  <div class='ocr_page' id='page_1' title='image "/cluster/home/n/w/nwhite01/storage/ocr_20150623/28/hvd.32044052794351/239.png"; bbox 0 0 4086 6222; ppageno 0'>
   <div class='ocr_carea' id='block_1_1' title="bbox 245 348 363 407">
    <p class='ocr_par' dir='ltr' id='par_1_1' title="bbox 245 348 363 407">
     <span class='ocr_line' id='line_1_1' title="bbox 245 348 363 407; baseline 0 -1"><span class='ocrx_word' id='word_1_1' title='bbox 245 348 363 407; x_wconf 72' lang='grc'><strong>46⁵1</strong></span> 
     </span>
    </p>
   </div>
   <div class='ocr_carea' id='block_1_2' title="bbox 1413 346 2498 411">
    <p class='ocr_par' dir='ltr' id='par_1_2' title="bbox 1413 346 2498 411">
     <span class='ocr_line' id='line_1_2' title="bbox 1413 346 2498 411; baseline 0 -5"><span class='ocrx_word' id='word_1_2' title='bbox 1413 348 1475 407; x_wconf 91' lang='lat' dir='ltr'><strong>S.</strong></span> <span class='ocrx_word' id='word_1_3' title='bbox 1527 349 2053 411; x_wconf 83' lang='lat' dir='ltr'><strong>ATHANASIUS.</strong></span> <span class='ocrx_word' id='word_1_4' title='bbox 2088 380 2163 391; x_wconf 91' lang='lat'><strong>—-</strong></span> <span class='ocrx_word' id='word_1_5' title='bbox 2191 346 2498 409; x_wconf 81' lang='lat' dir='ltr'><strong>SPURIA.</strong></span> 
     </span>
    </p>
   </div>
   <div class='ocr_carea' id='block_1_3' title="bbox 3544 348 3666 408">
    <p class='ocr_par' dir='ltr' id='par_1_3' title="bbox 3544 348 3666 408">
     <span class='ocr_line' id='line_1_3' title="bbox 3544 348 3666 408; baseline 0 -1"><span class='ocrx_word' id='word_1_6' title='bbox 3544 348 3666 408; x_wconf 62' lang='lat'><strong>468</strong></span> 
     </span>
    </p>
   </div>
   <div class='ocr_carea' id='block_1_4' title="bbox 251 476 1907 555">
    <p class='ocr_par' dir='ltr' id='par_1_4' title="bbox 251 480 1902 552">
     <span class='ocr_line' id='line_1_4' title="bbox 251 480 1902 552; baseline 0 -18"><span class='ocrx_word' id='word_1_7' title='bbox 251 480 484 535; x_wconf 76' lang='lat' dir='ltr'><strong>nilum?</strong></span> <span class='ocrx_word' id='word_1_8' title='bbox 512 481 604 536; x_wconf 83' lang='lat' dir='ltr'><strong>Ar.</strong></span> <span class='ocrx_word' id='word_1_9' title='bbox 642 481 812 537; x_wconf 80' lang='lat' dir='ltr'>Recte</span> <span class='ocrx_word' id='word_1_10' title='bbox 842 498 903 537; x_wconf 90' lang='lat' dir='ltr'><strong>se</strong></span> <span class='ocrx_word' id='word_1_11' title='bbox 933 481 1109 537; x_wconf 81' lang='lat' dir='ltr'><strong>habet</strong></span> <span class='ocrx_word' id='word_1_12' title='bbox 1157 498 1261 537; x_wconf 84' lang='lat' dir='ltr'><strong>vox</strong></span> <span class='ocrx_word' id='word_1_13' title='bbox 1308 484 1607 551; x_wconf 72' lang='lat' dir='ltr'><strong>ingenitus.</strong></span> <span class='ocrx_word' id='word_1_14' title='bbox 1645 481 1761 535; x_wconf 88' lang='lat' dir='ltr'><strong>Erit</strong></span> <span class='ocrx_word' id='word_1_15' title='bbox 1793 481 1902 552; x_wconf 87' lang='lat' dir='ltr'><strong>igi-</strong></span> 
     </span>
    </p>
   </div>
   <div class='ocr_carea' id='block_1_5' title="bbox 2020 476 3663 555">
    <p class='ocr_par' dir='ltr' id='par_1_5' title="bbox 2020 476 3663 555">
     <span class='ocr_line' id='line_1_5' title="bbox 2020 476 3663 555; baseline 0 -23"><span class='ocrx_word' id='word_1_16' title='bbox 2020 478 2141 555; x_wconf 79' lang='grc' dir='ltr'>περὶ</span> <span class='ocrx_word' id='word_1_17' title='bbox 2189 483 2289 532; x_wconf 89' lang='grc' dir='ltr'><strong>τοῦ</strong></span> <span class='ocrx_word' id='word_1_18' title='bbox 2340 476 2571 551; x_wconf 82' lang='grc' dir='ltr'>μηδέπω</span> <span class='ocrx_word' id='word_1_19' title='bbox 2620 480 2990 554; x_wconf 70' lang='grc' dir='ltr'><strong>γεννηθέντος,</strong></span> <span class='ocrx_word' id='word_1_20' title='bbox 3044 478 3300 555; x_wconf 88' lang='grc' dir='ltr'>γεννητὸν</span> <span class='ocrx_word' id='word_1_21' title='bbox 3342 479 3376 548; x_wconf 78' lang='grc' dir='ltr'>ἣ</span> <span class='ocrx_word' id='word_1_22' title='bbox 3434 476 3663 553; x_wconf 76' lang='grc' dir='ltr'>ἀγέννη-</span> 
     </span>
    </p>
   </div>
   <div class='ocr_carea' id='block_1_6' title="bbox 250 570 1902 644">
    <p class='ocr_par' dir='ltr' id='par_1_6' title="bbox 250 570 1902 644">
     <span class='ocr_line' id='line_1_6' title="bbox 250 570 1902 644; baseline 0.002 -22"><span class='ocrx_word' id='word_1_23' title='bbox 250 574 348 623; x_wconf 91' lang='lat' dir='ltr'><strong>tur</strong></span> <span class='ocrx_word' id='word_1_24' title='bbox 388 570 555 625; x_wconf 90' lang='lat' dir='ltr'><strong>Pater</strong></span> <span class='ocrx_word' id='word_1_25' title='bbox 602 570 841 641; x_wconf 88' lang='lat' dir='ltr'><strong>quidem</strong></span> <span class='ocrx_word' id='word_1_26' title='bbox 887 570 1204 644; x_wconf 89' lang='lat' dir='ltr'><strong>ingenitus,</strong></span> <span class='ocrx_word' id='word_1_27' title='bbox 1240 570 1420 628; x_wconf 89' lang='lat' dir='ltr'><strong>Filius</strong></span> <span class='ocrx_word' id='word_1_28' title='bbox 1468 587 1600 625; x_wconf 90' lang='lat' dir='ltr'><strong>vero</strong></span> <span class='ocrx_word' id='word_1_29' title='bbox 1649 570 1902 643; x_wconf 89' lang='lat' dir='ltr'><strong>genitus,</strong></span> 
     </span>
    </p>
   </div>
   <div class='ocr_carea' id='block_1_7' title="bbox 250 657 1906 723">
    <p class='ocr_par' dir='ltr' id='par_1_7' title="bbox 250 657 1906 723">
     <span class='ocr_line' id='line_1_7' title="bbox 250 657 1906 723; baseline 0.002 -10"><span class='ocrx_word' id='word_1_30' title='bbox 250 660 371 713; x_wconf 80' lang='lat' dir='ltr'><strong>Ath.</strong></span> <span class='ocrx_word' id='word_1_31' title='bbox 434 657 579 723; x_wconf 83' lang='lat' dir='ltr'><strong>Quid</strong></span> <span class='ocrx_word' id='word_1_32' title='bbox 641 658 776 715; x_wconf 89' lang='lat' dir='ltr'><strong>inde</strong></span> <span class='ocrx_word' id='word_1_33' title='bbox 832 660 918 716; x_wconf 86' lang='lat' dir='ltr'><strong>vis</strong></span> <span class='ocrx_word' id='word_1_34' title='bbox 976 658 1380 716; x_wconf 83' lang='lat' dir='ltr'><strong>concludere?</strong></span> <span class='ocrx_word' id='word_1_35' title='bbox 1438 661 1529 715; x_wconf 82' lang='lat' dir='ltr'><strong>Ar.</strong></span> <span class='ocrx_word' id='word_1_36' title='bbox 1588 660 1906 716; x_wconf 86' lang='lat' dir='ltr'><strong>Genitusne</strong></span> 
     </span>
    </p>
   </div>
   <div class='ocr_carea' id='block_1_8' title="bbox 251 747 1906 813">
    <p class='ocr_par' dir='ltr' id='par_1_8' title="bbox 251 747 1906 813">
     <span class='ocr_line' id='line_1_8' title="bbox 251 747 1906 813; baseline 0.002 -11"><span class='ocrx_word' id='word_1_37' title='bbox 251 752 340 802; x_wconf 88' lang='lat' dir='ltr'><strong>est</strong></span> <span class='ocrx_word' id='word_1_38' title='bbox 394 747 597 813; x_wconf 88' lang='lat' dir='ltr'><strong>Filius,</strong></span> <span class='ocrx_word' id='word_1_39' title='bbox 654 766 725 803; x_wconf 90' lang='lat' dir='ltr'><strong>an</strong></span> <span class='ocrx_word' id='word_1_40' title='bbox 779 750 942 805; x_wconf 85' lang='lat' dir='ltr'><strong>non?</strong></span> <span class='ocrx_word' id='word_1_41' title='bbox 995 749 1119 805; x_wconf 80' lang='lat' dir='ltr'><strong>Ath.</strong></span> <span class='ocrx_word' id='word_1_42' title='bbox 1154 748 1399 805; x_wconf 89' lang='lat' dir='ltr'><strong>Genitus</strong></span> <span class='ocrx_word' id='word_1_43' title='bbox 1447 754 1554 804; x_wconf 90' lang='lat' dir='ltr'><strong>est.</strong></span> <span class='ocrx_word' id='word_1_44' title='bbox 1604 750 1695 805; x_wconf 83' lang='lat' dir='ltr'><strong>Ar.</strong></span> <span class='ocrx_word' id='word_1_45' title='bbox 1730 750 1906 806; x_wconf 82' lang='lat' dir='ltr'><strong>Vides</strong></span> 
     </span>
    </p>
   </div>
   <div class='ocr_carea' id='block_1_9' title="bbox 250 837 1907 911">
    <p class='ocr_par' dir='ltr' id='par_1_9' title="bbox 250 837 1907 911">
     <span class='ocr_line' id='line_1_9' title="bbox 250 837 1907 911; baseline 0.001 -20"><span class='ocrx_word' id='word_1_46' title='bbox 250 852 385 891; x_wconf 88' lang='lat' dir='ltr'><strong>eum</strong></span> <span class='ocrx_word' id='word_1_47' title='bbox 420 853 535 892; x_wconf 90' lang='lat' dir='ltr'><strong>non</strong></span> <span class='ocrx_word' id='word_1_48' title='bbox 571 837 752 893; x_wconf 78' lang='lat' dir='ltr'><strong>fuisse</strong></span> <span class='ocrx_word' id='word_1_49' title='bbox 797 843 1113 909; x_wconf 81' lang='lat' dir='ltr'><strong>antequam</strong></span> <span class='ocrx_word' id='word_1_50' title='bbox 1160 842 1314 895; x_wconf 83' lang='lat' dir='ltr'><strong>esset</strong></span> <span class='ocrx_word' id='word_1_51' title='bbox 1359 837 1589 911; x_wconf 71' lang='lat' dir='ltr'><strong>genitus</strong></span> <span class='ocrx_word' id='word_1_52' title='bbox 1625 856 1637 894; x_wconf 93' lang='lat'><strong>:</strong></span> <span class='ocrx_word' id='word_1_53' title='bbox 1672 855 1805 894; x_wconf 91' lang='lat' dir='ltr'><strong>nam</strong></span> <span class='ocrx_word' id='word_1_54' title='bbox 1856 838 1907 894; x_wconf 86' lang='lat' dir='ltr'><strong>si</strong></span> 
     </span>
    </p>
   </div>
   <div class='ocr_carea' id='block_1_10' title="bbox 254 926 1909 999">
    <p class='ocr_par' dir='ltr' id='par_1_10' title="bbox 254 926 1909 999">
     <span class='ocr_line' id='line_1_10' title="bbox 254 926 1909 999; baseline 0.002 -20"><span class='ocrx_word' id='word_1_55' title='bbox 254 926 435 981; x_wconf 77' lang='lat' dir='ltr'><strong>fuisse</strong></span> <span class='ocrx_word' id='word_1_56' title='bbox 468 927 576 998; x_wconf 86' lang='lat' dir='ltr'><strong>ais,</strong></span> <span class='ocrx_word' id='word_1_57' title='bbox 610 928 718 982; x_wconf 89' lang='lat' dir='ltr'><strong>erit</strong></span> <span class='ocrx_word' id='word_1_58' title='bbox 760 928 1080 982; x_wconf 87' lang='lat' dir='ltr'><strong>secundum</strong></span> <span class='ocrx_word' id='word_1_59' title='bbox 1115 932 1169 983; x_wconf 89' lang='lat' dir='ltr'><strong>te</strong></span> <span class='ocrx_word' id='word_1_60' title='bbox 1202 927 1520 999; x_wconf 88' lang='lat' dir='ltr'><strong>ingenitus.</strong></span> <span class='ocrx_word' id='word_1_61' title='bbox 1555 926 1715 991; x_wconf 89' lang='lat' dir='ltr'><strong>Quod</strong></span> <span class='ocrx_word' id='word_1_62' title='bbox 1748 928 1793 984; x_wconf 89' lang='lat' dir='ltr'><strong>si</strong></span> <span class='ocrx_word' id='word_1_63' title='bbox 1828 928 1909 982; x_wconf 90' lang='lat' dir='ltr'><strong>ita</strong></span> 
     </span>
    </p>
   </div>
   <div class='ocr_carea' id='block_1_11' title="bbox 251 1016 1907 1089">
    <p class='ocr_par' dir='ltr' id='par_1_11' title="bbox 251 1016 1907 1089">
     <span class='ocr_line' id='line_1_11' title="bbox 251 1016 1907 1089; baseline 0 -16"><span class='ocrx_word' id='word_1_64' title='bbox 251 1022 362 1083; x_wconf 86' lang='lat' dir='ltr'><strong>est,</strong></span> <span class='ocrx_word' id='word_1_65' title='bbox 419 1016 602 1072; x_wconf 88' lang='lat' dir='ltr'><strong>Filius</strong></span> <span class='ocrx_word' id='word_1_66' title='bbox 657 1034 771 1073; x_wconf 91' lang='lat' dir='ltr'><strong>non</strong></span> <span class='ocrx_word' id='word_1_67' title='bbox 824 1018 936 1073; x_wconf 88' lang='lat' dir='ltr'><strong>erit</strong></span> <span class='ocrx_word' id='word_1_68' title='bbox 988 1016 1245 1089; x_wconf 87' lang='lat' dir='ltr'><strong>genitus.</strong></span> <span class='ocrx_word' id='word_1_69' title='bbox 1288 1017 1409 1073; x_wconf 77' lang='grc' dir='ltr'>ΑιΙι.</span> <span class='ocrx_word' id='word_1_70' title='bbox 1456 1018 1605 1073; x_wconf 88' lang='lat' dir='ltr'><strong>Deus</strong></span> <span class='ocrx_word' id='word_1_71' title='bbox 1653 1016 1907 1073; x_wconf 89' lang='lat' dir='ltr'><strong>simulne</strong></span> 
     </span>
    </p>
   </div>
   <div class='ocr_carea' id='block_1_12' title="bbox 171 1105 1911 1179">
    <p class='ocr_par' dir='ltr' id='par_1_12' title="bbox 171 1105 1911 1179">
     <span class='ocr_line' id='line_1_12' title="bbox 171 1105 1911 1179; baseline -0.001 -16"><span class='ocrx_word' id='word_1_72' title='bbox 171 1151 191 1172; x_wconf 81' lang='lat'><strong>,</strong></span> <span class='ocrx_word' id='word_1_73' title='bbox 253 1108 424 1163; x_wconf 85' lang='lat' dir='ltr'><strong>Pater</strong></span> <span class='ocrx_word' id='word_1_74' title='bbox 453 1109 564 1177; x_wconf 90' lang='lat' dir='ltr'><strong>est,</strong></span> <span class='ocrx_word' id='word_1_75' title='bbox 593 1123 666 1162; x_wconf 91' lang='lat' dir='ltr'><strong>an</strong></span> <span class='ocrx_word' id='word_1_76' title='bbox 698 1105 858 1161; x_wconf 82' lang='lat' dir='ltr'><strong>non?</strong></span> <span class='ocrx_word' id='word_1_77' title='bbox 880 1107 972 1161; x_wconf 84' lang='lat' dir='ltr'><strong>Ar.</strong></span> <span class='ocrx_word' id='word_1_78' title='bbox 999 1106 1262 1163; x_wconf 76' lang='lat' dir='ltr'><strong>Potentia</strong></span> <span class='ocrx_word' id='word_1_79' title='bbox 1292 1105 1526 1178; x_wconf 87' lang='lat' dir='ltr'><strong>quidem</strong></span> <span class='ocrx_word' id='word_1_80' title='bbox 1560 1123 1793 1179; x_wconf 80' lang='lat' dir='ltr'><strong>semper</strong></span> <span class='ocrx_word' id='word_1_81' title='bbox 1820 1110 1911 1163; x_wconf 88' lang='lat' dir='ltr'><strong>est</strong></span> 
     </span>
    </p>
   </div>
   <div class='ocr_carea' id='block_1_13' title="bbox 258 1196 1209 1265">
    <p class='ocr_par' dir='ltr' id='par_1_13' title="bbox 258 1196 1209 1265">
     <span class='ocr_line' id='line_1_13' title="bbox 258 1196 1209 1265; baseline -0.002 -16"><span class='ocrx_word' id='word_1_82' title='bbox 258 1196 447 1263; x_wconf 86' lang='lat' dir='ltr'><strong>Pater,</strong></span> <span class='ocrx_word' id='word_1_83' title='bbox 481 1196 614 1249; x_wconf 89' lang='lat' dir='ltr'><strong>actu</strong></span> <span class='ocrx_word' id='word_1_84' title='bbox 646 1210 777 1250; x_wconf 90' lang='lat' dir='ltr'><strong>vero</strong></span> <span class='ocrx_word' id='word_1_85' title='bbox 810 1210 925 1249; x_wconf 90' lang='lat' dir='ltr'><strong>non</strong></span> <span class='ocrx_word' id='word_1_86' title='bbox 957 1209 1209 1265; x_wconf 79' lang='lat' dir='ltr'><strong>semper.</strong></span> 
     </span>
    </p>
   </div>
   <div class='ocr_carea' id='block_1_14' title="bbox 321 1460 1906 1532">
    <p class='ocr_par' dir='ltr' id='par_1_14' title="bbox 321 1460 1906 1532">
     <span class='ocr_line' id='line_1_14' title="bbox 321 1460 1906 1532; baseline -0.002 -14"><span class='ocrx_word' id='word_1_87' title='bbox 321 1464 412 1518; x_wconf 75' lang='grc'><strong>24.</strong></span> <span class='ocrx_word' id='word_1_88' title='bbox 444 1462 571 1517; x_wconf 81' lang='lat' dir='ltr'><strong>Ath.</strong></span> <span class='ocrx_word' id='word_1_89' title='bbox 600 1462 684 1517; x_wconf 85' lang='lat' dir='ltr'><strong>An</strong></span> <span class='ocrx_word' id='word_1_90' title='bbox 718 1462 978 1517; x_wconf 89' lang='lat' dir='ltr'><strong>mundus</strong></span> <span class='ocrx_word' id='word_1_91' title='bbox 1025 1461 1280 1532; x_wconf 89' lang='lat' dir='ltr'><strong>potentia</strong></span> <span class='ocrx_word' id='word_1_92' title='bbox 1328 1464 1451 1517; x_wconf 89' lang='lat' dir='ltr'><strong>erat</strong></span> <span class='ocrx_word' id='word_1_93' title='bbox 1498 1460 1724 1516; x_wconf 81' lang='lat' dir='ltr'><strong>inﬁnite</strong></span> <span class='ocrx_word' id='word_1_94' title='bbox 1754 1461 1906 1532; x_wconf 89' lang='lat' dir='ltr'><strong>apud</strong></span> 
     </span>
    </p>
   </div>
   <div class='ocr_carea' id='block_1_15' title="bbox 251 1550 1906 1623">
    <p class='ocr_par' dir='ltr' id='par_1_15' title="bbox 251 1550 1906 1623">
     <span class='ocr_line' id='line_1_15' title="bbox 251 1550 1906 1623; baseline -0.002 -15"><span class='ocrx_word' id='word_1_95' title='bbox 251 1554 459 1619; x_wconf 91' lang='lat' dir='ltr'><strong>Deum,</strong></span> <span class='ocrx_word' id='word_1_96' title='bbox 494 1550 580 1606; x_wconf 89' lang='lat' dir='ltr'><strong>vel</strong></span> <span class='ocrx_word' id='word_1_97' title='bbox 634 1551 794 1607; x_wconf 86' lang='lat' dir='ltr'><strong>non?</strong></span> <span class='ocrx_word' id='word_1_98' title='bbox 825 1553 918 1608; x_wconf 85' lang='lat' dir='ltr'><strong>Ar.</strong></span> <span class='ocrx_word' id='word_1_99' title='bbox 972 1551 1056 1607; x_wconf 88' lang='lat' dir='ltr'><strong>Ita</strong></span> <span class='ocrx_word' id='word_1_100' title='bbox 1103 1556 1211 1607; x_wconf 84' lang='lat' dir='ltr'><strong>est.</strong></span> <span class='ocrx_word' id='word_1_101' title='bbox 1246 1551 1373 1607; x_wconf 80' lang='lat' dir='ltr'><strong>Ath.</strong></span> <span class='ocrx_word' id='word_1_102' title='bbox 1408 1552 1590 1623; x_wconf 78' lang='lat' dir='ltr'><strong>Igitur</strong></span> <span class='ocrx_word' id='word_1_103' title='bbox 1619 1552 1906 1623; x_wconf 79' lang='lat' dir='ltr'><strong>quemad-</strong></span> 
     </span>
    </p>
   </div>
   <div class='ocr_carea' id='block_1_16' title="bbox 252 1639 1909 1707">
    <p class='ocr_par' dir='ltr' id='par_1_16' title="bbox 252 1639 1909 1707">
     <span class='ocr_line' id='line_1_16' title="bbox 252 1639 1909 1707; baseline -0.001 -10"><span class='ocrx_word' id='word_1_104' title='bbox 252 1641 495 1697; x_wconf 85' lang='lat' dir='ltr'><strong>modum</strong></span> <span class='ocrx_word' id='word_1_105' title='bbox 523 1640 809 1695; x_wconf 89' lang='lat' dir='ltr'><strong>mundum</strong></span> <span class='ocrx_word' id='word_1_106' title='bbox 839 1640 994 1696; x_wconf 82' lang='lat' dir='ltr'><strong>Deus</strong></span> <span class='ocrx_word' id='word_1_107' title='bbox 1020 1639 1314 1696; x_wconf 83' lang='lat' dir='ltr'><strong>voluntate</strong></span> <span class='ocrx_word' id='word_1_108' title='bbox 1346 1644 1435 1696; x_wconf 89' lang='lat' dir='ltr'><strong>est</strong></span> <span class='ocrx_word' id='word_1_109' title='bbox 1466 1639 1800 1707; x_wconf 86' lang='lat' dir='ltr'><strong>fabricatus,</strong></span> <span class='ocrx_word' id='word_1_110' title='bbox 1825 1639 1909 1695; x_wconf 90' lang='lat' dir='ltr'><strong>sic</strong></span> 
     </span>
    </p>
   </div>
   <div class='ocr_carea' id='block_1_17' title="bbox 250 1729 1910 1787">
    <p class='ocr_par' dir='ltr' id='par_1_17' title="bbox 250 1729 1910 1787">
     <span class='ocr_line' id='line_1_17' title="bbox 250 1729 1910 1787; baseline -0.002 0"><span class='ocrx_word' id='word_1_111' title='bbox 250 1737 305 1787; x_wconf 87' lang='lat' dir='ltr'><strong>et</strong></span> <span class='ocrx_word' id='word_1_112' title='bbox 329 1730 541 1785; x_wconf 83' lang='lat' dir='ltr'><strong>Filium</strong></span> <span class='ocrx_word' id='word_1_113' title='bbox 566 1731 894 1786; x_wconf 86' lang='lat' dir='ltr'><strong>secundum</strong></span> <span class='ocrx_word' id='word_1_114' title='bbox 920 1734 973 1784; x_wconf 86' lang='lat' dir='ltr'><strong>te</strong></span> <span class='ocrx_word' id='word_1_115' title='bbox 1002 1729 1322 1785; x_wconf 82' lang='lat' dir='ltr'><strong>fabricatus</strong></span> <span class='ocrx_word' id='word_1_116' title='bbox 1346 1734 1452 1785; x_wconf 86' lang='lat' dir='ltr'><strong>est.</strong></span> <span class='ocrx_word' id='word_1_117' title='bbox 1482 1730 1574 1785; x_wconf 85' lang='lat' dir='ltr'><strong>Ar.</strong></span> <span class='ocrx_word' id='word_1_118' title='bbox 1599 1729 1722 1784; x_wconf 87' lang='lat' dir='ltr'><strong>Non</strong></span> <span class='ocrx_word' id='word_1_119' title='bbox 1756 1730 1910 1784; x_wconf 88' lang='lat' dir='ltr'><strong>sicut</strong></span> 
     </span>
    </p>
   </div>
   <div class='ocr_carea' id='block_1_18' title="bbox 2014 563 3663 644">
    <p class='ocr_par' dir='ltr' id='par_1_18' title="bbox 2014 563 3663 644">
     <span class='ocr_line' id='line_1_18' title="bbox 2014 563 3663 644; baseline 0.019 -23"><span class='ocrx_word' id='word_1_120' title='bbox 2014 588 2145 638; x_wconf 86' lang='grc' dir='ltr'>τον;</span> <span class='ocrx_word' id='word_1_121' title='bbox 2203 574 2331 643; x_wconf 78' lang='lat' dir='ltr'><strong>&quot;AP.</strong></span> <span class='ocrx_word' id='word_1_122' title='bbox 2386 569 2554 623; x_wconf 72' lang='grc' dir='ltr'><strong>εἶπεν⁸</strong></span> <span class='ocrx_word' id='word_1_123' title='bbox 2605 568 2811 643; x_wconf 67' lang='grc' dir='ltr'>Ὀρθῶς</span> <span class='ocrx_word' id='word_1_124' title='bbox 2875 563 3022 643; x_wconf 70' lang='grc' dir='ltr'>ἔχειν</span> <span class='ocrx_word' id='word_1_125' title='bbox 3070 568 3166 637; x_wconf 67' lang='grc' dir='ltr'><strong>τὴν</strong></span> <span class='ocrx_word' id='word_1_126' title='bbox 3203 566 3493 643; x_wconf 68' lang='grc' dir='ltr'>ἀγέννητοε</span> <span class='ocrx_word' id='word_1_127' title='bbox 3549 588 3663 644; x_wconf 42' lang='lat' dir='ltr'><strong>(Pw-</strong></span> 
     </span>
    </p>
   </div>
   <div class='ocr_carea' id='block_1_19' title="bbox 2012 653 3666 733">
    <p class='ocr_par' dir='ltr' id='par_1_19' title="bbox 2012 653 3666 733">
     <span class='ocr_line' id='line_1_19' title="bbox 2012 653 3666 733; baseline 0 -23"><span class='ocrx_word' id='word_1_128' title='bbox 2012 657 2129 728; x_wconf 76' lang='grc' dir='ltr'>νήν.</span> <span class='ocrx_word' id='word_1_129' title='bbox 2188 659 2373 712; x_wconf 83' lang='grc' dir='ltr'>Ἔσται</span> <span class='ocrx_word' id='word_1_130' title='bbox 2423 655 2513 711; x_wconf 73' lang='grc' dir='ltr'><strong>οὖν</strong></span> <span class='ocrx_word' id='word_1_131' title='bbox 2566 657 2594 710; x_wconf 91' lang='lat'><strong>6</strong></span> <span class='ocrx_word' id='word_1_132' title='bbox 2642 657 2736 730; x_wconf 74' lang='grc' dir='ltr'>μὶν</span> <span class='ocrx_word' id='word_1_133' title='bbox 2783 659 2967 733; x_wconf 69' lang='grc' dir='ltr'>Πατὴρ</span> <span class='ocrx_word' id='word_1_134' title='bbox 3021 658 3338 731; x_wconf 78' lang='grc' dir='ltr'>ἀγέννητὸς,</span> <span class='ocrx_word' id='word_1_135' title='bbox 3391 658 3419 711; x_wconf 98' lang='lat'><strong>6</strong></span> <span class='ocrx_word' id='word_1_136' title='bbox 3450 653 3507 710; x_wconf 74' lang='grc' dir='ltr'><strong>δὲ</strong></span> <span class='ocrx_word' id='word_1_137' title='bbox 3536 657 3666 717; x_wconf 72' lang='grc' dir='ltr'>Υἱὸς</span> 
     </span>
    </p>
   </div>
   <div class='ocr_carea' id='block_1_20' title="bbox 2014 743 3666 823">
    <p class='ocr_par' dir='ltr' id='par_1_20' title="bbox 2014 743 3666 823">
     <span class='ocr_line' id='line_1_20' title="bbox 2014 743 3666 823; baseline -0.001 -22"><span class='ocrx_word' id='word_1_138' title='bbox 2014 745 2292 823; x_wconf 82' lang='grc' dir='ltr'>γεννητός.</span> <span class='ocrx_word' id='word_1_139' title='bbox 2350 747 2468 802; x_wconf 83' lang='grc' dir='ltr'><strong>Ἀθ.</strong></span> <span class='ocrx_word' id='word_1_140' title='bbox 2528 748 2662 801; x_wconf 78' lang='grc' dir='ltr'>εἶπε·</span> <span class='ocrx_word' id='word_1_141' title='bbox 2718 749 2777 800; x_wconf 88' lang='grc' dir='ltr'>Τί</span> <span class='ocrx_word' id='word_1_142' title='bbox 2837 747 2928 800; x_wconf 80' lang='grc' dir='ltr'><strong>οὖν</strong></span> <span class='ocrx_word' id='word_1_143' title='bbox 2989 746 3166 808; x_wconf 86' lang='grc' dir='ltr'>θέλεις</span> <span class='ocrx_word' id='word_1_144' title='bbox 3226 750 3543 821; x_wconf 83' lang='grc' dir='ltr'><strong>συναγαγεῖν</strong></span> <span class='ocrx_word' id='word_1_145' title='bbox 3605 743 3666 799; x_wconf 81' lang='grc' dir='ltr'>ἐκ</span> 
     </span>
    </p>
   </div>
   <div class='ocr_carea' id='block_1_21' title="bbox 2013 831 3663 913">
    <p class='ocr_par' dir='ltr' id='par_1_21' title="bbox 2013 831 3663 913">
     <span class='ocr_line' id='line_1_21' title="bbox 2013 831 3663 913; baseline -0.002 -23"><span class='ocrx_word' id='word_1_146' title='bbox 2013 835 2245 906; x_wconf 78' lang='grc' dir='ltr'>τούτου;</span> <span class='ocrx_word' id='word_1_147' title='bbox 2299 838 2424 911; x_wconf 78' lang='lat' dir='ltr'><strong>&quot;Ap.</strong></span> <span class='ocrx_word' id='word_1_148' title='bbox 2484 836 2644 891; x_wconf 76' lang='grc' dir='ltr'>εἶπεν·</span> <span class='ocrx_word' id='word_1_149' title='bbox 2705 839 2760 889; x_wconf 82' lang='lat'><strong>&#39;0</strong></span> <span class='ocrx_word' id='word_1_150' title='bbox 2818 836 2941 897; x_wconf 78' lang='grc' dir='ltr'>Υἱὸς</span> <span class='ocrx_word' id='word_1_151' title='bbox 3001 835 3282 913; x_wconf 71' lang='grc' dir='ltr'>ἐγεννήθη,</span> <span class='ocrx_word' id='word_1_152' title='bbox 3334 834 3419 889; x_wconf 80' lang='grc' dir='ltr'><strong>ναὶ</strong></span> <span class='ocrx_word' id='word_1_153' title='bbox 3477 836 3511 904; x_wconf 82' lang='grc' dir='ltr'>ἣ</span> <span class='ocrx_word' id='word_1_154' title='bbox 3557 831 3663 903; x_wconf 68' lang='lat' dir='ltr'><strong>cii;</strong></span> 
     </span>
    </p>
   </div>
   <div class='ocr_carea' id='block_1_22' title="bbox 2014 921 3666 1001">
    <p class='ocr_par' dir='ltr' id='par_1_22' title="bbox 2014 921 3666 1001">
     <span class='ocr_line' id='line_1_22' title="bbox 2014 921 3666 1001; baseline -0.004 -19"><span class='ocrx_word' id='word_1_155' title='bbox 2014 926 2129 982; x_wconf 87' lang='grc' dir='ltr'>Ἀθ.</span> <span class='ocrx_word' id='word_1_156' title='bbox 2208 926 2373 979; x_wconf 79' lang='grc' dir='ltr'>εἶπεν·</span> <span class='ocrx_word' id='word_1_157' title='bbox 2456 926 2768 1001; x_wconf 69' lang='grc' dir='ltr'>Ἐγεννήθη.</span> <span class='ocrx_word' id='word_1_158' title='bbox 2852 927 2978 998; x_wconf 84' lang='grc' dir='ltr'>Ἀρ.</span> <span class='ocrx_word' id='word_1_159' title='bbox 3059 926 3226 979; x_wconf 80' lang='grc' dir='ltr'>εἴπεν·</span> <span class='ocrx_word' id='word_1_160' title='bbox 3302 925 3482 996; x_wconf 79' lang='grc' dir='ltr'>Ὁρᾷς,</span> <span class='ocrx_word' id='word_1_161' title='bbox 3554 921 3666 992; x_wconf 76' lang='grc' dir='ltr'>ὅτι,</span> 
     </span>
    </p>
   </div>
   <div class='ocr_carea' id='block_1_23' title="bbox 2015 1009 3669 1090">
    <p class='ocr_par' dir='ltr' id='par_1_23' title="bbox 2015 1009 3669 1090">
     <span class='ocr_line' id='line_1_23' title="bbox 2015 1009 3669 1090; baseline -0.002 -22"><span class='ocrx_word' id='word_1_162' title='bbox 2015 1013 2140 1088; x_wconf 71' lang='grc' dir='ltr'>πρὶν</span> <span class='ocrx_word' id='word_1_163' title='bbox 2190 1015 2223 1082; x_wconf 78' lang='grc' dir='ltr'>ἢ</span> <span class='ocrx_word' id='word_1_164' title='bbox 2269 1015 2618 1090; x_wconf 76' lang='grc' dir='ltr'><strong>γεννηθῆναι,</strong></span> <span class='ocrx_word' id='word_1_165' title='bbox 2660 1014 2758 1070; x_wconf 74' lang='grc' dir='ltr'>οὐκ</span> <span class='ocrx_word' id='word_1_166' title='bbox 2787 1018 2873 1084; x_wconf 72' lang='grc' dir='ltr'><strong>ἦν’</strong></span> <span class='ocrx_word' id='word_1_167' title='bbox 2909 1014 2954 1070; x_wconf 78' lang='grc' dir='ltr'><strong>εἰ</strong></span> <span class='ocrx_word' id='word_1_168' title='bbox 2987 1012 3043 1069; x_wconf 78' lang='grc' dir='ltr'><strong>δὶ</strong></span> <span class='ocrx_word' id='word_1_169' title='bbox 3072 1014 3163 1083; x_wconf 80' lang='grc' dir='ltr'><strong>ἧν,</strong></span> <span class='ocrx_word' id='word_1_170' title='bbox 3200 1013 3491 1089; x_wconf 76' lang='grc' dir='ltr'>ἀγέννητὸς</span> <span class='ocrx_word' id='word_1_171' title='bbox 3518 1009 3669 1067; x_wconf 78' lang='grc' dir='ltr'>ἔσται</span> 
     </span>
    </p>
   </div>
   <div class='ocr_carea' id='block_1_24' title="bbox 2016 1100 3668 1178">
    <p class='ocr_par' dir='ltr' id='par_1_24' title="bbox 2016 1100 3668 1178">
     <span class='ocr_line' id='line_1_24' title="bbox 2016 1100 3668 1178; baseline -0.002 -20"><span class='ocrx_word' id='word_1_172' title='bbox 2016 1104 2150 1158; x_wconf 85' lang='grc' dir='ltr'><strong>κατά</strong></span> <span class='ocrx_word' id='word_1_173' title='bbox 2182 1102 2257 1160; x_wconf 89' lang='grc' dir='ltr'><strong>σέ.</strong></span> <span class='ocrx_word' id='word_1_174' title='bbox 2299 1103 2363 1159; x_wconf 79' lang='grc' dir='ltr'>Εἰ</span> <span class='ocrx_word' id='word_1_175' title='bbox 2414 1102 2471 1159; x_wconf 72' lang='grc' dir='ltr'><strong>δὲ</strong></span> <span class='ocrx_word' id='word_1_176' title='bbox 2514 1105 2663 1159; x_wconf 86' lang='grc' dir='ltr'>τοῦθ’</span> <span class='ocrx_word' id='word_1_177' title='bbox 2694 1103 2866 1165; x_wconf 59' lang='grc' dir='ltr'>οὕτως</span> <span class='ocrx_word' id='word_1_178' title='bbox 2910 1101 3047 1178; x_wconf 80' lang='grc' dir='ltr'>ἔχει,</span> <span class='ocrx_word' id='word_1_179' title='bbox 3083 1103 3181 1158; x_wconf 81' lang='grc' dir='ltr'>οὐκ</span> <span class='ocrx_word' id='word_1_180' title='bbox 3210 1100 3355 1157; x_wconf 83' lang='grc' dir='ltr'>ἔσται</span> <span class='ocrx_word' id='word_1_181' title='bbox 3412 1100 3668 1177; x_wconf 78' lang='grc' dir='ltr'>γεννητὸς</span> 
     </span>
    </p>
   </div>
   <div class='ocr_carea' id='block_1_25' title="bbox 2017 1189 3667 1265">
    <p class='ocr_par' dir='ltr' id='par_1_25' title="bbox 2017 1189 3667 1265">
     <span class='ocr_line' id='line_1_25' title="bbox 2017 1189 3667 1265; baseline -0.003 -18"><span class='ocrx_word' id='word_1_182' title='bbox 2017 1193 2045 1247; x_wconf 93' lang='lat'><strong>6</strong></span> <span class='ocrx_word' id='word_1_183' title='bbox 2104 1192 2250 1255; x_wconf 72' lang='grc' dir='ltr'>Υἱός.</span> <span class='ocrx_word' id='word_1_184' title='bbox 2312 1194 2430 1249; x_wconf 85' lang='grc' dir='ltr'>Ἀθ.</span> <span class='ocrx_word' id='word_1_185' title='bbox 2484 1194 2650 1247; x_wconf 79' lang='grc' dir='ltr'>εἶπεν·</span> <span class='ocrx_word' id='word_1_186' title='bbox 2703 1194 2763 1249; x_wconf 81' lang='grc' dir='ltr'>Ὁ</span> <span class='ocrx_word' id='word_1_187' title='bbox 2810 1193 2938 1254; x_wconf 84' lang='grc' dir='ltr'>Θεὸς</span> <span class='ocrx_word' id='word_1_188' title='bbox 2990 1192 3103 1265; x_wconf 72' lang='grc' dir='ltr'><strong>ἃμα</strong></span> <span class='ocrx_word' id='word_1_189' title='bbox 3150 1195 3338 1265; x_wconf 73' lang='grc' dir='ltr'>Πατήρ</span> <span class='ocrx_word' id='word_1_190' title='bbox 3388 1189 3519 1258; x_wconf 81' lang='grc' dir='ltr'>ἐστι,</span> <span class='ocrx_word' id='word_1_191' title='bbox 3579 1189 3667 1245; x_wconf 85' lang='grc' dir='ltr'><strong>ναὶ</strong></span> 
     </span>
    </p>
   </div>
   <div class='ocr_carea' id='block_1_26' title="bbox 2015 1278 3671 1357">
    <p class='ocr_par' dir='ltr' id='par_1_26' title="bbox 2015 1278 3671 1357">
     <span class='ocr_line' id='line_1_26' title="bbox 2015 1278 3671 1357; baseline -0.003 -20"><span class='ocrx_word' id='word_1_192' title='bbox 2015 1283 2049 1351; x_wconf 84' lang='grc' dir='ltr'>ἣ</span> <span class='ocrx_word' id='word_1_193' title='bbox 2085 1279 2184 1350; x_wconf 73' lang='grc' dir='ltr'>οὕς</span> <span class='ocrx_word' id='word_1_194' title='bbox 2244 1284 2372 1357; x_wconf 77' lang='lat' dir='ltr'><strong>&quot;Ap.</strong></span> <span class='ocrx_word' id='word_1_195' title='bbox 2429 1284 2566 1337; x_wconf 78' lang='grc' dir='ltr'>εἷπε·</span> <span class='ocrx_word' id='word_1_196' title='bbox 2620 1281 2855 1356; x_wconf 74' lang='grc' dir='ltr'>Λυνάμει</span> <span class='ocrx_word' id='word_1_197' title='bbox 2909 1282 3003 1355; x_wconf 74' lang='grc' dir='ltr'><strong>μὶν</strong></span> <span class='ocrx_word' id='word_1_198' title='bbox 3053 1282 3132 1337; x_wconf 76' lang='grc' dir='ltr'><strong>ἀεὶ</strong></span> <span class='ocrx_word' id='word_1_199' title='bbox 3183 1281 3393 1357; x_wconf 73' lang='grc' dir='ltr'>Πατὴρ,</span> <span class='ocrx_word' id='word_1_200' title='bbox 3427 1278 3671 1356; x_wconf 76' lang='grc' dir='ltr'>ἐνεργείᾳ</span> 
     </span>
    </p>
   </div>
   <div class='ocr_carea' id='block_1_27' title="bbox 2018 1367 2335 1428">
    <p class='ocr_par' dir='ltr' id='par_1_27' title="bbox 2018 1367 2335 1428">
     <span class='ocr_line' id='line_1_27' title="bbox 2018 1367 2335 1428; baseline 0.006 -3"><span class='ocrx_word' id='word_1_201' title='bbox 2018 1367 2075 1426; x_wconf 73' lang='grc' dir='ltr'><strong>δὲ</strong></span> <span class='ocrx_word' id='word_1_202' title='bbox 2106 1370 2205 1425; x_wconf 80' lang='grc' dir='ltr'>οὐκ</span> <span class='ocrx_word' id='word_1_203' title='bbox 2235 1371 2335 1428; x_wconf 86' lang='grc' dir='ltr'>ἀεί.</span> 
     </span>
    </p>
   </div>
   <div class='ocr_carea' id='block_1_28' title="bbox 2085 1459 3669 1535">
    <p class='ocr_par' dir='ltr' id='par_1_28' title="bbox 2085 1459 3669 1535">
     <span class='ocr_line' id='line_1_28' title="bbox 2085 1459 3669 1535; baseline -0.003 -19"><span class='ocrx_word' id='word_1_204' title='bbox 2085 1463 2175 1516; x_wconf 82' lang='grc'>24.</span> <span class='ocrx_word' id='word_1_205' title='bbox 2228 1462 2346 1518; x_wconf 83' lang='grc' dir='ltr'>Ἀθ.</span> <span class='ocrx_word' id='word_1_206' title='bbox 2410 1461 2580 1518; x_wconf 81' lang='grc' dir='ltr'>εἶπεν.</span> <span class='ocrx_word' id='word_1_207' title='bbox 2642 1461 2873 1533; x_wconf 78' lang='grc' dir='ltr'>Δυνάμει</span> <span class='ocrx_word' id='word_1_208' title='bbox 2932 1461 2998 1529; x_wconf 80' lang='grc' dir='ltr'><strong>ἧν</strong></span> <span class='ocrx_word' id='word_1_209' title='bbox 3051 1461 3078 1515; x_wconf 90' lang='lat'><strong>6</strong></span> <span class='ocrx_word' id='word_1_210' title='bbox 3128 1459 3333 1533; x_wconf 87' lang='grc' dir='ltr'>κόσμος</span> <span class='ocrx_word' id='word_1_211' title='bbox 3377 1460 3522 1535; x_wconf 86' lang='grc' dir='ltr'>παρὰ</span> <span class='ocrx_word' id='word_1_212' title='bbox 3550 1460 3669 1531; x_wconf 87' lang='grc' dir='ltr'><strong>Θεῷ</strong></span> 
     </span>
    </p>
   </div>
   <div class='ocr_carea' id='block_1_29' title="bbox 2016 1544 3665 1625">
    <p class='ocr_par' dir='ltr' id='par_1_29' title="bbox 2016 1544 3665 1625">
     <span class='ocr_line' id='line_1_29' title="bbox 2016 1544 3665 1625; baseline 0 -21"><span class='ocrx_word' id='word_1_213' title='bbox 2016 1548 2350 1625; x_wconf 75' lang='grc' dir='ltr'>ἀπεράντως,</span> <span class='ocrx_word' id='word_1_214' title='bbox 2383 1551 2468 1604; x_wconf 83' lang='grc' dir='ltr'><strong>ναὶ</strong></span> <span class='ocrx_word' id='word_1_215' title='bbox 2499 1552 2533 1620; x_wconf 79' lang='grc' dir='ltr'><strong>ἢ</strong></span> <span class='ocrx_word' id='word_1_216' title='bbox 2593 1550 2693 1619; x_wconf 81' lang='lat' dir='ltr'><strong>o6;</strong></span> <span class='ocrx_word' id='word_1_217' title='bbox 2749 1552 2874 1624; x_wconf 81' lang='grc' dir='ltr'><strong>Ἀρ.</strong></span> <span class='ocrx_word' id='word_1_218' title='bbox 2927 1552 3092 1605; x_wconf 68' lang='grc' dir='ltr'>εἶπεν*</span> <span class='ocrx_word' id='word_1_219' title='bbox 3148 1548 3338 1610; x_wconf 74' lang='grc' dir='ltr'>Οὕτως</span> <span class='ocrx_word' id='word_1_220' title='bbox 3370 1544 3507 1625; x_wconf 75' lang='grc' dir='ltr'>ἔχει.</span> <span class='ocrx_word' id='word_1_221' title='bbox 3542 1549 3665 1604; x_wconf 87' lang='grc' dir='ltr'>Ἀθ.</span> 
     </span>
    </p>
   </div>
   <div class='ocr_carea' id='block_1_30' title="bbox 2018 1636 3672 1715">
    <p class='ocr_par' dir='ltr' id='par_1_30' title="bbox 2018 1636 3672 1715">
     <span class='ocr_line' id='line_1_30' title="bbox 2018 1636 3672 1715; baseline -0.002 -21"><span class='ocrx_word' id='word_1_222' title='bbox 2018 1639 2183 1694; x_wconf 74' lang='grc' dir='ltr'>εἶπεν·</span> <span class='ocrx_word' id='word_1_223' title='bbox 2255 1637 2463 1696; x_wconf 74' lang='grc' dir='ltr'>Οὐκοῦν</span> <span class='ocrx_word' id='word_1_224' title='bbox 2513 1638 2694 1715; x_wconf 80' lang='grc' dir='ltr'>ὥσπερ</span> <span class='ocrx_word' id='word_1_225' title='bbox 2751 1636 3010 1715; x_wconf 71' lang='grc' dir='ltr'>βουλήσει</span> <span class='ocrx_word' id='word_1_226' title='bbox 3060 1639 3150 1693; x_wconf 90' lang='grc' dir='ltr'><strong>τὸν</strong></span> <span class='ocrx_word' id='word_1_227' title='bbox 3192 1636 3398 1710; x_wconf 82' lang='grc' dir='ltr'>κόσμον</span> <span class='ocrx_word' id='word_1_228' title='bbox 3451 1637 3672 1708; x_wconf 74' lang='grc' dir='ltr'>ἐτεκτή-</span> 
     </span>
    </p>
   </div>
   <div class='ocr_carea' id='block_1_31' title="bbox 2016 1726 3674 1800">
    <p class='ocr_par' dir='ltr' id='par_1_31' title="bbox 2016 1726 3674 1800">
     <span class='ocr_line' id='line_1_31' title="bbox 2016 1726 3674 1800; baseline 0 -19"><span class='ocrx_word' id='word_1_229' title='bbox 2016 1749 2143 1783; x_wconf 90' lang='grc' dir='ltr'>νατο</span> <span class='ocrx_word' id='word_1_230' title='bbox 2200 1729 2228 1782; x_wconf 98' lang='lat'><strong>6</strong></span> <span class='ocrx_word' id='word_1_231' title='bbox 2286 1728 2437 1800; x_wconf 89' lang='grc' dir='ltr'>Θεὸς,</span> <span class='ocrx_word' id='word_1_232' title='bbox 2485 1728 2659 1790; x_wconf 75' lang='grc' dir='ltr'>οὕτως</span> <span class='ocrx_word' id='word_1_233' title='bbox 2708 1728 2798 1782; x_wconf 81' lang='grc' dir='ltr'><strong>καὶ</strong></span> <span class='ocrx_word' id='word_1_234' title='bbox 2846 1729 2935 1783; x_wconf 84' lang='grc' dir='ltr'><strong>τὸν</strong></span> <span class='ocrx_word' id='word_1_235' title='bbox 2991 1728 3112 1783; x_wconf 74' lang='grc' dir='ltr'>Υίὸν</span> <span class='ocrx_word' id='word_1_236' title='bbox 3167 1726 3490 1797; x_wconf 68' lang='grc' dir='ltr'>ἐτεκτήνατο</span> <span class='ocrx_word' id='word_1_237' title='bbox 3535 1728 3674 1781; x_wconf 80' lang='grc' dir='ltr'><strong>κατὰ</strong></span> 
     </span>
    </p>
   </div>
   <div class='ocr_carea' id='block_1_32' title="bbox 254 1816 1907 1922">
    <p class='ocr_par' dir='ltr' id='par_1_32' title="bbox 254 1819 1907 1891">
     <span class='ocr_line' id='line_1_32' title="bbox 254 1819 1907 1891; baseline -0.001 -15"><span class='ocrx_word' id='word_1_238' title='bbox 254 1821 541 1876; x_wconf 89' lang='lat' dir='ltr'><strong>mundum</strong></span> <span class='ocrx_word' id='word_1_239' title='bbox 562 1835 724 1876; x_wconf 89' lang='lat' dir='ltr'><strong>:nam</strong></span> <span class='ocrx_word' id='word_1_240' title='bbox 746 1819 987 1874; x_wconf 89' lang='lat' dir='ltr'><strong>memini</strong></span> <span class='ocrx_word' id='word_1_241' title='bbox 1004 1836 1129 1889; x_wconf 75' lang='lat' dir='ltr'><strong>quae</strong></span> <span class='ocrx_word' id='word_1_242' title='bbox 1150 1819 1312 1891; x_wconf 89' lang='lat' dir='ltr'><strong>prius</strong></span> <span class='ocrx_word' id='word_1_243' title='bbox 1327 1819 1728 1875; x_wconf 84' lang='lat' dir='ltr'><strong>demonstrata</strong></span> <span class='ocrx_word' id='word_1_244' title='bbox 1745 1823 1907 1883; x_wconf 77' lang='lat' dir='ltr'><strong>sunt,</strong></span> 
     </span>
    </p>
   </div>
   <div class='ocr_carea' id='block_1_33' title="bbox 2020 1816 3673 1922">
    <p class='ocr_par' dir='ltr' id='par_1_33' title="bbox 2022 1816 3673 1893">
     <span class='ocr_line' id='line_1_33' title="bbox 2022 1816 3673 1893; baseline -0.001 -21"><span class='ocrx_word' id='word_1_245' title='bbox 2022 1816 2098 1875; x_wconf 77' lang='grc' dir='ltr'><strong>σέ.</strong></span> <span class='ocrx_word' id='word_1_246' title='bbox 2130 1823 2258 1889; x_wconf 82' lang='grc' dir='ltr'>”Αρ.</span> <span class='ocrx_word' id='word_1_247' title='bbox 2294 1818 2457 1872; x_wconf 80' lang='grc' dir='ltr'>εἶπεν·</span> <span class='ocrx_word' id='word_1_248' title='bbox 2517 1816 2641 1892; x_wconf 73' lang='grc' dir='ltr'><strong>Οὗχ</strong></span> <span class='ocrx_word' id='word_1_249' title='bbox 2689 1817 2762 1878; x_wconf 81' lang='grc' dir='ltr'><strong>ὡς</strong></span> <span class='ocrx_word' id='word_1_250' title='bbox 2822 1817 2912 1871; x_wconf 90' lang='grc' dir='ltr'><strong>τὸν</strong></span> <span class='ocrx_word' id='word_1_251' title='bbox 2957 1816 3185 1888; x_wconf 72' lang='grc' dir='ltr'>κόσμονο</span> <span class='ocrx_word' id='word_1_252' title='bbox 3241 1817 3525 1889; x_wconf 82' lang='grc' dir='ltr'>μέμνημαι</span> <span class='ocrx_word' id='word_1_253' title='bbox 3569 1816 3673 1893; x_wconf 76' lang='grc' dir='ltr'><strong>γὰρ</strong></span> 
     </span>
    </p>
   </div>
   <div class='ocr_carea' id='block_1_34' title="bbox 250 1908 1912 1965">
    <p class='ocr_par' dir='ltr' id='par_1_34' title="bbox 250 1908 1912 1965">
     <span class='ocr_line' id='line_1_34' title="bbox 250 1908 1912 1965; baseline -0.001 0"><span class='ocrx_word' id='word_1_254' title='bbox 250 1915 325 1965; x_wconf 79' lang='lat' dir='ltr'><strong>At</strong></span> <span class='ocrx_word' id='word_1_255' title='bbox 352 1910 479 1965; x_wconf 88' lang='lat' dir='ltr'><strong>dico</strong></span> <span class='ocrx_word' id='word_1_256' title='bbox 506 1908 717 1965; x_wconf 87' lang='lat' dir='ltr'><strong>Filium</strong></span> <span class='ocrx_word' id='word_1_257' title='bbox 742 1908 1042 1964; x_wconf 84' lang='lat' dir='ltr'><strong>voluntate</strong></span> <span class='ocrx_word' id='word_1_258' title='bbox 1065 1908 1345 1964; x_wconf 76' lang='lat' dir='ltr'><strong>habuisse</strong></span> <span class='ocrx_word' id='word_1_259' title='bbox 1369 1912 1503 1963; x_wconf 89' lang='lat' dir='ltr'><strong>ante</strong></span> <span class='ocrx_word' id='word_1_260' title='bbox 1526 1908 1736 1963; x_wconf 69' lang='lat' dir='ltr'><strong>saecula</strong></span> <span class='ocrx_word' id='word_1_261' title='bbox 1758 1926 1771 1964; x_wconf 92' lang='lat'><strong>:</strong></span> <span class='ocrx_word' id='word_1_262' title='bbox 1796 1909 1912 1964; x_wconf 81' lang='lat' dir='ltr'><strong>exi-</strong></span> 
     </span>
    </p>
   </div>
   <div class='ocr_carea' id='block_1_35' title="bbox 251 1996 1910 2072">
    <p class='ocr_par' dir='ltr' id='par_1_35' title="bbox 251 1996 1910 2072">
     <span class='ocr_line' id='line_1_35' title="bbox 251 1996 1910 2072; baseline -0.001 -18"><span class='ocrx_word' id='word_1_263' title='bbox 251 2016 435 2072; x_wconf 89' lang='lat' dir='ltr'><strong>guum</strong></span> <span class='ocrx_word' id='word_1_264' title='bbox 463 2014 594 2053; x_wconf 88' lang='lat' dir='ltr'><strong>vero</strong></span> <span class='ocrx_word' id='word_1_265' title='bbox 616 1996 742 2053; x_wconf 85' lang='lat' dir='ltr'><strong>Filii</strong></span> <span class='ocrx_word' id='word_1_266' title='bbox 773 1996 1091 2070; x_wconf 83' lang='lat' dir='ltr'><strong>generandi</strong></span> <span class='ocrx_word' id='word_1_267' title='bbox 1114 2002 1309 2052; x_wconf 87' lang='lat' dir='ltr'><strong>statuo</strong></span> <span class='ocrx_word' id='word_1_268' title='bbox 1332 1997 1725 2064; x_wconf 80' lang='lat' dir='ltr'><strong>intervallum,</strong></span> <span class='ocrx_word' id='word_1_269' title='bbox 1746 2002 1810 2053; x_wconf 91' lang='lat' dir='ltr'><strong>ut</strong></span> <span class='ocrx_word' id='word_1_270' title='bbox 1833 1997 1910 2054; x_wconf 89' lang='lat' dir='ltr'><strong>sit</strong></span> 
     </span>
    </p>
   </div>
   <div class='ocr_carea' id='block_1_36' title="bbox 250 2088 1903 2161">
    <p class='ocr_par' dir='ltr' id='par_1_36' title="bbox 250 2088 1903 2161">
     <span class='ocr_line' id='line_1_36' title="bbox 250 2088 1903 2161; baseline 0 -17"><span class='ocrx_word' id='word_1_271' title='bbox 250 2089 504 2161; x_wconf 89' lang='lat' dir='ltr'><strong>genitus.</strong></span> <span class='ocrx_word' id='word_1_272' title='bbox 530 2088 652 2144; x_wconf 79' lang='lat' dir='ltr'><strong>Ath.</strong></span> <span class='ocrx_word' id='word_1_273' title='bbox 686 2090 937 2143; x_wconf 78' lang='lat' dir='ltr'><strong>Rectene</strong></span> <span class='ocrx_word' id='word_1_274' title='bbox 988 2104 1079 2143; x_wconf 89' lang='lat' dir='ltr'><strong>res</strong></span> <span class='ocrx_word' id='word_1_275' title='bbox 1130 2092 1219 2141; x_wconf 91' lang='lat' dir='ltr'><strong>est</strong></span> <span class='ocrx_word' id='word_1_276' title='bbox 1272 2088 1449 2142; x_wconf 90' lang='lat' dir='ltr'><strong>Deum</strong></span> <span class='ocrx_word' id='word_1_277' title='bbox 1492 2091 1722 2142; x_wconf 86' lang='lat' dir='ltr'><strong>Patrem</strong></span> <span class='ocrx_word' id='word_1_278' title='bbox 1755 2105 1903 2155; x_wconf 89' lang='lat' dir='ltr'><strong>esse,</strong></span> 
     </span>
    </p>
   </div>
   <div class='ocr_carea' id='block_1_37' title="bbox 255 2175 1908 2249">
    <p class='ocr_par' dir='ltr' id='par_1_37' title="bbox 255 2175 1908 2249">
     <span class='ocr_line' id='line_1_37' title="bbox 255 2175 1908 2249; baseline -0.001 -16"><span class='ocrx_word' id='word_1_279' title='bbox 255 2195 327 2233; x_wconf 85' lang='lat' dir='ltr'><strong>an</strong></span> <span class='ocrx_word' id='word_1_280' title='bbox 354 2176 781 2249; x_wconf 84' lang='lat' dir='ltr'><strong>vituperatione</strong></span> <span class='ocrx_word' id='word_1_281' title='bbox 812 2175 1027 2248; x_wconf 85' lang='lat' dir='ltr'><strong>digna?</strong></span> <span class='ocrx_word' id='word_1_282' title='bbox 1048 2178 1137 2230; x_wconf 80' lang='lat' dir='ltr'><strong>Ar.</strong></span> <span class='ocrx_word' id='word_1_283' title='bbox 1169 2176 1332 2231; x_wconf 86' lang='lat' dir='ltr'><strong>Absit</strong></span> <span class='ocrx_word' id='word_1_284' title='bbox 1360 2180 1424 2230; x_wconf 92' lang='lat' dir='ltr'><strong>ut</strong></span> <span class='ocrx_word' id='word_1_285' title='bbox 1444 2176 1559 2231; x_wconf 92' lang='lat' dir='ltr'><strong>Deo</strong></span> <span class='ocrx_word' id='word_1_286' title='bbox 1590 2176 1908 2249; x_wconf 82' lang='lat' dir='ltr'><strong>afﬁngatur</strong></span> 
     </span>
    </p>
   </div>
   <div class='ocr_carea' id='block_1_38' title="bbox 255 2266 1905 2340">
    <p class='ocr_par' dir='ltr' id='par_1_38' title="bbox 255 2266 1905 2340">
     <span class='ocr_line' id='line_1_38' title="bbox 255 2266 1905 2340; baseline -0.001 -17"><span class='ocrx_word' id='word_1_287' title='bbox 255 2267 478 2340; x_wconf 86' lang='lat' dir='ltr'><strong>aliquid</strong></span> <span class='ocrx_word' id='word_1_288' title='bbox 502 2266 928 2338; x_wconf 86' lang='lat' dir='ltr'><strong>vituperatione</strong></span> <span class='ocrx_word' id='word_1_289' title='bbox 949 2266 1220 2339; x_wconf 90' lang='lat' dir='ltr'><strong>dignum!</strong></span> <span class='ocrx_word' id='word_1_290' title='bbox 1250 2266 1346 2320; x_wconf 89' lang='lat' dir='ltr'><strong>sed</strong></span> <span class='ocrx_word' id='word_1_291' title='bbox 1373 2270 1529 2321; x_wconf 89' lang='lat' dir='ltr'><strong>recta</strong></span> <span class='ocrx_word' id='word_1_292' title='bbox 1552 2266 1790 2322; x_wconf 89' lang='lat' dir='ltr'><strong>omnino</strong></span> <span class='ocrx_word' id='word_1_293' title='bbox 1814 2284 1905 2323; x_wconf 83' lang='lat' dir='ltr'><strong>res</strong></span> 
     </span>
    </p>
   </div>
   <div class='ocr_carea' id='block_1_39' title="bbox 257 2355 1907 2427">
    <p class='ocr_par' dir='ltr' id='par_1_39' title="bbox 257 2355 1907 2427">
     <span class='ocr_line' id='line_1_39' title="bbox 257 2355 1907 2427; baseline 0 -16"><span class='ocrx_word' id='word_1_294' title='bbox 257 2361 346 2413; x_wconf 89' lang='lat' dir='ltr'><strong>est</strong></span> <span class='ocrx_word' id='word_1_295' title='bbox 378 2361 557 2411; x_wconf 86' lang='lat' dir='ltr'><strong>Deum</strong></span> <span class='ocrx_word' id='word_1_296' title='bbox 587 2371 717 2411; x_wconf 89' lang='lat' dir='ltr'><strong>esse</strong></span> <span class='ocrx_word' id='word_1_297' title='bbox 746 2355 997 2411; x_wconf 83' lang='lat' dir='ltr'><strong>Patrem.</strong></span> <span class='ocrx_word' id='word_1_298' title='bbox 1024 2355 1145 2411; x_wconf 78' lang='lat' dir='ltr'><strong>Ath.</strong></span> <span class='ocrx_word' id='word_1_299' title='bbox 1179 2355 1361 2427; x_wconf 85' lang='lat' dir='ltr'><strong>Igitur</strong></span> <span class='ocrx_word' id='word_1_300' title='bbox 1389 2372 1457 2409; x_wconf 81' lang='lat' dir='ltr'><strong>ex</strong></span> <span class='ocrx_word' id='word_1_301' title='bbox 1488 2358 1587 2409; x_wconf 90' lang='lat' dir='ltr'><strong>tua</strong></span> <span class='ocrx_word' id='word_1_302' title='bbox 1618 2356 1907 2411; x_wconf 86' lang='lat' dir='ltr'><strong>sententia</strong></span> 
     </span>
    </p>
   </div>
   <div class='ocr_carea' id='block_1_40' title="bbox 255 2443 1905 2516">
    <p class='ocr_par' dir='ltr' id='par_1_40' title="bbox 255 2443 1905 2516">
     <span class='ocr_line' id='line_1_40' title="bbox 255 2443 1905 2516; baseline -0.001 -15"><span class='ocrx_word' id='word_1_303' title='bbox 255 2447 410 2502; x_wconf 90' lang='lat' dir='ltr'><strong>Deus</strong></span> <span class='ocrx_word' id='word_1_304' title='bbox 442 2444 893 2501; x_wconf 90' lang='lat' dir='ltr'><strong>adeterioribus</strong></span> <span class='ocrx_word' id='word_1_305' title='bbox 951 2444 1007 2498; x_wconf 93' lang='lat' dir='ltr'><strong>in</strong></span> <span class='ocrx_word' id='word_1_306' title='bbox 1064 2443 1306 2500; x_wconf 88' lang='lat' dir='ltr'><strong>meliora</strong></span> <span class='ocrx_word' id='word_1_307' title='bbox 1361 2444 1624 2516; x_wconf 79' lang='lat' dir='ltr'><strong>profecit.</strong></span> <span class='ocrx_word' id='word_1_308' title='bbox 1656 2445 1799 2500; x_wconf 88' lang='lat' dir='ltr'><strong>Nam</strong></span> <span class='ocrx_word' id='word_1_309' title='bbox 1856 2445 1905 2500; x_wconf 89' lang='lat' dir='ltr'><strong>si</strong></span> 
     </span>
    </p>
   </div>
   <div class='ocr_carea' id='block_1_41' title="bbox 260 2532 1904 2606">
    <p class='ocr_par' dir='ltr' id='par_1_41' title="bbox 260 2532 1904 2606">
     <span class='ocr_line' id='line_1_41' title="bbox 260 2532 1904 2606; baseline -0.001 -15"><span class='ocrx_word' id='word_1_310' title='bbox 260 2552 391 2592; x_wconf 90' lang='lat' dir='ltr'><strong>cum</strong></span> <span class='ocrx_word' id='word_1_311' title='bbox 424 2536 591 2591; x_wconf 89' lang='lat' dir='ltr'><strong>Pater</strong></span> <span class='ocrx_word' id='word_1_312' title='bbox 620 2551 733 2589; x_wconf 93' lang='lat' dir='ltr'><strong>non</strong></span> <span class='ocrx_word' id='word_1_313' title='bbox 762 2537 938 2602; x_wconf 91' lang='lat' dir='ltr'><strong>esset,</strong></span> <span class='ocrx_word' id='word_1_314' title='bbox 962 2534 1151 2589; x_wconf 82' lang='lat' dir='ltr'><strong>factus</strong></span> <span class='ocrx_word' id='word_1_315' title='bbox 1194 2536 1283 2589; x_wconf 88' lang='lat' dir='ltr'><strong>est</strong></span> <span class='ocrx_word' id='word_1_316' title='bbox 1326 2536 1525 2605; x_wconf 90' lang='lat' dir='ltr'><strong>postea</strong></span> <span class='ocrx_word' id='word_1_317' title='bbox 1555 2532 1744 2600; x_wconf 81' lang='lat' dir='ltr'><strong>Pater,</strong></span> <span class='ocrx_word' id='word_1_318' title='bbox 1769 2551 1904 2606; x_wconf 85' lang='lat' dir='ltr'><strong>ergo</strong></span> 
     </span>
    </p>
   </div>
   <div class='ocr_carea' id='block_1_42' title="bbox 259 2623 1905 2688">
    <p class='ocr_par' dir='ltr' id='par_1_42' title="bbox 259 2623 1905 2688">
     <span class='ocr_line' id='line_1_42' title="bbox 259 2623 1905 2688; baseline -0.002 -7"><span class='ocrx_word' id='word_1_319' title='bbox 259 2643 293 2681; x_wconf 91' lang='lat' dir='ltr'><strong>a</strong></span> <span class='ocrx_word' id='word_1_320' title='bbox 324 2623 649 2680; x_wconf 89' lang='lat' dir='ltr'><strong>minoribus</strong></span> <span class='ocrx_word' id='word_1_321' title='bbox 674 2624 746 2678; x_wconf 91' lang='lat' dir='ltr'><strong>ad</strong></span> <span class='ocrx_word' id='word_1_322' title='bbox 780 2623 1035 2679; x_wconf 83' lang='lat' dir='ltr'><strong>maxima</strong></span> <span class='ocrx_word' id='word_1_323' title='bbox 1065 2627 1155 2679; x_wconf 89' lang='lat' dir='ltr'><strong>est</strong></span> <span class='ocrx_word' id='word_1_324' title='bbox 1184 2639 1521 2679; x_wconf 86' lang='lat' dir='ltr'><strong>conversus.</strong></span> <span class='ocrx_word' id='word_1_325' title='bbox 1546 2623 1706 2688; x_wconf 88' lang='lat' dir='ltr'><strong>Quod</strong></span> <span class='ocrx_word' id='word_1_326' title='bbox 1741 2623 1789 2678; x_wconf 94' lang='lat' dir='ltr'><strong>si</strong></span> <span class='ocrx_word' id='word_1_327' title='bbox 1822 2624 1905 2678; x_wconf 44' lang='lat' dir='ltr'><strong>di-</strong></span> 
     </span>
    </p>
   </div>
   <div class='ocr_carea' id='block_1_43' title="bbox 258 2710 1902 2784">
    <p class='ocr_par' dir='ltr' id='par_1_43' title="bbox 258 2710 1902 2784">
     <span class='ocr_line' id='line_1_43' title="bbox 258 2710 1902 2784; baseline -0.002 -15"><span class='ocrx_word' id='word_1_328' title='bbox 258 2732 353 2769; x_wconf 88' lang='lat' dir='ltr'><strong>cas</strong></span> <span class='ocrx_word' id='word_1_329' title='bbox 406 2713 624 2784; x_wconf 91' lang='lat' dir='ltr'><strong>ipsum,</strong></span> <span class='ocrx_word' id='word_1_330' title='bbox 676 2715 993 2782; x_wconf 88' lang='lat' dir='ltr'><strong>antequam</strong></span> <span class='ocrx_word' id='word_1_331' title='bbox 1044 2712 1212 2767; x_wconf 83' lang='lat' dir='ltr'><strong>Pater</strong></span> <span class='ocrx_word' id='word_1_332' title='bbox 1260 2711 1439 2778; x_wconf 82' lang='lat' dir='ltr'><strong>ﬁeret,</strong></span> <span class='ocrx_word' id='word_1_333' title='bbox 1474 2710 1902 2766; x_wconf 87' lang='lat' dir='ltr'><strong>honoratiorem</strong></span> 
     </span>
    </p>
   </div>
   <div class='ocr_carea' id='block_1_44' title="bbox 258 2800 1902 2874">
    <p class='ocr_par' dir='ltr' id='par_1_44' title="bbox 258 2800 1902 2874">
     <span class='ocr_line' id='line_1_44' title="bbox 258 2800 1902 2874; baseline -0.003 -14"><span class='ocrx_word' id='word_1_334' title='bbox 258 2803 460 2870; x_wconf 74' lang='lat' dir='ltr'><strong>fuisse,</strong></span> <span class='ocrx_word' id='word_1_335' title='bbox 491 2817 627 2874; x_wconf 90' lang='lat' dir='ltr'><strong>ergo</strong></span> <span class='ocrx_word' id='word_1_336' title='bbox 669 2801 741 2857; x_wconf 86' lang='lat' dir='ltr'><strong>ab</strong></span> <span class='ocrx_word' id='word_1_337' title='bbox 792 2800 1262 2857; x_wconf 88' lang='lat' dir='ltr'><strong>honoratioribus</strong></span> <span class='ocrx_word' id='word_1_338' title='bbox 1294 2800 1364 2855; x_wconf 92' lang='lat' dir='ltr'><strong>ad</strong></span> <span class='ocrx_word' id='word_1_339' title='bbox 1398 2800 1684 2856; x_wconf 83' lang='lat' dir='ltr'><strong>deteriora</strong></span> <span class='ocrx_word' id='word_1_340' title='bbox 1733 2801 1902 2855; x_wconf 83' lang='lat' dir='ltr'><strong>deve-</strong></span> 
     </span>
    </p>
   </div>
   <div class='ocr_carea' id='block_1_45' title="bbox 258 2888 1903 2962">
    <p class='ocr_par' dir='ltr' id='par_1_45' title="bbox 258 2888 1903 2962">
     <span class='ocr_line' id='line_1_45' title="bbox 258 2888 1903 2962; baseline -0.003 -14"><span class='ocrx_word' id='word_1_341' title='bbox 258 2893 343 2948; x_wconf 85' lang='lat' dir='ltr'><strong>nit</strong></span> <span class='ocrx_word' id='word_1_342' title='bbox 377 2907 391 2947; x_wconf 88' lang='lat'>:</span> <span class='ocrx_word' id='word_1_343' title='bbox 425 2907 549 2960; x_wconf 63' lang='lat' dir='ltr'><strong>quas</strong></span> <span class='ocrx_word' id='word_1_344' title='bbox 582 2889 631 2945; x_wconf 93' lang='lat' dir='ltr'><strong>si</strong></span> <span class='ocrx_word' id='word_1_345' title='bbox 658 2906 792 2945; x_wconf 90' lang='lat' dir='ltr'><strong>vera</strong></span> <span class='ocrx_word' id='word_1_346' title='bbox 824 2894 984 2956; x_wconf 88' lang='lat' dir='ltr'><strong>sunt,</strong></span> <span class='ocrx_word' id='word_1_347' title='bbox 1015 2906 1127 2960; x_wconf 91' lang='lat' dir='ltr'><strong>qua</strong></span> <span class='ocrx_word' id='word_1_348' title='bbox 1178 2888 1403 2945; x_wconf 89' lang='lat' dir='ltr'><strong>ratione</strong></span> <span class='ocrx_word' id='word_1_349' title='bbox 1450 2889 1638 2945; x_wconf 88' lang='lat' dir='ltr'><strong>dicere</strong></span> <span class='ocrx_word' id='word_1_350' title='bbox 1688 2889 1903 2962; x_wconf 90' lang='lat' dir='ltr'><strong>poteri-</strong></span> 
     </span>
    </p>
   </div>
   <div class='ocr_carea' id='block_1_46' title="bbox 258 2977 1905 3050">
    <p class='ocr_par' dir='ltr' id='par_1_46' title="bbox 258 2977 1905 3050">
     <span class='ocr_line' id='line_1_46' title="bbox 258 2977 1905 3050; baseline -0.001 -15"><span class='ocrx_word' id='word_1_351' title='bbox 258 2998 391 3035; x_wconf 89' lang='lat' dir='ltr'><strong>mus</strong></span> <span class='ocrx_word' id='word_1_352' title='bbox 414 2980 641 3036; x_wconf 90' lang='lat' dir='ltr'><strong>Numen</strong></span> <span class='ocrx_word' id='word_1_353' title='bbox 673 2995 802 3036; x_wconf 82' lang='lat' dir='ltr'><strong>esse</strong></span> <span class='ocrx_word' id='word_1_354' title='bbox 834 2977 1225 3044; x_wconf 84' lang='lat' dir='ltr'><strong>immutabile,</strong></span> <span class='ocrx_word' id='word_1_355' title='bbox 1249 2994 1315 3034; x_wconf 84' lang='lat' dir='ltr'><strong>ex</strong></span> <span class='ocrx_word' id='word_1_356' title='bbox 1348 2995 1409 3034; x_wconf 92' lang='lat' dir='ltr'><strong>se</strong></span> <span class='ocrx_word' id='word_1_357' title='bbox 1441 2979 1905 3050; x_wconf 84' lang='lat' dir='ltr'><strong>perfectum,nec</strong></span> 
     </span>
    </p>
   </div>
   <div class='ocr_carea' id='block_1_47' title="bbox 259 3066 1907 3140">
    <p class='ocr_par' dir='ltr' id='par_1_47' title="bbox 259 3066 1907 3140">
     <span class='ocr_line' id='line_1_47' title="bbox 259 3066 1907 3140; baseline -0.001 -17"><span class='ocrx_word' id='word_1_358' title='bbox 259 3069 317 3124; x_wconf 93' lang='lat' dir='ltr'><strong>in</strong></span> <span class='ocrx_word' id='word_1_359' title='bbox 353 3068 563 3125; x_wconf 89' lang='lat' dir='ltr'><strong>melius</strong></span> <span class='ocrx_word' id='word_1_360' title='bbox 598 3067 930 3139; x_wconf 80' lang='lat' dir='ltr'><strong>proﬁciens,</strong></span> <span class='ocrx_word' id='word_1_361' title='bbox 965 3083 1070 3123; x_wconf 91' lang='lat' dir='ltr'><strong>nec</strong></span> <span class='ocrx_word' id='word_1_362' title='bbox 1100 3084 1132 3122; x_wconf 88' lang='lat' dir='ltr'><strong>a</strong></span> <span class='ocrx_word' id='word_1_363' title='bbox 1162 3066 1549 3123; x_wconf 89' lang='lat' dir='ltr'><strong>deterioribus</strong></span> <span class='ocrx_word' id='word_1_364' title='bbox 1581 3068 1651 3122; x_wconf 90' lang='lat' dir='ltr'><strong>ad</strong></span> <span class='ocrx_word' id='word_1_365' title='bbox 1684 3068 1907 3140; x_wconf 88' lang='lat' dir='ltr'><strong>optima</strong></span> 
     </span>
    </p>
   </div>
   <div class='ocr_carea' id='block_1_48' title="bbox 258 3156 1903 3229">
    <p class='ocr_par' dir='ltr' id='par_1_48' title="bbox 258 3156 1903 3229">
     <span class='ocr_line' id='line_1_48' title="bbox 258 3156 1903 3229; baseline 0 -17"><span class='ocrx_word' id='word_1_366' title='bbox 258 3157 569 3213; x_wconf 83' lang='lat' dir='ltr'><strong>desinens?</strong></span> <span class='ocrx_word' id='word_1_367' title='bbox 590 3157 805 3211; x_wconf 83' lang='lat' dir='ltr'><strong>Rerum</strong></span> <span class='ocrx_word' id='word_1_368' title='bbox 830 3156 1121 3228; x_wconf 87' lang='lat' dir='ltr'><strong>siquidem</strong></span> <span class='ocrx_word' id='word_1_369' title='bbox 1144 3156 1500 3229; x_wconf 90' lang='lat' dir='ltr'><strong>corruptioni</strong></span> <span class='ocrx_word' id='word_1_370' title='bbox 1521 3156 1903 3212; x_wconf 86' lang='lat' dir='ltr'><strong>obnoxiarum</strong></span> 
     </span>
    </p>
   </div>
   <div class='ocr_carea' id='block_1_49' title="bbox 2018 1903 3670 1983">
    <p class='ocr_par' dir='ltr' id='par_1_49' title="bbox 2018 1903 3670 1983">
     <span class='ocr_line' id='line_1_49' title="bbox 2018 1903 3670 1983; baseline -0.002 -22"><span class='ocrx_word' id='word_1_371' title='bbox 2018 1911 2126 1961; x_wconf 81' lang='grc' dir='ltr'>τῶν</span> <span class='ocrx_word' id='word_1_372' title='bbox 2159 1903 2734 1983; x_wconf 67' lang='grc' dir='ltr'>προαποδεδειγμένων</span> <span class='ocrx_word' id='word_1_373' title='bbox 2936 1905 3113 1961; x_wconf 72' lang='grc' dir='ltr'>Ἀλλὰ</span> <span class='ocrx_word' id='word_1_374' title='bbox 3158 1906 3264 1981; x_wconf 89' lang='grc' dir='ltr'><strong>πρὸ</strong></span> <span class='ocrx_word' id='word_1_375' title='bbox 3299 1909 3407 1959; x_wconf 81' lang='grc' dir='ltr'>τῶν</span> <span class='ocrx_word' id='word_1_376' title='bbox 3455 1904 3670 1959; x_wconf 79' lang='grc' dir='ltr'>αίώνων</span> 
     </span>
    </p>
   </div>
   <div class='ocr_carea' id='block_1_50' title="bbox 2018 1991 3672 2074">
    <p class='ocr_par' dir='ltr' id='par_1_50' title="bbox 2018 1991 3672 2074">
     <span class='ocr_line' id='line_1_50' title="bbox 2018 1991 3672 2074; baseline -0.001 -26"><span class='ocrx_word' id='word_1_377' title='bbox 2018 1994 2161 2074; x_wconf 71' lang='grc' dir='ltr'>φημῖ</span> <span class='ocrx_word' id='word_1_378' title='bbox 2197 1993 2455 2070; x_wconf 75' lang='grc' dir='ltr'>βουλήσει</span> <span class='ocrx_word' id='word_1_379' title='bbox 2490 1995 2781 2071; x_wconf 83' lang='grc' dir='ltr'>ἐσχηκέναι</span> <span class='ocrx_word' id='word_1_380' title='bbox 2810 1996 2901 2049; x_wconf 87' lang='grc' dir='ltr'><strong>τὸν</strong></span> <span class='ocrx_word' id='word_1_381' title='bbox 2930 1994 3075 2050; x_wconf 71' lang='grc' dir='ltr'>Υἱόν⁵</span> <span class='ocrx_word' id='word_1_382' title='bbox 3133 1993 3311 2070; x_wconf 81' lang='grc' dir='ltr'>βραχὺ</span> <span class='ocrx_word' id='word_1_383' title='bbox 3362 1991 3419 2047; x_wconf 72' lang='grc' dir='ltr'>δὲ</span> <span class='ocrx_word' id='word_1_384' title='bbox 3468 1991 3672 2066; x_wconf 80' lang='grc' dir='ltr'>δίδωμι</span> 
     </span>
    </p>
   </div>
   <div class='ocr_carea' id='block_1_51' title="bbox 2017 2082 3670 2159">
    <p class='ocr_par' dir='ltr' id='par_1_51' title="bbox 2017 2082 3670 2159">
     <span class='ocr_line' id='line_1_51' title="bbox 2017 2082 3670 2159; baseline -0.001 -20"><span class='ocrx_word' id='word_1_385' title='bbox 2017 2082 2290 2157; x_wconf 77' lang='grc' dir='ltr'>διάστημα</span> <span class='ocrx_word' id='word_1_386' title='bbox 2345 2091 2443 2153; x_wconf 80' lang='grc' dir='ltr'><strong>τῆς</strong></span> <span class='ocrx_word' id='word_1_387' title='bbox 2489 2086 2788 2159; x_wconf 84' lang='grc' dir='ltr'>γεννήσεως</span> <span class='ocrx_word' id='word_1_388' title='bbox 2832 2089 2928 2139; x_wconf 90' lang='grc' dir='ltr'><strong>τοῦ</strong></span> <span class='ocrx_word' id='word_1_389' title='bbox 2988 2085 3135 2153; x_wconf 76' lang='grc' dir='ltr'>Υίοῦ,</span> <span class='ocrx_word' id='word_1_390' title='bbox 3190 2082 3282 2138; x_wconf 71' lang='grc' dir='ltr'>’ίνα</span> <span class='ocrx_word' id='word_1_391' title='bbox 3414 2082 3670 2159; x_wconf 87' lang='grc' dir='ltr'>γεννητός</span> 
     </span>
    </p>
   </div>
   <div class='ocr_carea' id='block_1_52' title="bbox 2016 2170 3672 2248">
    <p class='ocr_par' dir='ltr' id='par_1_52' title="bbox 2016 2170 3672 2248">
     <span class='ocr_line' id='line_1_52' title="bbox 2016 2170 3672 2248; baseline -0.002 -19"><span class='ocrx_word' id='word_1_392' title='bbox 2016 2174 2133 2230; x_wconf 87' lang='grc' dir='ltr'>Ἀθ.</span> <span class='ocrx_word' id='word_1_393' title='bbox 2196 2173 2329 2229; x_wconf 79' lang='grc' dir='ltr'>εἶπε·</span> <span class='ocrx_word' id='word_1_394' title='bbox 2389 2174 2459 2227; x_wconf 83' lang='grc' dir='ltr'>Τὸ</span> <span class='ocrx_word' id='word_1_395' title='bbox 2510 2173 2718 2248; x_wconf 89' lang='grc' dir='ltr'>Πατέρα</span> <span class='ocrx_word' id='word_1_396' title='bbox 2769 2174 2903 2227; x_wconf 81' lang='grc' dir='ltr'>εἶναι</span> <span class='ocrx_word' id='word_1_397' title='bbox 2947 2174 3039 2228; x_wconf 81' lang='grc' dir='ltr'><strong>τὸν</strong></span> <span class='ocrx_word' id='word_1_398' title='bbox 3097 2173 3223 2228; x_wconf 86' lang='grc' dir='ltr'>Θεὸν</span> <span class='ocrx_word' id='word_1_399' title='bbox 3268 2170 3434 2226; x_wconf 86' lang='grc' dir='ltr'>καλὸν</span> <span class='ocrx_word' id='word_1_400' title='bbox 3466 2171 3672 2247; x_wconf 78' lang='grc' dir='ltr'>τυγχά-</span> 
     </span>
    </p>
   </div>
   <div class='ocr_carea' id='block_1_53' title="bbox 2012 2259 3669 2338">
    <p class='ocr_par' dir='ltr' id='par_1_53' title="bbox 2012 2259 3669 2338">
     <span class='ocr_line' id='line_1_53' title="bbox 2012 2259 3669 2338; baseline -0.001 -22"><span class='ocrx_word' id='word_1_401' title='bbox 2012 2284 2115 2334; x_wconf 88' lang='grc' dir='ltr'>νει,</span> <span class='ocrx_word' id='word_1_402' title='bbox 2147 2264 2180 2332; x_wconf 82' lang='grc' dir='ltr'>ἢ</span> <span class='ocrx_word' id='word_1_403' title='bbox 2235 2262 2404 2338; x_wconf 78' lang='grc' dir='ltr'>ψόγος</span> <span class='ocrx_word' id='word_1_404' title='bbox 2454 2262 2599 2335; x_wconf 71' lang='grc' dir='ltr'>αὐτῷ</span> <span class='ocrx_word' id='word_1_405' title='bbox 2648 2259 2831 2332; x_wconf 75' lang='grc' dir='ltr'>ἔσταις</span> <span class='ocrx_word' id='word_1_406' title='bbox 2878 2265 3005 2338; x_wconf 80' lang='lat' dir='ltr'><strong>&quot;Ap.</strong></span> <span class='ocrx_word' id='word_1_407' title='bbox 3043 2264 3176 2318; x_wconf 78' lang='grc' dir='ltr'>εἷπε·</span> <span class='ocrx_word' id='word_1_408' title='bbox 3212 2263 3298 2332; x_wconf 78' lang='grc' dir='ltr'>Μή</span> <span class='ocrx_word' id='word_1_409' title='bbox 3326 2260 3534 2337; x_wconf 87' lang='grc' dir='ltr'>γένοιτο</span> <span class='ocrx_word' id='word_1_410' title='bbox 3567 2261 3669 2335; x_wconf 76' lang='grc' dir='ltr'>ψό-</span> 
     </span>
    </p>
   </div>
   <div class='ocr_carea' id='block_1_54' title="bbox 2011 2349 3671 2429">
    <p class='ocr_par' dir='ltr' id='par_1_54' title="bbox 2011 2349 3671 2429">
     <span class='ocr_line' id='line_1_54' title="bbox 2011 2349 3671 2429; baseline -0.002 -21"><span class='ocrx_word' id='word_1_411' title='bbox 2011 2373 2104 2428; x_wconf 82' lang='grc' dir='ltr'><strong>γον</strong></span> <span class='ocrx_word' id='word_1_412' title='bbox 2162 2351 2434 2429; x_wconf 79' lang='grc' dir='ltr'>προσάψαι</span> <span class='ocrx_word' id='word_1_413' title='bbox 2490 2354 2606 2424; x_wconf 88' lang='grc'><strong>(36)</strong></span> <span class='ocrx_word' id='word_1_414' title='bbox 2653 2356 2732 2424; x_wconf 83' lang='grc' dir='ltr'>τῷ</span> <span class='ocrx_word' id='word_1_415' title='bbox 2775 2353 2925 2423; x_wconf 73' lang='grc' dir='ltr'><strong>Θεῷί</strong></span> <span class='ocrx_word' id='word_1_416' title='bbox 2978 2350 3124 2408; x_wconf 80' lang='grc' dir='ltr'>ἀλλά</span> <span class='ocrx_word' id='word_1_417' title='bbox 3154 2353 3290 2406; x_wconf 80' lang='grc' dir='ltr'>πάνυ</span> <span class='ocrx_word' id='word_1_418' title='bbox 3319 2372 3380 2427; x_wconf 84' lang='grc' dir='ltr'><strong>γε</strong></span> <span class='ocrx_word' id='word_1_419' title='bbox 3406 2349 3573 2405; x_wconf 81' lang='grc' dir='ltr'>καλὸν</span> <span class='ocrx_word' id='word_1_420' title='bbox 3604 2353 3671 2405; x_wconf 90' lang='grc' dir='ltr'><strong>τὸ</strong></span> 
     </span>
    </p>
   </div>
   <div class='ocr_carea' id='block_1_55' title="bbox 2015 2440 3664 2518">
    <p class='ocr_par' dir='ltr' id='par_1_55' title="bbox 2015 2440 3664 2518">
     <span class='ocr_line' id='line_1_55' title="bbox 2015 2440 3664 2518; baseline -0.002 -21"><span class='ocrx_word' id='word_1_421' title='bbox 2015 2443 2149 2497; x_wconf 79' lang='grc' dir='ltr'>εἶναι</span> <span class='ocrx_word' id='word_1_422' title='bbox 2205 2442 2294 2495; x_wconf 88' lang='grc' dir='ltr'><strong>τὸν</strong></span> <span class='ocrx_word' id='word_1_423' title='bbox 2354 2441 2480 2496; x_wconf 87' lang='grc' dir='ltr'>Θεὸν</span> <span class='ocrx_word' id='word_1_424' title='bbox 2537 2441 2764 2518; x_wconf 66' lang='grc' dir='ltr'>Πατέρω</span> <span class='ocrx_word' id='word_1_425' title='bbox 2830 2442 2947 2498; x_wconf 86' lang='grc' dir='ltr'>Ἀθ.</span> <span class='ocrx_word' id='word_1_426' title='bbox 3010 2442 3173 2495; x_wconf 55' lang='grc' dir='ltr'>εἶπεν</span> <span class='ocrx_word' id='word_1_427' title='bbox 3227 2440 3340 2499; x_wconf 73' lang='grc' dir='ltr'><strong>Οὐκ</strong></span> <span class='ocrx_word' id='word_1_428' title='bbox 3389 2441 3497 2495; x_wconf 85' lang='grc' dir='ltr'><strong>ἀπὸ</strong></span> <span class='ocrx_word' id='word_1_429' title='bbox 3553 2445 3664 2494; x_wconf 78' lang='grc' dir='ltr'><strong>τῶν</strong></span> 
     </span>
    </p>
   </div>
   <div class='ocr_carea' id='block_1_56' title="bbox 2012 2528 3672 2608">
    <p class='ocr_par' dir='ltr' id='par_1_56' title="bbox 2012 2528 3672 2608">
     <span class='ocr_line' id='line_1_56' title="bbox 2012 2528 3672 2608; baseline -0.002 -21"><span class='ocrx_word' id='word_1_430' title='bbox 2012 2530 2275 2608; x_wconf 84' lang='grc' dir='ltr'>χειρόνων</span> <span class='ocrx_word' id='word_1_431' title='bbox 2337 2530 2423 2586; x_wconf 83' lang='grc' dir='ltr'><strong>ἐπὶ</strong></span> <span class='ocrx_word' id='word_1_432' title='bbox 2478 2531 2545 2586; x_wconf 73' lang='grc' dir='ltr'><strong>τα</strong></span> <span class='ocrx_word' id='word_1_433' title='bbox 2600 2530 2875 2607; x_wconf 81' lang='grc' dir='ltr'>κρείττονα</span> <span class='ocrx_word' id='word_1_434' title='bbox 2922 2531 3223 2606; x_wconf 74' lang='grc' dir='ltr'>προέκοψεν</span> <span class='ocrx_word' id='word_1_435' title='bbox 3276 2532 3303 2585; x_wconf 89' lang='lat'><strong>6</strong></span> <span class='ocrx_word' id='word_1_436' title='bbox 3354 2530 3482 2591; x_wconf 87' lang='grc' dir='ltr'>Θεὸς</span> <span class='ocrx_word' id='word_1_437' title='bbox 3533 2528 3672 2584; x_wconf 81' lang='grc' dir='ltr'><strong>κατὰ</strong></span> 
     </span>
    </p>
   </div>
   <div class='ocr_carea' id='block_1_57' title="bbox 2014 2619 3666 2696">
    <p class='ocr_par' dir='ltr' id='par_1_57' title="bbox 2014 2619 3666 2696">
     <span class='ocr_line' id='line_1_57' title="bbox 2014 2619 3666 2696; baseline -0.001 -22"><span class='ocrx_word' id='word_1_438' title='bbox 2014 2619 2090 2677; x_wconf 86' lang='grc' dir='ltr'><strong>σέ.</strong></span> <span class='ocrx_word' id='word_1_439' title='bbox 2155 2619 2217 2677; x_wconf 83' lang='grc' dir='ltr'><strong>Εἰ</strong></span> <span class='ocrx_word' id='word_1_440' title='bbox 2274 2620 2396 2696; x_wconf 80' lang='grc' dir='ltr'>γὰρ,</span> <span class='ocrx_word' id='word_1_441' title='bbox 2458 2621 2534 2692; x_wconf 80' lang='grc' dir='ltr'>μή</span> <span class='ocrx_word' id='word_1_442' title='bbox 2598 2619 2669 2673; x_wconf 81' lang='grc' dir='ltr'>ὥν</span> <span class='ocrx_word' id='word_1_443' title='bbox 2722 2620 2929 2696; x_wconf 75' lang='grc' dir='ltr'>Πατὴρ,</span> <span class='ocrx_word' id='word_1_444' title='bbox 2989 2621 3202 2695; x_wconf 85' lang='grc' dir='ltr'>γέγονεν</span> <span class='ocrx_word' id='word_1_445' title='bbox 3256 2620 3409 2680; x_wconf 72' lang='grc' dir='ltr'>αὖθις</span> <span class='ocrx_word' id='word_1_446' title='bbox 3445 2619 3666 2693; x_wconf 76' lang='grc' dir='ltr'>Πατὴρ,</span> 
     </span>
    </p>
   </div>
   <div class='ocr_carea' id='block_1_58' title="bbox 2014 2704 3667 2786">
    <p class='ocr_par' dir='ltr' id='par_1_58' title="bbox 2014 2704 3667 2786">
     <span class='ocr_line' id='line_1_58' title="bbox 2014 2704 3667 2786; baseline 0 -23"><span class='ocrx_word' id='word_1_447' title='bbox 2014 2706 2115 2785; x_wconf 79' lang='grc' dir='ltr'>ἄρα</span> <span class='ocrx_word' id='word_1_448' title='bbox 2171 2708 2371 2786; x_wconf 80' lang='grc' dir='ltr'>ἐτράπη</span> <span class='ocrx_word' id='word_1_449' title='bbox 2423 2709 2527 2764; x_wconf 82' lang='grc' dir='ltr'><strong>ἀπὸ</strong></span> <span class='ocrx_word' id='word_1_450' title='bbox 2574 2714 2679 2763; x_wconf 78' lang='grc' dir='ltr'>τῶν</span> <span class='ocrx_word' id='word_1_451' title='bbox 2731 2709 2972 2779; x_wconf 79' lang='grc' dir='ltr'>ἡττόνων</span> <span class='ocrx_word' id='word_1_452' title='bbox 3009 2708 3094 2764; x_wconf 74' lang='grc' dir='ltr'><strong>ἐπὶ</strong></span> <span class='ocrx_word' id='word_1_453' title='bbox 3126 2709 3192 2762; x_wconf 74' lang='grc' dir='ltr'><strong>τα</strong></span> <span class='ocrx_word' id='word_1_454' title='bbox 3228 2708 3470 2783; x_wconf 75' lang='grc' dir='ltr'>μέγιστα.</span> <span class='ocrx_word' id='word_1_455' title='bbox 3508 2707 3573 2764; x_wconf 68' lang='lat' dir='ltr'><strong>Ei</strong></span> <span class='ocrx_word' id='word_1_456' title='bbox 3606 2704 3667 2763; x_wconf 74' lang='grc' dir='ltr'><strong>δὲ</strong></span> 
     </span>
    </p>
   </div>
   <div class='ocr_carea' id='block_1_59' title="bbox 2013 2796 3667 2874">
    <p class='ocr_par' dir='ltr' id='par_1_59' title="bbox 2013 2796 3667 2874">
     <span class='ocr_line' id='line_1_59' title="bbox 2013 2796 3667 2874; baseline -0.002 -21"><span class='ocrx_word' id='word_1_457' title='bbox 2013 2798 2150 2873; x_wconf 79' lang='grc' dir='ltr'>ἐρεῖς</span> <span class='ocrx_word' id='word_1_458' title='bbox 2182 2798 2462 2872; x_wconf 86' lang='grc' dir='ltr'>πρότερον,</span> <span class='ocrx_word' id='word_1_459' title='bbox 2520 2798 2626 2874; x_wconf 87' lang='grc' dir='ltr'><strong>πρὸ</strong></span> <span class='ocrx_word' id='word_1_460' title='bbox 2673 2802 2767 2852; x_wconf 90' lang='grc' dir='ltr'><strong>τοῦ</strong></span> <span class='ocrx_word' id='word_1_461' title='bbox 2822 2798 3036 2874; x_wconf 82' lang='grc' dir='ltr'>Πατέρα</span> <span class='ocrx_word' id='word_1_462' title='bbox 3087 2798 3244 2852; x_wconf 68' lang='grc' dir='ltr'>αὐτὸν</span> <span class='ocrx_word' id='word_1_463' title='bbox 3274 2796 3538 2873; x_wconf 89' lang='grc' dir='ltr'>γενέσθαι,</span> <span class='ocrx_word' id='word_1_464' title='bbox 3573 2817 3667 2850; x_wconf 87' lang='grc' dir='ltr'>τι-</span> 
     </span>
    </p>
   </div>
   <div class='ocr_carea' id='block_1_60' title="bbox 2019 2884 3661 2963">
    <p class='ocr_par' dir='ltr' id='par_1_60' title="bbox 2019 2884 3661 2963">
     <span class='ocr_line' id='line_1_60' title="bbox 2019 2884 3661 2963; baseline -0.002 -22"><span class='ocrx_word' id='word_1_465' title='bbox 2019 2888 2283 2963; x_wconf 86' lang='grc' dir='ltr'>μιώτερον</span> <span class='ocrx_word' id='word_1_466' title='bbox 2337 2888 2467 2942; x_wconf 75' lang='grc' dir='ltr'>εἶναι</span> <span class='ocrx_word' id='word_1_467' title='bbox 2526 2886 2707 2959; x_wconf 76' lang='grc' dir='ltr'>αὐτὸν,</span> <span class='ocrx_word' id='word_1_468' title='bbox 2759 2889 2860 2963; x_wconf 74' lang='grc' dir='ltr'><strong>ἄρα</strong></span> <span class='ocrx_word' id='word_1_469' title='bbox 2907 2887 3012 2942; x_wconf 81' lang='grc' dir='ltr'><strong>ἀπὸ</strong></span> <span class='ocrx_word' id='word_1_470' title='bbox 3060 2892 3167 2941; x_wconf 80' lang='grc' dir='ltr'>τῶν</span> <span class='ocrx_word' id='word_1_471' title='bbox 3198 2885 3541 2961; x_wconf 86' lang='grc' dir='ltr'>τιμιωτέρων</span> <span class='ocrx_word' id='word_1_472' title='bbox 3573 2884 3661 2940; x_wconf 82' lang='grc' dir='ltr'>ἐπὶ</span> 
     </span>
    </p>
   </div>
   <div class='ocr_carea' id='block_1_61' title="bbox 2011 2972 3663 3056">
    <p class='ocr_par' dir='ltr' id='par_1_61' title="bbox 2011 2972 3663 3056">
     <span class='ocr_line' id='line_1_61' title="bbox 2011 2972 3663 3056; baseline -0.002 -24"><span class='ocrx_word' id='word_1_473' title='bbox 2011 2976 2078 3032; x_wconf 71' lang='grc' dir='ltr'>τὰ</span> <span class='ocrx_word' id='word_1_474' title='bbox 2107 2976 2331 3053; x_wconf 76' lang='grc' dir='ltr'>χείρονα</span> <span class='ocrx_word' id='word_1_475' title='bbox 2361 2972 2573 3056; x_wconf 65' lang='grc' dir='ltr'>ἔφθασε.</span> <span class='ocrx_word' id='word_1_476' title='bbox 2610 2976 2671 3033; x_wconf 79' lang='grc' dir='ltr'><strong>Εἰ</strong></span> <span class='ocrx_word' id='word_1_477' title='bbox 2704 2974 2760 3031; x_wconf 69' lang='grc' dir='ltr'><strong>δὲ</strong></span> <span class='ocrx_word' id='word_1_478' title='bbox 2784 2978 2931 3031; x_wconf 86' lang='grc' dir='ltr'>τοῦθ’</span> <span class='ocrx_word' id='word_1_479' title='bbox 2962 2976 3133 3038; x_wconf 75' lang='grc' dir='ltr'>οὕτως</span> <span class='ocrx_word' id='word_1_480' title='bbox 3168 2972 3305 3051; x_wconf 79' lang='grc' dir='ltr'>ἔχει,</span> <span class='ocrx_word' id='word_1_481' title='bbox 3346 2980 3463 3037; x_wconf 79' lang='grc' dir='ltr'>πῶς</span> <span class='ocrx_word' id='word_1_482' title='bbox 3513 2973 3663 3050; x_wconf 75' lang='grc' dir='ltr'>ἐροῦο</span> 
     </span>
    </p>
   </div>
   <div class='ocr_carea' id='block_1_62' title="bbox 2018 3062 3659 3143">
    <p class='ocr_par' dir='ltr' id='par_1_62' title="bbox 2018 3062 3659 3143">
     <span class='ocr_line' id='line_1_62' title="bbox 2018 3062 3659 3143; baseline -0.003 -22"><span class='ocrx_word' id='word_1_483' title='bbox 2018 3087 2111 3139; x_wconf 88' lang='grc' dir='ltr'><strong>μεν</strong></span> <span class='ocrx_word' id='word_1_484' title='bbox 2175 3068 2434 3143; x_wconf 75' lang='grc' dir='ltr'>ἄτρεπτον</span> <span class='ocrx_word' id='word_1_485' title='bbox 2483 3066 2546 3121; x_wconf 86' lang='grc' dir='ltr'><strong>τὸ</strong></span> <span class='ocrx_word' id='word_1_486' title='bbox 2593 3072 2766 3135; x_wconf 84' lang='grc' dir='ltr'>Θεῖον,</span> <span class='ocrx_word' id='word_1_487' title='bbox 2814 3064 3118 3136; x_wconf 76' lang='grc' dir='ltr'>αὐτοτελὲς,</span> <span class='ocrx_word' id='word_1_488' title='bbox 3175 3066 3313 3138; x_wconf 76' lang='grc' dir='ltr'>μήτε</span> <span class='ocrx_word' id='word_1_489' title='bbox 3349 3062 3659 3139; x_wconf 81' lang='grc' dir='ltr'>προκόπτον</span> 
     </span>
    </p>
   </div>
   <div class='ocr_carea' id='block_1_63' title="bbox 2017 3152 3666 3232">
    <p class='ocr_par' dir='ltr' id='par_1_63' title="bbox 2017 3152 3666 3232">
     <span class='ocr_line' id='line_1_63' title="bbox 2017 3152 3666 3232; baseline -0.001 -23"><span class='ocrx_word' id='word_1_490' title='bbox 2017 3155 2102 3210; x_wconf 76' lang='grc' dir='ltr'>ἐπὶ</span> <span class='ocrx_word' id='word_1_491' title='bbox 2162 3157 2229 3210; x_wconf 65' lang='grc' dir='ltr'><strong>τὰ</strong></span> <span class='ocrx_word' id='word_1_492' title='bbox 2284 3156 2584 3232; x_wconf 77' lang='grc' dir='ltr'>κρείττονα,</span> <span class='ocrx_word' id='word_1_493' title='bbox 2638 3157 2775 3227; x_wconf 82' lang='grc' dir='ltr'>μήτε</span> <span class='ocrx_word' id='word_1_494' title='bbox 2823 3156 2930 3228; x_wconf 74' lang='grc' dir='ltr'><strong>μὴν</strong></span> <span class='ocrx_word' id='word_1_495' title='bbox 2982 3152 3151 3229; x_wconf 73' lang='grc' dir='ltr'>λῆγον</span> <span class='ocrx_word' id='word_1_496' title='bbox 3200 3153 3274 3216; x_wconf 85' lang='grc' dir='ltr'><strong>είς</strong></span> <span class='ocrx_word' id='word_1_497' title='bbox 3306 3153 3534 3230; x_wconf 82' lang='grc' dir='ltr'>χείρονα</span> <span class='ocrx_word' id='word_1_498' title='bbox 3560 3154 3666 3207; x_wconf 79' lang='grc' dir='ltr'><strong>ἀπὸ</strong></span> 
     </span>
    </p>
   </div>
   <div class='ocr_carea' id='block_1_64' title="bbox 259 3229 1907 3321">
    <p class='ocr_par' dir='ltr' id='par_1_64' title="bbox 259 3244 1904 3319">
     <span class='ocr_line' id='line_1_64' title="bbox 259 3244 1904 3319; baseline 0.001 -19"><span class='ocrx_word' id='word_1_499' title='bbox 259 3244 558 3319; x_wconf 88' lang='lat' dir='ltr'><strong>proprium</strong></span> <span class='ocrx_word' id='word_1_500' title='bbox 590 3250 679 3300; x_wconf 91' lang='lat' dir='ltr'><strong>est</strong></span> <span class='ocrx_word' id='word_1_501' title='bbox 710 3246 945 3314; x_wconf 89' lang='lat' dir='ltr'><strong>mutari,</strong></span> <span class='ocrx_word' id='word_1_502' title='bbox 970 3246 1260 3317; x_wconf 87' lang='lat' dir='ltr'><strong>modoque</strong></span> <span class='ocrx_word' id='word_1_503' title='bbox 1281 3263 1313 3301; x_wconf 92' lang='lat' dir='ltr'><strong>a</strong></span> <span class='ocrx_word' id='word_1_504' title='bbox 1338 3245 1677 3301; x_wconf 90' lang='lat' dir='ltr'><strong>melioribus</strong></span> <span class='ocrx_word' id='word_1_505' title='bbox 1707 3246 1776 3301; x_wconf 87' lang='lat' dir='ltr'><strong>ad</strong></span> <span class='ocrx_word' id='word_1_506' title='bbox 1804 3247 1904 3302; x_wconf 90' lang='lat' dir='ltr'><strong>de-</strong></span> 
     </span>
    </p>
   </div>
   <div class='ocr_carea' id='block_1_65' title="bbox 2020 3229 3664 3321">
    <p class='ocr_par' dir='ltr' id='par_1_65' title="bbox 2020 3229 3664 3321">
     <span class='ocr_line' id='line_1_65' title="bbox 2020 3229 3664 3321; baseline -0.002 -22"><span class='ocrx_word' id='word_1_507' title='bbox 2020 3249 2123 3299; x_wconf 83' lang='grc' dir='ltr'>τῶν</span> <span class='ocrx_word' id='word_1_508' title='bbox 2185 3229 2413 3319; x_wconf 83' lang='grc' dir='ltr'>ἀρίστων</span> <span class='ocrx_word' id='word_1_509' title='bbox 2443 3264 2457 3313; x_wconf 88' lang='grc'><strong>;</strong></span> <span class='ocrx_word' id='word_1_510' title='bbox 2518 3246 2780 3321; x_wconf 81' lang='grc' dir='ltr'>Φθαρτῶν</span> <span class='ocrx_word' id='word_1_511' title='bbox 2838 3244 2937 3318; x_wconf 74' lang='grc' dir='ltr'><strong>γὰρ</strong></span> <span class='ocrx_word' id='word_1_512' title='bbox 2978 3238 3116 3297; x_wconf 73' lang='grc' dir='ltr'>ῗ’διον</span> <span class='ocrx_word' id='word_1_513' title='bbox 3150 3243 3213 3298; x_wconf 88' lang='grc' dir='ltr'><strong>τὸ</strong></span> <span class='ocrx_word' id='word_1_514' title='bbox 3242 3229 3551 3317; x_wconf 84' lang='grc' dir='ltr'>τρέπεσθαι,</span> <span class='ocrx_word' id='word_1_515' title='bbox 3584 3242 3664 3309; x_wconf 82' lang='grc' dir='ltr'>πή</span> 
     </span>
    </p>
   </div>
   <div class='ocr_carea' id='block_1_66' title="bbox 259 3334 1907 3406">
    <p class='ocr_par' dir='ltr' id='par_1_66' title="bbox 259 3334 1907 3406">
     <span class='ocr_line' id='line_1_66' title="bbox 259 3334 1907 3406; baseline 0.001 -16"><span class='ocrx_word' id='word_1_516' title='bbox 259 3338 473 3391; x_wconf 82' lang='lat' dir='ltr'><strong>teriora</strong></span> <span class='ocrx_word' id='word_1_517' title='bbox 502 3334 779 3401; x_wconf 88' lang='lat' dir='ltr'><strong>converti,</strong></span> <span class='ocrx_word' id='word_1_518' title='bbox 814 3334 984 3389; x_wconf 87' lang='lat' dir='ltr'><strong>modo</strong></span> <span class='ocrx_word' id='word_1_519' title='bbox 1017 3335 1087 3390; x_wconf 92' lang='lat' dir='ltr'><strong>ab</strong></span> <span class='ocrx_word' id='word_1_520' title='bbox 1134 3334 1512 3391; x_wconf 80' lang='lat' dir='ltr'><strong>inferioribus</strong></span> <span class='ocrx_word' id='word_1_521' title='bbox 1558 3336 1627 3390; x_wconf 91' lang='lat' dir='ltr'><strong>ad</strong></span> <span class='ocrx_word' id='word_1_522' title='bbox 1663 3336 1907 3406; x_wconf 83' lang='lat' dir='ltr'><strong>majora.</strong></span> 
     </span>
    </p>
   </div>
   <div class='ocr_carea' id='block_1_67' title="bbox 261 3422 1909 3495">
    <p class='ocr_par' dir='ltr' id='par_1_67' title="bbox 261 3422 1909 3495">
     <span class='ocr_line' id='line_1_67' title="bbox 261 3422 1909 3495; baseline -0.001 -15"><span class='ocrx_word' id='word_1_523' title='bbox 261 3428 353 3480; x_wconf 85' lang='lat' dir='ltr'><strong>Ar.</strong></span> <span class='ocrx_word' id='word_1_524' title='bbox 382 3425 496 3480; x_wconf 89' lang='lat' dir='ltr'><strong>Nec</strong></span> <span class='ocrx_word' id='word_1_525' title='bbox 527 3422 681 3479; x_wconf 91' lang='lat' dir='ltr'><strong>oculi</strong></span> <span class='ocrx_word' id='word_1_526' title='bbox 715 3423 896 3478; x_wconf 90' lang='lat' dir='ltr'><strong>ictum</strong></span> <span class='ocrx_word' id='word_1_527' title='bbox 918 3423 1005 3479; x_wconf 91' lang='lat' dir='ltr'><strong>vis</strong></span> <span class='ocrx_word' id='word_1_528' title='bbox 1030 3424 1365 3495; x_wconf 87' lang='lat' dir='ltr'><strong>concedere,</strong></span> <span class='ocrx_word' id='word_1_529' title='bbox 1390 3441 1505 3495; x_wconf 91' lang='lat' dir='ltr'><strong>quo</strong></span> <span class='ocrx_word' id='word_1_530' title='bbox 1540 3440 1650 3479; x_wconf 90' lang='lat' dir='ltr'><strong>non</strong></span> <span class='ocrx_word' id='word_1_531' title='bbox 1686 3424 1793 3479; x_wconf 77' lang='lat' dir='ltr'><strong>fuit</strong></span> <span class='ocrx_word' id='word_1_532' title='bbox 1822 3425 1909 3480; x_wconf 86' lang='lat' dir='ltr'><strong>Fi-</strong></span> 
     </span>
    </p>
   </div>
   <div class='ocr_carea' id='block_1_68' title="bbox 261 3512 1909 3585">
    <p class='ocr_par' dir='ltr' id='par_1_68' title="bbox 261 3512 1909 3585">
     <span class='ocr_line' id='line_1_68' title="bbox 261 3512 1909 3585; baseline -0.002 -15"><span class='ocrx_word' id='word_1_533' title='bbox 261 3516 375 3571; x_wconf 90' lang='lat' dir='ltr'><strong>lius</strong></span> <span class='ocrx_word' id='word_1_534' title='bbox 419 3519 733 3585; x_wconf 86' lang='lat' dir='ltr'><strong>antequam</strong></span> <span class='ocrx_word' id='word_1_535' title='bbox 784 3515 938 3570; x_wconf 87' lang='lat' dir='ltr'><strong>esset</strong></span> <span class='ocrx_word' id='word_1_536' title='bbox 988 3512 1265 3585; x_wconf 85' lang='lat' dir='ltr'><strong>genitus?</strong></span> <span class='ocrx_word' id='word_1_537' title='bbox 1307 3513 1425 3569; x_wconf 75' lang='lat' dir='ltr'><strong>Ath.</strong></span> <span class='ocrx_word' id='word_1_538' title='bbox 1460 3513 1618 3577; x_wconf 92' lang='lat' dir='ltr'><strong>Quod</strong></span> <span class='ocrx_word' id='word_1_539' title='bbox 1654 3532 1765 3569; x_wconf 94' lang='lat' dir='ltr'><strong>non</strong></span> <span class='ocrx_word' id='word_1_540' title='bbox 1800 3519 1909 3583; x_wconf 81' lang='lat' dir='ltr'><strong>est,</strong></span> 
     </span>
    </p>
   </div>
   <div class='ocr_carea' id='block_1_69' title="bbox 262 3602 1912 3675">
    <p class='ocr_par' dir='ltr' id='par_1_69' title="bbox 262 3602 1912 3675">
     <span class='ocr_line' id='line_1_69' title="bbox 262 3602 1912 3675; baseline -0.001 -15"><span class='ocrx_word' id='word_1_541' title='bbox 262 3604 576 3660; x_wconf 87' lang='lat' dir='ltr'><strong>concedere</strong></span> <span class='ocrx_word' id='word_1_542' title='bbox 609 3620 724 3659; x_wconf 90' lang='lat' dir='ltr'><strong>non</strong></span> <span class='ocrx_word' id='word_1_543' title='bbox 757 3619 1020 3675; x_wconf 82' lang='lat' dir='ltr'><strong>possum.</strong></span> <span class='ocrx_word' id='word_1_544' title='bbox 1054 3604 1142 3657; x_wconf 87' lang='lat' dir='ltr'><strong>Ar.</strong></span> <span class='ocrx_word' id='word_1_545' title='bbox 1180 3602 1410 3669; x_wconf 82' lang='lat' dir='ltr'><strong>Quare?</strong></span> <span class='ocrx_word' id='word_1_546' title='bbox 1442 3604 1565 3658; x_wconf 82' lang='lat' dir='ltr'><strong>Alh.</strong></span> <span class='ocrx_word' id='word_1_547' title='bbox 1599 3603 1742 3667; x_wconf 87' lang='lat' dir='ltr'><strong>Quia</strong></span> <span class='ocrx_word' id='word_1_548' title='bbox 1774 3604 1912 3659; x_wconf 87' lang='lat' dir='ltr'><strong>scri-</strong></span> 
     </span>
    </p>
   </div>
   <div class='ocr_carea' id='block_1_70' title="bbox 261 3692 1909 3766">
    <p class='ocr_par' dir='ltr' id='par_1_70' title="bbox 261 3692 1909 3766">
     <span class='ocr_line' id='line_1_70' title="bbox 261 3692 1909 3766; baseline 0 -18"><span class='ocrx_word' id='word_1_549' title='bbox 261 3699 427 3766; x_wconf 90' lang='lat' dir='ltr'><strong>ptum</strong></span> <span class='ocrx_word' id='word_1_550' title='bbox 461 3696 548 3749; x_wconf 92' lang='lat' dir='ltr'><strong>est</strong></span> <span class='ocrx_word' id='word_1_551' title='bbox 575 3709 625 3747; x_wconf 84' lang='grc'><strong>;‹‹</strong></span> <span class='ocrx_word' id='word_1_552' title='bbox 655 3692 776 3750; x_wconf 87' lang='lat' dir='ltr'><strong>Non</strong></span> <span class='ocrx_word' id='word_1_553' title='bbox 802 3693 911 3748; x_wconf 88' lang='lat' dir='ltr'><strong>erit</strong></span> <span class='ocrx_word' id='word_1_554' title='bbox 940 3692 997 3747; x_wconf 93' lang='lat' dir='ltr'><strong>in</strong></span> <span class='ocrx_word' id='word_1_555' title='bbox 1035 3695 1088 3746; x_wconf 88' lang='lat' dir='ltr'><strong>te</strong></span> <span class='ocrx_word' id='word_1_556' title='bbox 1125 3696 1272 3747; x_wconf 90' lang='lat' dir='ltr'><strong>Deus</strong></span> <span class='ocrx_word' id='word_1_557' title='bbox 1307 3709 1506 3748; x_wconf 91' lang='lat' dir='ltr'><strong>recens</strong></span> <span class='ocrx_word' id='word_1_558' title='bbox 1529 3693 1628 3747; x_wconf 73' lang='lat' dir='ltr'><strong>“.n</strong></span> <span class='ocrx_word' id='word_1_559' title='bbox 1664 3693 1720 3748; x_wconf 90' lang='lat' dir='ltr'><strong>Si</strong></span> <span class='ocrx_word' id='word_1_560' title='bbox 1754 3692 1909 3748; x_wconf 82' lang='lat' dir='ltr'><strong>enim</strong></span> 
     </span>
    </p>
   </div>
   <div class='ocr_carea' id='block_1_71' title="bbox 264 3781 1910 3855">
    <p class='ocr_par' dir='ltr' id='par_1_71' title="bbox 264 3781 1910 3855">
     <span class='ocr_line' id='line_1_71' title="bbox 264 3781 1910 3855; baseline 0.001 -18"><span class='ocrx_word' id='word_1_561' title='bbox 264 3784 571 3838; x_wconf 89' lang='lat' dir='ltr'><strong>minimum</strong></span> <span class='ocrx_word' id='word_1_562' title='bbox 624 3782 1011 3838; x_wconf 88' lang='lat' dir='ltr'><strong>concesserim</strong></span> <span class='ocrx_word' id='word_1_563' title='bbox 1064 3782 1348 3853; x_wconf 90' lang='lat' dir='ltr'><strong>temporis</strong></span> <span class='ocrx_word' id='word_1_564' title='bbox 1396 3781 1761 3838; x_wconf 85' lang='lat' dir='ltr'><strong>intervallum</strong></span> <span class='ocrx_word' id='word_1_565' title='bbox 1797 3799 1910 3855; x_wconf 89' lang='lat' dir='ltr'><strong>quo</strong></span> 
     </span>
    </p>
   </div>
   <div class='ocr_carea' id='block_1_72' title="bbox 260 3871 1909 3943">
    <p class='ocr_par' dir='ltr' id='par_1_72' title="bbox 260 3871 1909 3943">
     <span class='ocr_line' id='line_1_72' title="bbox 260 3871 1909 3943; baseline 0 -16"><span class='ocrx_word' id='word_1_566' title='bbox 260 3890 373 3928; x_wconf 93' lang='lat' dir='ltr'><strong>non</strong></span> <span class='ocrx_word' id='word_1_567' title='bbox 430 3872 625 3939; x_wconf 81' lang='lat' dir='ltr'><strong>fuerit,</strong></span> <span class='ocrx_word' id='word_1_568' title='bbox 659 3876 811 3927; x_wconf 85' lang='lat' dir='ltr'><strong>certe</strong></span> <span class='ocrx_word' id='word_1_569' title='bbox 861 3888 1062 3927; x_wconf 88' lang='lat' dir='ltr'><strong>recens</strong></span> <span class='ocrx_word' id='word_1_570' title='bbox 1094 3871 1203 3926; x_wconf 88' lang='lat' dir='ltr'><strong>erit</strong></span> <span class='ocrx_word' id='word_1_571' title='bbox 1233 3888 1405 3943; x_wconf 91' lang='lat' dir='ltr'><strong>quem</strong></span> <span class='ocrx_word' id='word_1_572' title='bbox 1458 3888 1563 3943; x_wconf 86' lang='lat' dir='ltr'><strong>ego</strong></span> <span class='ocrx_word' id='word_1_573' title='bbox 1611 3872 1909 3927; x_wconf 80' lang='lat' dir='ltr'><strong>conﬁteor.</strong></span> 
     </span>
    </p>
   </div>
   <div class='ocr_carea' id='block_1_73' title="bbox 260 3959 1909 4025">
    <p class='ocr_par' dir='ltr' id='par_1_73' title="bbox 260 3959 1909 4025">
     <span class='ocr_line' id='line_1_73' title="bbox 260 3959 1909 4025; baseline 0.001 -11"><span class='ocrx_word' id='word_1_574' title='bbox 260 3961 426 4017; x_wconf 82' lang='lat' dir='ltr'><strong>Absit</strong></span> <span class='ocrx_word' id='word_1_575' title='bbox 457 3978 590 4016; x_wconf 89' lang='lat' dir='ltr'><strong>vero</strong></span> <span class='ocrx_word' id='word_1_576' title='bbox 624 3966 690 4016; x_wconf 87' lang='lat' dir='ltr'><strong>ut</strong></span> <span class='ocrx_word' id='word_1_577' title='bbox 724 3961 799 4015; x_wconf 86' lang='lat' dir='ltr'><strong>ita</strong></span> <span class='ocrx_word' id='word_1_578' title='bbox 822 3960 1035 4015; x_wconf 84' lang='lat' dir='ltr'><strong>sentiat</strong></span> <span class='ocrx_word' id='word_1_579' title='bbox 1065 3959 1436 4016; x_wconf 89' lang='lat' dir='ltr'><strong>Christianus</strong></span> <span class='ocrx_word' id='word_1_580' title='bbox 1466 3959 1662 4025; x_wconf 90' lang='lat' dir='ltr'><strong>homo,</strong></span> <span class='ocrx_word' id='word_1_581' title='bbox 1688 3966 1745 4015; x_wconf 90' lang='lat' dir='ltr'><strong>et</strong></span> <span class='ocrx_word' id='word_1_582' title='bbox 1774 3978 1909 4015; x_wconf 91' lang='lat' dir='ltr'><strong>con-</strong></span> 
     </span>
    </p>
   </div>
   <div class='ocr_carea' id='block_1_74' title="bbox 257 4049 1911 4121">
    <p class='ocr_par' dir='ltr' id='par_1_74' title="bbox 257 4049 1911 4121">
     <span class='ocr_line' id='line_1_74' title="bbox 257 4049 1911 4121; baseline 0.001 -17"><span class='ocrx_word' id='word_1_583' title='bbox 257 4050 439 4105; x_wconf 82' lang='lat' dir='ltr'><strong>traria</strong></span> <span class='ocrx_word' id='word_1_584' title='bbox 475 4049 688 4105; x_wconf 87' lang='lat' dir='ltr'><strong>divinis</strong></span> <span class='ocrx_word' id='word_1_585' title='bbox 719 4049 1043 4121; x_wconf 89' lang='lat' dir='ltr'><strong>Scripturis</strong></span> <span class='ocrx_word' id='word_1_586' title='bbox 1065 4049 1440 4105; x_wconf 79' lang='lat' dir='ltr'><strong>conﬁteatur!</strong></span> <span class='ocrx_word' id='word_1_587' title='bbox 1475 4050 1566 4105; x_wconf 84' lang='lat' dir='ltr'><strong>Ar.</strong></span> <span class='ocrx_word' id='word_1_588' title='bbox 1603 4050 1748 4114; x_wconf 88' lang='lat' dir='ltr'><strong>Quid</strong></span> <span class='ocrx_word' id='word_1_589' title='bbox 1784 4066 1911 4106; x_wconf 90' lang='lat' dir='ltr'><strong>con-</strong></span> 
     </span>
    </p>
   </div>
   <div class='ocr_carea' id='block_1_75' title="bbox 257 4136 1911 4203">
    <p class='ocr_par' dir='ltr' id='par_1_75' title="bbox 257 4136 1911 4203">
     <span class='ocr_line' id='line_1_75' title="bbox 257 4136 1911 4203; baseline 0.002 -12"><span class='ocrx_word' id='word_1_590' title='bbox 257 4138 526 4201; x_wconf 88' lang='lat' dir='ltr'><strong>trarium,</strong></span> <span class='ocrx_word' id='word_1_591' title='bbox 553 4138 597 4193; x_wconf 91' lang='lat' dir='ltr'><strong>si</strong></span> <span class='ocrx_word' id='word_1_592' title='bbox 633 4136 842 4191; x_wconf 85' lang='lat' dir='ltr'><strong>Filium</strong></span> <span class='ocrx_word' id='word_1_593' title='bbox 875 4137 991 4191; x_wconf 83' lang='lat' dir='ltr'><strong>ictu</strong></span> <span class='ocrx_word' id='word_1_594' title='bbox 1026 4138 1178 4192; x_wconf 90' lang='lat' dir='ltr'><strong>oculi</strong></span> <span class='ocrx_word' id='word_1_595' title='bbox 1214 4137 1394 4193; x_wconf 87' lang='lat' dir='ltr'><strong>fuisse</strong></span> <span class='ocrx_word' id='word_1_596' title='bbox 1426 4138 1712 4203; x_wconf 88' lang='lat' dir='ltr'><strong>dicamus,</strong></span> <span class='ocrx_word' id='word_1_597' title='bbox 1746 4144 1911 4194; x_wconf 83' lang='lat' dir='ltr'><strong>ante-</strong></span> 
     </span>
    </p>
   </div>
   <div class='ocr_carea' id='block_1_76' title="bbox 261 4224 1913 4299">
    <p class='ocr_par' dir='ltr' id='par_1_76' title="bbox 261 4224 1913 4299">
     <span class='ocr_line' id='line_1_76' title="bbox 261 4224 1913 4299; baseline 0.002 -19"><span class='ocrx_word' id='word_1_598' title='bbox 261 4243 437 4299; x_wconf 86' lang='lat' dir='ltr'><strong>quam</strong></span> <span class='ocrx_word' id='word_1_599' title='bbox 474 4226 831 4299; x_wconf 89' lang='lat' dir='ltr'><strong>gigneretur,</strong></span> <span class='ocrx_word' id='word_1_600' title='bbox 874 4242 943 4280; x_wconf 90' lang='lat' dir='ltr'><strong>ne</strong></span> <span class='ocrx_word' id='word_1_601' title='bbox 975 4224 1197 4281; x_wconf 86' lang='lat' dir='ltr'><strong>scilicet</strong></span> <span class='ocrx_word' id='word_1_602' title='bbox 1245 4243 1379 4281; x_wconf 91' lang='lat' dir='ltr'><strong>eum</strong></span> <span class='ocrx_word' id='word_1_603' title='bbox 1424 4226 1751 4299; x_wconf 87' lang='lat' dir='ltr'><strong>ingenitum</strong></span> <span class='ocrx_word' id='word_1_604' title='bbox 1785 4244 1913 4283; x_wconf 86' lang='lat' dir='ltr'><strong>esse</strong></span> 
     </span>
    </p>
   </div>
   <div class='ocr_carea' id='block_1_77' title="bbox 257 4314 1910 4386">
    <p class='ocr_par' dir='ltr' id='par_1_77' title="bbox 257 4314 1910 4386">
     <span class='ocr_line' id='line_1_77' title="bbox 257 4314 1910 4386; baseline 0.002 -17"><span class='ocrx_word' id='word_1_605' title='bbox 257 4314 705 4386; x_wconf 77' lang='lat' dir='ltr'><strong>intelligamus?</strong></span> <span class='ocrx_word' id='word_1_606' title='bbox 748 4315 866 4369; x_wconf 76' lang='lat' dir='ltr'><strong>Ath.</strong></span> <span class='ocrx_word' id='word_1_607' title='bbox 906 4315 960 4368; x_wconf 86' lang='lat' dir='ltr'><strong>Id</strong></span> <span class='ocrx_word' id='word_1_608' title='bbox 996 4314 1137 4369; x_wconf 88' lang='lat' dir='ltr'><strong>mihi</strong></span> <span class='ocrx_word' id='word_1_609' title='bbox 1188 4314 1354 4370; x_wconf 87' lang='lat' dir='ltr'><strong>valde</strong></span> <span class='ocrx_word' id='word_1_610' title='bbox 1403 4315 1633 4371; x_wconf 89' lang='lat' dir='ltr'><strong>videtur</strong></span> <span class='ocrx_word' id='word_1_611' title='bbox 1679 4321 1910 4372; x_wconf 87' lang='lat' dir='ltr'><strong>contra-</strong></span> 
     </span>
    </p>
   </div>
   <div class='ocr_carea' id='block_1_78' title="bbox 261 4401 1912 4476">
    <p class='ocr_par' dir='ltr' id='par_1_78' title="bbox 261 4401 1912 4476">
     <span class='ocr_line' id='line_1_78' title="bbox 261 4401 1912 4476; baseline 0.002 -19"><span class='ocrx_word' id='word_1_612' title='bbox 261 4404 415 4458; x_wconf 90' lang='lat' dir='ltr'><strong>rium</strong></span> <span class='ocrx_word' id='word_1_613' title='bbox 475 4419 601 4458; x_wconf 90' lang='lat' dir='ltr'><strong>esse</strong></span> <span class='ocrx_word' id='word_1_614' title='bbox 655 4401 983 4457; x_wconf 85' lang='lat' dir='ltr'><strong>divinarum</strong></span> <span class='ocrx_word' id='word_1_615' title='bbox 1036 4402 1469 4475; x_wconf 88' lang='lat' dir='ltr'><strong>Scripturarum</strong></span> <span class='ocrx_word' id='word_1_616' title='bbox 1523 4404 1742 4475; x_wconf 86' lang='lat' dir='ltr'><strong>pietati,</strong></span> <span class='ocrx_word' id='word_1_617' title='bbox 1786 4422 1912 4476; x_wconf 78' lang='lat' dir='ltr'><strong>quae</strong></span> 
     </span>
    </p>
   </div>
   <div class='ocr_carea' id='block_1_79' title="bbox 262 4491 1915 4564">
    <p class='ocr_par' dir='ltr' id='par_1_79' title="bbox 262 4491 1915 4564">
     <span class='ocr_line' id='line_1_79' title="bbox 262 4491 1915 4564; baseline 0.001 -18"><span class='ocrx_word' id='word_1_618' title='bbox 262 4493 481 4564; x_wconf 86' lang='lat' dir='ltr'><strong>ubique</strong></span> <span class='ocrx_word' id='word_1_619' title='bbox 511 4495 803 4547; x_wconf 87' lang='lat' dir='ltr'><strong>testantur</strong></span> <span class='ocrx_word' id='word_1_620' title='bbox 834 4492 985 4546; x_wconf 77' lang='lat'><strong>169</strong></span> <span class='ocrx_word' id='word_1_621' title='bbox 1029 4491 1239 4546; x_wconf 83' lang='lat' dir='ltr'><strong>Filium</strong></span> <span class='ocrx_word' id='word_1_622' title='bbox 1275 4507 1506 4563; x_wconf 87' lang='lat' dir='ltr'><strong>semper</strong></span> <span class='ocrx_word' id='word_1_623' title='bbox 1546 4492 1746 4557; x_wconf 82' lang='lat' dir='ltr'><strong>fuisse,</strong></span> <span class='ocrx_word' id='word_1_624' title='bbox 1780 4493 1915 4548; x_wconf 90' lang='lat' dir='ltr'><strong>nul-</strong></span> 
     </span>
    </p>
   </div>
   <div class='ocr_carea' id='block_1_80' title="bbox 2025 3328 3669 3410">
    <p class='ocr_par' dir='ltr' id='par_1_80' title="bbox 2025 3328 3669 3410">
     <span class='ocr_line' id='line_1_80' title="bbox 2025 3328 3669 3410; baseline -0.002 -21"><span class='ocrx_word' id='word_1_625' title='bbox 2025 3334 2118 3407; x_wconf 77' lang='grc' dir='ltr'>μὶν</span> <span class='ocrx_word' id='word_1_626' title='bbox 2175 3333 2281 3388; x_wconf 85' lang='grc' dir='ltr'><strong>ἀπὸ</strong></span> <span class='ocrx_word' id='word_1_627' title='bbox 2330 3339 2436 3401; x_wconf 78' lang='grc' dir='ltr'><strong>τῶν</strong></span> <span class='ocrx_word' id='word_1_628' title='bbox 2489 3332 2783 3410; x_wconf 84' lang='grc' dir='ltr'>βελτιόνων</span> <span class='ocrx_word' id='word_1_629' title='bbox 2835 3331 2920 3387; x_wconf 73' lang='grc' dir='ltr'><strong>ἐπὶ</strong></span> <span class='ocrx_word' id='word_1_630' title='bbox 2968 3332 3035 3387; x_wconf 75' lang='grc' dir='ltr'><strong>τὰ</strong></span> <span class='ocrx_word' id='word_1_631' title='bbox 3060 3332 3305 3408; x_wconf 83' lang='grc' dir='ltr'>χείρονα,</span> <span class='ocrx_word' id='word_1_632' title='bbox 3362 3332 3438 3401; x_wconf 75' lang='grc' dir='ltr'>πῆ</span> <span class='ocrx_word' id='word_1_633' title='bbox 3473 3328 3529 3386; x_wconf 68' lang='grc' dir='ltr'><strong>δὲ</strong></span> <span class='ocrx_word' id='word_1_634' title='bbox 3561 3331 3669 3386; x_wconf 78' lang='grc' dir='ltr'><strong>ἀπὸ</strong></span> 
     </span>
    </p>
   </div>
   <div class='ocr_carea' id='block_1_81' title="bbox 2018 3420 3673 3497">
    <p class='ocr_par' dir='ltr' id='par_1_81' title="bbox 2018 3420 3673 3497">
     <span class='ocr_line' id='line_1_81' title="bbox 2018 3420 3673 3497; baseline -0.003 -20"><span class='ocrx_word' id='word_1_635' title='bbox 2018 3429 2129 3477; x_wconf 75' lang='grc' dir='ltr'><strong>τῶν</strong></span> <span class='ocrx_word' id='word_1_636' title='bbox 2186 3422 2428 3493; x_wconf 70' lang='grc' dir='ltr'>ἡττόνων</span> <span class='ocrx_word' id='word_1_637' title='bbox 2483 3421 2567 3477; x_wconf 66' lang='grc' dir='ltr'><strong>ἐπὶ</strong></span> <span class='ocrx_word' id='word_1_638' title='bbox 2612 3422 2678 3477; x_wconf 74' lang='grc' dir='ltr'><strong>τὰ</strong></span> <span class='ocrx_word' id='word_1_639' title='bbox 2724 3420 3059 3497; x_wconf 80' lang='grc' dir='ltr'>ἐντιμότερα,</span> <span class='ocrx_word' id='word_1_640' title='bbox 3120 3427 3245 3497; x_wconf 78' lang='lat' dir='ltr'><strong>&quot;Ap.</strong></span> <span class='ocrx_word' id='word_1_641' title='bbox 3308 3422 3444 3476; x_wconf 76' lang='grc' dir='ltr'>εἷπε·</span> <span class='ocrx_word' id='word_1_642' title='bbox 3476 3421 3673 3489; x_wconf 74' lang='grc' dir='ltr'>Ῥιπὴν</span> 
     </span>
    </p>
   </div>
   <div class='ocr_carea' id='block_1_82' title="bbox 2023 3507 3671 3589">
    <p class='ocr_par' dir='ltr' id='par_1_82' title="bbox 2023 3507 3671 3589">
     <span class='ocr_line' id='line_1_82' title="bbox 2023 3507 3671 3589; baseline -0.003 -23"><span class='ocrx_word' id='word_1_643' title='bbox 2023 3510 2316 3589; x_wconf 74' lang='grc' dir='ltr'>ὀφθαλμοῦ</span> <span class='ocrx_word' id='word_1_644' title='bbox 2377 3510 2437 3566; x_wconf 79' lang='grc' dir='ltr'>οὐ</span> <span class='ocrx_word' id='word_1_645' title='bbox 2489 3510 2663 3574; x_wconf 84' lang='grc' dir='ltr'>θέλεις</span> <span class='ocrx_word' id='word_1_646' title='bbox 2715 3507 2921 3582; x_wconf 85' lang='grc' dir='ltr'>δοῦναι,</span> <span class='ocrx_word' id='word_1_647' title='bbox 2977 3508 3065 3565; x_wconf 75' lang='grc' dir='ltr'><strong>ὅτε</strong></span> <span class='ocrx_word' id='word_1_648' title='bbox 3094 3509 3194 3565; x_wconf 79' lang='grc' dir='ltr'>οὐκ</span> <span class='ocrx_word' id='word_1_649' title='bbox 3221 3511 3288 3579; x_wconf 76' lang='grc' dir='ltr'>ἦν</span> <span class='ocrx_word' id='word_1_650' title='bbox 3323 3510 3447 3586; x_wconf 78' lang='grc' dir='ltr'>πρὶν</span> <span class='ocrx_word' id='word_1_651' title='bbox 3479 3530 3671 3584; x_wconf 77' lang='grc' dir='ltr'>γεννηο</span> 
     </span>
    </p>
   </div>
   <div class='ocr_carea' id='block_1_83' title="bbox 2021 3597 3671 3673">
    <p class='ocr_par' dir='ltr' id='par_1_83' title="bbox 2021 3597 3671 3673">
     <span class='ocr_line' id='line_1_83' title="bbox 2021 3597 3671 3673; baseline -0.001 -19"><span class='ocrx_word' id='word_1_652' title='bbox 2021 3604 2178 3670; x_wconf 73' lang='grc' dir='ltr'>θῆναι</span> <span class='ocrx_word' id='word_1_653' title='bbox 2224 3601 2312 3655; x_wconf 90' lang='grc' dir='ltr'><strong>τὸν</strong></span> <span class='ocrx_word' id='word_1_654' title='bbox 2368 3600 2528 3672; x_wconf 68' lang='grc' dir='ltr'>Υἲόνς</span> <span class='ocrx_word' id='word_1_655' title='bbox 2574 3602 2691 3657; x_wconf 85' lang='grc' dir='ltr'>Ἀθ.</span> <span class='ocrx_word' id='word_1_656' title='bbox 2720 3600 2853 3656; x_wconf 75' lang='grc' dir='ltr'>εἶπε·</span> <span class='ocrx_word' id='word_1_657' title='bbox 2888 3602 2957 3655; x_wconf 89' lang='grc' dir='ltr'>Τὸ</span> <span class='ocrx_word' id='word_1_658' title='bbox 2987 3601 3062 3673; x_wconf 80' lang='grc' dir='ltr'>μὴ</span> <span class='ocrx_word' id='word_1_659' title='bbox 3096 3597 3151 3655; x_wconf 79' lang='grc' dir='ltr'><strong>ὅν</strong></span> <span class='ocrx_word' id='word_1_660' title='bbox 3186 3599 3247 3655; x_wconf 75' lang='grc' dir='ltr'>οὗ</span> <span class='ocrx_word' id='word_1_661' title='bbox 3278 3597 3503 3673; x_wconf 77' lang='grc' dir='ltr'>δίδωμι.</span> <span class='ocrx_word' id='word_1_662' title='bbox 3539 3604 3671 3670; x_wconf 77' lang='lat' dir='ltr'><strong>&quot;Ap.</strong></span> 
     </span>
    </p>
   </div>
   <div class='ocr_carea' id='block_1_84' title="bbox 2021 3686 3675 3765">
    <p class='ocr_par' dir='ltr' id='par_1_84' title="bbox 2021 3686 3675 3765">
     <span class='ocr_line' id='line_1_84' title="bbox 2021 3686 3675 3765; baseline -0.002 -20"><span class='ocrx_word' id='word_1_663' title='bbox 2021 3692 2157 3745; x_wconf 54' lang='grc' dir='ltr'>εἷπε</span> <span class='ocrx_word' id='word_1_664' title='bbox 2222 3691 2317 3743; x_wconf 71' lang='grc' dir='ltr'><strong>Δια</strong></span> <span class='ocrx_word' id='word_1_665' title='bbox 2371 3689 2461 3759; x_wconf 69' lang='grc' dir='ltr'>τίς</span> <span class='ocrx_word' id='word_1_666' title='bbox 2522 3691 2639 3746; x_wconf 80' lang='lat' dir='ltr'><strong>’AO.</strong></span> <span class='ocrx_word' id='word_1_667' title='bbox 2692 3691 2856 3745; x_wconf 77' lang='grc' dir='ltr'>εἶπεν·</span> <span class='ocrx_word' id='word_1_668' title='bbox 2932 3693 3055 3747; x_wconf 78' lang='grc' dir='ltr'>’Ότι</span> <span class='ocrx_word' id='word_1_669' title='bbox 3101 3688 3415 3765; x_wconf 83' lang='grc' dir='ltr'>γέγραπται·</span> <span class='ocrx_word' id='word_1_670' title='bbox 3477 3712 3503 3739; x_wconf 89' lang='grc'><em>‹‹</em></span> <span class='ocrx_word' id='word_1_671' title='bbox 3556 3686 3675 3745; x_wconf 76' lang='grc' dir='ltr'><strong>Οὐκ</strong></span> 
     </span>
    </p>
   </div>
   <div class='ocr_carea' id='block_1_85' title="bbox 2020 3775 3673 3857">
    <p class='ocr_par' dir='ltr' id='par_1_85' title="bbox 2020 3775 3673 3857">
     <span class='ocr_line' id='line_1_85' title="bbox 2020 3775 3673 3857; baseline -0.003 -23"><span class='ocrx_word' id='word_1_672' title='bbox 2020 3775 2164 3835; x_wconf 76' lang='grc' dir='ltr'>ἔσται</span> <span class='ocrx_word' id='word_1_673' title='bbox 2199 3778 2250 3834; x_wconf 89' lang='grc' dir='ltr'><strong>ἐν</strong></span> <span class='ocrx_word' id='word_1_674' title='bbox 2280 3780 2362 3835; x_wconf 80' lang='grc' dir='ltr'><strong>σοὶ</strong></span> <span class='ocrx_word' id='word_1_675' title='bbox 2395 3781 2523 3842; x_wconf 83' lang='grc' dir='ltr'>Θεὸς</span> <span class='ocrx_word' id='word_1_676' title='bbox 2557 3780 2888 3857; x_wconf 77' lang='grc' dir='ltr'>πρόσφατος.</span> <span class='ocrx_word' id='word_1_677' title='bbox 2926 3805 2951 3832; x_wconf 73' lang='grc' dir='ltr'><strong>»ο</strong></span> <span class='ocrx_word' id='word_1_678' title='bbox 2984 3779 3171 3855; x_wconf 78' lang='grc' dir='ltr'>Βραχὺ</span> <span class='ocrx_word' id='word_1_679' title='bbox 3204 3777 3260 3833; x_wconf 75' lang='grc' dir='ltr'>δὲ</span> <span class='ocrx_word' id='word_1_680' title='bbox 3292 3778 3378 3833; x_wconf 75' lang='grc' dir='ltr'><strong>ἐὰν</strong></span> <span class='ocrx_word' id='word_1_681' title='bbox 3435 3775 3534 3840; x_wconf 80' lang='grc' dir='ltr'><strong>δῶ,</strong></span> <span class='ocrx_word' id='word_1_682' title='bbox 3584 3776 3673 3830; x_wconf 78' lang='grc' dir='ltr'><strong>ὅτι</strong></span> 
     </span>
    </p>
   </div>
   <div class='ocr_carea' id='block_1_86' title="bbox 2019 3864 3671 3945">
    <p class='ocr_par' dir='ltr' id='par_1_86' title="bbox 2019 3864 3671 3945">
     <span class='ocr_line' id='line_1_86' title="bbox 2019 3864 3671 3945; baseline -0.001 -24"><span class='ocrx_word' id='word_1_683' title='bbox 2019 3872 2082 3938; x_wconf 68' lang='grc' dir='ltr'><strong>ἦν</strong></span> <span class='ocrx_word' id='word_1_684' title='bbox 2117 3891 2248 3924; x_wconf 89' lang='grc' dir='ltr'>ποτε</span> <span class='ocrx_word' id='word_1_685' title='bbox 2276 3869 2486 3942; x_wconf 78' lang='grc' dir='ltr'>καιρὸς,</span> <span class='ocrx_word' id='word_1_686' title='bbox 2540 3868 2628 3924; x_wconf 77' lang='grc' dir='ltr'><strong>ὅτε</strong></span> <span class='ocrx_word' id='word_1_687' title='bbox 2671 3869 2771 3923; x_wconf 76' lang='grc' dir='ltr'>οὐκ</span> <span class='ocrx_word' id='word_1_688' title='bbox 2809 3871 2899 3936; x_wconf 69' lang='grc' dir='ltr'><strong>ἦν,</strong></span> <span class='ocrx_word' id='word_1_689' title='bbox 2951 3864 3093 3923; x_wconf 78' lang='grc' dir='ltr'>ἔσται</span> <span class='ocrx_word' id='word_1_690' title='bbox 3144 3869 3453 3945; x_wconf 64' lang='grc' dir='ltr'>πρόσφατος</span> <span class='ocrx_word' id='word_1_691' title='bbox 3482 3868 3509 3921; x_wconf 91' lang='lat'><strong>6</strong></span> <span class='ocrx_word' id='word_1_692' title='bbox 3541 3866 3671 3939; x_wconf 88' lang='grc' dir='ltr'>παρ’</span> 
     </span>
    </p>
   </div>
   <div class='ocr_carea' id='block_1_87' title="bbox 2021 3956 3670 4033">
    <p class='ocr_par' dir='ltr' id='par_1_87' title="bbox 2021 3956 3670 4033">
     <span class='ocr_line' id='line_1_87' title="bbox 2021 3956 3670 4033; baseline -0.003 -20"><span class='ocrx_word' id='word_1_693' title='bbox 2021 3958 2156 4030; x_wconf 87' lang='grc' dir='ltr'>ἐμοῦ</span> <span class='ocrx_word' id='word_1_694' title='bbox 2188 3957 2656 4033; x_wconf 71' lang='grc' dir='ltr'>ὁμολογούμενος·</span> <span class='ocrx_word' id='word_1_695' title='bbox 2718 3957 2848 4033; x_wconf 79' lang='grc' dir='ltr'>ὅπερ</span> <span class='ocrx_word' id='word_1_696' title='bbox 2897 3959 2972 4030; x_wconf 79' lang='grc' dir='ltr'>μή</span> <span class='ocrx_word' id='word_1_697' title='bbox 3017 3958 3230 4032; x_wconf 85' lang='grc' dir='ltr'>γένοιτο</span> <span class='ocrx_word' id='word_1_698' title='bbox 3263 3956 3435 4018; x_wconf 72' lang='grc' dir='ltr'>οὕτως</span> <span class='ocrx_word' id='word_1_699' title='bbox 3469 3957 3670 4033; x_wconf 67' lang='grc' dir='ltr'>φρονῆ-</span> 
     </span>
    </p>
   </div>
   <div class='ocr_carea' id='block_1_88' title="bbox 2019 4044 3669 4122">
    <p class='ocr_par' dir='ltr' id='par_1_88' title="bbox 2019 4044 3669 4122">
     <span class='ocr_line' id='line_1_88' title="bbox 2019 4044 3669 4122; baseline -0.002 -21"><span class='ocrx_word' id='word_1_700' title='bbox 2019 4069 2104 4101; x_wconf 90' lang='grc' dir='ltr'><strong>σαι</strong></span> <span class='ocrx_word' id='word_1_701' title='bbox 2175 4044 2457 4122; x_wconf 69' lang='grc' dir='ltr'>ἄνθρωπον</span> <span class='ocrx_word' id='word_1_702' title='bbox 2510 4048 2851 4121; x_wconf 80' lang='grc' dir='ltr'>Χριστιανὸν,</span> <span class='ocrx_word' id='word_1_703' title='bbox 2898 4045 3279 4121; x_wconf 85' lang='grc' dir='ltr'>ὁμολογοῦντα</span> <span class='ocrx_word' id='word_1_704' title='bbox 3308 4045 3519 4100; x_wconf 80' lang='grc' dir='ltr'>ἐναντία</span> <span class='ocrx_word' id='word_1_705' title='bbox 3547 4049 3669 4108; x_wconf 78' lang='grc' dir='ltr'>ταῖς</span> 
     </span>
    </p>
   </div>
   <div class='ocr_carea' id='block_1_89' title="bbox 2020 4131 3676 4213">
    <p class='ocr_par' dir='ltr' id='par_1_89' title="bbox 2020 4131 3676 4213">
     <span class='ocr_line' id='line_1_89' title="bbox 2020 4131 3676 4213; baseline -0.002 -23"><span class='ocrx_word' id='word_1_706' title='bbox 2020 4136 2185 4197; x_wconf 87' lang='grc' dir='ltr'>θείαις</span> <span class='ocrx_word' id='word_1_707' title='bbox 2219 4138 2496 4213; x_wconf 68' lang='grc' dir='ltr'>Γραφαῖςῐ</span> <span class='ocrx_word' id='word_1_708' title='bbox 2559 4142 2687 4211; x_wconf 81' lang='grc' dir='ltr'>”Αρ.</span> <span class='ocrx_word' id='word_1_709' title='bbox 2738 4138 2875 4190; x_wconf 73' lang='grc' dir='ltr'>εἴπεο</span> <span class='ocrx_word' id='word_1_710' title='bbox 2928 4135 3069 4191; x_wconf 84' lang='grc' dir='ltr'>Ποία</span> <span class='ocrx_word' id='word_1_711' title='bbox 3116 4134 3446 4205; x_wconf 81' lang='grc' dir='ltr'>ἐναντιότης,</span> <span class='ocrx_word' id='word_1_712' title='bbox 3480 4134 3566 4188; x_wconf 70' lang='grc' dir='ltr'>ἐὰν</span> <span class='ocrx_word' id='word_1_713' title='bbox 3601 4131 3676 4189; x_wconf 56' lang='grc' dir='ltr'><strong>εἶ’-</strong></span> 
     </span>
    </p>
   </div>
   <div class='ocr_carea' id='block_1_90' title="bbox 2019 4222 3673 4303">
    <p class='ocr_par' dir='ltr' id='par_1_90' title="bbox 2019 4222 3673 4303">
     <span class='ocr_line' id='line_1_90' title="bbox 2019 4222 3673 4303; baseline -0.002 -23"><span class='ocrx_word' id='word_1_714' title='bbox 2019 4247 2208 4299; x_wconf 84' lang='grc' dir='ltr'>πωμεν</span> <span class='ocrx_word' id='word_1_715' title='bbox 2243 4222 2532 4303; x_wconf 64' lang='grc' dir='ltr'>ὀφθαλμοῦ</span> <span class='ocrx_word' id='word_1_716' title='bbox 2565 4224 2728 4301; x_wconf 71' lang='grc' dir='ltr'>ῥιπήν</span> <span class='ocrx_word' id='word_1_717' title='bbox 2759 4224 2866 4301; x_wconf 87' lang='grc' dir='ltr'><strong>πρὸ</strong></span> <span class='ocrx_word' id='word_1_718' title='bbox 2894 4228 2991 4279; x_wconf 86' lang='grc' dir='ltr'><strong>τοῦ</strong></span> <span class='ocrx_word' id='word_1_719' title='bbox 3019 4226 3339 4301; x_wconf 80' lang='grc' dir='ltr'>γεννηθῆναι</span> <span class='ocrx_word' id='word_1_720' title='bbox 3378 4225 3452 4296; x_wconf 77' lang='grc' dir='ltr'>μὴ</span> <span class='ocrx_word' id='word_1_721' title='bbox 3507 4225 3673 4293; x_wconf 81' lang='grc' dir='ltr'>εἶναι,</span> 
     </span>
    </p>
   </div>
   <div class='ocr_carea' id='block_1_91' title="bbox 2014 4310 3675 4389">
    <p class='ocr_par' dir='ltr' id='par_1_91' title="bbox 2014 4310 3675 4389">
     <span class='ocr_line' id='line_1_91' title="bbox 2014 4310 3675 4389; baseline -0.001 -22"><span class='ocrx_word' id='word_1_722' title='bbox 2014 4311 2106 4368; x_wconf 67' lang='grc' dir='ltr'>’ίνα</span> <span class='ocrx_word' id='word_1_723' title='bbox 2159 4315 2235 4385; x_wconf 70' lang='grc' dir='ltr'>μὴ</span> <span class='ocrx_word' id='word_1_724' title='bbox 2292 4313 2577 4389; x_wconf 73' lang='grc' dir='ltr'>ἀγέννητον</span> <span class='ocrx_word' id='word_1_725' title='bbox 2637 4316 2964 4386; x_wconf 75' lang='grc' dir='ltr'>νοήσωμενε</span> <span class='ocrx_word' id='word_1_726' title='bbox 3022 4314 3134 4369; x_wconf 82' lang='grc' dir='ltr'>Ἀθ.</span> <span class='ocrx_word' id='word_1_727' title='bbox 3166 4314 3300 4368; x_wconf 56' lang='grc' dir='ltr'>εἷπε</span> <span class='ocrx_word' id='word_1_728' title='bbox 3339 4310 3535 4382; x_wconf 67' lang='grc' dir='ltr'>Ιίολλῆ</span> <span class='ocrx_word' id='word_1_729' title='bbox 3578 4334 3675 4384; x_wconf 84' lang='grc' dir='ltr'><strong>μοι</strong></span> 
     </span>
    </p>
   </div>
   <div class='ocr_carea' id='block_1_92' title="bbox 2021 4398 3678 4479">
    <p class='ocr_par' dir='ltr' id='par_1_92' title="bbox 2021 4398 3678 4479">
     <span class='ocr_line' id='line_1_92' title="bbox 2021 4398 3678 4479; baseline -0.001 -22"><span class='ocrx_word' id='word_1_730' title='bbox 2021 4403 2327 4473; x_wconf 76' lang='grc' dir='ltr'>ἐναντιότης</span> <span class='ocrx_word' id='word_1_731' title='bbox 2385 4398 2649 4457; x_wconf 83' lang='grc' dir='ltr'>δείκνυται</span> <span class='ocrx_word' id='word_1_732' title='bbox 2703 4402 2838 4478; x_wconf 86' lang='grc' dir='ltr'>πρὸς</span> <span class='ocrx_word' id='word_1_733' title='bbox 2897 4404 2996 4472; x_wconf 76' lang='grc' dir='ltr'><strong>τήν</strong></span> <span class='ocrx_word' id='word_1_734' title='bbox 3052 4407 3159 4457; x_wconf 82' lang='grc' dir='ltr'>τῶν</span> <span class='ocrx_word' id='word_1_735' title='bbox 3218 4401 3373 4456; x_wconf 80' lang='grc' dir='ltr'>θείων</span> <span class='ocrx_word' id='word_1_736' title='bbox 3443 4407 3678 4479; x_wconf 77' lang='grc' dir='ltr'>Γραφῶν</span> 
     </span>
    </p>
   </div>
   <div class='ocr_carea' id='block_1_93' title="bbox 2025 4487 3676 4568">
    <p class='ocr_par' dir='ltr' id='par_1_93' title="bbox 2025 4487 3676 4568">
     <span class='ocr_line' id='line_1_93' title="bbox 2025 4487 3676 4568; baseline -0.001 -21"><span class='ocrx_word' id='word_1_737' title='bbox 2025 4487 2313 4553; x_wconf 73' lang='grc' dir='ltr'>εὐσέϐειαν,</span> <span class='ocrx_word' id='word_1_738' title='bbox 2349 4496 2630 4568; x_wconf 69' lang='grc' dir='ltr'>πανταχοῦ</span> <span class='ocrx_word' id='word_1_739' title='bbox 2666 4497 3080 4565; x_wconf 79' lang='grc' dir='ltr'>μαρτυρουσῶν,</span> <span class='ocrx_word' id='word_1_740' title='bbox 3139 4490 3221 4545; x_wconf 77' lang='grc' dir='ltr'><strong>ὅτι</strong></span> <span class='ocrx_word' id='word_1_741' title='bbox 3273 4491 3397 4553; x_wconf 68' lang='grc' dir='ltr'>Υἱὸς</span> <span class='ocrx_word' id='word_1_742' title='bbox 3450 4490 3529 4545; x_wconf 76' lang='grc' dir='ltr'><strong>ἀεὶ</strong></span> <span class='ocrx_word' id='word_1_743' title='bbox 3579 4492 3676 4564; x_wconf 77' lang='grc' dir='ltr'><strong>ἦν,</strong></span> 
     </span>
    </p>
   </div>
   <div class='ocr_carea' id='block_1_94' title="bbox 261 4578 1907 4668">
    <p class='ocr_par' dir='ltr' id='par_1_94' title="bbox 261 4580 1907 4654">
     <span class='ocr_line' id='line_1_94' title="bbox 261 4580 1907 4654; baseline 0.001 -17"><span class='ocrx_word' id='word_1_744' title='bbox 261 4581 504 4654; x_wconf 89' lang='lat' dir='ltr'><strong>lumque</strong></span> <span class='ocrx_word' id='word_1_745' title='bbox 536 4596 793 4652; x_wconf 86' lang='lat' dir='ltr'><strong>unquam</strong></span> <span class='ocrx_word' id='word_1_746' title='bbox 828 4580 1010 4636; x_wconf 79' lang='lat' dir='ltr'><strong>fuisse</strong></span> <span class='ocrx_word' id='word_1_747' title='bbox 1040 4583 1296 4653; x_wconf 89' lang='lat' dir='ltr'><strong>tempus,</strong></span> <span class='ocrx_word' id='word_1_748' title='bbox 1321 4597 1449 4636; x_wconf 90' lang='lat' dir='ltr'><strong>cum</strong></span> <span class='ocrx_word' id='word_1_749' title='bbox 1484 4597 1599 4637; x_wconf 92' lang='lat' dir='ltr'><strong>non</strong></span> <span class='ocrx_word' id='word_1_750' title='bbox 1631 4587 1802 4638; x_wconf 81' lang='lat' dir='ltr'><strong>esset.</strong></span> <span class='ocrx_word' id='word_1_751' title='bbox 1827 4584 1907 4638; x_wconf 87' lang='lat' dir='ltr'><strong>An</strong></span> 
     </span>
    </p>
   </div>
   <div class='ocr_carea' id='block_1_95' title="bbox 2020 4578 3675 4668">
    <p class='ocr_par' dir='ltr' id='par_1_95' title="bbox 2020 4578 3675 4657">
     <span class='ocr_line' id='line_1_95' title="bbox 2020 4578 3675 4657; baseline -0.002 -21"><span class='ocrx_word' id='word_1_752' title='bbox 2020 4582 2109 4637; x_wconf 81' lang='grc' dir='ltr'><strong>καὶ</strong></span> <span class='ocrx_word' id='word_1_753' title='bbox 2142 4579 2399 4636; x_wconf 81' lang='grc' dir='ltr'>οὐδέποτε</span> <span class='ocrx_word' id='word_1_754' title='bbox 2426 4584 2491 4650; x_wconf 73' lang='grc' dir='ltr'><strong>ἦν</strong></span> <span class='ocrx_word' id='word_1_755' title='bbox 2524 4582 2733 4657; x_wconf 81' lang='grc' dir='ltr'>καιρὸς,</span> <span class='ocrx_word' id='word_1_756' title='bbox 2766 4581 2854 4637; x_wconf 81' lang='grc' dir='ltr'><strong>ὅτε</strong></span> <span class='ocrx_word' id='word_1_757' title='bbox 2885 4581 2983 4653; x_wconf 72' lang='grc' dir='ltr'><strong>οὐκ</strong></span> <span class='ocrx_word' id='word_1_758' title='bbox 3020 4581 3110 4650; x_wconf 77' lang='grc' dir='ltr'><strong>ἦν.</strong></span> <span class='ocrx_word' id='word_1_759' title='bbox 3143 4584 3211 4637; x_wconf 81' lang='grc' dir='ltr'><em>Ἤ</em></span> <span class='ocrx_word' id='word_1_760' title='bbox 3246 4581 3308 4635; x_wconf 81' lang='lat' dir='ltr'>o6</span> <span class='ocrx_word' id='word_1_761' title='bbox 3367 4578 3517 4635; x_wconf 80' lang='grc' dir='ltr'>δοκεῖ</span> <span class='ocrx_word' id='word_1_762' title='bbox 3563 4601 3675 4652; x_wconf 74' lang='grc' dir='ltr'>σοι,</span> 
     </span>
    </p>
   </div>
   <div class='ocr_carea' id='block_1_96' title="bbox 260 4668 1907 4741">
    <p class='ocr_par' dir='ltr' id='par_1_96' title="bbox 260 4668 1907 4741">
     <span class='ocr_line' id='line_1_96' title="bbox 260 4668 1907 4741; baseline 0.001 -16"><span class='ocrx_word' id='word_1_763' title='bbox 260 4689 375 4727; x_wconf 88' lang='lat' dir='ltr'><strong>non</strong></span> <span class='ocrx_word' id='word_1_764' title='bbox 408 4670 513 4727; x_wconf 86' lang='lat' dir='ltr'><strong>tibi</strong></span> <span class='ocrx_word' id='word_1_765' title='bbox 544 4671 790 4741; x_wconf 83' lang='lat' dir='ltr'><strong>videtur,</strong></span> <span class='ocrx_word' id='word_1_766' title='bbox 814 4669 860 4725; x_wconf 89' lang='lat' dir='ltr'><strong>si</strong></span> <span class='ocrx_word' id='word_1_767' title='bbox 904 4669 960 4725; x_wconf 91' lang='lat' dir='ltr'><strong>id</strong></span> <span class='ocrx_word' id='word_1_768' title='bbox 1006 4668 1297 4737; x_wconf 89' lang='lat' dir='ltr'><strong>dicamus,</strong></span> <span class='ocrx_word' id='word_1_769' title='bbox 1319 4670 1610 4725; x_wconf 76' lang='lat' dir='ltr'><strong>contraria</strong></span> <span class='ocrx_word' id='word_1_770' title='bbox 1641 4687 1745 4725; x_wconf 90' lang='lat' dir='ltr'><strong>nos</strong></span> <span class='ocrx_word' id='word_1_771' title='bbox 1776 4687 1907 4726; x_wconf 87' lang='lat' dir='ltr'><strong>sen-</strong></span> 
     </span>
    </p>
   </div>
   <div class='ocr_carea' id='block_1_97' title="bbox 259 4757 1406 4832">
    <p class='ocr_par' dir='ltr' id='par_1_97' title="bbox 259 4757 1406 4832">
     <span class='ocr_line' id='line_1_97' title="bbox 259 4757 1406 4832; baseline -0.002 -17"><span class='ocrx_word' id='word_1_772' title='bbox 259 4762 369 4816; x_wconf 87' lang='lat' dir='ltr'><strong>tire</strong></span> <span class='ocrx_word' id='word_1_773' title='bbox 402 4759 717 4832; x_wconf 85' lang='lat' dir='ltr'><strong>Scripturis</strong></span> <span class='ocrx_word' id='word_1_774' title='bbox 748 4757 1028 4814; x_wconf 91' lang='lat' dir='ltr'><strong>divinitus</strong></span> <span class='ocrx_word' id='word_1_775' title='bbox 1060 4758 1406 4830; x_wconf 87' lang='lat' dir='ltr'><strong>inspiratis?</strong></span> 
     </span>
    </p>
   </div>
   <div class='ocr_carea' id='block_1_98' title="bbox 328 4847 1910 4906">
    <p class='ocr_par' dir='ltr' id='par_1_98' title="bbox 328 4847 1910 4906">
     <span class='ocr_line' id='line_1_98' title="bbox 328 4847 1910 4906; baseline -0.001 0"><span class='ocrx_word' id='word_1_776' title='bbox 328 4852 418 4906; x_wconf 85' lang='lat'><strong>25.</strong></span> <span class='ocrx_word' id='word_1_777' title='bbox 469 4852 561 4906; x_wconf 86' lang='lat' dir='ltr'><strong>Ar.</strong></span> <span class='ocrx_word' id='word_1_778' title='bbox 615 4849 815 4904; x_wconf 80' lang='lat' dir='ltr'><strong>Profer</strong></span> <span class='ocrx_word' id='word_1_779' title='bbox 870 4847 1226 4904; x_wconf 87' lang='lat' dir='ltr'><strong>testimonia.</strong></span> <span class='ocrx_word' id='word_1_780' title='bbox 1278 4848 1402 4904; x_wconf 78' lang='grc' dir='ltr'>ΑιΙι.</span> <span class='ocrx_word' id='word_1_781' title='bbox 1451 4851 1740 4905; x_wconf 88' lang='lat' dir='ltr'><strong>Joannem</strong></span> <span class='ocrx_word' id='word_1_782' title='bbox 1774 4848 1910 4904; x_wconf 88' lang='lat' dir='ltr'><strong>audi</strong></span> 
     </span>
    </p>
   </div>
   <div class='ocr_carea' id='block_1_99' title="bbox 266 4937 1909 5009">
    <p class='ocr_par' dir='ltr' id='par_1_99' title="bbox 266 4937 1909 5009">
     <span class='ocr_line' id='line_1_99' title="bbox 266 4937 1909 5009; baseline 0 -15"><span class='ocrx_word' id='word_1_783' title='bbox 266 4940 577 5006; x_wconf 88' lang='lat' dir='ltr'><strong>dicentem,</strong></span> <span class='ocrx_word' id='word_1_784' title='bbox 607 4960 634 4989; x_wconf 90' lang='lat'><strong>«</strong></span> <span class='ocrx_word' id='word_1_785' title='bbox 676 4938 737 4993; x_wconf 90' lang='lat' dir='ltr'><strong>1n</strong></span> <span class='ocrx_word' id='word_1_786' title='bbox 782 4938 1067 5009; x_wconf 88' lang='lat' dir='ltr'><strong>principio</strong></span> <span class='ocrx_word' id='word_1_787' title='bbox 1110 4942 1235 4993; x_wconf 89' lang='lat' dir='ltr'><strong>erat</strong></span> <span class='ocrx_word' id='word_1_788' title='bbox 1263 4937 1541 5008; x_wconf 84' lang='lat' dir='ltr'><strong>Verbum,</strong></span> <span class='ocrx_word' id='word_1_789' title='bbox 1575 4943 1631 4993; x_wconf 93' lang='lat' dir='ltr'><strong>et</strong></span> <span class='ocrx_word' id='word_1_790' title='bbox 1664 4939 1909 4994; x_wconf 89' lang='lat' dir='ltr'><strong>Verbum</strong></span> 
     </span>
    </p>
   </div>
   <div class='ocr_carea' id='block_1_100' title="bbox 251 5026 1910 5100">
    <p class='ocr_par' dir='ltr' id='par_1_100' title="bbox 251 5026 1910 5100">
     <span class='ocr_line' id='line_1_100' title="bbox 251 5026 1910 5100; baseline -0.002 -14"><span class='ocrx_word' id='word_1_791' title='bbox 251 5036 378 5086; x_wconf 89' lang='lat' dir='ltr'><strong>erat</strong></span> <span class='ocrx_word' id='word_1_792' title='bbox 414 5030 567 5100; x_wconf 83' lang='lat' dir='ltr'><strong>apud</strong></span> <span class='ocrx_word' id='word_1_793' title='bbox 594 5027 801 5091; x_wconf 90' lang='lat' dir='ltr'><strong>Deum,</strong></span> <span class='ocrx_word' id='word_1_794' title='bbox 823 5032 879 5081; x_wconf 89' lang='lat' dir='ltr'><strong>et</strong></span> <span class='ocrx_word' id='word_1_795' title='bbox 904 5031 1053 5082; x_wconf 90' lang='lat' dir='ltr'><strong>Deus</strong></span> <span class='ocrx_word' id='word_1_796' title='bbox 1074 5030 1198 5082; x_wconf 85' lang='lat' dir='ltr'><strong>erat</strong></span> <span class='ocrx_word' id='word_1_797' title='bbox 1223 5026 1479 5082; x_wconf 87' lang='lat' dir='ltr'><strong>Verbum</strong></span> <span class='ocrx_word' id='word_1_798' title='bbox 1511 5044 1522 5081; x_wconf 93' lang='lat'>:</span> <span class='ocrx_word' id='word_1_799' title='bbox 1558 5026 1666 5082; x_wconf 88' lang='lat' dir='ltr'><strong>hoc</strong></span> <span class='ocrx_word' id='word_1_800' title='bbox 1698 5032 1822 5083; x_wconf 87' lang='lat' dir='ltr'><strong>erat</strong></span> <span class='ocrx_word' id='word_1_801' title='bbox 1853 5028 1910 5082; x_wconf 92' lang='lat' dir='ltr'><strong>in</strong></span> 
     </span>
    </p>
   </div>
   <div class='ocr_carea' id='block_1_101' title="bbox 245 5116 1914 5190">
    <p class='ocr_par' dir='ltr' id='par_1_101' title="bbox 245 5116 1914 5190">
     <span class='ocr_line' id='line_1_101' title="bbox 245 5116 1914 5190; baseline 0 -17"><span class='ocrx_word' id='word_1_802' title='bbox 245 5118 548 5190; x_wconf 77' lang='lat' dir='ltr'><strong>principio</strong></span> <span class='ocrx_word' id='word_1_803' title='bbox 582 5117 735 5188; x_wconf 86' lang='lat' dir='ltr'><strong>apud</strong></span> <span class='ocrx_word' id='word_1_804' title='bbox 771 5116 1060 5172; x_wconf 62' lang='lat' dir='ltr'><strong>Deum‘“.</strong></span> <span class='ocrx_word' id='word_1_805' title='bbox 1082 5139 1102 5165; x_wconf 70' lang='grc' dir='ltr'><strong>η</strong></span> <span class='ocrx_word' id='word_1_806' title='bbox 1125 5116 1264 5181; x_wconf 90' lang='lat' dir='ltr'><strong>Quis</strong></span> <span class='ocrx_word' id='word_1_807' title='bbox 1295 5122 1633 5185; x_wconf 87' lang='lat' dir='ltr'><strong>sanctorum</strong></span> <span class='ocrx_word' id='word_1_808' title='bbox 1664 5117 1914 5190; x_wconf 87' lang='lat' dir='ltr'><strong>prophe-</strong></span> 
     </span>
    </p>
   </div>
   <div class='ocr_carea' id='block_1_102' title="bbox 247 5204 1916 5279">
    <p class='ocr_par' dir='ltr' id='par_1_102' title="bbox 247 5204 1916 5279">
     <span class='ocr_line' id='line_1_102' title="bbox 247 5204 1916 5279; baseline -0.001 -16"><span class='ocrx_word' id='word_1_809' title='bbox 247 5214 441 5264; x_wconf 89' lang='lat' dir='ltr'><strong>tarum</strong></span> <span class='ocrx_word' id='word_1_810' title='bbox 484 5206 569 5261; x_wconf 88' lang='lat' dir='ltr'><strong>vel</strong></span> <span class='ocrx_word' id='word_1_811' title='bbox 602 5204 1000 5277; x_wconf 82' lang='lat' dir='ltr'><strong>apostolorum</strong></span> <span class='ocrx_word' id='word_1_812' title='bbox 1040 5204 1181 5261; x_wconf 85' lang='lat' dir='ltr'><strong>talia</strong></span> <span class='ocrx_word' id='word_1_813' title='bbox 1222 5223 1482 5279; x_wconf 89' lang='lat' dir='ltr'><strong>unquam</strong></span> <span class='ocrx_word' id='word_1_814' title='bbox 1518 5206 1684 5278; x_wconf 85' lang='lat' dir='ltr'><strong>dixit,</strong></span> <span class='ocrx_word' id='word_1_815' title='bbox 1718 5206 1916 5279; x_wconf 76' lang='lat' dir='ltr'><strong>qualia</strong></span> 
     </span>
    </p>
   </div>
   <div class='ocr_carea' id='block_1_103' title="bbox 323 5376 1462 5445">
    <p class='ocr_par' dir='ltr' id='par_1_103' title="bbox 323 5376 1462 5445">
     <span class='ocr_line' id='line_1_103' title="bbox 323 5376 1462 5445; baseline -0.002 -12"><span class='ocrx_word' id='word_1_816' title='bbox 323 5380 368 5413; x_wconf 74' lang='lat'>“</span> <span class='ocrx_word' id='word_1_817' title='bbox 400 5376 548 5433; x_wconf 86' lang='lat' dir='ltr'><strong>Psal.</strong></span> <span class='ocrx_word' id='word_1_818' title='bbox 585 5392 748 5445; x_wconf 83' lang='lat' dir='ltr'><strong>Lxxx,</strong></span> <span class='ocrx_word' id='word_1_819' title='bbox 784 5377 871 5431; x_wconf 90' lang='grc'><strong>10.</strong></span> <span class='ocrx_word' id='word_1_820' title='bbox 950 5377 1019 5411; x_wconf 69' lang='grc'><strong>⁸⁸·</strong></span> <span class='ocrx_word' id='word_1_821' title='bbox 1048 5377 1219 5433; x_wconf 86' lang='lat' dir='ltr'><strong>Joan.</strong></span> <span class='ocrx_word' id='word_1_822' title='bbox 1253 5394 1293 5443; x_wconf 82' lang='grc' dir='ltr'><strong>ι,</strong></span> <span class='ocrx_word' id='word_1_823' title='bbox 1330 5378 1379 5441; x_wconf 82' lang='grc'>1,</span> <span class='ocrx_word' id='word_1_824' title='bbox 1409 5378 1462 5431; x_wconf 87' lang='grc'><strong>2.</strong></span> 
     </span>
    </p>
   </div>
   <div class='ocr_carea' id='block_1_104' title="bbox 320 5547 1899 5620">
    <p class='ocr_par' dir='ltr' id='par_1_104' title="bbox 320 5547 1899 5620">
     <span class='ocr_line' id='line_1_104' title="bbox 320 5547 1899 5620; baseline 0.001 -18"><span class='ocrx_word' id='word_1_825' title='bbox 320 5548 432 5619; x_wconf 83' lang='grc'><strong>(35)</strong></span> <span class='ocrx_word' id='word_1_826' title='bbox 466 5549 614 5620; x_wconf 72' lang='lat' dir='ltr'><strong>Edit.</strong></span> <span class='ocrx_word' id='word_1_827' title='bbox 649 5550 871 5608; x_wconf 91' lang='lat' dir='ltr'><strong>Comm.</strong></span> <span class='ocrx_word' id='word_1_828' title='bbox 905 5566 1038 5606; x_wconf 91' lang='lat' dir='ltr'><strong>cum</strong></span> <span class='ocrx_word' id='word_1_829' title='bbox 1073 5548 1423 5620; x_wconf 87' lang='lat' dir='ltr'><strong>quibusdam</strong></span> <span class='ocrx_word' id='word_1_830' title='bbox 1460 5547 1899 5620; x_wconf 85' lang='lat' dir='ltr'><strong>manuscriptis,</strong></span> 
     </span>
    </p>
   </div>
   <div class='ocr_carea' id='block_1_105' title="bbox 249 5616 1903 5694">
    <p class='ocr_par' dir='ltr' id='par_1_105' title="bbox 249 5616 1903 5694">
     <span class='ocr_line' id='line_1_105' title="bbox 249 5616 1903 5694; baseline 0 -21"><span class='ocrx_word' id='word_1_831' title='bbox 249 5616 799 5694; x_wconf 37' lang='lat' dir='ltr'><strong>3:9;oaﬁo6560pévwv.</strong></span> <span class='ocrx_word' id='word_1_832' title='bbox 848 5622 998 5680; x_wconf 78' lang='lat' dir='ltr'><strong>Edit.</strong></span> <span class='ocrx_word' id='word_1_833' title='bbox 1058 5616 1240 5677; x_wconf 64' lang='lat' dir='ltr'><strong>Paris.</strong></span> <span class='ocrx_word' id='word_1_834' title='bbox 1293 5636 1425 5676; x_wconf 91' lang='lat' dir='ltr'><strong>cum</strong></span> <span class='ocrx_word' id='word_1_835' title='bbox 1486 5619 1636 5687; x_wconf 89' lang='lat' dir='ltr'><strong>aliis,</strong></span> <span class='ocrx_word' id='word_1_836' title='bbox 1696 5616 1903 5694; x_wconf 67' lang='grc' dir='ltr'>προαπ-</span> 
     </span>
    </p>
   </div>
   <div class='ocr_carea' id='block_1_106' title="bbox 252 5688 1503 5768">
    <p class='ocr_par' dir='ltr' id='par_1_106' title="bbox 252 5688 1503 5768">
     <span class='ocr_line' id='line_1_106' title="bbox 252 5688 1503 5768; baseline 0.003 -23"><span class='ocrx_word' id='word_1_837' title='bbox 252 5688 630 5768; x_wconf 71' lang='grc' dir='ltr'>δεδειγμένων.</span> <span class='ocrx_word' id='word_1_838' title='bbox 1500 5726 1503 5729; x_wconf 53' lang='grc' dir='ltr'><strong>η</strong></span> 
     </span>
    </p>
   </div>
   <div class='ocr_carea' id='block_1_107' title="bbox 2021 4666 3672 4749">
    <p class='ocr_par' dir='ltr' id='par_1_107' title="bbox 2021 4666 3672 4749">
     <span class='ocr_line' id='line_1_107' title="bbox 2021 4666 3672 4749; baseline -0.002 -24"><span class='ocrx_word' id='word_1_839' title='bbox 2021 4670 2106 4725; x_wconf 73' lang='grc' dir='ltr'><strong>ἐὰν</strong></span> <span class='ocrx_word' id='word_1_840' title='bbox 2142 4673 2252 4743; x_wconf 87' lang='grc'><strong>(37)</strong></span> <span class='ocrx_word' id='word_1_841' title='bbox 2296 4666 2546 4744; x_wconf 58' lang='grc' dir='ltr'>εῗίπαμεν,</span> <span class='ocrx_word' id='word_1_842' title='bbox 2596 4669 2807 4726; x_wconf 87' lang='grc' dir='ltr'>ἐναντία</span> <span class='ocrx_word' id='word_1_843' title='bbox 2855 4675 3068 4749; x_wconf 71' lang='grc' dir='ltr'>φρονεῖν</span> <span class='ocrx_word' id='word_1_844' title='bbox 3112 4673 3229 4732; x_wconf 85' lang='grc' dir='ltr'>ταῖς</span> <span class='ocrx_word' id='word_1_845' title='bbox 3290 4669 3672 4732; x_wconf 73' lang='grc' dir='ltr'>θεοπνεύστοις</span> 
     </span>
    </p>
   </div>
   <div class='ocr_carea' id='block_1_108' title="bbox 2017 4764 2288 4838">
    <p class='ocr_par' dir='ltr' id='par_1_108' title="bbox 2017 4764 2288 4838">
     <span class='ocr_line' id='line_1_108' title="bbox 2017 4764 2288 4838; baseline -0.007 -23"><span class='ocrx_word' id='word_1_846' title='bbox 2017 4764 2252 4838; x_wconf 65' lang='grc' dir='ltr'>Γραφαῖς</span> <span class='ocrx_word' id='word_1_847' title='bbox 2275 4779 2288 4827; x_wconf 89' lang='grc'><strong>;</strong></span> 
     </span>
    </p>
   </div>
   <div class='ocr_carea' id='block_1_109' title="bbox 2090 4848 3670 4926">
    <p class='ocr_par' dir='ltr' id='par_1_109' title="bbox 2090 4848 3670 4926">
     <span class='ocr_line' id='line_1_109' title="bbox 2090 4848 3670 4926; baseline -0.003 -19"><span class='ocrx_word' id='word_1_848' title='bbox 2090 4852 2177 4907; x_wconf 79' lang='grc'><strong>25.</strong></span> <span class='ocrx_word' id='word_1_849' title='bbox 2212 4856 2337 4923; x_wconf 75' lang='grc' dir='ltr'>Ἃρ.</span> <span class='ocrx_word' id='word_1_850' title='bbox 2400 4848 2533 4904; x_wconf 76' lang='grc' dir='ltr'>εἶπε·</span> <span class='ocrx_word' id='word_1_851' title='bbox 2587 4848 2686 4911; x_wconf 88' lang='grc' dir='ltr'>Δός</span> <span class='ocrx_word' id='word_1_852' title='bbox 2744 4870 2836 4923; x_wconf 89' lang='grc' dir='ltr'><strong>μοι</strong></span> <span class='ocrx_word' id='word_1_853' title='bbox 2894 4848 2987 4912; x_wconf 74' lang='grc' dir='ltr'><strong>τὰς</strong></span> <span class='ocrx_word' id='word_1_854' title='bbox 3034 4849 3351 4926; x_wconf 82' lang='grc' dir='ltr'>μαρτυρίας.</span> <span class='ocrx_word' id='word_1_855' title='bbox 3386 4849 3500 4905; x_wconf 87' lang='grc' dir='ltr'>Ἀθ.</span> <span class='ocrx_word' id='word_1_856' title='bbox 3531 4849 3670 4903; x_wconf 81' lang='grc' dir='ltr'>εἷπε·</span> 
     </span>
    </p>
   </div>
   <div class='ocr_carea' id='block_1_110' title="bbox 2019 4937 3673 5015">
    <p class='ocr_par' dir='ltr' id='par_1_110' title="bbox 2019 4937 3673 5015">
     <span class='ocr_line' id='line_1_110' title="bbox 2019 4937 3673 5015; baseline -0.001 -20"><span class='ocrx_word' id='word_1_857' title='bbox 2019 4942 2221 4995; x_wconf 72' lang='lat' dir='ltr'><strong>&quot;Amos</strong></span> <span class='ocrx_word' id='word_1_858' title='bbox 2276 4938 2529 4994; x_wconf 75' lang='grc' dir='ltr'>Ἰωάννου</span> <span class='ocrx_word' id='word_1_859' title='bbox 2585 4938 2863 5013; x_wconf 84' lang='grc' dir='ltr'>λέγοντος·</span> <span class='ocrx_word' id='word_1_860' title='bbox 2922 4963 2945 4989; x_wconf 78' lang='grc'><strong>‹‹</strong></span> <span class='ocrx_word' id='word_1_861' title='bbox 2994 4939 3082 4995; x_wconf 83' lang='grc' dir='ltr'>Ἐν</span> <span class='ocrx_word' id='word_1_862' title='bbox 3131 4937 3279 5013; x_wconf 79' lang='grc' dir='ltr'>ἀρχῇ</span> <span class='ocrx_word' id='word_1_863' title='bbox 3310 4938 3376 5007; x_wconf 77' lang='grc' dir='ltr'><strong>ἦν</strong></span> <span class='ocrx_word' id='word_1_864' title='bbox 3410 4940 3438 4993; x_wconf 88' lang='lat'><strong>6</strong></span> <span class='ocrx_word' id='word_1_865' title='bbox 3472 4937 3673 5015; x_wconf 65' lang='grc' dir='ltr'>Λόγος,</span> 
     </span>
    </p>
   </div>
   <div class='ocr_carea' id='block_1_111' title="bbox 2022 5028 3672 5104">
    <p class='ocr_par' dir='ltr' id='par_1_111' title="bbox 2022 5028 3672 5104">
     <span class='ocr_line' id='line_1_111' title="bbox 2022 5028 3672 5104; baseline -0.001 -21"><span class='ocrx_word' id='word_1_866' title='bbox 2022 5029 2110 5083; x_wconf 78' lang='grc' dir='ltr'>καὶ</span> <span class='ocrx_word' id='word_1_867' title='bbox 2141 5029 2168 5083; x_wconf 87' lang='lat'><strong>6</strong></span> <span class='ocrx_word' id='word_1_868' title='bbox 2202 5028 2376 5103; x_wconf 71' lang='grc' dir='ltr'>Λόγος</span> <span class='ocrx_word' id='word_1_869' title='bbox 2407 5029 2475 5097; x_wconf 87' lang='grc' dir='ltr'><strong>ἧν</strong></span> <span class='ocrx_word' id='word_1_870' title='bbox 2506 5030 2640 5104; x_wconf 87' lang='grc' dir='ltr'>πρὸς</span> <span class='ocrx_word' id='word_1_871' title='bbox 2668 5028 2759 5083; x_wconf 89' lang='grc' dir='ltr'><strong>τὸν</strong></span> <span class='ocrx_word' id='word_1_872' title='bbox 2792 5029 2943 5093; x_wconf 83' lang='grc' dir='ltr'>Θεὸν,</span> <span class='ocrx_word' id='word_1_873' title='bbox 3001 5028 3092 5083; x_wconf 86' lang='grc' dir='ltr'><strong>καὶ</strong></span> <span class='ocrx_word' id='word_1_874' title='bbox 3136 5029 3264 5088; x_wconf 83' lang='grc' dir='ltr'>Θεὸς</span> <span class='ocrx_word' id='word_1_875' title='bbox 3292 5030 3356 5095; x_wconf 76' lang='grc' dir='ltr'>ἦν</span> <span class='ocrx_word' id='word_1_876' title='bbox 3391 5028 3419 5083; x_wconf 88' lang='lat'><strong>6</strong></span> <span class='ocrx_word' id='word_1_877' title='bbox 3472 5028 3672 5103; x_wconf 55' lang='grc' dir='ltr'>Λόγος</span> 
     </span>
    </p>
   </div>
   <div class='ocr_carea' id='block_1_112' title="bbox 2026 5113 3675 5194">
    <p class='ocr_par' dir='ltr' id='par_1_112' title="bbox 2026 5113 3675 5194">
     <span class='ocr_line' id='line_1_112' title="bbox 2026 5113 3675 5194; baseline -0.001 -21"><span class='ocrx_word' id='word_1_878' title='bbox 2026 5118 2182 5180; x_wconf 73' lang='grc' dir='ltr'>οὗτος</span> <span class='ocrx_word' id='word_1_879' title='bbox 2213 5119 2278 5188; x_wconf 75' lang='grc' dir='ltr'>ἦν</span> <span class='ocrx_word' id='word_1_880' title='bbox 2316 5118 2366 5173; x_wconf 88' lang='grc' dir='ltr'><strong>ἐν</strong></span> <span class='ocrx_word' id='word_1_881' title='bbox 2402 5119 2548 5194; x_wconf 82' lang='grc' dir='ltr'>ἀρχῇ</span> <span class='ocrx_word' id='word_1_882' title='bbox 2580 5118 2718 5194; x_wconf 86' lang='grc' dir='ltr'>πρὸς</span> <span class='ocrx_word' id='word_1_883' title='bbox 2746 5116 2838 5173; x_wconf 87' lang='grc' dir='ltr'><strong>τὸν</strong></span> <span class='ocrx_word' id='word_1_884' title='bbox 2884 5115 3035 5174; x_wconf 86' lang='grc' dir='ltr'>Θεόν.</span> <span class='ocrx_word' id='word_1_885' title='bbox 3077 5140 3105 5169; x_wconf 87' lang='grc'><strong>››</strong></span> <span class='ocrx_word' id='word_1_886' title='bbox 3151 5116 3245 5179; x_wconf 88' lang='grc' dir='ltr'>Τίς</span> <span class='ocrx_word' id='word_1_887' title='bbox 3290 5113 3435 5187; x_wconf 76' lang='grc' dir='ltr'>ἔλεξε</span> <span class='ocrx_word' id='word_1_888' title='bbox 3490 5115 3675 5172; x_wconf 81' lang='grc' dir='ltr'>τοιάδε</span> 
     </span>
    </p>
   </div>
   <div class='ocr_carea' id='block_1_113' title="bbox 2024 5204 3674 5286">
    <p class='ocr_par' dir='ltr' id='par_1_113' title="bbox 2024 5204 3674 5286">
     <span class='ocr_line' id='line_1_113' title="bbox 2024 5204 3674 5286; baseline -0.002 -24"><span class='ocrx_word' id='word_1_889' title='bbox 2024 5212 2131 5262; x_wconf 79' lang='grc' dir='ltr'><strong>τῶν</strong></span> <span class='ocrx_word' id='word_1_890' title='bbox 2195 5207 2359 5283; x_wconf 64' lang='grc' dir='ltr'><strong>⁴ἱγίων</strong></span> <span class='ocrx_word' id='word_1_891' title='bbox 2418 5211 2713 5286; x_wconf 77' lang='grc' dir='ltr'>προφητῶν</span> <span class='ocrx_word' id='word_1_892' title='bbox 2753 5205 2842 5262; x_wconf 81' lang='grc' dir='ltr'>καὶ</span> <span class='ocrx_word' id='word_1_893' title='bbox 2900 5205 3244 5280; x_wconf 76' lang='grc' dir='ltr'>ἀποστόλων,</span> <span class='ocrx_word' id='word_1_894' title='bbox 3295 5206 3382 5262; x_wconf 78' lang='grc' dir='ltr'>οἷα</span> <span class='ocrx_word' id='word_1_895' title='bbox 3411 5204 3501 5261; x_wconf 82' lang='grc' dir='ltr'>καὶ</span> <span class='ocrx_word' id='word_1_896' title='bbox 3566 5204 3674 5275; x_wconf 73' lang='grc' dir='ltr'>σός</span> 
     </span>
    </p>
   </div>
   <div class='ocr_carea' id='block_1_114' title="bbox 2108 5547 2700 5624">
    <p class='ocr_par' dir='ltr' id='par_1_114' title="bbox 2108 5547 2700 5624">
     <span class='ocr_line' id='line_1_114' title="bbox 2108 5547 2700 5624; baseline -0.008 0"><span class='ocrx_word' id='word_1_897' title='bbox 2108 5550 2196 5624; x_wconf 73' lang='grc'><strong>36)</strong></span> <span class='ocrx_word' id='word_1_898' title='bbox 2230 5554 2377 5622; x_wconf 77' lang='grc' dir='ltr'><strong>Αυε-</strong></span> <span class='ocrx_word' id='word_1_899' title='bbox 2414 5547 2700 5624; x_wconf 56' lang='lat' dir='ltr'><strong>speciatim-</strong></span> 
     </span>
    </p>
   </div>
   <div class='ocr_carea' id='block_1_115' title="bbox 2013 5617 3667 5770">
    <p class='ocr_par' dir='ltr' id='par_1_115' title="bbox 2013 5617 3667 5770">
     <span class='ocr_line' id='line_1_115' title="bbox 2013 5617 3667 5746; baseline -0.001 -70"><span class='ocrx_word' id='word_1_900' title='bbox 2013 5696 2049 5746; x_wconf 77' lang='grc' dir='ltr'><strong>Γ</strong></span> <span class='ocrx_word' id='word_1_901' title='bbox 2086 5617 2374 5707; x_wconf 36' lang='lat' dir='ltr'><strong>(371mg.</strong></span> <span class='ocrx_word' id='word_1_902' title='bbox 2406 5617 2750 5691; x_wconf 58' lang='grc' dir='ltr'>ἢέὸὸοὲιήσιι</span> <span class='ocrx_word' id='word_1_903' title='bbox 2778 5617 2900 5693; x_wconf 34' lang='grc' dir='ltr'>εέάν.</span> <span class='ocrx_word' id='word_1_904' title='bbox 2934 5622 3064 5679; x_wconf 86' lang='lat' dir='ltr'><strong>Mox</strong></span> <span class='ocrx_word' id='word_1_905' title='bbox 3117 5622 3293 5693; x_wconf 86' lang='lat' dir='ltr'><strong>idem,</strong></span> <span class='ocrx_word' id='word_1_906' title='bbox 3327 5623 3444 5682; x_wconf 81' lang='grc' dir='ltr'>ταῖς</span> <span class='ocrx_word' id='word_1_907' title='bbox 3492 5618 3667 5683; x_wconf 76' lang='grc' dir='ltr'>θείαις</span> 
     </span>
     <span class='ocr_line' id='line_1_116' title="bbox 2053 5711 2268 5770; baseline -0.009 -23"><span class='ocrx_word' id='word_1_908' title='bbox 2053 5711 2268 5770; x_wconf 76' lang='grc' dir='ltr'>ραφαις.</span> 
     </span>
    </p>
   </div>
  </div>
