2043 3111
26 2859 48 3084 Ι
186 2859 242 2906 ζξιέθ
254 2859 288 2900 ΚΞ

137 200 202 230 473

712 199 948 231 DlSPUTA'l‘lO
969 199 1128 230 CONTRA
1149 199 1287 231 AlilUM.

1793 201 1853 232 474

134 264 181 292 ὄτι
197 265 324 302 γινώσκει
339 264 528 304 ἀσφαλέστατα
542 264 608 292 πότε
638 264 733 302 μέλλει
763 262 891 303 ἔρχεσθαι
921 264 966 293 καὶ

1024 274 1058 294 eo
1074 266 1150 302 quod
1165 265 1194 294 in
1208 266 1406 294 controversia
1418 267 1471 301 est,
1488 265 1602 302 tibique
1610 265 1730 293 omnino
1741 266 1838 302 patebi

137 309 368 337 ἀποκαθιστάνειν
411 309 528 345 ἅπαντα,
557 310 647 341 καθὼς
683 309 863 347 προώρισται,
903 310 971 348 πρὸς

135 354 190 388 τήν
210 352 385 388 ἁδιὰζευκτον
401 353 483 381 αὐτοῦ
501 354 603 392 βουλὴν
620 354 665 382 καὶ
680 357 729 382 τοῦ
756 354 862 392 ΙΙατρὸς
876 354 969 384 αὐτοῦ.

137 396 242 426 Λαϐὼν
271 399 324 436 γ’ὶρ
351 399 382 426 τὸ
410 398 578 437 Εὐαγγὲλιον
593 399 620 426 ἐν
636 399 742 437 χερσῖν,
759 399 892 436 ἀνάγνωθι
920 400 971 434 τήν

136 443 296 480 περιιοπήν
324 445 373 470 τοῦ
403 443 540 471 Ματθαίου
568 443 629 481 περὶ
657 446 705 471 τοῦ
730 444 909 480 ζητουμένου,
925 445 971 472 καὶ

135 486 216 516 ἔσται
234 499 277 515 σοι
292 489 381 515 πάννα
405 487 559 524 κατάδηλα,
576 488 612 519 ὡς
641 488 692 516 οὐκ
719 490 810 526 ἀγνοεῖ
833 489 847 516 6
873 489 970 527 Κύριος

134 533 202 570 περὶ
219 534 267 567 τῆς
283 533 397 569 ἡμέρας.
416 532 450 560 Εἴ
464 532 493 560 δὲ
507 532 610 571 ἠγνόει,
627 536 685 564 πῶς
710 531 830 568 ἠδύνατο
857 533 890 560 τὰ
916 545 969 570 μη-

134 575 215 604 δέπω
245 575 321 613 ὄντα,
340 578 410 613 μήτε
440 578 494 613 μήν
523 577 657 614 γενόμενα
672 579 730 614 (Et)
746 578 848 613 σημεῖά
873 588 902 605 τε
925 578 971 606 καὶ

134 623 317 659 πειρατήρια,
349 623 418 659 ἅπερ
446 623 631 660 προτρέχουσι
672 623 725 659 πρὸ
767 626 817 657 τῆς
854 622 969 660 ἡμέρας,

1028 311 1182 339 Dominum
1195 311 1270 339 diem
1280 310 1628 347 minimeignorare.Nam
1640 310 1664 339 si
1674 310 1850 347 ignorasset,

1024 357 1171 392 quomodo
1198 356 1353 392 praedicere
1368 356 1512 392 potuisset
1527 355 1613 392 signa
1627 358 1655 383 et
1669 357 1851 383 testamenta

1025 400 1102 428 diem
1119 400 1335 437 praecurrentia,
1352 409 1418 429 cum
1447 400 1578 428 nondum
1593 403 1693 428 essent
1718 399 1761 427 vel
1777 400 1850 427 seci-

1025 445 1161 474 dissent?
1177 445 1319 481 siquidem
1347 453 1441 482 usque
1455 446 1491 473 ad
1516 444 1802 473 consummationem
1822 447 1852 473 et

1025 490 1182 517 adventum
1225 498 1312 518 suum
1357 490 1441 526 signa
1481 492 1511 518 et
1550 498 1650 518 eorum
1691 489 1849 525 qualitates

1025 534 1240 570 praenuntiavit,
1258 534 1298 562 ita
1318 536 1350 562 ut
1376 535 1569 563 studiosiores
1592 537 1622 563 et
1645 534 1849 563 laboriosiores

1025 587 1059 606 ex
1083 579 1119 606 iis
1145 587 1210 615 qua:
1230 579 1405 616 pnemonuit
1427 579 1570 607 Dominus
1593 581 1710 615 tempus
1734 579 1849 616 possint

1026 631 1212 659 cognoscere.

134 665 307 704 προλέγεινς
331 665 383 698 ἕως
419 667 469 704 γὰρ
511 670 560 702 τῆς
590 666 743 698 συντελείας
770 667 816 694 καὶ
843 667 993 704 παρουσίας
1021 667 1118 695 ἑαυτοῦ
1146 666 1326 705 προεδήλωσε
1353 668 1386 695 τὰ
1414 670 1526 704 σημεῖα,
1555 667 1600 695 καὶ
1623 666 1671 698 τὰς
1700 666 1848 702 ποιότητας

135 711 241 746 αὐτῶν,
270 711 307 742 ὡς
335 710 464 739 δύνασθαι
492 712 537 739 καὶ
565 710 629 743 τοὺς
658 710 885 749 σπουδαιοτέρους
915 713 973 748 (52)
997 711 1043 739 καὶ
1073 712 1239 751 φιλοπόνους
1263 712 1409 751 ἐπιγνῶναι
1438 713 1484 740 τὸν
1513 712 1608 750 καιρὸν
1636 711 1667 740 ἐκ
1693 714 1748 739 τῶν
1777 721 1848 749 προσ

136 756 328 791 μεμνημένων
342 756 410 793 πρὸς
424 758 472 783 τοῦ
486 756 594 793 Κυρίου.

171 801 221 828 27.
238 800 302 837 Ἀρ·
321 800 404 828 εἶπεν·
420 800 452 827 Εἰ
478 799 589 835 ἀληθῶς
611 800 750 828 ἐπίσταται
773 801 823 835 τὴν
853 801 968 838 ἡμέραν,

135 843 183 871 διὰ
212 844 240 871 τί
270 844 351 875 αὐτὸς
379 842 440 884 ἔφη·
459 856 474 871 ‹‹
490 843 586 873 οὐδὶὸ
613 846 675 876 Υἱὸς
704 844 761 873 οἶδε
785 846 835 880 τήν
863 846 968 883 ἡμέραν

136 887 268 924 {aestv-qv;
287 901 301 913 ιι
330 890 387 917 Ἀθ.
418 889 509 917 εἶπεν
539 889 594 917 Οὐκ
621 889 691 917 ε⁷πεν
719 891 733 917 6
760 890 870 928 Κύριος,
898 888 966 917 Οὐδὲ

136 932 191 970 ὶγὼ
221 932 284 961 οἶδα
311 934 361 968 τήν
389 934 494 971 ἡμέραν
520 933 635 969 ἐκείνην.
650 933 734 962 Τοῦτσ
764 935 815 973 γὰρ
845 933 964 962 ἀκόλου-

135 979 182 1005 θον
208 978 245 1012 ἦν
276 978 357 1016 φάναι
381 978 427 1005 τὸν
453 977 562 1016 Κύριον,
579 977 654 1016 εἷ’περ
668 978 751 1013 ἤθελε
779 979 840 1016 περὶ
871 979 967 1006 ἑαυτοῦ

136 1026 325 1060 παραστῆσαι,
341 1023 379 1054 ὡς
409 1023 448 1059 μή
482 1020 555 1060 ἔχων
582 1025 681 1060 γνῶσιν
710 1025 758 1051 τοῦ
795 1024 965 1062 πράγματος.

138 1066 188 1094 Καὶ
219 1066 246 1094 ἐν
279 1067 326 1103 μὲν
354 1069 395 1103 τῷ
423 1067 552 1103 Ματθαίῳ
583 1067 614 1094 οὐ
644 1067 876 1105 φὲρεται,()ὐδὲὸ
905 1068 966 1100 Υἱὸς

137 1110 194 1139 οἶδε
211 1112 269 1147 (53)
281 1112 332 1146 τὴν
361 1111 466 1149 ἡμέραν
496 1111 608 1147 ἐκείνην·
625 1112 652 1139 οὶ
680 1111 709 1139 δὲ
738 1112 831 1140 λοιποὶ
855 1112 965 1150 εὐαγγε-

137 1155 229 1183 λισταί
260 1155 413 1193 παρέλιπον
442 1157 492 1191 τήν
517 1157 579 1195 περὶ
602 1156 701 1184 τούτου
717 1155 855 1194 διήγησιν·
873 1158 967 1193 μονώ-

136 1211 220 1231 τατος
235 1199 265 1228 δὶ
276 1202 387 1238 Μάρκος
403 1199 464 1239 ἔφη’
475 1199 565 1228 «οὐδὲ
579 1202 593 1228 6
608 1202 666 1232 Υἱὸς
681 1213 695 1227 ι)
712 1200 770 1229 οἵδε
783 1202 834 1236 τήν
848 1202 965 1239 ἡμέραν.

137 1246 188 1273 Καὶ
226 1246 277 1279 τὴν
318 1247 368 1272 τοῦ
409 1246 523 1283 Μάρκου
552 1246 687 1285 ἀφήγησιν
714 1245 740 1273 ἐν
771 1246 890 1284 στέρνοις
918 1256 966 1273 σου

138 1292 238 1328 γνῶθι,
255 1291 298 1318 ὅτι
328 1290 379 1318 οὐκ
410 1292 504 1328 ἀγνοεῖ
529 1292 543 1319 6
560 1291 659 1329 Κύριος
684 1292 733 1326 τήν
760 1293 876 1330 ἡμέραν.
893 1291 965 1327 Φησὶ

137 1336 189 1373 γὰρ
210 1336 225 1363 6
256 1335 354 1373 Κύριος
369 1337 486 1372 Ἰησοῦς
511 1336 606 1375 «Περὶ
637 1336 666 1364 δὲ
692 1341 743 1372 τῆς
766 1338 871 1375 ἡμέρας
901 1337 967 1365 ὲκεί-

138 1391 188 1415 νης
218 1380 265 1407 καὶ
294 1380 369 1418 ὥρας
393 1379 481 1412 οὐδεδς
496 1380 578 1417 οἶδεν,
594 1380 656 1409 οὐδὲ
671 1382 697 1409 o't
714 1382 824 1419 ἄγγελοι
839 1384 893 1409 τῶν
920 1382 967 1410 οὖ-

139 1427 241 1461 ρανῶν,
255 1423 318 1452 οὐδὲ
337 1426 351 1452 ὁ
376 1425 448 1461 Υἱὸς,
466 1425 489 1453 εἴ
506 1426 544 1463 μή
560 1426 574 1453 6
591 1427 695 1463 Πατήρ.
713 1439 726 1451 n
741 1427 885 1454 Γινώσκων
914 1427 966 1466 γὰρ

140 1469 234 1497 ἑαυτὸν
261 1470 298 1505 μή
329 1468 462 1497 διεστῶτα
488 1470 541 1498 ἀπὸ
568 1472 617 1498 τοῦ
647 1471 752 1508 Ηατρὸς
779 1471 838 1498 κατ’
862 1471 966 1506 οὐσίαν,

141 1513 204 1542 ἀλλ’
218 1514 361 1550 ἡνωμένον
377 1516 411 1551 τῇ
429 1514 536 1550 θεότητι
555 1517 596 1551 τῷ
620 1517 679 1551 Θεῷ
694 1516 781 1554 ΙΙατρὶ
808 1515 900 1551 αὒτοῦ,
916 1517 965 1551 τήν

141 1559 239 1586 ἑαυτοῦ
281 1558 434 1597 πρόγνωσιν
462 1559 488 1587 ὲν
515 1561 549 1596 τῇ
583 1561 632 1587 τοῦ
668 1560 773 1598 Πατρὸς
814 1561 966 1598 προγνώσει

140 1602 287 1639 ἐσήμανεν,
304 1602 341 1633 ὥς
369 1614 450 1642 φησιν
469 1604 483 1631 6
509 1603 614 1641 Κύριος·
633 1616 646 1629 ι(
662 1596 731 1642 Ἐγῶ
760 1604 805 1632 καὶ
871 1596 965 1643 ίῐατὴρ
982 1596 1003 1630 C

139 1646 165 1674 ’ἑν
195 1647 288 1683 ἐσμεν·
307 1659 322 1672 ι)
336 1647 381 1675 καὶ
407 1647 501 1676 πάλιν
519 1660 533 1674 ‹‹
550 1649 653 1682 Πάντα,
682 1648 732 1676 ὅσα
755 1647 813 1687 ἔχει
829 1650 844 1677 ὁ
861 1650 966 1689 Πατὴρ,

140 1691 192 1727 ἅμα
219 1691 301 1720 ἐστιν.
319 1704 333 1717 »
349 1692 410 1730 Οὐχ
438 1691 525 1720 ἕνεκεν
554 1695 669 1721 κτιστῶν
696 1694 864 1732 πραγμάτων
887 1697 968 1722 τοῦτο

139 1736 190 1777 ἔφη
208 1738 222 1764 6
240 1738 339 1776 Σωτήρ
353 1738 395 1774 τὸ,
412 1739 503 1767 Πάντα
518 1738 568 1766 ὅσα
582 1736 640 1776 ἔχει
656 1739 670 1766 6
688 1739 792 1777 Πατήρ,
809 1739 861 1776 ἐμά
884 1739 966 1768 ἐστιν·

140 1782 205 1810 ἀλλ’
220 1782 273 1810 ὅσα
287 1783 369 1817 ἀνῆκε
433 1783 540 1819 θεότητι
556 1786 604 1811 τοῦ
621 1784 736 1820 Πατρὸς,
752 1784 820 1812 αὐτὰ
844 1784 899 1812 ἴδια
915 1783 966 1825 ἔφη

140 1828 154 1855 6
170 1827 282 1865 Κύριος,
312 1829 369 1855 οἷον
397 1829 429 1856 τὸ
457 1829 643 1862 ἀθάνατον,τό
673 1828 864 1869 ἅφθαρτον,τὸ
891 1831 967 1869 ἀχεί-

140 1883 239 1909 pontu,
255 1873 287 1900 τὸ
302 1872 443 1911 ἄτρεπτον,
459 1875 491 1902 τὸ
519 1874 722 1910 ἀκατάληπτον,
738 1875 768 1902 τὸ
798 1874 920 1911 δυνατὸν,
936 1877 967 1904 τὸ

141 1918 355 1956 προγνωστιιὸν,
385 1918 430 1946 καὶ
458 1918 508 1946 ὅσα
536 1918 607 1947 ἐστὶν
636 1920 650 1947 6
677 1919 773 1957 Ιῐατήρ
802 1918 874 1958 ἔχων
899 1922 966 1958 (54),

138 1965 223 1989 ταῦτα
251 1961 307 1990 ἴδια
334 1965 383 1991 τοῦ
409 1962 473 1991 Υἱσῦ
500 1965 644 2002 τυγχάνει.
662 1964 780 2002 Ἀγνοεῖν
806 1963 834 1992 δὶ
849 1963 911 2004 ἔφη,
928 1966 967 1997 ὡς

141 2007 315 2045 προείρηται,
327 2006 459 2045 ἀγγέλους
474 2008 519 2036 καὶ
534 2009 580 2036 τὸν
596 2008 669 2037 Υὶόν.

174 2053 221 2080 28.
239 2055 303 2088 Ἀρ.
320 2052 389 2080 εἷπε·
406 2053 449 2086 Μὴ
480 2052 565 2083 ἄλλος
594 2052 663 2080 ἐστὶν
693 2054 706 2081 6
737 2055 818 2088 mc;
844 2055 900 2082 ’AO’
928 2056 966 2082 εἵ-

139 2106 197 2124 τεν⁸
215 2097 277 2127 Υἱὸς
308 2097 355 2132 μὶν
385 2096 515 2132 ἀληθινὸς
527 2100 574 2124 τοῦ
590 2099 656 2125 Θεοῦ
673 2099 710 2128 εἷς
724 2099 853 2137 τυγχάνει
870 2100 884 2126 6
913 2100 967 2127 Λό-

137 2151 186 2179 γος
215 2141 262 2168 καὶ
285 2141 360 2172 Θεός.
377 2142 452 2169 ἐστι
469 2140 497 2169 δὲ
524 2142 569 2169 καὶ
597 2142 636 2173 ὡς
665 2141 749 2174 ἄλλος
764 2144 824 2174 Υἱὸς
839 2144 965 2179 υἱοποιη-

137 2186 194 2216 θείς
225 2184 272 2213 διὰ
299 2188 348 2213 τοῦ
377 2188 442 2214 ναοῦ
469 2189 517 2214 τοῦ
543 2187 670 2223 σώματος
693 2187 776 2215 αὐτοῦ
803 2190 852 2216 τοῦ
867 2188 966 2226 Κυρίου

137 2231 219 2267 ἡμῶν
246 2230 337 2266 Ἰησοῦ
364 2231 492 2269 Χριστοῦ,
509 2231 546 2262 ὥς
574 2242 654 2271 φησιν
671 2233 685 2260 ὁ
699 2235 771 2264 θεῖος
786 2232 965 2265 ³Δπόστολος’

1059 803 1104 829 27.
1134 803 1180 830 Ar.
1211 802 1239 831 Si
1268 810 1334 830 vers
1364 802 1440 830 diem
1472 801 1564 835 novit,
1594 809 1685 838 quare
1712 801 1776 838 ipse
1797 801 1847 835 ait,

1025 858 1039 872 υ
1056 847 1153 883 Neque
1166 847 1256 875 Filius
1271 847 1349 876 diem
1372 846 1453 875 illam
1469 846 1549 875 novit
1563 847 1586 864 ⁸ο
1597 846 1611 873 ‘I
1625 858 1640 871 »
1651 846 1712 874 ΑιΙι.
1728 846 1791 874 Non
1808 846 1850 874 ait

1024 891 1177 926 Dominus,
1202 892 1302 928 Neque
1318 900 1371 929 ego
1396 892 1462 920 novi
1487 891 1564 919 diem
1590 890 1671 919 illam
1689 899 1696 919 :
1712 890 1740 919 id
1768 890 1846 919 enim

1025 937 1179 965 Dominum
1209 937 1304 965 dicere
1333 939 1560 965 consentaneum
1589 939 1669 969 erat,
1697 936 1843 973 siquidem

1022 982 1175 1010 ostendere
1190 982 1245 1018 ipsi
1262 982 1378 1010 animus
1401 983 1488 1014 esset,
1505 990 1536 1010 se
1551 981 1592 1009 rei
1607 981 1688 1009 illius
1702 980 1843 1017 cognitio-

1021 1034 1088 1054 nem
1105 1035 1163 1055 non
1178 1026 1373 1060 habere.0uin
1387 1027 1474 1055 etiam
1489 1026 1519 1054 in
1535 1026 1669 1054 Matthazo
1684 1033 1741 1054 non
1759 1026 1844 1053 habe-

1020 1073 1079 1105 tur,
1091 1071 1191 1108 Neque
1206 1071 1297 1099 Filius
1307 1071 1385 1099 diem
1397 1070 1478 1099 illam
1491 1070 1582 1104 novit,
1597 1070 1707 1107 aliique
1721 1078 1843 1106 evange-

1021 1115 1095 1143 lista;
1110 1115 1280 1151 hujusmodi
1305 1115 1346 1143 rei
1361 1115 1539 1143 mentionem
1559 1116 1723 1143 omiserunt
1739 1123 1745 1142 :
1761 1115 1844 1143 solus

1021 1162 1118 1188 autem
1136 1159 1252 1187 Marcus
1266 1159 1317 1195 ait,
1333 1171 1348 1185 «
1363 1160 1463 1196 Neque
1480 1159 1569 1188 Filius
1584 1160 1664 1188 novit
1677 1159 1785 1187 diem.»
1798 1160 1841 1187 Tu

1021 1207 1118 1233 autem
1135 1204 1225 1232 Marci
1240 1205 1435 1232 narrationem
1461 1207 1557 1233 tecum
1573 1204 1671 1233 animo
1686 1204 1841 1241 perpendo,

1020 1251 1050 1277 et
1072 1249 1137 1277 vide
1161 1249 1240 1277 diem
1265 1248 1345 1276 illam
1372 1249 1527 1277 Dominum
1552 1249 1674 1277 minime
1696 1248 1841 1285 ignorare.

1020 1293 1069 1321 Ait
1082 1294 1160 1321 enim
1187 1293 1330 1321 Dominus
1350 1293 1437 1321 Jesus
1455 1301 1461 1321 :
1478 1305 1493 1318 «
1509 1293 1549 1321 De
1564 1293 1611 1321 die
1634 1295 1732 1321 autem
1748 1292 1798 1320 illo
1814 1295 1842 1320 et

1021 1338 1103 1369 hora.
1128 1346 1214 1366 nemo
1236 1338 1301 1374 scit,
1326 1346 1420 1374 neque
1443 1337 1538 1374 angeli
1570 1338 1722 1372 caelorum,
1747 1346 1842 1374 neque

1022 1383 1122 1418 Filius,
1139 1383 1195 1411 nisi
1219 1383 1303 1411 Pater
1317 1383 1351 1410 εί.
1370 1394 1381 1407 ι
1398 1382 1500 1410 Sciens
1523 1382 1601 1410 enim
1618 1390 1649 1410 se
1664 1390 1682 1409 a
1696 1382 1780 1410 Patre
1795 1389 1840 1409 se-

1021 1428 1151 1456 cundum
1173 1429 1310 1456 naturam
1326 1435 1382 1455 non
1408 1427 1532 1460 diil'erre,
1549 1427 1599 1455 sed
1623 1426 1681 1455 Deo
1697 1426 1773 1454 Patri
1789 1434 1842 1454 suo

1021 1472 1173 1501 divinitate
1201 1472 1328 1508 unitum,
1346 1480 1429 1500 suam
1459 1472 1666 1508 prisnotionsm
1691 1470 1721 1499 in
1748 1471 1843 1499 Patris

1022 1517 1200 1553 pranotione
1223 1517 1409 1554 significavit,
1426 1516 1671 1554 quemadmodum
1701 1515 1844 1544 Dominus

1023 1562 1063 1590 ait
1079 1571 1085 1589 :
1103 1573 1117 1588 ι(
1135 1562 1192 1598 Ego
1208 1563 1280 1590 171
1300 1564 1326 1590 ei
1343 1562 1427 1589 Pater
1452 1569 1542 1589 unum
1560 1569 1664 1589 sumus
1680 1569 1688 1589 :
1705 1570 1718 1586 ο
1736 1563 1765 1588 et
1779 1569 1843 1588 rur-

1022 1615 1074 1634 sus
1086 1614 1093 1634 :
1107 1618 1120 1632 «
1133 1606 1246 1639 Omnia,
1262 1614 1444 1643 quaecunque
1454 1606 1539 1634 habet
1551 1607 1645 1640 Pater,
1661 1613 1727 1633 mea
1737 1608 1816 1633 sunt.
1830 1615 1843 1629 η

1022 1651 1084 1679 Non
1103 1653 1221 1688 propter
1239 1659 1285 1679 res
1296 1653 1408 1679 creatas
1424 1650 1463 1679 ait
1477 1650 1617 1686 Salvator,
1633 1649 1749 1684 Omnia,
1766 1658 1845 1686 quae-

1022 1704 1137 1732 cunque
1158 1696 1246 1724 habet
1272 1696 1367 1729 Pater,
1392 1704 1458 1724 mea
1478 1697 1548 1724 sunt
1563 1704 1570 1723 :
1587 1695 1637 1724 sed
1663 1702 1845 1731 quiscunque

1023 1741 1059 1768 ad
1075 1741 1169 1769 Patris
1194 1741 1341 1777 pertinent
1361 1740 1554 1775 divinitatem,
1570 1740 1631 1768 haec
1657 1739 1775 1776 propria
1789 1739 1845 1767 sibi

1022 1793 1087 1813 esse
1097 1785 1139 1813 ait
1148 1785 1300 1820 Dominus,
1315 1788 1348 1813 ut
1359 1784 1621 1819 immortalitatem,
1635 1783 1845 1819 incorruptibi-

1022 1830 1147 1862 litatem.
1170 1830 1230 1858 vim
1255 1830 1405 1864 invictam,
1430 1829 1713 1864 immutabilitatem,
1728 1828 1843 1856 incom-

1022 1875 1314 1912 prehensibilitatem,
1327 1873 1755 1910 potentiam,praascientiam,et
1765 1880 1843 1908 quaa~

1021 1928 1137 1956 cunque
1152 1920 1215 1956 ipse
1230 1920 1314 1947 Pater
1329 1919 1427 1954 habet,
1444 1918 1503 1947 haec
1522 1918 1587 1954 ipsa
1602 1917 1666 1945 Filii
1690 1919 1760 1945 sunt
1775 1925 1843 1952 pro-

1021 1965 1095 2002 pria.
1121 1965 1257 2001 lgnorare
1278 1971 1346 1991 vero
1370 1963 1421 1996 ait,
1437 1965 1468 1990 ut
1494 1970 1585 1998 supra
1607 1961 1718 1989 dictum
1743 1962 1798 1995 est,
1814 1962 1843 1988 et.

1021 2009 1140 2045 angelos
1155 2012 1184 2036 et
1199 2007 1316 2036 Filium.

1055 2054 1100 2080 28.
1117 2053 1162 2080 Ar.
1190 2051 1337 2087 Numquid
1363 2051 1436 2079 alius
1461 2052 1505 2078 est
1530 2049 1643 2077 Filius?
1663 2048 1724 2077 Ath.
1748 2047 1843 2076 Verus

1021 2097 1140 2134 quidem
1159 2097 1247 2124 Filius
1270 2097 1321 2124 Dei
1336 2104 1414 2124 unus
1438 2098 1483 2124 est
1496 2095 1624 2122 Verbum
1641 2095 1670 2122 et
1690 2096 1774 2121 Deus.
1792 2093 1843 2121 Est

1021 2144 1119 2171 autem
1134 2141 1224 2170 veluti
1240 2140 1317 2169 alius
1331 2140 1420 2169 Filius
1442 2140 1599 2176 adoptatus
1622 2146 1673 2175 per
1697 2137 1841 2174 templum

1021 2187 1151 2223 corporis
1167 2186 1260 2223 ipsius
1284 2185 1398 2214 Domini
1414 2184 1507 2214 nostri
1530 2184 1600 2212 Jesu
1623 2182 1741 2217 Christi,
1755 2184 1788 2210 ut
1801 2181 1843 2210 ait

1020 2232 1138 2260 divinus
1153 2231 1325 2268 Apostolus:
1339 2230 1423 2258 «Non
1439 2229 1517 2258 enim
1529 2228 1694 2264 accepimus
1704 2227 1842 2264 spiritum

138 2288 150 2300 ιι
169 2275 207 2302 Οὗ
221 2275 274 2314 γὰρ
290 2273 425 2313 ἐλάϐομεν
439 2277 546 2313 πνεῦμα
562 2275 686 2308 δουλείας
702 2276 784 2306 πάλιν
810 2277 847 2309 εἷς
870 2275 965 2316 φόϐον,

1023 2276 1169 2305 servitutis
1184 2276 1289 2304 iterum
1300 2276 1328 2303 in
1346 2275 1513 2307 tiinore,sed
1526 2273 1693 2309 accepimus
1706 2271 1841 2308 spiritum

136 2319 201 2348 ἀλλ’
230 2317 365 2347 ἦλάϐολεν
395 2322 503 2357 πνεῦμα
535 2320 682 2356 υἱοθεσίας,
712 2322 739 2349 ἐν
768 2321 791 2358 ᾦ
818 2323 965 2360 κράζομεν,

136 2362 236 2398 Ἀὁεᾶ,
264 2365 278 2391 6
309 2366 414 2401 Πατήρ.
431 2376 444 2391 ιι
461 2365 489 2392 Ὁ
516 2364 545 2393 δὲ
574 2366 688 2404 Χριστὸς
717 2365 868 2405 διαρρήδην
897 2368 965 2404 πρὸς

135 2409 199 2440 τοὺς
241 2409 412 2440 ἀποστόλους
439 2408 489 2449 ἔφη
508 2419 514 2426 ·
544 2422 558 2436 ι(
586 2410 682 2438 Τεκνία
711 2421 775 2447 μου,
805 2409 844 2439 ἔτι
869 2412 965 2450 μικρὸν

136 2454 196 2490 μεθ’
225 2454 303 2490 ὑμῶν
333 2453 402 2490 εἶμι,
419 2454 465 2482 καὶ
493 2454 646 2493 πορεύομαι
661 2456 729 2494 πρὸς
751 2456 797 2483 τὸν
822 2456 968 2493 πέμψαντά

135 2508 179 2534 με’
195 2509 209 2525 I
227 2499 274 2526 ui
300 2499 371 2537 πρὸς
398 2497 545 2531 Ἰουδαίους
574 2498 603 2527 δέ
629 2510 710 2538 φησιν
736 2500 764 2528 ἐν
793 2498 966 2538 παραϐολαῖς

136 2543 235 2574 οὕτως·
248 2556 263 2569 u
278 2544 439 2581 ’Ἄνθρωπός
462 2554 503 2575 τις
531 2542 604 2582 ἔχων
626 2543 674 2572 δύο
700 2544 789 2580 υἱοὺς,
806 2544 965 2583 προσελθὼν

136 2590 177 2624 τῷ
214 2585 400 2626 πρισῦυτέρῳ,
423 2589 483 2616 ιῖπι
499 2597 505 2605 ’
537 2588 671 2626 Πορεύου,
702 2589 817 2627 ἐργάζου
855 2589 894 2622 εἰς
921 2590 968 2618 τὸν

138 2632 290 2668 ἆμπελῶνά
319 2643 383 2669 μου.
401 2634 432 2662 Ὁ
456 2631 495 2669 δὶ,
516 2633 686 2672 ἀποκριθεὶς,
702 2633 764 2674 ἔφη’
782 2634 863 2673 Ἐγὼ,
877 2634 965 2673 κύριε,

1020 2322 1198 2358 adoptionis,
1222 2322 1249 2348 in
1274 2329 1332 2357 quo
1356 2321 1531 2351 clamamus.
1554 2319 1645 2351 Abba,
1671 2319 1757 2345 Pater
1777 2317 1810 2345 δ’.
1827 2327 1843 2342 ιι

1021 2366 1155 2394 Christus
1171 2368 1267 2394 autem
1284 2366 1346 2401 ipse
1360 2365 1468 2393 diserte
1483 2364 1518 2391 ad
1534 2362 1680 2399 apostolos
1698 2362 1739 2389 ait
1753 2370 1760 2389 :
1773 2372 1787 2386 α
1801 2360 1844 2389 Fi-

1021 2410 1081 2438 lioli
1098 2410 1164 2443 mei,
1182 2410 1277 2438 adhuc
1296 2409 1442 2437 modicum
1459 2408 1609 2437 vobiscum
1634 2415 1712 2442 sum,
1727 2409 1756 2434 et
1769 2406 1843 2434 vado

1021 2456 1057 2484 ad
1073 2464 1141 2484 eum
1162 2455 1212 2491 qui
1233 2454 1315 2483 misit
1330 2462 1376 2482 me
1386 2454 1408 2472 ⁵³
1421 2462 1429 2488 ;
1442 2464 1456 2478 ι»
1465 2455 1494 2482 et
1508 2453 1545 2481 ad
1565 2453 1680 2481 Iudaeos
1690 2450 1775 2479 sicin
1791 2459 1843 2487 pa-

1022 2500 1130 2529 rabolis
1151 2502 1196 2528 est
1213 2499 1348 2528 locutus:
1365 2510 1375 2524 ι
1389 2500 1479 2526 Homo
1491 2497 1611 2534 quidam
1627 2495 1754 2525 habebat
1768 2496 1844 2523 duos

1022 2545 1108 2578 ﬁlios,
1122 2548 1151 2572 et
1161 2544 1303 2572 accedens
1313 2544 1350 2571 ad
1362 2544 1502 2579 majorem
1515 2542 1589 2570 dixit
1600 2550 1607 2570 :
1620 2541 1711 2576 Vade,
1723 2548 1843 2577 operare

1022 2590 1052 2617 in
1067 2590 1151 2618 vinea
1166 2597 1240 2617 mea.
1258 2588 1309 2617 Ille
1333 2590 1430 2616 autem
1444 2587 1623 2623 respondens
1638 2586 1688 2619 ait.
1706 2588 1776 2622 Ego,
1791 2585 1842 2612 do-

1023 2635 1112 2669 mine,
1128 2636 1157 2662 et
1180 2642 1238 2662 non
1258 2633 1341 2662 abiit.
1359 2632 1467 2661 Deinde
1492 2632 1634 2660 accedens
1656 2631 1693 2659 ad
1718 2630 1842 2659 alterum

174 2718 197 2735 ³⁸
212 2718 299 2747 Mare.
316 2727 367 2754 xu,
383 2719 428 2747 32.
466 2720 487 2738 "
505 2719 578 2748 Ibid.
617 2720 640 2738 ⁸³
655 2720 739 2749 Rom.
754 2729 816 2757 νιιι,
833 2721 876 2749 15.
914 2721 937 2740 ⁸³
951 2721 966 2750 J

1023 2731 1036 2749 ι.
1053 2729 1116 2754 xui,
1132 2720 1177 2748 33.

182 2801 235 2836 (51)
250 2803 317 2838 Reg.
332 2803 363 2830 at
376 2801 474 2837 Basil.,
490 2801 628 2840 γινόμενα.

184 2835 239 2864 (5m
253 2836 320 2864 Rau.
336 2835 509 2864 σπουδαίους.

253 2835 320 2873 Βυξ-
336 2835 509 2869 σπουδαίουξ.
553 2835 558 2840 ⁷

184 2835 242 2906 g6
254 2873 324 2908 Aug.
341 2872 403 2901 εἶδε.
419 2873 508 2902 Paulo
522 2876 599 2911 post,
615 2874 693 2904 idem
709 2877 776 2912 post
789 2874 895 2914 ἡμέραν
912 2876 964 2905 ad-

1018 2804 1062 2832 dit
1077 2804 1242 2835 ’Δθανάσιος.

1018 2875 1036 2904 d
1054 2841 1110 2906 (51;)
1127 2841 1168 2869 Ita
1182 2833 1257 2877 Αυς.
1283 2840 1316 2868 ln
1331 2839 1418 2868 editis
1440 2847 1507 2868 vero
1532 2840 1561 2867 et
1575 2838 1604 2866 in
1620 2837 1740 2871 ceteris,
1765 2833 1835 2871 ἔχων

1038 2884 1087 2906 ees
1102 2898 1110 2905 .
