4086 6222
376 431 494 492 475
1541 433 1606 494 S.
1653 429 2017 493 ATHANAS

2130 430 2177 488 Ξ.
2203 461 2279 471 --
2303 424 2611 489 SPUBIA.
3658 420 3786 482 476

375 562 520 620 dixit
552 581 564 619 :
599 564 776 629 Vade,
810 581 1050 637 operare
1080 565 1137 621 in
1176 565 1342 621 vinea
1384 582 1533 621 mea.
1568 563 1749 621 Atille
1782 578 2017 634 respon-

2134 558 2224 612 καὶ
2282 558 2386 614 οὐκ
2439 558 2698 627 ἀπῆλθεν.
2736 558 2869 613 Εἶτα
2924 554 3244 632 προσελθὼν
3294 559 3374 627 τῷ
3431 554 3618 629 ἒτὲρῳ,
3652 548 3780 631 ἔφη’

374 654 496 707 dit:
523 652 685 708 Nolo.
712 653 917 708 Postea
941 659 1133 710 autem
1158 655 1500 727 pauitantia
1521 660 1716 710 motus
1739 652 1964 709 abiit“.
1990 672 2019 701 ››

377 743 698 813 Interrogat
735 760 867 798 vero
903 744 1182 800 Dominus
1216 763 1229 800 :
1264 744 1404 800 Uter
1435 744 1633 800 fecerit
1660 742 2018 799 voluntatem

372 831 556 901 patris
583 832 722 886 sui?
756 832 1202 903 Responderunt
1229 834 1475 901 Judaei,«
1501 833 1785 889 Posterior
1807 832 2019 887 filius.»

374 920 548 975 Porro
579 920 636 974 in
684 921 950 977 confesso
982 928 1069 977 est
1117 928 1361 995 patrem,
1397 923 1801 978 universorum
1836 920 2019 976 Deum

368 1024 538 1076 esse;
571 1010 799 1065 vineam
860 1027 1008 1079 vero,
1043 1012 1167 1068 vias
1218 1029 1346 1068 esse
1388 1012 1661 1083 justitize,
1696 1012 1752 1065 in
1806 1008 2019 1081 quibus

369 1099 653 1168 majorem
690 1099 1078 1170 ﬁliumjussit
1107 1100 1467 1173 operari.llle
1486 1106 1679 1156 autem
1713 1100 1815 1171 qui
1846 1097 2018 1171 paulo

367 1191 501 1259 post
554 1193 908 1260 praeceptum
942 1191 1132 1246 valere
1174 1192 1378 1263 jussit,
1413 1190 1879 1262 contempsitque
1909 1188 2018 1243 im-

368 1280 692 1347 perantem,
728 1277 979 1349 populus
1011 1285 1101 1335 est
1130 1282 1484 1346 Iudaeorum,
1517 1280 1612 1349 qui
1647 1281 1718 1335 ob
1768 1276 2018 1333 inﬁdeli-

367 1369 547 1420 tatem
579 1365 848 1422 exclusus
874 1373 962 1422 est
992 1369 1064 1423 ab
1094 1368 1648 1440 adoptione.Junior
1671 1385 1803 1423 vero
1837 1367 2017 1439 patris

368 1453 817 1525 ﬁlius,gentium
852 1460 941 1511 est
972 1458 1352 1528 populus,qui
1384 1456 1703 1513 vocationis
1735 1455 2018 1530 principio

369 1557 503 1597 cum
537 1559 652 1613 prae
685 1544 1028 1600 inﬁdelitate
1060 1546 1294 1601 obedire
1336 1550 1682 1614 recusasset,
1715 1546 2017 1601 detentus-

367 1647 481 1703 que
550 1631 760 1687 fuisset
835 1632 1188 1704 idololatria,
1233 1635 1608 1706 postmodum
1679 1634 2019 1707 poenitentia

366 1719 579 1775 ductus
610 1725 666 1775 et
714 1721 978 1789 credens,
1012 1722 1196 1794 patris
1242 1722 1487 1796 imperio
1533 1729 1622 1779 est
1667 1723 2007 1780 obsecutus.

366 1808 491 1873 Qua
520 1809 757 1879 quidem
792 1810 1124 1866 obedientia
1156 1812 1380 1867 amicus
1412 1817 1468 1866 et
1498 1812 1702 1881 haeres,
1736 1817 2013 1883 tanquam

2132 648 2395 723 Πορεύου,
2430 646 2654 723 ἐργάζου
2714 647 2788 708 εἰς
2835 647 2927 701 τὸν
2987 643 3286 717 ἀμπελῶνά
3322 665 3445 715 μου.
3478 644 3539 698 Ὀ
3570 640 3626 697 δὲ
3674 664 3785 719 φη-

2130 757 2233 790 σιν·
2268 736 2339 791 Οὐ
2403 735 2564 791 θέλω.
2599 740 2849 810 Ὕστερον
2910 732 2967 789 δὲ
3018 731 3416 806 μεταμεληθεὶς
3449 730 3713 800 ἀπῆλθεν.
3754 752 3786 779 γ»

2131 827 2338 901 Ἐρωτᾷ
2396 823 2453 880 δὲ
2509 827 2535 879 ὁ
2570 825 2781 899 Κύριος·
2834 824 2931 885 Τίς
2989 822 3240 892 ἐποίησεν
3298 821 3361 875 τὸ
3410 819 3627 892 θέλημα
3683 824 3787 874 τοῦ

2128 914 2333 988 πατρὸς
2394 914 2591 983 ani-:06;
2652 914 3031 988 ἀποκριθέντες
3088 908 3145 965 δὲ
3201 911 3252 965 οἱ
3301 907 3555 966 Ἰουδαῖοί
3598 928 3787 986 φασιν·

2130 1028 2157 1054 ‹‹
2191 1004 2250 1061 Ὀ
2282 1000 2508 1079 ἕγχατος
2540 998 2672 1065 υἱός.
2710 1028 2737 1053 ››
2768 999 3265 1077 Ὀμολογουμὲνως
3298 996 3375 1069 δὲ,
3407 999 3436 1052 6
3471 998 3565 1071 μὶν
3599 999 3743 1066 πατῆ
3755 1017 3787 1074 ρ

2129 1095 2157 1147 6
2215 1099 2321 1148 τῶν
2374 1092 2518 1149 ὅλων
2573 1093 2703 1154 Θεὸς
2748 1092 3028 1167 τυγχάνει,
3060 1090 3087 1144 6
3121 1086 3178 1143 δὲ
3220 1087 3481 1161 ἀμπελὼν
3513 1088 3568 1141 αἱ
3597 1082 3787 1163 τρίϐοι

2126 1188 2225 1251 τῆς
2264 1180 2630 1253 δικαιοσύνης,
2662 1180 2713 1235 ἐν
2747 1182 2833 1242 αἶς
2884 1179 3211 1256 προσέταττε
3264 1178 3357 1231 τὸν
3415 1170 3784 1252 πρεσϐύτερον

2128 1271 2244 1325 υίὸν
2293 1270 2627 1347 ἐργάζεσθαι.
2680 1270 2741 1328 Ὀ
2799 1267 2857 1324 δὲ
2916 1272 3097 1343 μικρῷ
3156 1269 3265 1337 (55)
3309 1270 3389 1338 τῷ
3449 1263 3786 1337 διαστήματι

2126 1360 2341 1435 χαίρειν
2431 1361 2635 1438 φράσας
2696 1363 2776 1431 τῷ
2831 1356 3159 1430 κελεύσματι
3240 1354 3607 1432 κατεφρόνησε
3682 1357 3787 1407 τοῦ

2126 1448 2534 1523 προστάξαντος·
2569 1449 2728 1509 οὗτος
2774 1444 2828 1502 δὲ
2860 1448 2887 1501 6
2916 1451 3023 1500 τῶν
3060 1442 3338 1502 Ἰουδαίων
3390 1442 3522 1504 λαὸς
3567 1446 3784 1517 τυγχά-

2123 1559 2224 1607 νει,
2259 1540 2286 1594 6
2318 1536 2407 1593 διὰ
2434 1540 2533 1607 τὴν
2572 1537 2821 1591 ἀπιστίαν
2860 1530 3174 1605 ἀπόϐλητος
3202 1534 3439 1607 γεγονὼς
3474 1539 3574 1600 τῆς
3610 1532 3789 1586 uices-

2127 1627 2267 1690 σίας.
2301 1629 2357 1682 '0
2416 1624 2473 1682 δὲ
2536 1628 2799 1702 νεώτερος
2831 1625 2946 1685 υἱὸς
2999 1628 3095 1678 τοῦ
3154 1624 3381 1697 πατρὸς,
3414 1623 3441 1676 6
3502 1621 3550 1693 ἐξ
3606 1621 3781 1675 ἐθνῶν

2126 1715 2278 1785 λαὸς,
2312 1718 2339 1771 6
2374 1716 2520 1792 παρά
2548 1717 2647 1785 τήν
2681 1716 2858 1791 ἀρχὴν
3035 1720 3133 1782 τῆς
3158 1710 3409 1782 κλήσεως
3452 1708 3781 1785 παρακούων

2123 1811 2191 1882 τῇ
2241 1808 2484 1879 ἀπιστίᾳ,
2515 1812 2583 1882 τῇ
2645 1804 3077 1882 εἷὸωλολατρείᾳ
3116 1802 3510 1879 κρατούμενος,
3556 1802 3786 1877 ὕστερον

366 1897 553 1952 Patris
612 1898 791 1969 ﬁlius,
850 1899 1001 1954 efﬁci
1064 1901 1297 1967 meruit,
1347 1902 1627 1973 omnique
1688 1901 1904 1957 honore
1961 1905 2017 1956 et

2130 1896 2182 1952 δὲ
2216 1895 2614 1971 μεταμεληθεῖς
2641 1895 2732 1950 καὶ
2780 1894 3089 1966 πιστεύσας,
3124 1894 3362 1963 ὑπήκοος
3423 1895 3789 1966 προστάγμα-

2506 1992 2529 1998 ...
2601 1987 2615 1998 ε
2689 1982 2712 1998 ﬂ
2753 1985 2762 1998 Ι
2813 1987 2835 1998 Α
2934 1985 2989 1998 In
3090 1981 3133 1998 κε
3214 1990 3239 1998 ,ι
3322 1978 3348 1998 Ἰ
3516 1984 3538 1994 υ
3663 1979 3700 1998 I‘

365 1986 554 2057 gratia
585 1987 813 2042 aPatre
863 1992 1105 2043 ornatus
1155 1993 1266 2055 est,
1314 1994 1519 2061 praeter
1567 1990 1680 2045 diei
1730 1995 1787 2046 et
1836 1990 2011 2061 horas,

368 2073 530 2130 illius
558 2078 1085 2132 consummationis
1132 2079 1419 2149 videlicet,
1453 2079 1865 2151 cognitionem.
1900 2080 2011 2135 Sed

369 2164 538 2234 signa
584 2164 955 2221 solummodo
1004 2167 1245 2239 accepit,
1280 2183 1372 2235 ne,
1405 2168 1453 2223 si
1505 2168 1799 2240 ignoraret
1836 2184 2014 2240 prope

368 2252 575 2307 adesse
607 2253 805 2322 finem,
836 2254 1192 2327 imparatum
1243 2256 1367 2312 dies
1414 2256 1517 2313 illa
1568 2260 1805 2328 repente
1834 2257 2013 2313 offen-

368 2340 549 2397 deret.

437 2610 527 2665 29.
561 2610 653 2667 Ar.
686 2614 954 2682 Agnosco
987 2618 1142 2669 recte
1192 2613 1346 2669 dicta
1384 2630 1513 2669 esse
1543 2630 1669 2685 quae
1702 2614 1771 2668 de
1794 2614 1884 2669 die
1915 2614 2015 2670 illo

367 2699 708 2770 exposuisti.
741 2701 852 2756 Sed
887 2718 1033 2774 nego
1067 2707 1219 2758 recte
1249 2703 1360 2757 dici
1396 2718 1567 2774 posse
1617 2702 1827 2758 Filium
1860 2702 2015 2758 Patri

369 2790 693 2844 secundum
728 2791 1118 2846 substantiam
1144 2792 1373 2847 unitum
1406 2808 1555 2847 esse.
1588 2792 1711 2846 Ath.
1744 2791 2011 2855 Quando-

366 2878 603 2948 quidem
636 2878 739 2933 tibi
774 2897 887 2934 non
919 2882 1229 2936 minimum
1250 2886 1339 2936 est
1370 2880 2013 2949 studiumvituperandi

368 2983 497 3037 quae
550 2973 709 3023 recta
758 2973 916 3037 sunt,
950 2985 1194 3042 qumque
1242 2975 1395 3025 recte
1441 2986 1570 3025 esse
1611 2970 1689 3042 pii
1739 2970 2011 3037 fatentur,

367 3057 653 3127 responde
702 3058 870 3124 mihi,
924 3059 1064 3130 quid
1114 3061 1347 3114 tandem
1397 3058 1473 3115 sit
1511 3059 1888 3115 substantia?
1920 3060 2011 3113 Ar.

368 3144 662 3214 Quidquid
693 3146 857 3200 estin
901 3146 1225 3218 hypostasi,
1258 3148 1365 3202 hoc
1390 3149 1723 3204 substantia
1748 3152 1854 3203 est.
1888 3148 2010 3203 Ath.

370 3231 562 3287 Recte.
588 3233 803 3289 Verum
828 3251 960 3289 cum
987 3253 1142 3291 nunc
1166 3237 1334 3292 nobis
1355 3253 1547 3292 sermo
1574 3238 1644 3292 de
1667 3237 1781 3292 Deo
1798 3237 1897 3307 sit,
1922 3236 2012 3291 dic

2120 2008 2211 2049 τος
2268 1992 2533 2061 πατρικοῦ
2591 1982 2901 2061 ἀνεδείχθη.
2934 1985 3030 2041 Ἐκ
3087 1981 3145 2038 δὲ
3174 1990 3273 2052 τῆς
3320 1978 3565 2050 ὕπακοῆς
3614 1979 3789 2059 φίλος

2121 2076 2211 2131 καὶ
2238 2073 2610 2152 κληρονόμος,
2645 2075 2717 2136 ὡς
2748 2074 2862 2135 υίὸς
2898 2073 3126 2147 Ιίατρὸς,
3160 2071 3391 2150 ἀνεφάνη
3426 2073 3559 2144 (57),
3591 2069 3778 2140 πάσης

2119 2172 2289 2239 τιμῆς
2318 2166 2409 2219 καὶ
2443 2166 2668 2239 χάριτος
2699 2163 3003 2235 ἠξιωμένος
3034 2163 3169 2237 πρὸς
3217 2166 3310 2216 τοῦ
3365 2158 3509 2216 ἰδίου
3558 2160 3781 2234 ΙΙατρὸς

2123 2256 2245 2309 ἄνευ
2299 2257 2396 2324 τῆς
2455 2254 2664 2327 ἡμέρας
2721 2252 2808 2307 καὶ
2869 2251 3012 2327 ὥρας
3066 2251 3294 2322 ἐκείνης,
3347 2248 3492 2326 λέγω
3550 2245 3614 2318 δὴ
3675 2255 3784 2317 τῆς

2122 2344 2454 2416 συντελείας,
2486 2345 2520 2411 ἣ
2562 2343 2724 2415 μόνον
2761 2347 2965 2414 σημεῖα
3015 2336 3223 2411 λαϐὼν,
3250 2339 3342 2395 ’ίνα
3404 2340 3480 2411 μὴ
3538 2339 3782 2412 ἀγνοῶν,

2124 2432 2205 2488 ὅτι
2263 2431 2416 2508 ἐγγύς
2472 2430 2581 2486 ἐστι
2632 2432 2696 2486 τὸ
2740 2428 3090 2505 τὲλος,πρὸς
3148 2430 3211 2484 τὸ
3272 2430 3347 2501 μή
3409 2426 3786 2503 ἀπαρασγεύα-

2123 2543 2246 2577 στον
2283 2524 2393 2593 (58)
2424 2516 2572 2589 ὄντα,
2605 2516 2889 2597 αἰφνιδίως
2919 2513 3204 2593 καταλάϐῃ
3239 2520 3275 2588 ἡ
3308 2518 3509 2592 ἡμέρα.

2191 2613 2282 2668 29.
2317 2616 2442 2684 "Ap.
2479 2611 2649 2664 εἶπεν·
2688 2606 2987 2683 Ὁμολογῶ
3021 2607 3195 2682 ὀρθῶς
3230 2606 3475 2682 εἰρῆσθαι
3503 2609 3666 2660 τοῦτο
3712 2606 3784 2659 τὸ

2123 2701 2246 2775 περὶ
2300 2706 2400 2769 τῆς
2457 2700 2688 2774 ἡμέρας
2722 2699 2784 2752 τὸ
2839 2695 2894 2753 δὲ
2949 2701 3016 2771 τῇ
3076 2696 3229 2767 οὐσίᾳ
3258 2696 3496 2766 ἡνῶσθαι
3526 2695 3616 2750 τὸν
3649 2694 3779 2749 Υίὸν

2120 2796 2201 2863 τῷ
2234 2788 2403 2864 ΙΙατρὶ
2434 2788 2533 2843 οὐκ
2565 2788 2742 2862 ὀρθῶς
2777 2784 2923 2863 ἔχειν
2973 2786 3136 2865 φημί.
3188 2787 3306 2842 Ἀθ.
3350 2788 3515 2841 εἶπεν⁸
3550 2780 3781 2853 Ἐπειδὴ

2124 2876 2334 2947 σπουδή
2395 2876 2648 2951 πρόσεστί
2708 2898 2791 2930 σοι
2842 2876 2903 2931 ού
2958 2875 3145 2950 μικρὰ,
3177 2875 3356 2949 ψέγειν
3390 2874 3455 2929 τὰ
3484 2872 3625 2929 καλά
3681 2874 3781 2927 καὶ

2122 2968 2305 3029 καλῶς
2359 2965 2777 3041 ὁμολογούμενα
2833 2966 2969 3038 πρὸς
2998 2969 3104 3020 τῶν
3140 2959 3392 3031 εὐσεϐῶν,
3421 2959 3625 3023 ἀπόδος
3659 2964 3780 3034 (59)

2126 3058 2309 3133 λόγον,
2337 3054 2391 3110 τί
2445 3076 2578 3110 ποτε
2628 3052 2731 3130 ἄρα
2780 3054 2920 3109 ἐστὶν
2953 3057 2987 3123 ἡ
3040 3053 3229 3122 euicta;
3274 3056 3401 3128 "Ap.
3463 3054 3624 3107 εἴπεν’
3658 3057 3782 3106 Πᾶν

2124 3146 2251 3203 εἷ’τί
2285 3146 2423 3201 ἐστιν
2477 3144 2528 3198 ἐν
2590 3144 2896 3211 ὑποστάσει,
2928 3148 3090 3198 τοῦτο
3138 3143 3294 3198 οὐσία
3340 3142 3622 3217 τυγχάνει.
3657 3142 3779 3198 ’Λθ.

2125 3239 2293 3291 εἶπεν
2329 3236 2534 3310 Ὀρθῶς
2567 3228 2721 3311 ἔφης.
2766 3234 2912 3287 Ἐπεὶ
2948 3230 3003 3286 δὲ
3050 3235 3211 3304 ἡμεῖς
3271 3230 3357 3286 ἐπὶ
3413 3235 3510 3286 τοῦ
3570 3228 3784 3304 παρόν-

370 3318 514 3373 mihi
547 3320 826 3391 quidnam
861 3324 939 3378 sit
989 3324 1085 3379 Dei
1129 3325 1462 3381 substantia
1496 3342 1508 3380 :
1544 3341 1615 3380 ne
1666 3326 1810 3380 forte
1857 3299 2008 3381 arbi-

2130 3348 2216 3388 τος
2246 3325 2369 3400 περὶ
2401 3327 2535 3378 Θεοῦ
2569 3322 2727 3398 Λόγον
2765 3319 3123 3397 ἔχομεν,εἷπὲ
3158 3342 3249 3395 μοι
3281 3323 3315 3389 ἡ
3348 3324 3444 3374 τοῦ
3466 3323 3599 3374 Θεοῦ
3622 3318 3787 3373 οὐσία

369 3412 601 3463 trentur
630 3409 823 3465 idiota
846 3428 961 3467 nos
1001 3413 1071 3467 de
1102 3414 1368 3484 pecuniis
1398 3413 1576 3484 loqui.
1609 3415 1701 3470 Ar.
1740 3414 1834 3469 Dei
1868 3415 2014 3470 sub-

369 3499 590 3553 stantia
636 3504 725 3554 est
760 3517 772 3555 :
807 3500 855 3554 si
891 3500 1029 3571 quid
1063 3506 1153 3557 est
1195 3502 1370 3570 Deus,
1402 3502 1511 3558 hoc
1543 3503 1873 3558 substantia
1903 3508 2012 3558 est.

370 3586 495 3641 ΑιΙι.
530 3587 702 3643 Recte
733 3592 795 3644 tu
828 3590 1065 3660 quidem
1104 3592 1268 3661 :jam
1312 3590 1569 3647 vicissim
1602 3592 1758 3647 audi.
1788 3594 1878 3647 Ar.
1913 3593 2015 3647 Dic

372 3676 526 3747 quod
563 3676 741 3732 lubet.
773 3679 896 3733 Ath.
931 3678 1093 3734 Nosti
1126 3678 1309 3734 Deum
1342 3696 1468 3735 sese
1496 3679 1565 3734 ad
1610 3685 1871 3736 nostram
1903 3681 2015 3736 im-

371 3764 746 3822 becillitatem
808 3785 910 3839 per
967 3768 1301 3840 Scripturas
1357 3768 1637 3825 divinitus
1703 3769 2017 3842 inspiratus

372 3853 624 3925 benigne
673 3858 1135 3926 accommodare,
1169 3874 1439 3930 saepeque
1487 3859 1557 3913 ad
1610 3876 1716 3915 nos
1760 3858 2016 3915 humano

373 3958 533 3997 more
557 3943 739 4016 loqui,
776 3951 839 4001 ut
867 3946 1087 4002 scilicet
1116 3947 1374 4002 humana
1423 3951 1632 4002 natura
1657 3965 1723 4003 ex
1768 3948 1857 4005 his
1889 3965 2016 4020 quia

372 4032 703 4089 consimilia
721 4035 897 4090 rebus
920 4035 1037 4091 illis
1058 4037 1352 4101 dicuntur,
1378 4036 1437 4091 in
1470 4037 1687 4108 quibus
1719 4054 2018 4097 versamur

373 4125 431 4175 et
460 4125 606 4191 quas
656 4123 946 4189 novimus,
980 4125 1233 4181 cmlestia
1282 4126 1477 4180 divina
1511 4128 1786 4197 mysteria
1821 4131 2020 4199 posset

375 4208 719 4281 intelligere.
756 4217 849 4267 Ar.
904 4214 987 4267 [ta
1035 4223 1141 4268 est.
1170 4214 1295 4269 Alli.
1335 4216 1478 4270 Cum
1529 4231 1666 4287 ergo
1716 4216 1870 4272 Deus
1920 4234 2022 4289 per

376 4298 721 4367 prephetam
773 4300 893 4354 htec
942 4302 1012 4354 ad
1065 4303 1363 4372 proprium
1416 4301 1626 4357 Filium
1676 4304 1836 4373 dicit,
1870 4328 1898 4356 «
1938 4305 2021 4361 Ex

378 4391 544 4441 utero
575 4392 710 4442 ante
739 4386 1044 4443 luciferum
1078 4391 1250 4461 genui
1283 4395 1337 4446 te
1365 4391 1429 4457 ⁵⁵,
1464 4413 1491 4440 ››
1525 4392 1652 4446 Filii
1685 4409 1753 4447 ex
1781 4399 2023 4465 paterna

379 4475 710 4530 substantia
740 4477 1169 4548 generationem
1203 4477 1513 4549 significat.
1544 4481 1635 4535 Ar.
1659 4480 1810 4536 Num
1841 4482 2024 4554 igitur

377 4566 608 4618 uterum
644 4564 818 4620 habet
866 4565 1067 4621 Deus?
1097 4567 1218 4622 Ath.
1251 4567 1380 4622 Jam
1427 4569 1580 4625 I72
1610 4574 1666 4623 te
1698 4571 2020 4641 praemonui

2120 3417 2173 3472 τί
2206 3414 2337 3485 ἐστι,
2375 3413 2590 3484 μήποτε
2645 3414 2990 3484 νομισθῶμεν
3048 3410 3183 3487 πρὸς
3232 3415 3341 3464 τῶν
3403 3408 3661 3476 ἰδιωτῶν,
3692 3407 3782 3462 ὅτι

2122 3508 2269 3580 τάχα
2306 3502 2427 3581 περὶ
2488 3504 2792 3579 χρημάτων
2856 3500 3112 3574 λὲγομεν.
3174 3504 3297 3575 "Ap.
3352 3501 3518 3553 εἶπεν·
3561 3499 3627 3552 Ἡ
3680 3501 3785 3551 τοῦ

2124 3592 2258 3649 Θεοῦ
2291 3593 2442 3648 οὐσία
2473 3590 2637 3658 ἐστὶν,
2673 3586 2723 3642 εἷ’
2746 3588 2798 3642 τί
2826 3587 2964 3642 ἐστιν
3006 3589 3033 3641 ὁ
3065 3587 3218 3654 Θεὸς,
3248 3592 3410 3641 τοῦτο
3460 3584 3612 3640 ούσία
3641 3606 3783 3658 τυγο

2126 3684 2300 3758 γάνει.
2335 3684 2450 3739 Ἀθ.
2493 3683 2627 3736 εἷπε·
2690 3675 2882 3739 Καλῶς
2945 3674 3095 3755 ἕῳης⁶
3159 3674 3352 3731 λοιπὸν
3415 3673 3593 3730 ἄκουε.
3654 3676 3783 3749 Ἀρ.

2128 3773 2262 3828 εἷπε’
2315 3773 2446 3847 Λὲγε
2500 3771 2529 3826 ’ὁ
2585 3767 2793 3845 βούλει.
2829 3767 2943 3820 Ἀθ·
2988 3768 3155 3820 εἶπεν·
3192 3767 3381 3837 Οἶσθα,
3418 3764 3522 3831 ὅτι,
3556 3783 3784 3838 σχημαο

2125 3862 2411 3934 τιζόμενος
2467 3859 2555 3915 καὶ
2616 3850 3051 3931 συγκαταϐαίνων
3110 3859 3179 3929 τῇ
3238 3855 3479 3930 ἡμετέρᾳ
3536 3851 3787 3924 ἀσθενείᾳ

2128 3948 2217 4005 διὰ
2260 3955 2369 4005 τῶν
2429 3948 2796 4005 θεοπνεύστων
2851 3949 3074 4022 Γραφῶν
3127 3946 3155 3998 ὁ
3185 3945 3337 4015 Θεὸς,
3370 3943 3784 4018 ἀνθρωπινώτε-

2130 4061 2220 4116 ρον
2256 4038 2446 4111 ὁμιλεῖ
2464 4035 2734 4093 πολλάκις
2758 4035 2894 4108 πρὸς
2924 4037 3094 4106 ἡμᾶς,
3111 4034 3245 4107 πρὸς
3267 4034 3329 4088 τὸ
3361 4030 3612 4087 δύνασθαι
3632 4035 3783 4084 νοεῖν

2126 4132 2225 4198 τήν
2284 4127 2624 4201 ἀνθρωπίνην
2682 4125 2837 4201 φύσιν
2887 4123 2947 4178 ἐκ
2992 4129 3098 4178 τῶν
3132 4120 3530 4199 παραπλησίως
3561 4119 3789 4194 εἰρημέ-

2126 4241 2253 4289 νων,
2287 4216 2338 4271 ἐν
2374 4218 2457 4277 οἷς
2488 4218 2650 4288 ἡμεῖς
2682 4212 2983 4288 ἐνεχόμεθα
3012 4213 3100 4267 καὶ
3162 4210 3338 4284 ἴσμεν,
3371 4211 3438 4266 τὰ
3486 4209 3788 4283 ἐπουράνια

2130 4287 2246 4363 θεῖα
2310 4287 2605 4379 μυστήρια.
2631 4287 2978 4375 ’Ἃρλεῖπεν-
3013 4300 3199 4363 Οὕτως
3247 4297 3384 4375 ἔχει.
3438 4301 3551 4356 Ἀθ·
3613 4298 3784 4352 εἶπεν·

2130 4395 2341 4454 Οὐκοῦν
2372 4395 2400 4449 6
2430 4394 2579 4461 Θεὸς,
2640 4390 2811 4467 λέγων
2860 4392 2995 4467 πρὸς
3049 4391 3141 4445 τὸν
3200 4388 3336 4445 ξ’διον
3374 4390 3494 4445 Υίὸν
3558 4386 3645 4442 διὰ
3681 4391 3786 4441 τοῦ

2130 4505 2203 4560 πρ
2221 4487 2435 4562 ,φήτουο
2469 4507 2497 4533 ‹‹
2530 4483 2624 4536 Ἐκ
2649 4480 2878 4556 γαστρὸς
2913 4480 3017 4555 πρὸ
3047 4478 3326 4557 ἓωσφόρου
3360 4477 3611 4555 ἐγέννησά
3638 4497 3715 4544 σε,
3754 4500 3783 4527 »

2131 4573 2379 4646 σημαίνει
2434 4572 2534 4639 τήν
2594 4568 2652 4624 ἐκ
2707 4576 2807 4639 τῆς
2847 4576 3115 4645 πατρικῆς
3166 4567 3347 4630 οὐσίας
3404 4566 3648 4643 γέννησιν
3680 4569 3787 4619 τοῦ

378 4668 529 4723 saepe
551 4653 624 4708 ob
646 4658 903 4710 nostram
928 4654 1387 4711 imbecillitatem
1409 4657 1590 4713 Deum
1613 4657 1835 4714 homini
1865 4660 2017 4715 simi-

2134 4663 2282 4717 Υἱοῦ.
2317 4666 2442 4731 "Ap.
2474 4661 2609 4713 εἶπε
2644 4658 2878 4733 Γαστὲρα
2928 4656 3017 4712 οὖν
3073 4654 3188 4733 ἔχει
3229 4657 3256 4711 6
3288 4657 3418 4719 Θεὸς
3442 4683 3456 4726 ;
3484 4657 3608 4710 Ἀθ.
3641 4655 3785 4709 εἷπε·

378 4741 493 4796 lem
526 4742 802 4800 adivinis
854 4744 1174 4816 Scripturis
1222 4744 1468 4801 induci:
1504 4763 1619 4802 non
1663 4749 1813 4820 quod
1868 4749 2023 4805 Deus

377 4829 510 4886 talis
541 4831 638 4899 sit,
671 4833 773 4888 sed
816 4836 881 4889 ut
914 4850 1018 4889 nos
1050 4834 1452 4906 corporalibus
1501 4837 1787 4909 exemplis
1829 4837 2026 4895 divina

381 4920 473 4991 pie
503 4920 919 4991 intelligamus.
953 4922 1181 4979 Nullam
1214 4923 1396 4996 igitur
1442 4925 1616 4981 aliam
1666 4926 1739 4982 ob
1790 4942 2025 4984 causam

382 5014 613 5065 uterum
645 5010 921 5084 appellat,
955 5028 1131 5084 quam
1164 5017 1229 5069 ut
1278 5014 1533 5071 declaret
1562 5014 1757 5087 ipsum
1813 5016 2026 5073 Filium

383 5114 451 5153 ex
493 5098 681 5155 Patris
711 5101 1045 5157 substantia
1087 5119 1216 5159 esse
1262 5103 1547 5176 genitum.
1582 5104 1882 5177 Alioquin,
1917 5107 2028 5163 nisi

381 5202 476 5243 res
494 5186 572 5243 ita
597 5205 658 5245 se
682 5188 912 5259 habeat,
949 5191 1040 5248 dic
1062 5191 1189 5264 ipse
1211 5194 1501 5265 quomodo
1530 5194 1707 5251 verba
1737 5194 1839 5252 illa
1862 5196 2031 5254 intel-

453 5368 499 5404 ιι
531 5368 735 5425 Matth.
769 5371 1094 5441 “1,223.34.
1171 5372 1215 5408 ιι
1244 5371 1393 5429 Psal.
1427 5389 1537 5443 cxx,
1569 5373 1623 5429 3.

1357 5550 1383 5603 6
1417 5546 1487 5624 δὲ,
1508 5553 1703 5624 μικρῷ.

457 5547 569 5633 (ξὸ)
603 5552 750 5620 Aug.
788 5548 815 5602 6
848 5547 905 5601 δὲ
936 5547 1151 5639 μικρός.
1185 5551 1323 5675 Reg.
1357 5550 1383 5603 6
1417 5547 1703 5634 Seianum?»
1996 5625 2008 5637 .

459 5620 579 5697 (οὗ).
598 5618 806 5697 Aug._6
837 5639 958 5697 περι
1005 5642 1104 5691 την
1140 5620 1255 5697 ἀρχ
1281 5642 1345 5692 ιν.
1373 5623 1539 5696 ,Εάιῐι
1582 5639 1710 5679 vero
1736 5628 1792 5681 et
1819 5628 2034 5695 ceteri,

387 5691 415 5748 δ
448 5690 592 5768 παρὰ
619 5690 951 5768 sitienti:

460 5761 571 5839 (57)
600 5761 1053 5842 Αιιειίάῖξφάνη.

603 5552 750 5639 aug.
786 5548 815 5639 ρ
848 5543 905 5601 δὲ
936 5547 1164 5639 μικρός,
1185 5551 1262 5606 Re

2133 4744 2439 4827 Ιίρολαϐὼν
2471 4750 2620 4803 εἷπον
2648 4748 2782 4823 πρὸς
2818 4748 2893 4814 σε,
2929 4746 3010 4801 ὅτι
3044 4744 3131 4801 διὰ
3178 4748 3274 4815 τὴν
3308 4746 3576 4820 ἡμετέραν
3618 4744 3786 4798 ἀσθέ-

2132 4860 2270 4895 νειαν
2313 4836 2581 4899 πολλάκις
2625 4836 2713 4892 καὶ
2744 4836 3223 4912 ἀνθρωπόσχημον
3273 4836 3335 4890 τὸ
3368 4840 3520 4891 Θεῖον
3555 4833 3607 4889 αἱ
3641 4835 3785 4887 θεῖαι

2136 4928 2339 5007 Γραφαὶ
2371 4925 2845 5002 καταγγέλλουσιν·
2880 4926 2987 5001 οὐχ
3018 4925 3100 4981 ὅτι
3133 4927 3161 4980 6
3193 4925 3321 4986 Θεὸς
3342 4924 3588 4985 τοιοῦτός
3616 4922 3788 4993 ἐστιν,

2138 5017 2263 5075 ἀλλ’
2286 5016 2378 5072 ’ἱνα
2407 5019 2570 5091 ἡμεῖς
2599 5016 2658 5071 ἐκ
2683 5020 2790 5071 τῶν
2853 5020 3177 5089 σωματικῶν
3234 5011 3687 5090 παραδειγμάτων
3720 5013 3792 5067 τὰ

2140 5110 2257 5163 θεῖα
2289 5102 2523 5168 εὐσεϐῶς
2577 5109 2811 5180 νοῶμεν.
2848 5107 2924 5160 Δι’
2968 5102 3119 5160 οὐδὲν
3176 5102 3266 5159 οὖν
3314 5101 3495 5178 ἕτερον
3554 5101 3793 5179 γαστὲρα

2145 5196 2421 5270 ὀνομάζει,
2453 5197 2486 5265 ἢ
2510 5193 2601 5250 τίνα
2630 5195 2948 5272 παραστήσῃ
3006 5194 3166 5249 αὐτὸν
3201 5193 3294 5249 τὸν
3322 5192 3444 5249 Υἱὸν
3475 5190 3534 5247 ix
3560 5197 3661 5263 τῆς
3689 5194 3793 5247 τοῦ

2207 5554 2321 5624 (58)
2355 5553 2567 5625 Regius
2599 5558 2656 5610 et
2688 5553 2864 5613 Basil.
2898 5550 3377 5608 ἀκατασκεύαστον.

2218 5626 2332 5700 (59)
2366 5626 2459 5682 Sic
2517 5643 2722 5700 omnes
2780 5625 3190 5700 manuscripti,
3247 5626 3485 5700 excepto
3541 5625 3793 5700 August.

2147 5697 2539 5832 ggpé‘secuti
2576 5703 2716 5757 sunt
2756 5697 3136 5771 Parisienses,
3168 5697 3463 5770 habetque
3514 5716 3610 5769 μοι
3658 5699 3796 5767 post
