2043 3111
13 2051 113 2069 ρωί³⁷

223 203 282 234 479
806 204 839 234 S.
863 203 1046 234 ATHANAS

1103 205 1125 234 5.
1139 221 1178 226 -
1193 204 1346 236 SPURIA.
1871 203 1935 235 480

225 273 295 298 sunt
314 271 590 305 consubstantiales,
616 280 716 300 eorum
745 280 810 308 quae
834 279 892 299 non
914 271 1046 299 videntur

1108 271 1252 308 ὁμοούσια,
1274 272 1410 309 ὁρώμετα,
1427 282 1620 309 παριστανουσι
1636 272 1685 306 τήν
1701 281 1798 308 γνωκιν
1814 270 1860 298 καὶ
1876 272 1930 298 τῶν

224 315 419 351 cognitionem
436 316 583 344 exhibent.

260 360 304 387 31.
322 361 370 388 Ar.
388 362 444 389 Cur
459 369 527 396 ergo
543 361 684 389 Dominus
708 361 758 394 ait,
779 372 793 385 «
821 361 879 397 Ego
904 368 969 388 sum
984 359 1050 388 vitis

224 412 302 437 vera,
319 408 347 431 et
363 407 447 433 Pater
469 414 553 434 meus
568 405 697 442 agricola
718 405 785 433 est?
802 416 816 430 ››
838 405 912 433 Num
933 405 1002 432 vitis
1022 407 1051 432 et

224 449 351 486 agricola
366 452 489 485 possunt
506 450 769 478 consubstantiales
797 449 883 478 esse?
907 449 968 477 Ath.
985 449 1049 477 Noli

225 494 296 521 mibi
313 494 486 522 detruncare
503 495 683 523 Dominicam
707 503 803 522 vocem
820 503 826 522 :
844 494 894 522 sed
920 494 993 530 lege,
1017 496 1049 522 ut

220 538 301 574 jacet
317 547 324 567 :
344 550 354 564 ι
372 541 428 574 Ego
452 548 530 574 sum,
544 550 557 564 ιι
575 539 670 575 inquit
683 539 836 572 Dominus,
853 549 866 563 (ι
887 538 954 566 vitis
970 547 1046 573 vera,

223 592 274 611 vos
290 584 437 619 palmites.
458 586 544 611 Pater
569 592 652 611 meus
678 583 804 619 agricola
829 586 874 611 est
902 583 933 611 ".
957 594 970 608 ι)
997 583 1047 611 Dic

224 628 296 656 mihi
320 628 421 664 itaque
439 637 445 656 :
463 629 487 656 si
503 636 536 655 ex
552 628 684 664 exemplo
708 629 774 656 vitis
799 630 827 655 et
852 628 984 664 agricola:
1001 628 1045 655 Fi-

224 673 295 700 lium
317 681 374 700 non
401 673 444 701 vis
468 681 532 700 esse
552 672 627 700 Patri
654 672 944 706 consubstantialem,
975 679 1044 699 num

222 717 320 753 ipsum
351 717 521 745 hominibus
549 717 831 746 consubstantialem
856 717 929 745 dicis
949 717 962 744 ?
997 717 1044 744 Ar.

222 762 299 790 173
330 762 428 790 Absit!
451 762 513 790 Ath.
546 762 659 790 Placide
688 762 831 796 ausculta,
861 764 891 789 el;
918 761 954 789 ad
986 761 1046 789 haac

222 806 295 834 mihi
311 807 464 842 responde.
481 806 555 834 Vitis
571 809 599 834 et
628 806 764 842 palmites
779 808 849 834 sunt
865 814 900 833 ne
919 806 1045 833 consub-

220 850 384 884 stantiales,
401 859 437 878 an
454 859 511 879 non
522 851 536 878 ‘I
551 851 597 879 Ar.
613 851 736 878 Omnino
753 851 792 878 ita
802 851 898 878 est.’[‘e
914 859 980 878 vero
997 858 1046 878 ore

222 895 311 923 ﬁnem
328 895 449 931 hujusce
465 895 585 931 capituli
609 895 794 931 explicationi
813 895 936 923 breviter
951 895 1045 931 impo-

222 948 287 974 nas,
300 942 333 967 ut
347 943 374 967 et
390 948 436 967 me
448 941 534 968 tatem
551 940 665 971 reddas.
682 940 776 975 qualis
791 942 821 967 tu
837 940 898 976 ipse
917 948 957 967 es.
982 940 1044 968 Ath.

222 985 283 1013 Nisi
301 985 373 1013 mibi
389 985 470 1021 prius
491 985 526 1012 ad
543 993 577 1012 ea
592 993 655 1020 quae
671 985 818 1021 interrogo
847 984 1044 1021 responderis,

222 1030 299 1066 quod
317 1029 449 1065 postulas
464 1038 522 1057 non
538 1030 737 1066 consequeris.
754 1030 800 1057 Ar.
822 1030 951 1066 Loquere
966 1029 1044 1065 quod

221 1074 275 1102 tibi
290 1074 415 1109 videtur,
432 1076 460 1102 et
474 1082 537 1109 ego,
549 1074 572 1102 si
590 1074 671 1102 locus
687 1075 783 1108 datur,
799 1083 851 1110 pro
874 1074 984 1101 viribus
1001 1082 1046 1101 re-

222 1118 383 1155 spondebo.
408 1118 469 1146 Ath.
495 1119 584 1154 Cujus
606 1127 696 1146 causa
717 1119 835 1146 dextera
848 1121 877 1146 et
891 1117 1045 1146 brachium

223 1164 274 1192 Dei
291 1166 472 1191 memoratur
486 1163 516 1191 in
532 1163 712 1200 Scripturis?
727 1164 773 1192 Ar.
795 1164 862 1196 Quae
878 1162 1046 1192 istiusmodi

222 1210 292 1237 sunt
320 1208 511 1245 intelligimus
540 1209 746 1237 convenienter
778 1209 946 1237 notionibus
981 1216 1046 1244 quae

223 1252 292 1281 inde
307 1256 478 1289 sequuntur.
495 1253 565 1281 Nam
583 1253 607 1280 si
623 1254 673 1287 ait,
689 1265 704 1279 «
721 1253 824 1281 Manus
840 1256 897 1281 tum
916 1254 1046 1281 fecerunt

223 1306 271 1326 me
284 1300 313 1326 et
328 1298 548 1334 plasmaverunt
562 1306 608 1325 me
618 1298 651 1330 ⁸9,
677 1309 690 1323 ››
715 1298 762 1326 hic
787 1298 976 1334 agnoscimus
997 1297 1045 1325 Dei

221 1342 282 1370 vim
298 1342 426 1370 creandi.
438 1342 509 1370 Cum
521 1345 618 1370 autem
633 1342 713 1375 dicit,
725 1354 739 1367 «
756 1342 912 1370 Bracbium
929 1341 1045 1370 Domini

222 1387 269 1416 oui
285 1387 445 1415 revelatum
461 1390 507 1415 est
517 1387 537 1405 ⁶¹
549 1387 563 1414 ‘I
585 1398 599 1412 ››
620 1387 715 1423 palam
731 1390 776 1415 est
790 1387 837 1415 hic
851 1387 887 1414 de
903 1387 972 1414 Filio
988 1394 1046 1414 ser-

223 1440 339 1461 monem
354 1431 464 1460 haberi.
483 1432 546 1459 Haao
561 1432 631 1460 item
647 1432 744 1464 verba,
764 1443 774 1456 ι
792 1432 912 1460 Dextera
931 1431 1045 1458 Domini

224 1476 291 1505 fecit
304 1477 444 1505 virtutem
455 1477 488 1509 “,’
501 1488 514 1501 »
526 1477 637 1512 absque
648 1477 738 1504 dubio
748 1476 854 1504 Filium
866 1475 1044 1512 signiﬁcant,

222 1530 274 1558 per
288 1530 375 1557 quem
393 1522 468 1549 facta
482 1524 552 1549 sunt
566 1521 901 1550 omnia.A¢h.Brachium
912 1521 948 1553 ei,
961 1521 1046 1556 cujus

223 1569 266 1594 est
282 1566 447 1599 brachium,
457 1566 759 1594 consubstantantiale
774 1568 829 1598 est,
854 1574 889 1593 an
906 1574 963 1594 non
978 1564 1046 1593 est?

224 1614 271 1639 Αν.
291 1612 330 1638 ita
345 1619 376 1639 se
391 1619 438 1638 res
462 1611 560 1639 habet.
577 1611 735 1639 Ath.Etiam
751 1611 869 1639 dextera
891 1610 944 1644 illi,
963 1610 1047 1645 cujus

1106 316 1145 351 μὴ
1163 316 1322 353 ὁρωμένων,

1140 362 1184 390 3i.
1201 363 1261 399 Ἀρ.
1292 363 1360 389 εἴπε-
1394 364 1457 393 ΙΙῶς
1487 362 1532 389 οὖν
1560 363 1574 389 ὁ
1605 362 1702 399 Κύριος
1727 360 1811 399 λέγευ
1828 376 1842 387 «ι
1860 362 1932 399 Ἐγώ

1104 406 1161 442 εἶμι
1212 405 1337 443 ἄμπελος
1351 408 1368 441 ἡ
1383 406 1514 442 ἀληθινὴ,
1530 407 1574 434 καὶ
1591 407 1605 434 ὁ
1622 407 1715 444 Πατήρ
1734 417 1786 442 μου
1799 407 1814 433 ὁ
1843 416 1932 443 γεωρη

1102 451 1148 488 γός
1178 451 1251 486 éc'ri;
1279 465 1289 478 ι
1321 452 1367 485 Mi,
1392 450 1500 479 δύναται
1525 450 1648 488 ἄμπελος
1664 451 1708 478 καὶ
1724 451 1845 488 γεωργὸς
1863 451 1930 477 εἶναι

1103 496 1236 532 ὸμοούσια
1251 506 1258 531 ς
1275 497 1334 524 Ἀθ’
1353 498 1421 524 eius:
1444 497 1489 531 Μή
1515 495 1704 534 ἀκρωτηρίαζε
1717 496 1767 530 τήν
1791 496 1930 532 Κυριακὴν

1103 542 1204 579 φωνήν.
1236 540 1308 575 ἀλλ’,
1339 542 1376 572 ὡς
1407 544 1505 575 κεῖται,
1535 540 1679 578 ἀνάγνωθι,
1712 540 1812 577 αἘγώ
1829 539 1897 576 εἶμι,
1916 551 1930 565 ››

1102 586 1183 625 φησὶν
1202 586 1215 613 ὀ
1246 585 1356 623 Κύριος,
1386 598 1400 611 α
1429 587 1447 621 ἡ
1478 584 1605 623 ἄμπελος
1621 586 1638 620 ἡ
1656 585 1786 621 ἀληθινὴ,
1803 585 1883 621 ὑμεῖς
1898 584 1931 612 τὰ

1101 629 1241 667 κλήματα,
1257 630 1271 657 ὀ
1289 631 1383 668 Πατήρ
1402 641 1454 668 μου
1469 631 1484 658 ὁ
1498 631 1619 669 γεωργός
1640 630 1721 657 ἐστιν.
1754 641 1768 655 ι)
1796 629 1865 656 Εἷπέ
1882 638 1929 665 μοι

1102 675 1157 702 οὖν·
1175 674 1198 702 εἲ·
1226 675 1240 702 ὁ
1265 675 1326 706 Υἱὸς
1355 675 1501 712 ὁμοούσιος
1517 677 1557 711 τῷ
1574 674 1659 713 Πατρὲ
1676 674 1726 702 οὐκ
1740 672 1809 702 ἔστιν
1827 674 1857 701 ἐκ
1880 676 1929 701 τοῦ

1100 717 1322 757 παραδείγματος
1349 723 1399 754 τῆς
1429 718 1556 756 ἀμπέλου
1584 720 1628 746 καὶ
1643 721 1692 746 τοῦ
1708 720 1845 756 γεωργοῦ,
1877 719 1928 755 ἄρα

1099 766 1158 794 τοῖς
1186 763 1341 801 ἀνθρώποις
1371 764 1518 800 ὁμοούσιον
1547 764 1625 791 αὐτὸν
1656 763 1727 802 φῄς
1762 766 1825 800 Ἄρ.
1858 764 1927 790 εἷπε·

1100 809 1146 843 Μή
1162 808 1286 846 γὲνοιτοί
1319 809 1379 837 Ἀθ.
1411 810 1479 836 εἴπε’
1511 809 1622 847 Ηραέως
1651 807 1775 842 ἄκουσον,
1799 808 1844 835 καὶ
1860 809 1928 844 πρὸς

1098 855 1182 880 ταῦτα
1201 851 1302 884 ἀπόδος
1321 864 1367 889 μοι
1383 853 1475 891 λόγον·
1497 854 1527 880 Ἡ
1544 852 1668 889 ἄμπελος
1683 852 1728 880 καὶ
1742 852 1775 879 τὰ
1795 853 1927 888 κλήματα

1100 897 1234 933 ὁμοούσια
1254 897 1392 935 τυγχάνει,
1409 897 1451 924 ναὶ
1467 898 1484 932 ἢ
1499 896 1529 924 οἱς
1543 907 1549 931 ;
1575 898 1638 934 Ἀρ.
1656 897 1736 924 εἴπεψ
1769 897 1926 934 Ἀραρότως

1098 943 1182 969 ταῦτα
1211 941 1297 972 οὕτως
1327 939 1395 979 ἔχει.
1423 942 1501 978 Ἀξιῶ
1525 942 1666 977 συντόμως
1677 941 1722 968 καὶ
1738 942 1771 978 τῇ
1787 942 1844 976 (67)
1859 940 1926 968 τού-

1098 998 1146 1014 του
1175 986 1322 1026 κεφαλαίου
1352 987 1483 1026 σαφηνείᾳ
1505 987 1531 1015 ἐν
1545 986 1623 1024 τάχει
1639 986 1721 1024 πέρας
1738 986 1869 1014 ἐπιθεῖναι
1885 986 1926 1013 05-

1099 1031 1195 1067 λιηςινον⁷
1223 1031 1298 1063 ὅπως
1326 1033 1397 1068 κάμὲ
1424 1033 1540 1069 ποιήσῃς
1568 1034 1703 1068 τοιοῦτον,
1733 1033 1791 1063 οἷος
1820 1031 1865 1059 καὶ
1891 1030 1923 1058 σὺ

1098 1076 1250 1114 τυγχάνεις.
1282 1077 1339 1108 Ἀθ.
1370 1077 1452 1104 εἷπεν
1483 1077 1543 1104 Ἐὰν
1575 1077 1613 1113 μὴ
1629 1077 1760 1114 πρότερον
1777 1075 1859 1114 ὅνπερ
1876 1075 1923 1103 ἑπ-

1100 1123 1194 1158 ερωτῶ
1209 1119 1318 1156 ἀποδῷς
1336 1131 1382 1157 μοι
1399 1121 1492 1158 Λόγον,
1509 1120 1540 1148 οὐ
1567 1121 1604 1157 μή
1635 1118 1724 1158 λάϐῃς
1746 1121 1778 1148 τὸ
1807 1118 1922 1156 αἱίιτημα.

1100 1167 1160 1202 Ἄρ.
1178 1166 1261 1192 εἶπεν·
1291 1166 1326 1193 ’Ὁ
1352 1164 1438 1197 θέλεις
1464 1164 1535 1203 λέγε,
1565 1165 1610 1192 καὶ
1637 1162 1664 1192 εἶ’
1680 1166 1736 1201 (68)
1750 1176 1775 1192 τι
1792 1164 1923 1202 ἐγχωρεῖ,

1099 1210 1166 1237 κατὰ
1193 1210 1224 1237 τὸ
1249 1208 1359 1237 δυνατὸν
1391 1209 1584 1247 ἀποκρίνομαι.
1610 1210 1669 1241 Ἀθ.
1702 1210 1768 1236 εἷπε·
1787 1209 1864 1244 Δεξιὰ
1878 1208 1924 1236 καὶ

1101 1254 1225 1293 βραχίων
1254 1253 1316 1290 περί
1350 1256 1417 1281 Θεοῦ
1445 1254 1592 1291 γέγραπται
1621 1253 1694 1284 τίνος
1722 1252 1831 1289 ἓνεκεν;
1861 1254 1924 1291 Ἄρ.

1100 1299 1167 1326 εἷπε·
1184 1299 1221 1326 Τὰ
1234 1301 1346 1326 τοιαῦτα
1360 1299 1429 1336 πρὸς
1441 1299 1489 1329 τὰς
1506 1295 1638 1329 ἐπιϐολὰς
1662 1298 1707 1325 καὶ
1726 1298 1774 1329 τὰς
1804 1296 1924 1325 ἀκολου-

1099 1341 1157 1373 θίας
1187 1344 1314 1378 νοοῦμεν.
1345 1342 1405 1369 Ἐὰν
1438 1341 1505 1379 λὲγῃ
1535 1342 1603 1369 κατὰ
1631 1342 1672 1378 τὸ,
1690 1354 1704 1367 α
1722 1342 1752 1370 Al.
1768 1342 1859 1379 ’χεῖρες
1876 1352 1925 1368 σου

1099 1385 1227 1422 ἐποίησαν
1259 1397 1302 1423 με,
1331 1386 1375 1413 καὶ
1405 1384 1522 1414 ἔπλασαν
1552 1397 1594 1422 με,
1619 1386 1814 1424 »γινώσκομεν
1827 1386 1860 1413 τὸ
1875 1385 1925 1421 δη-

1101 1431 1259 1469 μιουργικὸν
1288 1432 1337 1458 τοῦ
1365 1432 1432 1457 Θεοῦ
1461 1429 1582 1462 ἐνταῦθα.
1611 1430 1702 1459 Ὁπότ’
1732 1430 1761 1457 ἃν
1793 1428 1821 1457 δὲ
1842 1429 1925 1467 λέγῃ,

1100 1489 1114 1502 ‹‹
1130 1477 1159 1504 '0
1177 1475 1299 1513 βραχίων
1328 1474 1429 1513 Κυρίου
1457 1474 1509 1502 τίνι
1540 1474 1737 1511 ἀπεκαλύφθης
1770 1486 1784 1500 ››
1799 1474 1924 1513 φανερὸν,

1100 1521 1141 1549 ὃτι
1155 1520 1215 1556 περὶ
1232 1520 1296 1546 rio?»
1311 1519 1416 1558 φάσκει,
1434 1519 1507 1556 Πρὸς
1524 1517 1552 1546 δὲ
1566 1518 1674 1550 τούτοις
1689 1520 1734 1546 καὶ
1756 1519 1798 1555 τὸ,
1829 1531 1843 1544 ι(
1874 1523 1924 1546 Λε-

1100 1565 1142 1602 ξιὰ
1170 1564 1269 1602 Κυρίου
1298 1563 1410 1599 ἐποίησε
1438 1562 1562 1600 δύναμιν,
1579 1576 1593 1590 n
1614 1563 1846 1602 ὁμολογουμένως
1862 1564 1925 1601 περὶ

1101 1610 1165 1637 Υἳοῦ
1194 1608 1331 1645 σημαίνει,
1361 1607 1396 1634 ’δι’
1425 1608 1455 1635 οὗ
1484 1608 1517 1635 τὰ
1540 1607 1626 1635 πάντα
1644 1608 1761 1646 γέγονεν.
1779 1609 1836 1636 Ἀθ.
1855 1609 1925 1635 εἷπε’

222 1658 267 1683 est
292 1656 419 1687 dextera,
433 1655 693 1683 consubstantialis
704 1658 759 1688 est,
781 1664 818 1682 an
830 1663 887 1682 non
914 1654 983 1683 est?
998 1655 1044 1682 Αν.

1103 1653 1239 1691 Βραχίων,
1265 1653 1295 1680 οὗ
1323 1652 1377 1679 ἐστι
1409 1652 1543 1690 βραχίων,
1566 1652 1712 1689 ὁμοούσιος
1726 1652 1867 1690 τυγχάνει,
1882 1652 1926 1679 ναὶ

225 1701 267 1728 Ita
283 1707 400 1736 quoque
415 1702 469 1728 est.
486 1700 541 1727 Sed
557 1702 588 1728 tu
604 1700 672 1735 quid
694 1700 738 1727 vis
767 1708 813 1727 me
832 1702 972 1727 aeternum
988 1699 1046 1726 Nu-

226 1752 292 1772 men
321 1744 520 1780 componere?
549 1746 741 1779 Nunquamne
762 1743 940 1771 Clementem
971 1742 1046 1770 Petri

224 1788 348 1824 apostoli
364 1788 541 1824 discipulum
557 1788 676 1823 audisti,
692 1788 742 1824 qui
758 1788 876 1824 quidem
893 1788 1046 1823 hujusmo-

224 1833 254 1861 di
272 1833 373 1861 evertit
387 1833 549 1861 doctrinam
560 1833 574 1861 7
589 1832 650 1861 Ath.
662 1832 841 1865 Memineris,
852 1825 961 1868 quaso,
973 1832 1046 1859 ami-

225 1887 256 1906 ce
267 1886 367 1906 eorum
381 1886 445 1914 qua)
461 1878 537 1905 dicta
547 1880 682 1911 sunt,nec
693 1877 764 1905 velis
779 1885 885 1904 errare.
899 1877 956 1913 Ego
967 1876 1046 1905 enim

225 1923 338 1951 Numen
354 1923 568 1958 veneror,quod
584 1923 623 1950 sit
637 1922 828 1958 simplex,nec
839 1921 1046 1957 compositum,

225 1970 276 1996 aut
291 1967 651 2004 circumscriptum,idque
662 1975 695 1995 ex
706 1966 799 1994 sacris
809 1968 838 1994 et
848 1966 955 1994 divinis
965 1966 1046 2002 Srip-

225 2012 300 2040 turis
311 2012 409 2045 didici,
421 2019 474 2040 nec
490 2020 546 2040 non
562 2012 599 2039 ab
615 2011 661 2040 bis
676 2011 726 2048 qui
737 2011 875 2039 continua
890 2011 1048 2039 successio-

225 2065 260 2084 ne
275 2057 404 2093 episcopi
420 2057 546 2084 fuerunt.
565 2056 680 2084 Nullam
697 2057 787 2092 igitur
811 2056 898 2083 aliam
919 2056 955 2084 ob
977 2064 1046 2083 cau-

225 2110 287 2129 sam
303 2101 437 2137 Sriptura
453 2102 568 2134 Filium,
580 2101 731 2129 brachium
749 2103 778 2128 et
790 2102 939 2129 dexteram
955 2103 1046 2135 vocat,

224 2154 313 2182 quam
341 2148 373 2173 ut
395 2146 441 2181 pie
457 2146 655 2181 intelligamus
671 2145 776 2173 Filium
789 2153 852 2174 esse
877 2145 952 2173 Palri
977 2153 1047 2173 con-

224 2191 449 2218 substantialem
467 2198 474 2218 :
491 2192 560 2225 quia
576 2190 713 2218 nimirum
739 2190 768 2217 in
793 2189 911 2217 homine
934 2189 1048 2225 concipi

223 2243 280 2262 non
312 2236 416 2270 potest,
440 2234 562 2262 diversa;
585 2243 650 2262 esse
681 2234 852 2262 substantia
881 2234 1047 2267 brachium,

224 2280 371 2308 dexteram
397 2282 426 2307 et
440 2279 577 2315 digitum,
602 2281 688 2315 prout
702 2278 819 2314 singula
832 2278 949 2306 illorum
965 2279 1047 2307 ditia-

1101 1697 1184 1733 ἣοῦ;
1214 1699 1277 1735 Ἃρ.
1307 1698 1392 1726 εἶπεν·
1417 1697 1511 1728 Οὕτως
1542 1696 1610 1735 ἔχει.
1641 1698 1698 1729 Ἀθ.
1727 1698 1795 1724 εἷπε·
1827 1697 1879 1725 Καὶ
1908 1698 1924 1731 ἡ

1102 1742 1185 1778 δεξιὰ,
1201 1741 1232 1770 οὗ
1248 1742 1302 1770 ἐστι
1332 1741 1414 1779 δεξιὰ,
1432 1742 1579 1778 ὁμοούσιός
1596 1742 1723 1778 ἔστινκαὶ
1739 1743 1756 1777 ἣ
1784 1741 1836 1776 οὕς
1862 1746 1924 1780 "AP.

1102 1789 1183 1816 εἶπενε
1216 1787 1310 1818 Οὕτως
1340 1786 1409 1825 ἔχει.
1442 1787 1479 1814 Σὺ
1499 1786 1528 1815 δὲ
1541 1787 1568 1814 τί
1584 1788 1637 1826 φῄς
1655 1797 1688 1824 με
1704 1786 1790 1815 ἀίδιον
1808 1787 1926 1815 συντίθε-

1102 1839 1161 1865 σθαι
1177 1833 1208 1860 τὸ
1223 1835 1298 1859 Θεῖον
1316 1845 1322 1867 ;
1350 1832 1407 1860 Οὐκ
1431 1831 1599 1869 ’ἐπηκροάσω
1622 1832 1688 1859 ποτὶ
1704 1830 1865 1868 Κλήμεντος
1878 1834 1926 1859 τοῦ

1100 1877 1392 1915 παρακολουθήσαντος
1409 1876 1503 1914 Πέτρῳ
1516 1879 1556 1912 τῷ
1571 1876 1728 1913 ἀποστόλῳ,
1745 1876 1775 1908 ὅς
1804 1877 1928 1913 καθαιρεῖ

1101 1923 1150 1957 τὴν
1165 1922 1293 1957 τοιαύτην
1323 1920 1418 1957 δόξαν;
1450 1923 1508 1954 Ἀθ.
1540 1923 1608 1949 εἰπε
1633 1921 1767 1958 Μέμνησο
1781 1924 1835 1949 τῶν
1850 1921 1926 1959 εἰρη-

1103 1967 1200 2004 μὲνωλ,
1217 1966 1239 1993 ὦ
1254 1967 1388 2003 ἄνθρωπε,
1404 1966 1449 1994 καὶ
1467 1968 1503 2003 μὴ
1520 1966 1625 1995 πλανῶ.
1645 1966 1713 2004 Ἐγὼ
1728 1967 1780 2004 γὰρ
1810 1966 1928 1999 ἁπλοῦν,

1101 2012 1252 2044 ἀσύνθετον,
1282 2011 1463 2051 ἀπερίγραφον
1494 2012 1549 2048 (69)
1575 2012 1607 2039 τὸ
1635 2014 1710 2039 Θεῖον
1735 2009 1864 2047 σέϐομαι,
1882 2022 1930 2047 με-

1104 2057 1234 2093 μαθηκὼς
1263 2056 1292 2083 ἐκ
1319 2058 1372 2083 τῶν
1401 2056 1482 2093 ἱερῶν
1511 2055 1555 2083 καὶ
1580 2055 1658 2083 θείων
1673 2058 1797 2095 Γραφῶν.
1812 2056 1858 2083 καὶ
1873 2059 1929 2083 τῶν

1101 2101 1216 2135 καθεξῆς
1245 2099 1442 2137 διαδεξαμὲςων
1470 2101 1518 2134 τὴν
1548 2100 1710 2135 ἐπισκοπήν.
1738 2099 1854 2131 Οὐδενὸς
1884 2101 1932 2127 οὖν

1102 2144 1194 2183 ἐτέρου
1209 2143 1297 2172 ἕνεκεν
1312 2146 1328 2179 ἡ
1346 2145 1437 2184 Γραφή
1458 2144 1593 2182 βραχίονα
1608 2145 1651 2172 καὶ
1675 2143 1760 2180 δεξιὰν
1775 2145 1855 2173 καλεῖ
1883 2146 1929 2173 τὸν

1101 2191 1175 2223 Υἱὸν,
1191 2191 1207 2224 ἢ
1220 2190 1266 2217 ’ἱνα
1281 2187 1397 2221 εὐσεϐῶς
1413 2192 1517 2226 νοῶμεν
1547 2189 1693 2226 ὁμοούσιον
1714 2188 1779 2217 ὅντα
1803 2190 1849 2217 τὸν
1867 2190 1929 2217 Υὶὸν

1101 2235 1141 2270 τῷ
1170 2233 1267 2270 “arpi,
1296 2232 1340 2261 διὰ
1366 2234 1397 2261 τὸ
1423 2234 1614 2271 ἀνεγχώρητον
1631 2233 1672 2261 ἐπ’
1686 2233 1830 2271 ἀνθρώπου
1846 2233 1931 2261 ἐκλα-

1103 2277 1159 2306 ϐεῖν
1173 2290 1232 2306 τινα
1248 2279 1398 2316 ὲτερούσιον
1427 2280 1473 2307 τὸν
1505 2279 1648 2317 βραχίονα,
1675 2280 1692 2313 ἢ
1705 2279 1754 2313 τὴν
1771 2277 1858 2314 δεξιὰν
1883 2278 1930 2305 καὶ

223 2328 301 2352 runt.
318 2325 364 2352 Αν.
381 2324 538 2352 Consentio
556 2323 659 2351 Filium
676 2323 754 2351 Patri
769 2331 834 2351 esse
853 2323 1046 2352 consubstan-

1103 2324 1147 2351 τὸν
1163 2322 1307 2356 δάκτυλον,
1324 2323 1361 2355 ὠς
1380 2322 1491 2352 ἕκαστον
1521 2323 1608 2351 αὐτῶν
1636 2325 1691 2360 (70)
1720 2322 1856 2362 διαφέρειν
1884 2323 1932 2350 πὲ-

221 2369 321 2397 tialem
339 2370 424 2405 :jam
440 2369 509 2405 quid
524 2369 592 2396 vitis
612 2367 766 2404 significet,
792 2367 864 2395 mihi
890 2367 977 2396 velim
999 2377 1047 2396 ex-

223 2422 326 2450 ponas.

258 2503 301 2531 32.
320 2503 380 2531 Am.
395 2504 455 2532 Duo
469 2503 537 2531 vitis
550 2511 656 2539 genera
673 2502 747 2531 solet
760 2510 992 2531 commemorare
1006 2502 1048 2530 di-

222 2548 291 2576 vina
306 2548 467 2584 Scriptura,
483 2548 589 2575 bonam
605 2547 723 2584 quidem
741 2556 841 2582 unam,
856 2547 1048 2583 l'ructil‘eram,

223 2592 444 2627 exhilarantem,
472 2594 502 2620 ct
529 2591 726 2620 letiﬁcantem
755 2601 804 2621 cor
827 2591 966 2628 hominis,
984 2600 1047 2628 qua:

1102 2379 1193 2407 φυκεν.
1209 2369 1273 2406 "Ap.
1290 2370 1357 2396 εἷπε·
1372 2368 1506 2407 Σύμφημι
1523 2368 1669 2405 ὁμοούσιον
1695 2369 1761 2396 εἶναι
1791 2368 1836 2396 τὸν
1865 2368 1929 2396 Υἱὸν

1100 2415 1140 2449 τῷ
1157 2413 1254 2450 Ηατρί·
1285 2412 1385 2444 ἀπόδος
1417 2424 1465 2449 μοι
1494 2413 1590 2441 λοιπὸν
1620 2412 1703 2451 λόγον
1732 2413 1795 2451 περὶ
1808 2416 1859 2448 τῆς
1875 2414 1930 2450 άμ-

1101 2456 1199 2485 πέλοι).

1137 2504 1182 2530 32·
1201 2503 1259 2534 Ἀθ.
1289 2502 1357 2530 εἶπε·
1386 2502 1438 2530 Δύο
1467 2505 1562 2540 γενεῶν
1591 2501 1718 2539 ἀμπέλου
1747 2500 1826 2530 sibi):
1856 2513 1930 2539 μνη-

1105 2546 1226 2583 μονεύειν
1256 2548 1273 2582 ἡ
1305 2548 1361 2579 θεία
1391 2547 1494 2586 Γραφὴ,
1526 2547 1589 2584 μίαν
1621 2548 1808 2585 μὶνχρηστὴν
1823 2548 1868 2575 καὶ
1885 2548 1929 2576 εὖ·

1103 2592 1250 2631 φραντικήν
1279 2602 1308 2619 τε
1336 2592 1381 2619 καὶ
1409 2594 1611 2630 χαροποιοῦσαν
1639 2590 1750 2629 καρδίαν
1770 2591 1927 2630 ἀνθρώπου,

259 2681 379 2710 "Joan.
395 2689 441 2716 xv,
462 2682 488 2709 1.
525 2681 548 2699 ⁸ο
573 2681 649 2709 Psal.
674 2689 770 2715 cxvm,
786 2681 833 2709 73.
870 2680 892 2699 ⁸¹
918 2681 963 2708 Isa
985 2689 1045 2715 nm,

1130 2680 1154 2699 ⁶³
1169 2679 1245 2708 Psal.
1259 2688 1344 2714 cxvu,
1361 2681 1404 2709 i6.

257 2765 436 2802 (67)"Regius
450 2767 479 2794 et
490 2765 592 2802 Basil.,
608 2764 674 2800 ἀξιῶ
690 2763 735 2791 οὖν
752 2762 796 2802 καί
810 2763 1047 2802 τῇ.Αῐι81ἱραιιυε,

221 2788 1045 2840 .1525;praegu'saugtut'agitabamus;

221 2836 274 2876 pro
286 2836 412 2874 θέλησον.
429 2836 434 2840 ’
447 2836 451 2839 ⁷

257 2875 313 2914 (68)
327 2874 440 2911 Anglic.
457 2872 501 2901 καὶ
514 2871 563 2902 ἔτι.

1137 2765 1252 2806 (σομε
1265 2765 1577 2806 omnes‘mss.‘prte‘ter
1590 2765 1663 2801 Aug.
1685 2772 1773 2801 quem
1795 2764 1928 2801 sequitur

1099 2800 1278 2839 editLParis,
1295 2800 1443 2839 habetque
1457 2800 1666 2839 ἀπερίγραπτον.

1134 2837 1191 2873 (70)
1207 2839 1282 2873 Aug.
1297 2835 1389 2864 αὐτόν.
