2043 3111
1702 0 1706 4 ν
1744 0 1983 9 »λι-π
2006 0 2018 5 —

1750 0 1802 9 νιε-
2006 0 2018 5 ν

1750 0 1983 34 .-μρπι
2033 0 2034 58 γ

1779 30 1792 38 ι
1830 30 1834 33 ν
1868 33 1872 36 .
1892 42 1896 45 .

1779 30 1896 45 ¹’·.

235 214 294 245 483
817 215 849 243 S.
872 212 1050 244 A'I‘lIANAS

1106 213 1132 243 5.
1148 229 1185 235 —-
1200 213 1356 245 Sl’UHlA.
1720 257 1724 262 ι
1886 216 1947 244 484

237 281 421 309 habituram:
439 288 505 307 cum
521 280 617 308 subito
628 279 754 316 agricola
765 279 800 307 ad
812 279 906 316 ipsam
923 287 990 307 cum
1002 278 1047 307 cui

1118 278 1247 306 Φθάσασα
1262 277 1290 306 δὲ
1306 278 1349 307 ἐπὶ
1364 279 1395 307 τὸ
1413 278 1472 318 ἓαρ,
1489 279 1554 318 ὅπερ
1570 279 1624 308 ἐστὶ
1653 281 1712 308 νέον
1725 279 1800 315 ἓτος,
1817 279 1894 320 δοκεῖ
1909 280 1946 308 δι-

237 328 281 353 tro
297 325 448 359 accedens,
461 324 588 361 primum
605 324 760 360 diligenter
770 332 872 352 omnes
888 324 1061 360 circumpsi-

236 370 276 398 cit
290 370 438 406 palmites,
454 372 517 397 tum
533 378 582 397 eos
600 377 675 405 quos
704 369 797 397 hiems
826 368 940 397 laaserit'
961 368 1062 405 incipit

236 417 398 452 amputare,
408 414 513 442 deinde
523 422 612 442 sanos
623 422 737 450 quoque
749 413 884 450 palmites
894 414 929 441 ad
942 412 1060 441 tertium

235 461 264 486 et
278 460 415 493 quartum
432 466 526 494 usque
539 458 655 485 oculum
672 460 817 493 amputat.
831 457 896 485 Stat
909 465 977 485 vero
997 457 1062 493 ipsa

235 503 347 531 nudata
361 503 488 538 lzesaque
499 502 591 530 cultro
602 502 669 530 vitis
682 502 863 536 sublimis,in
871 501 975 530 coelum
987 501 1062 538 aspi-

235 547 326 582 ciens,
343 546 579 582 lacrymaturque
596 547 714 574 tertium
732 554 824 582 usque
839 546 926 574 diem.
958 546 1062 574 Postea

234 591 292 620 Deo
307 591 476 627 pravidente
490 590 626 618 solatium
641 593 808 624 consecuta,
825 591 979 627 lacrymari
994 591 1061 619 des-

234 636 300 669 init,
317 635 473 671 multisque
489 637 608 671 repente
622 635 771 671 productis
797 635 969 671 palmitibus
995 634 1061 663 talis

234 682 363 716 apparet,
381 679 476 715 qualis
492 682 578 707 antea
592 682 664 713 erat,
681 679 739 707 imo
770 682 861 707 multo
890 679 1059 715 speciosior.

233 726 273 752 Ex
288 724 336 752 his
351 726 447 752 autem
462 733 524 760 qua:
540 724 681 752 hactenus
692 723 1003 761 exposuimus,clarius
1015 724 1060 751 in-

232 768 404 797 tellecturus
420 777 451 797 es
465 777 528 804 qua:
544 769 579 796 de
593 777 659 796 vera
673 769 730 796 vite
744 768 852 796 dicturi
868 777 982 796 sumus.

1116 324 1308 351 αναπαύετθαι·
1334 322 1474 364 αἰφνιδίως
1504 323 1534 352 δὲ
1561 325 1709 364 ὸγεωργὸς
1741 324 1849 356 ἐπιστὰς
1864 325 1944 363 αὐτῇ,

1116 367 1190 407 ξίφος
1207 367 1402 407 ἐπιφερόμενος
1419 392 1425 405 ,
1442 371 1549 407 πρῶτον
1569 370 1616 407 μὲν
1632 394 1639 406 ,
1656 367 1775 407 ἀκριϐῶς
1796 380 1945 409 κατοπτρι-

1115 412 1230 449 σάμενος
1247 413 1348 440 ἅπαντα
1375 413 1408 440 τὰ
1434 413 1574 450 κλήματα,
1605 413 1716 452 ἄρχεται
1745 414 1778 442 τά
1808 412 1945 453 βλαϐέντα

1116 456 1145 484 ἐκ
1159 459 1207 484 τοῦ
1220 460 1358 496 χειμῶνος
1388 457 1524 495 ἐκτέμνειν
1541 482 1548 494 ,
1578 458 1671 486 ἔπειτα
1685 459 1729 486 καὶ
1744 459 1778 486 τὸ.
1792 458 1943 496 ὑγιαίνοντα

1104 502 1168 549 Ιιῖιπὸ
1191 502 1320 549 τρίτουῆ
1348 503 1477 541 τετάρτου
1508 503 1651 549 ὀφθαλμοῦ
1680 507 1841 542 περιαιρεῖν.
1865 505 1898 533 Ἠ
1913 502 1943 532 δὶ

1116 545 1239 583 ἄμπελος
1257 569 1264 581 ,
1289 549 1461 584 γυμνωθεῖσα
1475 547 1519 575 καὶ
1536 546 1671 585 πληγεῖσα
1685 548 1808 587 τῷξίφει
1822 571 1831 583 ,
1845 547 1942 583 ἕστηκε

1117 592 1251 629 μετέωρος
1278 592 1315 623 εἷς
1345 592 1390 620 τὸν
1421 592 1532 630 οὐρανὸν
1561 590 1755 620 ἀποϐλέπουσα
1771 617 1779 629 ,
1809 594 1866 629 ἅμα
1896 592 1942 620 ὂα-

1115 636 1234 673 κρύουσα
1256 636 1321 676 ἄχρι
1350 639 1399 670 τῆς
1425 636 1518 675 τρίτης
1537 637 1652 676 ἡμέρας.
1682 637 1886 675 Παρακλήσεως
1914 637 1943 665 δὶ

1114 682 1285 719 τυγχάνουσα
1314 682 1345 709 ἐκ
1371 684 1421 715 τῆς
1434 684 1482 709 τοῦ
1511 684 1578 710 Θεοῦ
1606 682 1750 720 προνοίας,
1779 683 1941 719 παυσαμένη

1113 728 1166 753 τῶν
1197 724 1335 764 δακρύων,
1363 725 1505 766 αἰφνιδίως
1532 725 1620 755 πολὺν
1650 727 1764 765 ἀριθμὸν
1793 728 1837 755 καί
1854 725 1941 765 ὄχλον

1114 769 1264 807 κλημάτων
1303 770 1479 809 βλαστήσασα
1496 795 1503 807 ,
1531 772 1549 807 ἠ
1588 771 1656 806 αὐτῆ
1684 771 1856 811 ἀναφαίνεται
1885 770 1943 810 (79)

246 812 275 829 τί..
289 812 322 829 ἕ..
337 812 380 829 υ..)
397 813 530 829 ..λλρ-ηλ..
560 812 666 829 ..Ξὶῖλη
683 811 709 829 ἓξ-
726 812 770 829 υι..)
788 811 953 829 Ζυὲλζου-ΔΑ...
971 813 1016 829 Ὠιι
1033 811 1050 829 R1

1106 816 1129 829 Ζ..
1145 814 1392 829 ---μ--Β-ὶ-.λιη..
1406 828 1409 829 ν
1421 814 1491 829 ὶίμ-Αη
1511 827 1547 829 μ..
1565 817 1708 829 ._,,,_l,__4__
1720 817 1762 829 με)
1780 817 1807 829 -3

246 812 258 823 υ
373 812 380 821 \
452 823 466 829 ρ
581 815 593 820 ς
684 811 706 822 Νι
763 812 770 822 \
819 811 831 821 «κ
947 823 953 828 _
971 813 977 823 γ
1094 816 1108 821 ~
1421 814 1433 826 )l
1756 817 1762 824 ι
1800 817 1807 826 \

231 823 276 841 οια
289 812 322 850 ᾖν
337 823 381 840 και
397 813 540 850 πρόιερον,
560 812 666 848 μαλλον
682 819 711 840 οε
726 823 771 840 και
787 812 943 850 ένοοξοτέρα
979 815 1018 840 Εκ
1033 811 1061 841 δὲ
1075 824 1130 842 των
1145 814 1410 853 προαποδεδομένων
1420 827 1493 844 εσται
1508 827 1549 844 σοι
1562 817 1710 855 σαφέστερα
1720 827 1764 845 και
1779 827 1812 845 τα
1820 817 1943 854 ἑπόμενα

230 857 292 896 περὶ
307 861 356 892 τῆς
371 857 496 894 ἀμπέλου
511 860 560 892 τῆς
576 856 722 892 ἀληθινῆς.

266 903 311 931 34.
323 903 424 939 itaque
440 903 582 930 Dominus
597 903 647 930 viti
665 903 809 930 umbrosae
826 902 986 939 multisque
1011 911 1057 931 or-

230 949 305 975 natae.
327 947 498 984 palmitibus
512 949 557 974 est
571 946 688 979 similis,
705 949 822 983 propter
837 946 1056 975 multitudinem

231 992 343 1020 scilicet
357 991 579 1027 discipulorum,
599 993 628 1019 ct
656 991 928 1026 circumjacentium
957 991 1055 1019 turba-

230 1044 296 1064 rum
327 1036 362 1063 ad
392 1036 501 1072 ipsum,
531 1035 632 1063 auxilii
653 1036 805 1064 obtinendi
819 1044 888 1072 ergo
904 1044 1057 1064 accurren-

228 1081 321 1113 tium;
338 1081 410 1108 adeo
427 1082 458 1108 ut
474 1088 615 1108 numerus
629 1088 741 1115 eorum,
757 1081 807 1117 qui
824 1081 851 1108 in
867 1080 964 1116 ipsum
994 1088 1057 1109 cre-

227 1125 312 1160 dunt,
324 1133 441 1153 omnem
458 1127 575 1160 superet
590 1125 800 1160 conjecturam.
813 1124 857 1152 Illi
874 1133 939 1152 vero
957 1133 1010 1153 suo
1026 1124 1055 1152 in

227 1169 312 1198 illum
342 1169 541 1197 indissolubili
565 1178 675 1203 amore,
707 1172 845 1205 tanquam
876 1170 1010 1205 palmites
1030 1170 1054 1197 ei

226 1214 442 1247 adhaerescunt,
470 1222 596 1249 quorum
628 1214 688 1246 alii,
718 1214 880 1250 spiritualis
909 1214 1054 1242 commodi

226 1259 406 1295 percipiendi
419 1258 632 1294 gratia,nolunt
647 1261 728 1286 extra
743 1258 895 1292 illum,sed
914 1267 972 1286 una
986 1267 1053 1286 cum

228 1311 262 1331 eo
274 1311 338 1332 esse
354 1312 360 1331 :
375 1303 423 1330 alii
439 1311 506 1331 vero
521 1304 618 1331 sanari
636 1303 798 1339 cupientes,
825 1303 873 1330 alii
903 1303 1052 1330 Christum

227 1348 326 1376 venire
341 1347 596 1381 audientes,simul
606 1350 924 1381 convenerunt,novum
939 1350 1053 1383 specta-

227 1393 327 1420 culum
343 1392 459 1420 videndi
475 1392 629 1425 desiderio,
646 1392 738 1419 Deum
755 1400 859 1428 nempe
874 1392 903 1419 in
932 1400 1052 1428 corpore

226 1437 303 1465 inter
316 1437 450 1465 homines
465 1439 641 1464 versantem.
654 1436 785 1472 Denique
796 1436 921 1464 adventu
936 1435 1051 1464 Domini

225 1482 325 1509 omnia
339 1481 446 1518 gaudio
464 1481 550 1517 plena
571 1483 654 1509 erant
670 1489 677 1508 :
692 1481 742 1516 qui
770 1489 945 1516 quocunque
973 1481 1051 1509 incs-

226 1526 316 1559 deret,
345 1526 434 1553 veluti
450 1525 516 1553 vitis
531 1525 702 1561 palmitibus
718 1527 818 1559 densa,
836 1525 872 1553 ob
889 1525 982 1553 multa
997 1525 1050 1553 ho-

226 1569 339 1597 minum
357 1569 458 1605 millia,
476 1569 525 1605 qui
541 1578 608 1597 eum
624 1569 850 1602 comitabantur,
866 1569 998 1597 omnium
1019 1570 1049 1597 in

224 1614 354 1649 seipsum
383 1613 518 1649 ﬂagranti
547 1622 646 1641 amore
671 1616 733 1641 erat
759 1614 950 1650 conspicuus,
981 1622 1048 1642 cum

224 1665 327 1685 omnes
355 1657 411 1693 ipsi
439 1658 629 1685 adhmrerent.
660 1660 697 1685 At
725 1666 791 1685 cum
816 1658 957 1686 hiemales
971 1658 1046 1686 venti

1147 906 1191 933 34.
1208 905 1236 931 Ὀ
1252 904 1297 932 οὖν
1312 905 1410 943 Κύριες
1425 906 1527 943 τρόπον
1552 905 1677 943 ἀμπέλου
1701 905 1879 943 εὖκΑημάτου
1893 906 1940 934 καὶ

1112 950 1221 977 συσκίου
1237 949 1353 987 ἐπέχων,
1370 948 1415 977 διὰ
1428 950 1460 977 τὸ
1475 949 1585 983 πλῆθος
1598 953 1653 977 τῶν
1670 953 1798 987 μαθητῶν
1813 950 1859 978 καὶ
1883 953 1939 979 τῶν

1111 995 1188 1032 πέριξ
1216 993 1310 1032 ὄχλων
1335 992 1573 1032 ἐπιπορευομένων
1603 995 1672 1033 πρὸς
1698 995 1778 1022 αὐτὸν
1810 995 1940 1033 βοηθείας

1110 1037 1206 1066 ’ἐνεκεν-
1236 1039 1273 1070 ὡς
1302 1040 1368 1066 εἶναι
1397 1038 1490 1074 πλήθη
1520 1038 1680 1074 ἀνείκαστα,
1710 1040 1872 1067 πιστεύοντα
1901 1040 1939 1071 εἰς

1111 1083 1200 1111 αὐτόν’
1224 1083 1267 1111 καὶ
1294 1086 1334 1120 τῷ
1351 1084 1397 1120 μὶν
1425 1084 1502 1120 πόοῳ
1525 1086 1564 1120 τῷ
1594 1083 1631 1115 εἷς
1665 1083 1745 1111 αὐτὸν
1775 1083 1939 1122 ἀχωρίστως

1111 1126 1184 1167 ἔχειν
1196 1128 1305 1166 αὐτοὺς,
1330 1128 1432 1166 τρόπον
1447 1127 1600 1165 κλημάτων
1628 1129 1763 1156 συνόντων
1791 1128 1875 1165 αὐτῷ,
1895 1139 1937 1156 τι-

1110 1175 1164 1200 νῶν
1176 1171 1206 1200 ὁὶ
1224 1173 1268 1200 καὶ
1292 1171 1425 1211 ὠφελείας
1451 1173 1533 1210 χάριν
1562 1174 1748 1209 πνευματικῆς
1778 1173 1816 1209 μή
1835 1171 1938 1210 βουλο-

1111 1218 1200 1253 μένων
1229 1217 1305 1248 ἐκτὸς
1334 1216 1416 1244 αὐτοῦ
1444 1217 1600 1255 τυγχάνειν,
1631 1216 1703 1244 ἀλλὰ
1732 1218 1788 1252 (80)
1817 1220 1936 1245 συνεῖναι

1108 1262 1192 1298 αὐτῷ,
1209 1262 1306 1300 ἑτέρων
1322 1260 1351 1289 δὲ
1381 1261 1557 1299 βουλομένων
1585 1262 1683 1293 ἱάσεως
1708 1265 1814 1300 τυχεῖν,
1839 1261 1935 1289 ἄλλων

1108 1306 1137 1335 δὲ
1152 1307 1321 1342 ἀκηκοότων,
1338 1306 1379 1333 ὅτι
1410 1307 1524 1344 Χριστὸς
1550 1305 1621 1342 ἣκει,
1638 1306 1682 1334 καὶ
1707 1305 1933 1342 συνεληλυθότων

1106 1352 1214 1379 κατὰτὸ
1243 1351 1318 1386 αὐτὸ,
1348 1348 1526 1387 ϐουλομένων
1549 1351 1691 1378 θεάσασθαι
1719 1352 1750 1378 τὸ
1775 1351 1934 1388 καινότερον

1107 1396 1203 1432 θέαμα,
1231 1395 1295 1423 Θεὸν
1321 1394 1348 1422 ἐν
1372 1395 1479 1432 σώματι
1503 1395 1658 1432 ἀνθρώποις
1683 1395 1933 1434 συναναστρεφόμε-

1106 1451 1162 1468 νον.
1179 1440 1227 1467 Καὶ
1243 1439 1337 1470 ἁπλῶς
1361 1440 1395 1474 ἧν
1420 1440 1523 1466 ἅπαντα
1547 1442 1634 1477 χαρᾶς
1657 1440 1776 1476 γέμοντα
1798 1441 1849 1472 τῆς
1864 1450 1933 1477 παρ-

1106 1484 1197 1515 ουσίας
1220 1486 1271 1512 τοῦ
1299 1483 1398 1521 Κυρίου
1426 1483 1574 1521 γενομένης
1591 1493 1597 1499 ·
1625 1483 1657 1510 οὗ
1685 1482 1709 1511 δ’
1737 1483 1768 1511 ἂν
1796 1482 1933 1522 έβάδιζεν,

1106 1529 1195 1566 ὥσπερ
1226 1528 1355 1567 εὐστεφὴς
1394 1527 1518 1564 ἄμπελος
1556 1526 1600 1555 διὰ
1631 1528 1678 1559 τὰς
1715 1526 1849 1565 μυριάδας
1878 1531 1933 1556 τῶν

1106 1574 1354 1611 συμπορευομένων
1383 1571 1457 1608 αὐτῷ
1471 1570 1566 1610 ὄχλων
1595 1573 1628 1608 ᾖν
1645 1572 1784 1609 ὁρώμενος
1800 1573 1880 1609 πόθῳ
1894 1572 1934 1609 τῷ

1104 1619 1173 1655 πρὸς
1188 1618 1280 1650 αὐτὸν,
1310 1618 1435 1645 ἁπάντων
1461 1617 1662 1654 συνηνωμένων
1692 1617 1774 1653 αὐτῷ.
1801 1617 1934 1655 Ἀρξαμέ-

1103 1673 1156 1690 νων
1185 1661 1214 1689 δὶ
1238 1664 1404 1700 χειμερινῶν
1426 1662 1589 1698 πνευμάτων
1616 1660 1646 1688 ἐκ
1673 1664 1728 1688 τῶν
1750 1662 1934 1700 ἀκρωτηρίων

223 1701 292 1730 ﬂare
307 1702 461 1737 cepissent
477 1703 602 1730 summis
618 1711 651 1730 ex
666 1702 786 1736 locis,ad
805 1702 869 1730 illos
885 1703 1050 1738 probandos

1106 1709 1255 1745 καταφυσᾷν
1271 1707 1339 1743 πρὸς
1364 1704 1482 1743 δοκιμήν
1504 1708 1558 1733 τῶν
1584 1707 1832 1743 συμπορευομένων
1858 1706 1933 1743 αὖτῷ

223 1745 273 1781 qui
290 1746 386 1782 ipsum
403 1746 629 1779 comitabantur,
646 1746 745 1774 statim
762 1755 817 1774 non
842 1746 939 1782 pauci,
968 1755 1045 1774 mar-

221 1789 401 1818 cescentium
430 1791 524 1818 instar
551 1790 678 1818 ﬁliorum
707 1799 742 1819 ex
757 1790 836 1818 vitali
852 1791 919 1826 vite,
935 1791 982 1818 cui
997 1792 1046 1819 ad-

221 1834 428 1869 herescebant,
444 1835 622 1863 deciderunt.
639 1835 755 1871 Aliique
770 1835 941 1871 pontiﬁcum
955 1838 1045 1870 metu,

220 1888 257 1907 ne
272 1888 426 1916 synagoga:
442 1883 568 1908 extorres
583 1880 695 1915 fierent,
710 1880 799 1908 vitam
816 1888 900 1908 suam
922 1888 1045 1917 negave~

219 1927 300 1959 runt,
313 1925 562 1961 quemadmodum
578 1927 607 1952 et
621 1933 699 1952 nunc
715 1925 774 1952 lieri
790 1925 933 1953 videmus.
945 1925 1045 1960 Siqui-

219 1969 296 2003 dem,
309 1971 341 1996 ut
354 1969 397 1997 illi
412 1969 492 2005 olim,
506 1969 547 1997 sic
561 1969 646 1997 hodie
662 1969 819 2006 hypocrita:
835 1969 968 1997 homines
982 1969 1045 2006 glo-

181 2026 184 2027 ν
217 2013 292 2041 riam
326 2017 545 2050 persecutorum
581 2013 713 2042 Ecclesiae
751 2013 845 2050 magis
883 2013 1046 2042 dilexerunt

218 2065 307 2093 quam
324 2058 374 2085 Dei
390 2058 661 2094 gloriam.Aliivero
669 2067 727 2086 non
743 2059 1045 2095 intelligentesdivina

217 2104 245 2129 et
256 2101 426 2139 ‘spiritualia
440 2103 515 2131 175
533 2102 649 2131 Domini
664 2104 762 2138 verba,
776 2106 935 2131 retrorsum
964 2104 1044 2132 abie-

218 2149 443 2183 runt;rcumque
456 2150 484 2175 et
499 2147 711 2183 vituperatione
726 2148 849 2183 dignum
865 2156 929 2176 esse
944 2148 1043 2176 existi-

217 2193 332 2219 mantes
347 2191 561 2219 benefactorem
577 2200 677 2226 suum,
693 2192 754 2220 hiec
770 2192 834 2219 ausi
855 2195 924 2219 sunt
952 2192 1043 2228 loqui,

218 2235 305 2267 «Quis
321 2238 417 2271 potest
430 2243 497 2264 eum
511 2236 612 2264 audire
627 2236 742 2264 “‘hHos
757 2245 828 2264 sane
846 2239 945 2265 nostra
960 2239 1044 2266 etate

215 2280 402 2316 aemulantur,
418 2280 466 2316 qui
482 2280 633 2308 veritatem
648 2281 732 2316 sequi
750 2284 901 2315 recusant;
918 2289 951 2308 eo
965 2282 1042 2316 quod

214 2324 418 2352 tribulationes
428 2326 458 2352 et
466 2324 642 2353 tentationes
657 2324 744 2352 (idem
759 2324 854 2360 ipsam
869 2328 1041 2360 sequantur.

1100 1751 1196 1790 ὄχλων
1213 1772 1220 1786 ,
1238 1751 1341 1788 ἀθρόως
1355 1749 1469 1789 φύλλων
1486 1749 1569 1788 δίχην
1588 1751 1797 1787 μαραινομένων
1808 1774 1816 1785 ,
1831 1751 1930 1778 ἀπέπιι

1100 1806 1166 1823 πτον
1183 1794 1233 1823 οὐκ
1262 1793 1362 1831 ὀλίγοι,
1390 1794 1422 1832 ᾖς
1451 1794 1560 1831 εἷ’χοντο
1584 1794 1710 1831 ἀμπέλου
1738 1796 1868 1830 ζωτικῆς,
1884 1796 1931 1823 καὶ

1099 1843 1154 1868 τῶν
1172 1840 1220 1877 μὲν
1236 1840 1293 1877 (81)
1316 1838 1360 1866 διὰ
1374 1837 1459 1878 φόϐον
1483 1842 1537 1867 τῶν
1553 1840 1703 1878 ἀρχιερέων
1720 1863 1727 1875 ,
1740 1839 1787 1867 ’ἶνα
1803 1840 1841 1876 μὴ
1860 1840 1930 1868 ἀπο-

1101 1884 1249 1922 συνάγωγοι
1265 1884 1390 1922 γένωται,
1409 1884 1609 1921 ἐξαρνουμένων
1632 1885 1683 1918 τήν
1707 1884 1808 1911 ἑαυτῶν
1839 1886 1927 1919 ζωὴν,

1100 1928 1190 1966 ὥσπερ
1207 1929 1251 1956 καὶ
1275 1930 1320 1956 νῦν
1336 1929 1444 1965 ὁρῶμεν
1467 1929 1598 1965 γινόμενα
1624 1930 1657 1956 τὰ
1679 1928 1747 1956 αὐτὰ
1770 1929 1931 1966 πράγματα’

1099 1974 1244 2011 ἠγάπησαν
1259 1973 1320 2010 γὰρ,
1337 1973 1373 2003 ὡς
1402 1973 1428 2000 οἱ
1452 1973 1522 2007 τότε,
1548 1973 1593 2000 καὶ
1617 1975 1663 2000 νῦν
1684 1975 1733 2005 τῆς
1760 1973 1932 2011 ὑποκρίσεως

1099 2016 1237 2055 ἄνθρωποι
1265 2018 1315 2052 τὴν
1345 2016 1423 2053 δόξαν
1452 2019 1506 2044 τῶν
1534 2016 1657 2045 ὃιωκτῶν
1684 2019 1734 2050 τῆς
1764 2017 1932 2053 Ἐκκλησίας

1100 2063 1165 2100 ὑπὲρ
1180 2063 1230 2097 τήν
1247 2061 1325 2098 δόξαν
1348 2063 1396 2090 τοῦ
1420 2064 1488 2089 Θεοῦ
1503 2061 1610 2090 ε’ίλοντο
1628 2072 1634 2078 ·
1652 2062 1751 2100 ἑτέρων
1766 2060 1796 2089 δὲ
1813 2062 1852 2098 μή
1869 2073 1933 2090 συν-

1099 2107 1267 2143 αισθομένων
1291 2109 1346 2133 τῶν
1382 2105 1462 2133 θείων
1491 2106 1535 2133 καὶ
1564 2108 1755 2142 πνευματικῶν
1794 2106 1930 2145 ῥημάτων

1097 2153 1146 2178 τοῦ
1163 2150 1262 2187 Κυρίου
1288 2150 1325 2181 εἰς
1348 2151 1381 2177 τὰ
1407 2150 1494 2178 ὀπίσω
1518 2150 1734 2190 έπιπραφέντων
1751 2173 1759 2183 ,
1785 2150 1873 2177 αἷτίαν
1888 2150 1930 2187 τῷ

1098 2195 1222 2232 εὐεργέτῃ
1251 2194 1295 2222 καὶ
1325 2195 1411 2232 ψόγον
1440 2195 1638 2232 προσαψάντων
1656 2217 1663 2229 ,
1693 2195 1738 2222 καὶ
1768 2193 1929 2232 λεγόντων,

1098 2251 1113 2265 ‹‹
1135 2239 1181 2270 Τίς
1206 2237 1314 2266 δύναται
1340 2239 1421 2266 αὐτοῦ
1447 2239 1554 2267 ἀκούειν
1571 2248 1578 2272 ;
1597 2251 1611 2265 ››
1627 2239 1712 2276 Ὅπερ
1737 2238 1781 2266 καὶ
1809 2238 1854 2267 ἐπὶ
1878 2242 1928 2267 τοῦ

1098 2283 1232 2320 ἡμετέρου
1252 2285 1348 2320 καιροῦ
1370 2283 1533 2320 πράττουσιν
1558 2284 1585 2310 οἱ
1611 2284 1649 2320 μὴ
1676 2282 1842 2321 βουλόμενοι
1864 2294 1928 2311 συν-

1097 2326 1200 2355 οδεύειν
1237 2329 1271 2364 τῇ
1309 2327 1448 2364 ἀληθείᾳ,
1481 2326 1526 2355 διὰ
1549 2328 1581 2355 τὸ
1618 2328 1783 2365 παρέπεσθαι
1817 2327 1927 2365 θλίψεις

214 2369 305 2396 Aiunt
316 2369 392 2396 enim
409 2369 477 2405 ipsi,
489 2369 559 2402 Quis
576 2369 668 2405 possit
683 2369 838 2397 observare
854 2369 1039 2398 traditionem

1106 2371 1141 2399 ιαὶ
1168 2373 1331 2410 πειρατήρια
1358 2374 1392 2409 τῇ
1421 2372 1527 2400 πίστει.
1556 2371 1626 2399 Φασί
1654 2372 1715 2410 γὰρ,
1743 2372 1787 2403 Τίς
1813 2370 1926 2400 δύναται

214 2414 421 2442 mandatorum
437 2413 550 2442 Domini
567 2416 596 2442 et
610 2412 699 2441 fidei?

249 2503 294 2530 35.
310 2502 392 2531 Judaa
408 2506 546 2539 praeterea
561 2503 764 2531 inﬁdelitatem
790 2502 926 2539 patefecit
953 2503 1038 2531 vehe-

214 2548 325 2575 mentia
339 2547 569 2583 hiemiszquales
586 2556 664 2575 nunc
679 2556 709 2575 se
725 2547 863 2575 exhibent
877 2547 919 2575 illi
937 2548 1039 2576 mundi

212 2592 303 2628 hujus
317 2592 469 2629 amici,qui
484 2601 551 2620 cum
562 2597 647 2621 antea
659 2592 767 2620 Christi
778 2595 876 2620 essent
889 2592 1037 2629 discipuli,

213 2636 300 2665 amici
324 2639 353 2665 et
381 2637 514 2671 comites,
534 2637 677 2665 nelandas
692 2637 819 2672 synodos
834 2637 975 2665 adversus
988 2636 1038 2665 Je-

248 2718 272 2736 ⁸⁸
284 2717 370 2747 Joan.
385 2725 424 2752 vt,
441 2718 486 2745 61.

258 2805 304 2839 79)
319 2805 404 2841 Anan
421 2803 591 2841 ἀναφέρεεᾳι-

258 2806 304 2839 79)
319 2806 404 2847 Αμεη
421 2806 591 2845 ἀναφέρεται,
677 2839 682 2845 ¹
701 2838 707 2844 _

245 2806 304 2913 380;
319 2840 365 2868 Sic
381 2840 447 2885 Reg‘
470 2841 500 2867 ln
517 2839 581 2868 aliis
596 2841 624 2868 et
638 2839 725 2867 editis
740 2838 822 2882 deest
836 2837 918 2868 ἀλλά.

257 2877 290 2905 81
318 2878 388 2913 Reg.
403 2885 448 2903 και
465 2875 491 2902 οἱ
508 2876 566 2913 μέν,
578 2878 607 2904 et
621 2884 698 2912 mox,
710 2874 869 2913 ἐξηρνουντο
883 2876 917 2912 τή

257 2874 303 2913 81)
318 2878 388 2913 Reg.
403 2874 448 2903 κᾶὶ
465 2875 491 2902 οἱ
508 2876 566 2913 μέν,
578 2878 607 2904 et
621 2884 698 2912 mox,
710 2874 869 2915 ἐξηρνοῦντο
883 2876 933 2912 τήν
949 2875 1038 2904 αὐτων

1097 2415 1212 2454 φυλάξαι
1228 2416 1277 2450 τήν
1304 2415 1454 2454 παράδοσιν
1478 2419 1533 2444 τῶν
1560 2416 1678 2445 ἐντολῶν
1698 2419 1747 2444 τοῦ
1763 2416 1865 2453 Κυρίου
1880 2417 1926 2445 καὶ

1094 2462 1145 2492 τῆς
1160 2460 1276 2491 πίστεως
1294 2470 1300 2495 ;
1726 2495 1728 2498 η

1129 2506 1174 2533 35.
1191 2505 1250 2531 Ἔτι
1269 2505 1323 2541 μὴν
1347 2504 1391 2533 καὶ
1415 2505 1466 2540 τὴν
1492 2505 1616 2532 ἀπιστίαν
1640 2507 1688 2532 τοῦ
1714 2504 1802 2534 Ἰούδά
1817 2505 1835 2540 ἡ
1859 2515 1926 2544 σφο-

1095 2547 1194 2586 δρότης
1208 2551 1256 2576 τοῦ
1272 2552 1412 2587 χειμῶνος
1427 2549 1551 2587 ἤλεγξεν,
1568 2550 1604 2580 ὡς
1627 2550 1671 2577 καὶ
1695 2552 1752 2584 νῦν,
1777 2549 1857 2588 φιλίᾳ
1880 2551 1924 2578 κό-

1093 2603 1163 2630 σμου
1191 2594 1369 2630 κρατηθέντες
1383 2593 1411 2621 ο⁹ί
1424 2604 1491 2622 ποτε
1520 2594 1638 2630 μαθηταὶ
1667 2592 1742 2625 ὄντες
1770 2594 1815 2622 καὶ
1846 2594 1922 2633 φίλοι

1092 2638 1136 2666 καὶ
1153 2636 1346 2676 συνοδοιπόροι
1375 2641 1423 2666 τοῦ
1446 2639 1576 2676 Χριστοῦ,
1591 2638 1659 2667 κατὰ
1686 2640 1735 2666 τοῦ
1758 2639 1849 2674 Ἰησοῦ
1864 2649 1924 2667 συν-

1095 2805 1176 2845 ζωήν,
1193 2807 1222 2834 et
1231 2806 1323 2845 paulo
1347 2809 1424 2843 post,
1447 2804 1539 2845 ἔταροιΔ
1560 2804 1589 2834 δὲ
1614 2806 1651 2843 μή
1661 2805 1919 2845 γαυναισθόμινοι...

1094 2840 1334 2880 ιπιστραφέντις...
1347 2840 1497 2881 προσ-ἧψαν
1511 2840 1650 2881 λέγοντές,
1659 2842 1715 2878 Τίς,
1728 2845 1784 2871 etc.
