2043 3111
155 170 220 200 485
729 166 966 201 DISPUTATIO
989 168 1145 200 CONTRA
1171 170 1310 202 ARIUM.
1577 162 1587 172 "
1817 173 1878 205 486

154 235 243 268 ὁδους
260 237 404 274 ἀθεμιτους
428 237 620 275 συγκροτοΰσιν
646 235 671 263 oi
700 235 745 264 καὶ
773 235 804 263 τὸ
833 234 986 274 γαζοφυλά-

1046 245 1113 265 sum
1130 240 1320 274 congregant,
1333 238 1441 275 quibus
1456 240 1484 266 et
1499 246 1570 266 cura
1583 239 1783 276 gazophylacii
1797 249 1877 269 com-

153 292 219 309 κιον
236 283 433 313 πιστευθέντες.
449 281 508 310 Οὐκ
535 281 629 319 ἠγνόει
658 280 745 308 αὐτῶν
760 281 809 315 τήν
828 281 991 318 σαθρότητα,

154 325 224 354 ἀλλ’
237 325 285 354 ’ίνα
301 326 492 365 παρασκευάσῃ
523 325 621 356 αότοὺς
638 326 672 353 τὰ
701 325 851 353 Δεσποτικᾶ
879 324 991 362 χρωμέ-

152 381 226 402 νους
251 371 446 409 ἓτοιμοτάτους
461 371 518 408 (82)
534 371 600 398 εἶναι
631 371 695 408 ὑπὲρ
711 372 760 398 τοῦ
787 369 923 398 Δεσπότου
947 369 992 396 ἀν-

154 413 311 453 δρίζεσθαι,
325 415 426 450 ἣκατὰ
448 418 497 443 τοῦ
528 413 662 453 βασιλέως
690 414 778 442 αὐτῶν
802 414 992 453 στρατεύεσθαι

153 461 296 499 προφάσει
326 460 421 500 φιλίας
449 463 597 496 κοσμικῆς.
618 460 651 488 Οἱ
680 461 812 494 τοιοῦτοι,
841 459 991 496 κλημάτων

155 503 242 540 δίκην
260 504 441 542 ἀγενεστάτων
470 505 515 532 καὶ
542 504 670 541 ἀκάρπων
687 503 843 541 ἐπέχοντες,
858 504 993 540 τεμνόμε-

152 559 199 576 νοι
218 548 248 576 δὲ
263 550 333 587 πρὸς
349 551 398 577 τοῦ
426 551 559 587 γεωργοῦ,
574 546 743 587 κατάϐρωμα
770 548 855 586 πυρὸς
883 547 994 575 αῗωνίου

154 594 296 631 γίνονται.
314 596 410 631 ’Όμως
425 596 480 621 τῶν
496 593 642 631 χειμώνων
671 593 715 621 ἐπὶ
744 592 816 621 πολὺ
838 591 993 631 προσπελα-

156 639 267 666 advth
283 640 319 675 τῇ
336 637 454 675 ἀληθινῇ
484 637 612 675 ἀμπέλῳ,
629 637 701 675 λέγω
717 636 751 672 δὴ
764 639 805 673 τῷ
820 637 912 675 Κυρίῳ
937 637 995 672 Ἰη-

155 685 219 716 σοῦ,
239 683 278 717 πὴ
295 683 343 719 μὲν
362 681 539 721 βουλομένων
557 681 666 709 λιθάσαι
682 683 741 719 (83)
757 681 836 709 αὐτὸν
864 684 994 719 Γραμμα-

153 727 229 754 τέων
258 737 289 754 τε
313 727 359 754 καὶ
388 727 556 765 Φαρισαίων·
574 724 739 765 φοϐηθέντες
767 724 797 754 δὲ
827 726 866 763 μὴ
890 726 995 764 ἀναιρε-

154 773 227 799 θῶσι
257 771 329 809 πρὸς
357 774 412 799 τῶν
440 769 536 809 ὄχλων
564 773 619 798 τῶν
642 771 689 798 τὸν
706 767 803 808 Κύριον
833 770 995 810 φιλούντων,

155 816 325 844 ἐπαύσαντο’
355 817 394 850 πή
426 815 455 843 δὲ
484 815 660 854 βουλομένων
696 812 877 844 συλλαϐέσθαι
904 814 995 851 αὐτὸν,

154 861 203 888 καὶ
235 863 287 888 τοῦ
317 861 408 896 Ἰησοῦ
439 861 476 897 μή
501 861 733 898 συγχωρήσαντος
749 859 846 891 αὐτοὺς
861 863 996 897 κρατῆσαι

156 905 254 941 αὐτὸν,
266 903 320 935 ἕως
335 906 354 939 ἡ
369 905 563 943 προωρισμένη
584 905 627 932 ὑπ’
641 904 725 932 αὐτοῦ
740 907 789 932 τοῦ
814 904 914 942 Κυρίου
942 905 996 942 πρὸ

154 952 212 976 τῶν
240 949 349 976 αἰώνων
378 948 436 986 ὥρα
459 949 504 976 καὶ
532 949 623 986 ἡμέρα
649 950 843 986 παραγένηται,
859 948 886 976 ἐν
906 950 925 984 ᾖ
940 948 993 976 ἔδει

157 993 241 1021 αὐτὸν
253 996 364 1025 παθεῖν.
381 994 425 1022 Ἐν
442 992 522 1030 ἄλλῳ
537 992 566 1021 δὲ
580 995 668 1031 καιρῷ
682 993 819 1025 θελόντων
847 995 928 1020 τινῶν
945 1004 992 1021 κα-

154 1038 343 1075 ταχρημνίσαι
368 1037 460 1073 αὐτὸν,
478 1038 522 1065 καὶ
548 1037 630 1065 αὐτοῦ
660 1038 686 1065 έν
717 1037 812 1075 εἰρήνῃ
843 1036 888 1065 διὰ
910 1038 992 1075 μέσου

155 1083 245 1110 αὐτῶν
275 1081 502 1119 διεξεληλυθότος
518 1083 585 1119 (84),
600 1082 645 1109 καὶ
677 1082 760 1121 μυρία
780 1083 813 1117 ἧν
826 1083 859 1109 τὰ
875 1082 991 1120 ἐπερχό-

155 1138 224 1164 μενα
253 1128 431 1165 πειρατήρια,
452 1127 479 1159 ἃ,
500 1124 711 1165 προσϐάλλοντα
738 1127 783 1154 καὶ
814 1126 989 1163 κωλυόμενα⁹

152 1172 189 1203 εἷς
208 1172 242 1200 τὸ
261 1171 348 1209 μηδὲν
363 1171 499 1210 ἐρχόμενα
513 1170 647 1210 ἐχώρουν.
665 1172 738 1199 Ἐκεῖ
753 1170 782 1199 δὲ
805 1172 822 1207 ἠ
850 1172 925 1210 ἀρχὴ
941 1174 989 1199 τοῦ

148 1216 210 1244 νέου
227 1215 318 1250 ἔτους,
335 1217 358 1253 ᾦ
373 1219 460 1255 καιρῷ
486 1214 539 1243 ἔδει
559 1216 590 1243 τὸ
621 1215 721 1254 Πάσχα
737 1216 843 1248 θύεσθαι
872 1216 942 1244 κατὰ
955 1217 989 1245 τὰ

151 1261 330 1289 θεσπισθὲντα
371 1261 445 1299 παρὰ
476 1260 525 1288 τοῦ
565 1261 675 1298 Κυρίου,
700 1261 775 1288 λύειν
816 1261 862 1298 μὲν
903 1261 988 1289 πάντα

150 1305 303 1342 σύνδεσμον
330 1304 445 1339 ἀδικίας,
467 1302 678 1343 προστάγματος
706 1305 780 1332 θείου
810 1306 986 1341 φοιτήσαντος

151 1352 220 1389 πρὸς
248 1351 359 1385 αὐτοὺς,
390 1351 588 1387 ἐλεημοσύναις
617 1349 646 1378 δὲ
673 1350 900 1388 έξιλασκομένους
929 1352 987 1379 ἑαυ-

152 1396 216 1427 τοὺς
244 1398 436 1434 προσοικειοῖη
463 1398 503 1431 τῷ
532 1398 600 1431 Θεῷ,
619 1396 656 1432 μὴ
686 1395 839 1433 έχθραίνειν
865 1393 894 1423 δὲ
918 1396 986 1434 πρὸς

151 1441 198 1468 τὸν
229 1440 359 1475 πλησίον,
378 1441 447 1477 μήτε
464 1441 518 1476 μὴν
534 1443 623 1475 ζητεῖν
652 1440 721 1467 κακᾶ
749 1441 816 1467 κατά
841 1450 914 1471 τινος
938 1441 984 1468 ἀν-

152 1486 264 1523 θρώπου
295 1483 339 1512 διὰ
360 1485 392 1512 τὸ
416 1485 508 1512 κοινὸν
531 1487 579 1511 τοῦ
593 1485 698 1522 γένους,
712 1483 774 1512 ἀλλ’
790 1485 885 1522 εἰρήνῃ
902 1486 983 1512 καθα-

153 1530 292 1567 ρωτάτους
306 1526 385 1559 ὄντας
399 1528 503 1556 κελεύει
520 1528 664 1566 προσάγειν
680 1529 730 1563 τὴν
746 1528 884 1565 λατρείαν.

184 1575 231 1602 36.
247 1574 294 1603 Ὠς
320 1572 346 1600 ἓν
375 1575 463 1610 καιρῷ
490 1571 534 1600 οὖν
566 1572 677 1610 εἰρήνης
705 1573 750 1600 καὶ
773 1573 870 1611 ἑορτῆς
889 1573 950 1608 ἥκει
967 1574 981 1601 ὁ

151 1619 256 1653 Ἰησοῦς
281 1617 319 1648 εἰς
346 1616 521 1655 Ἰεροσόλυμα
558 1617 604 1644 σὺν
635 1620 694 1648 τοῖς
724 1618 857 1654 μαθηταῖς
887 1618 980 1652 αὐτοῦ,

151 1663 204 1700 οὐχ
233 1663 272 1692 ὡς
285 1662 400 1699 -άγνοῶν
415 1662 447 1688 τὰ
473 1661 609 1698 μέλλοντα
635 1661 709 1698 αὐτῷ
724 1659 892 1698 συμϐαίνειν,
909 1661 982 1690 ἀλλὰ

150 1707 195 1734 καί
213 1717 244 1744 γε
261 1705 366 1745 σφόδρα
381 1706 532 1743 γινώσκων.
557 1705 670 1743 Ἀμέλει
686 1706 711 1744 γ’
727 1705 773 1733 οὖν
797 1706 841 1733 καὶ
856 1709 914 1738 τοῖς
932 1717 981 1743 μα-

150 1753 245 1787 θηταῖς
274 1751 432 1788 προειρήκει
461 1750 494 1778 τὰ
517 1751 637 1786 ἑπόμενα
742 1762 756 1776 ‹‹
771 1749 842 1779 Ἰδοὒ
869 1749 980 1778 ἀναϐαί-

151 1806 231 1832 νομεν
245 1795 286 1826 εἷς
305 1794 491 1832 Ἱεροσόλυμα,
507 1795 551 1822 χαί
567 1795 581 1822 ὁ
596 1795 659 1825 Υἱὸς
686 1797 736 1822 τοῦ
761 1795 905 1834 ἀνθρώπου
929 1791 985 1823 ποι-⁷

153 1840 332 1879 ραδοθήσεται
361 1839 399 1870 εἷς
427 1840 474 1870 τὰς
502 1842 598 1877 χεῖρας
626 1841 680 1866 τῶν
717 1838 906 1877 πρεσϐυτέριον
935 1840 979 1867 καὶ

154 1888 206 1913 τῶν
222 1884 419 1922 γραμματέων,
431 1884 476 1911 καὶ
492 1882 697 1922 παραδώσουσιν
713 1884 793 1912 αὐτὸν
808 1887 866 1915 τοῖς
882 1884 979 1920 ἔθνεσι,

154 1931 195 1957 καί
210 1930 419 1965 κατακρινοῦσιν
444 1927 523 1955 αὐτὸν
541 1929 658 1964 θανάτῳ.
676 1929 762 1956 »Ἵνα
790 1929 836 1956 οὖν
864 1929 896 1957 τὸ
920 1928 979 1957 ἄδι-

153 1985 199 2002 κον
227 1976 278 2001 τοῦ
319 1973 482 2011 παρανόμου
510 1973 739 2011 συναθροίσματος
761 1975 816 2001 τῶν
843 1972 978 2002 Ἰουδαίων

153 2018 282 2057 διαρανῇ,
311 2016 486 2052 εἶσελήλυθεν
516 2018 533 2051 ἠ
563 2017 658 2054 εἰρήνη
684 2018 721 2048 εἷς
741 2017 928 2056 Ἰεροσόλυμα.
945 2019 979 2047 Οἱ

152 2062 241 2097 Feri;
258 2062 372 2100 εῗρήνης
397 2060 542 2099 ἀλλότριοι
571 2062 720 2099 ἑωρακότες
751 2061 978 2101 διεταράχθησαν·

151 2107 248 2146 ἐχθρὸν
265 2107 316 2145 γὰρ
342 2105 489 2142 πολεμίοις
514 2106 559 2133 καὶ
588 2104 766 2145 ἀνδροφόνοις
789 2107 896 2144 εἰρήνη.
913 2107 979 2135 Χαί-

151 2163 204 2190 ρειν
218 2152 271 2189 γὰρ
287 2150 396 2187 μᾶλλον
408 2150 541 2189 πεφύκασι
554 2153 614 2184 τοῖς
629 2154 723 2182 κακοῖς
738 2149 808 2190 ἤπερ
831 2154 891 2183 τοῖς
916 2152 979 2190 ἀγα-

148 2198 204 2227 Θοῐς
234 2195 327 2233 ἔργοις
356 2195 402 2222 καί
489 2195 663 2234 καρποφορίᾳ
676 2199 726 2230 τῆς
746 2195 868 2234 εἰρήνης.
890 2196 922 2224 Οἱ
951 2196 980 2225 δὶ

148 2241 393 2278 ὶπιτηρησάμενοι,
410 2240 487 2279 ἄφνω
502 2239 657 2271 ἐπιστάντες
684 2241 807 2279 ξιφήρεις
822 2243 862 2278 τῷ
889 2240 977 2278 τόπῳ,

1048 282 1139 309 missa
1155 285 1209 310 est.
1226 282 1287 310 Non
1306 283 1405 319 utique
1421 283 1581 311 foeditatem
1608 291 1710 311 eorum
1731 284 1780 312 ille
1795 285 1878 321 igno-

1047 326 1142 358 rabat.
1158 327 1207 355 sed
1225 327 1279 355 hoc
1300 327 1370 363 egit,
1398 330 1429 355 ut
1454 328 1534 362 ipsos
1559 328 1716 356 Dominicis
1747 330 1878 364 pecuniis

1049 373 1164 399 utentes
1187 371 1392 407 paratissimos
1417 373 1513 407 potius
1539 373 1673 400 redderet
1705 373 1739 401 ad
1766 374 1878 405 fortiter

1048 423 1100 451 pro
1117 416 1239 443 Domino
1254 416 1465 449 dimicandum,
1482 424 1572 451 quam
1587 417 1623 443 ad
1647 417 1756 445 bellum
1773 421 1876 446 contra

1050 467 1148 495 regem
1178 467 1276 493 suum,
1290 462 1408 495 propter
1432 460 1533 487 mundi
1555 468 1696 494 amorem,
1712 462 1876 498 suscipien-

1047 503 1129 531 dum.
1148 504 1190 537 lli,
1203 503 1376 540 ignobilium
1394 507 1422 531 et
1438 504 1582 531 slerilium
1595 505 1751 540 palmitum
1768 506 1874 542 instar,

1049 548 1086 575 ab
1109 548 1236 584 agricola
1261 549 1374 583 resecti,
1395 549 1471 584 ignis
1497 549 1595 576 interni
1624 550 1763 585 pabulum
1789 551 1873 579 ﬁunt.

1050 593 1192 621 Craterum
1208 594 1374 629 frequentes
1391 592 1497 620 hiemis
1514 593 1645 628 procellae
1671 595 1699 621 in
1721 603 1817 623 veram
1833 595 1875 623 vi-

1050 641 1120 670 tem,
1136 637 1286 666 Christum
1307 638 1409 665 Jesum
1434 637 1576 673 videlicet,
1603 638 1762 673 irruerunt,
1792 648 1874 667 cum-

1050 691 1107 720 que
1136 682 1238 710 scribae
1263 685 1291 710 et
1315 682 1450 710 Pharisai
1469 683 1565 720 ipsum
1595 683 1703 710 vellent
1727 683 1875 720 lapidibus

1050 718 1183 760 obruere,
1203 727 1285 755 veriti
1313 735 1348 755 ne
1369 735 1386 755 a
1408 727 1501 754 turbis
1524 718 1680 755 Dominum
1708 718 1876 757 amantibus

1051 770 1296 804 interficerentur,
1314 771 1349 798 ab
1365 770 1489 806 incuptis
1513 771 1704 806 destiterunt;
1720 781 1785 800 cum
1805 773 1875 802 item

1051 814 1123 843 alias
1139 815 1235 851 ipsum
1252 815 1359 843 vellent
1380 816 1636 851 comprehendere,
1655 825 1710 844 non
1732 819 1877 846 concessit

1050 859 1150 893 Jesus,
1166 860 1258 887 donec
1272 859 1438 887 advenisset
1462 860 1533 887 hora
1548 863 1576 887 et
1603 861 1673 896 dies,
1700 870 1785 896 quem
1814 862 1876 898 ipse

1051 904 1195 932 Dominus
1209 906 1278 931 ante
1293 904 1399 932 saecula
1414 905 1598 940 praefinierat,
1614 914 1671 939 qua
1693 906 1789 941 ipsum
1816 907 1875 943 pati

1049 949 1211 984 oportebat.
1226 948 1286 976 Alio
1309 957 1412 976 rursus
1430 951 1557 984 tempore
1580 958 1646 977 cun.
1670 950 1788 985 quidam
1805 959 1872 979 eum

1047 993 1154 1021 vellent
1170 993 1361 1030 praecipitare,
1376 993 1438 1029 ipse
1454 994 1548 1029 quiele
1566 1002 1615 1030 per
1626 995 1754 1022 medium
1771 1004 1873 1024 eorum

1047 1038 1135 1066 exivit
1148 1038 1179 1065 ⁵ο.
1194 1037 1426 1065 Innumerabiles
1439 1037 1500 1065 aliae
1518 1039 1595 1065 fuero
1613 1040 1799 1075 tentatioues,
1810 1049 1873 1076 qua:

1047 1082 1250 1118 impendentes
1262 1081 1395 1110 cohibitas
1412 1086 1489 1114 sunt,
1501 1087 1526 1110 el
1539 1083 1566 1110 in
1585 1083 1708 1110 nihilum
1727 1084 1872 1114 abierunt.

1046 1127 1121 1154 Tum
1137 1135 1203 1155 vero
1220 1126 1284 1154 novi
1301 1126 1369 1154 anni
1386 1127 1562 1163 principium
1579 1131 1650 1162 erat,
1667 1137 1724 1164 quo
1740 1131 1872 1165 tempore

1040 1171 1127 1207 juxta
1138 1171 1253 1199 Domini
1261 1172 1565 1207 prmeeptum,Pascha
1573 1172 1730 1200 immolund
1737 1182 1752 1200 u
1759 1182 1785 1201 m
1798 1177 1870 1202 crat.

1042 1216 1129 1245 Jubet
1153 1218 1262 1250 autem,
1279 1219 1311 1243 ut
1335 1215 1408 1251 ipsis
1426 1217 1578 1252 imperavit
1600 1217 1686 1252 Deus,
1714 1226 1800 1246 omne
1821 1227 1872 1247 eos
1895 1230 1897 1232 ·

1042 1260 1208 1296 iniquitatis
1222 1260 1373 1288 vinculum
1390 1260 1511 1293 solvere,
1528 1260 1680 1296 Deumque
1697 1262 1753 1290 sibi
1776 1263 1872 1298 propi-

1041 1305 1116 1332 tium
1140 1307 1169 1332 et
1189 1304 1382 1340 coniunctum
1405 1304 1597 1341 eicemoeynis
1623 1306 1751 1341 reddere,
1774 1307 1870 1342 proxi-

1041 1357 1124 1376 mum
1146 1358 1203 1377 non
1230 1350 1297 1377 odio
1320 1349 1439 1382 habere,
1456 1357 1507 1376 nec
1535 1350 1603 1384 quid
1630 1350 1698 1377 mali
1728 1351 1869 1379 adversus

1040 1394 1207 1430 quempiam
1226 1393 1332 1428 moliri,
1343 1393 1379 1421 ob
1394 1395 1631 1421 communionem
1644 1395 1763 1422 humani
1780 1403 1867 1431 gene-

1039 1438 1092 1472 ris,
1103 1439 1154 1466 sed
1171 1447 1238 1466 cum
1251 1446 1321 1474 pace
1336 1441 1365 1466 et
1381 1447 1499 1466 summa
1516 1439 1618 1466 anima:
1631 1439 1775 1467 munditia
1787 1440 1868 1467 debi-

1038 1486 1102 1511 tum
1118 1483 1175 1511 Deo
1191 1482 1304 1511 cultum
1321 1482 1466 1511 exhibere.

1072 1573 1117 1600 36.
1143 1572 1244 1608 Itaque
1269 1572 1349 1608 pacis
1371 1574 1401 1600 et
1427 1572 1491 1599 t‘csti
1517 1572 1605 1599 veluti
1630 1575 1759 1608 tempore
1788 1573 1866 1602 venit

1036 1617 1122 1645 Jesus
1132 1616 1345 1653 Jerosolymam
1361 1625 1426 1644 cum
1444 1617 1506 1644 suis
1522 1617 1686 1652 discipulis,
1700 1626 1757 1646 non
1773 1618 1865 1647 veluti

1036 1660 1176 1698 ignorans
1208 1670 1272 1698 qua)
1301 1661 1357 1689 sibi
1383 1664 1506 1689 ventura
1529 1665 1623 1696 erant,
1658 1663 1708 1690 sed
1737 1663 1865 1691 maxime

1035 1709 1064 1735 et
1078 1705 1227 1743 explorata
1243 1706 1365 1734 habens.
1376 1706 1450 1733 Hinc
1466 1709 1543 1734 certe
1555 1715 1615 1741 quae
1628 1710 1793 1742 sequuntur
1803 1708 1864 1735 dis-

1035 1751 1141 1787 cipulis
1162 1751 1294 1787 praedixit
1307 1759 1314 1778 :
1329 1761 1342 1775 «
1356 1751 1426 1778 Ecce
1438 1751 1626 1778 ascendimus
1637 1751 1862 1788 Jcrosolymam,

1035 1798 1064 1822 et
1073 1795 1164 1823 Filius
1181 1794 1309 1823 hominis
1323 1795 1456 1822 tradetur
1471 1795 1500 1822 in
1518 1796 1653 1822 manibus
1669 1796 1818 1823 seniorum
1835 1799 1863 1824 et

1034 1839 1210 1872 scribarum,
1221 1841 1250 1867 et
1267 1840 1383 1867 tradent
1393 1847 1459 1867 eum
1476 1840 1624 1874 gentibus,
1636 1842 1664 1866 et
1675 1840 1861 1867 comdemna-

1035 1884 1108 1912 bunt
1123 1892 1190 1912 eum
1217 1887 1310 1912 morte
1324 1884 1356 1910 θτ.
1376 1894 1390 1908 ››
1414 1884 1450 1911 Ut
1470 1892 1538 1919 ergo
1554 1884 1669 1918 injustas
1692 1884 1860 1912 Judaeorum

1033 1929 1126 1957 turbae
1146 1931 1299 1964 appareret
1325 1927 1478 1964 iniquitas,
1504 1937 1560 1963 pax
1583 1928 1794 1964 Jerosolymam
1815 1929 1862 1956 in-

1033 1973 1142 2007 troivit,
1158 1981 1248 2009 quam
1265 1972 1314 2000 ubi
1332 1980 1509 2008 conspexere
1527 1973 1619 2007 ipsius
1631 1972 1740 2008 hostes,
1753 1973 1861 2001 turbati

1034 2021 1105 2046 sunt
1121 2026 1127 2046 :
1144 2026 1199 2054 pax
1214 2016 1293 2045 enim
1306 2016 1440 2045 hostibus
1457 2019 1484 2043 ct
1500 2016 1655 2044 homicidia
1671 2017 1789 2045 inimica
1805 2021 1859 2045 est.

1034 2063 1068 2090 Hi
1096 2062 1173 2090 enim
1200 2061 1288 2089 malis
1322 2061 1419 2097 potius
1445 2069 1532 2097 quam
1561 2061 1643 2089 bonis
1668 2062 1805 2097 operibus
1833 2067 1862 2090 et

1033 2107 1178 2135 fructibus
1194 2106 1272 2143 pacis
1286 2106 1382 2134 solent
1396 2106 1544 2134 delectari.
1562 2106 1604 2133 111i
1621 2114 1686 2134 vero
1703 2110 1860 2143 postquam

1033 2152 1131 2188 ipsum
1157 2152 1372 2184 observassent,
1394 2150 1530 2178 sensibus
1558 2151 1663 2178 armati
1697 2151 1795 2179 subito
1831 2152 1859 2179 in

1032 2195 1129 2224 locum
1140 2195 1267 2228 irruunt,
1284 2195 1333 2223 ubi
1349 2197 1412 2222 erat
1426 2194 1512 2222 Jcsus
1528 2203 1595 2222 cum
1612 2195 1674 2223 suis
1693 2195 1858 2232 discipulis.

1033 2241 1108 2268 Tum
1124 2248 1226 2268 omnes
1251 2239 1532 2275 circumspicientes,
1551 2240 1682 2275 impuras
1708 2249 1813 2268 manus
1829 2241 1858 2268 in

149 2285 210 2318 ἔνθα
238 2285 274 2320 ἦν
304 2285 352 2312 σὺν
379 2287 438 2315 τοῖς
470 2285 603 2320 μαθηταῖς
632 2285 646 2312 ὁ
670 2285 786 2321 Ἰησοῦς,
803 2285 981 2324 κατοπτρισά-

1041 2293 1130 2322 psum
1147 2286 1176 2312 in
1189 2284 1293 2321 primis
1308 2284 1456 2319 injiciunt,
1473 2293 1538 2311 cum
1567 2284 1662 2311 adhuc
1677 2287 1775 2312 essent
1790 2293 1858 2312 cum

151 2341 228 2367 μενοι
246 2330 364 2360 ἅπαντες
379 2330 445 2365 (86),
462 2328 488 2356 ἐν
504 2329 625 2366 πρώτοις
647 2326 827 2357 ἐπιϐάλλουσι
856 2330 903 2361 τὰς
920 2341 981 2367 μια-

148 2376 195 2414 pic
215 2377 315 2413 χεῖρας
331 2374 418 2401 αὐτῶν
435 2373 476 2401 ἐπ’
492 2373 583 2409 αὐτὸν,
600 2371 638 2401 ἔτι
652 2376 708 2401 τῶν
738 2375 866 2410 μαθητῶν
896 2375 978 2403 αὐτοῦ

148 2419 325 2447 σδνεστώτων
341 2418 427 2454 αὐτῷ.
441 2419 470 2446 ’0
486 2416 515 2445 δέ
533 2428 614 2457 φησιν
631 2417 776 2455 εἰρηνικῶς
792 2422 850 2450 τοῖς
867 2421 978 2459 μιαιφό-

147 2475 214 2492 νοις·
246 2476 261 2489 α
285 2463 317 2491 Εἰ
347 2462 395 2499 ἐμὲ
431 2465 547 2498 ζητεῖτε,
573 2462 652 2501 ἄφετε
679 2462 792 2494 τούτους
816 2463 936 2502 ὑπάγειν.
962 2477 977 2491 ››

143 2511 202 2536 τῶν
219 2507 250 2536 δὲ
269 2508 400 2544 μαθητῶν
418 2506 578 2544 ἑωρακότων
607 2507 640 2534 τὰ
656 2505 777 2546 δύσφορα
802 2510 975 2547 πειρατήρια,

145 2554 184 2588 μή
199 2553 344 2590 παρούσης
359 2551 452 2583 αὐτοῖς
477 2553 525 2586 τῆς
549 2550 688 2588 δυνάμεως
715 2554 764 2579 τοῦ
793 2552 870 2591 ἁγίου
890 2553 976 2582 Ῑῐνεύ-

147 2607 244 2633 ματος,
264 2596 463 2627 καταλιπόντες
492 2595 573 2623 αὐτὸν
586 2595 632 2623 τὸν
664 2594 826 2624 διδάσκαλον
855 2597 900 2625 καὶ
923 2599 976 2627 Κύ-

184 2675 207 2692 ⁶⁶
223 2677 291 2702 an.
305 2681 345 2709 IV,
360 2674 405 2702 30.
442 2674 465 2691 ‘7
480 2673 582 2702 Matth.
596 2682 643 2708 xx,
660 2674 703 2701 18.
741 2674 763 2692 ⁸⁸
783 2673 867 2703 Joan.
895 2684 977 2713 xvm,
996 2675 1025 2706 8.

192 2758 249 2827 S82)
262 2758 332 2794 Reg.
347 2759 406 2787 τοῖς
422 2756 590 2789 δεσποτικαῖς
600 2758 759 2796 χρωμένοις
772 2757 945 2797 ἑτοιμότατοι,

207 2794 252 2827 83)
266 2795 338 2827 Aug.
355 2793 520 2822 λιθάσασθαι.

243 2793 338 2830 )Aus-
355 2793 520 2830 ᾈιθᾴσιισθιι-

203 2828 255 2864 (84)
269 2827 340 2865 Αιιῇ.
356 2827 559 2864 ἐξεληλυθότος.

47 2754 61 2774 ιι

28 2778 158 3067 La

1036 2338 1069 2358 eo
1084 2329 1231 2366 discipuli.
1247 2330 1283 2356 At
1297 2327 1345 2356 ille
1366 2328 1527 2355 homicidas
1552 2329 1671 2364 paciﬁca
1692 2329 1739 2357 his
1763 2329 1859 2357 verbis

1033 2374 1193 2410 alloquitur
1207 2382 1213 2402 ε
1230 2385 1245 2399 α
1261 2373 1291 2401 Si
1309 2381 1356 2400 me
1376 2373 1516 2408 quaeritis,
1532 2373 1617 2400 sinite
1634 2373 1684 2400 hos
1700 2373 1779 2402 abire
1793 2374 1825 2401 ⁸⁸.
1843 2385 1858 2399 ι)

1033 2418 1174 2455 Discipuli
1203 2426 1270 2446 vero
1307 2417 1481 2453 gravissima
1510 2420 1680 2445 contuentes
1719 2418 1859 2453 pericula,

1032 2473 1100 2493 cum
1130 2464 1204 2500 ipsis
1233 2471 1291 2490 non
1330 2462 1432 2490 adesse
1464 2462 1556 2490 sancti
1594 2462 1719 2497 Spiritus
1752 2463 1857 2498 virtus,

1032 2510 1172 2545 magistro
1188 2516 1220 2535 ac
1235 2507 1359 2535 Domino
1376 2506 1486 2540 relicto,
1504 2515 1535 2534 se
1551 2507 1578 2533 in
1593 2507 1691 2542 fugam
1702 2507 1855 2535 dederunt.

1031 2554 1076 2583 Illi
1097 2561 1165 2581 vero
1189 2553 1302 2580 Satame
1328 2551 1480 2579 domestici
1506 2551 1788 2586 comprehenderunt
1805 2553 1856 2580 Je-

1031 2607 1108 2629 sum.
1125 2605 1213 2634 quem
1233 2596 1263 2624 in
1288 2595 1422 2624 Calvariae
1445 2596 1540 2624 locum
1568 2595 1724 2630 duxerunt,
1741 2598 1772 2623 ut
1787 2605 1854 2624 eum

1079 2760 1124 2797 85)
1140 2759 1211 2797 Res.
1227 2757 1361 2797 ισόμξιεει,
1476 2793 1485 2797 ,η

1079 2760 1124 2796 85)
1140 2760 1211 2795 Reg.
1227 2760 1351 2795 ἰσόμενα.

1067 2760 1122 2833 ίὸϐ)
1138 2796 1181 2823 Ita
1197 2803 1269 2823 mss.
1287 2794 1362 2822 Editi
1377 2802 1454 2829 vero,
1472 2793 1585 2821 ἅπαντα.

1668 37 1670 39 ›
1780 27 1899 51 exs-fw
