4086 6222
440 405 552 464 487

1596 396 1656 458 S.
1718 394 2225 458 eTilANASlUS.
2262 430 2330 439 -—-
2364 395 2670 458 Sl‘UltlA.

3464 2 3943 55 'T'Té'ITW‘rWT'
4032 4 4035 5 '

3736 403 3860 463 488

435 539 514 594 ibi
547 536 973 609 cruciﬁgerent,
1008 552 1120 605 quo
1173 533 1324 590 facto
1375 534 1571 589 omnia
1622 532 2083 605 adimpleverunt

2201 549 2317 604 ρινιν
2349 534 2487 607 ερυγῇ
2520 530 2844 606 ἐχρήσαντο.
2881 533 2941 585 Οἱ
2976 530 3032 587 δὲ
3077 532 3267 588 οἰκεῖοι
3317 538 3413 588 τοῦ
3463 542 3694 607 Σατανᾶ,
3727 536 3858 594 συλ-

439 645 566 700 qua:
601 633 771 683 antea
823 626 894 681 de
923 624 1021 680 illo
1054 623 1270 696 scripta
1296 630 1481 690 erant,
1517 640 1992 695 suspensumque
2025 622 2080 675 in

437 732 628 786 cruce,
671 714 846 770 veluti
905 714 1082 768 vitam
1134 713 1189 767 in
1241 714 1609 784 pedamento,
1662 714 1925 767 ﬁxerunt.
1982 710 2084 765 Ille

437 811 632 862 autem
665 804 827 860 solus
878 805 935 857 in
985 819 1155 858 cruce
1202 800 1460 863 relictus,
1494 803 1641 857 duos
1690 802 1775 857 vel
1808 807 1926 855 tres
1959 799 2082 871 pal-

439 895 612 950 mites
642 892 816 949 veluti
847 892 1091 959 habens,
1128 892 1278 946 176
1339 908 1547 946 manus
1590 890 1647 944 in
1684 895 2081 945 transversum

437 984 736 1056 expandit,
771 988 946 1054 caput
993 997 1124 1036 vero
1173 996 1300 1034 cum
1356 984 1580 1052 pectore
1627 984 1684 1033 et
1730 978 1974 1049 pedibus
2022 977 2080 1031 in

436 1079 681 1129 rectum.
708 1071 1054 1127 Caeterorum
1076 1087 1209 1125 vero
1240 1068 1546 1140 palmitum
1575 1084 1743 1123 coma
1772 1066 2081 1139 spoliatus,

436 1161 612 1219 clavis
646 1165 701 1217 et
729 1160 930 1215 lancea
961 1158 1319 1223 vulneratus,
1345 1163 1545 1213 sancto
1563 1156 1872 1227 sanguine,
1898 1160 2081 1210 scateo

434 1253 551 1307 bris
584 1252 791 1319 instar,
832 1249 1137 1319 lacrymari
1184 1248 1374 1319 coepit.
1425 1247 1679 1317 Repente
1711 1250 1902 1300 autem
1954 1247 2084 1315 post

434 1340 693 1395 triduum
752 1337 1084 1403 resurrexit,
1146 1337 1203 1391 in
1269 1335 1447 1402 nullo,
1501 1338 1652 1407 quod
1714 1339 1885 1389 antea
1936 1338 2079 1401 erat,

435 1428 788 1495 diminutus,
812 1428 911 1483 sed
940 1425 1142 1497 majori
1171 1424 1364 1497 potius
1394 1441 1526 1479 cum
1559 1423 1745 1493 gloria
1770 1439 2082 1495 apparens,

435 1534 616 1591 seque
647 1517 826 1572 vitam
861 1532 988 1571 esse
1018 1515 1292 1569 cordibus
1322 1513 1742 1585 discipulorum
1797 1513 1967 1567 ﬁdem
2000 1511 2080 1566 fa-

433 1606 615 1663 ciens.
667 1606 883 1675 Majore
932 1603 1141 1659 deinde
1188 1620 1367 1674 quam
1425 1608 1596 1657 antea
1654 1602 1937 1674 producto
1971 1617 2082 1655 nu-

435 1712 616 1761 mero,
666 1694 1091 1766 discipulorum
1139 1691 1419 1747 nimirum
1471 1695 1683 1761 turma,
1720 1695 1851 1763 post
1884 1706 2082 1744 resur-

436 1787 776 1851 rectionem,
831 1801 943 1839 non
995 1784 1051 1837 in
1096 1782 1297 1837 Judiea
1341 1785 1592 1845 tantum,
1626 1782 1725 1835 sed
1763 1804 1789 1831 ‹‹
1825 1780 2086 1835 extendit

437 1874 708 1947 palmites
734 1890 872 1929 suos
908 1888 1095 1943 usque
1126 1872 1194 1925 ad
1229 1888 1406 1937 mare,
1436 1871 1663 1942 operuit
1696 1874 1922 1924 montes
1952 1885 2079 1922 um-

436 1965 542 2019 bra
571 1964 720 2033 ejus,
751 1968 808 2017 et
838 1962 1078 2016 arbusta
1116 1960 1244 2031 ejus
1294 1960 1496 2014 cedros
1546 1959 1645 2014 Dei
1678 1960 1742 2014 ⁸9.
1776 1977 1801 2008 ι
1850 1957 1978 2012 Haec
2010 1958 2081 2012 de

436 2068 573 2107 vera
604 2053 716 2107 vite
745 2049 1182 2115 commentatio,
1216 2054 1386 2121 prout
1424 2047 1607 2120 potui,
1640 2064 1673 2102 a
1723 2063 1811 2102 me
1855 2046 1944 2119 pie
1994 2048 2081 2101 in-

437 2142 646 2197 stituta
675 2144 785 2196 est.

2193 613 2492 691 λαϐόμενοι
2544 620 2636 674 τὸν
2671 622 2905 691 Ἰησοῦν,
2937 622 3159 697 ἄγουσιν
3211 621 3298 677 ἐπὶ
3336 624 3428 678 τὸν
3484 625 3716 699 Κρανίου
3759 626 3851 679 τός

2191 728 2315 777 πον,
2371 708 2445 770 εἷς
2496 710 2556 763 τὸ
2608 715 2912 784 σταυρῶσαι
2967 711 3126 766 αὐτὸν
3198 711 3326 783 ἐκεῖ,
3384 714 3591 769 ἅπαντα
3648 713 3855 786 ἐκπλη-

2194 796 2456 871 ρώσαντες
2485 797 2551 851 τὰ
2580 798 2705 873 πρὶν
2765 798 2847 853 ἐπ’
2889 799 3033 872 αὑτῴ
3080 800 3447 876 γεγραμμένα,
3489 803 3579 857 καὶ
3611 803 3851 877 ἀναρτή-

2194 907 2399 955 σαντες,
2451 886 2753 959 κατέπηξαν
2818 888 3001 954 αὐτὸν,
3058 891 3129 951 ὡς
3184 890 3270 944 ἐπὶ
3320 893 3523 967 χάρακι
3576 890 3850 965 ἄμπελον,

2192 974 2280 1029 ἰπὶ
2330 981 2428 1030 τοῦ
2476 982 2728 1052 σταυροῦ.
2762 980 2822 1035 Ὁ
2868 976 2924 1033 δὲ
2973 977 3353 1057 καταλειφθεὶς
3389 982 3556 1053 μόνος
3615 981 3705 1036 ἐπὶ
3753 987 3853 1037 τοῦ

2193 1069 2423 1141 σταυροῦ
2480 1067 2592 1140 (87)
2626 1111 2640 1136 ,
2692 1066 2872 1141 ὥσπερ
2961 1065 3304 1141 δικλγςματος
3379 1071 3413 1138 ἣ
3464 1070 3851 1146 τρικλτςματος

2191 1153 2481 1217 ἐκπετάσας
2529 1156 2666 1211 κατὰ
2728 1157 2825 1228 μὶν
2873 1162 2970 1211 τοῦ
3026 1158 3267 1233 πλαγίου
3323 1158 3421 1221 τὰς
3472 1165 3685 1235 χεῖρας,
3714 1162 3852 1216 κατᾶ

2193 1239 2250 1297 δὲ
2297 1248 2393 1298 τοῦ
2453 1243 2615 1318 όρθοῦ
2673 1243 2917 1323 κεφαλὴν
2984 1245 3077 1300 σὺν
3129 1246 3333 1322 θώρακι
3384 1248 3496 1321 ἅμα
3549 1249 3698 1306 ποσί.
3744 1257 3852 1305 lle-

2193 1332 2553 1407 ριαιρεθείσης
2588 1330 2645 1389 δὲ
2672 1341 2770 1403 τῆς
2804 1336 2986 1407 κόμης
3019 1336 3230 1406 άπάσης
3285 1341 3393 1391 τῶν
3443 1336 3655 1393 λοιπῶν
3706 1338 3850 1409 κλη-

2196 1422 2400 1493 μάτων,
2460 1420 2696 1497 πληγεὶς
2754 1425 2889 1495 πρὸς
2942 1428 3050 1478 τῶν
3098 1424 3251 1494 ἥλων
3310 1426 3400 1480 καὶ
3458 1429 3556 1495 τῆς
3607 1425 3850 1504 λόγχης,

2192 1508 2415 1586 ἐδάκρυε
2460 1514 2541 1583 τῷ
2591 1512 2752 1586 ἁγίῳ,
2790 1511 2977 1586 α’ίματι
3037 1511 3361 1590 κρουνηδόν.
3422 1511 3729 1593 Αἶίρνιδίως
3791 1513 3852 1570 δὲ

2192 1599 2381 1670 ἀνέστη
2440 1602 2761 1675 τριήμερος,
2797 1599 2967 1673 μηδὲν
3028 1604 3306 1675 μειωθεὶς,
3337 1602 3470 1680 ὅπερ
3499 1604 3568 1673 ἦν
3598 1604 3661 1659 τὸ
3691 1605 3849 1680 πρὶν,

2196 1686 2410 1761 μᾶλλον
2442 1685 2499 1743 δὲ
2530 1686 2868 1762 ἐνδοξότερος
2902 1690 3166 1769 ἐκφανεὶς,
3200 1691 3376 1747 πίστει
3415 1691 3854 1770 πληροφορήσας

2190 1777 2284 1838 τὰς
2320 1774 2543 1852 καρδίας
2588 1782 2694 1832 τῶν
2741 1781 2994 1851 μαθητῶν
3025 1781 3157 1835 εἶναι
3192 1782 3350 1837 αὐτὸν
3398 1784 3496 1851 τήν
3548 1785 3710 1853 ζωήν.
3742 1790 3852 1838 [Ιο-

2194 1864 2290 1919 λὺν
2320 1862 2377 1919 δὲ
2406 1865 2637 1942 ἀριθμὸν
2674 1867 3003 1944 βλαστήσας,
3037 1866 3210 1945 ὄχλον
3245 1877 3505 1944 μαθητῶν
3552 1873 3685 1944 μετὰ
3744 1874 3849 1941 τὴν

2191 1955 2496 2027 ἀνάστασιν,
2528 1959 2561 2026 ἢ
2589 1958 2650 2012 τὸ
2681 1959 2829 2035 πρὶν,
2865 1959 2964 2015 οὐκ
3022 1956 3098 2014 ἔτι
3132 1960 3197 2015 ἐν’
3218 1959 3451 2033 Ἰουδαίᾳ
3505 1963 3690 2034 μόνον,
3723 1961 3853 2018 ἀλλ⁹

2195 2044 2478 2115 «ἐξέτεινε
2522 2048 2588 2101 τὰ
2635 2049 2895 2120 κλήματα
2944 2048 3109 2119 αὐτῆς
3165 2048 3268 2113 ἓως
3320 2049 3616 2121 θαλάσσης·
3650 2050 3852 2106 ἐκάλυ-

2192 2139 2286 2207 ψεν
2320 2135 2418 2209 ὅρη
2464 2137 2497 2204 ἡ
2531 2138 2652 2190 σκιὰ
2682 2137 2871 2208 αὐτῆς,
2898 2139 2987 2193 καὶ
3015 2141 3071 2194 αἱ
3101 2137 3485 2216 άναδειδράδες
3537 2140 3707 2210 αὐτῆς
3752 2141 3854 2203 τὰς

434 2227 660 2305 κὲδρους
689 2232 786 2283 τοῦ
817 2231 970 2283 Θεοῦ,
1004 2220 1033 2279 ›ἷ
1065 2224 1210 2297 Αὕτη
1243 2227 1277 2295 ἡ
1313 2224 1652 2301 πραγματεία
1681 2231 1777 2293 τῆς
1808 2223 2076 2293 ἀληθινῆς
2109 2224 2360 2297 ἀμπέλου
2386 2226 2521 2280 κατά
2549 2226 2610 2280 τὸ
2644 2223 2866 2281 δυνατὸν
2902 2223 3134 2290 εὐσεϐῶς
3164 2230 3436 2300 νενόηται.

506 2347 595 2401 37.
629 2347 722 2402 Ar.
784 2343 960 2399 Valde
1010 2344 1154 2398 bene
1212 2343 1324 2397 ista
1380 2359 1443 2397 se
1501 2342 1713 2397 habere
1770 2342 2078 2397 assentior.

434 2438 563 2492 Jam
597 2434 741 2489 mihi
771 2433 1188 2505 inquirendum
1214 2436 1481 2502 superest
1511 2432 1581 2485 de
1603 2432 1820 2502 Spiritu
1856 2437 2077 2485 sancto.

437 2525 581 2581 Nam
614 2525 766 2594 quod
800 2524 872 2577 ad
905 2520 1113 2577 Filium
1148 2525 1387 2590 spectat,
1421 2521 1703 2576 contiteor
1732 2527 1789 2575 et
1817 2536 1922 2590 ego
1946 2535 2079 2573 eum

439 2613 498 2667 in
523 2612 798 2669 omnibus
839 2610 990 2665 Patri
1032 2610 1317 2680 aequalem
1349 2625 1497 2675 esse,
1535 2608 1645 2662 nisi
1678 2609 1829 2679 quod
1866 2607 1957 2662 ille
2006 2609 2085 2663 sit

441 2702 834 2772 omnipotens.
878 2698 999 2755 Alh.
1052 2697 1205 2753 Nihil
1254 2705 1407 2753 certe
1464 2699 1767 2752 confessus
1814 2715 1874 2751 es
1925 2696 2080 2767 quod

441 2791 641 2862 pietati
674 2789 751 2844 sit
782 2791 1264 2854 consentaneum,
1296 2788 1388 2841 Ar.
1432 2786 1665 2851 Quare?
1695 2786 1821 2841 Alli.
1855 2785 2085 2841 Scilicet

439 2879 622 2935 Filius
653 2895 758 2934 suo
788 2878 937 2933 Patri
964 2875 1207 2947 aequalis
1237 2880 1345 2943 est,
1370 2876 1755 2946 omniumque
1777 2880 1865 2930 est
1894 2874 2082 2930 Domi-

442 2986 575 3033 nus,
609 2968 826 3039 quibus
858 2967 1041 3038 ipsius
1094 2969 1266 3021 Pater
1312 2965 1672 3020 dominatur.
1718 2966 1806 3019 Ar.
1858 2965 1972 3035 Ego
2012 2966 2083 3019 de

438 3055 864 3128 omnipotentis
892 3054 1119 3127 loquor,
1153 3072 1265 3109 non
1298 3055 1368 3108 de
1400 3071 1465 3109 eo
1497 3055 1650 3125 quod
1685 3053 1777 3108 his
1808 3053 2083 3108 omnibus

438 3146 769 3200 dominatur
808 3145 1009 3213 Filius,
1059 3144 1277 3214 quibus
1324 3143 1490 3198 Pater
1532 3160 1677 3198 suus
1724 3144 2079 3198 dominatur.

438 3234 561 3287 Αιὴ.
593 3232 737 3297 Quid
769 3237 879 3299 est,
910 3232 1326 3303 omnipotens?
1364 3234 1455 3286 Ar.
1508 3232 1560 3286 Is
1606 3237 1696 3288 est
1742 3232 1837 3301 qui
1887 3233 2086 3285 omnia

438 3321 552 3377 sub
582 3326 868 3393 potestate
890 3321 1085 3375 habet.
1118 3322 1238 3375 Atii.
1272 3324 1354 3375 An
1382 3336 1493 3375 non
1526 3336 1661 3392 ergo
1686 3320 1866 3375 Filius
1888 3320 2086 3375 omnia

2260 2342 2348 2395 37.
2382 2346 2508 2415 "Ap.
2546 2341 2677 2395 εἶπε·
2715 2337 2932 2420 Σφόδρα
2980 2343 3156 2417 ὀρθῶς
3209 2342 3353 2419 ἔχειν
3411 2344 3579 2423 φημί.
3609 2351 3732 2399 Ἔτι
3791 2342 3854 2400 δὲ

2194 2427 2585 2483 ὑπολέλειπταί
2663 2451 2754 2502 μοι
2831 2431 2953 2506 περὶ
3027 2435 3128 2499 τῆς
3196 2435 3475 2503 ζητήσεως
3532 2438 3631 2487 τοῦ
3688 2434 3850 2507 ἁγίου

2194 2516 2527 2589 Πνεύματος·
2588 2519 2711 2593 περὶ
2768 2522 2869 2595 γάρ
2927 2525 3022 2574 τοῦ
3084 2523 3212 2575 Υίοῦ
3264 2522 3637 2596 συνομολογῶ
3694 2523 3852 2596 κάγὼ

2191 2605 2251 2659 τὸ
2284 2603 2397 2659 ἴσον
2431 2606 2588 2661 αὐτὸν
2645 2608 2778 2663 εἶναι
2819 2613 2888 2681 τῷ
2923 2610 3089 2683 Πατρὶ
3130 2612 3265 2665 κατᾶ
3320 2613 3515 2683 πάντα,
3548 2610 3705 2672 ἐκτὸς
3754 2615 3853 2665 τοῦ

2190 2697 2599 2771 παντοκράτορα
2654 2696 2813 2752 αὐτὸν
2870 2700 3022 2754 εἶναι.
3078 2700 3195 2755 Ἀθ.
3242 2700 3407 2754 εἶπεν
3468 2697 3632 2754 Οὐδὲν
3694 2701 3851 2772 ὡμο-

2193 2781 2434 2857 λόγησας
2505 2790 2613 2839 τῶν
2690 2788 2758 2857 τῇ
2816 2781 3056 2858 εὐσεϐείᾳ
3111 2787 3444 2858 ἀνηκόντων.
3508 2795 3644 2860 Ἃρ.
3711 2788 3848 2841 εἴην

2190 2872 2342 2933 Τίνος
2370 2869 2544 2928 ἕνεκεν
2573 2903 2586 2943 ς
2622 2876 2798 2931 Ἀθαν.
2835 2877 2996 2931 εἶπεν·
3032 2878 3173 2939 Ἰσος
3232 2878 3493 2953 τυγχάνει
3550 2881 3648 2931 τοῦ
3708 2874 3851 2931 ἰδίου

2194 2962 2401 3036 Ματρὸς
2448 2964 2560 3036 (88)
2615 2965 2641 3019 ὁ
2700 2965 2823 3025 Υἱὸς
2883 2965 3181 3040 ἀραρότως,
3228 2966 3318 3020 καὶ
3374 2968 3589 3021 πάντων
3651 2964 3853 3040 Κύριός

2193 3050 2356 3117 ἐστιν,
2389 3052 2460 3105 ῶν
2522 3052 2755 3129 κυριεύει
2806 3054 2832 3108 ὁ
2883 3056 3067 3127 Πατὴρ
3118 3054 3294 3111 αὐτῶ.
3336 3058 3465 3130 ’Ἄρ-
3501 3048 3667 3110 εἴπεν·
3705 3055 3853 3131 Ἐγὼ

2191 3140 2315 3215 περί
2347 3141 2807 3218 παντοκρατορίας
2842 3140 2998 3220 ἔφην,
3034 3143 3095 3198 οὐ
3127 3144 3250 3220 περὶ
3279 3148 3376 3199 τοῦ
3434 3144 3704 3219 κυριεύειν
3734 3146 3851 3215 (89)

2190 3232 2280 3285 τὸν
2314 3232 2434 3285 Υίὸν
2495 3233 2763 3305 ἁπάντων,
2798 3235 2870 3288 ὧν
2905 3234 3138 3310 κυριεύει
3172 3237 3199 3290 ὁ
3254 3236 3437 3309 Πατὴρ
3499 3234 3692 3291 αὐτοῦ.
3736 3236 3851 3297 Ἀθ.

2192 3322 2329 3377 εἷπε.
2390 3321 2781 3396 Παντοκράτωρ
2836 3323 2887 3377 τί
2944 3323 3127 3393 ἐστιν;
3188 3330 3316 3399 Ἄρ.
3377 3325 3703 3399 εἴπεν-*Ἐκ
3752 3328 3851 3378 τοῦ

442 3411 766 3465 secundum
800 3414 855 3464 te
884 3409 994 3464 sub
1036 3414 1320 3481 potestate
1353 3409 1570 3464 habet?
1611 3412 1703 3464 Ar.
1739 3409 1912 3465 Recte
1943 3416 1999 3463 et
2028 3409 2082 3463 id

2198 3410 2412 3463 πάντων
2472 3417 2709 3485 κρατεῖν.
2745 3412 2925 3475 Ἀθαν.
2972 3412 3138 3466 εἶπεν·
3172 3415 3233 3470 Ὀ
3291 3412 3415 3474 Υἱὸς
3473 3410 3565 3466 οὖν
3616 3413 3758 3466 κατὰ
3805 3410 3862 3465 ei

439 3515 573 3554 cum
628 3498 850 3553 caeteris
905 3497 1149 3552 dixisti:
1196 3498 1397 3552 omnia
1437 3499 1589 3552 enim
1642 3500 1748 3552 sub
1802 3505 2089 3570 potestate

439 3587 616 3643 habet
646 3586 848 3651 Filius,
883 3587 1155 3658 idemque
1184 3592 1272 3640 est
1302 3586 1691 3657 omnipotens,
1722 3592 1783 3640 ut
1809 3592 1868 3641 et
1897 3591 2084 3641 Pater.

445 3676 586 3731 Nam
620 3693 753 3732 cum
789 3693 907 3730 una
928 3676 1003 3730 sit
1034 3674 1220 3729 Patris
1249 3682 1305 3729 et
1335 3674 1460 3730 Filii
1502 3674 1823 3729 divinitatis
1856 3680 2087 3739 natura,

442 3783 562 3821 una
593 3783 826 3838 quoque
855 3774 944 3820 est
972 3765 1420 3836 omnipotentis.
1478 3766 1607 3818 Jam
1650 3764 1828 3835 igitur
1858 3765 1926 3819 de
1957 3766 2085 3833 δρί-

440 3859 556 3910 ritu
588 3865 790 3911 sancto
839 3855 1199 3910 disseramus
1228 3869 1240 3907 :
1276 3852 1595 3925 praesertim
1645 3869 1779 3907 cum
1812 3858 1871 3905 tu
1921 3852 2086 3908 initio

441 3944 738 4000 definieris
771 3945 964 4015 ipsum
996 3959 1124 3999 esse
1159 3943 1308 3997 Patri
1358 3947 1415 3997 et
1454 3942 1596 3997 Filio
1639 3942 2085 3996 consubsantia-

440 4033 578 4103 lem,
611 4034 761 4103 quod
794 4032 918 4103 ipse
952 4049 1222 4103 pernego,
1264 4038 1597 4086 sanctarum
1650 4031 2084 4101 Scripturarum

440 4120 782 4176 auctoritate
817 4121 1071 4187 innixus,
1103 4138 1171 4175 ex
1202 4120 1418 4191 quibus
1453 4120 1635 4175 habeo
1680 4119 1873 4191 ipsum
1926 4137 2083 4174 crea-

440 4213 568 4264 tum
599 4225 763 4266 esse:
792 4210 968 4281 idque
1000 4210 1100 4264 tibi
1136 4209 1336 4280 paucis
1370 4208 1569 4280 probo.
1592 4213 1804 4281 Nempe
1831 4209 2087 4264 Joannes

440 4303 732 4353 asseverat
761 4299 954 4353 omnia
990 4315 1089 4369 per
1108 4297 1318 4352 Filium
1352 4298 1502 4352 facta
1535 4313 1814 4369 esse,quo
1847 4298 2086 4369 quidem

436 4387 611 4443 verbo
642 4386 918 4458 Spiritum
955 4386 1198 4441 minime
1228 4385 1689 4457 comprehendit,
1721 4386 1913 4458 ipsum
1948 4386 2085 4442 item

439 4493 467 4532 e
500 4474 661 4531 caelis
694 4493 726 4530 a
761 4475 924 4530 Patre
955 4475 1025 4529 ad
1057 4473 1348 4546 apostolos
1394 4474 1451 4528 in
1502 4473 1783 4529 auxilium
1838 4475 2085 4531 missum

437 4582 567 4621 esse
602 4581 614 4620 :
650 4563 813 4635 atqui
838 4563 892 4618 id
926 4563 1079 4634 quod
1106 4579 1136 4618 e
1163 4561 1289 4618 loco
1312 4563 1383 4618 ad
1416 4561 1609 4617 locum
1635 4565 2084 4634 transgreditur,

440 4652 802 4709 transeuntis
839 4657 927 4707 est
975 4655 1212 4707 naturis.
1265 4650 1427 4706 Unde
1465 4651 1702 4707 evidens
1756 4657 1845 4707 est
1882 4657 2085 4707 creatis

2196 3497 2405 3551 πάντων
2497 3498 2558 3552 οὐ
2633 3505 2856 3574 κρατεῖς
2918 3502 3043 3575 Ἃρ.
3106 3501 3242 3555 εἷπε.
3295 3498 3492 3562 Καλῶς
3566 3496 3705 3578 ἔφης
3768 3502 3860 3553 σὺν

2193 3591 2310 3646 τοῖς
2342 3585 2561 3649 λοιποῖς
2592 3587 2679 3641 καὶ
2710 3593 2891 3642 τοῦτο·
2927 3590 3140 3643 πάντων
3171 3590 3274 3664 γάρ
3330 3593 3519 3664 κρατεῖ
3571 3588 3662 3642 καὶ
3717 3610 3858 3642 παν-

2193 3676 2476 3748 τοκράτωρ
2534 3675 2671 3729 ἐστὶν
2707 3678 2734 3730 ὁ
2769 3678 2907 3741 Υἱὸς,
2940 3677 3121 3752 ὥσπερ
3179 3677 3267 3731 καὶ
3326 3678 3355 3730 ὁ
3417 3678 3623 3745 Πατήρ.
3657 3676 3857 3732 Ὁπότε

2200 3770 2326 3835 μιᾶς
2376 3761 2545 3834 οὔσης
2603 3765 2787 3826 οὐσίας
2854 3770 2949 3819 τοῦ
3009 3766 3215 3841 Ματρὸς
3264 3767 3354 3819 καὶ
3411 3762 3509 3819 τοῦ
3566 3765 3697 3818 Υίοῦ
3754 3771 3858 3833 τῆς

2197 3852 2451 3922 θεότητος
2479 3856 2612 3925 (90),
2640 3854 2728 3909 καὶ
2774 3854 2869 3926 μία
2926 3854 3361 3930 παντοκρατορία
3389 3854 3673 3929 τυγχάνει.
3720 3862 3855 3907 Λοι-

2195 3942 2294 3995 πὸν
2354 3941 2477 4015 περὶ
2531 3947 2627 3996 τοῦ
2685 3942 2841 4018 ἁγίου
2898 3943 3210 4015 ΙΙνεόματος
3261 3944 3606 4014 ζητήσωμεν·
3660 3939 3853 4008 ἐπειδή

2200 4029 2433 4103 μάλιστα
2464 4031 2646 4104 ὡρίσω
2677 4030 2739 4085 συ
2772 4031 2823 4085 ἐν
2859 4033 3005 4107 ἀρχῇ
3039 4032 3332 4104 ὁμοοόσιον
3365 4030 3496 4086 αὐτὸ
3554 4032 3691 4084 εἶναι
3738 4036 3852 4085 lla-

2265 4119 2276 4136 ι
2412 4119 2425 4137 ς
2512 4125 2582 4139 ,η
2729 4121 2741 4136 ς
2916 4120 2928 4135 .
3228 4118 3250 4139 ν
3471 4122 3484 4135 .
3586 4119 3600 4135 ,
3671 4115 3681 4132 ι

2193 4140 2281 4194 τρι
2338 4141 2426 4173 και
2490 4121 2616 4191 ὶίῳ,
2651 4119 2760 4194 ἐγω
2819 4118 2874 4174 δὶ
2905 4119 3193 4197 αντιλὲγω,
3226 4140 3369 4196 εχων
3425 4142 3523 4187 την
3575 4116 3856 4188 αποδειξιν

2196 4205 2254 4259 ἐκ
2283 4211 2388 4259 τῶν
2420 4205 2582 4279 ἁγίων
2620 4212 2863 4283 Γραιρῶν,
2899 4206 2980 4260 ὅτι
3029 4209 3244 4262 κτιστὸν
3302 4206 3585 4282 τυγχάνει·
3619 4206 3710 4260 καὶ
3764 4203 3861 4260 διὰ

2197 4294 2466 4367 συντόμου
2499 4294 2605 4369 ἐρῶ
2635 4296 2731 4363 τὴν
2766 4296 2888 4367 περὶ
2917 4296 3113 4351 τούτου
3167 4297 3518 4372 παράστασιν,
3553 4295 3603 4351 ἐν
3635 4300 3716 4368 τῷ
3759 4296 3855 4350 τὸν

2196 4384 2447 4453 Ἰωάννην
2538 4381 2969 4460 ὃιισχυρίσασοαι
3052 4390 3341 4464 φάσκοντα,
3390 4384 3559 4439 πάντα
3618 4382 3708 4439 διά
3752 4389 3858 4439 τοῦ

2197 4474 2323 4527 Υἱοῢ
2354 4475 2695 4547 γεγενῆσθαι,
2741 4474 2816 4546 μὴ
2849 4469 3346 4550 συμπαραλαϐόντα
3374 4474 3462 4529 καὶ
3511 4473 3574 4528 τὸ
3626 4476 3856 4547 Πνεῦμα

2197 4560 2247 4615 ἐν
2279 4561 2457 4633 τούτῳ
2489 4563 2569 4634 τῷ
2624 4561 2791 4638 λόγῳ,
2817 4560 2893 4616 ἔτι
2929 4563 3035 4635 μὴν
3068 4562 3155 4618 καὶ
3186 4560 3660 4633 ἀποστελλόμενον
3713 4562 3862 4638 πρὸξ

2194 4654 2290 4704 τοῦ
2348 4651 2559 4726 Ιῐατρὸς
2620 4650 2678 4705 ἐκ
2729 4656 2834 4706 τῶν
2898 4651 3137 4728 οὐρανῶν
3198 4652 3336 4727 πρὸς
3425 4652 3682 4726 βοήθειαν
3742 4656 3860 4705 τῶν

438 4743 635 4815 ipsum
664 4758 793 4797 esse
825 4746 1070 4806 naturae,
1104 4757 1218 4796 non
1250 4730 1445 4795 autem
1475 4738 1966 4812 increatze,qualis
1986 4740 2083 4796 illa

2198 4738 2536 4793 ἀποστόλων·
2567 4740 2627 4795 τὸ
2660 4738 2717 4795 δὲ
2746 4740 2852 4795 ἀπὸ
2899 4740 3070 4795 τόπου
3104 4739 3177 4803 εἷς
3209 4737 3394 4815 ἕτερον
3432 4740 3599 4795 τόπον
3666 4740 3855 4813 μετιὸν

2338 4822 2366 4843 Ω
2508 4836 2527 4843 _
2637 4829 2649 4843 9
2702 4829 2712 4843 Ι
2977 4831 2986 4843 ι
3129 4831 3183 4843 ι.-
3355 4828 3367 4843 Ι
3674 4827 3698 4843 !\
3722 4828 3766 4843 ,ἱ

438 4836 529 4888 est
560 4847 688 4903 quis
719 4831 896 4886 beatae
928 4828 1083 4885 illius
1113 4835 1332 4885 natura:
1388 4829 1574 4884 Patris
1605 4834 1661 4884 et
1695 4828 1814 4882 Filii
1850 4830 2083 4898 dicitur,

440 4937 688 4992 quisque
716 4921 915 4976 omnia
943 4919 1223 4985 continet,
1255 4924 1311 4974 et
1336 4919 1553 4991 ubique
1584 4919 1915 4974 substantia
1944 4935 2087 4989 pris-

2199 4822 2562 4899 μεταϐατικῆς
2596 4829 2776 4891 οὐσίας
2816 4831 3093 4905 τυγχάνει.
3129 4831 3221 4884 Ἐκ
3275 4828 3471 4884 τούτου
3529 4827 3852 4899 καταδήλου

2197 4912 2349 4979 ὄντος
2400 4925 2620 4987 κτιστῆς
2680 4917 2837 4973 αὐτὸν
2892 4918 3104 4995 φύσεως
3137 4919 3293 4983 εἶναι,
3324 4919 3412 4973 καὶ
3446 4917 3546 4972 οὐκ
3574 4918 3853 4986 ἀκτίστου,

2194 5012 2295 5075 τῆς
2360 5006 2622 5079 μακαρίας
2676 5006 2858 5069 οὐσίας
2917 5006 3127 5077 ἐκείνης
3180 5007 3392 5081 Ῑίατρὸς
3422 5007 3511 5061 καὶ
3546 5008 3673 5060 Υίοῦ
3700 5004 3860 5082 λεγο-

2203 5093 2369 5169 μένης
2400 5097 2535 5170 (91),
2567 5095 2655 5151 καὶ
2716 5095 3085 5173 περιεχούσης
3140 5097 3207 5151 τὰ
3263 5095 3388 5166 ὅλα,
3437 5094 3527 5150 καὶ
3571 5098 3856 5170 πανταχοῦ

439 5026 576 5065 sens
614 5013 747 5077 est;
792 5009 1289 5080 quemadmodum
1337 5025 1517 5081 supra
1566 5025 1599 5063 a
1640 5014 1694 5064 te
1743 5024 2088 5063 concessum

438 5103 528 5155 est
577 5115 591 5154 :
641 5098 699 5155 in
750 5114 865 5171 quo
913 5103 969 5154 et
999 5114 1091 5155 me
1147 5115 1262 5154 non
1292 5102 1505 5163 tecum,
1553 5098 1655 5154 sed
1687 5113 1820 5153 cum
1850 5098 2092 5155 veritate

511 5297 558 5333 θ’
581 5294 739 5352 Psal.
774 5311 962 5365 Lxxxx,
996 5295 1082 5351 11.

2262 5516 2375 5587 (89)
2408 5520 2545 5589 Reg.
2582 5516 2657 5589 μὴ

2409 5584 2555 5662 Ριθᾷ.
2583 5584 2841 5662 vet-Aug].
2873 5591 2908 5659 ἠ
2926 5584 3151 5662 pedum.

2268 5657 2380 5733 (91)
2408 5657 2543 5734 Reg.
2578 5665 2635 5718 et
2665 5657 2906 5735 Anglic.
2926 5657 3073 5736 λέγω
3107 5658 3299 5735 μόνης.

444 5587 487 5609 Μ
510 5520 623 5591 (87)
652 5519 746 5609 §ic
764 5518 979 5609 Rhegiu’s
1009 5532 1183 5605 quem
1219 5515 1743 5609 sequimur'._Basil.
1764 5515 2083 5609 et‘ftug.“0

2262 5516 2382 5609 ("333‘
2408 5520 2545 5609 ξος.
2582 5516 2657 5609 μῂ
2683 5514 2988 5609 Δκυριειῖνριγ..

440 5587 497 5646 δὲ
522 5587 909 5667 καταλειφίξεξς
939 5587 1042 5667 ἐπὶ*
1067 5587 1462 5667 τοῖνΛστριυροῦί
1514 5588 1575 5645 In
1622 5587 1969 5667 Augustind
1995 5593 2088 5645 ta-

441 5681 573 5722 men
607 5659 777 5719 deest'
800 5661 827 5713 ὁ
859 5659 935 5717 δέ.
973 5661 1033 5717 In
1067 5659 1240 5717 editis
1271 5659 1392 5716 haec
1424 5662 1658 5717 desunt.

511 5737 622 5809 (88)
656 5736 794 5809 Reg.
825 5738 904 5807 τῷ
937 5729 1061 5807 ἰδίῳ
1092 5729 1287 5808 Ιίατρί.
