2043 3111
73 64 184 83 δτι-,ιη
220 85 223 87 ι

147 173 210 203 489

718 172 953 203 DISPUTA'I‘iO
973 172 1130 203 CONTRA
1153 175 1290 207 AllIUM.

1799 189 1859 219 490

144 237 289 274 παρούσης
303 237 361 266 κατ’
375 236 480 265 οὐσίαν·
497 237 586 268 καθὼς
597 235 814 275 προαποδέὂοται
846 236 897 265 ὑπὸ
928 239 965 264 cmi

288 281 300 289 .
400 288 404 289 ,
478 282 485 289 .
553 283 559 289 .
681 281 688 289 ς
733 283 746 289 ..
844 280 856 289 κ
902 282 909 289 ,

1032 240 1264 270 consentientem
1280 242 1506 274 habuisti.Adde
1514 246 1606 276 Deum
1623 248 1664 278 ita
1672 258 1724 286 per
1736 253 1857 289 prophe-

145 281 173 309 ἐν
199 284 257 313 τοῖς
286 281 438 320 ἔμπροσθεν
464 282 632 320 εἰρημένοις,
658 281 748 318 κάμοῦ
764 280 965 317 συνευδοκήσανς

1033 285 1093 312 tam
1120 284 1252 314 locutum
1281 296 1346 317 esse

142 337 193 357 τος
224 326 255 354 οὗ
284 327 338 361 σοὶ,
367 326 441 355 ἀλλὰ
468 329 503 365 τῇ
532 326 656 363 ἆληθείᾳ’
681 325 720 354 ἔτι
736 325 765 353 δὲ
783 326 828 354 καὶ
843 325 892 354 τοῦ
910 329 977 354 Θεοῦ

1375 298 1382 317 :
1413 301 1428 316 «
1451 291 1510 328 Ego
1538 292 1661 322 ﬁrmans
1689 296 1800 325 tonitru
1829 301 1858 327 et

1033 336 1134 358 creans
1157 330 1292 366 spiritum
1317 333 1350 368 ⁷ο,
1367 344 1382 359 »
1408 335 1517 371 quibus
1542 344 1599 366 non
1624 342 1694 375 puto
1720 342 1748 369 te
1771 350 1857 377 posse

144 370 279 408 λέγοντος
295 370 340 399 διὰ
353 374 402 400 τοῦ
417 373 572 412 προφήτου·
598 384 612 398 ‹‹
629 371 702 408 Ἐγὼ
722 373 835 408 στερεῶν
862 371 962 408 βροντή

1032 374 1238 404 contradicere.

143 415 191 442 καὶ
207 415 306 450 κτίζων
322 417 439 453 πνεῦμα,
456 428 471 442 ››
488 415 526 447 οἶς
546 415 601 453 ἰγὼ
616 414 722 452 νομίζω
745 416 782 452 μὴ
809 413 936 447 δύνασθαί
948 424 978 442 σε

142 459 295 489 ἀντειπεῖν.

181 506 228 534 38.
259 505 319 533 Ἀθ,
349 505 418 533 εἶπε
448 504 610 543 Γέγραπται·
640 517 654 530 ‹‹
684 503 792 536 Γένεσθε
820 503 904 542 ἆγιοι,
934 503 975 532 ὅτι

140 548 197 586 ἇγὼ
226 550 306 587 ἅγιος
337 549 454 587 ἁγιάζων
484 550 564 587 ὑμᾶς.
595 561 609 575 ››
635 548 684 576 Καὶ
722 548 804 576 πάλιν
836 549 850 576 ὸ
875 549 973 586 Σωτὴρ

139 594 210 631 πρὸς
239 594 286 621 τὸν
313 594 411 622 ἑαυτοῦ
441 595 550 633 Πατέρα
577 594 644 632 ὑπέρ
670 596 719 622 τοῦ
736 594 894 631 ἁγιασθῆναι
908 593 973 625 τοὺς

141 639 269 674 μαθητὰς
298 637 348 678 ἔφη
384 638 467 666 οὕτω·
497 651 512 665 (ι
541 638 640 676 Πάτερ,
658 638 769 676 ἁγίασον
785 637 882 669 αὐτοὺς
896 637 922 666 ἐν
937 640 972 676 τῇ

139 681 260 719 ἀληθείᾳ
276 693 334 710 σου·
354 695 367 709 ι)
390 683 436 711 καὶ
462 682 545 712 πάλιν
569 682 630 720 περῖ
646 683 742 710 ἑαυτοῦ
759 683 813 719 (92)
829 683 843 710 ὁ
874 683 972 719 Σωτήρ

139 737 235 766 φησιν*
267 739 282 753 ι(
312 728 382 766 Ἐγώ
411 727 468 765 εἶμι
500 728 517 763 ἠ
534 726 659 763 ἀλήθεια.
677 739 691 753 υ
708 727 780 754 Κατὰ
794 729 876 754 ταῦτα
890 728 908 762 ἡ
923 729 972 755 τοῦ

140 757 254 810 ίῐατρὸς
270 757 377 800 καὶτοῦ
394 757 458 800 Υἲόῦ
480 757 661 808 θεότηςίἐο-τὶν
691 773 708 807 ἡ
739 771 799 810 ἁγία
824 771 868 799 καὶ
895 772 972 810 ἅγιο-

138 818 231 852 ποιὸς,
256 819 274 852 ἡ
302 818 448 855 ἀγιάζουσα
476 818 560 845 πάντα
587 817 621 845 τὰ
649 816 758 854 λογικὰ,
781 817 814 844 τὰ
829 816 970 852 καταξιοῦ-

139 873 208 900 μενα
287 862 459 899 αὐτεξουσίου
488 864 603 901 γνώμης
630 873 660 890 τε
686 861 731 889 καὶ
774 861 898 897 σπουδῆς
921 862 971 897 τὴν

136 908 215 946 ἁγίαν
246 906 371 944 δέξασθαι
399 908 445 936 καὶ
475 908 608 947 μακαρίαν
641 907 734 935 οὐσίαν
765 907 802 939 εἷς
825 907 1009 959 κοινωνίανΒ

136 955 287 992 ἆγεασμοῦ.
317 954 349 982 Εἴ
377 954 424 982 οὗν
452 954 501 982 οὐκ
525 953 583 982 ἔστι
606 958 656 989 τῆς
670 956 719 981 τοῦ
736 954 842 991 Ματρὸς
858 953 968 981 καὶτοῦ

135 1000 202 1026 Ποῦ
232 998 326 1030 οὐσίας
353 999 385 1026 τὸ
413 1000 487 1037 ἅγιον
517 1000 629 1036 Πνεῦμα
655 998 728 1026 τίνος
752 997 840 1026 ἕνεκεν
860 998 969 1037 συνηρι-

136 1050 243 1081 θμησεν
273 1044 339 1072 αὐτὸ
367 1045 381 1072 ὁ
411 1045 472 1076 Υἱὸς
499 1047 548 1072 τοῦ
574 1046 641 1072 Θεοῦ
668 1043 693 1072 ἐν
709 1046 748 1080 τῷ
763 1041 897 1081 συμεόΛῳ
919 1045 967 1072 τοῦ

135 1089 296 1127 ἆγιασμοῦς
325 1089 398 1124 Φησὶ
419 1089 472 1127 γὰρ
502 1089 516 1116 ὁ
531 1089 629 1126 Κύριος
655 1089 724 1126 πρὸς
750 1088 815 1120 τοὺς
833 1089 965 1125 μαθητάς·

137 1145 152 1160 κ
180 1133 376 1171 Πορευθέντες,
407 1133 591 1170 μαθητεύσατε
615 1135 701 1162 πάντα
729 1133 762 1161 τὰ
775 1132 851 1168 ἔθνη,
869 1133 967 1172 βαπτί-

135 1181 230 1212 ζοντες
257 1177 355 1209 αὐτοὺς
384 1177 421 1209 εἷς
448 1178 479 1205 τὸ
501 1175 587 1212 ὄνομα
621 1180 669 1206 τοῦ
711 1178 816 1215 Ματρὸς
846 1178 890 1205 καὶ
919 1180 967 1205 τοῦ

136 1219 205 1245 ι’ἱοῦ
233 1218 280 1245 καὶ
306 1221 355 1245 τοῦ
379 1219 455 1257 ἁγίου
481 1218 650 1255 ῙΙνεῦματος.
682 1231 696 1244 ››
725 1218 757 1247 Εἴ
773 1218 818 1245 οῦν
834 1219 921 1246 πάντα
933 1218 967 1246 τὰ

133 1262 202 1299 ἔθνη
234 1264 269 1290 τὰ
297 1263 455 1291 πιστεύοντα
482 1264 527 1291 καί
554 1264 720 1301 ἁγιαζόμενα
748 1263 903 1302 ἁγιάζονται
931 1266 966 1301 τῇ

131 1307 397 1346 τρισμακαριωτάτῃ
424 1308 567 1345 ὀνομασία,
596 1307 681 1343 δῆλόν
705 1308 775 1336 ἐστιν
801 1308 842 1336 ὅτι
867 1308 912 1336 καὶ
934 1309 966 1336 τὸ

133 1354 250 1389 Πνεῦμα
263 1357 314 1388 τῆς
327 1356 376 1381 τοῦ
393 1354 496 1391 ῘΙατρὸς
510 1354 554 1381 καὶ
570 1352 618 1381 106
633 1354 697 1381 Υἱοῦ
721 1354 848 1389 θεότητος
879 1353 966 1392 ὑπάρ-

131 1408 194 1436 χει,
210 1397 303 1426 ἕκτοῦ
326 1399 401 1436 ἅγιον
430 1397 495 1426 αὐτὸ
523 1400 588 1426 εἶναι
612 1399 670 1426 κατ’
686 1398 788 1432 οὐσίαν,
814 1398 859 1426 καὶ
873 1397 966 1437 ἁγίους

133 1446 227 1471 ποιεῖν
259 1444 360 1474 πάντας
387 1442 451 1475 τοὺς
475 1441 701 1482 προσϐάλλοντας
717 1443 799 1471 αὐτοῦ
815 1445 850 1481 τῇ
865 1454 965 1471 κοινω-

129 1488 192 1524 νίᾳ,
223 1487 314 1519 καθώς
358 1498 438 1527 φησιν
477 1488 491 1515 ὁ
529 1487 698 1519 Ἀπὸστολος
728 1488 795 1526 πρὸς
825 1487 871 1519 οὕς
901 1486 963 1527 ἔφη·

132 1546 147 1559 α
168 1531 250 1560 Ἀλλ’
277 1531 473 1566 ἆπελούσ-τσθι,
498 1531 561 1560 ἀλλ’
588 1531 737 1570 ἡγιάσθητε
752 1531 778 1559 ἐν
791 1534 832 1568 τῷ
849 1531 963 1569 ὀνόματι

131 1580 187 1606 τοῦ
215 1577 318 1616 Κυρίου
347 1579 428 1613 ἡμῶν
457 1578 546 1613 Ἰησοῦ
574 1578 691 1615 Χριστοῦ
719 1577 764 1605 καὶ
786 1576 812 1604 ἐν
827 1579 866 1613 τῷ
881 1577 963 1606 Ιίνεύ-

134 1633 205 1660 μετι
232 1621 315 1650 αὐτοῦ
338 1625 378 1659 τῷ
407 1622 486 1659 ἁγίῳ.
512 1633 526 1649 ι
545 1622 575 1649 Εἰ
592 1621 621 1649 δὲ
636 1622 685 1649 οὐκ
698 1621 753 1649 ἔστι
768 1625 818 1657 τῆς
832 1624 880 1649 τοῦ
896 1624 962 1650 Θεοῦ

130 1667 183 1695 mi
213 1668 319 1704 ΙΙατρὸς
334 1667 379 1694 καὶ
403 1667 467 1694 Υἱοῦ
496 1667 665 1698 ὑποστάσεως
693 1667 761 1704 (93),
782 1666 863 1694 παλιν
880 1666 963 1704 φημὶ,

132 1716 198 1744 πῶς
223 1714 415 1750 συνηριθμήθη
445 1713 532 1751 Πατρὶ
561 1712 605 1740 καὶ
621 1712 685 1749 Υἶῷ·
703 1713 739 1743 ὡς
757 1712 794 1749 μή
811 1711 964 1748 δυναμένης

132 1761 189 1793 τῆς
217 1760 266 1785 τοῦ
294 1757 402 1795 Harpe;
430 1757 475 1784 καὶ
505 1757 568 1784 Υἱοῦ
593 1757 721 1792 θεότητος
737 1756 880 1795 ἐπαρκέσαι
896 1757 964 1793 πρὸς

133 1802 272 1841 ἁγιασμὸν
302 1805 361 1833 τοῖς
390 1805 509 1836 πιστοῖς,
534 1799 687 1839 προσέλαϐε
705 1802 750 1829 τὸν
769 1800 962 1839 Ιῐαράκλητον,

132 1847 164 1874 τὸ
180 1848 296 1882 Πνεῦμα
322 1849 372 1881 τῆς
402 1845 531 1881 ἀληθείας
548 1846 585 1877 εἷς
602 1844 800 1884 συμπλήρωσιν
817 1845 963 1883 ἐιγιασμοῦ²

132 1892 178 1919 τὸν
196 1890 250 1918 οὐκ
261 1890 291 1918 ἐκ
314 1892 364 1926 τῆς
380 1889 472 1922 οὐσίας
487 1890 569 1918 αὐτοῦ
584 1888 666 1926 ὅντα;
683 1890 714 1918 Εἰ
734 1889 764 1919 δὶ
789 1891 862 1918 τοῦθ’
891 1890 963 1918 οὕτω

134 1936 293 1974 νομισθείη,
314 1939 374 1968 πῶς
389 1947 476 1974 φαμεν
505 1935 652 1974 ἀπροσδεὲς
679 1936 711 1964 τὸ
737 1939 833 1972 Θεῖον;
854 1935 962 1963 αὐτοτε-

135 1981 192 2018 λὶς,
223 1980 362 2018 μηδαμῶς
392 1983 497 2020 χρῇζον
527 1982 591 2017 παρ’
618 1981 712 2018 ἑτέρου
739 1981 813 2012 τινός
836 1983 931 2008 τιτῶν
948 1981 962 2008 ὁ

136 2026 340 2065 προσδεόμενος
352 2027 409 2063 (94)
427 2028 476 2053 τοῦ
492 2025 639 2063 εὐεργετεῖν
657 2024 819 2062 δυναμένου.

171 2072 217 2100 39·
249 2071 311 2106 Ἀρ.
345 2071 428 2097 ιῖπεν·
459 2069 491 2098 Εἰ
515 2073 566 2105 τῆς
598 2068 686 2097 ἀϊδίου
715 2070 843 2105 θεότητος
869 2070 901 2104 ἦν
930 2069 963 2097 τὸ

136 2116 251 2152 Πνεῦμα
280 2114 438 2151 ὁμοούσιον,
468 2115 577 2146 πάντως
604 2113 651 2142 οὖν
665 2115 721 2151 (95)
736 2116 877 2152 πανταχοῦ
904 2114 964 2142 κατ’

135 2159 229 2187 οὐσίαν
257 2162 359 2197 παρῆν,
388 2159 434 2186 καὶ
458 2158 508 2186 οὐκ
534 2157 771 2196 ἆποστελλόμενον
799 2158 852 2186 ἀπὸ
876 2159 962 2186 τόπου

135 2204 175 2235 εἰς
203 2202 295 2241 ’ἕτερον
321 2204 404 2231 τόπον
434 2203 589 2241 ἐπορεύετο.
618 2204 675 2232 Ἀθ.
711 2204 795 2231 εἶπεν
824 2203 858 2232 Οἱ
888 2203 962 2241 ἅγιοι

134 2247 248 2285 ἄγγελοι
271 2248 303 2276 τὸ
329 2250 442 2285 Πνεῦμα
458 2246 571 2286 Eleum;
589 2248 632 2276 ναὶ
647 2249 665 2283 ἢ
679 2247 710 2276 οὔ
724 2258 731 2284 ;
747 2250 811 2286 "Ap.
827 2248 895 2276 εἶπε·
913 2248 962 2276 Καὶ

995 587 1000 592 .
1030 555 1148 581 sanctus
1177 563 1228 583 vos
1257 558 1446 587 senctiﬁcans
1475 560 1506 588 ⁷¹.
1527 572 1537 585 ι

1065 508 1110 537 38.
1126 509 1187 538 ΑιΙι.
1203 511 1350 547 Scriptum
1375 516 1430 550 est,
1447 526 1461 540 «
1479 515 1576 545 Estote
1592 519 1696 554 sancti,
1713 521 1782 557 quia
1801 530 1854 559 ego

1565 562 1692 592 Rursum
1721 566 1854 595 Salvator

1029 605 1081 632 pro
1097 598 1309 635 discipulorum
1334 604 1566 634 sanctiﬁcatione
1580 607 1695 636 Patrem
1723 609 1766 638 sic
1782 610 1852 639 allo-

1028 641 1131 677 quitur
1147 651 1154 672 :
1172 654 1187 669 α
1202 646 1296 682 Pater,
1311 647 1462 677 sanctiﬁca
1476 657 1525 678 eos
1543 650 1571 678 in
1588 652 1707 682 veritate
1723 656 1773 683 tua
1786 655 1819 683 7’.
1839 667 1852 681 ι)

1027 688 1137 716 Iterum
1160 688 1195 717 de
1220 689 1317 726 seipse
1340 691 1381 720 ait
1404 693 1546 729 Salvator,
1575 707 1589 721 «
1604 698 1663 733 Ego
1690 706 1755 727 sum
1781 700 1852 728 veri-

1027 733 1072 759 tas
1086 732 1118 760 ⁷³.
1137 743 1151 758 »
1167 733 1207 761 Ex
1231 733 1278 763 his
1303 736 1394 773 igitur
1418 737 1531 767 clarum
1557 742 1602 768 est
1616 732 1710 771 Patris
1735 746 1764 771 et
1790 744 1851 773 Filii

1026 776 1210 806 divinitatem
1227 787 1291 808 esse
1301 784 1432 810 sanctam
1445 785 1473 811 et
1484 785 1648 814 sanctitatis
1663 787 1847 825 etl'sctricem,

1025 829 1088 857 quae
1103 822 1245 852 nimirum
1261 824 1327 853 illos
1342 835 1444 855 omnes
1468 829 1590 858 rationis
1606 831 1762 869 participes
1786 842 1852 862 san-

1025 865 1143 901 ctiﬁcat,
1160 867 1210 904 qui
1235 877 1269 897 ex
1290 869 1382 899 libero
1406 872 1526 901 arbitrio
1542 877 1571 902 et
1592 865 1744 911 diligentia
1769 879 1849 915 digni

1026 910 1171 939 habentur
1199 913 1249 949 qui
1278 918 1407 944 sanctam
1435 920 1464 945 et
1493 918 1607 947 beatam
1636 910 1849 952 essentiamnin

1023 956 1265 987 sanctiﬁcationis
1280 961 1518 990 communionem
1534 964 1708 1001 suscipiant.
1718 967 1746 994 Si
1759 968 1850 1004 igitur

1023 1000 1151 1036 Spiritus
1166 1005 1286 1032 sanctus
1302 1013 1360 1033 non
1372 1008 1416 1034 est
1426 1007 1598 1037 substantiis
1617 1000 1713 1039 Patris
1732 1014 1760 1040 et
1770 1000 1846 1046 Filii,

1023 1051 1112 1080 quare
1126 1044 1223 1081 ipsum
1239 1047 1289 1075 Dei
1317 1049 1406 1078 Filius
1431 1053 1635 1082 annumeravit
1657 1054 1689 1082 in
1714 1044 1846 1092 symbolo

1022 1090 1344 1121 sanctiﬁcationis7Ait
1358 1094 1437 1123 enim
1453 1096 1489 1124 ad
1505 1097 1666 1134 discipulos
1682 1090 1824 1129 Dominus
1840 1111 1845 1130 :

1022 1144 1037 1158 ‹‹
1055 1133 1173 1170 Euntes,
1189 1136 1290 1165 docete
1309 1146 1412 1167 omnes
1427 1143 1539 1177 gentes,
1552 1133 1734 1179 baptizantes
1750 1154 1798 1174 eos
1816 1147 1843 1174 in

1022 1179 1141 1207 nomine
1156 1180 1250 1209 Patris
1263 1184 1291 1209 et
1307 1182 1371 1211 Filii
1387 1186 1415 1212 et
1428 1185 1557 1221 Spiritus
1571 1189 1666 1216 sancti
1681 1190 1713 1218 ⁷⁸.
1728 1201 1743 1216 ››
1762 1192 1843 1224 Quod

1021 1223 1047 1250 si
1062 1231 1165 1253 omnes
1175 1227 1355 1263 gentes,quae
1371 1230 1494 1259 credunt
1508 1233 1537 1260 et
1553 1234 1784 1270 sanctiﬁcantur,
1802 1239 1846 1264 ter

1022 1267 1193 1298 beatissima
1217 1270 1268 1299 illa
1292 1273 1515 1304 uomenclatura
1536 1278 1768 1316 sanctiﬁcantur,
1785 1281 1844 1308 evi-

1021 1313 1093 1341 dens
1107 1316 1151 1342 est
1173 1314 1317 1351 Spiritum
1341 1318 1377 1346 ad
1402 1320 1497 1348 Patris
1522 1323 1551 1349 et
1574 1322 1639 1351 Filii
1663 1313 1845 1354 divinitatem

1021 1358 1178 1395 pertinere,
1194 1368 1261 1388 cum
1278 1361 1376 1397 ipsum
1401 1364 1569 1394 substantia
1591 1367 1631 1395 sit
1654 1371 1801 1403 sanctum,
1818 1373 1846 1398 et

1020 1410 1122 1431 omnes
1137 1406 1255 1433 sanctos
1270 1406 1388 1441 efﬁciat,
1405 1408 1457 1444 qui
1471 1410 1507 1438 ad
1523 1410 1588 1446 ejus
1607 1413 1843 1442 communionem

1019 1448 1095 1475 117
1112 1449 1255 1477 accedunt
1270 1458 1277 1478 :
1292 1452 1541 1486 quemadmodum
1565 1456 1724 1489 Apostolus
1739 1459 1775 1486 ad
1796 1467 1845 1487 eos

1020 1491 1061 1519 ait
1084 1500 1158 1527 quos
1183 1493 1226 1521 sic
1251 1493 1433 1531 alloquitur:
1454 1498 1541 1527 «Sed
1567 1499 1660 1528 abluti
1685 1501 1766 1537 estis,
1793 1504 1843 1531 sed

1019 1537 1193 1565 sanctiﬁcati
1212 1538 1285 1566 estis
1311 1540 1341 1567 in
1370 1541 1488 1571 nomine
1517 1543 1634 1573 Domini
1659 1547 1751 1575 nostri
1773 1548 1844 1576 Jesu

1020 1581 1139 1615 Christi,
1154 1585 1183 1609 et
1210 1582 1240 1610 in
1269 1583 1381 1619 Spiritu
1409 1589 1510 1616 sancto
1539 1590 1604 1625 ejus
1633 1590 1666 1617 ⁷⁵.
1691 1602 1706 1617 n
1736 1592 1788 1624 Qui
1819 1594 1844 1621 si

1133 1613 1137 1615 _
1291 1613 1300 1619 _
1416 1613 1507 1616 νηαη-
1540 1613 1604 1618 __-
1660 1613 1666 1617 .
1691 1613 1705 1617 ..
1737 1613 1788 1624 κ...
1819 1613 1841 1621 υ.

978 1613 1000 1647 C
1019 1634 1077 1654 non
1092 1628 1137 1654 est
1151 1626 1322 1656 substantiae
1346 1629 1397 1657 Dei
1413 1633 1441 1658 et
1455 1613 1600 1662 Patrisaac
1624 1635 1701 1669 Filii,
1723 1645 1841 1665 rursum

1018 1670 1175 1707 interrogo,
1192 1679 1245 1700 cur
1258 1680 1326 1700 cum
1350 1675 1435 1702 Patre
1451 1678 1479 1704 et
1503 1677 1575 1706 Filio
1596 1679 1635 1706 sit
1660 1687 1842 1715 numeratus,

1018 1715 1104 1751 quasi
1119 1715 1239 1750 scilicet,
1258 1717 1348 1745 Patris
1363 1721 1392 1746 et
1413 1719 1477 1747 Filii
1501 1721 1653 1752 divinitate
1678 1733 1735 1753 non
1759 1727 1841 1753 sulti-

1018 1759 1111 1787 ciente
1135 1760 1172 1788 ad
1202 1760 1333 1789 ﬁdelium
1358 1765 1631 1802 sanctiﬁcationem,
1648 1768 1842 1806 Parucletum,

1018 1803 1160 1839 Spiritum
1172 1805 1303 1835 veritatis
1314 1810 1509 1844 assumpserit
1520 1813 1597 1840 Deus
1608 1812 1637 1840 in
1649 1803 1843 1850 complemen;

1018 1850 1082 1876 tum
1093 1849 1344 1886 sanctiﬁcationis,
1361 1852 1410 1887 qui
1426 1853 1520 1889 ipsius
1531 1856 1703 1885 substantiis
1716 1849 1773 1886 non
1785 1860 1843 1887 sil?

1018 1893 1098 1927 Quod
1110 1893 1135 1921 si
1146 1894 1327 1929 admittatur,
1338 1898 1485 1932 quomodo
1496 1907 1655 1934 possumus
1666 1901 1771 1935 dicere,
1785 1903 1842 1930 Nu«

1017 1946 1084 1966 men
1099 1938 1180 1967 nulla
1196 1947 1226 1967 re
1236 1948 1330 1975 egere,
1346 1948 1381 1968 ex
1395 1949 1427 1968 se
1446 1943 1607 1977 perfectum
1617 1953 1693 1978 esse,
1709 1945 1842 1982 nihilque

1017 1991 1034 2010 a
1048 1991 1198 2019 quoquam
1213 1984 1407 2021 mutuari,qui
1422 1986 1516 2022 possit
1531 1987 1560 2015 id
1569 1989 1647 2024 quod
1663 1989 1775 2027 indiget
1784 1992 1840 2020 sibi

1017 2027 1243 2056 subministrare
1256 2028 1270 2056 '1

1052 2072 1096 2099 39.
1109 2072 1156 2099 Ar.
1173 2072 1202 2099 Si
1219 2072 1345 2108 Spiritus
1354 2075 1540 2111 sempiterna
1551 2077 1664 2106 veritati
1680 2082 1757 2109 esset
1770 2088 1839 2109 con-

1017 2115 1231 2150 substantialis,
1246 2120 1323 2146 certe
1339 2118 1448 2155 ubique
1462 2122 1628 2150 secundum
1642 2125 1839 2154 substantiam

1017 2161 1143 2195 adesset,
1159 2169 1212 2188 nec
1228 2161 1337 2190 missus
1350 2171 1366 2191 ο
1380 2162 1444 2192 loco
1460 2164 1489 2193 in
1511 2165 1602 2195 alium
1622 2167 1719 2197 locum
1735 2170 1837 2199 abiret.

1019 2205 1084 2234 ΑιΙι.
1098 2205 1196 2233 Sancti
1211 2207 1307 2243 angeli
1323 2207 1470 2237 habentne
1485 2210 1639 2247 Spiritum,
1656 2222 1753 2243 annon
1764 2215 1778 2243 ?
1792 2217 1839 2244 Ar.

1017 2250 1099 2279 Certe
1109 2249 1227 2278 habent.
1242 2251 1466 2289 Ath.Semperne
1480 2262 1548 2283 cum
1563 2256 1622 2285 illis
1638 2260 1693 2292 est,
1709 2259 1753 2287 vel
1768 2268 1839 2288 num

135 2293 219 2321 πάνυ.
248 2293 304 2321 Ἀθ.
336 2293 403 2320 εἶπε·
434 2293 584 2324 Διαπαντὸς
608 2293 686 2321 συνὸν
713 2292 805 2325 αὐτοῖς
819 2293 959 2331 τυγχάνει,

1021 2295 1052 2324 ιὰ
1065 2298 1181 2331 tempus
1192 2302 1258 2322 cum
1275 2296 1385 2325 sanctis
1396 2298 1554 2329 virtutibus
1566 2304 1628 2329 erat
1637 2302 1763 2338 Spiritus
1773 2313 1839 2333 sen-

133 2337 151 2370 ἣ
165 2337 235 2374 πρὸς
248 2338 340 2375 καιρὸν
357 2338 439 2372 συνῆν
455 2337 501 2365 καὶ
515 2337 546 2365 τὸ
563 2338 637 2375 ἅγιον
654 2339 766 2375 Πνεῦμα
792 2340 852 2369 ταῖς
873 2337 960 2375 ἁγίαις

136 2379 298 2417 δυνάμεσινς
313 2383 363 2420 ἄρα
377 2382 416 2416 πή
435 2382 482 2419 μὲν
495 2381 583 2417 λέξεις
606 2381 670 2413 τοὺς
700 2381 834 2421 ἀγγέλους
856 2382 960 2421 ἁγίους,

135 2426 175 2460 πῆ
193 2424 225 2452 δὲ
239 2425 290 2464 οὐχ
318 2426 427 2463 ἁγιους;
457 2428 495 2463 Τῇ
525 2426 572 2473 μὲν
596 2426 648 2465 γὰρ
662 2426 800 2473 παρουσία
821 2427 961 2473 τοῦ-ἁγίου

138 2470 298 2506 Ῑινεῦματος
340 2471 413 2508 ἅγιοι
452 2470 642 2508 τυγχάνουσιν,
673 2470 699 2498 ἰν
727 2472 759 2508 τῇ
788 2470 904 2507 ἀπουσίᾳ
931 2470 961 2499 δὲ

136 2513 224 2541 αὐτοῦ
250 2513 332 2550 δῆλόν
361 2515 417 2542 ἐστι
446 2514 485 2551 μὴ
510 2514 577 2542 εἶναι
605 2514 697 2553 ἁγίους
720 2514 816 2546 αὐτοὺς
839 2516 907 2543 κατὰ
928 2516 960 2544 τὸ

137 2557 279 2595 ιῖρημᾶνον
310 2559 379 2597 πρὸς
406 2561 456 2587 τοῦ
482 2561 558 2587 Θεοῦ·
589 2571 603 2586 ‹‹
632 2559 670 2589 Οὐ
701 2560 739 2597 μή
755 2561 903 2599 καταμείνῃ
929 2563 961 2590 τὸ

172 2643 198 2661 ⁷ο
214 2646 300 2682 {mea
316 2652 354 2678 ιν,
371 2630 414 2673 13ξ
444 2645 475 2682 7'”
492 2644 583 2682 Levjt.
599 2653 639 2680 XI,
655 2645 707 2680 Mi;
735 2646 834 2675 Ezech.
850 2656 897 2682 xx,
914 2648 957 2676 12.

137 2679 183 2707 19.
224 2679 248 2696 τι
261 2683 271 2707 I
284 2681 349 2709 Cor.
364 2689 404 2714 vr,
421 2681 464 2709 11.
502 2681 524 2699 ⁷⁶
538 2679 643 2709 Genes.
658 2689 699 2716 vr,
715 2682 741 2709 3.

161 2764 236 2809 ,(Ωὲ)
253 2767 291 2795 ιιι
304 2766 374 2803 Reg.
399 2766 486 2795 Basil.
503 2769 532 2796 et
554 2766 638 2804 Aegi.
662 2767 716 2796 Alii
740 2769 769 2796 et
793 2769 875 2805 editi,
899 2769 962 2808 περὶ

254 2834 293 2865 ita
313 2837 430 2874 Regius,
446 2837 625 2875 Anglicanus
639 2841 668 2867 et
687 2840 888 2877 Augustanus.
904 2840 962 2870 Alii

303 2900 432 2934 Ριτιιοι.
455 2902 510 2934 GI.
534 2903 672 2936 XXVIII.

1016 2339 1105 2368 ctus?
1118 2341 1160 2367 An
1177 2340 1257 2368 dices
1278 2341 1397 2378 angelos
1421 2342 1579 2380 aliquando
1600 2349 1728 2382 sanctos,
1743 2351 1770 2377 et
1785 2349 1839 2378 ali-

1016 2384 1130 2420 quando
1142 2392 1200 2412 non
1211 2387 1329 2413 sanctos
1343 2387 1356 2413 i'
1365 2386 1517 2422 Siquidem
1529 2390 1622 2418 sancti
1633 2392 1758 2427 Spiritus
1768 2402 1839 2430 pras-

1016 2429 1110 2457 sentia
1125 2428 1218 2456 sancti
1239 2428 1282 2456 illi
1297 2432 1368 2458 sunt
1385 2439 1391 2457 :
1408 2439 1441 2459 eo
1457 2436 1556 2461 autem
1580 2435 1712 2470 absente,
1726 2428 1837 2467 certum

1016 2476 1061 2501 est
1075 2475 1191 2501 sanctos
1215 2472 1281 2501 illos
1296 2482 1354 2502 non
1370 2482 1445 2507 esse,
1457 2476 1543 2511 juxta
1557 2477 1632 2507 hanc
1655 2481 1705 2508 Dei
1720 2485 1837 2511 senten-

1016 2519 1087 2546 tiam
1104 2525 1136 2545 τα
1152 2519 1215 2544 Non
1232 2519 1415 2553 permanebit
1428 2520 1554 2556 Spiritus
1567 2531 1649 2552 meus
1664 2533 1731 2554 cum
1747 2527 1840 2556 homi-

1017 2563 1104 2591 nibus
1118 2562 1315 2598 generationis
1328 2562 1500 2601 bujus,quia
1510 2565 1565 2602 ipsi
1577 2576 1678 2598 carnes
1689 2575 1760 2600 sunt
1774 2573 1806 2600 “¹⁶.
1824 2584 1838 2599 ›)

996 2649 1018 2667 ⁷²
1033 2648 1119 2677 Joan.
1134 2655 1204 2683 xvu,
1233 2647 1274 2675 17.
1314 2647 1337 2666 ⁷³
1350 2647 1435 2678 Joan.
1449 2659 1508 2687 xiv,
1522 2651 1550 2680 6.
1588 2653 1611 2671 ⁷⁸
1624 2654 1727 2685 Matth.
1743 2665 1841 2691 xxvm,

1016 2777 1167 2811 veyocum
1181 2767 1276 2802 editis,
1289 2768 1337 2811 ξιαῇ
1353 2770 1417 2798 Υἱοῦ
1432 2771 1560 2809 θεότητος
1578 2774 1760 2811 ὑποστάσεως.

1124 2806 1197 2851 [ἔας.
1214 2803 1426 2851 προσδεόμενον.

1063 2842 1109 2878 95)
1125 2841 1195 2878 Reg.
1210 2841 1317 2868 πάντων
1333 2841 1375 2872 ἅν.

1642 2912 1680 2943 ιθ
