2043 3111
0 1547 13 1827 ί

4 1830 15 1897 ί

9 1899 16 1928 ρ

203 143 260 173 491
783 141 816 171 S.
839 139 1103 171 ATHANASIUS.
1117 157 1155 162 —
1171 140 1327 171 SPURIA.

204 210 251 238 Ait
266 216 380 245 quoque
396 207 503 236 Paulus
527 207 679 243 apostolus
695 214 702 234 :
720 217 734 232 «
750 206 780 235 Si
796 207 862 243 quis
884 206 1026 243 Spiritum

1085 207 1191 242 Πνεῦμα
1207 215 1259 242 μου
1277 205 1345 241 μετὰ
1358 207 1412 232 τῶν
1427 204 1579 243 ἀνθρώπων
1595 209 1645 240 τῆς
1673 209 1764 243 γενεᾶς
1791 205 1904 241 ταύτης,

205 254 312 283 Christi
328 261 385 280 non
410 252 508 287 habet,
524 251 572 279 hic
596 259 653 279 non
669 253 714 279 est
728 252 792 287 ejus
807 252 839 279 ⁷⁷.
855 263 869 276 ››
887 252 916 279 Si
938 251 1029 287 igitur

204 297 348 326 malarum
373 296 523 323 actionum
546 304 635 323 causa
660 296 721 323 haec
745 298 800 330 est,
817 296 895 332 quod
917 295 1029 323 scilicet

204 341 327 377 Spiritus
352 349 407 368 non
438 341 477 368 sit
500 348 568 368 cum
593 341 806 376 peccantibus:
832 348 867 368 ex
889 348 921 367 eo
949 339 1026 375 quod

204 385 330 422 Spiritus
355 387 476 414 sanctus
491 385 520 412 in
536 385 685 420 aliquibus
710 392 761 412 nec
776 384 814 412 sit
829 392 881 412 nec
905 384 1028 417 habitet,

204 429 312 458 Christi
324 438 383 458 non
393 438 458 458 esse
468 429 642 458 ostenditur.
658 429 838 464 Quapropter
853 428 949 465 angeli
962 436 1027 464 pec-

205 475 261 503 cati
275 477 363 503 erunt
378 474 517 508 ministri,
534 473 591 502 nisi
605 481 722 509 semper
735 473 876 509 Spiritum
892 475 1029 501 sanctum

204 520 374 549 habuerint.
391 519 541 553 Quomodo
565 526 634 554 ergo
661 518 711 545 Dei
735 517 859 554 gloriam
884 519 948 545 sine
972 517 1029 545 fine

206 565 450 601 oontemplantur,
465 563 522 591 nisi
533 571 651 598 semper
660 562 720 590 sint
737 562 842 595 sancti,
858 564 888 590 et
902 562 1029 598 Spiritus

206 610 300 638 sancti
312 608 645 645 participes?Ar.Sanctaa
658 607 782 635 virtutes
792 607 934 642 Spiritum
949 615 1029 635 sem-

206 663 258 690 per
269 654 387 681 habent.
399 653 460 680 Ath.
476 653 510 680 Et
520 653 612 680 sancti
625 652 734 686 Patres,
744 651 823 687 quia
834 652 945 679 mundo
960 660 1028 680 con-

206 699 266 726 dito
282 698 454 734 placuerunt
468 699 534 730 Deo,
548 705 618 725 num
634 704 734 725 secum
752 696 878 724 habuere
893 699 1029 724 sanctum

204 742 348 778 Spiritum
363 744 391 769 et
405 742 569 769 etiamnum
584 741 705 775 habent,
721 749 818 768 annon
831 741 845 768 Ῡ
859 741 906 768 Ar.
922 741 1030 769 Omnes

206 787 300 815 sancti
311 788 340 814 et
354 786 482 814 habuere
497 788 525 813 et
538 785 648 813 habent
658 785 800 821 Spiritum
813 788 948 813 sanctum
961 786 1029 813 abs-

206 840 262 867 que
277 830 337 859 ulla
352 830 545 867 separatione.
561 830 622 857 Ath.
639 830 781 857 Aderstne
796 838 863 857 cum
889 830 1030 866 apostolis

205 876 331 912 Spiritus
346 878 476 909 sanctus,
491 882 558 902 cum
574 877 672 902 essent
687 874 717 902 in
733 882 830 909 carne,
847 883 943 902 annon
955 875 968 901 ?
982 875 1028 902 Ar.
1047 894 1070 925 Β

205 921 292 949 Nefas
307 922 353 948 est
367 920 462 948 dicere
486 918 630 955 Spiritum
646 921 781 946 sanctum
806 927 873 946 cum
889 918 1031 955 apostolis

208 974 264 992 non
283 965 383 992 fuisse.
400 964 465 992 ΑιΙι.
481 963 613 991 Simulne
639 971 741 990 omnes
765 963 885 998 profecti
910 965 980 991 sunt
995 963 1031 990 ad

209 1009 428 1046 praedicandum
453 1016 576 1044 regnum
601 1007 753 1043 caelorum,
769 1016 805 1035 an
822 1008 851 1035 in
877 1008 1030 1036 duodecim

209 1054 311 1082 mundi
321 1056 417 1087 partes
428 1053 553 1089 dispersi
564 1054 634 1080 sunt
645 1053 656 1079 Ρ
666 1053 713 1080 Ar.
730 1055 753 1079 A
767 1060 798 1080 se
808 1052 933 1080 invicem
946 1060 1032 1080 carne

208 1099 334 1135 separati
350 1100 430 1132 sunt,
442 1100 475 1125 ut
489 1105 591 1125 omnes
607 1100 708 1133 gentes
724 1097 810 1125 fidem
822 1097 929 1124 Christi
946 1097 1030 1125 doce-

206 1147 279 1172 rent.
296 1144 356 1171 Ath.
373 1145 473 1178 Itaque
488 1142 513 1170 si
536 1150 603 1170 cum
619 1141 732 1177 angelis
754 1144 798 1169 est
822 1141 949 1178 Spiritus
965 1150 1032 1169 san-

207 1192 282 1221 ctus,
299 1188 322 1216 si
348 1188 417 1215 item
433 1189 477 1215 est
500 1195 567 1214 cum
583 1186 693 1214 sanctis
719 1186 838 1214 Patrum
864 1186 1032 1218 animabus,

206 1241 267 1267 qua:
281 1233 339 1260 Deo
358 1232 551 1268 placuerunt:
567 1231 591 1259 si
611 1231 681 1259 item
695 1231 796 1258 aderat
815 1230 954 1266 apostolis
970 1240 987 1258 u
1002 1239 1032 1259 se

207 1277 331 1305 invicem
342 1277 438 1313 longis
449 1275 610 1304 intervallis
622 1275 783 1307 dissitis,ad
795 1275 1032 1303 annuntiandum

208 1330 331 1357 regnum
343 1321 482 1349 cmlorum
496 1328 502 1348 :
515 1320 605 1356 igitur
615 1320 714 1348 omnia
724 1319 835 1356 implet,
846 1328 1033 1356 praesensque

207 1370 252 1394 est
263 1367 371 1403 ubique
382 1366 544 1394 secundum
556 1364 1032 1399 substantiam,sicutDeusPaier,

205 1412 247 1439 ita
261 1411 432 1448 unigenitus
447 1411 511 1446 ejus
528 1409 630 1437 Filius.

1083 250 1172 278 διὰτὸ
1200 250 1265 278 εἶναι
1290 250 1388 281 αὐτοὺς
1415 251 1525 287 σάρκας.
1554 263 1568 276 ››
1598 251 1649 279 Καὶ
1675 251 1781 282 Παῦλος
1803 252 1817 278 ὁ
1839 251 1904 279 ἀπό-

1083 294 1179 326 στολός
1207 304 1278 329 ησιν·
1303 308 1315 320 (ι
1335 295 1365 323 Εἰ
1384 294 1412 322 δέ
1426 305 1467 326 τις
1484 297 1594 332 Πνεῦμα
1619 296 1737 332 Χριστοῦ
1760 295 1810 323 οὐκ
1838 296 1905 335 ἔχει,

1083 338 1161 370 οὗτος
1177 338 1227 366 οὐκ
1251 337 1322 366 ἔστιν
1345 338 1438 368 αὐτοῦ.
1467 351 1481 365 n
1508 339 1539 366 Ei
1565 338 1610 366 οὖν
1633 340 1650 375 ἡ
1664 341 1718 367 τῶν
1735 342 1824 367 κακῶν
1838 341 1905 377 πρά-

1083 383 1147 418 ξεων
1175 382 1248 411 αἰτία
1276 383 1379 421 γίνεται
1408 384 1446 420 μὴ
1488 386 1605 411 συνεῖναι
1639 384 1671 412 τὸ
1709 386 1820 421 Πνεῦμα
1848 387 1905 415 τοῖς

1083 427 1292 465 ἁμαρτάνουσιν,
1316 427 1345 456 ἐκ
1367 430 1416 455 τοῦ
1443 428 1481 464 μὴ
1507 429 1574 456 εἶναι
1597 429 1641 456 καὶ
1665 428 1776 456 ἐνοικεῖν
1803 428 1828 456 ἕν
1852 440 1907 456 τισι

1081 472 1113 500 τὸ
1144 474 1222 510 ἅγιον
1247 475 1363 509 Πνεῦμα,
1388 471 1523 501 δείκνυται
1548 474 1585 510 μή
1603 473 1669 500 εἶναι
1685 474 1813 511 Χριστοῦ,
1838 474 1907 511 ’Ἄρα

1084 517 1129 545 οῦν
1158 519 1232 555 ἅγιοι
1343 517 1456 556 ἄγγελοι
1487 518 1617 556 ἁμαρτίας
1646 517 1777 554 διάκονοι,
1814 519 1836 546 εἰ
1868 520 1906 555 μή

1084 561 1229 593 διαπαντὸς
1263 561 1356 600 ἔχουσι
1387 562 1420 590 τὸ
1449 565 1557 599 Πνεῦμα
1583 563 1614 590 τὸ
1653 563 1740 600 ἅγιον.
1772 565 1833 594 Πῶς
1862 564 1907 591 οὖν

1085 606 1265 638 ἀδιαλείπτως
1295 607 1461 646 προσέχουσι
1485 608 1519 645 τῇ
1552 606 1615 645 δόξῃ
1643 611 1691 636 τοῦ
1721 611 1799 643 Θεοῦ,
1829 609 1851 635 εί
1869 609 1906 645 μή

1085 653 1158 690 ἅγιοι
1173 652 1217 680 καὶ
1232 652 1358 679 κοινωνοὶ
1376 652 1533 689 Πκεύματος
1557 653 1635 690 ἁγίου
1662 653 1714 680 εἷεν
1743 651 1908 687 διαπαντός;

1084 699 1146 734 "Ap.
1170 697 1236 725 εἶπε·
1262 697 1412 727 Διαπαντὸς
1436 695 1545 735 ἔχουσιν
1571 698 1598 724 αἱ
1623 697 1697 735 ἅγιαι
1721 696 1848 734 δυνάμεις
1878 699 1909 725 τὸ

1085 743 1204 778 Πνεῦμα.
1222 742 1278 769 Ἀθ.
1295 742 1378 769 εἶπεν·
1395 742 1428 770 Οἱ
1444 742 1514 779 ἅγιοι
1542 740 1658 778 [Ιατὲρες
1683 742 1709 769 οἱ
1737 741 1782 769 ἀπ’
1810 741 1910 773 αἰῶνος

1085 786 1308 825 εὖαρεστήσαντες
1323 788 1363 822 τῷ
1379 788 1436 821 Θεῷ
1450 786 1528 813 συνὸν
1545 785 1626 824 ἔσχον
1641 786 1671 813 τὸ
1687 786 1761 824 ἅγιον
1785 788 1909 823 Πνεῦμα,

1084 831 1128 858 καὶ
1156 833 1202 858 νῦν
1230 828 1340 868 ἔχουσιν
1370 830 1451 865 αὐτό,
1481 831 1523 858 ναὶ
1551 831 1568 865 ἦ
1586 829 1636 864 cii;
1676 832 1739 869 Ἀρ.
1765 833 1832 859 εἴπε-
1859 832 1910 859 Καὶ

1085 875 1166 913 ἔσχον
1200 875 1244 902 καὶ
1271 874 1365 912 ἔχουσι
1393 875 1489 906 πάντες
1513 876 1537 902 οἱ
1552 876 1625 913 ἅγιοι
1651 875 1682 902 τὸ
1698 876 1772 913 ἅγιον
1800 876 1911 912 Πνεῦμα

1085 920 1259 958 ἇχωρίστως.
1299 920 1357 951 Ἀθ.
1387 920 1454 947 εἷπε·
1483 922 1545 951 Τοῖς
1576 919 1740 951 ἀποστόλοις
1769 924 1850 955 συνῆν
1880 921 1912 948 τὸ

1087 966 1161 1003 ἅγιον
1188 966 1296 1000 Πνεῦμα
1319 964 1345 991 ἰν
1370 965 1448 1002 σαρκί
1472 965 1553 1000 οὗσι;
1573 964 1617 992 ναὶ
1632 964 1649 999 ἢ
1668 965 1715 999 oti;
1745 966 1807 1003 Ἀρ.
1824 966 1911 993 εἶπεν·

1087 1008 1228 1045 ’Δθέμιτόν
1258 1008 1314 1035 ἐστι
1343 1009 1422 1047 φάναι
1450 1009 1488 1045 μὴ
1513 1011 1629 1036 συνεῖναι
1650 1009 1682 1036 τὸ
1706 1010 1783 1047 ἅγιον
1798 1012 1914 1046 Πνεῦμα

1084 1056 1143 1085 τοῖς
1160 1052 1333 1084 ἀποστόλοις,
1350 1054 1407 1082 Ἀθ.
1424 1055 1506 1081 εἶπεν
1532 1055 1607 1090 ’Ἅμα
1630 1053 1726 1085 πάντες
1750 1054 1913 1092 ἐπορεύοντο

1085 1097 1264 1135 κηρύττοντες
1292 1098 1341 1131 τὴν
1374 1097 1512 1134 βασιλείαν
1542 1100 1596 1125 τῶν
1619 1099 1749 1137 οὐρανῶν,
1765 1099 1782 1133 ἢ
1800 1098 1912 1127 διεσπά-

1087 1153 1172 1180 ρησαν
1188 1141 1226 1173 είς
1240 1142 1273 1169 τὰ
1302 1140 1408 1169 δώδεκα
1438 1141 1505 1179 μέρη
1534 1144 1582 1169 τοῦ
1610 1142 1715 1179 κόσμου
1745 1144 1820 1179 (97);
1847 1145 1914 1182 Ἄρ,

1087 1187 1171 1214 εἶπεν·
1202 1186 1410 1224 Ἑχωρίσθησαν
1435 1186 1481 1213 ἀπ’
1505 1185 1637 1222 ἀλλήΛων
1669 1188 1757 1225 σαρκὶ,
1784 1188 1851 1226 πρὸς
1881 1187 1915 1216 τὰ

1089 1232 1253 1267 μαθητεῦσαι
1269 1230 1355 1257 πάντα
1369 1230 1403 1257 τὰ
1417 1229 1479 1265 ἔθνη
1497 1231 1535 1261 είς
1556 1232 1606 1265 τὴν
1632 1230 1657 1258 ἐν
1682 1231 1790 1268 Χριστῷ
1811 1232 1913 1261 πίστιν.

1087 1276 1144 1307 Ἀο.
1175 1276 1258 1302 εἶπεν
1285 1274 1315 1302 Ei‘
1340 1274 1386 1302 οῦν
1410 1274 1541 1312 ἀγγέλοις
1566 1275 1670 1303 σύνεστι
1686 1276 1716 1303 τὸ
1733 1277 1807 1314 ἅγιον
1822 1278 1913 1305 Πνεῦ-

1089 1330 1136 1356 μα,
1151 1320 1196 1347 καὶ
1211 1322 1269 1350 ταῖς
1283 1318 1373 1357 ἁγίαις
1388 1320 1491 1357 ψυχαῖς
1501 1322 1554 1346 τῶν
1586 1320 1712 1358 Πατὲρων
1736 1323 1790 1348 τῶν
1820 1321 1915 1359 εὐαρε-

1088 1364 1243 1398 στησάντων
1258 1366 1297 1399 τῷ
1312 1366 1370 1399 Θεῷ
1384 1364 1460 1390 συνὸν
1485 1364 1613 1401 τυγχάνει
1628 1364 1659 1391 τὸ
1686 1366 1762 1402 ἅγιον
1789 1367 1913 1402 Πνεῦμα,

1086 1408 1199 1435 καὶτῶν
1225 1408 1384 1435 ἀποστόλων
1413 1407 1575 1435 διαστάντων
1607 1412 1722 1447 μακραῖς
1745 1408 1916 1438 διαστάσεσιν

205 1455 251 1483 ἀπ’
283 1454 429 1490 ἀλλήλων,
458 1454 525 1492 πρὸς
556 1453 589 1481 τὸ
612 1453 726 1491 κηρύξαι
755 1454 804 1487 τήν
835 1452 975 1490 βασιλθίαν
1004 1455 1057 1480 τῶν
1083 1451 1213 1490 οὐρανῶν.
1239 1456 1327 1490 παρῆν
1357 1452 1449 1483 αὐτοῖς
1475 1454 1507 1480 τὸ
1538 1454 1614 1490 ἅγιον
1645 1454 1766 1490 Πνεῦμα·
1798 1455 1848 1492 ἄρα
1875 1457 1913 1483 τὰ

207 1499 351 1536 σύμπαντα
387 1498 494 1534 πληροῖ
528 1496 668 1535 πανταχοῦ
703 1498 789 1535 παρὸν
821 1498 878 1524 κατ’
907 1496 1013 1533 οὐσίαν,
1042 1496 1132 1535 ὣσπερ
1162 1498 1175 1524 ὁ
1205 1497 1270 1528 Θεὸς
1300 1498 1314 1524 ὁ
1344 1497 1450 1534 Πατήρ,
1473 1497 1518 1525 καὶ
1547 1498 1560 1525 ὁ
1589 1499 1741 1535 μονογενὴς
1769 1499 1829 1530 Υἱὸς
1860 1500 1912 1527 αὖ-

205 1546 264 1580 τοῦ,

243 1591 287 1618 40.
303 1589 350 1617 Ar.
366 1588 440 1617 dixit
458 1596 464 1616 :
481 1589 560 1621 Esto,
576 1588 685 1624 ubique
711 1588 874 1616 secundum
889 1587 1031 1615 substan-
1046 1588 1068 1620 Ο

207 1635 280 1663 tiam
296 1641 425 1670 praesens
451 1633 491 1661 sit
506 1632 635 1669 Spiritus
661 1635 800 1665 sanctus;
815 1640 867 1659 cur
881 1639 950 1667 ergo
966 1639 1032 1667 pro-

209 1679 298 1715 pheta
312 1686 347 1706 οι
361 1685 485 1713 persona
500 1676 551 1704 Dei
565 1676 605 1704 ait
621 1685 653 1703 τί(
670 1676 728 1712 Ego
742 1676 885 1703 Dominus
901 1675 977 1703 Deus
988 1684 1033 1703 ve-

209 1726 278 1758 ster,
296 1723 417 1750 ﬁrmans
439 1721 558 1756 tonitru,
575 1722 604 1748 et
618 1728 720 1748 creans
743 1720 878 1756 spiritum
894 1720 926 1753 ⁷⁸,
944 1730 958 1744 ››
976 1720 1030 1747 nisi

210 1769 248 1796 sit
262 1769 358 1796 creata
372 1766 467 1794 virtus
479 1765 492 1792 ?
510 1765 575 1792 ΛιΙι.
591 1765 751 1799 Semperne
776 1767 891 1792 creatur
905 1764 1032 1801 Spiritus

210 1815 331 1841 sanctus
350 1810 517 1838 secundum
531 1811 568 1842 te,
583 1817 620 1837 an
644 1808 735 1837 semel
749 1809 892 1836 duntaxat
915 1811 1032 1837 creatus

211 1857 278 1885 est?
294 1857 340 1885 Αν.
358 1855 422 1884 Noli
437 1854 510 1882 mihi
527 1853 704 1890 quaestiones
720 1861 890 1890 proponere,
907 1862 970 1889 qua
987 1861 1031 1881 re-

210 1905 261 1930 size
277 1900 384 1929 mentis
397 1899 498 1927 alienae
507 1898 638 1935 sint.Ego
654 1900 721 1926 ante
732 1898 830 1926 omnia
841 1898 948 1926 saeculo
956 1905 1033 1925 crea-

209 1949 272 1974 tum
302 1946 368 1973 dico
397 1944 488 1973 fuisse
516 1943 667 1979 Spiritum.
690 1943 750 1970 Ath.
776 1942 920 1978 Propheta
948 1942 1030 1977 dixit,

209 2003 221 2015 ιι
240 1998 370 2025 creans,»
388 1998 452 2026 quae
467 1997 521 2016 vox
538 1988 684 2024 prophetis
700 1987 791 2015 Deum
807 1995 922 2024 semper
933 1995 1032 2015 crean-

209 2040 266 2064 tem
282 2034 499 2070 indicathitur
514 2041 572 2061 non
590 2033 625 2060 de
640 2034 742 2061 sancto
758 2032 885 2068 Spiritus
900 2031 976 2059 hanc
985 2040 1032 2060 vo-

208 2088 282 2113 cem,
301 2091 311 2104 α
330 2087 444 2112 creans,
463 2089 476 2103 ι)
493 2076 640 2113 intelligit,
658 2077 707 2104 sed
724 2077 759 2104 de
778 2079 931 2104 ventorum
947 2075 1029 2111 ﬂatu,

207 2126 241 2152 ad
259 2122 446 2152 recreandum
465 2121 630 2149 universam
646 2129 745 2148 rerum
767 2124 928 2149 creatarum
944 2123 1030 2148 natu-

207 2177 281 2197 ram.
297 2168 328 2196 Id
345 2169 443 2195 autem
468 2165 521 2193 tibi
546 2164 815 2201 exploratissimum
840 2165 904 2199 erit,
921 2164 946 2192 si
963 2172 1030 2201 pro-

207 2214 294 2250 pheta
319 2213 448 2247 accepto,
465 2218 529 2246 quas
552 2211 718 2245 sequuntur
742 2209 832 2245 legas.
848 2209 920 2237 Nam
945 2209 982 2245 si,
998 2211 1031 2237 ut

207 2256 461 2291 conoessisti,ante
470 2254 569 2282 omnia
584 2253 691 2282 saecula
706 2253 833 2290 Spiritus
848 2256 962 2282 creatus
973 2256 1027 2288 est,
1044 2275 1066 2307 Β

206 2304 224 2329 1
235 2302 283 2330 78
299 2301 422 2329 dixisset
447 2298 585 2335 profecto,
603 2298 661 2334 Ego
679 2299 764 2330 Deus,
780 2298 830 2333 qui
851 2298 936 2325 ﬁrmo
951 2298 1028 2326 toni-

205 2350 250 2374 tru
266 2348 295 2374 et
309 2344 403 2373 creavi
419 2343 572 2379 Spiritum.
589 2343 696 2370 Verum
712 2350 769 2370 non
786 2342 827 2370 ita
840 2342 954 2371 locutus
970 2345 1025 2370 est.

204 2393 249 2419 Ar.
267 2389 346 2418 Belle
358 2389 387 2416 id
399 2391 451 2417 ate
461 2388 647 2416 observatum
659 2389 714 2415 est.
731 2387 838 2415 Verum
850 2387 895 2415 his
906 2387 1002 2415 verbis
1018 2396 1025 2415 :

203 2448 216 2460 ‹‹
233 2434 338 2464 Omnia
353 2442 403 2469 per
418 2433 515 2469 ipsum
533 2432 609 2459 facta
625 2433 695 2459 sunt
709 2432 741 2466 7°,
760 2443 773 2456 ››
792 2432 890 2459 omnia
906 2439 1027 2466 prorsus

203 2476 597 2516 comprehenduntur,veluti
612 2476 721 2512 Spiritu
737 2485 803 2504 cum
816 2477 954 2504 omnibus
965 2476 1025 2504 col-

201 2525 304 2558 locato,
321 2522 436 2551 etiamsi
452 2521 581 2549 maxima
599 2521 685 2549 fuerit
699 2522 791 2549 virtus
807 2522 841 2549 ad
854 2521 1024 2549 creandum.

200 2569 346 2598 Alh.Num
361 2567 451 2604 igitur
463 2568 552 2602 putas
567 2567 770 2594 universorum
787 2566 956 2600 Dominum,
972 2568 1025 2593 Pa-

234 2647 255 2664 ττ
271 2646 355 2674 Rom.
370 2651 431 2678 vm,
447 2643 473 2670 9.
512 2643 534 2660 ⁷⁸
549 2645 639 2671 Amos
656 2651 693 2679 xv,
712 2644 753 2671 13.
793 2644 815 2662 ⁷⁸
827 2644 911 2672 Joan.
928 2652 948 2679 ι,
965 2643 992 2671 3.

235 2731 398 2769 (9§)_"Ayio§
414 2728 541 2769 desstin
558 2729 629 2769 aug.
652 2729 742 2757 Paulo
767 2732 843 2765 post,
868 2732 943 2766 Aug.
961 2731 1022 2760 Πῶς

200 2762 245 2795 οῦν
260 2762 305 2794 δίὰ
319 2762 419 2796 παντὸς
433 2764 478 2791 καὶ
493 2762 687 2796 ἀδιαλείπτως.

234 2805 287 2841 (97)
304 2806 375 2840 Aug.
390 2801 440 2836 τῆς
456 2799 631 2838 οἱκουμὲνης,

1124 1588 1167 1615 40.
1197 1590 1260 1625 "Ap.
1299 1587 1367 1613 εἶπε·
1406 1585 1529 1614 Δεδόσθω
1563 1587 1621 1614 κατ’
1651 1586 1742 1615 οὐσίαν
1771 1591 1915 1627 πανταχοῦ

1086 1634 1209 1669 παρεῖναι
1239 1631 1271 1658 τὸ
1301 1631 1377 1668 ἅγιον
1403 1632 1523 1667 Πνεῦμα·
1548 1630 1591 1659 διὰ
1615 1632 1641 1659 τί
1664 1632 1710 1659 οῦν
1735 1633 1749 1660 ὁ
1764 1634 1915 1672 προφήτης

1086 1675 1116 1704 ἐκ
1130 1677 1278 1713 προσώπου
1293 1679 1341 1704 τοῦ
1357 1678 1424 1704 Θεοῦ
1439 1675 1536 1712 ἔλεξεν·
1554 1689 1568 1703 ‹‹
1583 1678 1654 1715 Ἐγὼ
1679 1677 1776 1715 Κύριος
1801 1679 1814 1706 ὁ
1844 1680 1913 1711 Θεὸς

1087 1721 1174 1757 ὑμῶν,
1203 1723 1315 1759 στερεῶν
1348 1720 1463 1759 βροντὴν
1490 1722 1534 1748 καὶ
1553 1722 1650 1757 κτίζων
1666 1725 1781 1759 πνεῦμα,
1800 1736 1813 1748 n
1830 1723 1852 1751 si
1871 1724 1912 1760 μὴ

1086 1766 1119 1800 ἦν
1135 1766 1229 1800 κτιστή
1260 1763 1375 1801 δύναμις
1395 1774 1402 1799 ;
1432 1766 1489 1796 Ἀθ.
1513 1765 1595 1792 εἶπεν
1622 1766 1676 1794 Ἀεὶ
1699 1766 1731 1793 τὸ
1753 1767 1863 1804 Πνεῦμα
1878 1769 1912 1796 τὸ

1087 1810 1163 1847 ἅγιον
1201 1809 1330 1843 κτίζεται,
1367 1809 1384 1843 ἢ
1421 1808 1489 1844 ἅπαξ
1528 1809 1634 1844 ἐκτίσθη
1672 1811 1741 1838 κατὰ
1769 1810 1814 1845 at;
1846 1812 1911 1850 Ἀρ.

1087 1855 1154 1881 εἷπε·
1185 1854 1230 1888 Μὴ
1259 1853 1331 1891 παρὰ
1359 1854 1404 1880 τὸν
1432 1853 1509 1890 ὀρθὸν
1539 1856 1601 1881 νοῦν
1635 1854 1741 1886 πεύσεις
1776 1855 1910 1894 πρόσαγε.

1086 1899 1145 1936 Πρὸ
1161 1899 1266 1925 πάντων
1282 1898 1335 1925 τῶν
1360 1897 1465 1925 αἰώνων
1491 1898 1562 1936 φημὶ
1587 1898 1704 1931 ἐκτίσθαι
1728 1900 1760 1927 τὸ
1785 1903 1911 1936 Πνεῦμα.

1086 1943 1144 1974 Ἀθ.
1160 1944 1243 1969 εἶπεν·
1274 1943 1301 1969 Ὁ
1322 1943 1466 1980 προφήτης
1491 1945 1560 1978 εἶπε,
1591 1955 1606 1969 (ι
1629 1943 1739 1979 κτίζων,
1754 1955 1767 1970 ιι
1796 1944 1833 1975 ὡς
1849 1943 1912 1972 δια-

1085 1988 1184 2018 παντὸς
1207 1986 1346 2021 κτίζοντος
1370 1989 1420 2014 τοῦ
1443 1989 1510 2014 Θεοῦ
1537 1988 1555 2021 ἡ
1580 1989 1628 2014 τοῦ
1651 1989 1793 2027 προφήτου
1822 1987 1913 2024 δηλοῖ

1085 2032 1173 2069 φωνή.
1191 2033 1262 2067 ’Ἄρα
1276 2029 1321 2057 οὖν
1338 2030 1369 2057 οὐ
1385 2031 1446 2067 περὶ
1460 2033 1509 2058 τοῦ
1525 2030 1604 2068 ἁγίου
1630 2031 1785 2069 ΙΙνεύματος
1812 2033 1913 2071 φάσκει

1083 2076 1114 2102 τὸ
1130 2087 1143 2101 ι(
1160 2074 1271 2109 κτίζων,
1303 2086 1315 2100 n
1346 2074 1417 2102 ἀλλὰ
1439 2075 1502 2112 περὶ
1526 2079 1614 2110 πνοῆς
1641 2075 1747 2112 ἀνέμων
1764 2077 1832 2114 πρὸς
1847 2077 1913 2105 ἀνά-

1083 2130 1177 2155 κτησιν
1208 2120 1312 2154 ἁπάσης
1339 2120 1394 2155 (98)
1418 2122 1468 2153 τῆς
1492 2119 1615 2151 κτίσεως.
1641 2123 1735 2148 Ἔσται
1760 2119 1788 2148 δὲ
1804 2131 1846 2149 σοι
1863 2132 1912 2149 σα-

1084 2165 1200 2204 φεστάτη
1223 2166 1240 2199 ἡ
1265 2164 1326 2202 περί
1348 2164 1446 2192 τούτου
1459 2163 1568 2202 γνῶσις,
1586 2165 1640 2200 ἐὰν,
1658 2164 1750 2194 λαϐὼν
1765 2167 1809 2194 τὸν
1839 2177 1911 2205 προ-

1084 2210 1183 2247 φήτην,
1214 2207 1326 2246 ἐντύχῃς
1353 2207 1382 2235 ἐκ
1408 2210 1462 2236 τῶν
1485 2209 1635 2245 ἑπομένων.
1665 2210 1695 2238 Εἰ
1725 2210 1788 2248 γὰρ,
1817 2211 1910 2242 καθὼς

1083 2252 1195 2288 ἔδωκας,
1225 2253 1277 2290 πρὸ
1305 2253 1412 2280 πάντων
1435 2255 1489 2280 τῶν
1519 2253 1625 2281 αἰώνων
1655 2253 1772 2282 ἔκτισται
1792 2256 1847 2292 (99)
1878 2256 1911 2283 τὸ

1083 2299 1205 2333 Πνεῦμα,
1234 2298 1336 2336 εἰρήκει
1361 2298 1403 2334 ἂν,
1434 2298 1502 2336 Ἐγὼ
1530 2299 1544 2325 ὁ
1573 2303 1637 2330 Θεος
1658 2302 1772 2337 στερεῶν
1789 2300 1910 2338 βροντὴν

1080 2343 1125 2370 καὶ
1155 2343 1246 2374 κτίσας
1278 2343 1395 2378 Πνεῦμα.
1427 2345 1479 2370 Νῦν
1503 2341 1531 2370 δὲ
1559 2344 1612 2381 ούχ
1641 2344 1727 2371 οὕτων
1753 2342 1815 2383 ἔφη.
1842 2346 1909 2382 "Ap.

1081 2390 1149 2415 εἶπε·
1178 2386 1450 2425 Παρατέτηρημὲνως
1485 2386 1530 2415 οὖν
1555 2390 1635 2416 τοῦτο
1659 2388 1751 2420 καλῶς
1768 2389 1844 2428 ἔφης.
1870 2390 1910 2417 Τὸ

1081 2431 1119 2459 δέ’
1136 2444 1150 2458 ‹‹
1179 2432 1268 2460 Πάντα
1292 2430 1326 2459 δι’
1349 2431 1431 2459 αὐτοῦ
1447 2432 1564 2469 ἐγένετο,
1581 2444 1596 2458 ››
1612 2433 1715 2460 ἅπαντα
1730 2434 1908 2472 περιγράφει·

1080 2476 1117 2507 ὡς
1142 2476 1186 2503 καὶ
1211 2479 1260 2504 τοῦ
1291 2475 1451 2513 ΙΙνεύματος
1481 2476 1526 2503 σὺν
1557 2480 1622 2504 πᾶσι
1649 2478 1786 2515 ταγέντος⁴
1817 2477 1839 2504 εἰ
1860 2479 1911 2506 καὶ

1082 2520 1194 2559 μεγίστη
1231 2520 1346 2557 δύναμις
1386 2520 1483 2556 ὑπέστη
1519 2522 1586 2559 πρὸς
1626 2520 1815 2560 δημιουργίαν.
1845 2522 1909 2551 Ἀθ.

1080 2568 1163 2594 εἶπεν.
1179 2567 1209 2594 '0
1224 2568 1277 2593 τῶν
1297 2564 1369 2593 ὁλων
1395 2564 1543 2603 Δεσπότης,
1563 2567 1577 2593 ὁ
1606 2567 1702 2604 Πατὴρ
1727 2569 1775 2594 τοῦ
1801 2566 1910 2605 Κυρίου

1113 2729 1170 2765 (98)
1187 2730 1228 2766 Ita
1243 2730 1311 2765 Reg.
1329 2731 1358 2758 et
1372 2709 1456 2766 Aug.
1474 2731 1506 2759 Iu
1522 2732 1634 2760 casteria
1654 2734 1683 2760 et
1697 2734 1728 2760 in
1743 2732 1830 2760 editis
1844 2741 1907 2761 non

1078 2765 1410 2805 legitur’r’mdayc._lbid.
1427 2765 1493 2795 Bas.
1511 2769 1540 2795 et
1556 2767 1641 2805 Angl.
1658 2767 1803 2796 ἀνάκτισιν,

1184 2801 1255 2839 Reg.
1272 2800 1393 2838 ὶκτίσθη.

1847 140 1913 170 492
1921 158 1981 196 JK,
