4086 6222
378 343 499 403 495
1543 346 1608 405 S.
1659 337 2187 402 ATHANASIUS.
2217 369 2291 379 —
2322 336 2633 398 SPURIA.

3682 352 3801 414 496

380 478 698 534 admodum
731 478 804 533 de
836 476 981 534 Filio
1032 476 1239 547 fecisti,
1273 493 1389 551 quo
1436 478 1712 535 ostendas
1746 474 2030 547 Spiritum

2162 468 2233 524 τὸν
2267 470 2392 525 Θεὸν
2433 470 2532 525 ὑπὸ
2580 475 2798 542 κτιστῆς
2842 473 3051 548 φύσεως
3096 474 3602 553 καταλαμϐάνεσθαι
3639 483 3799 560 ἐρεῖς.

381 567 501 623 Deo
534 583 664 624 esse
695 567 1281 624 consubstantialem.

2162 559 2216 615 Et
2273 556 2329 614 δὲ
2372 562 2520 624 τοῦθ’
2571 560 2743 624 οὕτως
2803 562 2958 639 ἔχει,
3020 565 3198 621 οὐκέτι
3256 556 3803 641 ἀκατάληπτὸςνέστι

380 655 516 709 κατὰ
574 654 650 711 σέ.
682 656 751 709 Τὸ
807 655 908 732 γάρ
967 654 1103 731 πρὸς
1157 654 1272 718 ο’ίας
1332 652 1647 739 δήποτόὗν
1701 645 2206 724 καταλαμϐάνεσθαι
2267 649 2490 717 κτιστῆς
2552 650 2760 726 φύσεως
2820 653 2912 707 τὸν
2974 656 3124 727 Θεὸν,
3155 656 3216 711 οὐ
3277 655 3497 715 δύναται
3558 661 3807 739 λέγεσθαι

376 742 780 814 ἀκατάληπτος.
814 749 938 820 "Ap.
982 749 1117 800 εἷπε·
1163 744 1261 807 Δός
1316 737 1739 819 μοι-μαρτυρίαν
1785 742 1843 796 ἐκ
1896 745 2001 794 τῶν
2062 737 2225 814 ἁγίων
2288 744 2536 815 Γραφῶν,
2573 740 2649 802 ὡς
2707 740 2829 817 περὶ
2887 748 2985 798 τοῦ
3046 746 3173 800 Υἱοῦ
3222 749 3321 823 (8),
3357 748 3444 805 ὅτι
3505 737 3804 825 speet...”

380 832 634 909 τυγχάνει
667 835 728 890 τὸ
759 838 978 908 Πνεῦμα
1005 840 1102 890 τοῦ
1134 838 1289 892 Θεοῦ.

454 925 541 979 42.
572 925 692 981 Ath.
722 925 1018 998 Scriptum
1059 931 1149 982 est
1200 926 1256 980 in
1301 925 1427 997 lege
1457 925 1557 981 Dei
1587 940 1601 980 :
1626 946 1654 973 «
1688 924 1812 980 Non
1867 939 2033 978 assu-

382 1029 508 1069 mes
540 1031 755 1071 nomen
803 1015 1037 1071 Domini
1086 1015 1190 1072 Dei
1220 1015 1305 1070 tui
1338 1014 1396 1069 in
1441 1030 1657 1069 vanum
1691 1028 1705 1069 :
1741 1029 1847 1069 nec
1880 1011 2035 1067 enim

380 1102 622 1159 habebit
670 1104 965 1161 insontem
1011 1104 1296 1160 Dominus
1328 1120 1464 1160 eum
1498 1104 1598 1175 qui
1652 1101 2041 1173 assumpserit

383 1208 593 1247 nomen
628 1192 857 1249 Domini
894 1194 990 1249 Dei
1043 1195 1136 1249 sui
1187 1195 1406 1249 frustra
1425 1195 1489 1247 εδ.
1522 1214 1549 1243 ››
1572 1193 1861 1264 Scriptum
1895 1206 2039 1262 quo-

387 1297 501 1354 que
530 1283 601 1337 de
639 1283 857 1355 Spiritu
892 1283 1220 1355 reperimus
1250 1282 1569 1339 Salvatoris
1612 1281 2037 1338 testimonium.

387 1370 481 1426 Sic
511 1371 667 1426 enim
710 1372 782 1427 ad
826 1372 978 1428 filios
1032 1372 1335 1429 Beelzebul
1383 1371 1662 1443 loquitur,
1698 1370 1795 1442 qui
1847 1370 2040 1441 ipsum

391 1459 750 1516 contumelia
777 1459 1052 1517 volebant
1105 1461 1333 1518 afﬁcere
1368 1479 1417 1517 ;‹‹
1451 1460 1636 1517 Omne
1684 1475 1929 1531 regnum
1983 1458 2043 1513 in

393 1565 456 1605 se
484 1548 737 1605 divisum
787 1550 1107 1617 desolatur,
1140 1554 1197 1606 et
1226 1551 1416 1606 omnis
1468 1549 1670 1605 civitas
1701 1548 1789 1604 vel
1839 1549 2045 1604 domus

394 1638 548 1694 I79
597 1638 655 1693 in
709 1655 770 1695 se
817 1638 1023 1708 divisa,
1057 1639 1230 1695 cadit.
1267 1639 1335 1694 Et
1382 1638 1431 1694 si
1480 1644 1723 1694 Satanas
1771 1640 2044 1693 Satanam

393 1728 571 1798 ejicit,
596 1732 652 1783 et
683 1729 994 1785 adversum
1018 1746 1080 1785 se
1112 1729 1430 1785 insurrexit
1450 1733 1507 1784 et
1527 1728 1751 1784 divisus
1776 1733 1885 1797 est,
1911 1743 2049 1799 quo-

396 1818 569 1873 modo
594 1832 729 1890 ergo
752 1819 931 1874 stabit
953 1834 1200 1891 regnum
1223 1820 1391 1890 ejus?
1413 1822 1521 1873 Aut
1547 1818 1839 1889 quomodo
1863 1821 2050 1890 potest

395 1907 707 1978 quisquam
756 1923 896 1963 vasa
933 1908 1100 1963 fortis
1131 1908 1403 1980 diripere,
1429 1907 1541 1963 nisi
1592 1907 1756 1979 prius
1808 1906 2047 1962 domum

2221 919 2308 975 42.
2342 919 2457 982 Ἀθ.
2520 921 2654 974 εἶπεν
2714 922 3018 998 Γέγραπται
3075 925 3125 979 ἐν
3184 932 3264 999 τῷ
3313 928 3467 1003 νόμῳ
3517 936 3615 987 τοῦ
3649 940 3804 991 Θεοῦ.

2149 1030 2176 1058 ‹‹
2211 1006 2287 1064 O6
2319 1005 2470 1083 λήψῃ
2509 1010 2573 1064 τὸ
2623 1003 2795 1084 ὄνομα
2844 1011 3042 1087 Κυρίου
3083 1020 3180 1069 τοῦ
3229 1021 3362 1072 Θεοῦ
3417 1040 3511 1074 σου
3560 1021 3648 1076 ἐπὶ
3704 1045 3807 1095 μα-

2146 1094 2303 1183 ταίῳ·
2357 1097 2419 1151 οὐ
2467 1099 2569 1173 γὰρ
2633 1100 2707 1171 μὴ
2766 1101 3027 1177 καταρίσῃ
3077 1103 3270 1179 Κύριος
3314 1107 3405 1162 τὸν
3455 1105 3808 1183 Λαμϐάνοντα

2146 1186 2211 1240 τὸ
2255 1181 2429 1259 ὄνομα
2473 1186 2638 1242 αὐτοῦ
2685 1187 2773 1243 ἐπὶ
2825 1191 3073 1265 ματαίῳ.
3106 1216 3134 1244 η
3170 1195 3267 1249 Καὶ
3316 1198 3439 1275 περί
3488 1181 3585 1254 τοῦ
3637 1203 3807 1255 Πνεύ-

2157 1295 2323 1367 ματος
2381 1275 2699 1367 εὑρίσκομεν
2748 1279 3129 1354 γεγραμμένον
3181 1284 3319 1359 πρὸς
3365 1292 3461 1341 τοῦ
3522 1292 3805 1367 Σωτῆρος.

2153 1363 2299 1434 Φησὶ
2348 1366 2448 1440 γὰρ
2503 1365 2637 1439 πρὸς
2694 1368 2819 1430 τοὺς
2876 1367 2977 1423 τοῦ
3032 1368 3363 1442 Βεελζεϐοὺλ
3423 1377 3571 1440 υἱοὺς
3608 1424 3621 1445 ,
3682 1363 3810 1443 τοὺς

2155 1447 2449 1527 ἐνυϐρίζειν
2528 1454 2779 1519 θέλοντας
2854 1458 3058 1513 αὐτόν·
3111 1486 3137 1513 ‹‹
3201 1468 3348 1518 Πᾶσα
3422 1465 3671 1541 βασιλεία
3727 1471 3807 1541 ἐφ’

2156 1544 2348 1612 έαυτήν
2382 1545 2458 1617 (9)
2513 1552 2824 1621 μερισθεῖσα
2876 1546 3198 1623 ἐρημοῦται,
3250 1554 3339 1608 καὶ
3390 1530 3533 1611 πᾶσα
3581 1558 3745 1622 πόλις
3767 1530 3814 1629 αῆ

2157 1632 2302 1688 οἰκία
2353 1636 2662 1708 μερισθεῖσα
2719 1638 2835 1690 καθ’
2892 1638 3085 1709 ἑαυτὴν
3146 1642 3365 1700 πίπτει.
3420 1646 3517 1700 Καὶ
3570 1646 3674 1702 εῗὸ
3709 1655 3815 1704 Σα-

2154 1728 2313 1785 τανᾶς
2361 1723 2453 1776 τὸν
2505 1730 2744 1779 Σατανᾶν
2792 1720 3069 1800 ἐκϐάλλει,
3120 1730 3209 1784 καὶ
3260 1731 3341 1810 ἐφ’
3387 1735 3571 1790 ἑαυτὸν
3611 1737 3809 1809 ἀνέστη

2156 1811 2244 1867 καὶ
2280 1813 2627 1887 μεμέρισται,
2678 1819 2797 1876 πῶς
2847 1813 2937 1869 οῦν
2987 1821 3302 1890 σταθήσεται
3353 1823 3516 1878 αὐτοῦ
3564 1828 3598 1895 ἡ
3653 1827 3812 1901 βασι-

2159 1899 2279 1955 λεία
2306 1918 2319 1969 ;
2354 1901 2418 1956 Ἣ
2452 1906 2568 1963 πῶς
2604 1899 2821 1958 δύναταί
2849 1924 2929 1966 τις
2959 1908 3025 1960 τὰ
3056 1910 3217 1980 σκεύη
3249 1916 3345 1965 τοῦ
3392 1912 3621 1989 ἰσχυροῦ
3653 1899 3812 1992 διαρ-

394 1997 721 2069 ingressus,
756 1996 964 2052 fortem
1004 1997 1293 2070 ligaverit,
1327 2002 1385 2053 et
1416 2002 1615 2069 postea
1648 1997 1886 2052 domum
1919 1996 2047 2067 ejus

2162 1989 2342 2059 πάσαι,
2375 1989 2460 2045 ἐὰν
2496 1991 2570 2064 μὴ
2604 1991 2886 2069 πρότερον,
2939 1994 3197 2060 εἰσελθὼν
3245 1998 3297 2054 ἐν
3341 2006 3409 2075 τῇ
3463 2003 3625 2077 οἰκίᾳ,

395 2084 743 2157 diripuerit?
774 2084 839 2140 Et
878 2084 928 2139 si
960 2101 1064 2158 ego
1098 2086 1155 2141 in
1189 2084 1494 2141 Beelzebul
1539 2085 1706 2155 ejicio
1739 2083 2046 2153 dmmonia,

397 2174 504 2230 filii
535 2174 712 2230 vestri
744 2175 802 2229 in
827 2191 941 2246 quo
964 2175 1248 2247 ejiciunt?
1271 2196 1298 2225 ›)
1323 2176 1390 2230 Et
1415 2174 1588 2247 paulo
1622 2180 1751 2247 post
1773 2173 2050 2246 subjicit:

404 2288 431 2315 ‹‹
466 2264 602 2319 Ideo
633 2264 763 2319 dico
794 2264 982 2335 vobis,
1017 2281 1189 2320 omne
1239 2270 1541 2337 peccatum
1584 2269 1639 2320 et
1686 2263 2055 2335 blasphemia

402 2353 735 2410 remittetur
762 2353 1143 2410 hominibus:
1176 2353 1429 2426 Spiritus
1462 2358 1655 2409 autem
1689 2351 2055 2424 blasphemia

405 2460 522 2499 non
553 2442 904 2499 remittetur.
938 2444 1007 2498 Et
1036 2443 1373 2515 quicunque
1403 2442 1611 2498 dixerit
1640 2444 1881 2498 verbum
1912 2458 2053 2497 con-

404 2536 499 2589 tra
532 2531 738 2587 Filium
770 2531 1050 2600 hominis,
1073 2531 1403 2588 remittetur
1428 2532 1477 2587 ei
1504 2550 1516 2588 :
1541 2531 1640 2603 qui
1668 2536 1861 2588 autem
1896 2530 2055 2585 dixe-

408 2621 487 2676 rit
533 2625 738 2677 contra
766 2620 1051 2692 Spiritum
1108 2624 1401 2689 sanetum,
1451 2637 1567 2676 non
1625 2619 1956 2676 remittetur
2004 2618 2055 2674 ei

410 2727 599 2782 neque
630 2711 690 2766 in
716 2709 826 2766 hoc
856 2709 1066 2766 saeculo
1098 2726 1286 2781 neque
1314 2716 1373 2765 in
1405 2710 1598 2765 futuro
1619 2709 1715 2763 ⁸⁵.»
1762 2709 1932 2765 Vides
1963 2708 2057 2765 hic

409 2806 466 2857 et
496 2802 554 2855 in
589 2801 785 2856 futuro
830 2798 1042 2856 saaculo
1077 2799 1359 2871 Spiritum
1410 2816 1539 2855 esse
1586 2799 1867 2871 aequalem
1900 2798 2056 2854 Deo?

407 2891 475 2946 Et
502 2889 658 2946 enim
690 2888 790 2961 qui
819 2890 878 2944 in
912 2894 1093 2944 Deum
1116 2888 1345 2944 Patrem
1382 2888 1600 2960 profert
1631 2886 2054 2960 blasphemiam

405 2966 522 3036 nun
543 2979 749 3035 insons
769 2977 1101 3047 habebitur,
1120 2978 1220 3033 sed
1245 2978 1441 3033 aeterni
1464 2977 1736 3050 supplicii
1761 2994 1894 3033 reus
1911 2977 2054 3033 erit:

403 3069 488 3125 sic
519 3073 576 3124 et
604 3067 702 3123 ille
733 3067 833 3138 qui
864 3066 923 3121 in
955 3066 1238 3139 Spiritum
1284 3071 1551 3122 sanctum
1595 3066 1902 3138 protulerit
1934 3066 2055 3122 bla-

402 3157 754 3229 sphemiam,
781 3154 982 3211 aeterni
1032 3154 1254 3226 peccati
1288 3171 1420 3211 reus
1460 3155 1580 3225 ﬁet,
1614 3172 1718 3211 nec
1770 3171 1837 3211 ea
1886 3155 2057 3227 culpa

402 3246 517 3319 ipsi
541 3244 989 3301 condonabitur.
1014 3241 1155 3298 Nam
1180 3242 1230 3299 si
1261 3260 1465 3299 servus
1488 3249 1663 3312 esset,
1688 3260 2058 3316 nequaquam

404 3336 478 3406 is,
500 3334 600 3407 qui
622 3348 756 3390 eum
792 3333 1127 3399 oll‘enderet,
1152 3339 1366 3389 aeterno
1398 3334 1707 3404 puniretur
1743 3332 2056 3405 supplicio.

406 3428 472 3480 ut
502 3422 599 3479 ille
630 3423 728 3495 qui
766 3421 825 3477 in
856 3421 1172 3477 increatam
1225 3421 1319 3477 Dei
1368 3424 1734 3492 majestatem
1780 3421 2055 3494 blasphe-

409 3512 588 3569 miam
633 3511 870 3584 profert.
897 3510 1077 3574 Quem
1109 3526 1243 3565 vero
1275 3510 1369 3565 hic
1416 3510 1515 3566 Dei
1566 3510 1746 3567 Filius
1775 3511 2056 3583 Spiritum

413 3602 510 3659 Dei
541 3599 700 3671 dicit,
729 3600 968 3673 quidam
999 3616 1029 3655 e
1058 3598 1271 3655 Christi
1304 3599 1611 3671 discipulis
1638 3600 1708 3655 de
1738 3600 1937 3655 eodem
1971 3601 2056 3655 lo-

411 3708 621 3765 quens,
637 3690 887 3761 digitum
919 3688 1017 3743 Dei
1050 3687 1384 3759 appellavit.
1408 3688 1743 3761 Recogitare
1764 3689 1905 3745 velis
1928 3705 2053 3762 quis

409 3783 480 3838 de
504 3779 643 3836 Filio
675 3778 734 3833 in
758 3779 963 3834 itinere
986 3777 1288 3849 disputata
1306 3781 1465 3845 sunt,
1488 3778 1864 3851 inveniesque
1886 3783 2054 3835 aeter-

406 3887 543 3928 nam
568 3868 755 3925 sancti
776 3867 1027 3940 Spiritus
1044 3868 1318 3923 virtutem
1341 3866 1901 3925 consubstantialem
1924 3883 2053 3925 esse

404 3959 580 4030 Patri,
600 3975 666 4014 eo
697 3958 848 4029 quod
881 3956 1100 4029 digitus
1130 3956 1324 4013 dictus
1354 3956 1479 4029 ipse
1510 3956 1703 4013 fuerit.
1728 3962 1891 4014 Certe
1919 3974 2053 4014 cum

404 4051 561 4123 magi
618 4051 678 4104 in
734 4050 977 4120 ZEgypto
1039 4047 1156 4103 vim
1217 4048 1495 4104 invictam
1554 4047 1741 4105 sancti
1798 4048 2053 4121 Spiritus

402 4139 651 4196 contuiti
686 4146 900 4204 essent,
936 4136 1407 4193 exclamaverunt
1436 4137 1495 4192 in
1528 4137 1649 4193 haec
1680 4137 1856 4194 verba
1880 4153 1927 4192 ιιι
1952 4138 2056 4194 Hic

402 4228 623 4301 digitus
668 4226 767 4281 Dei
799 4230 887 4281 est
907 4224 972 4279 ⁸⁵.
1001 4248 1021 4277 ι
1052 4225 1276 4288 Quibus
1322 4226 1536 4292 verbis,
1565 4249 1591 4276 «
1624 4227 1844 4299 digitus
1880 4227 1995 4295 Dei,
2022 4249 2051 4277 »

401 4316 546 4372 nihil
604 4314 765 4372 aliud
815 4313 1212 4386 agnoscebant
1262 4331 1440 4385 quam
1490 4315 2049 4372 consubstantialem

400 4410 514 4462 Deo
556 4403 709 4461 Patri
767 4403 955 4458 sancti
1006 4401 1259 4474 Spiritus
1302 4403 1829 4473 virtutem,contra
1876 4422 2052 4477 quam

400 4510 571 4551 nemo
604 4497 693 4549 est
724 4491 822 4564 qui
855 4490 1042 4563 possit
1085 4490 1333 4547 obtueri.
1360 4492 1441 4549 Ne
1468 4509 1601 4549 vero
1633 4492 1765 4564 quis
1796 4494 2053 4564 captiose

399 4584 537 4642 velit
568 4581 936 4647 contendere,
962 4596 1078 4635 non
1109 4583 1261 4635 recte
1283 4580 1338 4635 id
1364 4580 1607 4652 amagis
1640 4581 1860 4637 dictum
1881 4597 2010 4639 esse
2034 4585 2047 4624 ε

401 4671 672 4747 apostoli,
706 4674 825 4727 imo
872 4669 997 4739 ipse
1026 4668 1312 4725 Dominus
1344 4669 1444 4740 qui
1491 4668 1552 4723 in
1600 4668 1718 4726 illis
1748 4675 1890 4738 erat,
1923 4688 2050 4743 quis

2157 2081 2247 2135 τὸν
2284 2079 2531 2154 ἰσχυρὸν,
2563 2081 2649 2135 καὶ
2679 2082 2799 2139 τότε
2827 2084 2925 2152 τὴν
2958 2084 3130 2141 οἰκίαν
3158 2089 3320 2144 αὐτοῦ
3351 2088 3628 2167 διαρπάσει
3653 2079 3809 2168 (40),

2162 2168 2258 2223 Καὶ
2292 2167 2343 2223 οἰ
2393 2168 2497 2245 ἐγὼ
2537 2168 2587 2223 ἐν
2645 2167 2981 2241 Βεελζεϐουλ
3026 2170 3280 2233 ἐκϐάλλω
3329 2181 3395 2235 τὰ
3447 2167 3723 2256 δαιμόνια,
3757 2186 3813 2240 οἱ

2162 2257 2270 2312 υἱοὶ
2332 2258 2481 2331 ὑμῶν
2539 2257 2589 2313 ἐν
2649 2260 2754 2314 τίνι
2813 2257 3189 2334 ἐκϐάλλουσι;
3244 2292 3271 2319 ››
3328 2271 3425 2324 Καὶ
3483 2274 3597 2345 μετ’
3646 2273 3815 2350 ὀλίγα

2162 2347 2314 2438 φησί·
2353 2372 2377 2400 ‹‹
2413 2347 2509 2402 Διὰ
2538 2352 2697 2403 τοῦτο
2748 2347 2890 2427 λέγω
2946 2353 3095 2425 ὑμῖν,
3145 2355 3226 2410 ὅτι
3276 2365 3419 2414 πᾶσα
3460 2363 3696 2438 ἁμαρτία
3723 2347 3817 2420 καί

2168 2436 2493 2515 βλασφημία
2549 2437 2868 2516 ἀφεθήσεται
2926 2448 3042 2505 τοῖς
3101 2444 3407 2521 ἀνθρώποις
3443 2470 3456 2483 ’
3517 2436 3665 2521 ἠνδὲ
3714 2460 3816 2510 τοῦ

2164 2526 2478 2599 Πνεύματος
2540 2527 2860 2601 βλασφημία
2918 2531 3017 2586 οὐκ
3064 2532 3407 2609 ἀφεθήσεται.
3468 2540 3568 2595 Καὶ
3630 2544 3688 2604 ὃς
3750 2544 3815 2598 ἂν

2165 2614 2288 2683 εἰίπῃ
2318 2613 2482 2691 λόγον
2518 2616 2592 2678 είς
2624 2617 2712 2671 τὸν
2746 2618 2865 2673 Υἱὸν
2917 2620 3225 2692 ἀνθρώπου,
3279 2625 3599 2703 ἀφεθήσεται
3642 2631 3814 2705 αὐτῷ.

2162 2703 2220 2765 ὃς
2264 2699 2310 2757 δ’
2360 2702 2416 2757 ἃν
2463 2700 2586 2778 εἶίπῃ
2634 2705 2768 2760 κατὰ
2812 2707 2909 2762 τοῦ
2957 2709 3269 2783 Πνεύματος
3316 2719 3412 2769 τοῦ
3460 2718 3618 2791 ἁγίου
3649 2764 3664 2789 ,
3715 2699 3817 2776 οῦκ

2164 2793 2485 2869 ἀφεθήσεται
2544 2793 2689 2865 αὐτῷ
2743 2793 2865 2851 οὔτε
2922 2796 2972 2850 έν
3030 2804 3107 2871 τῷ
3135 2806 3226 2855 νῦν
3286 2801 3440 2859 αἷῶνι
3474 2803 3596 2862 οὕτε
3653 2808 3704 2863 ἐν
3733 2814 3817 2882 τῷ

2168 2879 2452 2954 μέλλοντι.
2506 2906 2533 2933 ››
2588 2884 2786 2960 Ὁρᾷς,
2845 2885 2927 2940 ὅτι
2985 2888 3073 2942 καὶ
3130 2888 3354 2947 ἐνταῦθα
3413 2894 3657 2969 ἰσότιμον
3714 2879 3815 2953 τοῦ

2165 2974 2297 3026 Θεοῦ
2326 2972 2658 3047 γνωρίζομεν
2708 2972 2771 3027 τὸ
2820 2979 3037 3048 Πνεῦμα
3065 2978 3153 3031 καὶ
3186 2978 3235 3032 ἐν
3265 2985 3344 3052 τῷ
3376 2983 3638 3054 μέλλοντι
3676 3015 3689 3056 ς
3722 2989 3814 3050 Ὡς

2164 3058 2264 3136 γὰρ
2297 3060 2324 3112 6
2355 3059 2428 3120 εἷς
2458 3060 2545 3113 τὸν
2581 3059 2707 3114 Θεὸν
2740 3060 2948 3137 Πατέρα
2998 3061 3339 3143 βλασφημῶν
3369 3069 3432 3123 οὐ
3478 3074 3814 3146 καθαρισθή-

2168 3169 2312 3202 σεται
2343 3145 2438 3202 τοῦ
2472 3148 2599 3202 εἶναι
2650 3148 2806 3203 αὐτὸν
2858 3150 3080 3206 αἰωνίου
3128 3153 3407 3219 κολάσεως
3458 3145 3673 3236 ἔνοχον,
3720 3164 3816 3217 οὔ·

2164 3258 2243 3291 τω
2299 3237 2389 3291 καὶ
2450 3240 2478 3292 6
2537 3236 2610 3298 εἰς
2660 3238 2720 3292 τὸ
2780 3244 2995 3313 Πνεῦμα
3049 3242 3109 3296 τὸ
3174 3245 3327 3319 ἅγιον
3413 3248 3820 3327 βλασφημήσας

2171 3325 2462 3390 ὑπεύθυνος
2512 3326 2713 3401 γίνεται
2752 3326 2975 3383 αἰωνίου
3024 3330 3311 3405 ἁμαρτίας,
3364 3337 3439 3408 μή
3487 3325 3819 3416 συγχωρου-

2172 3415 2332 3488 μένου
2387 3419 2483 3470 τοῦ
2535 3415 2888 3490 πταίσματος.
2924 3419 2983 3473 Εἰ
3040 3421 3141 3496 γὰρ
3188 3425 3253 3491 ἦν
3300 3422 3518 3495 δοῦλον,
3552 3428 3652 3483 οὐκ
3688 3415 3755 3484 γᾶν
3792 3433 3821 3486 ὁ

2166 3502 2387 3582 σφα)εἷς
2442 3505 2515 3567 εἰς
2575 3508 2683 3579 (11)
2743 3506 2870 3561 αὐτὸ
2928 3506 3135 3582 αἰωνίῳ
3190 3511 3410 3568 κολάσει
3469 3514 3816 3593 ἐτιμωρεῖτο,

2165 3594 2343 3669 ὥσπερ
2403 3595 2430 3648 6
2476 3593 2547 3656 εἷς
2601 3596 2700 3665 τὴν
2761 3595 3005 3652 ἄκτιστον
3064 3604 3160 3653 τοῦ
3218 3606 3350 3656 Θεοῦ
3413 3604 3820 3680 μεγαλειότητα

2168 3681 2506 3762 βλασφημῶν
2543 3728 2555 3740 .
2611 3686 2782 3761 ’Ὀπερ
2843 3683 2900 3741 δὲ
2970 3687 3188 3743 ἐνταῦθα
3247 3691 3274 3744 ὁ
3339 3698 3436 3748 τοῦ
3494 3701 3629 3751 Θεοῦ
3688 3700 3815 3762 Υἱὸς

2164 3774 2349 3853 φάσκει
2382 3774 2597 3848 Πνεῦμα
2641 3781 2737 3830 τοῦ
2786 3781 2940 3848 Θεοῦ,
2985 3779 3107 3855 περὶ
3156 3780 3320 3836 αὐτοῦ
3352 3787 3462 3859 (12)
3508 3807 3592 3849 τις
3626 3785 3813 3844 διαλα-

2164 3859 2273 3918 ϐὼν
2301 3868 2407 3918 τῶν
2464 3866 2714 3938 μαθητῶν
2755 3871 2850 3920 τοῦ
2895 3868 3150 3944 Χριστοῦ,
3198 3869 3461 3927 δάκτυλον
3514 3875 3649 3930 Θεοῦ
3681 3874 3809 3956 ἔφη.

2162 3952 2605 4029 Ἀναλογίσασθαι
2655 3954 2883 4026 θέλησον
2936 3959 3035 4026 τήν
3084 3960 3207 4035 περὶ
3255 3966 3350 4015 τοῦ
3397 3964 3525 4017 Υἱοῦ
3566 3952 3814 4023 συνοδοι-

2162 4043 2473 4115 πορήσασαν
2523 4041 2871 4115 συνεξέτασιν,
2921 4044 3008 4099 καὶ
3060 4045 3306 4122 εὑρήσεις
3354 4051 3450 4119 τήν
3503 4051 3679 4108 ἀίδιον
3712 4062 3814 4111 τοῦ

2163 4130 2318 4205 ἁγίου
2380 4130 2688 4205 Ηνεύματος
2750 4130 2974 4207 δύναμιν
3035 4136 3326 4210 ὁμοούσιον
3384 4144 3462 4211 τῷ
3508 4144 3815 4220 Πατρὶ,ὲκ

2160 4226 2256 4275 τοῦ
2290 4218 2551 4275 ’δάκτυλον
2586 4220 2716 4275 αὐτὸ
2767 4221 3031 4295 εἰρῆσθαι.
3082 4225 3306 4298 Ἀμέλει
3353 4233 3480 4305 γοῦν
3527 4218 3637 4301 τήν
3685 4235 3813 4290 ἀκα-

2162 4309 2480 4385 ταμάχητον
2530 4308 2754 4383 δύναμιν
2810 4316 2907 4366 τοῦ
2956 4314 3114 4388 ἁγίου
3166 4316 3476 4389 Πνειῦματος
3508 4326 3818 4397 θεωρήσαν-

2159 4420 2247 4461 τες
2276 4400 2327 4452 ο¹ι
2369 4397 2528 4474 μάγοι
2580 4398 2631 4453 ἐν
2676 4400 2964 4475 Αἰγύπτῳ,
3014 4398 3184 4457 ἐϐόων
3237 4402 3511 4481 λέγοντες*
3570 4436 3590 4461 ι
3645 4418 3814 4469 Τοῦτο

2162 4486 2427 4550 δάκτυλος
2461 4492 2594 4542 Θεοῦ
2626 4488 2789 4546 ἐστιν.
2825 4515 2852 4541 ››
2885 4489 3051 4548 Οὐδὲν
3102 4490 3283 4570 ἕτερον
3316 4497 3350 4565 ἧ
3382 4498 3481 4566 τὴν
3513 4499 3810 4571 ὁμοούσιον

2158 4577 2253 4631 τοῦ
2306 4576 2458 4653 ἁγίου
2508 4572 2819 4651 Πνεύματος
2869 4576 3095 4654 δύναμιν
3144 4581 3517 4661 ὡμολόγουν,
3575 4590 3642 4657 ἢν
3697 4589 3811 4666 ἔχει

2160 4667 2297 4742 πρὸς
2345 4667 2436 4720 τὸν
2488 4668 2613 4721 Θεὸν
2668 4668 2877 4744 Πατέρα
2930 4666 3018 4725 8ιὰ
3060 4679 3160 4741 τῆς
3207 4674 3303 4728 τοῦ
3355 4672 3626 4733 δακτύλου
3677 4680 3811 4735 Θεοῦ

401 4764 676 4820 dixerunt
702 4759 809 4831 illi,
842 4762 1122 4829 tanquam
1174 4760 1326 4813 recte
1356 4758 1514 4814 dicta
1545 4758 1912 4814 conﬁrmavit
1939 4760 2048 4815 hu-

2162 4764 2384 4834 φωνῆς,
2445 4757 2514 4825 ἧς
2564 4756 3009 4836 ἀντοφθαλμῆσαί
3062 4781 3180 4815 τινα
3229 4760 3509 4822 ἀδύνατον.
3572 4768 3670 4822 Καὶ
3708 4768 3813 4825 ’ίνα

396 4851 655 4926 jusmodi
684 4849 876 4907 verbis
910 4864 922 4902 :
951 4870 977 4897 «
1012 4847 1075 4904 Si
1102 4863 1207 4920 ego
1240 4845 1299 4903 in
1353 4846 1535 4919 digito
1585 4848 1685 4903 Dei
1734 4848 1903 4919 ejicio
1931 4849 2046 4905 dis-

395 4942 593 4999 monia
614 4941 679 4996 3".
700 4961 727 4990 »

2163 4847 2235 4919 μή
2283 4867 2365 4907 τις
2424 4845 2740 4923 σοφίσασθαι
2806 4847 2976 4911 θέλων
3031 4852 3106 4922 μὴ
3157 4850 3331 4926 ὀρθῶς
3379 4853 3625 4930 εἰρῆσθαι
3675 4859 3815 4934 πρὸς

2154 4940 2261 4989 τῶν
2300 4936 2511 5010 μάγων,
2544 4937 2595 4989 οἳ
2625 4935 2945 5008 ἀπόστολοι,
2998 4938 3208 5011 μᾶλλον
3239 4939 3295 4996 6‘s
3326 4943 3354 4996 6
3385 4941 3436 4996 έν
3486 4944 3671 5007 αὐτοῖς
3702 4948 3813 5004 Κύ-

392 5050 533 5107 ριος,
564 5028 636 5090 ὡς
697 5027 872 5100 ὀρθῶς
933 5024 1235 5100 εἰρημένων
1301 5025 1386 5079 ὑπ’
1449 5023 1645 5095 αὐτῶν,
1679 5019 1974 5081 ἐϐεϐαίωσε
2028 5024 2094 5080 τὰ
2152 5023 2415 5099 λεχθέντα
2474 5024 2607 5100 πρὸς
2666 5025 2864 5097 αὐτῶν,
2899 5023 2988 5082 διὰ
3030 5026 3093 5083 τὰ
3123 5030 3213 5084 καὶ
3248 5029 3405 5086 αὐτὸν
3466 5034 3647 5112 φάναι·
3683 5061 3709 5088 ‹‹
3746 5037 3813 5092 Εἴ

385 5119 492 5197 ἐγὼ
524 5118 574 5174 έν
610 5114 862 5189 δακτύλῳ
893 5119 1026 5169 Θεοῦ
1049 5110 1304 5170 ἐκϐάλλω
1334 5114 1399 5168 τὰ
1424 5111 1699 5186 δαιμόνια.
1731 5138 1759 5165 ››

452 5221 498 5256 ⁸⁸
526 5218 701 5275 Exod.
738 5233 827 5284 xx,
858 5216 913 5270 7.
991 5215 1035 5249 ⁸³
1067 5214 1273 5271 Matth.
1305 5231 1406 5283 x11,
1437 5213 1633 5269 25-32.

450 5328 525 5419 (8)
558 5326 703 5410 Bas;
724 5322 896 5419 Angl.
922 5327 979 5378 et
1006 5324 1153 5393 Aug.
1187 5319 1365 5395 ὥσπερ
1392 5323 1489 5374 τοῦ
1520 5318 1669 5375 Υἱοῦ.
1696 5322 1851 5378 Infra
1880 5325 2025 5396 Aug.

403 5423 429 5455 ν
458 5393 609 5470 vim?
636 5399 716 5468 τῷ
746 5393 925 5470 3’69?-

449 5473 525 5545 (9)
556 5463 706 5544 Ausi
740 5463 885 5545 ἀμφ’
907 5463 1097 5545 “MV:

452 5526 571 5616 tib),
592 5526 734 5616 Aﬁ’g.
766 5526 1055 5616 ὃέιρλπὰσῄ.
1090 5536 1217 5616 Mox
1246 5539 1377 5616 post
1407 5526 1795 5616 ἐκϐάλλουσιν,
1829 5552 2033 5616 omnes

380 5603 924 5675 ωέε·’1]αὶ)ὅοιΕίδ’
956 5603 1060 5685 ἐγὼ
1092 5606 1142 5663 ἐν
1176 5603 1312 5665 πνῖ..
1346 5603 1623 5680 δαιμόνια,
1655 5603 1787 5679 (μισεῖ
1822 5609 2035 5666 desunt

405 5706 442 5745 n
474 5688 667 5746 editis.

1711 5213 1754 5248 ⁸⁸
1786 5215 1963 5272 Exod.
1996 5230 2119 5286 VIII,
2159 5215 2243 5269 19.

2322 5214 2364 5248 ⁸⁷
2397 5213 2532 5269 Luc.
2568 5231 2644 5283 x1,
2678 5216 2768 5269 20.

2354 5325 2524 5403 aug”
2549 5354 2582 5384 Α
2605 5323 2671 5403 οῦ
2701 5318 3081 5403 Πνῆεύματος...
3101 5322 3175 5403 ιᾶν
3208 5324 3425 5403 ἐσφάλη,
3451 5329 3549 5392 εἰς.

2210 5391 2321 5465 (12)
2352 5391 2518 5473 Aug‘.‘
2552 5391 2675 5467 περὶ
2724 5391 2949 5473 αὐτούς..
2983 5396 3174 5473 ΡωιίοΔ
3208 5391 3359 5473 post,
3394 5391 3563 5473 illud,
3596 5402 3807 5461 ἀναλο-

2140 5460 2389 5537 γίσασθαι
2441 5460 2695 5536 θέλησον,
2729 5474 2859 5537 elc.,
2906 5468 2987 5524 sic
3036 5460 3566 5531 vertit‘Nannius':
3626 5460 3812 5537 Facta

2142 5540 2327 5593 animo
2356 5539 2569 5607 repetas
2618 5538 3036 5608 inquisitionem
3072 5542 3137 5599 de
3160 5543 3301 5600 Filio
3329 5561 3389 5603 tn
3420 5548 3607 5605 Exodo
3639 5553 3802 5609 habi-

2143 5617 2276 5681 tam,
2308 5614 2363 5665 et
2392 5609 2662 5681 invenies,
2693 5614 2803 5667 etc.
