4108 6210
393 387 511 447 499

1556 384 1617 441 S.
1669 383 2189 444 ATHANASIUS.
2224 418 2299 427 —
2332 384 2643 446 SPUliIA.

3689 384 3825 444 500

398 534 510 591 que
541 516 1093 581 coelum'ascendere;
1114 512 1226 569 nisi
1251 513 1426 569 suoin
1455 518 1684 584 pectore
1710 512 2047 569 retinuisset

2176 513 2525 589 (ριστοφὸρον
2560 514 2772 569 Παῦλον
2806 516 2882 587 μὴ
2929 513 3112 578 ἄλλως
3162 512 3478 586 δεδυνῆσθαι
3534 512 3637 578 ἕως
3685 515 3822 592 τρί-

400 606 829 663 indeﬁcientem
853 610 909 660 et
930 602 1492 660 consubstantialem
1516 603 1823 659 Trinitatis
1848 604 2044 659 ﬁdem.

399 698 633 752 Scilicet
666 694 1005 766 hujusmodi
1056 692 1319 764 exemplo
1368 694 1626 748 indicare
1681 692 1863 748 voluit
1893 694 2048 749 Deus

401 790 694 845 neminem
725 788 785 841 in
819 802 1063 860 regnum
1095 785 1372 840 ccelorum
1404 802 1575 857 posse
1610 783 2049 857 pervenire,nisi

406 880 507 953 qui
539 896 662 935 eam
693 878 998 950 amplexus
1026 877 1200 931 fuerit
1231 876 1561 948 fidem,quae
1596 877 1653 931 in
1687 877 1865 933 Paulo
1888 876 2051 931 habi-

403 967 568 1023 tavit.
604 965 750 1031 Quid
786 982 916 1021 vero
948 965 1155 1036 loquar
1185 965 1255 1018 de
1294 964 1520 1019 viviﬁco
1546 969 1603 1019 et
1650 964 2052 1021 sanctiﬁcante

407 1075 472 1113 ac
504 1060 872 1130 peccatorum
906 1053 1312 1109 remissionem
1350 1053 1639 1126 praebente
1670 1053 2053 1119 lavacro,sine

406 1165 521 1221 quo
553 1162 723 1203 nemo
754 1144 977 1200 videbit
1002 1159 1249 1216 regnum
1281 1144 1557 1199 caelorum
1581 1143 1608 1197 7
1640 1146 1845 1198 Annon
1877 1144 1934 1198 in
1967 1146 2056 1198 ter

405 1235 745 1293 beatissima
768 1233 1207 1289 nomenclatura
1232 1232 1503 1287 ﬁdelibus
1535 1233 1707 1287 datur
1728 1230 1756 1285 ?
1780 1233 1939 1287 Adde
1962 1232 2055 1288 his

408 1324 682 1381 omnibus
702 1322 854 1395 quod
886 1322 1262 1376 aitJoannes:
1284 1325 1382 1374 «Et
1398 1318 1784 1375 hitresunum
1811 1320 2053 1376 sunt93.»

408 1411 569 1490 καρίᾳ
629 1409 894 1484 ὀνομασίᾳ
953 1406 1157 1463 δίδοται
1192 1410 1302 1483 (19)
1331 1413 1446 1470 τοῖς
1501 1413 1755 1477 πιστοῖς;
1791 1409 1933 1483 Πρὸς
1993 1405 2049 1462 δὲ

410 1502 566 1558 εἰσιν.
600 1524 627 1553 ››

480 1591 823 1649 45.Αν.νθι·ε
854 1589 1009 1645 beati
1032 1605 1238 1646 omnes
1268 1590 1367 1662 qui
1401 1588 1573 1644 fidem
1602 1589 1775 1644 istam
1816 1588 2054 1658 habent,

410 1697 657 1752 eamque
684 1680 753 1735 ad
788 1682 1036 1734 mortem
1068 1694 1256 1749 usque
1294 1678 1667 1744 confitentur,
1718 1681 1775 1732 et
1814 1677 2054 1749 dignam

411 1772 539 1844 ipsa
569 1770 748 1825 vitam
778 1767 1104 1841 agunt.Ego
1136 1767 1290 1822 enim
1324 1783 1479 1822 nunc
1513 1766 1784 1837 revixi,ex
1809 1765 2058 1821 mortuis

413 1860 718 1916 excitatus.
764 1861 990 1912 Mortua
1037 1855 1325 1928 siquidem
1380 1872 1471 1910 res
1521 1859 1609 1910 est
1670 1871 1851 1922 error,
1902 1870 2059 1922 eum,

2176 1853 2275 1929 ἱγὼ
2348 1852 2579 1924 ἀνέζησα
2655 1853 2881 1915 ἀναστᾶς
2956 1852 3015 1907 ἐκ
3083 1855 3305 1928 νεκρῶν.

416 1964 590 2023 quem
623 1952 868 2020 occupat
897 1947 1189 2009 occidens.
1224 1946 1601 2017 animamque
1637 1946 1763 2016 ejus
1794 1945 1890 2017 qui
1925 1961 2059 2000 cum

415 2038 516 2095 illo
563 2037 848 2107 ambulat,
901 2035 982 2091 ita
1030 2035 1206 2091 afficit
1254 2040 1317 2091 ut
1364 2035 1749 2107 impudicitiis
1798 2034 2063 2107 inquine-

416 2133 537 2197 tur,
593 2126 886 2198 efﬁcitque
929 2142 1002 2180 ne
1059 2124 1227 2197 signa
1273 2134 1497 2179 aeternae
1540 2124 1698 2195 vitae,
1766 2140 1893 2195 quae
1928 2127 2063 2180 ante

418 2217 619 2274 oculos
683 2217 933 2279 exstant,
991 2213 1169 2269 homo
1239 2217 1555 2285 cognoscat
1622 2230 1633 2267 :
1684 2214 1839 2267 unde
1905 2212 2060 2267 f'utu-

415 2324 545 2363 rum
572 2309 747 2373 esset;
781 2307 844 2359 ut
875 2318 979 2358 nec
1010 2307 1255 2357 mortem
1288 2302 1638 2367 desererem,
1658 2318 1761 2356 nec
1794 2302 1862 2357 ad
1888 2303 2061 2358 ﬁdem

412 2395 703 2453 viviﬁeam
738 2393 1073 2449 accederem
1098 2392 1382 2464 (l7).Cum
1414 2392 1566 2446 enim
1584 2391 1759 2446 homo
1782 2392 1859 2447 sit
1883 2409 2059 2460 unus,

412 2501 591 2541 unam
607 2484 814 2539 debere
830 2482 1004 2537 habet
1018 2480 1193 2536 ﬁdem
1216 2486 1445 2537 eterna:
1467 2486 1523 2536 et
1545 2497 1647 2537 con
1658 2481 2063 2537 substantialis

409 2572 727 2631 Trinitatis.
768 2571 830 2628 In
864 2570 963 2626 illa
994 2571 1149 2627 enim
1182 2568 1621 2637 inﬁdelitate,ex
1653 2587 1767 2642 qua
1798 2586 1889 2625 me
1912 2570 2063 2625 Deus

412 2663 647 2737 eripuit,
682 2677 796 2717 non
829 2678 947 2716 una
980 2661 1145 2728 ﬁdes,
1178 2660 1277 2715 sed
1312 2664 1430 2715 tres
1485 2660 1911 2730 praadirantur;
1947 2676 2065 2715 una

414 2769 623 2826 nempe
654 2752 725 2807 de
756 2754 925 2806 Patre
954 2755 1187 2819 aeterno,
1221 2748 1335 2805 alia
1364 2748 1434 2804 de
1465 2749 1607 2804 Filio
1655 2754 1870 2817 creato,
1894 2748 2064 2804 tertia

414 2844 485 2899 de
517 2841 737 2914 Spiritu
773 2840 1031 2895 facto.Ex
1062 2839 1279 2911 quibus
1310 2838 1689 2895 manifestum
1721 2838 2061 2905 est,nullam

415 2931 651 2988 omnino
682 2929 801 2985 illic
833 2929 1007 2983 ﬁdem
1040 2943 1167 2984 esse
1199 2945 1267 2983 ex
1298 2926 1818 2993 multis.0uocirca
1847 2928 2063 3001 gratias

415 3036 522 3094 ago
554 3023 767 3076 sanctae
797 3018 1067 3073 Trinitati
1102 3035 1115 3072 ε
1151 3016 1396 3083 Patrem,
1432 3016 1638 3072 Filium
1673 3020 1730 3072 et
1777 3017 2062 3088 Spiritum

415 3114 686 3166 sanctum
706 3108 773 3163 ad
785 3107 1045 3162 oro.Jam
1064 3105 1781 3179 ergo,cbarissime,simul
1804 3122 2060 3161 oremus.

412 3199 529 3270 Ego
561 3199 716 3253 enim
751 3195 1015 3267 deposita
1045 3195 1241 3251 omnia
1280 3195 1493 3251 erroris
1537 3194 1905 3265 indumenta,
1961 3194 2060 3251 Dei
2092 3229 2136 3297 Ο
2174 3196 2392 3266 Πνεῦμα
2429 3235 2441 3249 .

409 3285 834 3355 misericordia,
868 3285 1075 3356 abjeci.

480 3466 568 3519 46.
627 3463 750 3519 Ath.
800 3462 1007 3519 Gestas
1053 3460 1245 3517 adhuc
1312 3460 1526 3516 erroris
1593 3459 2063 3529 indumentum;

409 3554 511 3610 sed
537 3553 585 3609 si
616 3552 767 3625 grati
798 3550 978 3607 animi
1012 3566 1097 3616 es,
1129 3549 1185 3604 id
1220 3565 1351 3604 cum
1381 3548 1603 3604 ceteris
1635 3550 1944 3622 apostasiae
1974 3567 2059 3606 re-

410 3644 523 3699 bus
556 3641 850 3715 projicies,
883 3644 1138 3710 tuncque
1170 3638 1344 3694 simul
1379 3654 1545 3694 orare
1589 3640 1932 3711 poterimus.
1968 3640 2061 3695 Ar.

414 3732 536 3790 Nisi
564 3731 619 3786 id
645 3730 789 3785 mihi
814 3728 1184 3801 liquidissme
1214 3726 1741 3797 declaraveris,non
1760 3727 1902 3782 mihi
1927 3744 2061 3783 con-

416 3823 576 3877 scius
607 3838 737 3875 sum
763 3819 1086 3891 quidquam
1112 3816 1340 3872 furiosa:
1366 3816 1775 3873 illiushaaresis
1797 3818 2063 3874 retinere.

418 3912 541 3966 ΑιΙι.
576 3913 779 3965 Annon
814 3907 919 3963 tibi
950 3908 1178 3963 videtur
1198 3906 1359 3974 cleri,
1400 3912 1464 3961 ut
1503 3910 1731 3975 vocant,
1784 3907 2062 3979 dignitas,

419 4016 546 4070 quae
565 3999 668 4054 tibi
703 3999 775 4053 ab
798 3997 1000 4052 haeresi
1033 3997 1168 4051 data
1185 4001 1430 4058 est.esse
1448 4012 1586 4067 pars
1613 3996 1827 4051 erroris
1852 4013 1864 4062 ;
1888 3996 2066 4067 idque

418 4087 670 4159 speciem
705 4088 942 4156 quidem
972 4085 1207 4157 pietatis
1258 4085 1398 4141 foris
1447 4102 1562 4156 pres
1594 4102 1656 4141 se
1703 4085 1872 4148 ferre,
1907 4086 2066 4140 intus

418 4180 610 4231 autem
648 4174 884 4245 plenum
918 4190 1045 4229 esse
1075 4174 1417 4243 impietatis,
1451 4175 1531 4229 ita
1563 4178 1627 4227 ut
1658 4174 1831 4229 homo
1862 4174 2066 4246 gigan-

414 4265 505 4319 τεεί
540 4262 784 4333 spiritus
808 4263 910 4316 fiat
932 4261 1612 4332 instrumentum,parati
1629 4263 1697 4316 ad
1723 4262 1938 4318 bellum
1964 4264 2066 4318 ad-

413 4368 618 4407 versus
646 4350 828 4406 Deum
864 4349 1171 4421 sacrilegio
1201 4350 1647 4420 suscipiendum
1672 4351 1699 4404 ?
1728 4353 1821 4406 Ar.
1856 4352 1983 4407 Tibi
2005 4352 2065 4407 in

416 4438 727 4513 praesentia
759 4440 1052 4510 proﬁteor,
1088 4439 1244 4508 quod
1276 4455 1389 4494 non
1431 4440 1765 4510 acquiescet
1806 4442 2063 4509 animus,

416 4530 529 4587 nisi
564 4530 734 4584 istam
780 4544 938 4582 vana:
988 4525 1182 4599 gloriae
1226 4528 1595 4599 tyrannidem
1646 4528 1955 4601 diligenter
1995 4548 2059 4585 ex

2154 623 2251 657 του
2309 602 2537 678 οὐρανοῦ
2583 602 2992 676 ἀνεληλυθέναι,
3025 604 3069 661 εἰ
3130 606 3205 677 μή
3267 606 3520 676 ἐκέκτητο
3566 604 3619 659 ἐν
3660 607 3820 682 στέρ-

2156 711 2271 753 νοις
2329 692 2492 746 αὐτοῦ
2542 692 2641 761 τήν
2690 699 2791 761 τῆς
2836 691 3064 768 Τριάδος
3096 692 3441 749 ἀνέκλειπτον
3483 695 3573 748 καὶ
3604 695 3815 767 ὁμοσύ-

2159 801 2272 835 σιον
2332 780 2531 835 πίστιψ
2583 782 2610 836 ὁ
2668 781 2798 844 Θεὸς
2851 781 3189 858 βουλόμενος
3240 781 3500 838 δεικνύναι
3569 781 3658 839 διὰ
3710 788 3820 839 τοῦ

2159 870 2409 926 τοιούτου
2468 872 2808 947 πράγματος,
2857 869 3064 944 μηδένα
3118 872 3386 929 εἰσελάσαι
3416 876 3527 946 (18)
3561 870 3821 927 δύνασθαι

2163 960 2238 1021 εἷς
2271 960 2368 1028 τήν
2415 964 2523 1014 τῶν
2584 960 2822 1034 οὐρανῶν
2859 960 3157 1037 βασιλείαν,
3187 962 3278 1017 τὸν
3319 960 3378 1016 ἐκ
3431 970 3531 1031 τῆς
3581 962 3821 1022 πίστεως

2160 1055 2259 1119 τῆς
2321 1048 2677 1120 ὶνοικησάσης
2738 1049 2789 1105 ἐν
2851 1050 3051 1123 Παύλῳ
3103 1052 3179 1123 μὴ
3228 1052 3510 1126 γεγονότα.
3543 1052 3603 1105 Τί
3637 1050 3693 1106 δὲ
3724 1052 3823 1106 καὶ

2162 1139 2225 1193 τὸ
2273 1145 2375 1208 τῆς
2428 1137 2666 1217 ἀφέσεως
2713 1144 2821 1194 τῶν
2855 1142 3133 1213 ἁμαρτιῶν
3162 1142 3504 1216 παρεκτικὸν,
3538 1141 3628 1196 καὶ
3671 1148 3825 1211 ζωο-

2164 1228 2344 1293 ποιὸν,
2377 1228 2467 1281 καὶ
2500 1229 2805 1303 ἀγιαστικὸν
2844 1227 3097 1305 λουτρὸν,
3131 1230 3191 1283 οὗ
3242 1230 3418 1306 χωρὶς
3468 1228 3645 1292 οὐδεὶς
3696 1225 3831 1303 ὄψει

2163 1316 2252 1371 ταί
2308 1318 2407 1385 τήν
2471 1314 2746 1393 βασιλείαν
2806 1322 2910 1371 τῶν
2971 1318 3230 1393 οὐρανῶν,
3265 1318 3365 1373 οὐκ
3405 1318 3454 1374 ὲν
3485 1323 3553 1393 τῇ
3584 1340 3829 1392 τρισμα-

2108 1406 2323 1469 τούτοις
2374 1412 2535 1461 πᾶσιν
2592 1407 2846 1477 Ἰωάννης
2907 1407 3114 1485 φάσκειο
3152 1430 3173 1458 σ
3207 1408 3304 1463 Καὶ
3337 1409 3392 1463 οἱ
3446 1414 3591 1484 τρεῖς
3650 1409 3711 1464 τὸ
3770 1406 3834 1464 ’ἐν

2239 1587 2327 1641 45.
2361 1585 2483 1661 Ἀρ,
2519 1590 2690 1639 εῖπενο
2737 1583 2991 1656 Ἀληθῶς
3039 1607 3294 1663 μακαριοι
3344 1586 3536 1649 πάντες
3564 1587 3613 1642 οἱ
3657 1586 3832 1663 ἔχον-

2165 1696 2253 1736 τες
2280 1674 2479 1745 ταύτην
2510 1676 2610 1743 τὴν
2659 1674 2855 1747 πίστιν,
2887 1677 2976 1730 καὶ
3027 1672 3129 1737 ἓως
3188 1676 3416 1739 θανάτου
3474 1674 3835 1751 ὁμολογοῦν-

2165 1785 2253 1826 τες
2310 1763 2501 1832 αὐτὴν,
2534 1763 2622 1818 καὶ
2656 1764 2816 1835 ἀξίως
2861 1764 3029 1834 αὐτῆς
3087 1761 3529 1839 πολιτευὸμενοι·
3561 1770 3652 1819 νῦν
3711 1766 3834 1840 γὰρ

3390 1856 3561 1928 Νεκρά
3627 1856 3729 1931 γὰρ
3792 1858 3835 1924 ἡ

2170 1942 2376 2013 πλάνη,
2435 1942 2525 1997 καὶ
2583 1946 2844 2014 νεκροῦσα
2898 1943 2987 1996 τὸν
3070 1944 3401 2015 κεκτημένον
3487 1942 3674 2012 αὐτὴν,
3728 1945 3837 1998 καὶ

2172 2031 2502 2108 ῥυθμίζουσα
2528 2033 2625 2101 τήν
2658 2033 2843 2107 ψυχὴν
2886 2036 2984 2086 τοῦ
3026 2029 3543 2109 ωνοδοιποροῦντος
3594 2032 3731 2106 αὐτῇ
3771 2032 3830 2086 ἐν

2170 2120 2471 2196 ἀσελγείαις
2529 2121 2783 2199 φύρεσθαι
2842 2123 2978 2195 (20),
3027 2122 3162 2197 πρὸς
3208 2123 3272 2176 τὸ
3328 2124 3453 2196 παρ’
3509 2121 3831 2200 ὀφθαλμοῖς

2173 2213 2315 2280 ζωῆς
2348 2209 2569 2265 αῗωνίου
2600 2205 2855 2283 σύμϐολα
2883 2212 2957 2283 μὴ
2989 2211 3353 2287 γνωρισθέντα
3398 2212 3532 2287 πρὸς
3581 2215 3678 2265 τοῦ
3727 2212 3833 2265 ἆν-

2172 2301 2414 2375 θρώπου,
2467 2302 2579 2372 (21)
2625 2298 2947 2373 καταλεῖψαί
3006 2321 3073 2373 με
3125 2300 3216 2355 τὸν
3278 2302 3519 2369 θάνατον,
3574 2301 3664 2355 καὶ
3719 2301 3832 2369 τήν

2172 2389 2335 2445 αὐτοῦ
2369 2390 2628 2465 θυγατέρα
2676 2388 2913 2459 πλάνην,
2945 2394 3364 2462 προσοικειῶσαι
3423 2388 3481 2445 δὲ
3537 2391 3723 2445 ἑαυτὸν
3756 2391 3840 2461 τῇ

2174 2483 2430 2550 ζωοποιῷ
2473 2478 2670 2535 πίστει.
2705 2482 2795 2539 Εῖς
2851 2477 2954 2555 γὰρ
3014 2476 3087 2533 ὢν
3118 2480 3146 2532 ὁ
3179 2477 3486 2553 ἅνθρωπος,
3519 2478 3643 2551 μίαν
3676 2477 3833 2551 ἔγειν

2176 2566 2383 2646 ὀφείλει
2415 2566 2594 2622 πίστιν
2625 2573 2724 2637 τῆς
2754 2566 2978 2622 αἰωνίου
3008 2568 3097 2623 καὶ
3131 2568 3426 2640 ὁμοουσίου
3458 2565 3704 2643 Τριάδος.
3735 2572 3832 2641 Ἐξ

2171 2660 2235 2726 ἧς
2266 2658 2367 2733 γὰρ
2401 2655 2659 2733 ἐρῥῦσατὸ
2694 2677 2760 2729 με
2791 2657 2819 2711 ὁ
2859 2656 2989 2719 Θεὸς
3040 2658 3310 2725 ἀπιστίας,
3345 2656 3407 2711 οὐ
3468 2657 3564 2731 μία
3616 2658 3833 2725 πίστις,

2174 2744 2319 2801 ἀλλά
2364 2752 2509 2822 τρεῖς
2560 2745 2983 2821 ὁμολογοῦνται,
3018 2747 3135 2809 ἑνὸς
3171 2748 3265 2821 μὶν
3320 2748 3525 2823 Πατρὸς
3575 2748 3828 2819 αίωνίου,

2173 2836 2355 2908 ἑτέρου
2390 2832 2446 2889 δὲ
2474 2840 2692 2890 κτιστοῢ
2724 2837 2874 2905 Ποῦ,
2904 2837 2994 2891 καὶ
3050 2836 3359 2909 Πνεύματος
3418 2838 3827 2908 πεποιημένου.

2170 2930 2264 2980 Ἐκ
2318 2922 2374 2979 δί
2420 2924 2626 2979 τουτων
2686 2922 2997 2995 κατάδηλόν
3054 2924 3163 2980 ἐστι
3201 2926 3274 2998 μὴ
3309 2932 3443 2980 εῖναι
3475 2926 3651 2980 πίστιν
3711 2925 3833 2981 ἐκεῖ

2173 3012 2231 3068 ἐκ
2260 3011 2485 3069 πολλῶν
2539 3010 2678 3086 μηδὲ
2730 3012 2879 3087 μίαν.
2914 3014 3054 3090 Ἐγὼ
3112 3012 3203 3068 οὖν
3265 3014 3571 3091 εὐχαριστῶ
3598 3017 3666 3088 τῇ
3700 3015 3829 3090 ἁγίᾳ

2170 3100 2359 3179 Τριάδι
2396 3150 2412 3176 ,
2470 3108 2755 3179 προσκυνῶ
2826 3103 3084 3179 Πατέρα,
3142 3104 3229 3159 καὶ
3291 3104 3410 3158 Υἱὸν
3446 3148 3460 3175 ,
3514 3105 3600 3158 καὶ
3672 3104 3829 3177 ἅγιον

2504 3192 2723 3262 Λοιπὸν,
2785 3193 3051 3267 ἀγαπητὶ,
3114 3195 3224 3266 ἅμα
3290 3192 3565 3266 εὐξώμεθα
3598 3237 3611 3249 .
3676 3193 3825 3268 Ἐγὼ

2173 3282 2298 3358 γὰρ,
2348 3282 2521 3336 πάντα
2576 3282 2643 3335 τὰ
2701 3278 2971 3355 ἐνδύματα
3002 3289 3101 3351 τῆς
3132 3280 3341 3352 πλάνης
3391 3280 3825 3355 ἀποδυσάμενος,

2172 3369 2444 3447 ἆπέῥριψα
2477 3367 2565 3425 διὰ
2591 3374 2688 3426 τοῦ
2722 3368 3019 3445 ἐλεήμονος
3052 3376 3205 3427 Θεοῦ.

2245 3463 2331 3517 46.
2392 3461 2507 3517 Ἀθ.
2568 3465 2736 3514 εἶπεν
2797 3460 3007 3534 Ἀκμὴν
3070 3458 3147 3515 ἔτι
3205 3456 3409 3533 ἔνδυμα
3465 3463 3578 3535 (22)
3635 3467 3825 3538 φορεῖς

2171 3556 2271 3619 τῆς
2301 3547 2532 3619 πλάνης·
2566 3551 3109 3625 συνευγνωμονιςσαις
3142 3548 3317 3626 ῥίψεις
3365 3550 3452 3604 καὶ
3500 3548 3628 3604 αὐτὸ
3684 3549 3827 3625 πρὸς

2171 3643 2289 3701 τοῖς
2349 3636 2568 3701 λοιποῖς
2624 3645 2724 3709 τῆς
2772 3638 3099 3701 ἀποστασίας
3128 3640 3433 3715 πράγμασι,
3459 3638 3548 3693 καὶ
3597 3635 3824 3707 δυνησό-

2179 3738 2313 3800 μεθα
2370 3725 2457 3780 ἐπὶ
2509 3727 2573 3781 τὸ
2630 3726 2760 3781 αὐτὸ
2812 3724 3077 3798 εὔξασθαι.
3139 3729 3263 3802 Ἀρ.
3322 3734 3499 3783 εἶπεν·
3556 3727 3678 3783 Ἐὰν
3742 3728 3821 3798 μή

2180 3837 2274 3889 μοι
2375 3815 2578 3893 φράσῃς
2676 3816 3142 3895 ἀκραιφνεστάτως
3177 3860 3193 3889 ,
3283 3816 3344 3871 οὐ
3440 3816 3824 3886 συνεπίσταμαι

2176 3904 2394 3978 ἐμαυτῷ
2450 3902 2594 3980 ἔχειν
2650 3926 2704 3959 τι
2760 3911 2861 3972 τῆς
2924 3902 3227 3977 μανιώδους
3284 3906 3539 3981 αἱρέσεως
3591 3904 3823 3973 ἐκείνης.

2176 3994 2291 4057 Ἀθ.
2352 3999 2487 4048 εἶπε·
2538 3994 2649 4063 Τὴν
2707 3998 2804 4048 τοῦ
2860 3992 3204 4067 καλουμένου
3259 3992 3472 4069 κλήρου
3520 3994 3663 4065 ἀξίαν
3720 3995 3824 4061 τήν

2174 4082 2309 4158 πρὸς
2336 4085 2433 4151 τῆς
2466 4083 2723 4156 αἱρέσεως
2753 4079 3048 4157 δεδομένην
3082 4104 3167 4138 σοι
3198 4082 3259 4137 οὗ
3308 4080 3457 4138 δοκεῖ
3502 4104 3585 4137 σοι
3628 4081 3824 4157 μόριον

2176 4176 2309 4225 εῖναι
2364 4178 2463 4240 τῆς
2521 4172 2755 4242 ἀπάτης,
2786 4168 2978 4242 ἔξωθεν
3038 4173 3132 4245 μὶν
3181 4170 3457 4227 δεικνύντα
3507 4178 3698 4246 σχῆμα
3736 4170 3824 4226 εὖ-

2176 4254 2407 4329 σεϐείας,
2441 4258 2633 4315 ἔσωθεν
2668 4257 2725 4315 δὲ
2768 4260 2960 4333 μεστὸν
2990 4260 3325 4337 τυγχάνοντα
3354 4258 3658 4337 δυσφημίας
3687 4262 3825 4333 (23),

2175 4350 2249 4411 ὡς
2307 4354 2442 4404 εἶναι
2493 4349 2584 4403 τὸν
2642 4347 2926 4420 ἄνθρωπον
2983 4346 3211 4425 ὄργανον
3289 4349 3593 4422 πνεύματος
3646 4349 3828 4423 γίγαν-

2173 4439 2350 4493 τιαίου
2408 4438 2544 4514 πρὸς
2596 4438 2900 4514 θεομαχίαν
2944 4438 3012 4514 τῇ
3058 4438 3339 4515 ἱεροσυλίᾳ
3394 4436 3651 4511 ἓτοιμον;
3696 4440 3822 4513 Ἀρ.

2176 4536 2342 4586 εῖπεν’
2378 4528 2676 4607 Ὁμολογῶ
2734 4551 2817 4584 σοι
2878 4530 2965 4586 ἐπὶ
3023 4535 3120 4586 τοῦ
3176 4529 3465 4607 παρόντος,
3498 4529 3557 4585 οὐ
3606 4551 3823 4585 συνεπι-

420 4618 619 4675 anima
683 4632 813 4672 mea
874 4616 1165 4686 ejecerim.
1228 4616 1355 4672 ΑΙΙι.
1425 4616 1627 4689 Itaque
1670 4616 1721 4673 si
1785 4620 1931 4675 181
1986 4637 2059 4676 er-

2177 4616 2369 4674 δίδωσί
2418 4640 2521 4692 μου
2565 4603 2618 4688 ἡ,
2650 4619 2827 4695 ψυχὴ,
2862 4618 2908 4675 εἷ
2964 4619 3041 4693 μή
3094 4619 3196 4695 ἄρα
3248 4603 3337 4674 καὶ
3396 4620 3440 4674 εί
3497 4620 3678 4693 σκέψει
3710 4621 3826 4692 (24)

420 4707 569 4765 roris
591 4711 785 4779 partes
837 4721 971 4761 cum
1019 4706 1234 4761 virtute
1285 4706 1618 4763 consentire
1666 4724 1779 4764 non
1823 4714 2065 4780 queunt,

421 4795 607 4855 multo
640 4794 827 4869 magis
856 4793 1090 4849 virtutis
1121 4800 1177 4849 et
1208 4794 1467 4852 veritatis
1513 4799 1708 4867 partes
1746 4814 1877 4853 cum
1914 4814 2065 4856 erro.

421 4888 504 4945 ris
552 4884 820 4959 partibus
866 4884 1173 4940 convenire
1223 4901 1338 4941 non
1383 4889 1649 4957 possunt.
1703 4886 2070 4944 Mendacium

420 4976 578 5033 enim
624 4974 969 5031 adversatur
1042 4973 1292 5042 veritati,
1361 4980 1418 5030 et
1479 4975 1690 5032 veritas
1744 4977 2067 5035 mendacio.

489 5166 534 5203 ⁸³
565 5166 588 5221 Ι
617 5164 787 5222 Joan.
819 5179 874 5233 ν,
904 5164 960 5218 7.

517 5374 605 5441 17)
640 5375 826 5426 Docus
842 5368 1166 5441 obscurus.

517 5374 605 5441 17)
640 5375 826 5426 Docus
858 5373 1166 5424 obscurus.

490 5373 603 5515 (18)
632 5445 778 5515 Aug.
813 5438 995 5515 είσελη
1022 5438 1237 5515 ὐθεναμ

491 5506 602 5587 (19)
642 5506 1171 5587 ltaVRegiusflﬁditi
1202 5528 1332 5566 vero
1367 5515 1419 5565 et
1452 5509 1592 5581 aliii,
1654 5506 1885 5568 δέδοται.
1921 5514 2065 5570 Ibid.

418 5582 664 5659 August.
696 5582 910 5659 πιστοῖς
941 5584 975 5651 ἡ
1001 5582 1202 5659 ἄφεσις.

638 5660 782 5747 Aug.
826 5652 913 5707 καί
961 5649 1221 5756 νεκξοῦσα
1259 5650 1394 5756 (sub:
1443 5649 1851 5756 ἓμοξτογιοῢντας
1900 5654 2065 5724 αὐτὴν

574 5730 869 5756 .-ο...γ-..-..
901 5726 1048 5756 -.;..;.
1092 5743 1249 5756 κω...
1278 5742 1336 5756 ..η
1395 5744 1420 5756 ..
1487 5742 1539 5756 ..ρ
1582 5744 1749 5756 .,.....-

544 5720 872 5803 έυθμίζῖυσα
900 5726 998 5794 τήν
1024 5722 1336 5797 ὁδοιπορίαν
1371 5721 1420 5777 ὲν
1451 5720 1772 5802 ἀσελγείαις.

2180 4707 2361 4782 ἐξώσω
2412 4708 2499 4763 καὶ
2544 4707 2745 4780 ταύτην
2790 4708 2888 4777 τήν
2933 4705 3224 4784 τυραννίδα
3267 4714 3365 4777 τῆς
3410 4705 3718 4779 κενοδοξίας
3764 4707 3827 4761 ἐκ

2179 4805 2278 4867 τῆς
2338 4800 2522 4873 ψυχῆς
2586 4818 2713 4871 μου.
2768 4798 2886 4861 Ἀθ.
2947 4802 3109 4853 εἴπεν·
3170 4795 3234 4854 El
3292 4794 3382 4851 οὖν
3442 4795 3503 4851 οὐ
3557 4816 3824 4871 συγκατα-

2178 4888 2381 4943 τίθεται
2436 4886 2503 4941 τὰ
2557 4887 2694 4961 μέρη
2753 4889 2853 4953 τῆς
2912 4884 3124 4956 πλάνης
3183 4884 3260 4947 εἷς
3299 4886 3397 4955 τὴν
3432 4885 3646 4961 ἀρετήν,
3682 4883 3825 4939 πολὺ

2186 4975 2399 5049 μᾶλλον
2450 4974 2511 5031 οὐ
2570 4977 2852 5051 συντρέχει
2900 4976 2968 5032 τὰ
3018 4976 3157 5051 μέρη
3209 4978 3308 5041 τῆς
3339 4976 3530 5051 ἀρετῆς
3579 4975 3669 5028 καὶ
3722 4974 3826 5040 τῆς

2249 5373 2363 5445 (21)
2396 5372 2494 5429 Hic
2526 5372 2859 5445 addendum
2891 5372 3120 5429 videtur
3151 5372 3250 5445 μή.

2269 5440 2360 5517 22)
2394 5445 2534 5517 Reg.
2565 5444 2627 5517 τὸ
2659 5440 2882 5517 ἔνδυμα.

2269 5511 2359 5588 23)
2395 5511 2531 5589 Reg.
2567 5512 2624 5569 δὲ
2653 5511 2892 5629 γέμοντα
2922 5511 3250 5593 δυσφημίας.

2269 5590 2355 5629 9:“
2392 5590 2515 5629 Ana
2569 5587 2611 5629 εί
2646 5608 2705 5629 ην
2740 5590 2811 5629 ιίιτι
2867 5588 2993 5629 Mn?
3027 5588 3123 5629 σι’-ἤν
3166 5593 3250 5629 nni

2268 5582 2355 5661 24)
2386 5582 2533 5661 Aug.
2569 5582 2833 5661 είσκέψῃ.
2867 5588 2997 5661 Mox
3166 5591 3298 5661 ante
3337 5582 3625 5661 τυραννίδα
3655 5588 3823 5645 deest

2176 5657 2234 5713 in
2266 5657 2594 5731 erlitisfscd
2628 5657 2841 5735 legitur
2868 5659 2928 5715 in
2954 5660 3309 5732 quibusdam
3341 5657 3485 5716 mss.
