4108 6210
384 397 496 457 501
1410 399 1671 462 SERMO
1717 401 2022 463 CONTRA
2074 401 2342 461 OMNES
2391 398 2790 459 HERESES.
3689 397 3808 457 502

377 525 644 597 ἀληθείας
695 529 812 589 τοῖς
870 525 1052 603 μέρεσι
1108 533 1209 598 τῆς
1256 527 1501 600 πλάνης.
1558 531 1879 588 Ἀντίκιιται
1939 532 1999 605 γὰ

2185 531 2299 587 lam
2323 535 2641 600 utrumque
2657 527 2890 584 illorum
2910 544 2978 584 ex
2995 527 3186 584 fructu
3207 528 3807 608 cognoscitur,quem-

375 619 446 689 τῇ
495 614 729 687 ἀληθείᾳ
782 617 843 670 τὸ
900 613 1122 690 ψεῦδος,
1177 618 1265 673 καὶ
1313 623 1393 692 τῷ
1452 617 1636 693 ψεύδει
1686 619 1973 675 ἀντίκειται

1313 623 1393 692 τῷ
1452 617 1636 693 ψεύδει
1686 619 1973 675 ἀντίκειται
2005 622 2039 691 ἡ
2153 621 2468 676 admodum
2502 618 2648 673 dixit
2675 617 2919 674 Veritas.

376 701 650 774 ἀλήθεια·
711 701 934 760 ἕκαστον
994 707 1098 783 γὰρ
1153 708 1361 762 τούτων
1419 706 1477 762 ἐκ
1529 709 1625 764 τοῦ
1684 714 1894 784 καρποῦ
1951 730 2039 784 γι-

371 792 667 865 νώσκεται,
697 795 876 859 καθὼς
905 793 1007 872 ἔφη
1039 797 1073 865 ἡ
1108 795 1388 867 Ἀλήθεια.

450 900 789 979 Ἔπληρώθη
825 902 916 979 σὺν
950 907 1066 979 Θεῷ
1094 906 1257 979 ἡ-τοῦ
1290 903 1449 979 ἁγίου
1482 906 1798 962 Ἀθανασίου
1836 906 1970 961 κατᾶ

2221 905 2522 978 Completa
2551 909 2639 960 est
2668 921 2801 979 cum
2835 904 2950 979 Deo
2970 905 3166 979 sancti
3193 904 3490 979 Athanasii
3522 903 3804 960 adversus

885 975 1102 1050 Ἀρείου
1133 975 1376 1052 ἀριστεία
2368 975 2384 978 -

2368 975 2384 978 ’
2680 977 2884 1032 Arium
2924 977 3265 1048 disputatio.

373 1190 398 1214 ᾗ
437 1121 723 1214 (ﬁlling
754 1122 1250 1214 adﬁnem‘usque
1275 1125 1490 1214 desunt
1519 1124 1925 1214 in‘A'pgl’icano
1957 1129 2014 1182 et
2043 1128 2410 1199 Augustano,
2440 1139 2693 1195 quorum
2723 1121 2850 1178 loco
2881 1123 2941 1178 in
2992 1122 3130 1194 Reg.
3194 1121 3427 1193 legitur,
3477 1116 3645 1181 Τὲλος
3704 1121 3800 1173 τοῦ

369 1192 725 1247 διαλεκτικοῦ
755 1197 852 1247 τοῦ
888 1192 1130 1270 μεγάλου
1147 1192 1478 1260 ὟΑθανοισίου
1509 1196 1598 1251 καὶ
1631 1192 1859 1272 Ἀρείου.

379 1357 814 1370 _—_

1409 1489 1479 1545 IN
1521 1488 1840 1556 SEQUENS
1865 1487 2306 1544 ‘OPUSCULUM
2349 1484 2767 1542 ADMONITIO.

442 1602 484 1656 Ι.
521 1602 713 1658 Sermo
736 1610 935 1658 contra
959 1618 1142 1658 omnes
1173 1602 1406 1660 haereses
1436 1604 1668 1659 habetur
1698 1607 1758 1660 in
1785 1605 2033 1675 antiquis
2061 1603 2363 1669 codicibus,
2391 1607 2444 1657 et
2473 1603 2535 1656 in
2563 1601 2960 1656 Athanasianis
2987 1595 3420 1665 collectionibus,
3449 1595 3540 1652 sed
3571 1597 3629 1651 in
3670 1595 3793 1667 pte-

362 1707 562 1763 mque
620 1707 744 1746 cum
799 1699 929 1747 nota
988 1692 1301 1763 abjudicati
1357 1693 1654 1748 Athanasio
1713 1693 1982 1765 opusculi.
2042 1692 2135 1748 Sic
2164 1709 2223 1746 in
2254 1691 2587 1762 Segueriano
2615 1690 2804 1745 codice
2830 1690 3030 1760 legitur
3060 1687 3131 1742 ad
3159 1689 3492 1756 marginem,
3525 1683 3668 1754 ξένος
3701 1683 3791 1739 καὶ

363 1776 624 1853 χυδαῖος,
656 1780 849 1851 supple
879 1777 1065 1853 λόγος,
1101 1781 1166 1835 id
1194 1789 1290 1844 est,
1327 1781 1498 1836 Liber
1525 1788 1836 1838 extraneos
1865 1786 1923 1838 et
1953 1781 2168 1837 l'usiore
2201 1781 2349 1852 stylo
2381 1780 2731 1850 descriptus.
2764 1778 2904 1848 Quid
2932 1779 2992 1832 in
3024 1777 3473 1833 Commelinianis
3520 1775 3791 1834 codicibus

365 1877 614 1939 notetur,
667 1878 927 1925 accurate
993 1871 1236 1942 explicat
1289 1871 1706 1941 Felckmannus,
1742 1871 1823 1927 his
1852 1872 2029 1926 verbis
2061 1889 2080 1926 :
2110 1872 2312 1926 Exstat
2343 1870 2436 1924 hic
2468 1869 2526 1924 in
2559 1869 2861 1925 codicibus
2893 1866 3220 1933 Basiliensi,
3254 1865 3622 1935 Gobleriano,
3653 1870 3709 1922 et
3733 1866 3786 1921 l.

365 1959 655 2015 Caeterum
691 1961 762 2014 ad
796 1958 1028 2015 initium
1065 1961 1194 2030 ejus
1227 1959 1344 2016 haec
1376 1965 1575 2016 notata
1605 1962 1663 2015 in
1697 1961 1896 2030 Basil.,
1933 1959 2082 2036 ἄφες,
2115 1959 2190 2028 μὴ
2223 1957 2460 2033 γράψῃς.
2501 1960 2658 2026 Quae,
2691 1957 2832 2028 quid
2866 1957 2977 2012 sibi
3011 1955 3204 2022 velint,
3240 1953 3436 2011 nescio
3491 1954 3622 2026 (imo
3678 1958 3793 2012 haec

365 2049 544 2120 plana
590 2052 644 2104 et
702 2057 892 2120 aperta
949 2051 1102 2118 sunt,
1159 2051 1582 2121 signiﬁcantque
1611 2067 1630 2105 :
1661 2051 1820 2106 hunc
1877 2049 2213 2120 relinquito,
2261 2064 2363 2104 nec
2394 2048 2715 2118 describas)
2749 2063 2762 2101 :
2797 2045 2909 2102 nisi
2941 2045 3086 2101 forte
3119 2045 3272 2100 idem
3305 2045 3457 2115 quod
3490 2044 3791 2100 Romanus

367 2146 752 2209 anagnostes,
786 2138 1061 2194 similiter
1089 2139 1162 2193 ad
1195 2139 1322 2209 ejus
1355 2139 1614 2206 initium,
1648 2141 1707 2195 in
1739 2140 1935 2195 codice
1965 2139 1989 2195 (

2168 2139 2308 2194 'iano
2335 2137 2428 2193 his
2457 2137 2647 2193 verbis
2679 2154 2692 2203 ;
2726 2132 2898 2196 Οὗτος
2931 2134 2958 2188 ὁ
2993 2133 3179 2208 λόγος,
3212 2132 3286 2194 ὡς
3319 2130 3443 2204 ἐμοί
3501 2153 3562 2207 γε
3623 2129 3790 2203 δοκεῖ,

361 2225 427 2279 οὗ
488 2223 588 2279 τοῦ
653 2223 897 2298 μεγάλου
955 2227 1164 2301 ΙΙατρὸς
1223 2227 1542 2282 ’ΔΘανασίου
1574 2224 1912 2296 ἐστὶν,ἀΛλὰ
1943 2225 1983 2297 ξέ

2172 2247 2216 2288 ›ς
2248 2225 2337 2280 καὶ
2371 2222 2601 2300 χυδαῖος
2630 2224 2706 2285 ὡς
2735 2223 2802 2278 τὰ
2831 2222 3081 2278 πλεῖστα.
3117 2224 3195 2292 (Id
3223 2231 3318 2290 est,
3351 2222 3453 2277 Hic
3485 2238 3701 2288 sermo,
3730 2226 3794 2280 ut

362 2315 516 2370 mihi
551 2315 787 2386 quidem
819 2316 1069 2385 videtur,
1103 2333 1478 2388 nequaquam
1509 2323 1600 2373 est
1630 2318 1827 2390 mngni
1860 2317 2046 2373 Patris
2076 2315 2404 2384 Athanasii,
2437 2315 2537 2370 sed
2569 2314 2816 2382 alienus,
2851 2317 3026 2385 atque
3058 2317 3122 2368 ut
3169 2311 3513 2383 plurimum,
3574 2312 3792 2367 l‘usiore

357 2403 520 2476 style
553 2405 936 2476 descriptus.)
965 2405 1094 2460 Haec
1123 2405 1224 2461 ibi.
1257 2407 1480 2470 Quibus
1511 2406 1730 2462 similia
1761 2407 1833 2462 ad
1866 2406 2137 2461 eumdem
2171 2405 2228 2460 in
2264 2403 2434 2460 Basil.
2468 2403 2596 2458 cod.
2630 2403 2833 2458 statim
2865 2401 3054 2470 initio,
3090 2401 3189 2456 ubi
3222 2400 3596 2472 prmmittitur
3632 2404 3788 2456 cata-

361 2492 543 2566 logus
578 2493 860 2548 librorum
896 2494 956 2548 in
988 2511 1055 2550 eo
1089 2500 1516 2563 contentorum,
1550 2495 1672 2550 haec
1703 2512 1716 2550 :
1754 2495 1836 2548 ’Ev
1870 2496 1937 2566 τῇ
1974 2495 1983 2568 ι

2181 2498 2280 2560 τῆς
2344 2497 2515 2563 μονῆς
2573 2493 2670 2543 τοῦ
2731 2489 2886 2564 ἁγίου
2943 2487 3260 2545 Ἀθανασίου
3317 2486 3456 2542 ἐστὶν
3513 2487 3781 2564 ἐπιγραφὴ

357 2579 568 2642 ἄνωθεν
622 2578 718 2634 τοῦ
776 2580 1038 2657 παρόντος
1099 2581 1286 2657 λόγου,
1348 2578 1555 2658 ἔχουσα
1607 2581 1805 2644 οὕτως*
1864 2584 1923 2639 Ὁ
1980 2582 2164 2656 παρὼν
2227 2579 2388 2656 λόγος
2449 2579 2547 2634 οὐκ
2577 2576 2686 2633 ἔστι
2717 2583 2814 2634 τοῦ
2849 2577 3087 2654 μεγάλου
3119 2575 3432 2631 Ἀθανασίου
3467 2574 3612 2630 ἀλλὰ
3641 2575 3783 2646 ξένος

352 2668 450 2723 καὶ
485 2666 717 2744 χυδαῖος
747 2671 937 2741 Ἡμεῖς
970 2667 1026 2725 δὲ
1055 2670 1373 2745 πρόσταγμα
1403 2669 1742 2746 πληροῦντες
1775 2693 1970 2746 μετεγρ

2161 2694 2184 2724 ν
2218 2671 2548 2727 καὶτοῦτον.
2582 2670 2659 2741 (Id
2716 2674 2816 2739 est,
2868 2671 2929 2724 In
2989 2668 3139 2723 libro
3200 2665 3538 2723 monasterii
3597 2666 3783 2723 sancti

361 2759 699 2827 Athanasii,
761 2760 896 2815 huic
947 2760 1096 2817 libro
1155 2761 1276 2817 haec
1335 2763 1692 2835 praeponitur
1720 2763 2024 2833 inscriptio
2057 2778 2071 2816 :
2108 2762 2209 2818 Hic
2235 2762 2384 2816 liber
2413 2778 2528 2816 non
2559 2766 2650 2815 est
2679 2759 2876 2831 magni
2909 2757 3230 2824 Athanasii,
3279 2757 3379 2811 sed
3436 2755 3699 2826 spurius,
3729 2761 3786 2812 et

359 2849 590 2905 fusiore
622 2849 771 2922 stylo
802 2852 1191 2922 conscriptus.
1223 2854 1294 2907 At
1324 2869 1431 2908 nos
1458 2858 1522 2907 ut
1552 2853 1715 2922 iussa
1745 2851 2194 2924 compleremus,
2227 2868 2360 2906 eum
2419 2866 2654 2921 quoque
2710 2848 3216 2920 transcripsimus.
3249 2848 3269 2914 )
3299 2847 3433 2911 Quae
3490 2849 3787 2916 postrema

353 2939 646 2994 videntur
696 2954 824 2995 esse
851 2943 948 2992 τοῦ
971 2938 1314 3015 Δοξαπάτρου
1349 2942 1538 3006 verba,
1573 2942 1907 2997 excusantis
1940 2958 2002 2998 se
2031 2958 2133 2996 cur
2167 2941 2322 2996 hunc
2354 2955 2685 2995 sermonem
2728 2937 3124 3009 descripserit,
3158 2952 3294 2991 cum
3327 2934 3405 2990 sit
3436 2933 3694 3005 spurius,
3729 2938 3787 2990 et

361 3028 443 3083 ad
481 3029 612 3098 ejus
645 3028 1073 3101 frontispicinm
1106 3031 1186 3086 sit
1216 3035 1484 3087 notatum
1516 3047 1588 3087 ne
1621 3031 2008 3087 describatur.
2043 3033 2163 3086 Haec
2192 3030 2610 3099 Fclc/tmannus,
2659 3029 2817 3100 cujus
2875 3028 3005 3083 locis
3059 3027 3247 3084 (ἓν-κει
3302 3027 3518 3080 tantum
3573 3022 3784 3089 allatis,

358 3117 629 3172 Latinam
658 3118 1120 3189 signiﬁcationem
1148 3136 1248 3176 nos
1276 3122 1606 3192 adjecimus.

442 3203 513 3258 II.
549 3211 719 3261 Porro
749 3222 819 3261 ea:
848 3207 994 3262 hisce
1021 3209 1267 3263 codicum
1296 3210 1502 3265 notatis
1530 3211 1716 3279 palam
1747 3219 1824 3266 est
1844 3209 2068 3281 jamdiu
2092 3209 2238 3264 hunc
2267 3208 2473 3263 librum
2503 3209 2654 3262 inter
2711 3205 3088 3262 Athanasiana
3143 3217 3484 3274 comparere,
3541 3217 3661 3256 cum
3725 3204 3785 3256 in

348 3295 444 3348 iis
501 3294 798 3365 codicibus,
858 3313 932 3350 ea:
959 3297 1156 3370 quibus
1188 3298 1750 3354 Commelinianorum
1779 3301 2154 3370 antiquissimi
2180 3299 2505 3368 transcripti
2533 3301 2661 3351 sunt
2691 3312 2815 3351 cum
2841 3295 3137 3350 Athanasii
3162 3294 3442 3365 operibus,
3474 3291 3652 3347 locum
3678 3291 3782 3346 ha-

352 3384 568 3438 buerit.
600 3386 876 3440 Orationis
905 3392 1094 3442 autem
1123 3403 1314 3456 genus,
1344 3393 1405 3442 ut
1437 3393 1654 3444 monent
1684 3404 2065 3454 amanuenses,
2096 3388 2336 3442 multum
2375 3387 2633 3442 abhorret
2667 3402 2701 3440 a
2743 3385 2927 3440 sancti
2979 3383 3207 3439 doctoris
3261 3382 3430 3454 stylo,
3487 3380 3636 3451 quod
3683 3395 3780 3435 ne-

349 3487 460 3526 mo
507 3488 640 3526 sane
694 3489 804 3527 non.
860 3474 1060 3530 videat.
1119 3478 1268 3530 Patet
1326 3485 1509 3532 tamen
1541 3495 1611 3532 ea:
1642 3477 1929 3533 Athanasii
1955 3477 2206 3549 operibus
2233 3491 2551 3547 expressum
2581 3473 2910 3546 opusculum
2939 3473 3144 3542 fuisse;
3175 3473 3232 3526 in
3264 3486 3324 3526 eo
3348 3471 3546 3541 quippe
3575 3468 3777 3524 eaedem

350 3560 599 3615 haeresse
626 3560 1050 3634 impugnantur,
1083 3581 1217 3634 quas
1249 3567 1308 3621 in
1335 3569 1503 3620 variis
1532 3567 1820 3622 Athanasii
1844 3583 2071 3637 operum
2101 3567 2233 3622 locis
2261 3567 2564 3634 confutatas
2594 3563 2876 3627 videmus;
2904 3577 3138 3633 quarum
3165 3560 3462 3616 nonnullas
3518 3557 3581 3611 ὲκ
3635 3575 3772 3628 παρ-

347 3649 526 3720 έργου
581 3654 800 3705 tantum
854 3656 1076 3708 sanctus
1134 3655 1323 3709 doctor
1366 3671 1662 3727 aggressus
1707 3661 1804 3711 est.
1850 3657 1948 3710 Hic
1974 3657 2152 3727 primo
2183 3655 2294 3710 loco
2325 3655 2526 3708 Ariani
2555 3655 2930 3722 exagitantur,
2962 3665 3094 3721 quos
3124 3651 3256 3704 item
3285 3650 3495 3719 priores
3524 3646 3773 3702 Athana-

346 3739 480 3793 sius
510 3737 730 3793 adortus
759 3745 873 3803 est;
906 3745 1202 3813 postremo,
1261 3745 1695 3814 Apollinaristc'e,
1757 3748 1851 3815 qui
1903 3747 2165 3816 postremi
2221 3744 2293 3799 ab
2350 3744 2653 3798 Athanasio
2699 3743 3073 3810 confutantur.
3133 3740 3230 3792 Hic
3285 3735 3772 3792 Pneumatomachi

349 3835 632 3882 vocantur
665 3830 894 3900 Tropici,
926 3848 1091 3902 quam
1121 3848 1301 3888 vocem
1329 3850 1609 3904 nusquam
1637 3835 1869 3888 memini
1897 3849 1982 3888 me
2013 3833 2120 3889 hac
2148 3835 2416 3888 sententia
2445 3833 2659 3901 legisse,
2693 3831 2804 3883 nisi
2831 3827 2976 3899 apud
3005 3827 3375 3883 Athanasium
3404 3826 3461 3878 in
3515 3823 3770 3893 Epistolis

351 3916 437 3971 ad
493 3917 892 3988 Serapionem.
951 3921 1154 3975 Eadem
1210 3938 1418 3993 quoque
1445 3925 1503 3978 in
1533 3923 1631 3979 hoc
1657 3938 1818 3994 opere
1847 3923 2102 3978 adversus
2133 3923 2416 3979 haereticos
2446 3922 2794 3988 usurpantur
2821 3919 3164 3987 argumenta,
3198 3932 3316 3986 qum
3342 3913 3417 3968 ab
3446 3912 3766 3968 Athanasio.

348 4007 640 4062 Ceterum
669 4009 764 4078 qui
792 4007 881 4062 hic
908 4012 1265 4079 con/utantur
1291 4012 1562 4077 haeretici,
1595 4012 1655 4068 hi
1682 4017 1809 4066 sunt
1836 4031 1858 4066 .·
1886 4012 2104 4079 Ariani,
2140 4013 2370 4083 Tropici,
2414 4010 2622 4064 Paulus
2670 4007 3085 4072 Samosatensis,
3143 4001 3447 4071 Manichzi,
3504 4001 3768 4068 Marcion,

355 4095 706 4167 Valentinus,
767 4099 1051 4170 Basilides,
1112 4101 1392 4170 Hieracas,
1449 4101 1708 4168 Novatus,
1766 4101 2028 4172 Phryges,
2086 4100 2521 4172 Apollinarium,
2554 4097 2616 4153 de
2646 4095 2840 4167 quibus
2867 4094 3117 4151 omnibus
3145 4094 3329 4165 agitur
3361 4092 3420 4148 in
3443 4092 3772 4163 praefatione

341 4184 630 4257 generali.

2028 4308 2097 4319 ..ο-η

1507 4404 1637 4461 ΤΟΥ
1684 4405 1773 4460 ΕΝ
1811 4403 2039 4460 ΑΓῙΟΙΣ
2082 4404 2352 4460 ΠΑΤΡΟΣ
2393 4407 2586 4458 ΗΜΩΝ

1703 4551 2432 4648 ΑΘΑΝΑΣΙΟΥ

1541 4729 1719 4780 ΚΑΤΑ
1761 4726 1991 4781 ΙΙΑΣΩΝ
2027 4724 2167 4781 ΤΩΝ
2206 4725 2571 4781 ΛΙΡΕΣΕΩΝ.

1479 4971 1570 5066 S.
1625 4973 1722 5065 P.
1785 4971 1896 5066 N.
1959 4970 2639 5067 ATHANASII

1593 5140 1852 5200 CONTRA
1897 5141 2122 5199 OMNES
2169 5140 2509 5198 HEBESES.

410 5408 464 5463 Ι.
497 5407 568 5461 Τὸ
624 5403 982 5482 προκείμενον
1030 5407 1137 5464 ἀπὸ
1182 5412 1280 5463 τοῦ
1338 5408 1671 5485 Εὐαγγελίου
1717 5415 1814 5466 τοῦ
1861 5416 1994 5469 κατὰ

2178 5419 2228 5471 1.
2288 5416 2452 5480 Quod
2521 5412 2867 5487 proponitur
2928 5427 2998 5466 ex
3061 5407 3372 5481 Evangelio
3428 5406 3753 5463 secundum

335 5495 617 5565 Ἰωάννην·
654 5520 682 5547 ‹‹
719 5496 808 5552 Ἐν
860 5496 1006 5572 ἀρχῇ
1055 5498 1118 5569 ᾖν
1151 5498 1180 5550 ὁ
1230 5497 1408 5572 Λόγος
1459 5501 1591 5573 (26),
1624 5501 1711 5554 καὶ
1753 5502 1781 5554 ὁ
1817 5502 1957 5578 Λόγο

2129 5507 2384 5561 ὀθῐιῐιεῐη
2420 5505 2532 5562 talc
2563 5508 2649 5560 est
2683 5521 2694 5558 :
2730 5526 2757 5553 ‹‹
2790 5503 2855 5557 In
2888 5500 3173 5574 principio
3203 5502 3328 5554 erat
3356 5496 3636 5564 Verbum,
3695 5500 3751 5550 et

333 5585 402 5656 ᾖν
433 5585 574 5658 πρὸς
620 5585 715 5640 τὸν
766 5585 915 5655 Θεὸν,
945 5586 1034 5642 καὶ
1077 5587 1204 5648 Θεὸς
1245 5585 1308 5660 ᾖν
1343 5587 1371 5642 ὁ
1405 5587 1607 5663 Λόγος.
1639 5589 1810 5653 Οὗτος
1837 5592 1902 5664 ᾗ)
1937 5590 1955 5647 ἐ

2124 5595 2351 5652 lerbum
2411 5598 2536 5652 erat
2591 5593 2747 5666 apud
2805 5591 3012 5661 Deum,
3056 5593 3114 5647 et
3139 5590 3295 5648 Deus
3324 5590 3448 5645 erat
3471 5585 3746 5642 Verbum.

407 5737 522 5810 (se)
555 5736 726 5797 Gobl.
759 5743 818 5798 et
846 5738 1000 5800 Felc.
1027 5740 1080 5814 1,
1107 5739 1194 5798 Ἐν
1225 5737 1395 5819 ἀρχῇ,
1428 5739 1614 5821 φησὶν,
1643 5744 1732 5812 ἦν.
