4108 6210
296 328 414 386 503

1463 319 1524 377 S.
1575 317 2097 379 ATHANASIUS.
2131 353 2206 362 —
2240 321 2547 381 SPURIA.

3597 324 3726 385 504

294 460 406 514 Hoc
435 460 560 513 erat
585 456 644 510 in
679 454 965 527 principio
994 453 1150 526 apud
1184 451 1604 507 Deum.0mnia
1626 467 1724 523 per
1749 452 1941 519 ipsum

2060 449 2206 526 ἀρχῇ
2250 452 2387 526 πρὸς
2433 452 2524 507 τὸν
2572 453 2698 508 est.
2749 456 2885 527 (27).
2936 455 3117 509 Πάντα
3166 451 3235 509 δι’
3286 454 3450 509 αύτοῦ
3483 455 3724 531 ἐγένετο,

292 550 440 603 l'acta
467 548 627 615 sunt,
660 546 718 599 et
747 544 875 599 sine
906 543 1034 615 ipso
1066 542 1284 597 factum
1319 544 1407 596 est
1437 539 1605 610 nihil,
1658 540 1813 612 quod
1862 540 1944 594 fa-

291 643 449 693 ctum
509 639 600 689 est
654 634 717 689 9‘.
756 654 782 682 »
814 631 1036 704 Singuli
1072 636 1408 686 sanctorum
1444 630 1858 702 prophetarum
1890 633 1949 683 et

291 724 784 797 evangelistarum
817 737 950 776 cum
985 720 1348 792 perspicaces
1377 724 1593 785 essent,
1626 722 1682 773 et
1726 718 1947 790 Spiritu

292 818 493 871 sancto
543 810 747 877 atﬂati,
783 825 1057 881 magnam
1091 813 1475 879 sanctamque
1506 807 1753 862 salutem
1785 823 1951 862 enar-

292 908 423 958 rant
452 900 758 957 hominum
793 898 988 971 generi
1023 898 1302 953 futuram.
1328 898 1435 953 Sed
1470 896 1679 951 dixerit
1708 896 1946 969 aliquis,

289 989 636 1059 Quomodo?
671 991 1060 1060 Interpretare
1092 987 1282 1042 nobis.
1315 986 1488 1053 Audi,
1522 985 1748 1040 dilecte.
1808 990 1947 1039 Pro-

286 1083 495 1155 pheta,
550 1079 634 1136 uti
692 1096 873 1152 supra
904 1078 1043 1145 dixi,
1078 1077 1447 1151 perspicaces
1478 1092 1609 1131 cum
1644 1075 1781 1145 sint,
1816 1080 1949 1132 ante

284 1175 369 1228 tot
417 1169 845 1244 generationes,
895 1184 1023 1239 quae
1083 1167 1279 1221 futura
1334 1170 1472 1221 sunt
1527 1165 1946 1238 praenuntiant,

286 1262 558 1331 clareque
590 1259 743 1315 182
799 1257 996 1312 futura
1054 1255 1352 1323 exhibent,
1413 1253 1582 1327 quasi
1641 1254 1950 1326 praesentia

287 1353 509 1407 essent.
574 1348 901 1418 Itidemque
931 1344 1125 1415 magni
1156 1344 1552 1417 evangelista,
1587 1360 1713 1415 qua:
1747 1344 1816 1398 de
1848 1344 1948 1398 ad-

284 1443 458 1495 ventu
490 1436 729 1493 Verbia
790 1434 1094 1507 prophetis
1154 1433 1433 1505 praedicta
1493 1433 1674 1503 fuere,
1730 1431 1948 1503 singuli

286 1528 657 1593 conﬁrmant,
698 1524 948 1597 allegata
1004 1522 1105 1579 illa
1142 1522 1652 1595 praenuntiatione.
1686 1520 1946 1593 Exempli

288 1635 465 1674 causa
499 1634 511 1672 :
547 1631 798 1688 magnus
828 1613 1011 1670 Isaias
1042 1612 1323 1685 propheta
1354 1611 1436 1667 ait
1468 1628 1481 1667 :
1514 1633 1542 1661 «ι
1599 1610 1775 1674 Quasi
1826 1609 1949 1666 ovis

287 1708 359 1763 ad
417 1704 766 1761 occisionem
815 1703 1028 1758 ductus
1077 1705 1187 1767 est,
1221 1706 1279 1756 et
1329 1700 1499 1772 quasi
1531 1716 1720 1771 agnus
1751 1715 1948 1754 coram

284 1796 564 1852 tondente
593 1810 656 1850 se
687 1793 814 1849 sine
844 1808 1004 1860 voce,
1039 1791 1122 1847 sic
1153 1807 1267 1845 non
1301 1790 1489 1861 aperit
1516 1807 1581 1845 os
1625 1805 1823 1844 suum.
1878 1788 1947 1843 Et

280 1886 341 1942 in
374 1884 706 1942 humilitate
729 1881 1022 1955 judicium
1055 1881 1183 1951 ejus
1217 1878 1515 1935 sublatum
1547 1881 1656 1934 est.
1688 1878 1940 1933 Genera-

278 1974 495 2031 tionem
529 1974 657 2046 ejus
688 1972 822 2045 quis
847 1969 1181 2027 enarrabit‘?
1208 1968 1408 2022 Vibice
1438 1967 1567 2038 ejus
1599 1983 1704 2023 nos
1734 1982 1940 2023 omnes

282 2064 471 2121 sanati
499 2079 707 2119 sumus
738 2062 800 2115 9‘.
839 2082 867 2111 »
898 2059 1040 2117 Cum
1075 2058 1410 2114 advenisset
1435 2061 1631 2112 autem
1664 2056 1760 2129 qui
1793 2074 1938 2129 prse-

282 2154 593 2211 nuntiatus
626 2154 836 2220 fuerat,
862 2165 1116 2220 eumque
1146 2150 1591 2220 praetereuntem
1616 2145 1941 2217 conspexis-

278 2248 367 2300 set
398 2258 649 2313 magnus
681 2241 939 2297 Joannes
970 2238 1255 2309 Baptista,
1291 2234 1436 2291 illud
1472 2234 1724 2307 implens
1783 2236 1937 2307 quod

278 2332 621 2404 praedictum
688 2330 799 2385 fuit
860 2344 965 2400 per
1026 2327 1238 2382 Isaiam
1310 2324 1677 2398 prophetam,
1746 2324 1935 2381 dicit:

283 2444 311 2473 ‹‹
342 2423 483 2478 Ecce
515 2436 702 2493 agnus
732 2419 835 2474 Dei
868 2417 968 2490 qui
996 2415 1148 2471 tollit
1177 2419 1414 2488 peccata
1446 2414 1649 2469 mundi
1682 2415 1745 2467 οδ.
1784 2436 1806 2463 ι
1856 2414 1937 2470 En

279 2511 388 2568 tibi
446 2508 741 2582 pr0phetae
799 2522 999 2562 vocem
1031 2504 1338 2560 conﬁrmat
1376 2518 1627 2575 magnus
1658 2503 1937 2575 Baptista.

280 2598 564 2656 Similiter
592 2612 894 2653 sacrorum
918 2594 1015 2650 ille
1038 2593 1285 2649 antistes
1305 2592 1533 2664 Moyses
1556 2592 1627 2647 de
1648 2593 1938 2662 ejusmodi

280 2689 490 2757 vibice,
524 2704 626 2761 per
656 2702 829 2758 quem
863 2684 1206 2740 universum
1239 2682 1567 2737 humanum
1603 2696 1792 2753 genus
1849 2698 1940 2735 sa-

279 2778 462 2834 lutem
525 2778 952 2832 consecuturus
1012 2776 1155 2838 erat,
1204 2771 1347 2843 quid
1380 2770 1505 2825 ait?
1540 2791 1561 2820 ι
1597 2769 1941 2825 Maledictus

283 2867 476 2924 omnis
498 2867 598 2938 qui
623 2864 839 2937 pendet
855 2863 912 2917 in
941 2861 1100 2934 ligno
1117 2861 1157 2895 9"
1177 2878 1188 2916 :
1207 2882 1234 2911 ››
1251 2876 1317 2914 ac
1334 2875 1570 2915 rursum
1590 2876 1603 2915 :
1623 2858 1942 2913 «Videbitis

277 2956 457 3011 vitam
488 2959 744 3011 vestram
778 2966 1131 3023 suspensam
1165 2950 1222 3004 in
1252 2948 1412 3021 ligno
1442 2949 1505 3003 ⁸⁸.
1537 2972 1559 3001 ε
1587 2948 1710 3003 Νοη
1745 2948 1943 3021 posuit

282 3044 475 3117 primo
508 3044 633 3098 loco
660 3039 1079 3112 vitam,deinde
1110 3037 1719 3105 maledictionem;sed
1752 3037 1941 3108 primo

278 3133 773 3198 maledictionem,
807 3135 1008 3202 postea
1037 3129 1237 3183 vitam.
1271 3127 1475 3183 Decuit
1534 3127 1691 3181 enim
1752 3126 1941 3199 primo

2054 540 2143 592 καὶ
2175 539 2352 616 χωρὶς
2391 539 2555 595 αὐτοῦ
2604 541 2814 616 ἐγένετο
2862 540 2985 597 οὐδὲ
3035 541 3115 611 ἓν,
3146 543 3175 597 ’ὀ
3222 544 3451 619 γέγονεν,
3488 568 3516 594 ››
3548 545 3719 601 Ἕκα-

2057 648 2180 690 στος
2211 627 2319 683 τῶν
2352 629 2519 704 ἁγίων
2570 636 2865 709 προφητῶν
2904 633 2993 687 καὶ
3042 632 3436 708 εύαγγελιστῶν
3466 678 3479 702 ,
3527 630 3719 709 διορα-

2053 717 2197 772 τικοὶ
2230 713 2399 789 ὄντες,
2430 718 2518 774 καὶ
2569 719 2931 795 ἐνηχούμενοι
2986 721 3087 776 ὑπὸ
3115 725 3211 775 τοῦ
3246 721 3558 794 Ιῐνεύματος
3610 727 3718 778 τοῦ

2058 806 2238 881 άγίου,
2266 805 2579 883 διηγοῦνται
2631 809 2801 863 πάσαν
2852 811 2951 879 τὴν
3006 810 3153 885 ἁγίαν
3183 810 3272 865 καὶ
3331 809 3573 887 μεγάλην
3606 834 3722 867 σω-

2055 894 2271 969 τηρίαν,
2302 898 2402 965 τήν
2440 896 2749 971 μέλλουσαν
2778 899 3018 973 γίνεσθαι
3060 904 3138 971 τῷ
3168 898 3309 974 γένει
3356 905 3463 954 τῶν
3496 901 3722 977 ἀνθρώ-

2058 1005 2173 1039 πων
2408 985 2569 1041 ’Λλλ’
2608 985 2719 1059 ἐρεῖ
2760 1009 2867 1057 τις,
2921 993 3093 1057 Πῶς;
3142 990 3508 1063 Ἐρμήνευσον
3551 994 3721 1063 ἡμῖν.

2059 1074 2347 1146 Ἀκουσον,
2398 1076 2660 1151 ἀγαπητέ.
2712 1077 2773 1129 O't
2820 1078 2914 1149 μὲν
2966 1084 3264 1155 προφῆται,
3296 1078 3475 1143 καθὼς
3526 1088 3725 1155 προεῖ-

2058 1184 2184 1232 πον,
2226 1160 2528 1239 διορατικοὶ
2578 1160 2750 1231 ὄντες,
2796 1166 3121 1237 σημαίνουσι
3171 1166 3237 1221 τὰ
3284 1165 3557 1239 μέλλοντα
3601 1168 3727 1224 ἔσει

2058 1264 2179 1315 σθαι
2228 1254 2334 1328 πρὸ
2380 1254 2654 1308 τοσούτων
2703 1259 2917 1330 γενεῶν,
2953 1252 3231 1317 δεικτικῶς
3284 1254 3610 1320 δεικνύοντες
3641 1259 3727 1320 ὡς

2058 1340 2295 1417 παρόντα
2338 1341 2406 1396 τὰ
2456 1340 2752 1414 μέλλοντα.
2786 1343 3024 1415 Ὁμοίως
3076 1344 3164 1399 καὶ
3196 1345 3248 1398 οἱ
3299 1345 3528 1420 μεγάλοι
3560 1345 3726 1422 εύαγ-

2057 1428 2300 1506 γελισταὶ
2331 1433 2445 1503 (29)
2477 1430 2563 1486 ἐπὶ
2594 1430 2663 1505 τῇ
2715 1429 2981 1504 ἐπιδημίᾳ
3024 1437 3120 1487 τοῦ
3172 1433 3376 1508 Λόγου,
3418 1436 3483 1489 τά
3511 1456 3733 1511 προκη-

2060 1520 2326 1594 ρυχθέντα
2373 1517 2462 1574 διά
2507 1524 2614 1574 τῶν
2660 1526 2956 1598 προφητῶν
3005 1516 3320 1597 βεϐαιοῦσιν
3371 1520 3591 1585 ἕκαστος
3617 1526 3730 1593 τὴν

2054 1608 2436 1683 προσημασίαν
2508 1608 2561 1664 έν
2594 1614 2708 1671 τοῖς
2744 1609 3117 1687 Εύαγγελίοις.
3144 1612 3295 1668 Οἴου*
3333 1613 3359 1666 6
3394 1611 3555 1688 μέγας
3586 1634 3731 1688 προ-

2058 1698 2238 1776 φήτης
2289 1696 2507 1761 Ἡσαΐας
2558 1697 2727 1774 λέγει’
2788 1722 2810 1752 ε
2846 1701 2934 1761 Ὠς
2988 1696 3263 1773 πρόϐατον
3317 1701 3403 1756 ἐπὶ
3588 1725 3727 1781 σφα-

2057 1786 2157 1861 γήν
2188 1783 2367 1862 ἤχθη,
2397 1786 2487 1841 καὶ
2519 1784 2593 1849 ὠς
2622 1786 2793 1859 ἀμνὸς
2846 1787 3083 1843 ἐναντίον
3128 1793 3224 1845 τοῦ
3254 1789 3533 1865 κείροντος
3563 1792 3723 1870 ἄφω-

2051 1896 2164 1945 νος,
2200 1876 2372 1939 οὕτως
2422 1875 2521 1931 οὐκ
2569 1877 2779 1951 ἀνοίγει
2823 1878 2886 1931 τὸ
2937 1878 3114 1950 στόμα
3164 1878 3349 1937 αὐτοῦ.
3399 1879 3500 1937 Καὶ
3549 1880 3601 1936 ἐν
3641 1885 3720 1956 τῇ

2047 1965 2363 2020 ταπεινώσει
2414 1967 2523 2039 (3ίι)
2572 1968 2607 2035 ἡ
2639 1965 2813 2041 κρίσις
2861 1965 3027 2022 αὐτοῦ
3066 1966 3236 2042 ἤρθη.
3270 1969 3385 2036 Τὴν
3433 1966 3490 2024 δὲ
3518 1972 3711 2044 γενεάν

2050 2053 2214 2109 αὑτοῦ
2245 2054 2324 2116 τίς
2360 2052 2679 2131 διηγήσεται
2707 2072 2721 2122 ;
2754 2058 2847 2127 Τῷ
2880 2055 3117 2128 μώλωπι
3163 2057 3327 2112 αὐτοῦ
3374 2060 3535 2131 ἡμεῖς
3565 2060 3709 2114 πάν-

2046 2164 2132 2204 τες
2165 2142 2415 2217 ἷάΘημεν.
2451 2167 2480 2195 »
2514 2141 2989 2217 Ἐπιδημήσαντος
3037 2142 3095 2200 δὶ
3144 2150 3241 2201 τοῦ
3290 2148 3711 2223 προσημανθέν-

2046 2253 2140 2295 τος
2166 2233 2302 2309 πρὸς
2331 2235 2503 2307 ἡμᾶς,
2553 2232 2642 2288 καὶ
2693 2234 2947 2311 ἑωρακὼς
2996 2237 3110 2308 (32)
3155 2235 3314 2291 αὐτὸν
3358 2237 3709 2313 παρερχόμε-

2047 2343 2137 2377 νον
2170 2323 2199 2377 ὁ
2234 2324 2401 2397 μέγας
2448 2329 2755 2391 Βαπτιστὴς
2805 2322 3080 2393 Ἰωάννης,
3129 2323 3360 2399 πληρῶν
3390 2326 3452 2380 τὸ
3495 2346 3712 2399 προση-

2053 2411 2246 2483 μανθῗεν
2307 2408 2394 2465 διά
2442 2408 2660 2466 Ἠσαίου
2706 2415 2802 2466 τοῦ
2849 2415 3140 2491 προφήτου
3190 2412 3356 2487 λέγει·
3412 2440 3438 2464 ‹‹
3490 2412 3630 2470 Ἰδοὺ
3678 2417 3713 2470 ὃ

2048 2500 2219 2573 ἀμνὸς
2252 2504 2347 2555 τοῦ
2378 2504 2533 2571 Θεοῦ,
2567 2502 2595 2556 6
2623 2497 2791 2576 αἶ’ρων
2840 2502 2939 2571 τῆν
2986 2501 3252 2578 ἁμαρτίαν
3283 2507 3383 2557 τοῦ
3412 2503 3642 2576 κόσμου.
3675 2528 3707 2555 π

2049 2587 2191 2647 Ἰδοὺ
2253 2583 2468 2664 βεϐαιοῖ
2522 2590 2620 2659 τὴν
2672 2597 3137 2668 προφητευθεῖσαν
3193 2593 3376 2669 φωνην
3430 2594 3457 2647 6
3535 2593 3709 2668 μέγας

2051 2678 2379 2747 Βαπτιστής.
2439 2677 2677 2750 Ὁμοίως
2736 2680 2848 2752 (33)
2894 2678 2986 2733 καὶ
3039 2680 3067 2733 6
3126 2681 3449 2758 ἱεροφάντης
3508 2684 3713 2750 Μωσῆς

2049 2766 2173 2843 περὶ
2203 2767 2398 2820 τούτου
2428 2771 2525 2821 τοῦ
2562 2766 2869 2839 μώλωπας,
2905 2765 2975 2822 δι’
3007 2769 3067 2822 οὗ
3100 2776 3201 2823 πᾶν
3252 2770 3313 2823 τὸ
3361 2774 3465 2825 τῶν
3499 2770 3713 2846 ἀνθρώ-

2050 2876 2166 2910 πων
2199 2856 2354 2930 γένος
2388 2855 2661 2931 σωτηρίας
2693 2854 2896 2928 ἔμελλε
2940 2856 3174 2933 μέτοχον
3220 2858 3479 2933 γίνεσθαι,
3509 2858 3561 2913 τί
3591 2862 3710 2932 (34)

2048 2942 2231 3019 ἓλεγεν
2290 2965 2303 3014 ;
2363 2969 2392 2996 ‹‹
2453 2946 2875 3022 Ἐπικατάρατος
2948 2953 3052 3009 πᾶς
3112 2949 3139 3002 6
3196 2946 3538 3022 κρεμάμενος
3617 2948 3705 3004 ἐπὶ

2051 3033 2262 3106 ξύλου·
2326 3058 2353 3087 ››
2413 3034 2504 3089 καὶ
2564 3032 2728 3089 πάλιν
2788 3033 2935 3111 λέγει
2972 3053 2985 3068 ·
3039 3039 3333 3111 «νοψεσθε
3397 3039 3500 3107 τήν
3559 3040 3703 3109 ζωήν

2055 3126 2205 3198 ὑμῶν
2266 3125 2614 3202 κρεμαμένην
2644 3123 2730 3179 ἐπὶ
2781 3122 2945 3195 ξύλου
3162 3151 3191 3178 ››
3224 3126 3339 3183 Ούκ
3389 3128 3503 3183 εἶπε
3554 3134 3707 3204 πρῶ-

276 3220 737 3291 chirographum
800 3218 980 3289 afﬂigi
1038 3217 1218 3286 cruci,
1268 3220 1324 3271 et
1353 3215 1509 3271 latus
1540 3214 1714 3271 Verbi
1746 3215 1942 3270 lancea

2060 3233 2145 3268 τον
2175 3214 2274 3283 τήν
2310 3215 2478 3284 ζωὴν,
2512 3213 2625 3268 εἶτα
2666 3214 2763 3283 τήν
2811 3216 3043 3289 κατάραν
3246 3215 3371 3271 ἀλλ’
3414 3220 3526 3272 εἶπε
3554 3223 3706 3294 πρῶ-

282 3308 585 3383 perforari,
620 3312 684 3362 ut
729 3307 875 3363 livor
932 3306 991 3360 in
1051 3304 1431 3377 perfossione,
1489 3304 1739 3375 expiatio
1798 3305 1944 3360 foret

283 3399 505 3454 mundo
541 3414 553 3452 :
588 3395 833 3467 sanguis
866 3398 922 3449 et
951 3410 1126 3466 aqua,
1157 3394 1418 3449 humano
1451 3393 1671 3465 generi.

2050 3323 2141 3357 10v
2198 3305 2299 3372 τὴν
2357 3305 2613 3377 κατάραν,
2673 3299 2857 3358 ἔπειτα
2909 3305 3008 3373 τὴν
3071 3307 3247 3376 ζωήν.
3308 3307 3547 3381 Ἕπρεπε
3600 3310 3707 3382 γάρ

2051 3392 2313 3469 πρότερον
2372 3390 2805 3468 προσηλωθῆναι
2862 3393 2924 3448 τὸ
2956 3394 3323 3473 χειρόγραφον
3366 3400 3443 3468 τῷ
3472 3402 3706 3472 σταυρῷ,

284 3485 373 3541 καὶ
404 3487 672 3561 νυχθῆναι
702 3482 802 3551 τὴν
832 3479 1070 3557 πλευρὰν
1102 3485 1199 3535 τοῦ
1232 3480 1408 3557 Λόγου
1433 3484 1501 3553 τῇ
1535 3477 1741 3555 λόγχῃ,
1766 3478 1859 3535 Ἱνα
1890 3480 1917 3535 6
1952 3480 2168 3556 μώλωψ
2196 3481 2245 3536 ἐν
2278 3486 2344 3557 τῇ
2375 3482 2514 3553 νύξει
2564 3481 2853 3555 καθάρσιον
2902 3483 3123 3559 γένηται
3170 3488 3238 3559 τῇ
3292 3483 3613 3561 οἰκουμένῃ,
3645 3486 3708 3540 τὸ

293 3576 425 3651 αἷμα
456 3573 546 3629 καὶ
575 3574 636 3628 τὸ
669 3569 815 3648 ὕδωρ
844 3575 925 3643 τῷ
954 3569 1089 3646 γένει
1121 3574 1229 3625 τῶν
1261 3569 1579 3646 ἀνθρώπων.

353 3688 407 3743 2.
444 3685 638 3742 Miseri
669 3684 881 3756 ingrati
931 3682 1017 3737 illi
1074 3682 1285 3751 Judaei,
1347 3681 1448 3753 qui
1504 3685 1590 3737 tot
1643 3681 1941 3753 tantisque

284 3776 472 3850 signis
505 3792 570 3832 ac
602 3774 903 3832 beneﬁciis
934 3772 1043 3828 sibi
1089 3770 1338 3839 collatis,
1373 3772 1592 3827 nedum
1643 3769 1806 3826 illum
1840 3770 1940 3842 qui

281 3867 437 3940 apud
471 3882 533 3921 se
566 3864 972 3937 peregrinatus
1002 3864 1175 3927 esset,
1195 3859 1505 3916 laudarent
1534 3876 1600 3915 ac
1632 3860 1941 3916 benedice-

282 3960 411 4012 rent
442 3955 513 4010 ob
550 3971 643 4010 res
673 3958 889 4026 gestas,
916 3968 983 4008 ex
1015 3952 1258 4006 adverso
1291 3950 1563 4006 dicebant
1585 3967 1598 4005 :
1620 3972 1648 3999 «
1671 3948 1728 4003 Si
1760 3948 1944 4005 Filius

282 4044 381 4101 Dei
414 4060 497 4111 es,
532 4043 821 4098 descende
853 4043 921 4096 de
952 4056 1121 4096 cruce
1152 4041 1215 4094 9°.
1252 4061 1280 4089 »
1321 4040 1510 4111 Atque
1562 4037 1648 4094 sol
1706 4038 1938 4094 interim

281 4130 596 4189 contractis
650 4130 851 4197 radiis,
886 4146 1001 4185 non
1034 4129 1320 4186 sustinuit
1346 4128 1542 4184 videre
1582 4144 1940 4201 suspensum

287 4223 344 4278 in
378 4234 551 4276 cruce
581 4218 919 4275 Dominum.
953 4218 1078 4273 Duo
1112 4234 1343 4289 quoque
1375 4216 1632 4273 latrones
1690 4233 1823 4273 cum
1875 4233 1941 4273 eo

284 4308 561 4383 suspensi
618 4312 806 4374 erant,
869 4322 1121 4380 quorum
1177 4305 1357 4362 altero
1416 4307 1827 4378 exsecrante‘,
1860 4306 1943 4362 ait

2119 3687 2172 3739 2.
2224 3680 2459 3744 Τάλανες
2510 3681 2563 3737 οἱ
2622 3682 2910 3759 ἀχάριστοι
2966 3680 3247 3754 Ἰουδαῖοι,
3302 3684 3566 3740 τοιούτων
3616 3686 3705 3741 καὶ

2048 3770 2392 3843 τηλικούτων
2449 3771 2692 3845 σημείων
2745 3771 2835 3827 καὶ
2886 3773 3198 3849 εὐεργεσιῶν
3242 3773 3545 3849 γενομένων
3579 3780 3706 3850 παρ’

2051 3860 2253 3931 αὐτοῖς,
2286 3860 2403 3916 ἀντὶ
2434 3865 2534 3915 τοῦ
2566 3861 2656 3916 τὸν
2702 3858 3119 3934 ἐπιδημήσαντα
3162 3864 3287 3938 παρ’
3337 3862 3519 3925 αὐτοῖς
3554 3861 3707 3934 δοξά-

2053 3952 2157 4018 ζειν
2215 3949 2304 4002 καὶ
2364 3946 2608 4023 εὐλογεῖν
2672 3948 2759 4004 ἐπὶ
2808 3954 2926 4011 τοῖς
2983 3951 3293 4025 γινομένοις
3345 3954 3483 4025 (37),
3515 3950 3708 4007 ἐκτῶν

2051 4036 2303 4092 ἐναντίων
2364 4035 2570 4114 ἔλεγον
2629 4062 2649 4089 ι
2702 4037 2768 4095 Εἰ
2824 4038 2947 4101 Υἱὸς
3004 4039 3053 4093 εἴ
3076 4044 3173 4095 τού
3226 4044 3386 4112 Θεοῦ,
3446 4035 3708 4113 κατάϐηθι

2061 4126 2167 4180 ἀπὸ
2214 4130 2311 4181 τοῦ
2343 4130 2574 4199 σταυροῦ
2608 4171 2620 4184 .
2657 4150 2685 4177 ››
2717 4128 2773 4180 '0
2822 4127 3004 4200 μέντοι
3053 4124 3215 4197 ἥλιος
3264 4127 3582 4185 συνέστελλε
3615 4130 3710 4191 τὰς

2057 4216 2294 4277 ἀκτῖνας,
2354 4217 2428 4288 μή
2489 4216 2667 4293 φέρων
2700 4217 2828 4293 ὁρᾷν
2872 4217 2965 4271 τὸν
3017 4216 3219 4287 Κύριον
3251 4219 3589 4293 κρεμάμενον
3621 4217 3709 4273 ἐπὶ

2052 4308 2149 4359 τοῦ
2184 4303 2381 4378 ἷκρίου.
2423 4304 2523 4359 Καὶ
2582 4303 2678 4359 δύο
2729 4303 2821 4359 σὺν
2882 4304 3029 4378 αύτῴ
3077 4308 3210 4378 ᾖσαν
3262 4306 3460 4382 λῃσταὶ
3507 4308 3709 4383 κρεμάο

357 4488 401 4523 ⁹¹ο
430 4486 603 4558 Joan.
636 4502 679 4551 1,
712 4485 862 4558 1-3.;
908 4485 950 4523 ⁸³
979 4484 1101 4558 Isa.
1128 4483 1336 4558 pur,_5,
1363 4483 1420 4551 7,
1453 4484 1503 4539 8.
1579 4485 1625 4523 9°
1652 4483 1820 4541 Joan.
1856 4502 1894 4556 ι,
1926 4485 2017 4540 29.
2092 4485 2134 4520 ’7
2168 4487 2331 4540 Deut.
2363 4501 2481 4557 xxI,
2511 4485 2610 4555 23;
2642 4483 2829 4542 Galat.
2861 4502 2951 4558 III,
2972 4486 3060 4543 13.
3136 4486 3179 4523 "
3209 4486 3377 4544 Deut.
3398 4488 3707 4557 xxvm,66.

284 4560 329 4595 θ’
358 4556 565 4615 Matth.
597 4573 771 4613 xxvn.
805 4556 892 4612 40.
972 4557 988 4590 ¹
1023 4554 1169 4611 Ibid.
1202 4555 1291 4610 44.

354 4738 466 4823 (27)
491 4733 967 4823 μαλδςευςεηῐοι
987 4732 1181 4800 editis,
1215 4730 1357 4804 haec,
1391 4728 1549 4793 οὗτος
1570 4731 1635 4800 ἦν
1688 4730 1739 4786 tv
1791 4730 1939 4808 ἀρχῇ
1971 4738 2017 4803 1)

286 4805 543 4883 πρόςέεόγ
578 4805 730 4883 βξάκῦ
758 4807 993 4883 (1931’le

355 4882 466 4971 (28)
498 4871 820 4971 Goblerigt
849 4876 1127 4971 Felc‘lfni,
1160 4871 1446 4971 σωειτηρίαῖν⁸
1485 4874 1585 4971 την
1618 4871 1941 4971 ι’πιεζομένην

288 4946 376 5024 ἐπὶ
434 4946 677 5024 σωτηρίᾳ
729 4946 1210 5024 τῶνμάν-θρμώπων.
1270 4946 1449 5024 Paulo
1508 4946 1661 5024 post,
1704 4948 1939 5019 Seguer.

286 5022 532 5097 ἀγαπητέ
562 5015 686 5097 μου.
716 5021 783 5097 Οἱ
818 5018 910 5093 μὲν
940 5015 1304 5097 (ὲὲᾂρειότατρι
1338 5018 1427 5097 καὶ
1454 5015 1684 5097 μεγάλοι
1716 5015 1882 5097 rte—aq).

360 5036 532 5092 απητε
562 5042 686 5093 μου.
721 5036 783 5073 Ul.
818 5036 910 5093 μεν
940 5036 1304 5092 ανορειοτατοι
1338 5036 1427 5072 και
1454 5036 1684 5092 μεγαΛοι
1716 5039 1756 5073 π
1794 5037 1882 5093 OQP.

356 5096 469 5165 (29)
499 5094 827 5150 Goblerian.
860 5097 917 5147 et
948 5092 1095 5165 Felc.
1133 5092 1184 5155 1,
1218 5090 1269 5144 οἱ
1304 5088 1699 5165 εὗαγγελισταί.
1759 5036 1941 5153 ἐθυιο

286 5160 688 5249 ιιορξηξεξ-ςιξεξτ.
722 5168 828 5249 τῶν
850 5160 1109 5249 ,μεγάλων
1124 5160 1458 5249 ’προφητῶνὲ

356 5239 467 5309 (30)
497 5231 725 5309 Gobler.
747 5231 997 5309 iet_Fel'c.
1037 5237 1089 5298 1,
1120 5231 1193 5309 ἔν’
1219 5231 1599 5309 μ’ὑαγγελίοις
1660 5233 1747 5293 Ὡς
1780 5231 1937 5309 ,πρός

285 5301 460 5362 ϐαέον
500 5307 606 5375 ἐπί,
642 5306 878 5364 omissis
905 5306 1286 5376 interpositis.
1322 5301 1448 5361 Mox
1478 5306 1679 5376 iidem,
1711 5308 1805 5357 τοῦ
1837 5301 1941 5357 κεί-

324 5398 500 5441 αντος.

288 5399 647 5523 “(illum
679 5446 833 5523 £115
860 5444 1178 5523 ταπεινώσει
1212 5448 1424 5502 desunt
1468 5446 1524 5500 in
1588 5446 1819 5503 Gobler.
1880 5451 1937 5503 et

288 5517 525 5587 Felc.'1,
562 5517 686 5577 MOX
720 5517 777 5573 δέ
809 5524 971 5575 deest
999 5517 1057 5590 in
1091 5518 1223 5590 Seg.

358 5594 467 5664 (32)
514 5586 803 5664 rltafSeg.
837 5588 1011 5664 Editi
1072 5586 1227 5664 verb,
1282 5586 1790 5664 προσημανθέντος,
1843 5587 1934 5643 καὶ

2049 4733 2198 4790 Felc.
2236 4735 2285 4790 1.

2121 4807 2235 4878 (33)
2288 4804 2453 4879 Gobl.
2506 4808 2562 4861 et
2591 4803 2741 4879 F_elo.
2778 4804 2828 4873 1,
2922 4805 3254 4876 Βαπτιστής.
3288 4806 3527 4879 Ὁμοίως
3557 4807 3644 4861 καὶ
3679 4810 3708 4863 6

2054 4876 2245 4950 μέγας.
2283 4878 2427 4951 Ibid.
2459 4881 2590 4951 post
2618 4877 2949 4951 1301111161739
2980 4883 3109 4951 Seg.
3143 4880 3325 4935 addit.
3358 4876 3631 4949 Ἷωάννης.

2120 4947 2234 5020 (⁷34)
2262 4947 2321 5001 Τί
2353 4947 2605 5020 deest__in
2636 4948 2984 5020 Gobleriano
3014 4947 3083 5006 et
3120 4951 3271 5008 Felc.
3308 4953 3356 5007 1.
3419 4952 3548 5008 Mox
3569 4947 3576 4949 “
3599 4954 3699 5009 Se-

2050 5016 2340 5093 guerian.,
2375 5025 2497 5093 llic
2519 5016 2860 5093 ﬁvﬁpwnoc6
2886 5039 3045 5093 κρεμ.

2145 5039 2340 5085 ΒΓ]8Π.,
2375 5039 2486 5081 uae
2519 5039 2801 5093 ανθρωπος
2832 5039 2860 5073 ο
2886 5040 2919 5074 κ
2958 5040 3045 5093 εμ.

2145 5094 2237 5160 35)
2267 5092 2389 5166 Ἐπὶ
2421 5089 2584 5166 ξύλου
2616 5091 2867 5166 deest_i_n
2900 5039 2998 5166 ἐς.
3032 5091 3350 5166 scripturas
3380 5099 3562 5166 textu.

2144 5165 2228 5235 36)
2263 5160 2523 5235 segnem,
2553 5160 2755 5235 ἔπειτα.
2790 5163 2922 5219 Mox
2949 5160 3182 5221 Gobler.
3212 5171 3271 5221 et
3302 5165 3449 5222 Felc.
3478 5167 3526 5228 1,
3560 5163 3706 5220 ἀλλὰ

2047 5232 2145 5300 τήν
2174 5232 2405 5306 κατάραν
2438 5239 2677 5310 πρῶτον,
2710 5232 2795 5289 ἔπ.
2832 5236 3051 5291 Ibidem
3086 5243 3217 5308 post
3248 5238 3411 5307 ζωήν,
3460 5238 3702 5309 Seguer.

2049 5304 2225 5363 habet
2281 5304 2504 5369 ἀληθές.
2542 5308 2672 5363 Mox
2716 5305 2945 5362 Gobler.
3006 5314 3064 5364 et
3120 5308 3265 5364 Felc.
3330 5311 3380 5369 1.
3438 5309 3701 5369 πρότερον

2049 5327 2225 5363 hauet
2281 5327 2504 5376 αΛηυες.
2542 5327 2672 5363 mox
2716 5327 2945 5362 uooier.
3006 5327 3064 5364 et
3120 5327 3265 5364 reic.
3330 5327 3380 5373 ι,
3438 5327 3701 5393 προτερον

2048 5374 2496 5461 προσηλωθῆναι,
2554 5384 2681 5451 ch.
2741 5380 2955 5461 πρῶτον
3023 5377 3475 5453 προσηλωθῆναι,
3537 5397 3703 5455 prius

2045 5450 2208 5517 editi,
2240 5449 2503 5523 πρότερον
2531 5449 2705 5523 119001,
2717 5449 3003 5521 μάνθῆναι.

2116 5524 2229 5593 (37)
2260 5519 2486 5577 Gobler.
2520 5519 2752 5595 et'If‘elc.
2814 5523 2866 5595 1,
2920 5519 3250 5595 γενομένοις.
3311 5522 3487 5595 Paulo
3521 5525 3696 5595 ,post,

2044 5587 2175 5665 Seg.
2238 5609 2339 5665 pro
2394 5594 2684 5662 καταοηθι,
2732 5592 2909 5665 habet
2933 5587 3211 5665 κατάϐαλε
3242 5592 3483 5665 σεαυτόν.
3516 5587 3695 5651 Paulo

286 5657 421 5741 πρὸς
452 5657 599 5739 ipa;
633 5657 908 5738 έωρᾶκώς.
941 5665 1067 5716 Mox
1100 5657 1266 5736 μέγας
1313 5657 1479 5719 deest
1536 5661 1594 5717 in
1652 5660 1816 5719 Gobl.
1879 5666 1935 5717 et

2066 5657 2215 5734 nfra,
2238 5657 2377 5738 'Seg.
2412 5657 2839 5723 Goblfet'Felc.
2876 5666 2925 5734 1,
2962 5664 3040 5737 μὴ
3072 5663 3249 5743 φέρων
3279 5662 3436 5724 ἰδεῖν.
