4108 6210
315 348 427 407 5H

1476 347 1542 405 S.
1589 347 2110 410 ATHANASIUS.
2143 383 2221 394 -
2256 350 2566 413 SPURIA.

3613 349 3743 408 512

316 501 345 529 ‹‹
378 480 560 537 Verbo
591 480 821 538 Domini
853 478 979 535 coeli
1021 479 1236 535 ﬁrmati
1285 485 1445 544 sunt.
1491 485 1547 536 et
1590 479 1810 551 Spiritu
1845 480 1962 536 oris

2088 481 2220 549 πικὶ,
2253 481 2352 536 οὐκ
2398 479 2633 551 ἤκουσας
2682 477 2777 536 τοῦ
2823 476 2989 537 Δαϐὶδ
3041 477 3315 556 λέγοντος·
3357 504 3385 530 ››
3425 481 3518 551 Τῷ
3569 479 3742 554 Λόγῳ

313 570 443 640 ejus
475 573 663 626 omnis
690 569 878 625 virtus
909 585 1111 624 eorum
1144 570 1188 604 ²ί
1212 569 1240 622 ‘?
1273 590 1300 618 »
1331 569 1476 625 Ecce
1505 569 1851 625 Trinitatem
1877 569 1964 624 in-

315 658 690 716 divisibilem.
727 660 791 716 Et
823 674 1061 714 rursum
1096 657 1155 712 in
1186 657 1396 712 mundi
1429 658 1659 732 Opitioio
1714 673 1966 730 magnus

316 745 412 802 ille
445 748 702 804 famulus
733 749 978 816 Moyses,
1013 747 1098 802 sic
1139 747 1402 818 loquitur
1436 765 1448 803 :
1485 771 1512 796 ‹‹
1571 747 1633 802 In
1682 746 1966 820 principio

315 835 452 901 fecit
475 837 626 894 Deus
649 837 859 893 omium
905 841 962 892 et
1008 841 1246 906 terram,
1279 841 1434 892 terra
1477 842 1670 892 autem
1725 842 1849 892 erat
1879 837 1964 891 in-

315 924 562 983 visibilis
593 932 650 982 et
679 925 1152 998 incomposita,et
1171 927 1423 981 tenebrae
1456 943 1634 999 super
1663 927 1962 998 abyssum,

318 1019 375 1070 et
404 1014 656 1088 Spiritus
690 1014 917 1070 Domini
949 1014 1242 1070 ferebatur
1273 1031 1448 1086 super
1502 1031 1684 1086 aquas
1724 1015 1787 1068 ³³.
1826 1035 1854 1063 ››
1885 1014 1968 1069 Si-

319 1103 535 1160 militer
564 1120 814 1177 magnus
846 1103 1058 1160 Paulus
1080 1103 1160 1158 ait
1193 1121 1205 1159 :
1241 1126 1268 1153 ‹‹
1302 1104 1458 1158 Misit
1490 1107 1638 1159 Deus
1685 1103 1966 1174 Spiritum

321 1193 446 1250 Filii
469 1195 562 1250 sui
594 1195 652 1249 in
687 1194 861 1249 corda
881 1195 1457 1263 nostra,clamantem
1481 1195 1968 1260 :Abba,l’ater’3.»

324 1287 390 1338 Et
421 1283 544 1357 ipse
566 1284 734 1339 Pater
766 1299 867 1355 per
901 1299 1181 1354 magnum
1207 1283 1549 1354 prophetam
1573 1282 1653 1337 ait
1681 1301 1699 1336 :
1727 1304 1756 1332 α
1782 1283 1972 1337 Ell‘un-

321 1372 455 1428 dam
489 1374 559 1428 de
589 1373 810 1443 Spiritu
843 1388 970 1427 meo
1001 1388 1179 1443 super
1199 1388 1432 1427 omnem
1465 1388 1721 1439 carnem,
1755 1375 1811 1428 et
1837 1387 1968 1442 pro-

322 1462 646 1535 phetabunt
673 1463 740 1516 ³³.
773 1481 799 1514 n
835 1462 1082 1532 Ipseque
1113 1461 1396 1515 Dominus
1429 1460 1526 1532 qui
1557 1460 1713 1516 venit
1741 1459 1966 1516 salvum

321 1551 510 1606 facere
539 1567 725 1622 genus
756 1549 1450 1616 humanum,authentica
1483 1565 1617 1604 voce
1649 1550 1731 1604 ait
1759 1568 1778 1604 :
1801 1573 1828 1599 «
1851 1549 1968 1621 Ego

319 1639 380 1695 in
413 1640 578 1696 Patre
609 1645 667 1695 et
692 1640 860 1694 Pater
889 1638 947 1692 in
982 1654 1094 1706 me;
1127 1658 1152 1690 ι
1190 1642 1247 1692 et
1277 1661 1303 1687 «
1340 1640 1455 1710 Ego
1483 1654 1615 1693 sum
1647 1637 1968 1704 veritas”;»

319 1731 431 1798 et,“
463 1728 520 1783 Si
550 1729 746 1784 abiero
774 1729 841 1783 ad
878 1727 1107 1783 Patrem
1140 1744 1358 1798 meum,
1379 1744 1494 1782 non
1524 1727 1850 1799 relinquam
1870 1743 1970 1782 vos

319 1817 614 1890 orphanos
649 1834 661 1872 :
697 1817 796 1872 sed
832 1817 1061 1871 mittam
1093 1817 1258 1871 vobis
1290 1815 1649 1872 Paracletum
1683 1816 1967 1888 Spiritum

317 1907 580 1963 veritatis
609 1909 673 1960 ³⁸.
710 1929 738 1956 ››
770 1907 913 1961 Ecce
945 1904 1229 1976 Spiritum
1261 1905 1320 1960 in
1370 1907 1633 1972 veritate,
1660 1905 1966 1961 veritatem

316 1997 376 2053 in
409 2002 598 2053 Patre.
651 1998 793 2052 Ecce
835 1995 1178 2051 Trinitatem
1226 1994 1664 2061 indivisibilem,
1709 1995 1969 2067 triplica-

314 2090 442 2143 tum
473 2086 795 2151 vinculum,
829 2101 943 2157 quo
975 2084 1308 2156 manipulos
1340 2085 1972 2157 constringentes,oﬂ‘e—

317 2176 505 2232 rimus
534 2175 710 2232 Patri.
746 2175 1090 2246 Dispereant
1119 2174 1316 2246 itaque
1339 2178 1396 2230 et
1426 2173 1486 2228 hi
1533 2173 1803 2230 homines
1835 2191 1967 2230 cum

320 2265 725 2322 Ariomanitis.

2077 571 2274 645 Κυρίου
2335 571 2391 624 οἱ
2442 570 2660 645 οὖρανοὶ
2727 570 3148 646 ἐστερεώθησαν,
3199 568 3286 622 καὶ
3337 573 3416 640 τῷ
3466 568 3743 642 Πνεῦματι

2073 665 2170 714 τοῦ
2202 659 2468 734 στόματος
2512 659 2677 714 αὐτοῦ
2725 665 2868 714 πᾶσα
2915 661 2949 728 ἡ
3001 657 3231 730 δύναμις
3285 657 3497 726 minim;
3534 683 3554 708 ι
3593 657 3741 715 Ἰὂου

2076 751 2109 819 ἡ
2143 751 2312 824 Τριάς
2344 747 2663 826 ἀδιαίρετος.
2700 748 2800 806 Καὶ
2833 747 2995 803 πάλιν
3051 747 3104 802 ἐν
3153 751 3222 821 τῇ
3265 746 3600 820 κοσμοποιίᾳ
3649 745 3737 801 δι-

2076 839 2379 916 ηγούμενος
2411 841 2438 894 6
2474 840 2641 914 μέγας
2692 839 2937 915 Θεράπων
2980 843 3201 906 Μωσῆςο
3239 861 3268 889 ‹‹
3301 837 3386 894 Ἐν
3439 837 3586 914 ἀρχῇ
3620 839 3746 910 (64)

2077 929 2324 1000 ἐποίησεν
2378 930 2405 983 6
2453 929 2583 990 Θεὸς
2637 929 2727 983 τὸν
2775 927 2999 1004 οὐρανὸν
3049 926 3138 982 καὶ
3180 928 3278 995 τὴν
3328 933 3451 1002 γῆν·
3485 930 3521 996 ἡ
3554 925 3611 981 δὲ
3659 929 3741 1002 γῆ

2076 1019 2142 1088 ἦν
2194 1018 2420 1094 ἀόρατος
2489 1017 2577 1073 καὶ
2628 1016 3112 1086 ἀκατασκεύαστος,
3159 1016 3248 1070 καὶ
3303 1015 3494 1079 σκότος
3553 1014 3741 1070 ἐπάνω

2075 1115 2177 1178 τῆς
2210 1103 2468 1174 ἀϐύσσου,
2498 1107 2587 1162 καὶ
2620 1112 2838 1182 Πνεῦμα
2885 1110 3020 1162 Θεοῦ
3069 1105 3357 1182 ἐπεφέρετο
3408 1104 3587 1160 ἐπάνω
3635 1109 3741 1159 τοῦ

2079 1193 2292 1256 ὕδατος.
2346 1218 2374 1245 ››
2417 1195 2651 1268 Ὁμοίως
2697 1194 2787 1249 καὶ
2839 1196 2867 1250 6
2921 1193 3085 1270 μέγας
3136 1198 3351 1255 Παῦλος
3563 1193 3743 1270 λέγει·

2083 1308 2104 1335 ι
2152 1283 2554 1357 Ἐξαπέστειλεν
2590 1285 2618 1340 6
2667 1285 2797 1346 Θεὸς
2843 1283 2906 1338 τὸ
2960 1288 3177 1356 Πνεῦμα
3230 1288 3326 1338 τοῦ
3383 1284 3510 1337 Υἱοῦ
3567 1281 3745 1337 αὐτοῦ

2079 1372 2154 1435 εἷς
2185 1374 2279 1436 τὰς
2311 1372 2532 1447 καρδίας
2579 1377 2736 1448 ἡμῶν
2782 1374 3005 1450 κράζον’
3040 1367 3236 1444 Ἀϐϐά,
3269 1373 3296 1427 ὁ
3331 1375 3536 1448 Πατήρ.
3570 1395 3595 1427 ι
3634 1373 3742 1427 Καὶ

2078 1461 2237 1525 αὐτὸς
2289 1463 2316 1517 6
2368 1463 2554 1539 Πατὴρ
2612 1461 2757 1538 λέγει
2819 1459 2907 1516 διὰ
2964 1465 3060 1516 τοῦ
3121 1459 3363 1535 μεγάλου
3422 1463 3738 1538 προφήτοω

2080 1575 2108 1602 ‹‹
2142 1551 2354 1626 Ἐκχεῶ
2387 1552 2492 1606 ἀπὸ
2540 1557 2636 1605 τοῦ
2670 1549 2982 1624 Πνεῦματός
3029 1571 3132 1622 μου
3183 1549 3270 1605 ἐπὶ
3321 1555 3486 1604 πᾶσαν
3540 1551 3739 1625 σάρκα,

2077 1638 2166 1693 καὶ
2225 1640 2686 1717 προφητεύσουσι.
2744 1665 2770 1692 ››
2832 1638 2935 1695 Καὶ
2994 1638 3153 1700 αὐτὸς
3193 1639 3220 1693 6
3277 1638 3498 1712 Κύριος,
3556 1637 3740 1702 ἐλθὼν

2078 1733 2244 1783 σῶσαι
2290 1729 2349 1783 τὸ
2378 1729 2532 1804 γένος
2564 1732 2723 1802 ἡμῶν
2775 1734 2884 1784 τῶν
2934 1727 3231 1803 ἀνθρώπων
3287 1727 3566 1802 αὐθεντικῇ
3616 1749 3743 1806 ιρω-

2077 1821 2141 1892 νῇ
2202 1818 2367 1873 εἶπενο
2431 1843 2460 1871 ι(
2521 1819 2660 1895 Ἐγὼ
2719 1817 2771 1874 ἐν
2827 1823 2905 1890 τῷ
2967 1817 3158 1890 Πατρὶ,
3217 1817 3307 1872 καὶ
3357 1818 3384 1872 6
3434 1818 3618 1892 Πατὴρ
3679 1815 3740 1871 ἒν

2078 1905 2221 1980 ἐμοί’
2280 1932 2300 1958 ο
2354 1907 2465 1975 καὶ,
2517 1933 2543 1959 ‹‹
2597 1907 2736 1984 Ἐγώ
2791 1907 2903 1980 εἶμι
2951 1909 2985 1977 ἡ
3037 1905 3287 1978 ἀλήθεια·
3323 1932 3350 1958 ››
3399 1905 3512 1974 καὶ,
3545 1930 3573 1957 ‹‹
3609 1905 3739 1960 Ἐάν

2078 1994 2301 2060 ἀπέλθω
2360 1997 2496 2072 πρὸς
2551 1997 2640 2051 τὸν
2694 1996 2903 2072 Πατέρα
2980 2017 3105 2070 μου,
3168 1995 3267 2050 οὐκ
3338 1995 3531 2072 ἀφήσω
3589 1995 3738 2067 ὑμᾶς

2083 2084 2372 2164 ὀρφανοὺς,
2422 2084 2548 2140 ἀλλ’
2601 2085 2885 2141 ἀποστελῶ
2932 2085 3058 2158 ὑμῖν
3111 2085 3201 2140 τὸν
3268 2082 3621 2160 Παράκλητον
3671 2085 3741 2139 τὸ

2080 2180 2300 2248 Πνεῦμα
2329 2183 2427 2246 τῆς
2461 2174 2743 2246 ἀληθείας.
2781 2199 2800 2226 ι
2838 2172 2979 2232 Ἰδοὺ
3009 2175 3071 2230 τὸ
3105 2177 3324 2247 Πνεῦμα
3371 2173 3422 2228 ἐν
3472 2177 3540 2247 τῇ
3590 2172 3740 2242 ἀλη-

2084 2263 2218 2335 θείᾳ,
2254 2267 2287 2333 ἡ
2323 2263 2551 2334 ἀλήθεια
2599 2263 2650 2318 ἐν
2703 2267 2781 2335 τῷ
2832 2261 3021 2339 ΙΙατρί.
3057 2260 3195 2318 Ἰδοὺ
3222 2264 3256 2332 ἡ
3289 2263 3450 2338 Τριᾶς
3496 2259 3747 2337 ἀδιαίρεο

2280 1932 2300 1958 ο
2354 1907 2465 1975 καὶ,
2517 1933 2543 1959 ‹‹

317 2375 430 2424 τος,
461 2355 523 2409 τὸ
579 2351 877 2428 τρίπλοκον
939 2348 1206 2426 σχοινίον,
1267 2349 1318 2406 ἐν
1374 2373 1420 2424 ῳ
1472 2351 1540 2406 τὰ
1597 2349 1881 2426 δράγματα
1940 2351 2256 2431 σφίγγοντες
2309 2355 2685 2433 προσφέρομεν
2740 2358 2820 2426 τῷ
2879 2352 3070 2428 ῘΙατρί.
3129 2352 3226 2406 Καὶ
3287 2352 3437 2406 οὗτοι
3497 2349 3585 2406 οῦν
3644 2349 3748 2405 σὺν

319 2447 437 2505 τοῖς
467 2440 903 2518 Ἀρειομανίταις
937 2439 1248 2495 ἀπώλοντο.

389 2553 445 2608 6.
475 2552 606 2609 Jam
638 2551 954 2622 loquamur
981 2549 1262 2604 adversus
1292 2547 1771 2604 infelicissimum
1826 2549 1977 2605 Pau—

322 2643 446 2700 lum
488 2643 637 2700 185
692 2644 1188 2706 Samosatensem,
1237 2640 1338 2712 qui
1392 2640 1493 2707 ait,
1547 2639 1857 2695 Dominum
1910 2656 1978 2696 ex

325 2749 438 2805 quo
489 2729 706 2805 prodiit
754 2747 823 2786 ex
889 2730 1108 2785 intacta
1179 2729 1422 2802 virgine,
1476 2745 1542 2785 ex
1607 2746 1673 2785 eo
1717 2735 1979 2802 tempore

324 2823 510 2879 fuisse
538 2821 774 2878 Filium.
797 2825 1162 2886 Amens,non
1195 2819 1414 2874 audisti
1436 2818 1631 2891 ipsum
1668 2818 1977 2876 Dominum

323 2911 612 2967 dicentem
664 2910 736 2965 ad
782 2908 1016 2964 Judmos
1073 2925 1088 2964 ε
1140 2929 1168 2958 ‹‹
1222 2907 1389 2965 Pater
1450 2913 1640 2964 vester
1684 2908 1977 2964 Abraham

332 2998 644 3056 exsultavit
674 3002 740 3053 ut
770 2997 987 3052 videret
1019 2995 1174 3052 diem
1201 3001 1488 3066 meum,et
1517 2996 1662 3052 vidit
1715 2997 1980 3070 gavisus-

331 3103 444 3160 que
485 3095 572 3144 est
615 3103 635 3148 ;
681 3109 708 3136 ‹‹
763 3085 1380 3158 respondentibusque
1431 3085 1678 3142 Domino
1731 3086 1980 3158 ingratis

328 3177 548 3233 Judaeis
583 3194 596 3232 :
629 3197 658 3226 α
704 3174 1104 3247 Quadraginta
1152 3192 1339 3231 annos
1383 3176 1643 3230 nondum
1695 3176 1897 3246 habes,
1921 3181 1978 3232 et
2007 3194 2051 3262 ρ

327 3265 475 3322 diois
507 3270 560 3319 te
582 3264 877 3320 Abraham
907 3263 1125 3320 vidisse
1148 3264 1176 3319 ‘I
1206 3286 1234 3315 »
1272 3264 1596 3336 Respondit
1616 3264 1736 3321 illis
1758 3270 1815 3320 et
1845 3266 1927 3321 ait
1960 3282 1974 3320 :

336 3376 364 3411 ι
396 3359 603 3421 Amen,
649 3369 821 3408 amen
881 3353 1011 3408 dico
1077 3353 1264 3423 vobis,
1315 3357 1634 3424 antequam
1685 3354 1975 3411 Abraham

328 3443 512 3509 ﬁeret,
541 3457 648 3514 ego
677 3457 811 3497 sum
842 3442 907 3496 2⁷.
941 3462 968 3492 ››
1004 3440 1062 3496 Si
1095 3445 1418 3513 antequam
1451 3441 1749 3498 Abraham
1797 3447 1977 3514 tieret,

327 3533 453 3605 ipse
482 3535 594 3598 est,
624 3547 742 3602 qua
772 3529 997 3586 ratione
1029 3535 1093 3586 tu
1125 3529 1290 3597 dicis,
1325 3530 1491 3586 illum
1524 3536 1655 3603 post
1684 3534 1978 3590 carnalem

326 3637 502 3680 suum
534 3620 848 3676 adventum
883 3619 1095 3676 Filium
1128 3619 1348 3675 factum
1377 3621 1603 3677 fuisse?
1633 3628 1843 3678 Annon
1877 3640 1978 3678 au-

327 3711 466 3768 disti
497 3711 557 3766 in
590 3710 990 3777 Parmmiaste,
1040 3710 1336 3781 Quomodo
1386 3710 1516 3782 ipsa
1561 3710 1850 3783 sapientia
1896 3713 1981 3770 lo-

327 3805 544 3872 quatur
575 3815 588 3855 :
624 3822 651 3850 «
679 3800 794 3870 Ego
826 3815 987 3855 eram
1020 3815 1136 3870 qua
1163 3798 1477 3870 gaudebat,
1509 3799 1772 3871 quotidie
1821 3801 1984 3858 laeta-

327 3889 432 3946 bar
458 3893 591 3944 ante
621 3887 829 3944 faciem
859 3890 987 3960 ejus
1017 3889 1082 3956 ’⁸,
1115 3910 1142 3936 ‹‹
1176 3903 1308 3944 cum
1342 3888 1620 3944 conderet
1649 3890 1848 3946 orbem
1880 3892 1981 3946 ad-

328 3995 486 4035 eram
505 3977 652 4050 ipsi?
670 3978 1042 4046 Rursumque
1055 3977 1136 4032 ait
1149 3993 1402 4048 magnus
1421 3976 1517 4034 ille
1537 3978 1942 4036 Paroemiastes
1969 3997 1980 4035 :

327 4090 354 4118 κ
392 4071 542 4122 Deus
573 4067 864 4138 sapientia
899 4066 1162 4122 fundavit
1197 4071 1415 4122 terram
1443 4069 1508 4122 9°.
1545 4091 1572 4117 »
1604 4069 1807 4125 Viden’
1831 4087 1984 4126 sem-

329 4173 434 4230 per
463 4155 631 4210 illum
682 4155 742 4210 in
796 4157 962 4211 Patre
1009 4154 1177 4211 esse!
1210 4157 1279 4210 Et
1329 4173 1577 4228 magnus
1623 4160 1980 4230 Apostolus:

329 4268 358 4296 «
392 4243 659 4300 Christus
690 4243 792 4299 Dei
822 4244 1011 4299 virtus
1042 4249 1098 4300 et
1127 4245 1228 4300 Dei
1259 4245 1548 4317 sapientia
1580 4248 1642 4285 ιο·
1680 4270 1708 4296 ››
1741 4248 1886 4313 Quid
1912 4251 1983 4305 ad

329 4334 454 4390 hac
501 4333 816 4404 respondet
861 4334 1108 4390 insanus
1160 4335 1629 4392 Samosatensisl
1662 4337 1794 4409 Ipse
1841 4356 1985 4411 quo-

331 4439 443 4496 que
490 4421 753 4478 divinum
807 4423 911 4478 hoc
962 4438 1190 4478 merum
1240 4423 1297 4478 in
1351 4440 1566 4496 aquam
1617 4434 1983 4501 convertens,

328 4528 465 4568 cum
497 4511 923 4584 bibisset,aqua
952 4513 1238 4569 intercute
1267 4513 1561 4570 distentus
1591 4530 1724 4571 cum
1754 4518 1984 4576 Arianis

329 4599 575 4657 interiit.

2159 2552 2212 2606 6.
2230 2546 2484 2623 Εἶ’πιυμεν
2518 2550 2607 2604 καὶ
2638 2549 2775 2625 πρὸς
2804 2550 2894 2604 τὸν
2921 2547 3751 2624 ἀτυχέστατον(66)Σαμοσάτέα

2091 2637 2329 2708 Παῦλον,
2362 2639 2451 2694 τὸν
2487 2637 2740 2714 λέγοντα,
2773 2637 2854 2693 ὅτι
2906 2639 2994 2717 ἀφ’
3041 2638 3102 2692 οὗ
3153 2635 3426 2714 προῆλθεν
3480 2636 3583 2690 ἀπὸ
3639 2642 3748 2705 τῆς

2089 2726 2462 2804 ἀπειρογαμου
2512 2727 2810 2800 Παρθένου,
2861 2727 2967 2782 ἀπὸ
3010 2726 3132 2782 τότε
3175 2726 3298 2789 Υἱὸς
3346 2725 3740 2802 ἐχρημάτισεν.

2087 2821 2317 2894 “¹Αφρον,
2387 2817 2485 2872 οὐκ
2540 2815 2778 2886 ἤκουσας
2838 2817 3002 2872 αὐτοῦ
3067 2820 3164 2871 τοῦ
3222 2815 3419 2886 Κυρίου
3481 2813 3742 2889 λέγοντος

2087 2907 2226 2981 πρὸς
2275 2905 2400 2968 τοὺς
2462 2903 2778 2967 Ἰουδαίους·
2838 2929 2866 2956 ‹‹
2927 2907 2983 2960 '0
3039 2906 3218 2978 πατὴρ
3281 2904 3432 2977 ὑμῶν
3497 2899 3746 2978 ’Δϐραὰμ

2088 2994 2467 3071 ἠγαλλιάσατο
2500 2993 2630 3050 ἰδεῖν
2662 2997 2759 3065 τὴν
2793 2995 3002 3070 ἡμέραν
3036 2994 3133 3062 τὴν
3166 2992 3328 3066 ἐμὴν,
3361 2993 3451 3047 καὶ
3500 2989 3603 3047 εἶδε
3648 2993 3741 3045 καὶ

2089 3086 2286 3162 ἐχάρη.
2348 3109 2369 3136 ιι
2433 3085 2528 3140 Καὶ
2584 3089 2691 3140 τῶν
2745 3084 3052 3160 ἀχαρίστων
3118 3080 3394 3138 Ἰουδαίων
3470 3079 3740 3157 λεγόντων

2088 3176 2224 3247 πρὸς
2285 3173 2442 3230 αὐτὸν
2494 3175 2586 3230 τὸν
2643 3174 2864 3250 Κύριον,
2918 3198 2946 3224 ‹‹
2980 3169 3144 3227 Οὔπω
3193 3172 3588 3247 τεσσαράκοντα
3645 3168 3740 3240 ἔτη

2090 3264 2259 3342 ἔχεις,
2311 3266 2399 3320 καὶ
2447 3264 2621 3342 λέγεις
2674 3264 2966 3341 ἑωρακέναι
3016 3263 3106 3318 τὸν
3163 3257 3452 3340 Ἀϐραάμς
3506 3285 3534 3312 ››
3580 3263 3744 3316 Ἀπε-

2087 3355 2246 3430 κρίθη
2307 3355 2444 3430 πρὸς
2497 3354 2690 3416 αὐτοὺς
2736 3353 2824 3408 καὶ
2856 3350 3060 3429 ἔλεγενο
3101 3377 3128 3405 ι(
3160 3353 3364 3425 Ἀμὴν,
3395 3351 3542 3424 ἀμὴν
3594 3348 3744 3424 λέγω

2093 3446 2238 3518 ὑμῖν,
2271 3445 2397 3519 πρὶν
2454 3439 2707 3521 Ἀϐραὰμ
2762 3444 3028 3519 γενέσθαι,
3088 3443 3194 3518 ἒγώ
3251 3441 3388 3514 εἶμι.
3423 3466 3451 3491 ››
3487 3440 3571 3512 Ei’,
3615 3440 3741 3514 πρὶν

2093 3529 2340 3610 Ἀϐραὰμ
2385 3535 2656 3608 γενέσθαι,
2685 3532 2843 3594 αὐτός
2895 3531 3025 3602 ἐστι,
3057 3535 3175 3593 πῶς
3222 3528 3420 3606 λέγεις,
3473 3528 3555 3584 ὅτι
3607 3529 3746 3600 μετὰ

2091 3624 2190 3692 τὴν
2250 3620 2504 3700 ἔνσαρκον
2563 3621 2727 3676 αὐτοῦ
2784 3620 3079 3696 παρουσίαν
3140 3619 3263 3681 Υἱὸς
3329 3618 3742 3694 ἐχρημάτισεν;

2091 3711 2205 3771 Οὐκ
2256 3710 2496 3782 ἤκουσας,
2521 3711 2571 3767 ἐν
2598 3716 2677 3783 τῷ
2728 3712 3134 3786 Ιιαροιμιαστῇ,
3169 3708 3304 3777 αὐτὴ
3337 3709 3371 3776 ἡ
3410 3706 3582 3786 Σοφία
3623 3711 3744 3767 πῶς

2094 3800 2295 3877 ἔλεγεν
2347 3825 2376 3853 ιι
2429 3801 2571 3876 Ἐγὼ
2622 3798 2774 3873 ἤμην
2823 3802 2958 3872 (67),
3091 3797 3442 3874 προσέχαιρε·
3502 3794 3746 3867 καθημέ-

2095 3911 2188 3968 ραν
2240 3889 2608 3968 εὐφραινόμην
2660 3889 2712 3944 ἐν
2763 3887 3044 3962 προσώπῳ
3093 3885 3278 3956 αὐτοῦ,
3313 3909 3340 3938 »
3393 3885 3482 3940 ὅτε
3525 3883 3749 3954 ἐποίησε

2092 3983 2191 4050 τήν
2249 3979 2600 4052 οἰκουμένην,
2635 3979 3010 4054 συμπαρήμην
3059 3976 3242 4048 αὐτῷ;
3277 3975 3380 4032 Καὶ
3436 3972 3600 4029 πάλιν
3656 3972 3748 4028 λέ-

2093 4093 2174 4148 γει
2208 4072 2234 4124 ὁ
2272 4071 2436 4145 μέγας
2483 4070 2900 4142 ΙΙαροιμιαστής
3133 4091 3161 4119 ‹‹
3203 4067 3264 4124 Ὀ
3294 4066 3422 4127 Θεὸς
3467 4067 3534 4136 τῇ
3589 4062 3749 4140 σοφίᾳ

2095 4157 2424 4232 ἐθεμελίωσε
2480 4159 2579 4226 τήν
2633 4164 2760 4232 γῆν.
2799 4181 2826 4207 ››
2860 4154 2999 4211 Ἰδοὺ
3039 4154 3120 4210 ἀεί
3170 4153 3311 4210 ἐστιν
3363 4153 3414 4208 ἐν
3446 4157 3525 4225 τῷ
3559 4150 3747 4228 Πατρί-

2093 4249 2181 4304 καὶ
2215 4249 2243 4302 6
2277 4246 2447 4322 μέγας
2479 4244 2836 4308 ’Δπόστολοςο
2865 4270 2892 4297 ‹‹
2928 4245 3156 4320 Χριστὸς
3198 4247 3334 4299 Θεοῦ
3388 4239 3613 4314 δύναμις
3662 4239 3752 4294 καὶ

2095 4342 2228 4396 θεοῦ
2260 4337 2440 4414 σοφία·
2478 4359 2507 4389 ››
2537 4336 2598 4390 Τί
2625 4335 2760 4411 πρὸς
2798 4335 2965 4390 ταῦτα
3013 4331 3159 4410 λέγει
3208 4333 3237 4387 6
3285 4331 3515 4402 ἀνόητος
3567 4337 3753 4404 Σαμο-

2096 4426 2306 4497 σατεὺς,
2337 4425 2427 4481 καὶ
2486 4426 2668 4493 οὗτος,
2701 4421 3034 4498 ὲξυδαρώσας
3093 4422 3185 4478 τὸν
3247 4423 3388 4476 Θεῖον
3437 4424 3627 4475 τοῦτον
3680 4418 3757 4473 οἶ-

2093 4539 2208 4590 νον,
2254 4516 2344 4572 καὶ
2393 4516 2556 4580 πιὼν,
2605 4515 2697 4570 καὶ
2743 4513 3148 4588 τυμπανωθεὶς,
3194 4509 3448 4566 ἀπώλετο
3496 4508 3589 4563 σὺν
3635 4512 3755 4569 τοῖς

2017 4597 2066 4662 D
2096 4605 2561 4685 Ἀρειομανίταις.

402 4779 635 4858 "Psal.
665 4796 842 4858 χιιιςιι,
873 4782 930 4858 ti:
972 4781 1054 4858 _"
1085 4782 1288 4838 Genes.
1320 4781 1536 4858 3,1,2.
1591 4785 1662 4858 W93
1694 4785 1882 4843 Galat.
1918 4805 1975 4844 ιν

2112 4753 2114 4756 Ι
2158 4791 2203 4826 ³⁵
2233 4786 2358 4845 Joel
2389 4805 2451 4843 ιι.
2482 4788 2574 4842 28.
2651 4787 2696 4822 ³⁵
2726 4785 3141 4858 ὖοδιιφινΛΟ,
3171 4785 3228 4858 6.
3305 4783 3351 4819 ³⁸
3377 4782 3546 4839 Joan:
3576 4782 3733 4846 “1,7

329 4868 425 4908 xlv
456 4853 560 4920 18;
591 4869 684 4924 xv,
716 4854 806 4908 26.
886 4853 930 4888 9"
959 4853 1130 4909 Joan.
1167 4871 1286 4921 vm,
1316 4855 1508 4910 56-58.
1583 4857 1628 4891 2⁸
1661 4858 1821 4914 Prov.
1857 4853 2101 4932 vm,30.

403 5041 778 5124 (61LGobler.
811 5043 1046 5124 etli‘elo:
1077 5043 1237 5124 1,Καὶ
1271 5042 1330 5124 έν
1372 5047 1440 5116 τῇ
1480 5047 1812 5124 κοσμογονίᾳ
1858 5050 1993 5106 Μω-

331 5115 584 5195 σῆςξξίζν
610 5115 811 5195 δέρχχ..
844 5117 976 5188 Seg.
1010 5116 1252 5195 ibidem,
1284 5115 1684 5195 Μωρῆςλέγειξ

401 5188 519 5257 (65)
548 5184 655 5239 Τοῦ
687 5184 892 5248 ’ῧδατος
922 5184 1026 5241 ’καὶ
1077 5192 1312 5249 Παῦλος.
1360 5184 1685 5247 Gobler'et
1724 5192 1874 5248 Felo.
1928 5193 1979 5248 1.

332 5257 520 5340 Paulo
548 5261 928 5340 pp‘sthiidem,
963 5257 1014 5340 έν
1045 5257 1437 5340 ταῖςᾼκαρδίάις
1469 5264 1724 5340 inpium...
1776 5265 1978 5340 πατήρ.

333 5327 431 5383 Καὶ
484 5327 648 5412 ξίωὴλ
697 5330 757 5386 ἐκ
794 5329 1098 5412 προσιρπου
1149 5327 1645 5412 βιοῦ-,Ἐνιχςεὼη
1708 5335 1796 5389 καὶ
1847 5327 1978 5412 πρὸ-

333 5399 678 5478 φητεῷσο-υλσι.
712 5401 809 5478 Καὶ
843 5399 870 5455 6
903 5401 1120 5478 Κύριος.
1152 5404 1294 5478 Ἐγὼ
1327 5403 1377 5478 ἐν
1410 5426 1459 5460 τ.

407 5475 514 5560 (ϐβ)
565 5473 953 5560 Ἀτμχέστατρν
982 5473 1272 5560 Ηςθθῌή
1315 5477 1673 5560 _Gobler.“_et
1722 5477 1973 5560 19610.},
2019 5537 2023 5540 _

331 5543 674 5622 Paulopost
697 5543 762 5604 i‘n
794 5547 1028 5622 iisdem,
1057 5547 1141 5601 ὃτι
1169 5549 1350 5622 deest.
1383 5555 1509 5622 Mox
1537 5549 1739 5622 iidem,
1764 5543 1976 5622 Ιῐαρθᾷὲ

330 5633 448 5698 νέου,
499 5618 724 5698 Ἕκτοτε
762 5619 1191 5698 Δχρη-μαπείετοιντα
1243 5620 1334 5674 τὸν
1395 5620 1530 5698 υἱόν.
1591 5621 1817 5698 ξΑφρον,
1854 5618 1976 5698 ὀὐκ

330 5683 568 5758 ἤκουσας
616 5693 714 5746 τοῦ
762 5683 961 5768 Κῦρίου
1019 5689 1276 5767 λέγοντος
1328 5696 1444 5756 τοῖς
1523 5683 1816 5768 μιιιθηίτὸιῖςἔ
1875 5693 1973 5750 Καὶ

2034 5610 2041 5620 _
2085 5547 2313 5608 Go'bler.
2349 5557 2406 5607 et
2434 5547 2583 5608 Felo'.
2621 5553 2671 5606 1.
2716 5547 2898 5620 Paulo
2950 5547 3104 5620 post,

2205 4863 2250 4896 ²⁰
2282 4861 2444 4917 Prov.
2479 4876 2563 4928 ιιι,
2601 4860 2688 4916 19.
2766 4859 2810 4893 ³ο
2841 4858 2861 4912 Ι
2895 4856 3023 4914 Cor.
3055 4872 3099 4922 1,
3127 4856 3220 4910 24.

2106 5043 2354 5124 Ἀϐραὰμ
2384 5045 2656 5178 ἠόαλλ....
2690 5047 2778 5101 καὶ
2814 5043 2942 5100 ῗδὼν
2973 5042 3169 5121 ἐχάρη.
3199 5047 3315 5098 Τῶν
3367 5040 3423 5097 δὲ
3471 5038 3748 5098 Ἰουδαίων

2106 5122 2378 5178 ίῖπὸντων.
2462 5121 2580 5175 ὕπω
2616 5127 2666 5178 μ’
2697 5117 2789 5178 ἔτη
2832 5113 2892 5178 ἔγ
3038 5113 3326 5178 Ἀοράαμς
3370 5116 3432 5172 Ὀ
3480 5112 3536 5169 δέ
3583 5133 3740 5178 φησι.

2093 5112 2378 5193 εῗπᾶντωγ.
2407 5112 2580 5193 Ὸῦπω
2616 5127 2666 5192 μ’
2697 5117 2789 5193 ἔτη
2832 5113 2899 5193 ἕχ
2929 5112 3326 5189 ...”’Ᾱοράαμ;
3370 5116 3432 5172 Ὀ
3480 5112 3536 5169 δὲ
3583 5133 3740 5190 φησι.

2093 5195 2229 5268 ῙῙρῖν
2265 5188 2648 5268 Ἀγϐραάμᾲιγώ
2680 5190 2816 5268 εἶμιζ

2161 5255 2744 5339 (67)G6bleriab._et
2775 5261 2926 5318 Felc.
2983 5262 3032 5339 1_,
3083 5257 3381 5339 παρουσίαν
3433 5255 3746 5339 ἐχρηματί-

2089 5327 2175 5429 gs"
2219 5327 2307 5390 καὶ
2349 5337 2510 5392 πάλιν
2568 5335 2595 5390 6
2647 5331 3059 5410 [Ιαροιμιαστής
3119 5327 3170 5384 ἐν
3217 5331 3288 5400 τῇ
3346 5327 3535 5406 Σοφίᾲ’
3585 5327 3744 5403 ίἘγὼ

2301 5479 2450 5546 Haec,
2483 5477 2632 5554 λέγει
2667 5478 2694 5532 6
2739 5477 2902 5552 μέγας
2962 5471 3398 5603 ΙΙαροιὲιαστής,
3428 5473 3645 5528 desunt
3674 5471 3736 5528 in

2091 5551 2313 5603 Gobler.
2349 5557 2406 5603 et
2434 5552 2583 5603 Felo.
2621 5553 2671 5603 1.
2716 5547 2893 5603 Paulo
2951 5552 3104 5603 nost.
3178 5561 3267 5603 eg.
3314 5550 3372 5602 et
3416 5543 3594 5602 Basil.
3646 5541 3738 5598 καὶ

2085 5546 2313 5608 σποδιόν.
2349 5557 2406 5607 et
2434 5546 2583 5608 Felo'.
2621 5553 2671 5606 1.
2716 5546 2893 5607 Paulo
2950 5546 3104 5620 post,
3136 5546 3267 5618 Sag.
3314 5550 3372 5602 et
3416 5546 3594 5602 Basil.
3646 5546 3729 5598 καῖ

2081 5621 2426 5699 πάλινᾼλέγει
2557 5622 2724 5699 μέγας
2771 5615 3124 5681 ’Δπόστολος.
3183 5617 3350 5676 Gobl.
3400 5622 3459 5677 et
3486 5614 3638 5674 Felo.
3675 5617 3729 5689 1,

2081 5694 2172 5751 καὶ
2201 5695 2230 5752 6
2258 5692 2611 5761 Ἀπ’όστολος.
