2036 3105
188 174 248 204 597

769 173 801 202 s.
824 171 1086 202 ATHANASIUS.
1099 185 1138 194 --
1153 162 1308 201 SPUB‘IA.

1835 169 1894 199 528

188 239 278 267 dixit:
291 239 352 266 Heu
365 238 449 274 mihi,
466 239 575 266 frustra
589 238 720 266 laboravi
736 240 764 266 et
779 246 927 266 aerumnas
946 237 1007 264 tuli.

1069 234 1159 272 δῶμεν
1175 236 1266 263 ουσίαν
1283 234 1327 263 ἕνα
1343 238 1397 263 τῶν
1412 235 1477 262 υἱῶν
1492 235 1583 272 ἡμῶν.
1600 235 1632 262 Ἠ
1655 232 1684 262 δὲ
1706 234 1776 271 γυνὴ
1802 233 1892 269 αὐτοῦ,

188 284 269 315 Quod
286 283 336 311 ubi
352 291 400 310 rex
416 283 501 317 vidit,
517 283 576 311 ait:
593 283 634 311 Ne
649 283 727 316 ﬂeto,
741 283 792 310 sed
809 284 917 310 sortem
949 281 1016 308 mit-

189 331 304 362 tamus;
317 327 341 355 εἰ
354 336 417 355 sors
430 327 504 355 mihi
515 327 672 361 obvenerit,
686 335 772 363 quem
784 327 886 355 libebit
897 326 1015 362 eligam,

190 371 369 407 oi‘i‘eramque
385 372 441 399 diis
456 371 568 399 nostris
583 371 780 405 sacrificium;
796 370 840 399 sin
853 370 918 403 tibi,
928 377 1015 406 quem

190 416 318 443 volueris
333 415 416 451 elige,
433 417 462 443 et
477 424 559 443 serva
586 416 695 451 ipsum.
725 415 797 443 Illud
820 415 885 443 ideo
909 414 1014 448 aiebat,

191 461 265 495 quod
274 463 403 495 speraret
409 462 516 487 sortem
524 459 643 487 arbitrio
653 460 811 488 sacerdotis
817 460 1013 488 obventuram.

192 505 313 532 Mittunt
328 506 427 539 itaque
442 507 563 537 sortem,
579 513 642 539 qua:
656 512 724 532 cum
735 504 840 540 reginis
852 503 1015 539 obtigisset,

192 549 278 585 elegit
287 549 336 575 illa
348 557 433 583 quem
447 548 587 584 diligebat
598 548 852 576 Melchisedecum.
862 549 921 576 Rex
932 556 1016 584 porro

190 594 285 621 Salem
297 595 453 629 superatus
464 593 500 620 ab
512 601 615 626 uxore,
625 601 712 628 quem
726 601 790 621 sors
801 593 967 629 assignaret
981 593 1015 620 ﬂ-

189 638 261 665 lium
279 638 430 665 adornavit
445 637 482 664 ad
497 638 687 669 sacrificium.
702 638 813 666 veritus
830 645 865 665 ne
885 638 954 665 deos
971 637 1015 665 of-

190 684 320 711 fenderet
335 691 415 710 suos.
436 682 469 710 Et
497 690 650 718 regressus
682 682 875 710 Melchisedec
903 685 1014 718 septem

189 727 295 755 vitulos
310 727 417 754 attulit.
433 727 591 762 Acceptum
622 728 722 754 autem
752 729 835 762 pater
862 726 956 754 ﬁlium
980 735 1014 755 ex

190 774 267 799 sorte
283 771 458 803 necandum,
480 770 516 798 ad
533 771 634 798 fanum
660 769 805 798 idolorum
835 770 960 798 ducebat
983 770 1013 798 in

190 815 411 844 dodecatheum.
434 815 601 842 Convenere
618 815 688 843 item
704 815 734 842 in
752 815 928 843 sacriﬁcium
954 817 1013 843 tres

189 864 216 888 et
231 859 381 895 quingenti
408 859 489 894 pueri
505 867 522 886 a
538 859 673 894 patribus
702 859 765 887 suis
785 859 885 895 oblati,
910 861 939 887 et
964 859 1012 887 alii

189 905 309 933 trecenti
326 912 342 931 a
357 904 511 937 matribus,
529 911 641 931 necnon
658 904 744 931 boves
760 906 788 931 et
798 912 865 932 oves
876 904 1011 932 innume-

190 958 238 984 rze,
252 949 363 984 fuitque
375 951 509 984 paratum
521 948 710 976 sacriﬁcium.
728 948 814 976 Porro
830 948 925 976 Salem
942 948 1011 976 Mel-

189 993 335 1022 chisedeci
352 997 455 1027 mater,
471 992 552 1019 domi
568 993 673 1020 sedens
690 992 863 1020 exclamavit
872 1001 939 1021 voce
950 1001 1011 1020 me-

189 1047 256 1074 gna,
272 1038 372 1072 aitque
389 1036 620 1069 Mclchisedeco;
647 1037 751 1064 Annon
777 1037 866 1065 deﬂes
892 1033 1010 1065 fratrem

187 1086 282 1115 tuum,
299 1082 348 1118 qui
366 1085 431 1117 post
445 1084 560 1108 tantum
576 1081 717 1115 laborem,
736 1082 771 1108 ad
786 1089 887 1109 necem
907 1090 1011 1118 prope-

188 1127 255 1155 rat?
270 1127 380 1159 Quibus
399 1125 446 1153 ille
464 1125 573 1152 auditis
589 1125 676 1159 ﬂevit,
693 1126 793 1161 aitque
808 1125 914 1153 matri:
931 1126 1011 1161 Opus

187 1174 231 1199 est
246 1174 278 1198 ut
294 1171 389 1198 isthuc
407 1170 460 1197 loci
477 1170 636 1197 concedam
651 1178 657 1202 ;
675 1178 860 1205 surgensque
879 1170 1011 1198 ascendit

187 1217 215 1243 in
233 1218 362 1243 montem
379 1214 504 1241 Thabor.
521 1214 650 1249 Surgens
661 1214 730 1242 item
745 1217 839 1242 mater
849 1216 924 1250 ejus,
936 1220 1009 1243 tem-

188 1261 269 1296 plum
286 1259 369 1295 petiit
383 1258 539 1292 idolorum,
557 1260 589 1285 ut
604 1258 699 1286 ﬁlium
714 1258 833 1293 videret,
851 1262 1008 1296 antequam

187 1305 378 1337 occideretur,
390 1306 482 1330 etuna
493 1305 589 1330 totum
601 1311 694 1338 genus
707 1311 805 1331 suum.
818 1303 1010 1332 Melchisedeo

187 1352 297 1381 autem,
310 1355 469 1375 conscenso
486 1349 584 1374 monte
600 1347 727 1379 Thabor,
740 1347 820 1374 ﬂexis
828 1348 954 1383 genibus
964 1349 1009 1376 di-

186 1395 244 1421 xit:
257 1394 341 1425 Deus,
353 1392 555 1419 universorum
568 1391 721 1426 Dominus,
736 1391 785 1427 qui
802 1392 893 1419 fecisti
902 1393 1007 1421 ccelum

185 1441 214 1466 et
222 1440 341 1469 terram,
357 1440 383 1464 te
394 1437 496 1463 invoco
505 1435 601 1463 solum
616 1443 718 1463 verum
735 1436 835 1471 Deum,
849 1437 952 1465 exaudi
962 1445 1009 1465 me

185 1482 240 1510 hac
255 1483 335 1513 hora,
350 1481 520 1516 jubetoque,
537 1481 569 1507 ut
584 1480 717 1507 omnium
734 1482 876 1515 quotquot
900 1481 1009 1509 adsunt

185 1527 327 1555 sacrificio
344 1525 442 1552 fratris
464 1524 521 1551 mei
553 1524 667 1557 Melchi,
699 1524 781 1552 locus
811 1525 850 1553 sit
875 1525 1007 1554 infernu

185 1572 236 1607 qui
252 1579 300 1598 eos
317 1569 466 1605 deglutiat.
484 1568 695 1604 Exaudivitque
710 1569 788 1596 Deus
817 1569 1006 1599 Melchisede-

1071 279 1216 316 ἀκούσασα,
1242 279 1356 308 ἕκλαυσε
1380 281 1496 318 πικρῶς·
1522 278 1593 317 ἔγνω
1607 278 1658 317 γὰρ
1673 279 1741 315 (20),
1756 278 1798 306 ὅτι
1828 288 1893 316 προ-

1072 325 1147 363 φάσει
1174 323 1246 352 θέλει
1262 325 1277 352 ὁ
1294 324 1420 362 βασιλεὺς
1445 326 1571 362 φονεῦσαι
1594 323 1640 351 τὸν
1654 321 1838 361 Μελχισεδὲκ,
1853 322 1892 350 ὅτι

1072 368 1206 397 ὠνείδισεν
1236 369 1309 405 αὐτῷ
1337 368 1382 396 ἐπὶ
1408 369 1456 403 τὴν
1486 368 1588 397 θυσίαν.
1616 368 1666 396 Καὶ
1691 367 1890 402 ἀνεστέναζινὴ

1073 413 1227 451 βασίλισσα,
1243 414 1287 442 καὶ
1314 414 1397 441 εἶπεν
1414 413 1509 450 Ο¹ίμοι,
1526 413 1656 441 ἐκοπίασα
1682 412 1726 441 καὶ
1751 412 1892 451 ἐμόχθησα

1071 457 1217 495 εἶςλκενόν.
1243 457 1318 486 ’[δὼν
1348 457 1377 485 δὲ
1406 457 1489 492 αὐτὴν
1517 458 1532 486 ὸ
1562 456 1698 495 βασιλεὺς,
1712 457 1784 484 εἶπεν
1813 456 1890 494 αὐτῇ·

1070 488 1217 537 Μήθκλαῖε,
1232 502 1305 530 ἀλλὰ
1321 502 1400 540 δεῦρο
1429 488 1572 540 λάγωμενι·
1596 502 1641 529 καὶ
1671 488 1715 529 ἇέιν
1744 501 1818 539 λάχῃ
1836 488 1891 538 μοῖ,

1069 546 1231 585 ἐπιλέγομαι
1260 547 1289 574 ὃν
1319 547 1404 581 θέλω,
1427 547 1471 573 καὶ
1503 545 1583 573 δώσω
1606 546 1685 573 αὐτὸν
1715 545 1806 572 θυσίαν
1836 548 1891 577 τοῖς

1070 592 1142 622 θεοῖς
1165 592 1257 628 ήμῶν⁸
1274 591 1297 619 εἰ
1322 590 1350 618 δὲ
1374 591 1449 629 λάχῃ
1466 601 1519 626 σοι,
1535 590 1653 625 ἐπίλεξαι
1683 590 1712 617 ὃν
1742 590 1772 617 ἂν
1800 590 1893 628 θέλῃς,

1068 635 1113 663 καὶ
1129 635 1321 674 παραφύλαττε
1335 635 1426 663 αὐτόν.
1443 637 1529 663 Τοῦτο
1546 633 1575 662 δὲ
1597 633 1686 673 ἔΛεγε,
1703 633 1790 662 δοκῶν
1814 645 1893 662 κατα-

1069 679 1217 718 λαγχάνειν
1232 682 1271 717 τῷ
1285 681 1352 718 ἱερεῖ
1367 681 1434 716 (21)’
1449 679 1495 707 καὶ
1513 679 1644 716 βαλόντες
1664 678 1780 717 κλῆρον,
1796 678 1893 717 ἔλαχεν

1068 725 1086 759 ἡ
1117 724 1272 762 βασίλισσα,
1301 725 1347 752 καὶ
1388 723 1533 759 ἐπελέξατο
1570 724 1616 751 τὸν
1655 723 1836 761 Μελχισεδὲκ,
1863 725 1891 752 ὃν

1068 769 1171 807 ἠγάπα.
1197 770 1227 798 Ὁ
1250 768 1279 797 δὲ
1311 768 1438 807 βασιλεὺς
1462 768 1573 805 Σαλήμ,
1589 768 1717 803 ἡττηθεὶς
1743 769 1816 806 ποιρᾶ
1843 770 1892 802 τῆς

1066 814 1193 852 γυναικὸς
1222 813 1315 849 αὐτοῦ,
1329 814 1374 841 τὸν
1404 813 1526 851 λαχόντα
1547 813 1622 849 αὐτῷ
1646 812 1704 840 υἱὸν
1733 812 1892 850 ηὕτρέπισεν

1067 858 1105 890 είς
1135 858 1237 886 (lue-{1w
1266 855 1390 897 ἐφοϐεῖτο
1418 859 1471 896 γὰρ
1506 859 1688 896 προσκροῦσαι
1728 860 1788 889 τοῖς
1822 861 1892 890 θεοῖς

1068 903 1149 930 αὐτοῦ
1164 904 1233 939 (22).
1249 904 1297 930 Καὶ
1313 902 1401 934 ἐλθὼν
1418 903 1431 930 ὁ
1446 901 1625 940 Μελχισεδὲκ,
1635 901 1734 939 ἤνεγκε
1748 902 1812 933 τοὺς
1826 902 1892 930 ἒπτᾶ

1069 947 1200 984 μόσχους.
1219 945 1314 974 Λαϐὼν
1338 945 1367 974 δὲ
1392 946 1406 974 ὀ
1426 947 1517 984 πατὴρ
1532 947 1578 973 τὸν
1595 943 1718 984 λαχόντα
1732 945 1806 982 αὖτῷ
1822 946 1889 982 υἱὸν,

1067 991 1209 1029 ἐπορεύετο
1225 991 1268 1019 ἐπὶ
1284 991 1328 1018 τὸν
1344 991 1408 1018 ναὸν
1421 993 1475 1018 τῶν
1493 989 1615 1018 εἰδώλων
1631 990 1657 1018 ἐν
1672 993 1712 1026 τῷ
1722 989 1890 1027 δωδεκαθέῳ·

1067 1035 1200 1070 συνῆλθον
1217 1035 1246 1063 δὲ
1259 1035 1302 1063 ἐπὶ
1317 1037 1351 1072 τῇ
1368 1035 1445 1071 θυσίᾳ
1460 1036 1502 1074 φγί
1513 1034 1607 1066 παῖδες
1624 1033 1677 1062 ὕπὸ
1687 1037 1741 1062 τῶν
1754 1034 1830 1062 ἰδίων
1840 1045 1891 1062 πα-

1065 1080 1149 1118 τέρων
1167 1080 1395 1118 προσφερόμενον
1411 1080 1456 1107 καὶ
1480 1078 1561 1106 ἄλλοι
1584 1078 1736 1117 τριακόσιοι
1820 1080 1892 1115 παρὰ

1065 1127 1118 1152 τῶν
1133 1124 1269 1161 μητέρων,
1286 1124 1331 1151 καὶ
1349 1124 1410 1161 βόεν
1424 1123 1469 1150 καὶ
1493 1120 1617 1161 πρόϐατα
1648 1123 1830 1161 ἀναρίθμητα,
1844 1122 1890 1151 καὶ

1066 1168 1171 1206 ἐγένετο
1195 1170 1212 1203 ἡ
1238 1168 1315 1200 ουσία
1342 1167 1464 1204 ἕτοιμος.
1484 1167 1586 1203 Σαλήμ
1615 1166 1644 1195 δὲ
1671 1168 1689 1202 ἡ
1721 1168 1814 1204 μήτηρ
1842 1170 1890 1195 τοῦ

1065 1212 1248 1251 Μελχισεδὲκ,
1264 1213 1405 1249 καθημένη
1432 1212 1458 1240 ἐν
1480 1215 1520 1249 τῷ
1550 1211 1618 1248 οἷ’κῳ
1647 1211 1742 1244 αὐτῆς,
1758 1209 1889 1247 ἀνεϐόησε

1065 1260 1141 1297 φωνῇ
1169 1257 1275 1295 μεγάλῃ
1300 1257 1344 1285 καὶ
1367 1257 1441 1294 λέγει
1466 1259 1506 1293 τῷ
1520 1255 1700 1294 Μελχισεδέκ·
1716 1255 1757 1284 Οὐ
1785 1256 1889 1287 κλαίεις

1063 1302 1109 1330 τὸν
1124 1301 1239 1341 ἀδελφόν
1257 1312 1315 1338 σου,
1332 1300 1373 1329 ὅτι
1405 1301 1472 1336 μετὰ
1498 1303 1626 1328 τοσοῦτον
1655 1300 1776 1337 κάματον
1804 1300 1886 1338 ἀπέρ-

1064 1357 1142 1384 χεται
1181 1348 1333 1386 σφαγῆναι;
1365 1346 1414 1374 Καὶ
1450 1347 1534 1373 ταῦτα
1567 1345 1683 1376 ἀκούσας
1709 1346 1773 1383 παρ’
1801 1345 1885 1379 αὐτῆς

1063 1390 1187 1426 ἔκλαυσε,
1202 1391 1247 1418 καὶ
1264 1390 1334 1428 λέγει
1361 1392 1395 1427 τῇ
1425 1390 1509 1427 μητρὶ
1538 1389 1631 1417 αὐτοῦ·
1647 1391 1720 1421 Ἕως
1748 1391 1803 1416 τῶν
1831 1387 1886 1416 ὦδε

1063 1435 1157 1474 χρείαν
1174 1434 1241 1473 ἔχω·
1257 1435 1302 1463 καὶ
1318 1434 1442 1469 ἀναστὰς,
1458 1433 1573 1468 ἀνῆλθεν
1589 1433 1614 1461 ἐν
1638 1435 1678 1469 τῷ
1695 1431 1751 1471 ὄρει
1776 1431 1884 1471 Θαϐώρ.

1063 1480 1112 1507 Καὶ
1133 1481 1151 1515 ἡ
1180 1481 1272 1517 μήτηρ
1296 1479 1378 1506 αὐτοῦ
1402 1479 1545 1515 ἀναστᾶσα,
1570 1478 1691 1511 ἀπῆλθεν
1715 1478 1741 1506 ἐν
1765 1481 1805 1515 τῷ
1832 1481 1887 1515 ναῷ

1061 1526 1114 1552 τῶν
1148 1523 1282 1558 εἰδώλων,
1314 1522 1416 1555 ῗδέσθαι
1454 1524 1500 1551 τὸν
1540 1524 1639 1558 ἑαυτῆς
1676 1523 1745 1558 υἱὸν,
1775 1524 1837 1561 πρὶν
1867 1523 1885 1558 ἢ

1062 1570 1215 1607 σφαγῆναι,
1245 1568 1290 1596 καὶ
1319 1568 1383 1596 ὅλον
1412 1568 1443 1596 τὸ
1467 1568 1542 1606 γένος
1570 1567 1665 1603 αὐτῆς.
1694 1567 1828 1596 Ἀνελθὼν
1856 1567 1885 1595 δὶ

185 1605 263 1649 cum,
280 1623 312 1642 ac
328 1615 483 1648 derepente
501 1615 600 1648 aperta
622 1615 668 1640 est
691 1615 778 1647 terra,
803 1615 831 1641 et
854 1614 1007 1650 deglutivit

1063 1605 1235 1651 Μελχισεδὲκ
1263 1613 1300 1644 εἷς
1328 1613 1359 1640 τὸ
1385 1610 1448 1650 ὅρος
1475 1605 1586 1650 Θαϐὼρ,
1602 1611 1697 1643 κλίνας
1710 1612 1743 1640 τὰ
1772 1613 1887 1650 γόνατα,

185 1668 245 1692 eos,
263 1659 428 1686 universam
444 1657 555 1685 scilicet
571 1657 713 1685 familiam
729 1657 842 1692 Melcbi,
860 1667 928 1686 cum
947 1661 1008 1688 tota

187 1704 270 1737 urbe,
283 1706 323 1730 ita
334 1705 366 1729 ut
378 1710 429 1729 nec
441 1701 539 1733 homo,
551 1709 604 1728 nec
616 1709 676 1736 ara,
687 1709 739 1729 nec
749 1702 861 1733 fanum.
876 1711 927 1731 nec
939 1704 1007 1732 bru-

187 1751 260 1781 tum,
274 1756 368 1783 neque
379 1748 513 1773 creatura
528 1745 627 1781 aliqua
643 1746 724 1773 urbis
739 1746 829 1774 totius
857 1751 1007 1784 superstes

188 1793 292 1825 fuerit;
310 1792 360 1819 sed
377 1789 476 1818 omnia
490 1790 628 1825 absorpta
644 1789 712 1818 sint.
731 1790 883 1819 Descendit
909 1794 1006 1821 autem

187 1837 378 1865 Melchisedoc
394 1836 430 1862 de
444 1837 542 1862 monte
558 1834 685 1868 Thabor,
701 1837 729 1862 et
743 1835 792 1862 ubi
808 1843 873 1863 sese
901 1837 976 1865 vidit
990 1847 1007 1866 θ.

188 1886 242 1910 Deo
253 1881 432 1914 exauditam,
445 1887 551 1915 magno
563 1878 666 1906 timore
677 1881 828 1915 correptus
837 1880 866 1907 in
878 1884 1006 1911 montem

186 1928 258 1954 191
278 1925 456 1960 remigravit,
472 1926 560 1959 atque
575 1923 604 1950 in
636 1923 756 1951 densam
780 1923 932 1959 ingressus
956 1926 1007 1954 sil-

183 1980 260 2004 vam,
277 1973 389 2005 septem
407 1968 465 1995 illic
481 1976 574 1995 annos
589 1968 751 2003 permansit
766 1977 772 1995 :
796 1969 894 1997 nudus
918 1973 950 1997 ut
972 1979 1007 1999 ex

183 2019 282 2043 ventre
298 2014 400 2041 matris
417 2021 476 2040 sua;
493 2011 656 2048 prodierat:
674 2014 857 2048 unguesejus
868 2014 903 2041 ad
916 2014 1006 2050 palmi

184 2060 272 2087 unius
287 2058 500 2093 longitudinem
523 2058 687 2088 creverunt,
701 2056 798 2092 capilli
812 2065 880 2085 vero
901 2059 1006 2095 capitis

183 2104 218 2131 ad
235 2102 407 2130 umbilicum
424 2108 518 2136 usque
534 2100 665 2135 proteusi
677 2103 755 2135 sunt,
765 2101 885 2129 dorsum
894 2103 958 2138 ejus
974 2106 1006 2131 ut

181 2148 300 2176 cochlea
309 2145 467 2173 testudinis
483 2144 635 2172 obduruit.
652 2144 741 2171 Cibus
755 2146 819 2180 ejus
829 2149 912 2174 erant
920 2148 1003 2175 arbo-

181 2201 246 2220 rum
264 2192 367 2224 baccas,
385 2192 470 2225 potus
489 2190 588 2216 autem
606 2196 653 2215 ros
669 2196 757 2224 quem
774 2189 915 2225 lingebat.
936 2193 1006 2221 Post

181 2239 294 2272 septem
310 2242 413 2266 annos,
432 2241 485 2260 vox
495 2232 629 2268 quietiam
639 2232 837 2260 Abrahamum
850 2235 1005 2271 compella-

1062 1658 1144 1685 εἶπενο
1169 1658 1200 1686 Ὁ
1223 1658 1286 1688 Θεὸς
1309 1657 1323 1684 ὁ
1347 1659 1400 1684 τῶν
1425 1656 1498 1684 ὅλων
1522 1656 1629 1694 Κύριος,
1654 1657 1669 1684 ὁ
1693 1658 1811 1692 ποιήσας
1838 1662 1885 1684 τὸν

1062 1702 1174 1740 οὐρανὸν
1203 1702 1248 1729 καὶ
1275 1702 1324 1736 τήν
1351 1705 1402 1738 γῆν
1417 1724 1423 1736 ,
1454 1701 1483 1729 σὲ
1512 1700 1695 1738 ἐπικαλοῦμαι
1723 1701 1768 1729 τὸν
1801 1701 1885 1738 μόνον

1061 1745 1190 1782 ἀληθινὸν
1218 1746 1293 1783 Θεὸν,
1324 1745 1471 1774 έπάκουσόν
1498 1757 1551 1783 μου
1575 1747 1609 1783 τῇ
1639 1745 1697 1784 ὥρᾳ
1719 1746 1802 1783 ταύτῃ
1839 1746 1885 1774 καὶ

1060 1790 1279 1828 πρόσταξον,“ίνα
1302 1789 1361 1818 ὅσοι
1390 1791 1566 1829 παρεγένοντο
1596 1790 1640 1818 ἐπὶ
1668 1792 1701 1827 τῇ
1731 1791 1808 1826 Θυσίᾳ
1836 1793 1885 1818 τοῦ

1061 1834 1180 1875 ἀδελφοῦ
1211 1846 1262 1872 μου
1291 1834 1394 1873 Μελχὶ,
1412 1835 1425 1862 ὁ
1441 1835 1526 1866 τόπος
1541 1834 1607 1872 ᾂδῃς
1625 1835 1744 1874 γένηται,
1759 1835 1805 1862 καὶ
1832 1846 1882 1863 κα-

1060 1880 1144 1917 ταπίῃ
1161 1880 1267 1910 αὐτούς,
1285 1879 1332 1906 Καὶ
1348 1879 1495 1915 ἐπήκουσεν
1511 1880 1525 1906 ὁ
1539 1879 1602 1911 Θεὸς
1627 1881 1675 1907 τοῦ
1699 1878 1882 1917 Μελχισεδὲκ,

1060 1925 1106 1952 καὶ
1134 1924 1232 1955 εὐθέως
1260 1922 1352 1961 ἔχανεν
1379 1925 1396 1959 ἡ
1421 1927 1468 1962 γῆ,
1483 1924 1528 1951 καὶ
1554 1924 1678 1951 κατέπιεν
1706 1924 1812 1960 αὐτοὺς,
1837 1925 1884 1952 καὶ

1061 1972 1146 1996 πᾶσαν
1177 1968 1265 2008 φυλὴν
1294 1968 1342 1996 τοῦ
1372 1968 1539 2006 Μελχὶ,σί›ν
1568 1969 1639 2006 πάσῃ
1662 1970 1696 2006 τῇ
1725 1967 1815 1996 πόλει“
1838 1969 1884 1997 καὶ

1061 2012 1121 2041 οὔτε
1151 2014 1304 2051 ἅνθρωπος,
1335 2012 1365 2040 οὗ
1395 2013 1500 2050 βωμὸς,
1530 2013 1560 2041 οὗ
1589 2013 1663 2048 ναὸς,
1694 2013 1744 2041 οὐκ
1771 2013 1900 2051 ἄλογον,·

1060 2057 1122 2086 οὔτε
1148 2069 1190 2089 τις
1219 2057 1306 2088 κτίσις
1334 2059 1384 2090 τῆς
1414 2057 1502 2092 πάσης
1531 2057 1640 2088 πόλεως
1670 2056 1784 2094 ἔμεινεν,
1810 2057 1885 2086 ἀλλὰ

1059 2103 1145 2130 πάντα
1183 2102 1320 2140 έχανώθη.
1353 2101 1477 2137 Κατῆλθε
1512 2100 1540 2130 δὲ
1568 2102 1582 2129 ὁ
1621 2101 1793 2140 Μελχισεδὶκ
1828 2102 1884 2130 ἀπὸ

1059 2146 1107 2174 τοῦ
1149 2145 1229 2183 ὅρους
1272 2144 1369 2184 Θαϐὼρ
1387 2168 1394 2182 ,
1433 2146 1478 2174 καὶ
1521 2145 1587 2174 ἰδὼν
1605 2170 1613 2183 ,
1654 2146 1696 2174 ὅτι
1734 2146 1885 2183 ἐπήκουσεν

1059 2191 1141 2219 αὐτοῦ
1169 2191 1183 2218 ὁ
1212 2191 1297 2225 Θεὸς,
1327 2191 1353 2218 ἓν
1382 2188 1460 2228 ῳόϐῳ
1491 2189 1602 2229 μεγάλῳ
1631 2189 1714 2219 πάλιν
1755 2191 1883 2230 ὗπέστρευ

1059 2238 1105 2272 ψεν
1120 2236 1158 2267 εἰς
1172 2236 1204 2263 τὸ
1219 2234 1296 2274 ὅρος,
1316 2236 1361 2262 καὶ
1390 2235 1416 2262 ἐν
1445 2237 1484 2272 τῷ
1511 2233 1587 2263 δασεῖ
1608 2239 1657 2271 τῆς
1686 2235 1754 2271 ὕλης
1783 2235 1882 2270 ἐλθὼν,

179 2282 230 2314 vit,
248 2281 364 2308 dicens:
383 2277 541 2311 Abraham,
558 2276 717 2304 Abraham.
734 2278 894 2313 Respondit
909 2280 997 2309 Abra-

1063 2280 1179 2317 pévacev
1196 2279 1251 2307 ἐκεῖ
1265 2279 1311 2315 ἔτη
1328 2280 1395 2307 ἑπτά
1411 2281 1478 2317 (24)·
1499 2280 1603 2317 γυμνὸς
1633 2281 1671 2311 ὡς
1697 2280 1749 2307 ἀπὸ
1764 2282 1881 2319 γαστρὸς

179 2327 247 2354 ham
261 2334 267 2352 :
278 2324 398 2352 Domine
409 2322 459 2350 mi.
469 2320 522 2349 Cui
534 2329 602 2348 vox:
615 2321 893 2356 Sternejumentum
903 2326 1000 2360 tuum,

176 2370 354 2406 impuneque
366 2370 462 2394 vestes
472 2365 615 2401 pretiosas
627 2369 654 2392 el
666 2365 817 2393 novacula.
832 2369 860 2394 et
876 2369 1001 2398 ascende

176 2415 207 2441 in
225 2415 352 2441 montem
369 2410 496 2444 'lhabor,
511 2412 615 2445 terque
630 2408 744 2436 clama:
766 2410 857 2439 Homo
888 2412 946 2446 Dei,
972 2416 1001 2442 et

176 2458 340 2494 egredietur
356 2457 441 2483 homo
467 2454 557 2482 ferus.
587 2454 628 2481 Ne
657 2453 797 2482 formides
825 2455 920 2490 illum,
949 2459 999 2486 sed

175 2504 253 2536 mde,
270 2509 383 2537 ungues
404 2506 512 2532 reseca,
529 2498 678 2533 indueque
704 2498 800 2532 illum,
824 2508 857 2527 ac
881 2501 999 2530 benedi-

175 2548 300 2575 ctionem
317 2546 380 2580 ejus
397 2544 504 2579 accipe.
522 2542 658 2578 Fecitque
674 2542 818 2571 Abraham
835 2546 912 2580 quod
934 2547 998 2581 jus-

174 2601 239 2620 sum
256 2591 311 2619 sibi
329 2591 425 2616 fuerat
439 2597 456 2616 a
472 2587 607 2619 Domino,
624 2588 653 2614 et
668 2587 800 2614 ascendit
813 2587 843 2615 in
868 2592 997 2618 montem

174 2636 299 2669 Thabor,
311 2631 486 2668 stetitquein
499 2631 590 2659 densa
601 2631 688 2658 silva:
710 2635 772 2658 tum
796 2633 840 2660 ter
854 2634 997 2663 exclama-

207 2724 264 2763 (20)
280 2723 322 2763 με.
337 2722 406 2763 Reg.
423 2722 452 2762 et
466 2718 636 2763 Golb.\Editil
650 2727 736 2763 vero,‘
744 2718 861 2763 ἐπέγνων
878 2720 940 2758 γάρ,

211 2754 262 2794 ’24)
279 2759 360 2792 Reg,
378 2754 464 2782 δοκῶν
480 2754 694 2791 καταλαγχάνειν
709 2754 755 2781 τὸν
777 2754 827 2789 τῆς
853 2754 991 2793 γυναικός.

207 2763 263 2823 3b..
279 2792 366 2820 δοκῶν
383 2792 420 2823 μὴ
437 2790 518 2823 λάχει
532 2790 581 2823 τὴν
601 2792 712 2823 γυναῖκα
735 2789 818 2818 αὐτοῦ
839 2791 853 2817 ὁ
875 2791 991 2823 κλῆρος.

171 2796 263 2834 Com”
279 2796 366 2834 angV
383 2796 420 2834 ,ἑή
438 2796 518 2834 Apul-et
532 2796 581 2834 τήν
601 2799 712 2826 γυναικα
735 2796 818 2832 αὑτοῦ
839 2796 853 2817 ὸ
865 2796 992 2834 ..κλῆροὲ

1058 2325 1161 2363 μητρὸς
1176 2324 1257 2352 αὐτοῦ
1272 2323 1392 2359 ἐξῆλθεν·
1409 2323 1454 2351 καὶ
1471 2323 1594 2361 ἐγένοντο
1616 2325 1644 2351 οἱ
1669 2322 1768 2362 ὄνυχες
1797 2324 1882 2353 αὖτοῦ

1055 2370 1244 2405 σπιθαμήσιοι,
1260 2369 1304 2396 καὶ
1320 2369 1347 2395 αἱ
1366 2368 1460 2406 τρίχες
1487 2368 1536 2402 τῆς
1564 2368 1687 2408 κεφαλῆς
1715 2369 1798 2397 αὐτοῦ
1825 2367 1881 2401 ἓως

1053 2414 1103 2448 τὴς
1131 2412 1231 2452 ὀσφύος
1260 2412 1353 2449 αὐτοῦ,
1368 2412 1412 2440 καὶ
1428 2413 1544 2444 ὁνῶτος
1573 2413 1656 2441 αὐτοῦ
1689 2413 1790 2450 ἐγένετο
1815 2413 1882 2441 ὡσεὶ

1055 2456 1141 2495 δέρμα
1155 2456 1294 2496 χελώνης.
1310 2458 1342 2485 Ἡ
1359 2455 1387 2484 δὲ
1401 2457 1489 2496 τροφὴ
1515 2457 1598 2485 αὐτοῦ
1621 2457 1758 2495 ἀκρόδρυα
1772 2458 1818 2494 ἦν,
1834 2459 1882 2485 καὶ

1054 2503 1067 2530 ὁ
1083 2503 1165 2533 ποτὸς
1188 2501 1268 2529 αὐτοῦ
1292 2500 1399 2539 δρόσος,
1414 2502 1444 2529 ὃν
1469 2499 1572 2539 ἔλειχε.
1587 2501 1639 2530 Καὶ
1667 2502 1734 2538 μετὰ
1757 2502 1791 2529 τὰ
1812 2502 1883 2530 ἑτι-τὰ

1053 2546 1098 2582 ἔτη
1136 2547 1213 2585 φωνὴ
1251 2546 1321 2580 ἦλθε
1348 2548 1388 2582 τῷ
1416 2543 1551 2584 Ἀϐραὰμ,
1582 2546 1712 2583 λέγουσα,
1741 2544 1881 2584 Ἀϐραὰμ,

1052 2589 1187 2629 Ἀϐραάμ.
1204 2590 1253 2618 Καὶ
1278 2590 1350 2617 εἷπεν
1380 2587 1514 2628 Ἀϐραάμ·
1544 2591 1576 2619 Ὁ
1603 2588 1702 2628 Κύριός
1734 2601 1797 2627 μου.
1828 2590 1882 2620 Καὶ

1053 2636 1121 2663 εἷπε·
1138 2637 1265 2673 Στρῶσον
1287 2635 1319 2662 τὸ
1343 2634 1486 2671 ὑποζύγιόν
1511 2645 1571 2670 σου,
1587 2633 1632 2662 καῖ
1658 2635 1791 2672 βάπασον
1812 2634 1882 2672 ἱμά-

1051 2724 1144 2758 αὐτοῦ,
1152 2725 1258 2752 desunt
1271 2723 1301 2751 in
1313 2723 1411 2760 editis,
1419 2724 1469 2760 sed
1480 2723 1628 2760 habentur
1637 2723 1667 2751 in
1679 2724 1787 2760 Reg.et
1796 2723 1880 2760 βου).

1084 2757 1141 2795 (23)
1159 2761 1202 2796 Ita
1217 2760 1287 2795 Reg.
1304 2762 1333 2787 et
1346 2759 1425 2787 Colb.
1442 2759 1474 2787 In
1494 2759 1582 2796 editis
1605 2759 1689 2796 deest
1711 2757 1878 2796 τριακόσιοι.

1084 2794 1141 2831 (24)
1158 2795 1205 2823 Sic
1219 2794 1332 2831 textum
1348 2797 1436 2824 antea
1449 2794 1589 2831 mutilum
1603 2802 1642 2831 ex,
1657 2794 1735 2831 Reg!
1744 2795 1878 2824 restitui-

291 2830 365 2862 Haac,
383 2823 517 2864 ’ἐφοϐεῖτο
541 2825 593 2861 γὰρ
608 2823 804 2862 ’προσκροῦσαι
831 2829 889 2858 τοῖς
919 2823 993 2860 ὁέοῗς

1063 2823 1212 2859 nus.'1bid.
1229 2829 1311 2861 σου).
1325 2832 1355 2859 et
1367 2830 1445 2858 infra
1458 2829 1547 2859 habet
1561 2828 1607 2866 ἔτη
1623 2829 1654 2866 ξ’.
