2036 3105
165 196 226 229 533

746 198 865 230 LIBER
888 198 937 229 DE
959 195 1292 228 DEFINITIONIBUS.

1808 192 1867 222 534

201 265 233 292 In
243 266 427 301 manuscripto
441 273 524 301 parra
540 265 658 294 Colberl.
675 266 756 300 4753,
777 265 942 302 opusculum
966 264 975 292 I

1036 267 1079 292 tur
1098 263 1147 291 hoc
1159 263 1240 292 titulo
1267 271 1272 290 :
1299 259 1436 299 Κεφάλαιά
1459 270 1518 287 τινα
1542 257 1687 298 ὀφείλοντα
1711 257 1867 290 ἐπίστασθαι

165 311 236 344 τοῖς,
249 308 286 340 ὡς
302 307 358 344 έξὸν
376 310 536 347 ἀνθρωπίνῳ
548 309 605 345 νοΐ,
620 309 801 348 βουλομένοις
815 312 917 348 γνῶναι
939 309 971 336 τὸ
995 309 1143 346 μυστήριον
1159 311 1209 342 τῆς
1232 308 1280 334 τοῦ
1303 306 1393 344 Λόγου
1413 305 1586 342 σαρκώσεως.
1611 303 1713 340 Capita
1736 303 1870 339 quaedam

167 361 233 389 quae
247 354 321 382 scire
336 346 450 391 oper-tot
464 363 524 390 eos,
540 355 602 392 qui,
619 346 649 384 ut
665 356 717 384 fert
734 346 857 384 facultas
873 355 981 383 mentis
996 353 1233 386 humanw,nosse
1247 352 1350 380 volunt
1366 351 1537 387 mysterium
1555 347 1767 377 Incarnationis
1781 346 1869 375 Verbi

163 397 244 425 (“hic
258 399 346 426 multa
360 398 504 435 habentur,
520 407 580 436 quae
595 401 626 428 in
640 399 682 428 his
696 408 802 436 quoque
816 398 1026 435 Deﬁnitionibus
1040 399 1176 434 teguntur,
1191 398 1300 434 suisque
1316 397 1379 425 locis
1394 396 1597 425 adnotavimus.

364 542 429 570 ΤΟΥ
446 544 565 576 ΑΥΤΟΥ,
586 545 664 570 ΠΕΡΙ
683 545 782 571 ΟΡΩΝ.

197 587 222 613 1.
239 587 316 622 Ὅροι
334 585 462 624 ὂιάφαροι
483 586 551 614 κατὰ
578 587 628 620 τήν
656 585 805 624 παράδοσιν
830 587 874 614 καὶ
899 587 989 613 πίστιν

159 631 210 661 τῆς
247 629 397 664 καθολικῆς
438 629 619 666 Ἐκκλησίας,
659 629 832 669 συλλεγέντες
869 630 922 658 ἀπό
959 641 988 658 τε

160 674 322 709 Κλήμεντος
340 674 385 701 καὶ
410 674 509 713 ἑτέρων
535 674 615 702 ὁσίων
642 673 745 713 ἀνδρῶν
771 676 815 702 καὶ
847 675 986 713 μακαρίων

162 718 311 755 Πατέρων·
343 717 389 749 οὓς
418 717 460 746 δεῖ
488 719 541 756 πρὸ
576 719 675 750 παντὸς
702 718 795 757 ἑτέρου
826 720 986 756 μαθήματος

161 763 280 798 μετιέναι
306 761 352 789 καί
376 762 552 800 ὶνστηθίζειν,
574 763 620 791 τὸν
641 765 676 800 τῇ
704 764 816 801 βοηθείᾳ
843 766 891 791 τοῖ’)
918 766 985 792 Θεοῦ

159 805 335 844 προΐστασθαι
347 809 396 835 τοῦ
411 807 504 845 Λόγου
517 811 567 843 τῆς
590 807 719 843 ἀληθείας
745 808 924 846 βουλόμενον,
939 808 984 836 καὶ

158 851 245 878 πάντα
272 850 415 888 ἄνθρωπον
450 851 604 888 ὀρθοδόξως
633 854 795 890 φρονοῦντα,
823 853 868 880 καὶ
896 852 984 881 πίστιν

157 896 226 933 πρὸς
242 896 307 923 Θεὸν
322 897 372 931 τήν
390 896 525 934 εἰλικρινῆ
541 896 690 934 ἐσχηκότα.

192 941 220 968 2.
237 940 311 976 Πρὸς
327 939 356 968 δὶ
381 938 571 979 ἀκριϐεστέραν
596 940 743 979 παράδοσιν
772 941 858 970 ἐκεῖνο
884 941 981 970 εἰδέναι

158 985 227 1022 χρὴ,
243 984 336 1021 ὅτιπερ
352 987 403 1012 πᾶν
418 985 449 1013 τὸ
465 986 571 1013 οἱονοῦν
590 987 700 1022 ζήτημα
715 987 732 1021 ἢ
756 986 886 1023 ἐρώτημα
908 989 980 1024 τρεῖς

154 1030 205 1060 τὰς
227 1028 374 1066 ἐρωτήσεις
397 1030 442 1057 χαὶ
473 1029 603 1065 ἐξετάσεις
619 1028 689 1068 ἔχει·
706 1031 763 1058 οἷον
785 1030 810 1058 τί
835 1030 891 1058 ἐστι
918 1030 981 1058 τόδε

155 1077 279 1110 πρᾶγμα,
307 1074 351 1101 καὶ
380 1074 448 1102 κατὰ
472 1074 498 1102 τί
528 1073 633 1111 εἴρηται
661 1074 743 1110 τόδε,
773 1075 817 1103 καὶ
847 1076 980 1113 (ὁσαχῶς)

155 1121 255 1145 νοεῖται
282 1118 315 1145 τὸ
339 1116 427 1154 ὄνομα
453 1117 527 1148 τόδε.
554 1119 604 1146 Καὶ
633 1119 678 1147 ὅτε
703 1119 751 1156 μὶν
781 1120 936 1158 ἐρωτῶμεν,
954 1120 980 1147 τί

155 1161 209 1189 ἐστι
237 1161 321 1197 τόδε;
352 1161 506 1200 πρόδηλον,
536 1163 578 1191 ὅτι
606 1164 651 1191 τὸν
681 1163 745 1201 ὅρον
776 1166 909 1200 ζητοῦμεν
931 1166 979 1191 τοῦ

154 1206 325 1259 πράγματος·
342 1206 405 1259 ὅταν
422 1206 459 1259 8t.
476 1207 611 1259 λέγωμεν,
625 1208 694 1259 κατὰ
720 1207 746 1235 τί
775 1207 978 1259 εἴρηταιιτόδε,
994 1226 1018 1259 Β

152 1251 201 1285 τήν
217 1250 399 1288 ἐτυμολογίαν
412 1254 461 1279 τοῦ
477 1250 611 1288 ὀνόματος
636 1253 813 1289 ἀπαιτοῦμεν.
830 1253 923 1280 Ἢνίκα
949 1252 978 1281 δὲ

153 1295 279 1333 λέγομεν,
298 1295 408 1334 ὁσαχῶς
438 1298 540 1324 νοεῖται
567 1297 599 1324 τὸ
625 1295 711 1333 ὄνομα
725 1296 807 1331 τόδε;
823 1295 976 1334 πρόδηλον,

151 1340 191 1367 ὅτι
220 1340 292 1367 πόσα
321 1342 456 1377 ζητοῦμεν
483 1341 517 1368 τὰ
545 1341 734 1378 σημαινόμενα
754 1343 802 1369 τοῦ
830 1341 975 1378 ὀνόματος,

150 1385 179 1413 ’0
193 1386 259 1422 γοῦν
278 1384 355 1415 ἐκτὸς
375 1383 505 1420 εἷ’δήσεως
529 1387 583 1412 τῶν
614 1385 684 1423 ὅρων
714 1385 888 1424 δογματίζειν
917 1385 975 1413 ἐπι-

148 1431 249 1466 χειρῶν
266 1427 344 1456 οὐόὶν
361 1428 480 1468 διαφέρει
499 1429 605 1468 τυφλοῦ
620 1429 767 1468 ὁδοιπόρου
793 1429 846 1457 ὦδε
869 1431 975 1458 κάκεῖσε

148 1473 334 1510 πλαζομένου.
349 1473 480 1511 Εἱρητέον
495 1474 585 1501 τοίνυν
606 1476 660 1502 τῶν
680 1475 886 1513 προειρημένων
910 1475 973 1513 τρό-

148 1528 203 1546 πων
219 1520 328 1556 τριχῶς
344 1521 481 1551 ποιεῖσθαι
496 1519 545 1553 τήν
562 1518 689 1554 ἐξέτασιν.

179 1608 205 1635 3.
223 1608 310 1645 Ὅρος
333 1609 387 1634 τῶν
412 1606 484 1644 ὅρων
510 1606 580 1634 ἐστὶν
597 1607 611 1634 ὁ
625 1608 714 1635 πάντα
731 1607 777 1644 μὶν
800 1607 908 1646 ὁρίζων,
925 1608 973 1635 αὔ-

142 1651 186 1682 τός
203 1650 233 1679 Si
252 1652 298 1678 ὑπ’
314 1649 425 1682 οὐδενὸς
441 1651 612 1688 ὁριζόμενος·
631 1651 700 1679 ὥστε
724 1652 803 1688 μόνος
827 1651 890 1690 ὅρος
917 1654 970 1680 τῶν

141 1695 209 1733 ὅρων
227 1695 302 1723 ἐστὶν
320 1696 336 1722 ὁ
349 1694 425 1726 Θεός.
439 1696 522 1733 Ὅρος
539 1695 595 1722 ἐστὶ
611 1693 693 1733 λόγος
718 1696 853 1733 σύντομος
878 1695 971 1732 δηλω-

139 1740 214 1771 τιχὸς
228 1744 281 1775 τῆς
297 1740 404 1778 φύσεως
429 1741 477 1767 τοῦ
502 1740 683 1776 ὑποκειμένου
707 1741 875 1778 πράγματος.
892 1742 969 1779 ’Όροι

139 1783 168 1812 δὶ
183 1784 328 1821 λέγονται,
345 1785 383 1815 ὡς
399 1784 502 1822 ὁράσεις
517 1784 563 1812 καὶ
580 1784 719 1823 ὀφθαλμοὶ
735 1787 787 1812 τῶν
803 1786 969 1823 πραγμάτων

139 1830 336 1867 τυ-ηάνοντες,
365 1828 410 1856 καὶ
440 1829 477 1859 ὡς
504 1827 669 1866 διορίζοντες
685 1829 825 1865 συντόμως
847 1830 897 1863 τήν
921 1831 970 1857 τοῦ

139 1875 241 1909 νοητοῦ
264 1872 388 1908 δύναμιν.
406 1872 456 1901 Καὶ
480 1873 532 1910 γὰρ
555 1873 569 1900 ὁ
584 1872 725 1911 ἄνθρωπός
744 1873 814 1901 ἐστιν
839 1873 917 1901 οὐσία
940 1873 970 1901 ἐκ

139 1918 238 1955 σαρκὸς
260 1917 307 1944 καὶ
333 1918 437 1955 ψυχῆς,
455 1917 498 1944 καὶ
526 1916 612 1955 λόγου
634 1910 678 1944 iui
694 1917 820 1954 α’ίματος,
835 1918 880 1945 καὶ
896 1928 968 1945 στοι-
984 1910 1006 1943 C

137 1962 238 1999 χείων,
253 1961 300 1988 καί
326 1961 423 1998 ἑτέρων
448 1959 583 1989 πλειόνων
610 1962 800 1998 συνισταμένη.
821 1962 917 1998 Ἡμεῖς
942 1961 971 1990 δὲ

139 2006 337 2043 περιορίζομεν
356 2008 451 2039 ταῦτα,
467 2006 512 2033 καὶ
536 2003 677 2043 συντόμως
702 2005 820 2043 λέγομεν
850 2005 895 2034 διὰ
922 2009 971 2034 τοῦ

137 2051 216 2088 ὅρου,
238 2050 282 2078 ὅτι
305 2050 337 2078 Ὁ
365 2048 509 2086 ἅνθρωπός
536 2050 591 2078 ἐστι
626 2052 694 2085 ζῶον
729 2050 850 2089 λογικὸν,
875 2051 973 2085 θνητὸν

136 2097 186 2122 νςιῦ
211 2096 259 2122 καὶ
294 2094 449 2131 ἐπιστήμης
474 2093 607 2123 δεκτικόν.
632 2095 742 2133 Λέγεται
767 2096 812 2122 καὶ
835 2095 916 2123 πάλιν
941 2097 971 2123 τὸ

136 2138 247 2169 ἐντελὲς
284 2136 371 2174 ὄνομα
396 2141 445 2166 τοῦ
474 2138 619 2177 ἀτθρώπου
648 2139 970 2177 ἀνορθοπεριπατητιχόν.

136 2183 299 2219 Συνέκοψαν
325 2181 354 2210 δὲ
384 2183 410 2210 οἱ
437 2182 631 2219 όνοματοθέται
659 2183 708 2218 τὴν
739 2182 911 2220 πολυλεξίαν,
927 2184 972 2211 καὶ

134 2227 288 2263 ὠνόμασαν
319 2226 398 2255 αὐτὸν
427 2226 567 2265 ἄνθρωπον
596 2226 640 2255 διὰ
666 2228 717 2262 τὴν
746 2228 971 2266 συντομολογίαν.

134 2271 480 2309 ’Δνορῠοπεριπιτητιχὸν
497 2270 526 2299 δὲ
541 2271 649 2309 λέγεται
672 2272 686 2299 ὁ
711 2271 862 2308 ἄνθρωπος,
878 2271 972 2307 ἔπειδή

135 2317 171 2343 τὰ
196 2316 290 2353 ἄλογα
317 2318 373 2350 ζῶα
398 2315 608 2353 περιπατοῦντα,
626 2315 754 2343 κλίνοντα
780 2317 829 2351 τήν
853 2317 972 2356 κεφαλὴν

140 2361 281 2398 βΑέπουσι
298 2363 373 2388 κάτω
393 2360 464 2398 πρὸς
489 2361 537 2395 τὴν
562 2364 624 2398 γῆν
641 2361 656 2388 ὁ
680 2359 709 2388 δὲ
733 2360 874 2398 ἅνθρωπος
897 2371 973 2399 περι-

138 2408 237 2432 πατῶν
274 2404 368 2442 βλέπει
405 2404 450 2432 καὶ
490 2407 586 2442 θεωρεῖ
621 2405 655 2432 τὰ
683 2404 746 2433 ἅνω.
778 2406 820 2433 Ἐν
851 2407 973 2443 συγκοπῇ

137 2447 169 2476 δὲ
204 2449 371 2485 ὀνομάζεται
399 2448 549 2487 ἅνθρωπος.
570 2448 656 2477 Πάλιν
684 2450 826 2486 ἄνθρωπος
854 2449 974 2487 λέγεται,

137 2492 187 2520 διὰ
205 2495 236 2520 τὸ
253 2494 307 2520 ἂνω
325 2494 415 2530 ἀθρεῖν
431 2492 479 2521 τὸδ
496 2493 567 2521 ὦπα·
584 2495 657 2521 τοῦτ’
666 2493 721 2521 ἔστι
738 2493 823 2522 διὰτὸ
838 2493 892 2521 ἅνω
908 2496 974 2521 θεω-

143 2541 206 2575 ρεῖν
244 2540 299 2565 τῶν
328 2537 479 2577 ὀρθαλμῶν
509 2539 589 2574 ἡμῶν
616 2538 665 2572 τὴν
696 2538 837 2577 ἐνέργειαν.
867 2539 895 2565 Ὁ
922 2539 974 2576 γὰρ

142 2581 293 2620 ἆςθιλμὸς
323 2582 368 2609 καὶ
383 2583 398 2610 ὁ
413 2584 476 2613 νοῦς
500 2583 616 2610 πάντοτε
644 2584 698 2610 ἄνω
726 2584 786 2620 ὁρᾷ,
803 2583 851 2610 Καὶ
878 2583 976 2610 τούτου

145 2627 233 2664 χάριν
264 2625 369 2663 εἶ’ρηται
399 2626 483 2663 ὅρος·
510 2626 553 2654 ὅτι
582 2627 729 2665 περιορίζει
758 2627 801 2654 καὶ
831 2627 975 2664 σιν-(κόπτει

145 2672 201 2705 τὴν
232 2670 405 2707 πολυλεξίαν,
434 2670 478 2698 καὶ
517 2674 593 2699 ποιεῖ
630 2671 762 2708 σύντομον
790 2672 838 2706 τήν
871 2682 975 2710 μακρο-

145 2713 259 2751 λογίαν,

194 2803 220 2829 lt.
236 2802 336 2830 Πολλοὶ
353 2803 401 2839 μὶν
418 2802 462 2830 οὖν
480 2804 530 2831 είσι
555 2804 600 2831 καὶ
622 2804 803 2843 ἀναρίθμητοι
829 2803 887 2840 ὅροι
914 2805 976 2843 περὶ

157 2846 256 2878 παντὸς
270 2848 439 2887 πράγματος.
453 2848 501 2878 Ἐκ
514 2847 629 2878 πολλῶν
652 2848 681 2878 δὲ
706 2848 818 2888 ὀλίγους
840 2848 905 2879 τοὺς
930 2860 976 2878 κυ-

1193 542 1349 576 EJUSDEM,
1371 542 1413 569 DE
1431 540 1710 569 DEFINITIONIBUS.

1082 588 1106 615 1.
1124 587 1215 614 Varias
1232 586 1507 620 deﬁnitionesjuxta
1517 585 1702 612 traditionem
1719 584 1864 619 ﬁdemque

1044 631 1194 659 catholicae
1210 630 1354 664 Ecclesiae,
1375 629 1501 657 collectas
1517 638 1551 656 ex
1566 628 1724 662 Clemente,
1741 628 1866 663 aliisque

1043 675 1154 703 sanctis
1169 676 1251 709 viris,
1277 675 1431 710 beatisque
1453 673 1587 701 Patribus
1604 682 1610 700 :
1628 681 1702 708 quas
1726 681 1783 708 pres
1799 672 1866 700 aliis

1041 720 1179 748 omnibus
1195 719 1371 754 disciplinis,
1388 719 1468 746 adire
1487 720 1575 754 atque
1591 718 1690 745 animo
1714 717 1866 752 complecti

1040 767 1154 800 oportet
1168 772 1236 792 eum
1253 764 1316 799 qui,
1332 766 1388 792 Deo
1400 764 1533 799 juventa,
1550 763 1636 790 verbo
1651 762 1782 789 veritatis
1797 769 1866 797 prce-

1040 817 1105 837 esse
1119 808 1242 837 voluerit
1258 821 1265 843 ;
1281 816 1394 836 necnon
1416 807 1550 843 quisquis
1573 806 1764 834 orthodoxam
1784 808 1864 833 tenet

1039 853 1228 889 sententiam,
1245 853 1449 888 sinceramque
1465 852 1552 879 ﬁdem
1571 851 1659 879 habet
1672 859 1741 886 erga
1757 850 1859 878 Deum.

1070 945 1097 971 2.
1128 943 1170 971 Ad
1195 942 1405 971 accuratiorem
1430 949 1515 977 porro
1548 940 1746 974 traditiorem,
1781 941 1857 968 scire

1037 987 1181 1021 convenit,
1207 986 1371 1023 quamlibet
1393 986 1584 1021 quaestionem
1605 987 1634 1012 et
1657 984 1857 1019 interrogatio—

1036 1040 1103 1060 nem
1119 1034 1178 1060 tres
1193 1031 1299 1059 habere
1313 1030 1565 1065 interrogationes,
1579 1031 1608 1056 et
1623 1028 1857 1064 perquisitiones:

1036 1076 1225 1112 nemps,quid
1233 1083 1281 1103 res
1287 1075 1339 1103 sit:
1348 1084 1411 1110 quas
1427 1074 1467 1102 sit
1474 1082 1563 1102 causa
1573 1073 1702 1101 nominis
1709 1073 1802 1108 ejuszq
1809 1077 1858 1100 uot

1036 1121 1129 1149 modis
1144 1119 1410 1155 intelligatur.Cum
1426 1119 1732 1154 verointerrogamus:
1745 1118 1817 1150 Quid
1827 1118 1859 1144 il-

1034 1164 1085 1193 lud
1100 1165 1168 1193 est?
1184 1164 1288 1200 palam'
1296 1167 1341 1192 est
1355 1172 1409 1191 nos
1425 1163 1466 1191 rei
1491 1163 1691 1191 deﬁnitionem
1718 1171 1856 1198 qumrere.

1034 1209 1106 1236 Cum
1122 1209 1248 1236 dicimus
1259 1211 1358 1236 autem
1373 1217 1379 1235 ε
1397 1209 1459 1241 Qua
1469 1208 1505 1235 de
1516 1215 1605 1235 causa
1621 1207 1662 1234 sic
1674 1208 1857 1234 vocatur'mo-

1034 1253 1123 1281 minis
1138 1253 1343 1289 etymologiam
1360 1252 1555 1288 postulamus.
1582 1252 1634 1279 Ubi
1662 1260 1729 1279 vero
1757 1252 1858 1279 scisci-

1032 1302 1140 1329 tamur,
1156 1297 1323 1332 Quotuplici
1340 1297 1425 1324 modo
1446 1296 1501 1324 hoc
1524 1304 1631 1323 nomen
1656 1295 1831 1331 intelligitur
1846 1296 1857 1323 ?

1031 1342 1108 1370 I98
1124 1342 1274 1378 propalam
1290 1344 1336 1369 est
1351 1350 1404 1369 nos
1420 1349 1557 1376 quaerere,
1582 1342 1653 1376 quot
1678 1340 1738 1367 sint
1762 1340 1854 1366 norni-

1031 1386 1078 1414 nis
1092 1386 1266 1422 signiﬁcata.
1284 1385 1412 1421 Quisque
1427 1393 1495 1420 ergo
1511 1384 1623 1420 absque
1647 1384 1852 1411 deﬁnitionum

1030 1431 1144 1463 notitia,
1181 1431 1284 1458 docere
1319 1429 1498 1466 aggreditur,
1537 1428 1563 1457 is
1602 1428 1674 1456 nihil
1713 1428 1852 1455 differta

1029 1483 1103 1503 caeco
1127 1475 1236 1503 viatore
1268 1474 1322 1502 hac
1346 1474 1412 1502 illac
1446 1475 1571 1501 errante.
1606 1472 1766 1500 Dicendum
1795 1473 1851 1499 ita-

1028 1527 1086 1555 que
1100 1519 1194 1547 tribus
1210 1518 1289 1546 hisce
1305 1518 1400 1546 modis
1414 1517 1635 1554 inquisitionem
1647 1516 1748 1544 haberi
1764 1525 1851 1552 opor-

1027 1565 1098 1592 tere.

1062 1608 1089 1636 3.
1113 1608 1250 1637 Deﬁnitio
1265 1607 1470 1636 deﬁnitionum
1503 1614 1537 1635 ea
1561 1608 1617 1639 est,
1651 1614 1714 1641 qua)
1751 1607 1851 1633 omnia

1026 1652 1128 1681 deﬁnit
1141 1655 1169 1681 et
1183 1661 1200 1680 ιι
1216 1652 1297 1680 nullo
1312 1652 1461 1680 deﬁnitur.
1478 1652 1662 1686 Quapropter
1677 1650 1758 1678 solus
1775 1650 1852 1677 Deus

1027 1697 1156 1725 deﬁnitio
1170 1697 1376 1724 deﬁnitionum
1393 1698 1446 1723 est.
1464 1695 1599 1723 Deﬁnitio
1616 1698 1662 1722 est
1678 1695 1770 1722 oratio
1786 1695 1851 1721 bro-

1026 1742 1080 1775 vis,
1097 1742 1251 1777 proposita;
1276 1741 1317 1769 rei
1342 1744 1479 1769 naturam
1504 1740 1665 1776 explicans.
1691 1740 1849 1767 Dicuntur-

1026 1794 1083 1822 que
1099 1785 1169 1823 ὅροι,
1186 1794 1236 1813 seu
1253 1785 1449 1818 deﬁnitiones,
1466 1786 1560 1821 ‘quasi
1585 1783 1703 1820 ὁράσεις,
1731 1792 1782 1811 seu
1805 1783 1850 1810 in-

1024 1831 1188 1866 spectiones
1211 1833 1299 1865 atque
1324 1830 1400 1858 oculi
1433 1838 1542 1863 rerum,
1569 1832 1598 1857 et
1622 1829 1700 1864 quod
1728 1827 1850 1855 breviter

1024 1875 1167 1902 deﬁniant
1182 1874 1376 1910 intelligibilis
1394 1874 1433 1901 rei
1454 1874 1601 1901 virtutem.
1619 1872 1734 1900 Etenim
1761 1872 1849 1899 homo

1025 1921 1070 1947 est
1084 1919 1265 1953 substantia;
1284 1927 1381 1952 carne,
1407 1918 1516 1953 anima,
1542 1918 1665 1952 ratione,
1695 1916 1848 1952 sanguine,

1025 1963 1188 1998 elementis,
1215 1963 1341 1997 aliisque
1368 1962 1470 1990 multis
1494 1964 1642 1990 constans.
1667 1961 1725 1989 Nos
1750 1964 1849 1988 autem

1026 2007 1077 2035 illa
1091 2007 1373 2040 circumscribimus,
1398 2010 1425 2033 et
1449 2006 1550 2041 paucis
1575 2014 1625 2040 per
1649 2005 1849 2033 deﬁnitionem

1026 2052 1153 2080 dicimus
1180 2060 1187 2079 :
1214 2052 1305 2079 Homo
1331 2053 1374 2078 est
1404 2050 1513 2078 animal
1539 2050 1690 2084 rationale,
1716 2049 1850 2081 mortale,

1027 2097 1133 2124 mentis
1157 2100 1186 2124 et
1209 2096 1336 2124 scientias
1362 2103 1462 2130 capax.
1487 2094 1600 2122 Dicitur
1629 2097 1727 2122 autem
1753 2094 1850 2129 ipsum

1028 2141 1176 2176 integrum
1210 2140 1339 2167 hominis
1373 2147 1490 2173 nomen,
1530 2138 1851 2175 άνορθοπεριπατητικιιν,

1028 2184 1057 2212 id
1074 2187 1126 2219 est,
1142 2187 1235 2212 erecto
1251 2192 1370 2220 corpore
1395 2183 1544 2211 incedens.
1569 2183 1780 2211 Abbreviarunt
1802 2192 1852 2209 au-

1029 2232 1087 2257 tem
1103 2229 1154 2264 qui
1171 2229 1258 2257 rebus
1274 2228 1406 2256 indidere
1421 2227 1633 2263 nomina,vocis
1646 2227 1851 2263 prolixitatem,

1028 2275 1057 2301 et
1081 2275 1223 2300 vocarunt
1252 2280 1330 2305 eum,
1366 2270 1520 2308 ἄνθρωπον,
1548 2272 1576 2299 id
1607 2274 1661 2303 est,
1691 2271 1850 2303 hominem,

1029 2317 1179 2345 brevitatis
1192 2317 1405 2344 causa.Dicitur
1420 2320 1518 2344 autem
1529 2318 1625 2344 erecto
1641 2323 1760 2351 corpore
1774 2315 1851 2342 ince-

1029 2362 1112 2395 dens,
1129 2361 1228 2394 homo,
1244 2361 1385 2396 quoniam
1400 2361 1485 2388 bruta
1503 2359 1666 2388 animantia
1690 2368 1757 2388 cum
1774 2359 1851 2387 inco—

1030 2407 1116 2439 dunt,
1134 2414 1225 2442 prono
1241 2405 1345 2440 capite,
1362 2404 1485 2432 inferius
1501 2405 1531 2432 in
1548 2407 1656 2432 terram
1674 2404 1850 2439 respiciunt;

1031 2451 1117 2478 homo
1146 2458 1224 2483 vero,
1256 2451 1327 2477 dum
1358 2449 1503 2485 graditur,
1543 2457 1671 2484 superna
1706 2449 1786 2476 videt
1826 2451 1854 2475 et

1030 2495 1254 2531 contemplatur.
1272 2494 1324 2522 Per
1338 2502 1485 2530 syncopen
1502 2496 1599 2520 autem
1616 2491 1758 2529 ἄνθρωπος
1774 2500 1854 2520 voca-

1030 2541 1089 2567 tur.
1106 2538 1197 2567 Homo
1214 2546 1333 2567 rursum
1348 2537 1467 2573 dicitur,
1484 2537 1559 2572 quod
1574 2537 1672 2565 vultus
1700 2537 1764 2573 ejus
1790 2546 1854 2565 sur-

990 2595 1014 2627 D
1031 2591 1098 2612 sum
1127 2583 1261 2618 aspiciat,
1287 2583 1316 2610 id
1341 2584 1386 2610 est
1409 2582 1488 2617 quod
1510 2581 1663 2610 oculorum
1688 2583 1855 2609 nostrorum

1031 2628 1226 2661 acie,sursum
1244 2627 1433 2663 aspiciamus.
1450 2626 1558 2654 Oculus
1574 2627 1652 2654 enim
1670 2628 1757 2661 utque
1774 2634 1856 2652 incus

1031 2681 1149 2700 sursum
1163 2681 1277 2708 semper
1288 2671 1586 2708 respicit.1\tqueideo
1598 2671 1705 2698 dicitur
1716 2670 1857 2701 deﬁnitio,

1031 2717 1102 2753 quia
1117 2717 1219 2744 deﬁnit
1233 2720 1262 2744 et
1277 2717 1426 2744 abbreviat
1452 2716 1671 2745 multitudinem
1697 2723 1811 2748 vocum,
1831 2718 1857 2741 ct

1031 2761 1227 2797 prolixitatem
1244 2761 1384 2789 orationis
1397 2762 1541 2789 decurtet.

1067 2807 1092 2833 4.
1112 2805 1206 2833 Mults:
1222 2806 1314 2841 igitur
1329 2808 1416 2840 atque
1431 2805 1591 2833 innumera:
1609 2806 1679 2832 sunt
1695 2804 1851 2839 cujuscun-

1032 2858 1089 2887 que
1104 2850 1145 2879 rei
1161 2850 1356 2879 deﬁnitiones.
1373 2850 1415 2878 Ex
1428 2850 1635 2886 multis;autem
1646 2856 1752 2885 paucas
1769 2852 1853 2881 utque
