4072 6210
400 358 518 417 535

1572 358 1637 415 S.
1684 349 2302 414 ATHANASIUS.-—
2339 348 2646 412 SPURIA.

3679 355 3785 416 536

400 489 790 547 aceuratiores
813 492 1049 561 propter
1062 487 1368 544 hominum
1393 487 1663 543 inertiam
1682 486 2044 558 colligemus.

2163 479 2454 556 ριωτὲρους
2499 479 2812 553 ἐντάττομεν
2881 479 2969 536 διὰ
3018 482 3080 537 τὸ
3141 480 3380 557 ῥᾴθυμον
3436 486 3541 537 τῶν
3590 484 3783 560 ἀνθρώ-

398 582 682 637 Caeterum
718 576 861 632 illud
914 576 1218 632 sciendum
1270 592 1335 631 ac
1366 592 1468 648 pro
1499 580 1653 632 certo
1710 574 2048 630 habendum

400 670 509 733 est,
543 683 677 722 eum
709 666 807 736 qui
844 664 1045 722 sedulo
1073 681 1270 720 rerum
1323 664 1661 720 deﬁnitione
1692 664 1843 729 edat,
1879 660 2048 718 facile

400 772 572 829 posse
602 755 887 825 rhetores,
920 758 1093 826 atque
1126 754 1409 810 facundos
1439 757 1717 821 oratores,
1751 752 1810 807 in
1845 752 2017 823 dispu

398 844 721 900 tationibus
767 842 1103 915 reprimere.
1160 843 1304 900 Nam
1357 843 1403 898 si
1453 843 1871 914 interrogatus,
1904 840 2047 912 quid

397 935 477 990 sit
520 933 801 999 deﬁnitio,
836 949 1012 1003 quare
1062 933 1293 988 dicatur
1341 932 1626 1001 deﬁnitio,
1672 935 1815 1004 quot
1855 930 2046 986 modis

396 1022 763 1095 intelligatur
792 1022 1082 1091 deﬁnitio,
1115 1021 1332 1077 haereat
1378 1020 1746 1078 adversarius
1780 1038 1795 1090 ;
1828 1021 2047 1090 pudore

396 1112 563 1184 quasi
598 1110 747 1167 nihil
779 1110 924 1166 sciat
954 1111 1262 1166 afﬁcietur.

465 1203 518 1256 5.
545 1201 678 1255 Tria
712 1205 856 1255 sunt
886 1200 1211 1255 secundum
1260 1199 1655 1256 substantiam
1705 1198 2045 1255 hominibus

390 1291 601 1363 ignota
630 1293 686 1344 et
711 1289 1039 1355 indeﬁnite,
1077 1289 1246 1357 Deus,
1278 1289 1524 1360 angelus
1562 1294 1618 1344 et
1668 1289 1885 1358 anima,
1918 1304 2044 1360 qua:

397 1384 538 1434 sunt
568 1379 899 1434 secundum
932 1378 1327 1433 substantiam
1362 1378 1471 1434 soli
1508 1380 1618 1434 Deo
1652 1382 1808 1434 nota.

471 1467 617 1532 Quid
649 1470 739 1521 est
769 1467 1027 1535 ﬁnitum,
1060 1466 1201 1539 quid
1242 1466 1564 1538 inﬁnitum,
1619 1466 1758 1539 quid
1810 1466 2045 1522 difﬁcile

399 1557 540 1629 quid
572 1556 740 1611 facile
770 1556 1013 1611 deﬁnitu
1036 1556 1064 1610 ?
1096 1555 1355 1611 Finitum
1385 1561 1494 1627 est,
1537 1557 1691 1628 quod
1737 1573 1876 1612 suos
1925 1559 2046 1612 ter—

397 1646 591 1702 minos
623 1663 736 1701 non
780 1645 1026 1716 excedit,
1076 1650 1140 1700 ut
1188 1645 1421 1714 caelum,
1470 1650 1657 1720 terra,
1702 1662 1884 1713 mare,
1918 1662 2043 1717 qua

398 1752 538 1791 suos
583 1735 870 1790 terminos
918 1751 1033 1790 non
1083 1736 1528 1790 transcendunt.
1580 1735 1883 1791 Inﬁnitum
1934 1736 2041 1802 est,

2157 591 2291 626 πων.
2328 569 2478 639 Πλὴν
2507 574 2669 625 τοῦτο
2700 570 2971 644 γνωστέον
3003 569 3093 625 καὶ
3127 569 3561 642 πιστευτέον,δτι
3592 574 3618 627 6
3648 574 3787 651 φιλο-

2157 658 2339 722 πόνως
2370 661 2619 736 πράττων
2642 658 2769 722 τοὺς
2804 658 2963 735 ὅρους
2996 660 3229 737 ῥήτορας
3257 659 3347 714 καὶ
3381 657 3586 723 δεινοὺς
3630 662 3785 718 πολυ-

2158 747 2356 824 λόγους
2386 747 2666 819 δυνήσεται
2694 749 2936 826 εὐχερῶς
2976 749 3026 804 ἐν
3076 754 3195 811 ταῖς
3249 746 3541 818 διαλέξεσιν
3591 750 3787 808 ἐπιστο-

2161 836 2354 909 μίζειν.
2385 840 2549 895 ’Όταν
2582 838 2681 915 γὰρ
2713 837 3025 914 ἐρωτηθεὶς,
3058 838 3108 892 τί
3139 837 3278 893 ἐστιν
3334 837 3463 914 ὅρος
3490 856 3503 908 ς
3531 839 3619 893 καὶ
3662 842 3783 895 κατὰ

2136 926 2207 979 .τί
2241 924 2449 1000 εἴρηται
2482 924 2647 1002 Spes:
2676 927 2767 982 καὶ
2817 929 3036 1003 ὁσαχῶς
3085 933 3287 982 νοεῖται
3329 926 3489 1001 ὅρο;;
3534 928 3780 1002 ἀπορήσει

2158 1017 2185 1069 6
2218 1015 2268 1086 ἐξ
2317 1016 2555 1092 ἐναντίας
2605 1017 2742 1093 πρὸς
2790 1021 2976 1090 ταῦτα,
3007 1016 3096 1072 καὶ
3145 1016 3557 1091 καταισχύνεται
3606 1016 3781 1071 λοιπὸν

2157 1105 2232 1166 ὡς
2269 1103 2436 1178 μηδὲν
2466 1105 2839 1180 ἐπιστάμενος.

2226 1198 2279 1249 5.
2312 1194 2443 1270 Τρία
2472 1195 2573 1249 εἰσὶ
2618 1196 2735 1249 κατ’
2768 1194 2951 1251 οὐσίαν
3004 1196 3312 1270 ἀνθρώποις
3366 1196 3663 1270 ἀγνώριστα
3709 1196 3788 1250 καὶ

2157 1283 2401 1359 ἀόριστα,
2449 1285 2603 1353 Θεὸς,
2647 1282 2901 1361 ἄγγελος,
2951 1286 3039 1339 καὶ
3088 1286 3268 1359 ψυχὴ,
3321 1286 3471 1358 μόνῳ
3526 1290 3639 1356 Θεῷ
3684 1287 3787 1340 κατ’

2158 1372 2341 1426 οὐσίαν
2367 1373 2762 1449 γνωριζόμενα.

2225 1461 2285 1515 Τί
2345 1460 2483 1516 ἐστιν
2539 1462 2797 1538 ὁριστόν;
2836 1462 2924 1517 καὶ
2981 1463 3033 1517 τί
3075 1462 3364 1537 ἀόριστονς
3399 1461 3489 1517 καί
3542 1461 3595 1517 τί
3644 1460 3784 1517 δυσό-

2158 1571 2377 1628 ριστον;
2428 1552 2519 1606 καὶ
2568 1552 2621 1606 τί
2665 1551 2982 1629 εὐόριστον;
3031 1548 3275 1627 Ὀριστὸν
3322 1552 3463 1607 ἐστιν
3515 1546 3789 1627 ἀνυπέρϐα-

2154 1662 2247 1703 τος
2273 1640 2474 1703 στάσις·
2525 1643 2638 1696 οἷον
2672 1643 2700 1696 6
2732 1641 2958 1717 οὐρανὸς
2986 1642 3079 1696 καὶ
3110 1643 3143 1711 ἡ
3177 1648 3272 1715 γῆ,
3305 1640 3391 1697 καὶ
3452 1643 3487 1710 ἡ
3548 1638 3787 1711 θάλασσα,

2154 1731 2189 1798 ἡ
2220 1728 2346 1791 τοὺς
2375 1727 2535 1805 ὅρους
2568 1729 2736 1798 αὐτῆς
2781 1731 2857 1802 μή
2912 1724 3324 1804 ὑπερϐαίνουσα.
3359 1728 3637 1805 Ἀόριστόν
3688 1727 3785 1783 ἐστι

398 1824 591 1881 solum
635 1823 782 1879 illud
830 1824 985 1895 quod
1045 1824 1369 1880 increatum
1425 1828 1533 1894 est,
1602 1823 1827 1880 scilicet
1868 1828 2036 1879 Deus.

2163 1818 2214 1873 τὸ
2263 1817 2426 1891 μόνον
2469 1815 2738 1888 ἅκτιστον,
2773 1819 2801 1872 6
2844 1818 2994 1881 Θεός.
3029 1814 3350 1894 Δυσὸριστόν
3405 1818 3516 1873 ἐστι
3571 1818 3631 1872 τὸ
3684 1837 3787 1871 κτι-

2224 1906 2240 1924 \
2398 1906 2413 1924 \
2474 1905 2487 1924 1
2513 1905 2525 1924 1
2798 1908 2821 1924 γ
2941 1904 2965 1924 Ἰ
3070 1907 3091 1924 \
3234 1910 3244 1924 Ι
3352 1909 3367 1924 \
3506 1905 3521 1924 ς
3575 1905 3599 1924 δ
3642 1905 3653 1924 Ι
3773 1922 3780 1924 Α

397 1913 645 1970 Difﬁcile
676 1913 921 1969 deﬁuitu
954 1918 1061 1979 est,
1095 1913 1249 1985 quod
1290 1917 1550 1969 creatum
1582 1917 1640 1969 et
1669 1912 2043 1969 indeﬁnitum

396 2000 847 2072 est,cujusmodi
878 2004 967 2057 est
995 2000 1487 2073 angelus,anima,
1522 2002 1749 2057 daamon
1776 2018 1789 2056 :
1816 2004 1917 2056 aut
1941 2000 2047 2055 dif-

400 2090 552 2146 ﬁcile
579 2090 821 2145 deﬁnitu
852 2094 960 2146 est.
994 2090 1147 2160 quod
1179 2107 1295 2145 non
1330 2089 1589 2161 omnino,
1640 2091 1739 2147 sed
1787 2107 1856 2147 ex
1883 2094 2046 2162 parte

400 2184 632 2236 tantum
666 2180 1056 2251 cognoscitur,
1090 2178 1264 2250 quale
1295 2183 1385 2235 est
1413 2178 1641 2252 lignum
1676 2180 1822 2235 vitae.
1858 2178 2049 2235 Facile

405 2269 647 2324 deﬁnilu
678 2272 787 2339 est,
821 2268 975 2340 quod
1009 2271 1404 2324 contractatur
1450 2273 1507 2325 et
1550 2268 1928 2342 conspicitur,
1962 2272 2049 2323 ut-

405 2358 577 2430 panis
607 2361 665 2414 et
692 2356 931 2414 similia.

477 2449 531 2503 6.
585 2447 732 2513 Quid
782 2451 872 2503 est
919 2446 1122 2503 Deus?
1152 2450 1211 2503 et
1263 2448 1588 2503 secundum
1646 2447 1789 2519 quid
1838 2447 2051 2503 dicitur

405 2536 561 2593 Deus
586 2537 613 2590 ?
644 2539 702 2590 et
728 2538 871 2606 quot
913 2534 1103 2591 modis
1153 2534 1504 2607 intelligitur
1550 2534 1748 2591 Deus?
1778 2536 1933 2591 Deus
1962 2541 2051 2590 est

403 2624 739 2681 substantia
794 2624 922 2680 sine
963 2640 1161 2695 causa,
1220 2626 1415 2681 omnis
1462 2625 1808 2681 substantiae
1872 2641 2050 2680 causa

401 2712 1246 2785 supersubstantialis.Dicitur
1275 2719 1472 2769 autem
1493 2713 1623 2774 Θεὸς
1638 2712 1744 2767 ἀπὸ
1773 2716 1873 2767 τοῦ
1888 2712 2047 2784 θέειν,

400 2803 461 2858 id
493 2806 602 2868 est,
635 2820 670 2858 ιι
699 2802 1007 2858 currendo.
1038 2806 1258 2858 Cursus
1298 2807 1495 2858 autem
1529 2802 1626 2859 ille
1675 2820 1791 2858 non
1841 2802 2049 2859 intelli-

402 2892 630 2965 gendus
662 2891 732 2945 de
761 2891 1015 2947 transitu
1046 2906 1114 2945 ex
1135 2891 1387 2963 quodam
1410 2891 1533 2947 loco
1565 2891 1624 2946 in
1645 2890 1826 2947 alium
1856 2891 2048 2947 locum

404 2981 507 3036 sed
561 2980 631 3035 de
675 2979 776 3035 Dei
810 2980 1176 3052 providentia
1229 2983 1286 3035 et
1341 2980 1674 3052 operatione
1734 2998 1859 3053 quae
1918 2997 2047 3052 per-

403 3068 565 3123 vadit
594 3067 812 3123 omnia.
846 3067 972 3138 Vel,
1004 3066 1110 3121 ἀπὸ
1141 3070 1238 3121 τοῦ
1268 3066 1458 3140 αἶ’θειν,
1491 3069 1551 3124 id
1581 3070 1770 3139 est,ab
1802 3070 2047 3140 urendo,

404 3156 491 3212 vel
518 3154 623 3209 ἀπὸ
651 3158 753 3209 τοῦ
785 3160 1029 3230 θεωρεῖν,
1060 3156 1118 3212 id
1149 3161 1238 3212 est
1265 3158 1420 3228 quod
1464 3157 1798 3229 speculetur
1826 3159 2045 3214 omnia.

2155 1906 2278 1961 στὸν
2326 1906 2414 1961 καὶ
2462 1905 2732 1981 ἀόριστον·
2767 1908 2881 1963 οἷον
2936 1904 3189 1983 ἄγγελος,
3221 1909 3401 1983 ψυχὴ,
3431 1905 3524 1962 καὶ
3571 1905 3783 1978 δαίμων·

2152 1994 2190 2065 ἢ
2224 1992 2537 2072 δυσόριστόν
2600 1996 2709 2051 ἐστι
2757 1994 2820 2051 τὰ
2877 1997 2952 2070 μή
3014 1996 3273 2066 καθόλου,
3307 1993 3436 2051 ἀλλ’
3487 1994 3544 2050 ἐκ
3602 1994 3785 2070 μέρους

2156 2085 2586 2160 γινωσκόμενον·
2622 2085 2735 2140 οἷον
2791 2086 2853 2140 τὸ
2907 2083 3065 2157 ξύλον
3120 2092 3218 2154 τῆς
3281 2089 3447 2154 ζωῆς,
3509 2081 3781 2157 Εὐόριστόν

2156 2175 2266 2229 ἐστι
2325 2175 2388 2229 τὸ
2448 2171 2853 2249 ψηλαφώμενω
2898 2176 2987 2231 καὶ
3037 2173 3430 2252 θεωρούμενον·
3476 2174 3585 2229 οἷον
3642 2174 3784 2245 ἄρτος

2156 2265 2245 2319 καὶ
2275 2264 2340 2319 τὰ
2372 2262 2558 2338 ὅμοια.

2229 2445 2282 2498 6.
2316 2441 2385 2499 Τί
2443 2442 2551 2497 ἐστι
2609 2444 2777 2510 Θεόςς
2809 2444 2898 2497 καὶ
2957 2444 3093 2497 κατὰ
3147 2442 3199 2497 τί
3249 2442 3463 2518 εἴρηται
3517 2438 3786 2508 Θεός;καὶ

2159 2533 2380 2605 ὁσαχῶς
2410 2538 2608 2587 νοεῖται
2655 2531 2783 2594 Θεός
2814 2551 2827 2601 ;
2859 2532 2988 2594 Θεὸς
3043 2532 3135 2604 μὲν
3184 2531 3323 2587 ἐστιν
3375 2531 3532 2586 οὐσία
3579 2528 3788 2587 ἀναίτιος

2157 2623 2245 2677 καὶ
2277 2623 2452 2692 πάσης
2485 2621 2670 2683 οὐσίας
2713 2620 2859 2675 αἰτία
2909 2622 3251 2698 ὑπερούσιος·
3282 2620 3371 2676 καὶ
3431 2620 3639 2694 λέγεται
3695 2617 3789 2670 ἀπὸ

2156 2716 2253 2767 τοῦ
2284 2710 2440 2782 θέειν,
2472 2709 2603 2779 ἤτοι
2640 2710 2877 2786 τρέχειν.
2908 2712 2979 2766 Τὸ
3023 2711 3239 2787 τρέχειν
3293 2708 3350 2765 δὲ
3407 2710 3489 2783 μὴ
3544 2710 3639 2777 τὴν
3694 2704 3787 2761 ἀπὸ

2156 2800 2326 2855 τόπου
2382 2801 2604 2870 νοητὲον
2666 2800 2743 2861 εἰς
2796 2798 2960 2854 τόπον
3025 2795 3336 2872 μετάϐασιν,
3386 2798 3535 2855 ἄλλά
3588 2798 3647 2852 τὸ
3698 2796 3785 2862 τὴν

2157 2888 2414 2966 προνοίαν
2445 2894 2541 2943 τοῦ
2571 2892 2704 2944 Θεοῦ
2735 2888 2824 2944 καὶ
2848 2891 2949 2958 τήν
2992 2888 3255 2965 ἐνέργειαν
3308 2887 3395 2943 ἐπὶ
3458 2890 3626 2943 πάντα
3678 2881 3786 2954 διή-

2157 2998 2290 3034 κειν·
2323 2979 2358 3047 ἢ
2392 2978 2496 3033 ἀπὸ
2525 2982 2622 3033 τοῦ
2673 2976 2838 3033 αἶ’θειν
2885 2976 3008 3047 ἤτοι
3056 2977 3227 3033 καίειν
3257 2997 3269 3010 ’
3310 2978 3345 3046 ἢ
3389 2976 3499 3032 ὰπὸ
3535 2979 3629 3031 τοῦ
3668 2985 3786 3037 θεω-

2158 3073 2269 3143 ρεῖν
2327 3068 2395 3123 τὰ
2442 3066 2634 3122 πάντα·
2670 3064 2823 3122 οὐδὲν
2871 3067 2975 3142 γὰρ
3022 3071 3129 3121 τῶν
3176 3061 3345 3121 ὄντων
3371 3067 3476 3135 τὴν
3510 3062 3784 3129 ἐποπιχὴν

2162 3157 2325 3212 αὐτοῦ
2386 3154 2659 3235 διαφεύγει
2719 3154 2968 3229 δύναμιν.
3002 3160 3207 3217 Δισσῶς
3257 3152 3314 3210 δὲ
3361 3155 3577 3232 λέγεται
3606 3157 3640 3223 ἡ
3671 3152 3785 3210 Θεὸς

408 3244 564 3300 Nihil
600 3244 813 3317 quippe
843 3226 1060 3313 rerum,
1095 3247 1223 3317 ejus
1253 3226 1597 3318 speculandi
1645 3248 1761 3303 vim
1795 3248 2047 3320 effugere

2163 3226 2501 3323 προσηγορία
2552 3226 2697 3320 παρὰ
2751 3250 2820 3320 τῇ
2857 3226 2984 3317 θείᾳ
3012 3248 3222 3321 Γραφῇ,
3254 3244 3407 3323 φύσει
3443 3226 3541 3299 *καὶ
3597 3241 3785 3318 χάριτι.

408 3331 582 3388 valet.
624 3332 862 3387 Duobus
911 3337 1110 3388 autem
1161 3335 1353 3389 modis
1401 3351 1511 3389 vox
1543 3334 1643 3390 illa
1689 3336 1842 3391 Deus
1873 3353 2051 3392 usur-

406 3426 580 3493 patur
610 3421 669 3474 in
701 3418 897 3474 divina
927 3420 1265 3492 Scriptura;
1299 3422 1579 3478 nimirum
1602 3427 1810 3479 natura
1835 3428 1893 3479 et
1920 3440 2050 3497 gra-

409 3510 493 3565 tia
526 3525 539 3563 :
574 3514 725 3564 Deus
756 3508 992 3579 quidem
1026 3512 1238 3565 natura
1275 3514 1332 3565 et
1360 3511 1689 3568 substantia
1733 3517 1824 3568 est
1853 3513 2048 3581 Deus;

406 3597 595 3670 gratia
624 3602 821 3652 autem
855 3600 913 3651 et
951 3597 1262 3669 adoptione
1286 3599 1432 3669 justi
1478 3616 1706 3671 quoque
1735 3601 1815 3656 dii
1846 3601 2051 3657 dicun-

402 3693 520 3742 tur.
554 3686 645 3741 Ait
674 3686 830 3741 enim
863 3686 1165 3758 Scriptura
1193 3702 1206 3741 :
1242 3709 1269 3738 ‹‹
1304 3688 1419 3759 Ego
1464 3688 1581 3744 dixi
1613 3707 1625 3745 :
1662 3690 1750 3745 Dii
1800 3693 1962 3758 estis,
1995 3696 2053 3749 et

405 3776 513 3830 ﬁlii
544 3774 832 3830 Altissimi
861 3776 926 3829 ⁸⁸.
960 3797 987 3825 ››
1019 3775 1245 3831 Dicitur
1275 3782 1471 3833 autem
1512 3778 1699 3849 Pater,
1734 3779 1845 3848 vel,
1878 3781 2047 3852 quasi

402 3864 467 3917 τὰ
514 3864 687 3918 πάντα
732 3866 940 3937 τηρῶν,
1001 3864 1058 3919 id
1104 3868 1215 3932 est,
1264 3865 1464 3921 omnia
1534 3884 1907 3935 conservans,
1959 3869 2050 3924 vel

404 3954 572 4027 quasi
606 3949 804 4014 παῖδας
831 3956 1040 4027 τηρῶν,
1083 3954 1142 4009 id
1174 3957 1283 4025 est,
1317 3957 1582 4027 proprios
1631 3956 1781 4014 ﬁlios
1812 3974 2045 4014 conser-

404 4060 548 4098 vans
580 4048 637 4097 et
665 4043 1023 4098 conﬁrmans
1055 4044 1221 4113 quasi
1254 4048 1417 4116 pater
1449 4061 1461 4099 :
1494 4045 1675 4103 Filius
1705 4063 1875 4118 porro
1907 4047 2050 4104 dici-

406 4137 524 4197 tur,
558 4132 729 4202 quasi
750 4132 910 4186 dicas
944 4149 955 4186 :
992 4131 1190 4198 Qualis
1221 4133 1391 4189 Pater
1417 4135 1743 4191 secundum
1776 4137 2040 4193 substan-

405 4220 575 4285 tiam,
608 4218 742 4275 talis
792 4223 879 4274 est
928 4219 1150 4286 Filius;
1184 4221 1305 4277 sive
1351 4239 1419 4278 ex
1464 4224 1686 4281 incrato
1734 4226 2049 4297 increatus,

407 4308 528 4363 sive
559 4324 626 4363 ex
658 4308 889 4363 mortali
921 4309 1432 4382 mortalisﬂveﬁua
1453 4317 1648 4369 autem
1677 4330 1776 4370 seu
1810 4316 2052 4386 spiritus

405 4396 640 4465 dicitur,
686 4397 878 4468 quasi,
927 4397 1120 4453 omnis
1166 4405 1369 4468 nutus,
1425 4402 1696 4459 velociter
1737 4404 1892 4459 enim
1942 4406 2051 4461 cir-

2159 3336 2220 3392 Ὁ
2268 3336 2362 3408 μὲν
2408 3335 2536 3396 Θεὸς
2588 3334 2741 3412 φύσει
2792 3335 2881 3389 καὶ
2933 3333 3086 3405 οὐσίᾳ
3134 3334 3245 3389 ἐστί
3295 3333 3465 3396 Θεός·
3518 3335 3696 3408 χάριτι
3740 3326 3791 3382 δὲ

2158 3424 2248 3478 καὶ
2307 3422 2445 3487 θέσει
2506 3421 2757 3498 λέγονται
2818 3422 2928 3487 θεοῖ
2976 3423 3065 3477 καὶ
3125 3424 3176 3478 οἱ
3228 3420 3453 3478 δίκαιοι.
3486 3421 3582 3477 Καὶ
3636 3419 3786 3496 γὰρὴ

2161 3513 2379 3590 FW?”
2404 3511 2566 3587 λέγει·
2603 3537 2629 3564 ‹‹
2665 3514 2803 3588 Ἐγὼ
2848 3514 2991 3567 εἶπα·
3040 3511 3163 3568 Θεοί
3210 3510 3328 3567 ἐστε
3372 3512 3466 3566 καὶ
3526 3511 3631 3566 υἱοὶ
3660 3505 3790 3579 Ὑψί-

2163 3621 2310 3658 στου.
2348 3626 2368 3655 υ
2406 3599 2635 3677 Εἴρηται
2696 3599 2753 3656 δὲ
2810 3602 3022 3677 Πατὴρ,
3054 3602 3088 3670 ἢ
3136 3601 3209 3663 ὡς
3264 3601 3331 3654 τὰ
3375 3602 3550 3655 πάντα
3601 3598 3788 3670 τηρῶν,

2161 3693 2195 3760 ἢ
2229 3691 2302 3751 ὡς
2360 3690 2487 3752 τοὺς
2539 3690 2771 3752 οἰκείους
2820 3688 3016 3752 παῖδας
3060 3694 3242 3766 τηρῶν
3297 3690 3388 3743 καὶ
3420 3687 3687 3765 στηρίζων
3715 3683 3793 3739 οἱα

2160 3781 2362 3855 πατήρ.
2395 3780 2518 3841 Υἱὸς
2568 3778 2624 3834 δὲ
2673 3778 2910 3854 λέγεται,
2942 3779 3017 3841 ὡς
3063 3778 3121 3833 ἂν
3164 3778 3360 3841 εἶ’ποις·
3395 3780 3529 3839 Οἶος
3562 3779 3588 3831 6
3624 3775 3789 3844 Πατὴρ

2160 3872 2259 3938 τὴν
2301 3867 2504 3938 οὐσίαν,
2563 3873 2810 3931 τοιοῦτος
2866 3869 2955 3924 καὶ
2996 3870 3024 3923 6
3081 3868 3225 3931 Υἱός·
3283 3865 3388 3923 εἷ’τε
3453 3868 3504 3938 ἐξ
3560 3864 3791 3921 ἀκτίστου

2162 3959 2432 4029 ἄκτιστος,
2468 3956 2573 4014 εἴτε
2603 3958 2661 4014 ἐκ
2705 3960 2905 4029 θνητοῦ
2953 3957 3169 4028 θνητός.
3198 3960 3415 4029 Πνεῦμα
3467 3954 3524 4012 δὲ
3578 3952 3795 4030 εἷ’ρηται,

2162 4047 2355 4102 ὡσανεὶ
2386 4054 2488 4102 πᾶν
2537 4053 2728 4121 νεῦμα,
2765 4047 2926 4120 ὀξέως
2981 4046 3155 4118 πάντη
3206 4050 3357 4101 νεῦον
3409 4045 3501 4101 καὶ
3558 4043 3792 4115 κινούμε-

2159 4159 2273 4194 νον.
2307 4136 2534 4211 Εἴρηται
2594 4135 2652 4192 δὲ
2695 4141 2909 4210 πνεῦμα
2954 4136 3005 4191 ἐν
3042 4140 3111 4210 τῇ
3140 4135 3255 4207 θείᾳ
3288 4137 3479 4213 Γραφῇ
3506 4136 3793 4208 τετραχῶς,

2163 4227 2385 4299 Πνεῦμα
2438 4226 2499 4280 τὸ
2573 4227 2770 4302 ἅγιον,
2822 4230 3035 4299 πνεῦμα
3093 4225 3121 4279 ὁ
3180 4221 3453 4299 ἅγγελος,
3511 4228 3711 4296 πνεῦμα
3763 4219 3792 4287 ή

2161 4317 2340 4390 ψυχὴ,
2372 4320 2586 4389 πνεῦμα
2634 4318 2853 4389 ἄνεμος·
2888 4312 2997 4370 ἔστι
3031 4312 3076 4368 δ’
3109 4313 3198 4369 ὅτε
3226 4313 3315 4368 καὶ
3349 4313 3376 4367 ὀ
3427 4318 3553 4376 νοῦς
3604 4310 3795 4381 εἴρηται

2162 4425 2391 4477 πνευμα.

406 4501 781 4556 cumquaque
812 4493 1097 4543 movetur.
1150 4490 1404 4561 Spiritus
1450 4507 1622 4562 porro
1672 4493 2042 4565 quadruplici
2084 4496 2241 4551 194
2290 4495 2512 4551 ratione
2557 4496 2612 4550 in
2668 4496 2863 4552 divina
2911 4497 3207 4569 Scriptura
3254 4500 3596 4569 usurpatur,
3637 4490 3798 4565 Spirio

402 4578 501 4628 tus
560 4580 824 4642 sanctus,
882 4576 1130 4648 spiritus
1191 4578 1459 4651 angelus,
1515 4579 1759 4651 spiritus
1796 4582 2046 4659 panima,
2107 4584 2354 4656 spiritus
2423 4588 2684 4652 ventus;

403 4666 665 4719 vocatur.

2743 4585 2862 4641 imo
2920 4587 3269 4658 quandoque
3340 4601 3511 4642 mens
3569 4581 3797 4655 spiritus

473 4751 529 4806 7.
575 4752 1013 4825 Sempiternum
1063 4760 1178 4826 est,
1226 4756 1379 4828 quod
1441 4771 1674 4830 semper
1719 4764 1938 4815 manet.
1982 4761 2047 4817 Et

2234 4766 2288 4819 7.
2320 4758 2526 4816 Ἀ’ίδιὸν
2587 4760 2696 4816 ἐστι
2744 4763 2805 4816 τὸ
2857 4762 2938 4817 ἀεὶ
2988 4760 3190 4839 διάγον.
3223 4761 3321 4817 Καὶ
3368 4762 3431 4816 τὸ
3485 4762 3580 4835 μὲν
3636 4754 3795 4813 ἀίδιον

406 4841 562 4911 quod
591 4846 873 4898 internum
908 4850 1015 4911 est,
1053 4862 1164 4902 non
1199 4845 1397 4901 statim
1433 4846 1559 4901 sine
1609 4847 1895 4920 principio
1928 4866 2047 4907 esse

2164 4848 2227 4903 οὐ
2260 4848 2470 4925 λέγεται
2510 4850 2597 4904 καὶ
2650 4849 2908 4927 ἄναρχον·
2939 4850 3002 4907 τὸ
3056 4849 3113 4907 δὲ
3162 4849 3396 4927 ἄναρχον
3456 4851 3664 4927 λέγεται
3717 4845 3799 4900 καὶ

406 4928 664 4997 dicitur;
724 4932 824 4987 sed
878 4934 1033 5003 quod
1094 4937 1221 4990 sine
1279 4933 1563 5007 principio
1629 4941 1719 4993 est
1773 4943 2054 4994 aeternum

407 5017 643 5075 dicitur.
678 5021 745 5075 Et
777 5021 906 5078 sine
936 5023 1222 5094 principio
1256 5025 1472 5079 dicitur
1512 5027 1666 5096 quod
1702 5026 2052 5099 principium

408 5124 523 5164 non
554 5108 748 5165 habet.
791 5108 908 5166 Hoc
952 5116 1150 5167 autem
1182 5113 1335 5169 Deus
1386 5119 1492 5169 est.
1526 5114 1713 5178 Quare
1742 5116 1870 5172 sine
1902 5118 2055 5188 prin-

406 5195 560 5267 cipio
590 5202 648 5254 et
678 5200 1072 5270 sempiternus
1102 5200 1199 5257 ille
1227 5202 1465 5270 dicitur,
1499 5203 1606 5259 hoc
1638 5210 1727 5261 est
1759 5205 1883 5262 sine
1917 5208 2052 5264 ﬁne.

402 5286 607 5357 Angeli
641 5303 772 5343 vero
804 5292 862 5342 et
893 5290 1102 5344 animai
1136 5307 1249 5346 non
1285 5292 1564 5348 dicuntur
1587 5293 1714 5349 sine
1745 5295 2049 5367 principio:

403 5373 761 5446 principium
814 5393 1072 5450 namque
1122 5384 1475 5451 acceperunt
1526 5384 1582 5437 et
1623 5384 1801 5439 creati
1852 5389 2053 5442 sunta

404 5462 542 5519 Deo.
596 5463 883 5521 Dicuntur
931 5470 1126 5523 autem
1181 5472 1418 5541 aaterna,
1466 5470 1603 5541 quia
1644 5475 1924 5529 aeternum
1966 5474 2052 5530 vi-

401 5558 558 5608 vent.

469 5670 513 5707 ⁶⁸
546 5669 698 5726 Psal.
732 5688 919 5742 Lxxxx,
945 5674 1000 5730 6.

2165 4936 2360 4996 ἀίδιον.
2392 4943 2663 5017 Ἀναρχον
2698 4938 2755 4996 δὲ
2787 4939 2995 5016 λέγεται
3024 4942 3088 4996 τὸ
3118 4944 3194 5015 μὴ
3228 4940 3356 5017 ἔχον
3416 4942 3616 5018 ἀρχήν·
3650 4941 3798 4993 τοῦτο

2166 5025 2223 5082 δὲ
2256 5027 2394 5083 ἐστιν
2429 5032 2455 5085 ὁ
2488 5030 2638 5092 Θεός.
2672 5032 2763 5085 Διὸ
2795 5032 2884 5086 καὶ
2913 5029 3149 5106 ἄναρχος
3199 5029 3409 5107 λέγεται
3463 5030 3556 5085 καὶ
3612 5024 3796 5095 ἀίδιος,

2160 5118 2434 5173 τουτέστιν
2468 5117 2844 5185 ἀτελεύτητος.
2876 5120 2943 5176 Οἱ
2994 5116 3051 5173 δὲ
3104 5117 3331 5194 ἄγγελοι
3389 5118 3479 5173 καὶ
3531 5118 3586 5171 αἱ
3637 5110 3798 5188 ψυχαὶ

2164 5204 2224 5260 οὐ
2284 5204 2531 5283 λέγονται
2587 5208 2840 5284 ἄναρχοι·
2896 5208 3077 5284 ἀρχὴν
3135 5208 3234 5284 γὰρ
3292 5203 3491 5263 ἔλαϐον
3520 5207 3610 5260 καὶ
3662 5200 3794 5258 Exti-

2162 5297 2360 5367 σθησαν
2414 5299 2559 5374 παρὰ
2603 5303 2757 5355 Θεοῦ.
2808 5298 3065 5374 Λέγονται
3116 5296 3172 5353 δὲ
3230 5296 3397 5371 ἀίδια,
3428 5293 3619 5364 ἐπειδή
3679 5288 3798 5366 μὲλ-

2164 5383 2349 5440 λουσιν
2387 5387 2620 5442 ἀθάνατα
2654 5391 2772 5461 ζῇν.
