2036 3105
230 188 291 218 539

814 186 847 216 S.
870 186 1132 218 ATHANASIUS.
1143 202 1183 210 —
1198 187 1353 219 SPUBIA.

1857 190 1907 220 5|0

228 253 301 281 illud
318 261 423 281 nomen
439 255 484 281 est
499 252 611 289 angelis
627 255 656 281 et
679 251 835 280 essentiale
859 260 866 279 :
892 260 1055 288 omnesque

1111 251 1155 279 καὶ
1169 252 1265 281 πάντες
1290 252 1404 291 ἄγγελοι
1420 252 1557 291 λέγονται·
1574 252 1635 280 Ἐὰν
1656 251 1686 280 δε
1709 251 1789 289 εἴπῃς,
1815 253 1842 282 Ὀ
1863 256 1906 281 Μι-

229 298 369 326 dicuntur
395 298 509 333 angeli;
540 297 586 325 sin
620 297 728 325 dixeris
762 296 896 331 Michael,
929 297 1055 333 Gabriel,

229 342 398 379 hypostasin
415 351 504 369 unam
521 342 631 375 dixisti,
649 342 703 369 hoc
721 344 766 369 est
789 350 882 369 unum
906 341 1054 378 angelum.

228 387 339 415 Natura
354 386 462 422 quippe
477 386 585 414 dicitur
599 386 696 422 angeli
721 385 849 414 essentia
865 394 871 413 :
888 385 1056 422 hypostasis

229 440 296 459 vero
313 431 547 467 uniuscujusque
563 430 658 467 angeli
675 430 842 467 appellatio.
866 431 940 459 195
968 431 1054 458 Item-

228 484 285 511 que
302 484 360 503 una
376 478 483 503 natura
493 475 661 503 communis
670 474 903 508 esthumanitas;
920 474 1057 511 hyposta-

228 529 275 548 ses
309 528 386 555 vero,
411 520 524 553 Petrus,
551 519 669 552 Paulus,
697 519 842 552 Thomas,
870 527 903 546 ac
936 519 1054 555 reliqua;

228 573 359 600 personae
385 568 413 591 et
437 564 630 591 characteres.
651 563 761 590 Natura
778 563 866 599 igitur
878 565 922 591 est
936 563 1056 591 domina

229 608 411 645 genitrixque
427 608 642 643 hypostasium.
657 610 813 643 Propterea
834 615 952 635 rursum
977 608 1054 635 dice-

229 662 296 681 mus
321 661 327 680 :
355 653 379 681 si
405 653 486 680 dicas
503 661 509 680 :
528 653 606 680 Bona
633 655 677 680 est
693 652 798 680 natura
813 652 946 688 angelus,
962 654 1054 680 totam

228 706 329 725 eorum
342 697 503 725 essentiam
519 696 703 732 signiﬁcasti.
720 697 768 724 Sin
794 696 875 724 dicas
898 704 905 724 :
931 696 1055 732 Magnus

228 743 273 770 est
287 741 414 776 Gabriel,
431 749 519 769 unam
535 749 570 769 ex
593 742 732 769 omnibus
759 740 934 777 hypostasin
958 740 1054 768 nomi-

230 787 317 814 nasti.
334 786 368 813 Et
383 785 408 814 si
422 785 513 820 dicas,
529 785 662 819 Volatile,
679 785 824 813 denotasti
839 787 930 813 totam
949 784 1054 813 volati-

228 830 301 858 lium
317 830 493 864 essentiam;
506 829 552 858 sin
567 830 659 865 dicas,
676 829 828 863 Columba,
844 831 952 864 turtur,
968 829 1054 857 lusci-

230 875 288 910 nia,
315 883 407 911 pavo,
432 882 543 910 cygnus
569 882 575 901 :
602 874 662 901 haec
687 869 961 910 sunt‘hypostases.
988 873 1052 903 Non

228 919 325 947 solum
348 921 445 947 autem
470 919 499 945 in
524 918 770 954 intelligibilibus,
797 917 999 954 rationalibus,
1023 919 1053 946 et

227 943 1052 999 ἐῇἷιῖίῖζιαῖἷδίἇζνέῑείῖιὲἓ’3ιέῌῖιῖᾆῆιιέἔῖξῷὶέῖέἑὰ
1067 943 1090 976 Β

228 1008 317 1036 etiam
343 1009 372 1036 in
398 1008 478 1036 omni
494 1007 667 1041 inanimata,
684 1006 847 1035 insensibili
862 1010 892 1035 et
907 1006 1051 1035 immobili

228 1056 344 1081 natura.
379 1052 465 1080 Verbi
498 1052 604 1088 gratia,
639 1051 664 1079 si
696 1051 805 1079 dixeris
831 1060 837 1079 :
865 1051 944 1079 Fecit
974 1052 1052 1080 Deus

227 1098 333 1132 lucem,
359 1105 425 1125 ecce
454 1096 620 1125 universam
646 1095 871 1124 luminarioruln
896 1096 1053 1124 essentiam

228 1142 412 1178 signiticasti.
429 1142 496 1178 Ipsa
511 1150 596 1177 porro
611 1141 739 1169 essentia
753 1140 890 1177 deinceps
915 1140 1055 1168 dividitur

228 1188 257 1215 in
273 1196 343 1215 suas
359 1187 548 1223 bypostases;
565 1186 594 1213 in
610 1185 700 1213 solem
717 1184 839 1218 scilicet,
857 1185 968 1219 lunam,
986 1185 1054 1213 stel-

228 1232 284 1265 las,
299 1231 445 1264 lucernas,
461 1239 570 1264 cereos,
584 1230 722 1265 variaque
736 1229 803 1257 alia.
820 1229 881 1257 Sim
893 1229 924 1257 ili
938 1237 1055 1265 quoque

232 1277 317 1304 modo
334 1277 369 1303 de
383 1275 496 1310 ventis;
515 1274 539 1302 si
555 1274 673 1309 dixeris,
688 1274 829 1310 Spiritum
846 1282 898 1302 seu
923 1276 1055 1308 ventum,

230 1328 348 1348 omnem
364 1322 517 1348 ventorum
529 1321 664 1347 naturam
681 1318 922 1354 significasti.Sin
937 1318 1055 1352 dixeris,

229 1368 383 1397 Austrum,
400 1365 528 1397 boream,
546 1366 597 1391 aut
616 1362 842 1399 euroclydonem
868 1371 876 1391 :
902 1363 963 1390 haec
987 1364 1058 1391 sunt

228 1410 411 1446 hypostases.
438 1409 510 1436 Item
535 1408 560 1436 si
580 1408 699 1441 dixeris,
716 1407 869 1443 Arborem,
886 1407 1054 1435 universam

229 1454 366 1482 arborum
382 1453 540 1482 essentiam
555 1452 739 1488 signiﬁcasti;
750 1452 796 1480 sin
812 1451 931 1487 dixeris,
942 1451 1055 1479 Ficum»

229 1507 346 1531 nucem,
361 1501 541 1531 castaneam,
558 1496 759 1533 amygdalum,
776 1504 865 1524 unam
884 1496 1056 1532 hypostasin

227 1544 366 1570 arborum
391 1542 575 1578 significasti.
603 1541 730 1569 Rursum
754 1541 779 1569 si
803 1540 921 1574 dixeris,
940 1542 1055 1576 Aquam

228 1588 395 1615 universam
410 1595 554 1623 aquarum
572 1589 709 1614 naturam
725 1586 845 1620 dixisti;
862 1585 909 1614 sin
934 1585 1053 1620 dixeris,

1111 296 1198 334 χαήλ,
1223 298 1238 324 ὁ
1260 295 1394 335 Γαϐριὴλ,
1425 297 1569 325 ὑπόστασιν
1597 297 1659 334 μίαν
1683 296 1767 333 εἶπας,
1788 298 1905 325 τουτέστιν

1110 340 1156 369 ἕνα
1170 340 1296 380 ἄγγελον.
1313 341 1399 374 Φύσις
1413 342 1464 380 γὰρ
1480 342 1588 380 λέγεται
1603 343 1621 376 ἡ
1639 340 1792 379 ἀγγελότης·
1808 341 1905 370 ὑπόστα-

1110 397 1152 417 σις
1167 385 1196 414 δὲ
1219 386 1289 414 ἐστιν
1315 386 1373 418 ἐνὸς
1397 387 1509 414 ἑκάστου
1533 385 1650 424 ἀγγὲλου
1673 386 1841 424 προσηγορία.
1866 387 1906 414 Kal

1109 431 1159 469 γὰρ
1175 431 1253 470 φύσις
1273 431 1328 459 ἐστὶ
1355 431 1403 469 μία
1425 432 1504 466 κοινὴ
1528 432 1545 466 ἡ
1571 430 1755 468 ἀνθρωπότης,
1771 430 1907 462 ὑποστάσεις

1110 474 1139 503 δὲ
1154 476 1266 514 Πέτρος,
1295 475 1404 507 Παῦλος
1433 476 1476 504 καὶ
1506 478 1616 512 Θωμᾶς,
1642 475 1687 502 καὶ
1702 475 1734 502 τὰ
1748 474 1826 502 λοιπὰ
1837 475 1907 512 πρόσ-

1110 531 1171 547 ωπα
1182 521 1230 551 καὶ
1248 521 1273 548 οἱ
1289 522 1472 558 χαρακτῆρες.
1489 521 1519 548 Ἡ
1536 519 1581 547 οὖν
1611 519 1689 559 φύσις
1715 519 1780 546 ἐστὶν
1803 520 1820 554 ἡ
1842 519 1907 555 κυρία

1109 565 1308 602 καὶγεννητική
1333 568 1387 593 τῶν
1413 565 1595 593 ὑποστάσεων.
1623 564 1671 591 Καὶ
1696 563 1738 591 διὰ
1752 566 1825 591 τοῦτο
1838 563 1906 591 πάλιν

1109 608 1233 646 ἐροῦμεν·
1265 609 1308 637 ἐὰν
1339 609 1426 647 ε’ίπῃς·
1460 609 1509 637 Καὶ
1542 608 1619 648 φύσις
1653 609 1667 635 ὁ
1706 607 1825 646 ἄγγελος,
1851 607 1907 643 ὅλην

1108 654 1157 688 τήν
1185 653 1275 681 οὐσίαν
1303 654 1391 682 αὐτῶν
1415 653 1560 691 ἱσήμανας.
1589 652 1651 682 Ἐὰν
1677 651 1706 680 δὶ
1726 651 1807 689 εἴπῃς·
1835 650 1908 689 Μέγας

1109 698 1179 726 ἰστὶν
1194 699 1208 726 ὁ
1237 696 1370 735 Γαϐριὴλ,
1401 698 1543 726 ὑπόστασιν
1575 697 1638 734 μίαν
1665 697 1694 724 ἐκ
1718 697 1819 724 πάντων
1834 696 1908 727 εἶπας.

1109 743 1158 770 Καὶ
1174 743 1217 771 ἐὰν
1244 743 1334 780 εἷ’πῃς.
1358 743 1394 771 Τὸ
1418 743 1549 778 πετιινὸν,
1575 741 1635 770 ἲδοὺ
1653 742 1703 776 τήν
1719 740 1805 769 σὺσίαν
1836 743 1909 768 πᾶσαν

1108 786 1249 823 ἐδήλωσας
1264 790 1317 816 τῶν
1335 790 1472 816 πετεινῶν·
1489 787 1532 815 ἐὰν
1554 786 1583 815 δὶ
1607 786 1695 824 εἶ’πῃς,
1718 789 1747 814 Ἦ
1774 785 1910 823 περιστερὰ,

1107 833 1124 867 ἡ
1139 833 1257 871 τρυγὼν,
1272 834 1290 868 ἡ
1306 831 1410 867 ἀηδὼν,
1421 833 1435 860 ὁ
1448 832 1532 867 ταὼς,
1547 832 1593 859 καὶ
1607 832 1622 859 ὁ
1636 831 1743 867 κύκνος,
1763 828 1819 857 ἰδοὺ
1839 831 1910 857 ταῦτα

1108 877 1265 909 ὑποστάσεις
1289 877 1367 906 εἰσιν.
1391 876 1427 905 Οὐ
1458 877 1539 914 μόνον
1565 875 1595 904 δὲ
1618 875 1661 903 ἐπὶ
1683 878 1738 903 τῶν
1754 876 1847 913 νοερῶν
1873 872 1911 900 καὶ

1106 921 1226 959 λογικῶν
1242 922 1288 949 καὶ
1304 922 1436 960 ἐμψύχων
1452 921 1565 958 ἁρμόζει
1580 921 1594 948 ὁ
1609 920 1689 952 αὐτὸς
1705 919 1757 948 τῶν
1782 918 1846 957 ὅρων
1868 928 1911 945 κα-

1105 966 1168 999 νὼν,
1184 966 1257 994 ἀλλὰ
1270 967 1314 994 καὶ
1340 965 1385 995 διὰ
1407 966 1495 1002 πάσης
1515 965 1624 1004 ἀψύχου
1647 965 1692 993 καὶ
1706 964 1860 999 ἀναισθήτου
1872 962 1910 989 καὶ

1106 1011 1235 1046 ἀκινήτου
1273 1009 1387 1050 φύσεως⁶
1426 1011 1482 1038 οἶόν
1519 1021 1545 1038 τι
1579 1010 1664 1048 λέγω,
1695 1009 1738 1037 ἐὰν
1765 1007 1850 1045 εἴπῃς,
1876 1006 1911 1034 δτι

1107 1056 1249 1091 Ἐποίησιν
1266 1056 1280 1083 ὁ
1294 1056 1358 1087 θεὸς
1370 1056 1401 1083 τὸ
1417 1058 1487 1095 φῶς,
1504 1054 1563 1083 ἰδοὺ
1578 1057 1663 1082 πᾶσαν
1689 1054 1739 1089 τήν
1763 1052 1847 1080 οὐσίαν
1868 1053 1913 1078 τῶν

1108 1102 1260 1139 φωστήρων
1276 1100 1422 1137 ἐσήμανας.
1440 1100 1514 1136 Αὕτη
1542 1099 1639 1128 λοιπὸν
1664 1100 1682 1134 ἡ
1709 1097 1786 1126 οὐσία
1804 1097 1916 1133 τὲμνεται

1109 1145 1147 1176 εἷς
1161 1145 1208 1176 τὰς
1232 1144 1388 1176 ὑποστάσεις
1418 1144 1511 1179 αὑτῆς·
1541 1144 1677 1182 μερίζεται
1703 1143 1754 1181 γὰρ
1778 1141 1815 1173 εἷς
1837 1140 1918 1175 ἥλιον,

1110 1189 1147 1220 εἷς
1162 1189 1280 1225 σελήνην
1296 1189 1340 1217 καὶ
1357 1189 1395 1220 εἱς
1411 1189 1534 1227 ἀστέρας,
1550 1188 1588 1220 εἷς
1605 1187 1738 1226 λύγνους,
1762 1187 1799 1217 εἷς
1823 1184 1921 1222 κηροὺς,

1109 1234 1154 1261 καὶ
1170 1234 1208 1265 εἷς
1223 1232 1295 1261 ἄλλα
1311 1233 1436 1273 διάφορα.
1462 1233 1582 1270 Ὁμοίως
1607 1232 1651 1260 καὶ
1679 1232 1724 1260 ἐπὶ
1746 1231 1858 1268 ἀνέμωψ
1885 1228 1921 1255 ἐὰν

1110 1277 1199 1315 εἴπῃς,
1230 1280 1340 1315 ΙΙνεῦμα
1364 1272 1454 1306 πᾶσαν
1478 1278 1528 1312 τὴν
1551 1277 1629 1317 φύσιν
1651 1279 1710 1305 τῶν
1743 1276 1843 1312 ἀνεμων
1873 1272 1924 1307 ἐσή-

1112 1333 1207 1360 μανας.
1224 1323 1256 1350 Ei’
1273 1321 1302 1351 δὲ
1317 1321 1406 1360 εἴπῃς,
1422 1322 1520 1359 Νότος,
1535 1323 1552 1357 ἢ
1572 1321 1687 1360 βορῥᾶς,
1713 1321 1731 1356 ἢ
1754 1317 1923 1358 εὐροκλύδων,

1111 1367 1188 1395 αὗται
1205 1367 1367 1398 ὑποστάσεις
1383 1367 1446 1395 εἶσι.
1462 1366 1548 1394 Πάλιν
1571 1366 1615 1393 ἐὰν
1639 1364 1731 1403 εἴπῃς,
1756 1364 1791 1391 Τὸ
1815 1360 1923 1400 δένδρον,

1112 1415 1198 1440 πᾶσαν
1212 1412 1261 1446 τήν
1285 1411 1376 1439 οὐσίαν
1400 1414 1454 1439 τῶν
1476 1409 1593 1448 δένδρων
1618 1409 1770 1447 ἑσήμαναςο
1795 1408 1817 1435 εί
1840 1406 1866 1434 δὶ
1890 1404 1923 1432 εἴ-

1111 1467 1176 1494 πῃς,
1192 1457 1224 1484 Ἣ
1240 1459 1320 1491 συκῆ,
1346 1457 1363 1491 ἡ
1386 1455 1482 1493 καρύα,
1507 1456 1524 1490 ἡ
1550 1454 1708 1490 κασταναία,
1734 1455 1753 1488 ἡ
1777 1449 1922 1489 ἀμυγδαλῆ.

1114 1501 1174 1538 μίαν
1192 1500 1336 1529 ὑπόστασιν
1351 1501 1426 1531 εἶπας
1440 1502 1494 1528 τῶν
1512 1498 1642 1536 δένδρων.
1671 1497 1758 1527 Πάλιν
1775 1497 1817 1525 ἐὰν
1841 1494 1922 1538 εἴπῃς,

1111 1535 1146 1573 ’Ϊὸ
1162 1544 1246 1583 ὕδωρ,
1270 1543 1339 1580 ὅλην
1363 1545 1413 1579 τὴν
1439 1544 1517 1583 φύσιν
1541 1535 1594 1571 τῶν
1622 1542 1729 1571 ὑδάτων
1744 1543 1829 1572 εἴπας·
1845 1539 1884 1567 εὰν
1900 1535 1924 1565 δῖ

1113 1589 1202 1628 εἴπῃς,
1216 1592 1245 1617 Ἦ
1258 1590 1389 1624 θάλασσα,
1406 1591 1423 1625 ἡ
1440 1588 1538 1626 λίμνη,
1553 1588 1585 1616 τὸ
1601 1589 1699 1628 φρέαρ,
1713 1589 1731 1622 ἡ
1761 1586 1848 1623 πηγὴ,
1872 1583 1924 1628 μῐᾳξ

229 1632 317 1664 Mare,
340 1630 489 1668 paludem,
516 1634 647 1667 puteum,
674 1631 801 1666 fontem,
825 1638 914 1658 unam
939 1633 1054 1658 tantum

1111 1626 1187 1666 εἶπας
1202 1633 1255 1662 τῶν
1283 1633 1386 1662 ὑδάτων
1416 1633 1572 1662 ὑπόστασιν.
1599 1626 1687 1660 Πάλιν
1717 1631 1760 1660 ἐὰν
1790 1629 1876 1667 εἴπῃς,
1901 1626 1926 1655 ’0

230 1684 373 1712 aquarum
398 1676 496 1704 dixisti
522 1676 713 1712 hypostasin.
741 1675 848 1703 Iterum
874 1675 899 1703 si
925 1674 1057 1703 Fluvium

230 1720 373 1752 nomines.
391 1720 494 1748 ﬂuvios
509 1729 611 1748 omnes
627 1720 746 1753 dixisti;
763 1720 808 1747 sin
824 1719 941 1753 dixeris,
954 1719 1061 1747 Maean-

229 1766 326 1798 drum,
344 1765 532 1800 Euphratem,
557 1764 666 1800 Nilum,
696 1767 760 1792 tum
787 1764 944 1792 ﬂuviorum
970 1772 1061 1792 unam

230 1810 401 1846 hypostasin
425 1809 543 1837 dixisti.
571 1809 602 1837 In
629 1809 752 1845 reliquis
776 1808 912 1837 similiter
940 1810 1043 1845 oporte

230 1855 329 1883 omnia
343 1855 528 1892 investigare,
542 1857 630 1891 atque
644 1855 782 1891 cogitare,
801 1855 1010 1888 internoscere,
1027 1861 1060 1881 ac

230 1900 406 1932 discernere,
440 1899 510 1936 quid
545 1900 585 1928 sit
618 1902 737 1934 natura,
772 1899 843 1935 quid
877 1899 1058 1935 hypostasis-

229 1945 339 1973 Natura
353 1945 460 1981 quippe
473 1944 555 1973 radix
569 1948 614 1973 est
629 1944 754 1980 fonsque
767 1952 864 1973 rerum
877 1953 883 1972 :
895 1943 1059 1980 hypostasis

230 1990 328 2017 autem
344 1997 412 2025 pars
427 1992 471 2017 est
486 1990 672 2017 naturae.ch
688 1989 798 2025 quippe
813 1991 884 2017 sunt
894 1987 1060 2017 necessaria

229 2033 266 2060 iis
281 2033 332 2069 qui
348 2034 515 2062 mundanas
528 2042 574 2062 res
589 2036 723 2062 accurate
740 2041 916 2070 cognoscere
929 2041 962 2061 ac
977 2041 1059 2061 scru-

229 2077 285 2104 tari
301 2077 413 2106 volunt.

267 2139 299 2166 ll.
317 2140 354 2167 De
375 2140 523 2175 voluntate,
539 2141 710 2176 proprietate
724 2141 749 2168 et
770 2140 936 2174 operatione,
953 2143 978 2167 el
991 2139 1024 2167 de

446 2176 552 2204 unione
566 2179 592 2204 et
607 2176 845 2204 consubstantiali.

266 2233 340 2264 Quid
356 2235 401 2260 est
414 2232 568 2260 voluntas?
582 2233 724 2260 Voluntas
741 2235 785 2260 est
808 2232 1000 2268 intelligentia
1026 2234 1059 2260 et

231 2277 382 2305 rationalis
398 2277 568 2305 substantia:
584 2277 740 2314 appetitus,
756 2277 791 2304 ad
807 2277 835 2304 id
850 2277 926 2312 quod
943 2285 1049 2304 concu-

1115 1680 1249 1716 ποταμὸς,
1264 1678 1328 1710 τοὺς
1355 1678 1495 1715 ποταμοὺς
1520 1677 1621 1709 πάντας
1646 1675 1770 1714 εἴρηκας·
1796 1675 1818 1703 εἰ
1846 1671 1872 1700 Si
1897 1669 1929 1698 εἴ·

1115 1734 1176 1761 πῃς,
1197 1724 1211 1751 ὁ
1241 1723 1387 1761 Μαίανρος,
1404 1724 1418 1751 ὁ
1445 1722 1586 1762 Εὐφράτης
1611 1722 1626 1749 ὁ
1657 1721 1772 1755 Νιῑλος,
1801 1719 1860 1746 τότε
1883 1717 1927 1743 τῶν

1115 1770 1247 1805 ποταμῶν
1264 1768 1341 1799 εἶπας
1358 1767 1419 1805 μίαν
1437 1767 1595 1796 ὑπόστασιν.
1618 1766 1670 1794 Καὶ
1699 1766 1726 1794 ὲν
1752 1767 1810 1796 τοῖς
1831 1762 1930 1805 λοιποῖς

1115 1803 1219 1850 ὁμοίως
1236 1812 1306 1840 οὕτω
1322 1803 1377 1850 χρῆ
1394 1811 1480 1840 πάντα
1495 1810 1644 1849 διερευνᾶν,
1666 1810 1713 1839 καὶ
1737 1810 1797 1841 καθ’
1820 1807 1847 1836 εν
1874 1803 1930 1850 τρᾶξ

1114 1848 1165 1885 πον
1205 1848 1356 1896 ἐγράφησαν
1394 1848 1557 1888 διανοεῖσθαι
1591 1855 1637 1883 καί
1667 1854 1867 1894 ἐπιγινώσκειν,

1115 1893 1257 1940 διακρίνειν
1273 1893 1299 1929 τί
1325 1901 1381 1929 ἐστι
1406 1901 1494 1940 φύσις,
1519 1900 1563 1928 καὶ
1588 1900 1613 1927 τί
1638 1899 1713 1928 ἐστιν
1741 1893 1931 1940 ὑπόστασις.ᾞ

1116 1947 1163 1984 μὶν
1178 1937 1230 1985 γὰρ
1246 1946 1323 1985 φύσις
1338 1937 1441 1980 ἐστὶντὴ
1463 1945 1524 1984 ῥίζα
1536 1945 1581 1972 καὶ
1597 1946 1614 1980 ἡ
1631 1945 1711 1983 πηγὴ
1737 1946 1791 1971 τῶν
1815 1937 1933 1980 πραγμά-

1113 1993 1177 2019 τῶνε
1245 1984 1274 2018 δὲ
1298 1990 1441 2018 ὑπόστασις
1473 1989 1553 2027 μέρος
1583 1989 1640 2018 ἐστὶ
1664 1993 1716 2024 τῆς
1747 1988 1859 2027 φύσεως.
1881 1984 1934 2012 Ἀν-

1114 2038 1211 2074 αγκαῖα
1234 2036 1286 2073 γὰρ
1310 2037 1394 2063 ταῦτα
1415 2037 1474 2066 τοῖς
1498 2034 1622 2067 θέλουσιν
1649 2031 1776 2072 ἀκριϐῶς
1801 2031 1835 2059 τὰ
1856 2029 1880 2057 ἐν
1900 2028 1935 2062 τῖν

1113 2080 1211 2117 κόσμῳ
1226 2079 1413 2118 ἐπιγινώσκειν
1426 2079 1471 2107 καὶ
1488 2079 1606 2117 ἓρευνᾷν.

1115 2144 1150 2172 [Ι.
1168 2142 1233 2180 Περὶ
1250 2141 1418 2185 θελήματρς,
1434 2141 1479 2185 καὶ
1503 2139 1666 2185 ἰδιώματος,
1682 2140 1731 2185 καὶ
1747 2137 1888 2177 ἐνεργείας,
1900 2133 1939 2162 καὶ

1319 2176 1382 2214 περὶ
1396 2177 1517 2208 ἐνώσεως
1534 2176 1579 2205 καὶ
1595 2176 1744 2213 ὁμουσίου.

1149 2230 1179 2258 Τί
1195 2230 1249 2259 ἔστι
1266 2230 1393 2268 θέλημας
1410 2229 1525 2266 Θὲλημά
1546 2229 1615 2258 ἐστιν
1645 2229 1746 2261 οὐσίας
1777 2229 1872 2266 νοιρᾶς
1898 2222 1937 2251 καὶ

1115 2275 1229 2312 λογικῆς
1245 2274 1333 2314 ἔφεσις
1350 2275 1417 2313 πρὸς
1431 2275 1461 2302 τὸ
1476 2274 1658 2311 καταθύμιον.
1690 2276 1747 2301 Πᾶν
1776 2273 1829 2310 γὰρ
1844 2268 1939 2314 νοερῆνι

233 2321 367 2357 piscitur.
385 2321 532 2358 Quidquid
549 2312 630 2350 enim
643 2321 788 2355 intelligit,
806 2321 902 2356 palam
918 2323 963 2349 est
980 2321 1055 2357 quod

1111 2312 1270 2357 πρόδηλον,
1289 2318 1331 2346 ὅτι
1354 2319 1399 2346 καὶ
1429 2318 1572 2353 θελητικὸν
1599 2317 1737 2356 ὑπάρχει·
1762 2315 1872 2352 θέλημα
1893 2312 1938 2351 γὰρ

232 2366 319 2394 etiam
336 2366 495 2394 voluntatis
516 2366 555 2394 sit
580 2374 671 2402 capax
689 2374 694 2393 :
713 2363 798 2400 θέληα
824 2365 913 2398 enim,
939 2374 990 2393 seu
1014 2373 1061 2393 vo-

231 2410 341 2445 luntas,
364 2410 432 2437 κατά
460 2410 490 2437 τὸ
507 2410 573 2442 θέειν
590 2409 802 2446 Mav,sciliceta
816 2409 900 2438 valde
916 2409 1059 2437 currendo

230 2455 339 2483 dicitur
358 2464 364 2482 ε
382 2455 437 2488 vel,
454 2455 545 2492 optati
561 2455 726 2491 assumptio
742 2463 792 2482 seu
809 2454 973 2489 occupatio.
997 2453 1061 2480 Tri-

229 2499 344 2536 pliciter
368 2503 468 2527 autem
485 2500 623 2527 voluntas
639 2499 842 2527 consideratur
858 2507 864 2527 :
882 2498 990 2533 divina,
1007 2506 1059 2526 an-

230 2545 323 2581 gelica
338 2548 367 2573 et
381 2545 502 2580 animm;
531 2544 773 2581 quandoquidem
796 2543 841 2571 hae
864 2545 923 2571 tres
947 2545 1058 2571 naturas

230 2593 358 2623 tantum,
374 2590 533 2619 voluntatis
549 2593 620 2619 sunt
634 2598 765 2626 capaces.
782 2588 947 2625 Triplicitcr
960 2590 1058 2617 autem

230 2638 257 2662 et
268 2635 296 2662 in
309 2635 462 2671 Scriptura
473 2635 654 2662 voluntatem
667 2634 834 2662 invenimus
845 2633 979 2670 usurpari
995 2633 1057 2660 :di-

230 2679 511 2714 viuam,naturalem
528 2679 571 2707 vel
587 2678 813 2711 mediam,tertio
827 2677 983 2713 carnalem,
994 2685 1057 2713 quze

231 2724 405 2752 diabolicam
423 2724 578 2759 significat.
597 2724 739 2751 Voluntas
757 2723 865 2756 divina,
882 2725 951 2750 sunt
974 2730 1057 2750 man-

233 2769 300 2797 data
316 2768 374 2795 Dei.
394 2768 537 2795 Voluntas
554 2768 706 2801 naturalis,
731 2771 774 2795 est
798 2768 927 2803 operatio
953 2766 1056 2794 divinis

234 2814 401 2841 voluntatis.
419 2812 551 2840 Carnalis
566 2822 631 2841 vero
648 2813 792 2848 voluntas,
808 2814 852 2840 est
864 2811 936 2848 legis
952 2811 1055 2839 divinas

233 2858 436 2893 transgressio.
453 2856 569 2893 Triplex
586 2858 642 2886 ista
655 2857 790 2886 voluntas
804 2858 849 2885 est
872 2856 902 2885 in
926 2855 1055 2885 homins.

1115 2363 1233 2402 λέγεται,
1250 2364 1363 2391 κατὰτὸ
1378 2363 1445 2395 θᾶειν
1471 2363 1543 2398 λίαν,
1568 2363 1586 2397 ἢ
1609 2365 1662 2390 τοῦ
1688 2362 1811 2398 θελητοῦ
1837 2359 1940 2395 λῆμμα,

1114 2409 1131 2443 ἢ
1158 2409 1195 2440 ὡς
1210 2408 1347 2446 κράτημα.
1363 2410 1472 2446 Τριχῶς
1489 2406 1518 2435 δὶ
1533 2409 1677 2445 θεωρεῖται
1692 2407 1727 2435 τὸ
1749 2405 1869 2442 θέλημα,
1891 2403 1939 2429 θεῖ-

1113 2453 1169 2488 κὸν,
1193 2452 1352 2491 ἀγγελικὸν,
1376 2452 1421 2480 καὶ
1445 2451 1573 2490 ψυχικόν·
1600 2451 1701 2487 ἐπειδή
1727 2452 1809 2479 αὗται
1833 2449 1861 2477 αἱ
1874 2448 1940 2485 τρεῖς

1114 2498 1205 2537 φύσεις
1237 2497 1316 2533 μόναι
1347 2496 1399 2524 εἶσῖ
1423 2494 1575 2531 θελητικαί.
1604 2498 1722 2534 Τριχῶς
1752 2494 1783 2523 δὲ
1805 2494 1850 2522 καὶ
1874 2491 1942 2537 ivit

1113 2535 1206 2582 Γραφῇ
1229 2541 1388 2579 εὑρίσκομεν
1411 2541 1442 2568 τὸ
1468 2540 1577 2577 θέλημα
1600 2539 1769 2578 λεγόμενον,
1795 2538 1899 2582 θεϊνιὸν,Δ
1917 2535 1944 2562 τὸ

1113 2580 1222 2626 φυσικὸν
1252 2587 1269 2621 ἢ
1295 2587 1326 2614 τὸ
1352 2585 1446 2622 μέσον,
1472 2585 1518 2613 καὶ
1542 2585 1634 2622 τρίτον
1667 2586 1700 2613 τὸ
1727 2583 1869 2622 σαρκικὸν,
1884 2580 1943 2616 ὅπερ

1113 2631 1238 2668 σημαίνει
1253 2630 1284 2658 τὸ
1301 2627 1471 2658 διαϐολικόν.
1489 2628 1603 2666 Θὲλημα
1618 2629 1696 2657 θεῖόν
1724 2629 1782 2657 ἐστι
1811 2628 1846 2656 τὰ
1867 2635 1946 2663 προσ-

1110 2677 1235 2714 τάγματα
1250 2678 1297 2703 τοῦ
1309 2677 1387 2704 Θεοῦ.
1411 2675 1525 2711 Θὲλημα
1549 2673 1577 2702 δε
1601 2675 1722 2713 φυσικὸν
1742 2676 1761 2709 ἡ
1779 2672 1890 2711 ἐργασία
1901 2671 1945 2697 τοῦ

1113 2723 1179 2748 Θεοῦ
1194 2720 1362 2756 Θελήματος.
1379 2718 1494 2756 Θέλημι
1510 2718 1539 2747 δὲ
1554 2719 1686 2756 σαρκικὸν
1703 2720 1722 2755 ἡ
1748 2717 1877 2757 παρακοὴ
1899 2716 1943 2743 τοῦ

1111 2764 1184 2796 θείου
1203 2765 1302 2801 νόμου.
1324 2766 1413 2793 Ταῦτα
1440 2765 1474 2792 τὰ
1497 2764 1560 2803 τρία
1585 2763 1739 2801 θελήματά
1763 2764 1832 2791 εἶσιν
1859 2762 1885 2789 ἐν
1904 2761 1942 2795 τῷ

1111 2809 1255 2846 ἀνθρώπῳ.
1272 2810 1348 2838 Ἐστι
1365 2808 1393 2837 δὶ
1407 2809 1452 2837 καὶ
1468 2808 1558 2848 ἕτερον
1583 2808 1698 2846 θέλημα
1721 2808 1849 2848 φυσικὸν,
1878 2804 1939 2842 ὅπερ

1111 2853 1216 2893 λέγεται
1243 2854 1333 2883 κοινὸν
1361 2856 1441 2884 πᾶσιν
1463 2854 1630 2893 ἀνθρώποις.
1656 2855 1748 2883 Τοῦτο
1774 2852 1805 2882 δέ
1833 2851 1887 2881 ἐστι
1911 2848 1940 2877 τὸ
