4072 6210
450 349 565 407 543

1623 346 1687 406 S.
1736 343 2256 406 ATHANASIUS.
2282 376 2360 387 --
2385 343 2697 408 SPURIA.

3714 352 3816 411 5M

451 479 680 551 accipit,
714 483 772 535 et
808 495 1035 535 vermes
1082 479 1276 535 baccis
1325 480 1449 535 suis
1498 478 1809 535 interfecit.
1862 477 2102 550 Oportet

2225 468 2492 549 ἰσϐεστος,
2551 476 2640 532 καὶ
2698 480 2990 548 καυστικὴν
3042 479 3307 555 ἐνέργειαν
3352 481 3615 549 κέκτηται.
3667 479 3814 551 Καὶὴ

453 568 651 641 igitur,
682 573 747 623 ut
774 567 884 624 viri
916 568 1253 639 prudentes,
1288 567 1709 640 appellationes
1740 582 1936 623 rerum
1968 582 2103 621 con-

455 656 731 727 siderent,
764 663 821 712 et
852 657 1196 727 dijudicent,
1218 674 1329 727 quo
1362 656 1792 729 deprehendere
1824 655 2103 728 posssint,

456 747 747 819 quomodo
780 745 975 816 plures
1005 746 1199 802 omnis
1227 746 1460 818 generis
1490 745 1832 802 substantiae
1862 760 2106 802 suarum

454 833 751 890 actionum
783 834 1045 897 nomina,
1080 835 1176 889 sed
1210 852 1325 889 non
1360 836 1657 890 naturales
1688 833 2107 907 appellationes

456 923 881 993 habeant,quas
913 939 981 977 ex
1015 922 1264 994 pr0priis
1295 924 1626 979 actionibus
1647 923 2104 996 acquisiverunt,

455 1012 790 1083 habentque
822 1015 877 1067 et
908 1012 1040 1067 inde
1072 1012 1367 1068 dicuntur.
1394 1014 1643 1083 Etenim,
1668 1019 1732 1068 ut
1761 1017 1930 1068 antea
1960 1012 2105 1067 dixi-

457 1118 610 1167 mus,
643 1102 798 1157 sicut
823 1100 1039 1156 dicitur
1070 1105 1221 1157 Deus
1247 1100 1352 1156 ἀπὸ
1381 1105 1477 1156 τοῦ
1528 1106 1748 1175 θεωρεῖν
1799 1102 1865 1155 τὰ
1912 1099 2105 1169 πάντα,

456 1191 517 1245 id
550 1196 657 1258 est,
693 1192 764 1246 ab
797 1207 861 1246 eo
895 1192 1049 1261 quod
1082 1190 1511 1264 contemplatur
1539 1192 1757 1257 omnia,
1781 1197 1838 1248 et
1866 1190 2109 1263 angelus

460 1282 529 1335 ab
563 1279 828 1351 angelica
857 1281 1189 1351 operatione
1220 1286 1276 1336 et
1328 1281 1777 1345 ministrationc,
1829 1286 1886 1337 et
1932 1282 2108 1337 homo

462 1368 567 1422 ἀπὸ
597 1373 692 1422 τοῦ
717 1368 827 1422 ἄνω
856 1371 1075 1443 θεωρεῖν
1116 1368 1207 1422 τὸν
1259 1370 1401 1439 ὦπα,
1452 1370 1509 1426 id
1560 1375 1671 1442 est,
1717 1371 1789 1427 ab
1837 1388 1903 1427 eo
1950 1371 2109 1442 quod

459 1456 625 1513 vultu
659 1474 914 1529 superna
944 1458 1213 1529 suspicit,
1258 1460 1340 1514 ita
1386 1464 1443 1515 et
1490 1459 1549 1515 in
1596 1459 1837 1532 reliquis
1884 1476 1898 1514 :
1949 1459 2109 1532 virgo

458 1563 737 1618 namque,
753 1544 1089 1619 παρθένος,ο.
1120 1548 1527 1605 mortificanda
1556 1549 1749 1605 carnis
1780 1547 2108 1604 inﬂamma-

460 1635 615 1691 tione
664 1635 880 1691 dicitur
930 1653 942 1690 ζ
995 1634 1301 1710 περιστερά,
1351 1637 1409 1692 id
1454 1643 1544 1693 est
1589 1637 1884 1704 columba,
1932 1638 2004 1693 ob
2052 1637 2111 1691 id

458 1729 721 1792 vocatur,
772 1722 853 1777 ὅτι
896 1721 1111 1778 πέτεται
1166 1724 1422 1801 στερρῶς,
1456 1728 1513 1781 id
1545 1734 1653 1793 est,
1686 1727 1840 1798 quod
1876 1727 2111 1782 tirmum

456 1813 670 1869 habeat
702 1813 959 1870 volatum
994 1832 1006 1870 :
1042 1819 1097 1870 et
1122 1811 1342 1891 ἔλαφος,
1368 1815 1427 1871 id
1458 1821 1549 1873 est
1586 1832 1809 1887 cervus,
1860 1813 1966 1869 ἀπὸ
2012 1818 2109 1869 τοῦ

456 1898 598 1956 ἑλεῖν
651 1900 778 1963 τοὺς
830 1896 999 1979 ὄφεις,
1049 1902 1106 1958 id
1152 1910 1240 1959 est
1287 1905 1360 1960 ab
1390 1921 1455 1961 eo
1487 1906 1643 1977 quod
1674 1908 1973 1976 serpentes
1996 1903 2105 1961 tol-

453 1991 524 2047 lit
558 2009 571 2047 :
606 1988 869 2065 χελιδών,
903 1991 960 2047 id
992 1997 1081 2049 est
1110 1992 1383 2064 hirundo,
1412 1990 1502 2046 διὰ
1528 1993 1590 2048 τὸ
1615 1993 1683 2047 τὰ
1709 1992 1876 2068 χείλη
1909 1990 2105 2063 δονεῖν,

456 2081 514 2137 id
548 2090 635 2137 est
667 2086 972 2153 propterea
1002 2083 1157 2154 quod
1188 2082 1497 2154 garriendo
1527 2083 1682 2139 labia
1712 2088 1938 2139 movet:
1964 2079 2106 2159 ὄφις,

460 2186 726 2242 serpens,
757 2169 1030 2224 τουτέστιν
1059 2176 1087 2222 ο
1119 2170 1244 2247 φάς,
1274 2171 1331 2227 id
1364 2177 1455 2227 est
1485 2172 1587 2245 qui
1615 2171 1896 2244 loquitur,
1946 2173 2107 2229 vide-

458 2258 612 2328 licet,
644 2260 803 2331 quod
835 2258 975 2315 olim
1008 2260 1131 2317 Eva)
1162 2261 1395 2318 locutus
1424 2261 1536 2320 sit:
1565 2257 1783 2336 δορκάς,
1806 2262 1865 2317 id
1896 2264 1985 2318 est
2014 2277 2108 2317 ca-

459 2363 617 2421 prea,
665 2345 724 2401 ἐκ
768 2350 866 2401 τοῦ
917 2345 1080 2417 ὀξέως
1135 2345 1383 2423 δὲρκειν,
1432 2350 1490 2405 id
1540 2355 1665 2418 est,
1716 2350 1788 2406 ab
1842 2350 2112 2407 acumine

456 2437 621 2492 visus
654 2454 666 2493 :
697 2434 934 2510 τρυγών,
968 2438 1025 2492 id
1056 2442 1146 2493 est
1172 2442 1384 2509 turtur,
1418 2439 1454 2507 ἡ
1484 2441 1726 2513 τηροῦσα
1769 2438 1868 2506 τὴν
1919 2439 2108 2512 γονὴν,

458 2521 583 2593 ἤτοι
634 2526 696 2579 τὸ
728 2524 926 2579 οἰκεῖον
960 2525 1142 2599 γένος,
1175 2528 1232 2583 id
1263 2534 1352 2584 est
1383 2545 1622 2584 servans
1654 2529 1919 2600 stirpem,
1950 2528 2112 2584 vide-

459 2615 598 2671 licet
630 2616 776 2671 197
818 2617 1120 2688 proprium
1160 2633 1347 2688 genus
1385 2635 1397 2673 :
1432 2613 1638 2687 ἀηδών,
1687 2618 1744 2673 id
1792 2622 1881 2673 est
1928 2617 2111 2674 lusci-

462 2705 583 2775 nia,
629 2700 717 2757 διὰ
739 2704 801 2757 τὸ
831 2702 914 2757 ἀεὶ
946 2698 1111 2774 ᾅδειν,
1144 2704 1283 2776 quia
1313 2722 1545 2778 semper
1574 2706 1749 2777 canit,
1778 2723 1914 2763 cum
1944 2710 2111 2763 uasta-

460 2798 537 2864 te,
570 2798 697 2849 tum
729 2793 923 2850 hieme
957 2810 970 2849 :
1003 2792 1135 2867 γύψ,
1162 2794 1222 2850 id
1253 2799 1343 2850 est
1370 2795 1587 2866 vultur,
1628 2794 1717 2848 διὰ
1764 2794 1828 2849 τὸ
1868 2793 2110 2869 γυρεύειν

460 2880 596 2955 ὕψη,
632 2889 864 2955 propter
894 2883 1212 2939 sublimem
1243 2884 1303 2939 in
1334 2901 1543 2957 gyrum
1587 2885 1844 2941 volatum
1877 2902 1890 2942 :
1925 2900 2115 2956 equus

464 2972 619 3042 quod
647 2971 895 3043 pedibus
924 2972 1147 3044 equitet
1180 2989 1193 3029 :
1223 2970 1399 3041 ἀετός,
1433 2973 1490 3028 id
1521 2978 1611 3030 est
1648 2974 1868 3047 aquila,
1918 2969 2008 3027 διὰ
2052 2972 2115 3027 τὸ

461 3056 733 3125 πολλάκις
785 3058 1235 3133 ἀνακαινίζεσθαι,
1288 3060 1376 3115 καὶ
1425 3059 1610 3117 πολλὰ
1639 3058 1731 3132 ἔτη
1763 3065 1879 3135 ζῇν,
1910 3063 1968 3119 id
2003 3066 2114 3135 est,

463 3153 771 3219 prOpterea
800 3151 955 3221 quod
988 3166 1392 3223 saepenumero
1424 3156 1751 3223 renovatur,
1783 3168 1850 3208 ac
1898 3150 2115 3208 multos

463 3253 650 3292 annos
702 3237 840 3293 vivit

2214 560 2402 639 κέδρος
2462 565 2669 639 ὁμοίως
2730 573 2991 642 στερεῖται
3055 569 3149 641 μὲν
3208 571 3305 633 τῆς
3368 567 3652 643 βλαστικῆς
3696 566 3816 645 ίνερ-

2213 652 2380 729 γείας.
2414 653 2501 709 καὶ
2555 653 2848 728 ίαματικήν
2895 657 3176 728 κέκτηται,
3233 657 3568 731 ἀναιρετικὴν
3622 658 3820 714 ποιοῦσα

2214 747 2319 797 τῶν
2355 742 2657 815 σκωλήκων
2685 747 2783 814 τὴν
2816 743 3050 823 κεδρίαν.
3091 751 3181 802 Δεῖ
3234 746 3323 801 οὑν
3382 744 3512 809 τοὺς
3558 746 3821 825 ἐχὲφρονας

2214 829 2308 893 τὰς
2339 836 2445 885 τῶν
2479 827 2648 888 ὄντῶν
2691 834 3056 912 προσηγορίας
3106 841 3349 908 σκοπεῖν,
3399 836 3487 889 καὶ
3536 834 3821 911 ἀνακρίνειν,

2217 918 2289 980 ὡς
2322 920 2378 973 ἂν
2432 918 2675 977 δύναιντο
2728 923 2924 999 εὑρεῖν,
2974 923 3142 986 πόσας
3190 923 3413 986 πλείους
3456 924 3656 995 ἀπλσης
3686 924 3825 1001 ὑπάρ-

2216 1009 2345 1080 ξεως
2374 1009 2743 1087 προσηγορίας
2778 1010 3145 1088 ἐνεργητικὰς,
3175 1011 3302 1068 ἀλλ’
3348 1012 3409 1067 οὐ
3460 1013 3679 1089 φυσικὰς
3726 1013 3825 1067 ὀνο-

2217 1096 2412 1169 μασίας
2472 1097 2715 1175 ἔχουσιν,
2746 1100 2805 1156 ἐκ
2848 1106 2955 1156 τῶν
3008 1099 3156 1156 ἰδίων
3209 1101 3487 1178 ἐνεργειῶν
3532 1102 3713 1164 ταύτας
3744 1100 3821 1157 λα-

2218 1180 2407 1241 ϐοῦσαι
2440 1188 2529 1244 καὶ
2562 1185 2785 1266 ἔχουσαι
2816 1190 2906 1245 καὶ
2939 1189 3250 1266 λεγόμεναι.
3286 1191 3384 1246 Καὶ
3431 1193 3554 1267 γὰρ,
3601 1192 3670 1253 ὡς
3721 1211 3830 1259 προ·

2218 1272 2530 1351 ειρῆκαμεν,
2562 1280 2741 1342 καθὼς
2787 1279 3113 1353 ὀνομάζεται
3171 1280 3299 1342 Θεὸς
3362 1280 3467 1335 ἀπὸ
3505 1284 3597 1335 τοῦ
3643 1281 3831 1353 θεωρεῖν

2215 1363 2281 1420 τὰ
2310 1366 2502 1436 πάντα,
2561 1368 2648 1423 καὶ
2706 1366 2944 1444 ἄγγελος
2993 1369 3053 1424 ἐκ
3094 1376 3192 1439 τῆς
3240 1368 3530 1445 ἀγγελικῆς
3560 1368 3711 1424 αὑτοῦ
3760 1366 3829 1422 ἑν-

2218 1452 2421 1530 εργείας
2450 1458 2538 1510 καὶ
2596 1453 2891 1529 διακονίας,
2949 1458 3038 1513 καὶ
3097 1456 3379 1533 ἄνθρωπος
3440 1458 3544 1512 ἄπὸ
3598 1461 3687 1511 τοῦ
3734 1454 3829 1511 ἄνω

2220 1543 2439 1619 θεωρεῖν
2491 1546 2580 1600 τὸν
2626 1547 2769 1601 ὦπα·
2821 1545 2965 1601 οὕτω
3013 1547 3107 1601 κάν
3166 1551 3283 1609 τοῖς
3316 1546 3558 1608 λοιποῖςο
3615 1544 3697 1600 καὶ
3748 1545 3833 1619 γὰρ

2218 1632 2480 1708 παρθένος
2529 1632 2766 1711 λέγεται,
2815 1633 2904 1690 διὰ
2950 1636 3012 1691 τὸ
3044 1637 3302 1691 θανατοῦν
3334 1637 3431 1705 τὴν
3467 1634 3695 1710 πύρωσιν
3748 1637 3834 1697 τῆς

2219 1722 2433 1798 σαρκός⁶
2486 1724 2576 1778 καὶ
2626 1729 2914 1800 περιστερά
2962 1722 3051 1780 διὰ
3099 1728 3260 1780 τοῦτο
3314 1725 3554 1800 λέγεται,
3600 1721 3677 1778 ὅτι
3705 1723 3836 1777 πέτε-

2140 1847 2188 1913 B
2218 1831 2305 1866 ται
2364 1811 2618 1889 περῤὦς³
2679 1814 2767 1869 καὶ
2827 1812 3030 1893 ἔλαφος
3078 1812 3166 1870 διὰ
3213 1814 3277 1869 τὸ
3327 1814 3467 1871 ἑλεῖν
3517 1812 3641 1887 τοὺς
3687 1808 3834 1888 ὅφεις·

2215 1899 2476 1975 χελιδὼν,
2529 1899 2619 1956 διὰ
2661 1902 2726 1957 τὸ
2772 1902 2837 1958 τὰ
2867 1903 3028 1978 χείλη
3065 1901 3235 1959 δονεῖν
3269 1903 3322 1958 ἐν
3354 1907 3434 1975 τῷ
3470 1902 3684 1958 λαλεῖν·
3710 1899 3837 1978 ὄφις,

2213 1992 2489 2047 τουτέστιν
2526 1993 2553 2046 6
2584 1992 2685 2068 φὰς
2716 1989 2840 2061 ἤτοι
2891 1994 2919 2046 ὸ
2953 1991 3197 2063 λαλήσας
3239 1993 3377 2064 πρὸς
3409 1993 3508 2061 τήν
3541 1989 3677 2048 Εὕαν
3706 1987 3838 2043 ποτὲ·

2217 2077 2437 2157 δορκὰς,
2498 2079 2558 2136 ἐκ
2620 2084 2716 2136 τοῦ
2766 2080 2929 2152 ὀξέως
2987 2079 3216 2158 δὲρκειν,
3264 2081 3299 2151 ἢ
3349 2081 3425 2143 ὡς
3472 2080 3625 2155 ὁρᾷν·
3656 2077 3839 2154 τρυγὼν

2220 2170 2253 2239 ἠ
2292 2173 2539 2243 τηροῦσα
2564 2170 2664 2238 τήν
2692 2170 2879 2246 γονὴν,
2910 2170 3033 2239 ἤτοι
3063 2170 3125 2225 τὸ
3173 2168 3373 2225 οἰκεῖον
3417 2169 3601 2245 γένος’
3662 2163 3841 2236 ἀηδὼν,

2221 2255 2393 2313 διὰτὸ
2449 2259 2530 2313 ἀεὶ
2575 2254 2742 2329 ᾇδειν,
2792 2258 2880 2313 καὶ
2928 2258 2979 2313 ἐν
3023 2259 3187 2334 θέρει,
3232 2257 3320 2313 καὶ
3369 2256 3420 2313 ἐν
3449 2260 3705 2333 χειμῶνι·
3733 2255 3842 2329 γὺψ,

2220 2344 2308 2401 διὰ
2361 2348 2430 2415 τὴ
2490 2346 2734 2422 γυρεύειν
2792 2346 2923 2421 ὕψη·
2967 2344 3157 2417 ἵππος,
3207 2347 3267 2402 ἐκ
3311 2350 3409 2402 τοῦ
3443 2345 3705 2409 ίππᾶσθαι
3747 2345 3847 2400 τοῖς

2219 2433 2395 2490 ποσίνο
2429 2435 2578 2497 ἀετὸς
2610 2434 2833 2507 ἀείετος,
2883 2432 2971 2490 διᾶ
3015 2435 3079 2490 τὸ
3128 2433 3407 2497 πολλάκις
3436 2431 3845 2501 ἀνακαινίζεσθαι

2220 2524 2310 2580 καὶ
2339 2521 2524 2580 πολλᾶ
2553 2523 2693 2598 (ἔτη)
2729 2528 2846 2598 ζῆν’
2892 2524 3157 2595 πετεινὸν,
3208 2523 3272 2579 τὸ
3318 2525 3417 2593 τήν
3468 2525 3707 2597 πτέρυγα
3752 2515 3844 2573 τείο

2220 2632 2333 2669 νον·
2386 2615 2655 2687 ποταμὸς,
2704 2614 2778 2675 ὡς
2828 2612 3063 2685 πότιμον
3115 2608 3259 2688 ἔχων
3307 2612 3601 2688 ἒνὲργειαν·
3631 2605 3843 2685 χείμαρ-

2224 2703 2338 2780 ῥος,
2398 2701 2480 2757 δτι
2540 2701 2590 2756 ἐν
2647 2706 2883 2779 χειμῶνι
2935 2702 3036 2778 ῥεῖ⁸
3092 2701 3271 2777 φύσις,
3322 2700 3383 2755 ἐκ
3429 2706 3533 2755 τοῦ
3584 2698 3727 2778 φύειν
3768 2695 3851 2753 τὰς

2225 2792 2563 2853 ὑποστάσεις·
2620 2792 2864 2867 βοτάνη,
2922 2787 3011 2846 διὰ
3066 2790 3130 2845 τὸ
3191 2787 3428 2866 βαδίζειν
3487 2790 3629 2845 ἄνω⁶
3692 2783 3850 2857 ὥσπερ

2222 2884 2313 2937 καὶ
2345 2883 2374 2937 6
2407 2880 2709 2959 ἄνθρωπος,
2741 2880 2801 2936 ἐκ
2827 2885 2924 2937 τοῦ
2956 2880 3067 2936 ἅνω
3113 2885 3357 2957 θεωρεῖν,
3411 2881 3446 2949 ἧ
3499 2879 3578 2942 ὡς
3637 2875 3855 2953 βλέπειν,

2224 2971 2312 3027 καὶ
2343 2974 2377 3041 ἡ
2411 2972 2565 3046 ψυχὴ
2599 2967 2657 3025 δὲ
2686 2970 2745 3025 ἐκ
2770 2977 2871 3040 τῆς
2905 2969 3107 3032 οίκείας
3153 2968 3420 3046 ἐνεργείας
3466 2966 3587 3044 ἔχει
3632 2965 3726 3033 τὴν
3769 2966 3855 3029 τῆς

2224 3063 2411 3136 ψυχῆς
2463 3059 2856 3137 προσηγορίαν·
2886 3057 3082 3134 ψύχειν
3135 3058 3239 3134 γὰρ
3285 3059 3349 3114 τὸ
3402 3059 3687 3127 ζωοποιεῖν
3732 3048 3864 3137 λέγε-

2228 3135 2339 3204 ταιέ
2383 3148 2473 3203 διὰ
2511 3135 2683 3204 τοῦτο
2732 3147 2790 3203 ἐκ
2840 3154 2938 3218 τῆς
2990 3151 3263 3216 ζωοποιοῦ
3307 3147 3578 3223 ἐνεργείας
3609 3141 3754 3217 ψυχὴ
3784 3135 3865 3191 λε·

892 3254 905 3293 :
956 3218 1222 3309 πετεινόν,
1252 3239 1311 3295 id
1342 3242 1432 3297 est
1459 3218 1747 3309 volueris,
1767 3238 1831 3294 τὸ
1859 3239 1958 3308 τήν
1987 3237 2118 3295 πτέ-
2148 3218 2193 3291 C
2231 3258 2405 3314 γεται,
2467 3234 2557 3292 διὰ
2610 3237 2673 3293 τὸ
2725 3242 2884 3311 σῶμα
2935 3240 3244 3306 ζωοποιεῖν·
3297 3235 3386 3291 καὶ
3432 3230 3594 3311 ἕτερα
3638 3229 3693 3287 δὲ
3724 3224 3867 3301 μυρία

464 3343 602 3399 ρυγα
628 3329 822 3393 τεῖνον,
856 3327 1010 3398 quod
1043 3327 1196 3383 alam
1228 3330 1502 3385 extendat
1547 3345 1561 3386 :
1611 3328 1878 3402 ποταμός,
1927 3329 1985 3385 id
2034 3335 2114 3387 est

2231 3327 2398 3402 ἓστὶν,
2434 3328 2466 3384 ἃ
2512 3329 2798 3404 παρίεμεν,
2824 3327 2916 3383 ⁴’ἶνα
2949 3330 3025 3401 μὴ
3077 3326 3324 3404 λέγωμεν
3384 3328 3562 3382 πάντα
3607 3320 3735 3379 κατᾶ
3784 3316 3864 3377 τὰς

465 3414 701 3483 ﬂuvius,
734 3414 807 3476 ὡς
837 3408 1070 3487 πότιμον
1096 3411 1237 3491 ἔχων
1271 3416 1562 3493 ἐνέργειαν,
1595 3418 1653 3473 id
1685 3423 1794 3487 est,
1844 3423 2123 3490 tanquam

2235 3418 2437 3481 οίκείας
2469 3416 2862 3494 προσηγορίας.

465 3502 781 3575 potabilem
817 3504 1041 3561 habens
1070 3507 1370 3578 energiam
1406 3524 1418 3562 :
1454 3504 1780 3582 χείμαρρος,
1808 3507 1866 3563 id
1898 3513 1988 3564 est
2022 3513 2112 3566 tor

2225 3526 2271 3581 ε,
2303 3508 2386 3562 ὅτι
2418 3506 2470 3562 ἐν
2504 3511 2737 3582 χειμῶνι
2782 3506 2886 3583 ῥεῖ,
2938 3508 3094 3579 quod
3140 3506 3331 3562 blame
3375 3505 3522 3561 ﬂuat
3554 3520 3567 3559 :
3602 3498 3773 3579 φύσις,
3817 3495 3867 3551 id

464 3597 553 3647 est
601 3599 833 3659 natura,
884 3591 944 3648 ἐκ
981 3597 1078 3648 τοῦ
1124 3594 1273 3672 φύειν
1304 3594 1400 3657 τὰς
1437 3595 1771 3665 ὑποστάσεις,
1805 3598 1961 3669 quod
1994 3598 2112 3671 hyp

2225 3614 2344 3654 sses
2376 3598 2701 3671 producat:
2740 3596 2963 3671 βοράνη,
2996 3596 3054 3652 id
3085 3600 3175 3652 est
3202 3595 3404 3659 herba,
3438 3589 3530 3647 διὰ
3557 3590 3620 3646 τὸ
3655 3584 3866 3664 βαδίζειν

467 3680 599 3752 ἄνω,
631 3698 697 3737 eo
732 3685 885 3754 quod
916 3702 1154 3741 sursum
1189 3687 1410 3752 tendat,
1443 3687 1945 3757 quemadmodum
1975 3692 2033 3743 et
2062 3684 2114 3741 ἄν

2225 3706 2367 3753 ›πος,
2399 3686 2457 3742 id
2489 3690 2579 3742 est
2607 3685 2804 3753 homo,
2837 3682 2896 3739 ἐκ
2924 3687 3019 3738 τοῦ
3051 3682 3161 3737 ἂνω
3196 3686 3438 3756 θεωρεῖν,
3468 3699 3537 3738 eo
3570 3679 3721 3751 quod
3750 3688 3869 3763 sur-

467 3788 601 3828 sum
632 3773 901 3845 respiciat
934 3792 946 3830 :
979 3775 1157 3849 ψυχή,
1191 3774 1248 3829 id
1275 3780 1364 3831 est
1394 3776 1611 3842 anima,
1644 3792 1714 3832 ex
1743 3776 1977 3848 propria
2007 3777 2060 3832 vi
2090 3762 2199 3833 hoc
2228 3775 2487 3832 nominis
2519 3774 2715 3831 habet.
2749 3774 2895 3829 Nam
2925 3772 3147 3847 ψύχειν,
3179 3773 3336 3828 idem
3368 3776 3457 3827 est
3497 3770 3655 3844 quod
3705 3762 3869 3821 viviﬁ-

467 3877 598 3916 care

650 3878 662 3918 :
713 3862 843 3919 ideo
894 3864 1114 3933 anima,
1165 3881 1234 3921 ex
1281 3864 1613 3922 viviﬁcandi
1658 3864 1957 3937 facultate,
1988 3864 2143 3939 ψυχὴ
2179 3865 2416 3931 dicitur,
2457 3880 2670 3936 corpus
2717 3862 2875 3920 enim
2906 3862 3175 3919 viviﬁcal.
3209 3862 3359 3917 Sunt
3387 3863 3445 3916 et
3472 3859 3594 3917 alia
3623 3855 3874 3915 sexcenta

469 3966 595 4021 quae
629 3950 782 4008 ultro
812 3954 1335 4025 prastermittimus,
1368 3971 1440 4011 ne
1469 3954 1668 4011 omnia
1697 3953 1822 4011 suis
1852 3954 2190 4013 nominibus
2221 3968 2937 4011 commemoremoremus.

1075 4073 1143 4127 V.
1181 4078 1258 4129 De
1290 4076 1514 4130 unione.

542 4158 690 4221 Quid
722 4163 810 4215 est
840 4160 998 4229 unio,
1031 4166 1089 4217 et
1125 4167 1267 4231 quot
1297 4163 1487 4217 modis
1535 4161 1929 4233 intelligitur?
1979 4161 2122 4219 Unio

473 4252 563 4301 est
612 4247 956 4303 distantium
1001 4267 1197 4305 rerum
1228 4252 1559 4306 communis
1590 4268 1934 4307 concursus.
1965 4252 2124 4307 Dicta

476 4338 669 4389 autem
703 4341 792 4391 est
822 4337 1154 4408 unio,quod
1187 4353 1278 4393 res
1310 4356 1494 4394 unum
1527 4340 1813 4411 fiant,hoo
1842 4340 2122 4410 est,quod

474 4430 679 4479 coeant
731 4430 788 4481 et
835 4426 1347 4483 commisceantur.
1399 4429 1573 4483 Porro
1622 4430 1883 4500 quinque
1933 4430 2125 4485 modis

476 4514 615 4568 unio
647 4514 879 4580 dicitur,
899 4516 1568 4587 commistiva,divisiva,
1595 4517 1929 4584 habitualis,
1964 4518 2125 4590 posi-

475 4602 611 4668 tiva,
632 4606 688 4657 et
719 4602 855 4658 unio
886 4609 1089 4658 sancta
1117 4603 1352 4672 Christi,
1372 4620 1499 4675 quae
1531 4621 1711 4677 supra
1740 4605 1884 4662 istas
1916 4622 2123 4662 secun-

2786 4073 2855 4123 V.
2890 4066 3018 4142 Περὶ
3066 4064 3329 4126 ἐνώσεως.

2303 4159 2367 4216 Τί
2394 4158 2534 4213 ἐστιν
2564 4155 2796 4224 Evocate;
2827 4156 2919 4212 καὶ
2967 4159 3232 4229 ποσαχῶς
3291 4158 3496 4208 νοεῖται
3556 4154 3593 4221 ἠ
3649 4148 3868 4205 ἓνωσιςῖ

2234 4254 2462 4309 Ἕνωσις
2513 4248 2606 4320 μὲν
2660 4240 2769 4301 ἔστι
2827 4243 3129 4300 διεστώτων
3189 4242 3529 4318 πραγμάτων
3590 4231 3866 4298 κοινωνικὴ

2233 4333 2532 4412 συνδρομή·
2565 4332 2757 4397 ἓνωσις
2785 4331 2844 4389 δὲ
2873 4332 3084 4408 εἴρηται
3113 4329 3202 4387 διὰ
3252 4332 3315 4385 τὸ
3364 4330 3585 4401 ὶνῑῦσαι,
3642 4324 3869 4412 τουτί-στι

2233 4408 2539 4492 συνωθῆσαι
2588 4424 2678 4479 καὶ
2731 4423 2879 4495 μίξαι
2922 4422 2989 4477 τὰ
3019 4422 3333 4498 πράγματα.
3367 4421 3664 4493 Πενταχῶς
3696 4410 3752 4467 δὶ
3788 4408 3868 4464 λι-

2233 4534 2383 4589 γεται
2414 4515 2449 4582 ἠ
2482 4509 2695 4585 ἔνωσις,
2745 4510 3070 4588 συγχυτικὴ,
3125 4506 3451 4582 διαιρετικὴ,
3506 4503 3763 4582 σχπική,
3792 4509 3870 4589 θε-

2230 4586 2379 4673 τικὴ,
2436 4602 2526 4657 καὶ
2581 4604 2617 4670 ἠ
2658 4599 2783 4677 ἁγία
2825 4586 3029 4660 ίὲνωσις
3084 4602 3181 4653 τοῦ
3242 4598 3499 4672 Χριστοῦ,
3565 4593 3690 4663 ἥτις
3748 4586 3869 4658 ὑπὲρ

477 4691 621 4745 dum
653 4691 993 4764 hypostasin
1022 4691 1178 4747 dicta
1204 4695 1509 4763 est.Atque
1538 4695 1677 4749 unio
1708 4693 1942 4765 quidem
1972 4711 2114 4751 com-

2231 4696 2397 4747 ταῦτα
2428 4690 2547 4755 καθ’
2580 4689 2868 4745 ὑπόστασιν
2903 4687 3135 4763 εἴρηται.
3170 4686 3272 4743 Καὶ
3300 4681 3630 4778 ἓνωσιςᾳμὶν
3679 4695 3873 4752 συγχυ-

477 4779 712 4836 mistiva
740 4780 975 4847 dicitur,
1010 4780 1203 4853 qualis
1232 4786 1322 4837 est
1349 4781 1465 4836 vini
1498 4786 1555 4838 et
1600 4799 1803 4855 aqua;
1854 4783 2117 4852 divisiva,

474 4867 667 4940 qualis
696 4875 787 4925 est
818 4870 1071 4926 hominis
1101 4872 1170 4925 ad
1207 4870 1501 4926 hominem
1528 4887 1540 4938 ;
1573 4870 1913 4942 habitualis,
1932 4871 2123 4943 qualis

474 4964 565 5013 est
594 4958 721 5013 auri
752 4960 821 5013 ad
854 4976 1085 5015 aurum.
1122 4959 1266 5015 Unio
1297 4964 1492 5015 autem
1524 4960 1739 5016 Christi
1769 4978 1950 5031 supra
1991 4960 2124 5017 illas

476 5048 801 5104 secundum
825 5048 1166 5121 hypostasin
1184 5048 1760 5106 dioitur.Secundum
1778 5050 2122 5123 hypostasin

474 5154 606 5192 vero
640 5138 777 5192 unio
809 5144 900 5194 est
930 5154 1034 5210 per
1062 5155 1125 5195 se
1154 5139 1486 5196 subsistens
1535 5156 1822 5197 concursu
1872 5140 2123 5196 duarum

477 5234 823 5282 naturarum
858 5227 915 5281 in
950 5231 1114 5283 utero
1145 5232 1360 5284 sanctae
1391 5228 1649 5299 Deiparaa
1679 5228 1955 5303 Virginis.
1996 5228 2123 5285 Non

478 5315 635 5371 enim
686 5321 819 5371 ante
869 5316 1124 5372 Verbum
1174 5322 1354 5373 Deum
1402 5317 1482 5372 ibi
1514 5317 1743 5373 exsistit
1771 5335 2003 5390 corpus,
2037 5318 2126 5375 vel

478 5405 710 5470 anima;
744 5406 845 5459 sed
896 5403 1072 5460 simul
1118 5422 1273 5470 caro,
1317 5412 1373 5460 et
1419 5405 1598 5460 simul
1646 5406 1800 5462 Deus
1848 5407 2122 5464 Verbum.

478 5494 624 5551 Caro
654 5495 914 5549 animata
944 5493 1243 5549 rationalis
1275 5494 1333 5548 in
1364 5511 1429 5548 eo
1462 5494 1601 5561 fuit;
1625 5496 2123 5565 quemadmodum

482 5583 542 5637 in
596 5586 793 5637 nostra
844 5597 1077 5654 quoque
1125 5582 1518 5655 conceptione,
1570 5589 1635 5639 ut
1683 5583 1825 5639 mihi
1874 5584 2125 5655 videtur,

482 5670 678 5728 anima
707 5688 810 5745 per
839 5688 900 5729 se
930 5670 1263 5729 subsistens
1293 5670 1471 5730 simul
1502 5673 1797 5732 concurrit
1824 5690 1958 5733 cum
1998 5692 2122 5734 cor-

2227 4780 2354 4848 τική
2388 4777 2624 4853 λέγεται,
2658 4779 2732 4841 ὡς
2763 4780 2797 4847 ἡ
2829 4781 2925 4833 τοῦ
2977 4773 3129 4831 oi’vou
3180 4775 3270 4829 καὶ
3320 4776 3419 4828 τοῦ
3466 4769 3690 4832 ὕδατος.
3742 4773 3875 4853 Alcl-

2233 4868 2417 4945 ρετική
2451 4849 2530 4937 δὲ,
2560 4869 2637 4929 ὡς
2668 4867 2952 4944 ἀνθρώπου
2982 4865 3119 4941 πρὸς
3146 4862 3454 4938 ἄνθρωπον.
3507 4855 3755 4937 Σχετική
3803 4849 3875 4921 δὶ,

2233 4959 2307 5021 ὡς
2335 4961 2543 5033 χρυσοῦ
2599 4956 2736 5031 πρὸς
2794 4954 3020 5031 χρυσόν.
3078 4953 3143 5010 Ἦ
3202 4948 3261 5006 δὶ
3295 4955 3392 5006 τοῦ
3422 4951 3667 5026 Χριστοῦ
3697 4945 3877 5002 ενωσις

2234 5047 2366 5121 ὑπὲρ
2395 5051 2562 5101 ταῦτα
2589 5047 2708 5110 καθ’
2754 5045 3041 5101 ὑπόστασιν
3104 5039 3336 5116 εἴρηται.
3398 5040 3525 5104 Καθ’
3590 5035 3872 5093 ὑπόστασιν

2234 5133 2292 5191 δὲ
2356 5132 2546 5197 ἓνωσίς
2599 5133 2738 5190 ἐστιν
2799 5137 2833 5204 ἡ
2893 5131 3255 5207 αὑθέπαρκτος
3314 5128 3365 5184 ἐν
3419 5133 3488 5202 τῇ
3541 5129 3731 5201 μήτρᾳ
3789 5123 3879 5184 τῆς

2235 5224 2388 5301 ἁγίας
2421 5223 2687 5280 Θεοτόκου
2715 5227 2822 5279 τῶν
2856 5220 2950 5277 δύο
2982 5219 3190 5300 φύσεων
3243 5215 3519 5292 συνδρομή
3550 5236 3565 5285 ;
3625 5213 3755 5301 οὔτε
3780 5209 3875 5301 γὰρ

2232 5299 2295 5371 τὺ
2326 5320 2483 5389 σῶμα
2539 5314 2644 5390 πρὸ
2691 5318 2788 5368 τοῦ
2840 5299 3191 5385 ΘεοῦίΛόγου
3244 5309 3443 5377 ὑπέστη
3493 5304 3633 5371 ἐκεῖ,
3696 5299 3879 5390 οὕτεη

2233 5386 2421 5480 ψυχή-Ὗ
2446 5386 2592 5459 ἀλλᾶ
2622 5403 2747 5479 σὰρξ
2801 5402 2935 5475 ἅμα,
2984 5399 3072 5455 καὶ
3128 5398 3258 5459 Θεὸς
3307 5396 3485 5471 Λόγος
3541 5394 3684 5466 ἅμα.
3748 5386 3882 5480 Σᾶρξ

2235 5473 2485 5568 ἕμίιίυχος
2530 5473 2742 5567 λογικῆ-
2775 5473 2849 5546 ἐν.
2876 5489 3024 5562 αὐτῷ
3075 5485 3298 5555 ὑπέστη,
3348 5485 3617 5557 καθάπερ,
3661 5482 3736 5542 ὡς
3767 5473 3886 5550 ἐμοὶ

2237 5580 2407 5650 δοκεῖ,
2436 5580 2525 5636 καὶ
2556 5580 2642 5636 ἐπὶ
2673 5587 2771 5652 τῆς
2798 5577 3068 5655 ἡμετέρας
3111 5574 3458 5649 συλλήψεως,
3504 5570 3885 5645 αὑθύπαρκτος

2237 5674 2274 5745 ἦ
2303 5672 2458 5748 ψυχὴ
2499 5671 2778 5748 συντρέχει
2829 5674 2908 5745 τῷ
2950 5669 3187 5744 σώματι.
3236 5660 3374 5724 Οὔτε
3420 5662 3515 5739 γὰρ
3562 5663 3731 5738 σῶμα
3781 5655 3891 5715 καθ’
