  <div class='ocr_page' id='page_1' title='image "/cluster/home/n/w/nwhite01/storage/ocr_20150623/28/hvd.32044052794351/278.png"; bbox 0 0 2036 3105; ppageno 0'>
   <div class='ocr_carea' id='block_1_1' title="bbox 11 0 534 88">
    <p class='ocr_par' dir='ltr' id='par_1_1' title="bbox 11 0 534 88">
     <span class='ocr_line' id='line_1_1' title="bbox 11 0 534 88; baseline 0 0"><span class='ocrx_word' id='word_1_1' title='bbox 11 0 534 88; x_wconf 39' lang='lat' dir='ltr'><strong>irwa</strong></span> 
     </span>
    </p>
   </div>
   <div class='ocr_carea' id='block_1_2' title="bbox 137 183 192 214">
    <p class='ocr_par' dir='ltr' id='par_1_2' title="bbox 137 183 192 214">
     <span class='ocr_line' id='line_1_2' title="bbox 137 183 192 214; baseline 0.018 -1"><span class='ocrx_word' id='word_1_2' title='bbox 137 183 192 214; x_wconf 61' lang='lat'><strong>515</strong></span> 
     </span>
    </p>
   </div>
   <div class='ocr_carea' id='block_1_3' title="bbox 707 180 1255 214">
    <p class='ocr_par' dir='ltr' id='par_1_3' title="bbox 707 180 1255 214">
     <span class='ocr_line' id='line_1_3' title="bbox 707 180 1255 214; baseline 0.002 -3"><span class='ocrx_word' id='word_1_3' title='bbox 707 180 824 212; x_wconf 82' lang='lat' dir='ltr'><strong>LIBER</strong></span> <span class='ocrx_word' id='word_1_4' title='bbox 848 181 898 211; x_wconf 91' lang='lat' dir='ltr'><strong>DE</strong></span> <span class='ocrx_word' id='word_1_5' title='bbox 919 180 1255 214; x_wconf 83' lang='lat' dir='ltr'><strong>DEFINITIONIBUS.</strong></span> 
     </span>
    </p>
   </div>
   <div class='ocr_carea' id='block_1_4' title="bbox 1776 185 1834 216">
    <p class='ocr_par' dir='ltr' id='par_1_4' title="bbox 1776 185 1834 216">
     <span class='ocr_line' id='line_1_4' title="bbox 1776 185 1834 216; baseline -0.034 0"><span class='ocrx_word' id='word_1_6' title='bbox 1776 185 1834 216; x_wconf 77' lang='grc'><strong>546</strong></span> 
     </span>
    </p>
   </div>
   <div class='ocr_carea' id='block_1_5' title="bbox 139 246 962 286">
    <p class='ocr_par' dir='ltr' id='par_1_5' title="bbox 139 246 955 286">
     <span class='ocr_line' id='line_1_5' title="bbox 139 246 955 286; baseline -0.004 -9"><span class='ocrx_word' id='word_1_7' title='bbox 139 250 213 277; x_wconf 71' lang='grc' dir='ltr'><strong>ἑαυτὸ</strong></span> <span class='ocrx_word' id='word_1_8' title='bbox 227 248 391 284; x_wconf 71' lang='grc' dir='ltr'><strong>συνίσταται,</strong></span> <span class='ocrx_word' id='word_1_9' title='bbox 407 246 469 276; x_wconf 68' lang='grc' dir='ltr'>οὕτε</span> <span class='ocrx_word' id='word_1_10' title='bbox 483 248 501 282; x_wconf 82' lang='grc' dir='ltr'><strong>ἡ</strong></span> <span class='ocrx_word' id='word_1_11' title='bbox 518 248 594 286; x_wconf 78' lang='grc' dir='ltr'>ψυχὴ</span> <span class='ocrx_word' id='word_1_12' title='bbox 619 248 795 285; x_wconf 77' lang='grc' dir='ltr'>προῢπάρχει</span> <span class='ocrx_word' id='word_1_13' title='bbox 823 249 871 274; x_wconf 82' lang='grc' dir='ltr'><strong>τοῦ</strong></span> <span class='ocrx_word' id='word_1_14' title='bbox 901 247 955 274; x_wconf 84' lang='grc' dir='ltr'><strong>σώ-</strong></span> 
     </span>
    </p>
   </div>
   <div class='ocr_carea' id='block_1_6' title="bbox 1018 246 1836 286">
    <p class='ocr_par' dir='ltr' id='par_1_6' title="bbox 1018 248 1836 286">
     <span class='ocr_line' id='line_1_6' title="bbox 1018 248 1836 286; baseline 0.004 -10"><span class='ocrx_word' id='word_1_15' title='bbox 1018 256 1091 284; x_wconf 85' lang='lat' dir='ltr'><strong>pore.</strong></span> <span class='ocrx_word' id='word_1_16' title='bbox 1108 248 1181 276; x_wconf 89' lang='lat' dir='ltr'><strong>Nam</strong></span> <span class='ocrx_word' id='word_1_17' title='bbox 1207 258 1314 285; x_wconf 89' lang='lat' dir='ltr'><strong>corpus</strong></span> <span class='ocrx_word' id='word_1_18' title='bbox 1338 257 1389 285; x_wconf 87' lang='lat' dir='ltr'><strong>per</strong></span> <span class='ocrx_word' id='word_1_19' title='bbox 1403 258 1435 277; x_wconf 84' lang='lat' dir='ltr'><strong>se</strong></span> <span class='ocrx_word' id='word_1_20' title='bbox 1458 249 1617 278; x_wconf 77' lang='lat' dir='ltr'><strong>consistere</strong></span> <span class='ocrx_word' id='word_1_21' title='bbox 1642 259 1698 278; x_wconf 86' lang='lat' dir='ltr'><strong>non</strong></span> <span class='ocrx_word' id='word_1_22' title='bbox 1722 254 1836 286; x_wconf 88' lang='lat' dir='ltr'><strong>potest;</strong></span> 
     </span>
    </p>
   </div>
   <div class='ocr_carea' id='block_1_7' title="bbox 143 291 957 331">
    <p class='ocr_par' dir='ltr' id='par_1_7' title="bbox 143 291 957 331">
     <span class='ocr_line' id='line_1_7' title="bbox 143 291 957 331; baseline -0.004 -10"><span class='ocrx_word' id='word_1_23' title='bbox 143 304 232 329; x_wconf 74' lang='grc' dir='ltr'>ματος,</span> <span class='ocrx_word' id='word_1_24' title='bbox 271 292 448 331; x_wconf 80' lang='grc' dir='ltr'>προτύπωσις</span> <span class='ocrx_word' id='word_1_25' title='bbox 485 292 551 319; x_wconf 82' lang='grc' dir='ltr'>οὖσα</span> <span class='ocrx_word' id='word_1_26' title='bbox 588 295 639 326; x_wconf 80' lang='grc' dir='ltr'>τῆς</span> <span class='ocrx_word' id='word_1_27' title='bbox 675 291 797 322; x_wconf 72' lang='grc' dir='ltr'>ἓνώσεως</span> <span class='ocrx_word' id='word_1_28' title='bbox 828 294 876 319; x_wconf 78' lang='grc' dir='ltr'>τοῦ</span> <span class='ocrx_word' id='word_1_29' title='bbox 906 294 957 319; x_wconf 82' lang='grc' dir='ltr'><strong>Κυ-</strong></span> 
     </span>
    </p>
   </div>
   <div class='ocr_carea' id='block_1_8' title="bbox 142 338 206 365">
    <p class='ocr_par' dir='ltr' id='par_1_8' title="bbox 142 338 206 365">
     <span class='ocr_line' id='line_1_8' title="bbox 142 338 206 365; baseline 0 0"><span class='ocrx_word' id='word_1_30' title='bbox 142 348 155 365; x_wconf 82' lang='lat' dir='ltr'><strong>c</strong></span> <span class='ocrx_word' id='word_1_31' title='bbox 160 338 206 365; x_wconf 78' lang='grc' dir='ltr'>ίοο.</span> 
     </span>
    </p>
   </div>
   <div class='ocr_carea' id='block_1_9' title="bbox 142 366 693 419">
    <p class='ocr_par' dir='ltr' id='par_1_9' title="bbox 142 366 693 419">
     <span class='ocr_line' id='line_1_9' title="bbox 142 366 693 419; baseline -0.002 -11"><span class='ocrx_word' id='word_1_32' title='bbox 142 366 146 375; x_wconf 54' lang='grc' dir='ltr'><strong>Ι</strong></span> <span class='ocrx_word' id='word_1_33' title='bbox 389 381 436 410; x_wconf 91' lang='lat' dir='ltr'><strong>VI.</strong></span> <span class='ocrx_word' id='word_1_34' title='bbox 451 380 517 419; x_wconf 79' lang='grc' dir='ltr'>Περὶ</span> <span class='ocrx_word' id='word_1_35' title='bbox 533 380 693 417; x_wconf 75' lang='grc' dir='ltr'>ὁμοοιισίου.</span> 
     </span>
    </p>
   </div>
   <div class='ocr_carea' id='block_1_10' title="bbox 171 422 956 463">
    <p class='ocr_par' dir='ltr' id='par_1_10' title="bbox 171 422 956 463">
     <span class='ocr_line' id='line_1_10' title="bbox 171 422 956 463; baseline -0.004 -9"><span class='ocrx_word' id='word_1_36' title='bbox 171 426 200 453; x_wconf 83' lang='grc' dir='ltr'>Τί</span> <span class='ocrx_word' id='word_1_37' title='bbox 214 426 282 454; x_wconf 75' lang='grc' dir='ltr'>ἐστιν</span> <span class='ocrx_word' id='word_1_38' title='bbox 297 425 457 463; x_wconf 77' lang='grc' dir='ltr'>ὁμοούσιον,</span> <span class='ocrx_word' id='word_1_39' title='bbox 474 425 518 453; x_wconf 79' lang='grc' dir='ltr'><strong>καὶ</strong></span> <span class='ocrx_word' id='word_1_40' title='bbox 533 425 601 453; x_wconf 72' lang='grc' dir='ltr'>κατὰ</span> <span class='ocrx_word' id='word_1_41' title='bbox 615 424 641 452; x_wconf 89' lang='grc' dir='ltr'>τί</span> <span class='ocrx_word' id='word_1_42' title='bbox 656 422 761 462; x_wconf 65' lang='grc' dir='ltr'>εἴρηται</span> <span class='ocrx_word' id='word_1_43' title='bbox 787 424 932 461; x_wconf 65' lang='grc' dir='ltr'>ὁμοοΰσιον</span> <span class='ocrx_word' id='word_1_44' title='bbox 949 434 956 460; x_wconf 85' lang='lat'><strong>;</strong></span> 
     </span>
    </p>
   </div>
   <div class='ocr_carea' id='block_1_11' title="bbox 140 469 958 509">
    <p class='ocr_par' dir='ltr' id='par_1_11' title="bbox 140 469 958 509">
     <span class='ocr_line' id='line_1_11' title="bbox 140 469 958 509; baseline -0.004 -11"><span class='ocrx_word' id='word_1_45' title='bbox 140 470 183 498; x_wconf 73' lang='grc' dir='ltr'><strong>καὶ</strong></span> <span class='ocrx_word' id='word_1_46' title='bbox 197 471 303 509; x_wconf 83' lang='grc' dir='ltr'>ὀσαχώς</span> <span class='ocrx_word' id='word_1_47' title='bbox 317 471 349 498; x_wconf 77' lang='grc' dir='ltr'><strong>τὸ</strong></span> <span class='ocrx_word' id='word_1_48' title='bbox 374 470 543 507; x_wconf 55' lang='lat' dir='ltr'><strong>bimo-5mm;</strong></span> <span class='ocrx_word' id='word_1_49' title='bbox 566 469 730 506; x_wconf 73' lang='grc' dir='ltr'>Ὁμοούσιόν</span> <span class='ocrx_word' id='word_1_50' title='bbox 760 469 826 504; x_wconf 76' lang='grc' dir='ltr'>ἐστι,</span> <span class='ocrx_word' id='word_1_51' title='bbox 849 469 880 496; x_wconf 85' lang='grc' dir='ltr'><strong>τὸ</strong></span> <span class='ocrx_word' id='word_1_52' title='bbox 908 472 958 504; x_wconf 83' lang='grc' dir='ltr'><strong>τῆς</strong></span> 
     </span>
    </p>
   </div>
   <div class='ocr_carea' id='block_1_12' title="bbox 142 513 958 553">
    <p class='ocr_par' dir='ltr' id='par_1_12' title="bbox 142 513 958 553">
     <span class='ocr_line' id='line_1_12' title="bbox 142 513 958 553; baseline -0.004 -10"><span class='ocrx_word' id='word_1_53' title='bbox 142 515 218 550; x_wconf 68' lang='grc' dir='ltr'>αὐτῆς</span> <span class='ocrx_word' id='word_1_54' title='bbox 257 515 347 546; x_wconf 68' lang='grc' dir='ltr'>οὐσίας</span> <span class='ocrx_word' id='word_1_55' title='bbox 385 514 431 542; x_wconf 85' lang='grc' dir='ltr'><strong>καὶ</strong></span> <span class='ocrx_word' id='word_1_56' title='bbox 469 514 600 553; x_wconf 78' lang='grc' dir='ltr'><strong>ἐνεργείας</strong></span> <span class='ocrx_word' id='word_1_57' title='bbox 630 513 846 551; x_wconf 80' lang='grc' dir='ltr'><strong>ἀπαραλλάκτως</strong></span> <span class='ocrx_word' id='word_1_58' title='bbox 874 513 958 552; x_wconf 74' lang='grc' dir='ltr'>ὑπάρ-</span> 
     </span>
    </p>
   </div>
   <div class='ocr_carea' id='block_1_13' title="bbox 143 558 959 597">
    <p class='ocr_par' dir='ltr' id='par_1_13' title="bbox 143 558 959 597">
     <span class='ocr_line' id='line_1_13' title="bbox 143 558 959 597; baseline -0.002 -10"><span class='ocrx_word' id='word_1_59' title='bbox 143 570 200 597; x_wconf 87' lang='grc' dir='ltr'>χον.</span> <span class='ocrx_word' id='word_1_60' title='bbox 224 560 271 587; x_wconf 72' lang='grc' dir='ltr'>Καὶ</span> <span class='ocrx_word' id='word_1_61' title='bbox 296 560 348 597; x_wconf 69' lang='grc' dir='ltr'><strong>γὰρ</strong></span> <span class='ocrx_word' id='word_1_62' title='bbox 373 558 418 586; x_wconf 77' lang='grc' dir='ltr'><strong>διὰ</strong></span> <span class='ocrx_word' id='word_1_63' title='bbox 441 561 523 587; x_wconf 81' lang='grc' dir='ltr'>τοῦτο</span> <span class='ocrx_word' id='word_1_64' title='bbox 556 558 663 596; x_wconf 79' lang='grc' dir='ltr'>λέγεται</span> <span class='ocrx_word' id='word_1_65' title='bbox 680 558 838 594; x_wconf 68' lang='grc' dir='ltr'>ὁμοούσιον,</span> <span class='ocrx_word' id='word_1_66' title='bbox 853 558 894 585; x_wconf 82' lang='grc' dir='ltr'>ὅτι</span> <span class='ocrx_word' id='word_1_67' title='bbox 909 558 959 593; x_wconf 79' lang='grc' dir='ltr'><strong>τήν</strong></span> 
     </span>
    </p>
   </div>
   <div class='ocr_carea' id='block_1_14' title="bbox 142 602 959 640">
    <p class='ocr_par' dir='ltr' id='par_1_14' title="bbox 142 602 959 640">
     <span class='ocr_line' id='line_1_14' title="bbox 142 602 959 640; baseline -0.001 -9"><span class='ocrx_word' id='word_1_68' title='bbox 142 605 218 639; x_wconf 75' lang='grc' dir='ltr'>αὐτὴν</span> <span class='ocrx_word' id='word_1_69' title='bbox 246 604 338 631; x_wconf 74' lang='grc' dir='ltr'>οὐσίαν</span> <span class='ocrx_word' id='word_1_70' title='bbox 360 604 405 631; x_wconf 83' lang='grc' dir='ltr'><strong>καὶ</strong></span> <span class='ocrx_word' id='word_1_71' title='bbox 442 603 556 640; x_wconf 69' lang='grc' dir='ltr'>δύναμιν</span> <span class='ocrx_word' id='word_1_72' title='bbox 585 604 723 638; x_wconf 73' lang='grc' dir='ltr'>κέκτηται.</span> <span class='ocrx_word' id='word_1_73' title='bbox 759 605 901 640; x_wconf 69' lang='grc' dir='ltr'>Πεπαχῶς</span> <span class='ocrx_word' id='word_1_74' title='bbox 930 602 959 630; x_wconf 77' lang='grc' dir='ltr'><strong>δὶ</strong></span> 
     </span>
    </p>
   </div>
   <div class='ocr_carea' id='block_1_15' title="bbox 139 648 960 686">
    <p class='ocr_par' dir='ltr' id='par_1_15' title="bbox 139 648 960 686">
     <span class='ocr_line' id='line_1_15' title="bbox 139 648 960 686; baseline -0.001 -10"><span class='ocrx_word' id='word_1_75' title='bbox 139 648 237 685; x_wconf 68' lang='grc' dir='ltr'>εἴρηται</span> <span class='ocrx_word' id='word_1_76' title='bbox 265 648 413 685; x_wconf 79' lang='grc' dir='ltr'>ὁμοούσιον</span> <span class='ocrx_word' id='word_1_77' title='bbox 436 648 482 676; x_wconf 77' lang='grc' dir='ltr'><strong>καὶ</strong></span> <span class='ocrx_word' id='word_1_78' title='bbox 508 648 649 686; x_wconf 69' lang='grc' dir='ltr'>ὁμογενὲς,</span> <span class='ocrx_word' id='word_1_79' title='bbox 675 648 721 675; x_wconf 79' lang='grc' dir='ltr'><strong>καὶ</strong></span> <span class='ocrx_word' id='word_1_80' title='bbox 750 648 884 685; x_wconf 71' lang='grc' dir='ltr'>συγγενὲς,</span> <span class='ocrx_word' id='word_1_81' title='bbox 914 648 960 675; x_wconf 84' lang='grc' dir='ltr'>καὶ</span> 
     </span>
    </p>
   </div>
   <div class='ocr_carea' id='block_1_16' title="bbox 137 691 957 732">
    <p class='ocr_par' dir='ltr' id='par_1_16' title="bbox 137 691 957 732">
     <span class='ocr_line' id='line_1_16' title="bbox 137 691 957 732; baseline -0.002 -11"><span class='ocrx_word' id='word_1_82' title='bbox 137 693 262 732; x_wconf 62' lang='grc' dir='ltr'>αμοσυὶς,</span> <span class='ocrx_word' id='word_1_83' title='bbox 278 693 323 721; x_wconf 78' lang='grc' dir='ltr'><strong>καὶ</strong></span> <span class='ocrx_word' id='word_1_84' title='bbox 340 692 491 732; x_wconf 76' lang='grc' dir='ltr'>ὁμόφυλον,</span> <span class='ocrx_word' id='word_1_85' title='bbox 518 692 681 729; x_wconf 80' lang='grc' dir='ltr'>Ὁμοούσιον</span> <span class='ocrx_word' id='word_1_86' title='bbox 697 691 726 719; x_wconf 76' lang='grc' dir='ltr'><strong>δὲ</strong></span> <span class='ocrx_word' id='word_1_87' title='bbox 740 692 806 725; x_wconf 79' lang='grc' dir='ltr'>ἐστι,</span> <span class='ocrx_word' id='word_1_88' title='bbox 831 692 862 719; x_wconf 85' lang='grc' dir='ltr'><strong>τὸ</strong></span> <span class='ocrx_word' id='word_1_89' title='bbox 887 692 916 719; x_wconf 78' lang='grc' dir='ltr'><strong>ὅν</strong></span> <span class='ocrx_word' id='word_1_90' title='bbox 931 691 957 719; x_wconf 79' lang='grc' dir='ltr'>ἐν</span> 
     </span>
    </p>
   </div>
   <div class='ocr_carea' id='block_1_17' title="bbox 139 735 960 776">
    <p class='ocr_par' dir='ltr' id='par_1_17' title="bbox 139 735 960 776">
     <span class='ocr_line' id='line_1_17' title="bbox 139 735 960 776; baseline -0.004 -10"><span class='ocrx_word' id='word_1_91' title='bbox 139 740 172 776; x_wconf 81' lang='grc' dir='ltr'><strong>τῇ</strong></span> <span class='ocrx_word' id='word_1_92' title='bbox 186 738 250 775; x_wconf 78' lang='grc' dir='ltr'>αὐτῇ</span> <span class='ocrx_word' id='word_1_93' title='bbox 280 737 368 773; x_wconf 75' lang='grc' dir='ltr'>οὐσίᾳ,</span> <span class='ocrx_word' id='word_1_94' title='bbox 396 736 460 775; x_wconf 83' lang='grc' dir='ltr'>ἕχον</span> <span class='ocrx_word' id='word_1_95' title='bbox 486 736 514 765; x_wconf 72' lang='grc' dir='ltr'><strong>δέ</strong></span> <span class='ocrx_word' id='word_1_96' title='bbox 538 747 599 765; x_wconf 85' lang='grc' dir='ltr'>τινα</span> <span class='ocrx_word' id='word_1_97' title='bbox 625 735 768 776; x_wconf 79' lang='grc' dir='ltr'>διαφορὰν,</span> <span class='ocrx_word' id='word_1_98' title='bbox 797 736 854 764; x_wconf 76' lang='grc' dir='ltr'>οἷον</span> <span class='ocrx_word' id='word_1_99' title='bbox 884 736 960 769; x_wconf 81' lang='grc' dir='ltr'>λίθος</span> 
     </span>
    </p>
   </div>
   <div class='ocr_carea' id='block_1_18' title="bbox 141 780 959 820">
    <p class='ocr_par' dir='ltr' id='par_1_18' title="bbox 141 780 959 820">
     <span class='ocr_line' id='line_1_18' title="bbox 141 780 959 820; baseline -0.001 -10"><span class='ocrx_word' id='word_1_100' title='bbox 141 784 240 820; x_wconf 81' lang='grc' dir='ltr'>σαθρὸς,</span> <span class='ocrx_word' id='word_1_101' title='bbox 255 782 300 810; x_wconf 79' lang='grc' dir='ltr'><strong>καὶ</strong></span> <span class='ocrx_word' id='word_1_102' title='bbox 326 782 403 814; x_wconf 80' lang='grc' dir='ltr'>λίθος</span> <span class='ocrx_word' id='word_1_103' title='bbox 429 781 559 818; x_wconf 76' lang='grc' dir='ltr'>σκληρός·</span> <span class='ocrx_word' id='word_1_104' title='bbox 587 781 639 809; x_wconf 79' lang='grc' dir='ltr'>εἶσὶ</span> <span class='ocrx_word' id='word_1_105' title='bbox 655 780 683 809; x_wconf 78' lang='grc' dir='ltr'><strong>δὶ</strong></span> <span class='ocrx_word' id='word_1_106' title='bbox 708 780 959 818; x_wconf 79' lang='grc' dir='ltr'>ὁμοούσιοι,τουτ-</span> 
     </span>
    </p>
   </div>
   <div class='ocr_carea' id='block_1_19' title="bbox 141 824 959 865">
    <p class='ocr_par' dir='ltr' id='par_1_19' title="bbox 141 824 959 865">
     <span class='ocr_line' id='line_1_19' title="bbox 141 824 959 865; baseline -0.004 -10"><span class='ocrx_word' id='word_1_107' title='bbox 141 827 190 855; x_wconf 78' lang='grc' dir='ltr'>ἐπι</span> <span class='ocrx_word' id='word_1_108' title='bbox 207 830 268 864; x_wconf 77' lang='grc' dir='ltr'>μιᾶς</span> <span class='ocrx_word' id='word_1_109' title='bbox 292 826 396 858; x_wconf 65' lang='grc' dir='ltr'>οὐσίαις.</span> <span class='ocrx_word' id='word_1_110' title='bbox 421 827 498 855; x_wconf 78' lang='grc' dir='ltr'>’Ἐστι</span> <span class='ocrx_word' id='word_1_111' title='bbox 528 824 556 853; x_wconf 77' lang='grc' dir='ltr'>δὶ</span> <span class='ocrx_word' id='word_1_112' title='bbox 579 826 625 853; x_wconf 81' lang='grc' dir='ltr'><strong>καὶ</strong></span> <span class='ocrx_word' id='word_1_113' title='bbox 651 825 732 861; x_wconf 80' lang='grc' dir='ltr'>ξύλον</span> <span class='ocrx_word' id='word_1_114' title='bbox 757 824 891 865; x_wconf 79' lang='grc' dir='ltr'>φοίνικος,</span> <span class='ocrx_word' id='word_1_115' title='bbox 913 826 959 853; x_wconf 83' lang='grc' dir='ltr'><strong>καὶ</strong></span> 
     </span>
    </p>
   </div>
   <div class='ocr_carea' id='block_1_20' title="bbox 140 869 959 908">
    <p class='ocr_par' dir='ltr' id='par_1_20' title="bbox 140 869 959 908">
     <span class='ocr_line' id='line_1_20' title="bbox 140 869 959 908; baseline -0.004 -9"><span class='ocrx_word' id='word_1_116' title='bbox 140 872 216 908; x_wconf 69' lang='grc' dir='ltr'>ξῦλον</span> <span class='ocrx_word' id='word_1_117' title='bbox 242 869 345 899; x_wconf 66' lang='grc' dir='ltr'>ἐϐένου·</span> <span class='ocrx_word' id='word_1_118' title='bbox 370 870 475 907; x_wconf 77' lang='grc' dir='ltr'>ὁμοίως</span> <span class='ocrx_word' id='word_1_119' title='bbox 500 870 545 898; x_wconf 77' lang='grc' dir='ltr'><strong>καὶ</strong></span> <span class='ocrx_word' id='word_1_120' title='bbox 570 870 634 908; x_wconf 78' lang='grc' dir='ltr'>σὰρξ</span> <span class='ocrx_word' id='word_1_121' title='bbox 657 869 798 906; x_wconf 77' lang='grc' dir='ltr'>καμήλου,</span> <span class='ocrx_word' id='word_1_122' title='bbox 827 869 872 897; x_wconf 85' lang='grc' dir='ltr'>καὶ</span> <span class='ocrx_word' id='word_1_123' title='bbox 896 869 959 906; x_wconf 74' lang='grc' dir='ltr'>σὰρξ</span> 
     </span>
    </p>
   </div>
   <div class='ocr_carea' id='block_1_21' title="bbox 139 913 959 954">
    <p class='ocr_par' dir='ltr' id='par_1_21' title="bbox 139 913 959 954">
     <span class='ocr_line' id='line_1_21' title="bbox 139 913 959 954; baseline -0.002 -11"><span class='ocrx_word' id='word_1_124' title='bbox 139 916 239 954; x_wconf 64' lang='grc' dir='ltr'>ἶχθῦος·</span> <span class='ocrx_word' id='word_1_125' title='bbox 263 917 352 943; x_wconf 73' lang='grc' dir='ltr'>Ταῦτα</span> <span class='ocrx_word' id='word_1_126' title='bbox 377 914 407 943; x_wconf 75' lang='grc' dir='ltr'><strong>δὲ</strong></span> <span class='ocrx_word' id='word_1_127' title='bbox 432 915 558 952; x_wconf 67' lang='grc' dir='ltr'>λεγονται</span> <span class='ocrx_word' id='word_1_128' title='bbox 581 914 725 951; x_wconf 81' lang='grc' dir='ltr'>ὀμοούσια,</span> <span class='ocrx_word' id='word_1_129' title='bbox 746 913 788 941; x_wconf 72' lang='grc' dir='ltr'>ὅτι</span> <span class='ocrx_word' id='word_1_130' title='bbox 810 915 860 947; x_wconf 84' lang='grc' dir='ltr'><strong>τῆς</strong></span> <span class='ocrx_word' id='word_1_131' title='bbox 875 914 959 949; x_wconf 81' lang='grc' dir='ltr'>αὐτῆς</span> 
     </span>
    </p>
   </div>
   <div class='ocr_carea' id='block_1_22' title="bbox 141 958 960 998">
    <p class='ocr_par' dir='ltr' id='par_1_22' title="bbox 141 958 960 998">
     <span class='ocr_line' id='line_1_22' title="bbox 141 958 960 998; baseline -0.004 -9"><span class='ocrx_word' id='word_1_132' title='bbox 141 962 227 992; x_wconf 73' lang='grc' dir='ltr'>οὐσίας</span> <span class='ocrx_word' id='word_1_133' title='bbox 246 960 329 989; x_wconf 68' lang='grc' dir='ltr'>ἐστίν.</span> <span class='ocrx_word' id='word_1_134' title='bbox 353 962 454 998; x_wconf 75' lang='grc' dir='ltr'>’Ὠσπερ</span> <span class='ocrx_word' id='word_1_135' title='bbox 480 959 578 991; x_wconf 67' lang='grc' dir='ltr'>πάντες</span> <span class='ocrx_word' id='word_1_136' title='bbox 601 960 627 987; x_wconf 72' lang='grc' dir='ltr'>οἳ</span> <span class='ocrx_word' id='word_1_137' title='bbox 652 958 790 997; x_wconf 78' lang='grc' dir='ltr'>ἄνθρωποι</span> <span class='ocrx_word' id='word_1_138' title='bbox 814 961 864 992; x_wconf 81' lang='grc' dir='ltr'>τῆς</span> <span class='ocrx_word' id='word_1_139' title='bbox 897 962 960 996; x_wconf 84' lang='grc' dir='ltr'>μιᾶς</span> 
     </span>
    </p>
   </div>
   <div class='ocr_carea' id='block_1_23' title="bbox 140 1002 960 1043">
    <p class='ocr_par' dir='ltr' id='par_1_23' title="bbox 140 1002 960 1043">
     <span class='ocr_line' id='line_1_23' title="bbox 140 1002 960 1043; baseline -0.004 -10"><span class='ocrx_word' id='word_1_140' title='bbox 140 1006 224 1036; x_wconf 71' lang='grc' dir='ltr'>οὐσίας</span> <span class='ocrx_word' id='word_1_141' title='bbox 253 1005 339 1033; x_wconf 79' lang='grc' dir='ltr'>εἰσίν·</span> <span class='ocrx_word' id='word_1_142' title='bbox 366 1003 460 1043; x_wconf 81' lang='grc' dir='ltr'>ἔχουσι</span> <span class='ocrx_word' id='word_1_143' title='bbox 487 1003 517 1032; x_wconf 73' lang='grc' dir='ltr'><strong>δὶ</strong></span> <span class='ocrx_word' id='word_1_144' title='bbox 541 1003 670 1043; x_wconf 76' lang='grc' dir='ltr'>διαφορὰν</span> <span class='ocrx_word' id='word_1_145' title='bbox 699 1003 731 1031; x_wconf 83' lang='grc' dir='ltr'><strong>τὸ</strong></span> <span class='ocrx_word' id='word_1_146' title='bbox 761 1004 841 1039; x_wconf 79' lang='grc' dir='ltr'>εἶναι,</span> <span class='ocrx_word' id='word_1_147' title='bbox 868 1002 960 1041; x_wconf 72' lang='grc' dir='ltr'>ἕτερος</span> 
     </span>
    </p>
   </div>
   <div class='ocr_carea' id='block_1_24' title="bbox 140 1046 961 1088">
    <p class='ocr_par' dir='ltr' id='par_1_24' title="bbox 140 1046 961 1088">
     <span class='ocr_line' id='line_1_24' title="bbox 140 1046 961 1088; baseline -0.002 -11"><span class='ocrx_word' id='word_1_148' title='bbox 140 1051 249 1088; x_wconf 68' lang='grc' dir='ltr'>μακρὸς,</span> <span class='ocrx_word' id='word_1_149' title='bbox 264 1050 310 1077; x_wconf 80' lang='grc' dir='ltr'><strong>καὶ</strong></span> <span class='ocrx_word' id='word_1_150' title='bbox 324 1048 418 1087; x_wconf 70' lang='grc' dir='ltr'>ἕτερος</span> <span class='ocrx_word' id='word_1_151' title='bbox 432 1047 561 1080; x_wconf 78' lang='grc' dir='ltr'>κολοϐός·</span> <span class='ocrx_word' id='word_1_152' title='bbox 579 1047 664 1080; x_wconf 72' lang='grc' dir='ltr'>ἄλλος</span> <span class='ocrx_word' id='word_1_153' title='bbox 688 1047 859 1083; x_wconf 82' lang='grc' dir='ltr'>δυνατὸς,καί</span> <span class='ocrx_word' id='word_1_154' title='bbox 875 1046 961 1079; x_wconf 77' lang='grc' dir='ltr'>ἄλλος</span> 
     </span>
    </p>
   </div>
   <div class='ocr_carea' id='block_1_25' title="bbox 138 1092 960 1132">
    <p class='ocr_par' dir='ltr' id='par_1_25' title="bbox 138 1092 960 1132">
     <span class='ocr_line' id='line_1_25' title="bbox 138 1092 960 1132; baseline -0.005 -10"><span class='ocrx_word' id='word_1_155' title='bbox 138 1094 320 1132; x_wconf 82' lang='grc' dir='ltr'>ταλαίπωρος.</span> <span class='ocrx_word' id='word_1_156' title='bbox 347 1093 425 1121; x_wconf 79' lang='grc' dir='ltr'>Ἀλλ’</span> <span class='ocrx_word' id='word_1_157' title='bbox 458 1093 535 1130; x_wconf 76' lang='grc' dir='ltr'>ὅμως</span> <span class='ocrx_word' id='word_1_158' title='bbox 561 1096 625 1129; x_wconf 76' lang='grc' dir='ltr'>μιᾶς</span> <span class='ocrx_word' id='word_1_159' title='bbox 653 1092 746 1123; x_wconf 79' lang='grc' dir='ltr'>οὐσίας</span> <span class='ocrx_word' id='word_1_160' title='bbox 777 1092 838 1127; x_wconf 74' lang='grc' dir='ltr'>εἶσὶ,</span> <span class='ocrx_word' id='word_1_161' title='bbox 867 1094 960 1130; x_wconf 82' lang='grc' dir='ltr'>ψυχῆς</span> 
     </span>
    </p>
   </div>
   <div class='ocr_carea' id='block_1_26' title="bbox 139 1136 961 1177">
    <p class='ocr_par' dir='ltr' id='par_1_26' title="bbox 139 1136 961 1177">
     <span class='ocr_line' id='line_1_26' title="bbox 139 1136 961 1177; baseline -0.005 -10"><span class='ocrx_word' id='word_1_162' title='bbox 139 1139 209 1177; x_wconf 68' lang='grc' dir='ltr'>λέγω</span> <span class='ocrx_word' id='word_1_163' title='bbox 234 1138 280 1166; x_wconf 77' lang='grc' dir='ltr'><strong>καὶ</strong></span> <span class='ocrx_word' id='word_1_164' title='bbox 295 1138 434 1174; x_wconf 82' lang='grc' dir='ltr'>σώματος.</span> <span class='ocrx_word' id='word_1_165' title='bbox 450 1137 636 1175; x_wconf 75' lang='grc' dir='ltr'>Ἑτεροούσιον</span> <span class='ocrx_word' id='word_1_166' title='bbox 653 1136 683 1164; x_wconf 75' lang='grc' dir='ltr'><strong>δὲ</strong></span> <span class='ocrx_word' id='word_1_167' title='bbox 706 1136 825 1175; x_wconf 74' lang='grc' dir='ltr'>λέγεται,</span> <span class='ocrx_word' id='word_1_168' title='bbox 849 1137 880 1164; x_wconf 77' lang='grc' dir='ltr'>τὸ</span> <span class='ocrx_word' id='word_1_169' title='bbox 903 1137 961 1164; x_wconf 72' lang='grc' dir='ltr'><strong>ἑτε-</strong></span> 
     </span>
    </p>
   </div>
   <div class='ocr_carea' id='block_1_27' title="bbox 139 1180 962 1221">
    <p class='ocr_par' dir='ltr' id='par_1_27' title="bbox 139 1180 962 1221">
     <span class='ocr_line' id='line_1_27' title="bbox 139 1180 962 1221; baseline -0.004 -10"><span class='ocrx_word' id='word_1_170' title='bbox 139 1194 185 1221; x_wconf 70' lang='lat' dir='ltr'><strong>pa;</strong></span> <span class='ocrx_word' id='word_1_171' title='bbox 200 1182 294 1214; x_wconf 70' lang='grc' dir='ltr'>οὐσίας</span> <span class='ocrx_word' id='word_1_172' title='bbox 311 1182 445 1220; x_wconf 83' lang='grc' dir='ltr'>ὑπάρχον,</span> <span class='ocrx_word' id='word_1_173' title='bbox 461 1182 505 1210; x_wconf 77' lang='grc' dir='ltr'><strong>καὶ</strong></span> <span class='ocrx_word' id='word_1_174' title='bbox 523 1180 655 1219; x_wconf 84' lang='grc' dir='ltr'>μηδόλως</span> <span class='ocrx_word' id='word_1_175' title='bbox 676 1183 716 1217; x_wconf 85' lang='grc' dir='ltr'><strong>τῷ</strong></span> <span class='ocrx_word' id='word_1_176' title='bbox 741 1181 824 1219; x_wconf 75' lang='grc' dir='ltr'><strong>ἒτὲρῳ</strong></span> <span class='ocrx_word' id='word_1_177' title='bbox 848 1183 962 1218; x_wconf 83' lang='grc' dir='ltr'>προσοῖ-</span> 
     </span>
    </p>
   </div>
   <div class='ocr_carea' id='block_1_28' title="bbox 137 1224 962 1264">
    <p class='ocr_par' dir='ltr' id='par_1_28' title="bbox 137 1224 962 1264">
     <span class='ocr_line' id='line_1_28' title="bbox 137 1224 962 1264; baseline -0.004 -9"><span class='ocrx_word' id='word_1_178' title='bbox 137 1239 193 1261; x_wconf 86' lang='grc' dir='ltr'>κον,</span> <span class='ocrx_word' id='word_1_179' title='bbox 207 1227 282 1255; x_wconf 80' lang='grc' dir='ltr'><strong>ἆλλᾶ</strong></span> <span class='ocrx_word' id='word_1_180' title='bbox 297 1226 438 1257; x_wconf 80' lang='grc' dir='ltr'><strong>παντελῶς</strong></span> <span class='ocrx_word' id='word_1_181' title='bbox 454 1225 601 1264; x_wconf 77' lang='grc' dir='ltr'>ἀλλότριον</span> <span class='ocrx_word' id='word_1_182' title='bbox 623 1225 668 1253; x_wconf 80' lang='grc' dir='ltr'><strong>καὶ</strong></span> <span class='ocrx_word' id='word_1_183' title='bbox 693 1225 762 1253; x_wconf 85' lang='grc' dir='ltr'>κατὰ</span> <span class='ocrx_word' id='word_1_184' title='bbox 785 1225 872 1253; x_wconf 75' lang='grc' dir='ltr'>πάντα</span> <span class='ocrx_word' id='word_1_185' title='bbox 899 1224 962 1264; x_wconf 70' lang='grc' dir='ltr'>τρόυ</span> 
     </span>
    </p>
   </div>
   <div class='ocr_carea' id='block_1_29' title="bbox 139 1268 961 1308">
    <p class='ocr_par' dir='ltr' id='par_1_29' title="bbox 139 1268 961 1308">
     <span class='ocr_line' id='line_1_29' title="bbox 139 1268 961 1308; baseline -0.004 -8"><span class='ocrx_word' id='word_1_186' title='bbox 139 1283 186 1300; x_wconf 77' lang='grc' dir='ltr'><strong>πον</strong></span> <span class='ocrx_word' id='word_1_187' title='bbox 202 1271 306 1299; x_wconf 77' lang='grc' dir='ltr'>ἐκείνου</span> <span class='ocrx_word' id='word_1_188' title='bbox 322 1270 463 1308; x_wconf 68' lang='grc' dir='ltr'><strong>ἀνόμοιον⁷</strong></span> <span class='ocrx_word' id='word_1_189' title='bbox 490 1271 544 1298; x_wconf 79' lang='grc' dir='ltr'>οῖον</span> <span class='ocrx_word' id='word_1_190' title='bbox 571 1269 644 1308; x_wconf 78' lang='grc' dir='ltr'>ὕδωρ</span> <span class='ocrx_word' id='word_1_191' title='bbox 664 1270 709 1297; x_wconf 83' lang='grc' dir='ltr'><strong>καὶ</strong></span> <span class='ocrx_word' id='word_1_192' title='bbox 724 1272 788 1308; x_wconf 78' lang='grc' dir='ltr'>πῦρ·</span> <span class='ocrx_word' id='word_1_193' title='bbox 820 1268 892 1305; x_wconf 73' lang='grc' dir='ltr'>ἄλλη</span> <span class='ocrx_word' id='word_1_194' title='bbox 909 1270 961 1308; x_wconf 83' lang='grc' dir='ltr'><strong>γὰρ</strong></span> 
     </span>
    </p>
   </div>
   <div class='ocr_carea' id='block_1_30' title="bbox 137 1312 961 1352">
    <p class='ocr_par' dir='ltr' id='par_1_30' title="bbox 137 1312 961 1352">
     <span class='ocr_line' id='line_1_30' title="bbox 137 1312 961 1352; baseline -0.001 -9"><span class='ocrx_word' id='word_1_195' title='bbox 137 1315 213 1343; x_wconf 68' lang='grc' dir='ltr'>οὐσία</span> <span class='ocrx_word' id='word_1_196' title='bbox 228 1317 278 1342; x_wconf 69' lang='grc' dir='ltr'>τοῦ</span> <span class='ocrx_word' id='word_1_197' title='bbox 293 1315 390 1352; x_wconf 82' lang='grc' dir='ltr'>πυρὸς,</span> <span class='ocrx_word' id='word_1_198' title='bbox 405 1315 450 1342; x_wconf 71' lang='grc' dir='ltr'><strong>καὶ</strong></span> <span class='ocrx_word' id='word_1_199' title='bbox 465 1313 538 1349; x_wconf 76' lang='grc' dir='ltr'>ἄλλη</span> <span class='ocrx_word' id='word_1_200' title='bbox 554 1316 602 1342; x_wconf 77' lang='grc' dir='ltr'>τοῦ</span> <span class='ocrx_word' id='word_1_201' title='bbox 617 1312 723 1345; x_wconf 78' lang='grc' dir='ltr'>ὓδατος.</span> <span class='ocrx_word' id='word_1_202' title='bbox 741 1314 792 1343; x_wconf 82' lang='grc' dir='ltr'>Καὶ</span> <span class='ocrx_word' id='word_1_203' title='bbox 815 1313 859 1341; x_wconf 80' lang='grc' dir='ltr'>διὰ</span> <span class='ocrx_word' id='word_1_204' title='bbox 881 1316 961 1342; x_wconf 74' lang='grc' dir='ltr'>τοῦτο</span> 
     </span>
    </p>
   </div>
   <div class='ocr_carea' id='block_1_31' title="bbox 138 1358 961 1398">
    <p class='ocr_par' dir='ltr' id='par_1_31' title="bbox 138 1358 961 1398">
     <span class='ocr_line' id='line_1_31' title="bbox 138 1358 961 1398; baseline -0.002 -11"><span class='ocrx_word' id='word_1_205' title='bbox 138 1359 307 1398; x_wconf 70' lang='grc' dir='ltr'>ἑτεροοῦσιον</span> <span class='ocrx_word' id='word_1_206' title='bbox 335 1359 454 1396; x_wconf 71' lang='grc' dir='ltr'>λέγεται,</span> <span class='ocrx_word' id='word_1_207' title='bbox 483 1358 524 1386; x_wconf 76' lang='grc' dir='ltr'>ὅτι</span> <span class='ocrx_word' id='word_1_208' title='bbox 557 1358 697 1397; x_wconf 75' lang='grc' dir='ltr'>ὲτεροφυὶς</span> <span class='ocrx_word' id='word_1_209' title='bbox 733 1358 778 1385; x_wconf 79' lang='grc' dir='ltr'>καὶ</span> <span class='ocrx_word' id='word_1_210' title='bbox 818 1358 961 1396; x_wconf 79' lang='grc' dir='ltr'>ἀλλογενὶς</span> 
     </span>
    </p>
   </div>
   <div class='ocr_carea' id='block_1_32' title="bbox 137 1403 961 1443">
    <p class='ocr_par' dir='ltr' id='par_1_32' title="bbox 137 1403 961 1443">
     <span class='ocr_line' id='line_1_32' title="bbox 137 1403 961 1443; baseline -0.002 -10"><span class='ocrx_word' id='word_1_211' title='bbox 137 1406 264 1443; x_wconf 77' lang='grc' dir='ltr'>ὑπάρχει·</span> <span class='ocrx_word' id='word_1_212' title='bbox 295 1403 385 1442; x_wconf 77' lang='grc' dir='ltr'>ὥσπερ</span> <span class='ocrx_word' id='word_1_213' title='bbox 419 1404 560 1441; x_wconf 78' lang='grc' dir='ltr'>ἅνθρωπος</span> <span class='ocrx_word' id='word_1_214' title='bbox 588 1403 633 1432; x_wconf 80' lang='grc' dir='ltr'><strong>καὶ</strong></span> <span class='ocrx_word' id='word_1_215' title='bbox 659 1404 734 1439; x_wconf 84' lang='grc' dir='ltr'>Θεὸς,</span> <span class='ocrx_word' id='word_1_216' title='bbox 759 1404 803 1431; x_wconf 82' lang='grc' dir='ltr'><strong>καὶ</strong></span> <span class='ocrx_word' id='word_1_217' title='bbox 833 1403 961 1442; x_wconf 79' lang='grc' dir='ltr'>ἅγγελος,</span> 
     </span>
    </p>
   </div>
   <div class='ocr_carea' id='block_1_33' title="bbox 137 1446 962 1485">
    <p class='ocr_par' dir='ltr' id='par_1_33' title="bbox 137 1446 962 1485">
     <span class='ocr_line' id='line_1_33' title="bbox 137 1446 962 1485; baseline -0.002 -8"><span class='ocrx_word' id='word_1_218' title='bbox 137 1450 180 1477; x_wconf 82' lang='grc' dir='ltr'>χαί</span> <span class='ocrx_word' id='word_1_219' title='bbox 208 1448 312 1484; x_wconf 75' lang='grc' dir='ltr'>πηλὸς,</span> <span class='ocrx_word' id='word_1_220' title='bbox 340 1448 385 1476; x_wconf 80' lang='grc' dir='ltr'><strong>καὶ</strong></span> <span class='ocrx_word' id='word_1_221' title='bbox 412 1447 505 1482; x_wconf 77' lang='grc' dir='ltr'>ἥλιος,</span> <span class='ocrx_word' id='word_1_222' title='bbox 535 1447 580 1475; x_wconf 71' lang='grc' dir='ltr'><strong>καὶ</strong></span> <span class='ocrx_word' id='word_1_223' title='bbox 604 1447 690 1485; x_wconf 81' lang='grc' dir='ltr'>χλόη.</span> <span class='ocrx_word' id='word_1_224' title='bbox 715 1446 807 1476; x_wconf 54' lang='lat' dir='ltr'><strong>Tuum</strong></span> <span class='ocrx_word' id='word_1_225' title='bbox 827 1448 879 1485; x_wconf 73' lang='grc' dir='ltr'><strong>γὰρ</strong></span> <span class='ocrx_word' id='word_1_226' title='bbox 894 1448 962 1476; x_wconf 84' lang='grc' dir='ltr'>κατὰ</span> 
     </span>
    </p>
   </div>
   <div class='ocr_carea' id='block_1_34' title="bbox 135 1491 961 1531">
    <p class='ocr_par' dir='ltr' id='par_1_34' title="bbox 135 1491 961 1531">
     <span class='ocr_line' id='line_1_34' title="bbox 135 1491 961 1531; baseline -0.001 -10"><span class='ocrx_word' id='word_1_227' title='bbox 135 1494 223 1521; x_wconf 65' lang='grc' dir='ltr'>πάντα</span> <span class='ocrx_word' id='word_1_228' title='bbox 250 1491 353 1531; x_wconf 81' lang='grc' dir='ltr'>τρόπον</span> <span class='ocrx_word' id='word_1_229' title='bbox 378 1491 496 1529; x_wconf 79' lang='grc' dir='ltr'>ἀνόμοιά</span> <span class='ocrx_word' id='word_1_230' title='bbox 519 1492 570 1520; x_wconf 74' lang='grc' dir='ltr'>εἶσι</span> <span class='ocrx_word' id='word_1_231' title='bbox 596 1492 664 1528; x_wconf 79' lang='grc' dir='ltr'>πρὸς</span> <span class='ocrx_word' id='word_1_232' title='bbox 683 1491 806 1528; x_wconf 81' lang='grc' dir='ltr'>ἄλληλα,</span> <span class='ocrx_word' id='word_1_233' title='bbox 823 1491 868 1520; x_wconf 81' lang='grc' dir='ltr'><strong>διὰ</strong></span> <span class='ocrx_word' id='word_1_234' title='bbox 881 1495 961 1520; x_wconf 81' lang='grc' dir='ltr'>τοῦτο</span> 
     </span>
    </p>
   </div>
   <div class='ocr_carea' id='block_1_35' title="bbox 134 1535 960 1576">
    <p class='ocr_par' dir='ltr' id='par_1_35' title="bbox 134 1535 960 1576">
     <span class='ocr_line' id='line_1_35' title="bbox 134 1535 960 1576; baseline -0.002 -10"><span class='ocrx_word' id='word_1_235' title='bbox 134 1538 180 1566; x_wconf 73' lang='grc' dir='ltr'><strong>καὶ</strong></span> <span class='ocrx_word' id='word_1_236' title='bbox 204 1537 363 1576; x_wconf 59' lang='lat' dir='ltr'><strong>inpendat:</strong></span> <span class='ocrx_word' id='word_1_237' title='bbox 390 1536 526 1575; x_wconf 68' lang='grc' dir='ltr'>λέγονται·</span> <span class='ocrx_word' id='word_1_238' title='bbox 557 1537 621 1564; x_wconf 85' lang='grc' dir='ltr'><strong>ὼσεὶ</strong></span> <span class='ocrx_word' id='word_1_239' title='bbox 649 1535 694 1564; x_wconf 68' lang='grc' dir='ltr'><strong>διὰ</strong></span> <span class='ocrx_word' id='word_1_240' title='bbox 714 1537 745 1564; x_wconf 83' lang='grc' dir='ltr'><strong>τὸ</strong></span> <span class='ocrx_word' id='word_1_241' title='bbox 772 1537 810 1574; x_wconf 77' lang='grc' dir='ltr'><strong>μὴ</strong></span> <span class='ocrx_word' id='word_1_242' title='bbox 837 1537 960 1574; x_wconf 76' lang='grc' dir='ltr'>μετέχειν</span> 
     </span>
    </p>
   </div>
   <div class='ocr_carea' id='block_1_36' title="bbox 132 1580 961 1621">
    <p class='ocr_par' dir='ltr' id='par_1_36' title="bbox 132 1580 961 1621">
     <span class='ocr_line' id='line_1_36' title="bbox 132 1580 961 1621; baseline -0.002 -10"><span class='ocrx_word' id='word_1_243' title='bbox 132 1583 226 1621; x_wconf 66' lang='grc' dir='ltr'>ἕτερον</span> <span class='ocrx_word' id='word_1_244' title='bbox 241 1585 294 1616; x_wconf 78' lang='grc' dir='ltr'><strong>τῆς</strong></span> <span class='ocrx_word' id='word_1_245' title='bbox 311 1581 401 1613; x_wconf 76' lang='grc' dir='ltr'>οὐσίας</span> <span class='ocrx_word' id='word_1_246' title='bbox 415 1583 464 1609; x_wconf 83' lang='grc' dir='ltr'>τοῦ</span> <span class='ocrx_word' id='word_1_247' title='bbox 488 1581 591 1619; x_wconf 73' lang='grc' dir='ltr'>ἱτίρου·</span> <span class='ocrx_word' id='word_1_248' title='bbox 606 1580 680 1609; x_wconf 76' lang='grc' dir='ltr'>ἀλλὰ</span> <span class='ocrx_word' id='word_1_249' title='bbox 694 1580 767 1616; x_wconf 80' lang='grc' dir='ltr'>ἄλλη</span> <span class='ocrx_word' id='word_1_250' title='bbox 785 1581 833 1618; x_wconf 80' lang='grc' dir='ltr'><strong>μὲν</strong></span> <span class='ocrx_word' id='word_1_251' title='bbox 847 1580 961 1619; x_wconf 76' lang='grc' dir='ltr'>ἐκείνου,</span> 
     </span>
    </p>
   </div>
   <div class='ocr_carea' id='block_1_37' title="bbox 134 1625 607 1666">
    <p class='ocr_par' dir='ltr' id='par_1_37' title="bbox 134 1625 607 1666">
     <span class='ocr_line' id='line_1_37' title="bbox 134 1625 607 1666; baseline -0.004 -10"><span class='ocrx_word' id='word_1_252' title='bbox 134 1627 230 1666; x_wconf 65' lang='grc' dir='ltr'>ἕτερου</span> <span class='ocrx_word' id='word_1_253' title='bbox 246 1625 277 1654; x_wconf 73' lang='grc' dir='ltr'><strong>δὲ</strong></span> <span class='ocrx_word' id='word_1_254' title='bbox 290 1625 375 1662; x_wconf 76' lang='grc' dir='ltr'>ἄλλη,</span> <span class='ocrx_word' id='word_1_255' title='bbox 389 1626 479 1657; x_wconf 77' lang='grc' dir='ltr'>καθὼς</span> <span class='ocrx_word' id='word_1_256' title='bbox 491 1625 607 1664; x_wconf 77' lang='grc' dir='ltr'>ι’ίρηται.</span> 
     </span>
    </p>
   </div>
   <div class='ocr_carea' id='block_1_38' title="bbox 1013 293 1837 330">
    <p class='ocr_par' dir='ltr' id='par_1_38' title="bbox 1013 293 1837 330">
     <span class='ocr_line' id='line_1_38' title="bbox 1013 293 1837 330; baseline 0.004 -10"><span class='ocrx_word' id='word_1_257' title='bbox 1013 301 1067 321; x_wconf 88' lang='lat' dir='ltr'><strong>nec</strong></span> <span class='ocrx_word' id='word_1_258' title='bbox 1082 293 1182 321; x_wconf 78' lang='lat' dir='ltr'><strong>anima</strong></span> <span class='ocrx_word' id='word_1_259' title='bbox 1206 293 1305 322; x_wconf 83' lang='lat' dir='ltr'><strong>existit</strong></span> <span class='ocrx_word' id='word_1_260' title='bbox 1329 295 1396 321; x_wconf 83' lang='lat' dir='ltr'><strong>ante</strong></span> <span class='ocrx_word' id='word_1_261' title='bbox 1422 302 1539 330; x_wconf 82' lang='lat' dir='ltr'><strong>corpus,</strong></span> <span class='ocrx_word' id='word_1_262' title='bbox 1565 302 1628 330; x_wconf 68' lang='lat' dir='ltr'><strong>quae</strong></span> <span class='ocrx_word' id='word_1_263' title='bbox 1651 295 1769 323; x_wconf 89' lang='lat' dir='ltr'><strong>unionis</strong></span> <span class='ocrx_word' id='word_1_264' title='bbox 1782 296 1837 323; x_wconf 86' lang='lat' dir='ltr'><strong>Do-</strong></span> 
     </span>
    </p>
   </div>
   <div class='ocr_carea' id='block_1_39' title="bbox 1012 337 1413 374">
    <p class='ocr_par' dir='ltr' id='par_1_39' title="bbox 1012 337 1413 374">
     <span class='ocr_line' id='line_1_39' title="bbox 1012 337 1413 374; baseline 0.002 -10"><span class='ocrx_word' id='word_1_265' title='bbox 1012 337 1084 365; x_wconf 82' lang='lat' dir='ltr'><strong>mini</strong></span> <span class='ocrx_word' id='word_1_266' title='bbox 1098 339 1142 365; x_wconf 91' lang='lat' dir='ltr'><strong>est</strong></span> <span class='ocrx_word' id='word_1_267' title='bbox 1156 337 1253 374; x_wconf 81' lang='lat' dir='ltr'><strong>imago</strong></span> <span class='ocrx_word' id='word_1_268' title='bbox 1269 338 1413 374; x_wconf 66' lang='lat' dir='ltr'><strong>quedam.</strong></span> 
     </span>
    </p>
   </div>
   <div class='ocr_carea' id='block_1_40' title="bbox 1241 383 1605 411">
    <p class='ocr_par' dir='ltr' id='par_1_40' title="bbox 1241 383 1605 411">
     <span class='ocr_line' id='line_1_40' title="bbox 1241 383 1605 411; baseline 0.003 -1"><span class='ocrx_word' id='word_1_269' title='bbox 1241 383 1289 410; x_wconf 90' lang='lat' dir='ltr'><strong>Vl.</strong></span> <span class='ocrx_word' id='word_1_270' title='bbox 1306 383 1344 411; x_wconf 81' lang='lat' dir='ltr'><strong>De</strong></span> <span class='ocrx_word' id='word_1_271' title='bbox 1362 383 1605 411; x_wconf 71' lang='lat' dir='ltr'><strong>consubstantiali.</strong></span> 
     </span>
    </p>
   </div>
   <div class='ocr_carea' id='block_1_41' title="bbox 1047 426 1840 464">
    <p class='ocr_par' dir='ltr' id='par_1_41' title="bbox 1047 426 1840 464">
     <span class='ocr_line' id='line_1_41' title="bbox 1047 426 1840 464; baseline 0.003 -10"><span class='ocrx_word' id='word_1_272' title='bbox 1047 426 1122 460; x_wconf 84' lang='lat' dir='ltr'><strong>Quid</strong></span> <span class='ocrx_word' id='word_1_273' title='bbox 1135 429 1180 454; x_wconf 84' lang='lat' dir='ltr'><strong>est</strong></span> <span class='ocrx_word' id='word_1_274' title='bbox 1195 426 1459 460; x_wconf 84' lang='lat' dir='ltr'><strong>consubstantiale,</strong></span> <span class='ocrx_word' id='word_1_275' title='bbox 1475 430 1504 455; x_wconf 86' lang='lat' dir='ltr'><strong>et</strong></span> <span class='ocrx_word' id='word_1_276' title='bbox 1519 428 1682 456; x_wconf 88' lang='lat' dir='ltr'><strong>secundum</strong></span> <span class='ocrx_word' id='word_1_277' title='bbox 1706 428 1776 464; x_wconf 89' lang='lat' dir='ltr'><strong>quid</strong></span> <span class='ocrx_word' id='word_1_278' title='bbox 1792 428 1840 456; x_wconf 88' lang='lat' dir='ltr'><strong>di-</strong></span> 
     </span>
    </p>
   </div>
   <div class='ocr_carea' id='block_1_42' title="bbox 1012 472 1837 508">
    <p class='ocr_par' dir='ltr' id='par_1_42' title="bbox 1012 472 1837 508">
     <span class='ocr_line' id='line_1_42' title="bbox 1012 472 1837 508; baseline 0.001 -9"><span class='ocrx_word' id='word_1_279' title='bbox 1012 473 1093 499; x_wconf 86' lang='lat' dir='ltr'><strong>ctum</strong></span> <span class='ocrx_word' id='word_1_280' title='bbox 1114 473 1159 499; x_wconf 90' lang='lat' dir='ltr'><strong>est</strong></span> <span class='ocrx_word' id='word_1_281' title='bbox 1187 472 1450 505; x_wconf 86' lang='lat' dir='ltr'><strong>consubstantiale,</strong></span> <span class='ocrx_word' id='word_1_282' title='bbox 1477 472 1686 508; x_wconf 87' lang='lat' dir='ltr'><strong>quotupliciter</strong></span> <span class='ocrx_word' id='word_1_283' title='bbox 1711 473 1837 500; x_wconf 82' lang='lat' dir='ltr'><strong>consub-</strong></span> 
     </span>
    </p>
   </div>
   <div class='ocr_carea' id='block_1_43' title="bbox 1013 515 1839 552">
    <p class='ocr_par' dir='ltr' id='par_1_43' title="bbox 1013 515 1839 552">
     <span class='ocr_line' id='line_1_43' title="bbox 1013 515 1839 552; baseline 0.002 -9"><span class='ocrx_word' id='word_1_284' title='bbox 1013 515 1148 543; x_wconf 83' lang='lat' dir='ltr'><strong>stantiale</strong></span> <span class='ocrx_word' id='word_1_285' title='bbox 1163 515 1293 544; x_wconf 80' lang='lat' dir='ltr'><strong>dicitur?</strong></span> <span class='ocrx_word' id='word_1_286' title='bbox 1308 516 1563 544; x_wconf 79' lang='lat' dir='ltr'><strong>Consubstantiale</strong></span> <span class='ocrx_word' id='word_1_287' title='bbox 1574 517 1690 549; x_wconf 87' lang='lat' dir='ltr'><strong>dicitur,</strong></span> <span class='ocrx_word' id='word_1_288' title='bbox 1705 517 1779 552; x_wconf 90' lang='lat' dir='ltr'><strong>quod</strong></span> <span class='ocrx_word' id='word_1_289' title='bbox 1795 519 1839 545; x_wconf 89' lang='lat' dir='ltr'><strong>est</strong></span> 
     </span>
    </p>
   </div>
   <div class='ocr_carea' id='block_1_44' title="bbox 1013 560 1840 596">
    <p class='ocr_par' dir='ltr' id='par_1_44' title="bbox 1013 560 1840 596">
     <span class='ocr_line' id='line_1_44' title="bbox 1013 560 1840 596; baseline 0.002 -9"><span class='ocrx_word' id='word_1_290' title='bbox 1013 560 1145 595; x_wconf 81' lang='lat' dir='ltr'><strong>ejusdem</strong></span> <span class='ocrx_word' id='word_1_291' title='bbox 1162 560 1333 588; x_wconf 58' lang='lat' dir='ltr'><strong>substantia</strong></span> <span class='ocrx_word' id='word_1_292' title='bbox 1348 562 1377 588; x_wconf 89' lang='lat' dir='ltr'><strong>et</strong></span> <span class='ocrx_word' id='word_1_293' title='bbox 1391 560 1527 588; x_wconf 66' lang='lat' dir='ltr'><strong>efﬁcaciae</strong></span> <span class='ocrx_word' id='word_1_294' title='bbox 1543 561 1655 596; x_wconf 81' lang='lat' dir='ltr'><strong>absque</strong></span> <span class='ocrx_word' id='word_1_295' title='bbox 1669 561 1840 589; x_wconf 87' lang='lat' dir='ltr'><strong>discrimine</strong></span> 
     </span>
    </p>
   </div>
   <div class='ocr_carea' id='block_1_45' title="bbox 1013 604 1839 640">
    <p class='ocr_par' dir='ltr' id='par_1_45' title="bbox 1013 604 1839 640">
     <span class='ocr_line' id='line_1_45' title="bbox 1013 604 1839 640; baseline 0.001 -8"><span class='ocrx_word' id='word_1_296' title='bbox 1013 605 1085 632; x_wconf 87' lang='lat' dir='ltr'><strong>Nam</strong></span> <span class='ocrx_word' id='word_1_297' title='bbox 1102 604 1166 632; x_wconf 87' lang='lat' dir='ltr'><strong>ideo</strong></span> <span class='ocrx_word' id='word_1_298' title='bbox 1189 605 1440 633; x_wconf 86' lang='lat' dir='ltr'><strong>consubstantiale</strong></span> <span class='ocrx_word' id='word_1_299' title='bbox 1463 605 1580 638; x_wconf 87' lang='lat' dir='ltr'><strong>dicitur,</strong></span> <span class='ocrx_word' id='word_1_300' title='bbox 1605 606 1682 640; x_wconf 92' lang='lat' dir='ltr'><strong>quod</strong></span> <span class='ocrx_word' id='word_1_301' title='bbox 1707 607 1839 633; x_wconf 80' lang='lat' dir='ltr'><strong>eamdem</strong></span> 
     </span>
    </p>
   </div>
   <div class='ocr_carea' id='block_1_46' title="bbox 1013 649 1840 686">
    <p class='ocr_par' dir='ltr' id='par_1_46' title="bbox 1013 649 1840 686">
     <span class='ocr_line' id='line_1_46' title="bbox 1013 649 1840 686; baseline 0 -9"><span class='ocrx_word' id='word_1_302' title='bbox 1013 649 1120 677; x_wconf 85' lang='lat' dir='ltr'><strong>habeat</strong></span> <span class='ocrx_word' id='word_1_303' title='bbox 1135 650 1332 677; x_wconf 79' lang='lat' dir='ltr'><strong>substantiam</strong></span> <span class='ocrx_word' id='word_1_304' title='bbox 1350 652 1378 677; x_wconf 88' lang='lat' dir='ltr'><strong>et</strong></span> <span class='ocrx_word' id='word_1_305' title='bbox 1391 650 1578 677; x_wconf 83' lang='lat' dir='ltr'><strong>vim.Dicitur</strong></span> <span class='ocrx_word' id='word_1_306' title='bbox 1595 652 1693 677; x_wconf 89' lang='lat' dir='ltr'><strong>autem</strong></span> <span class='ocrx_word' id='word_1_307' title='bbox 1710 651 1840 686; x_wconf 86' lang='lat' dir='ltr'><strong>quinque</strong></span> 
     </span>
    </p>
   </div>
   <div class='ocr_carea' id='block_1_47' title="bbox 1014 693 1832 731">
    <p class='ocr_par' dir='ltr' id='par_1_47' title="bbox 1014 693 1832 731">
     <span class='ocr_line' id='line_1_47' title="bbox 1014 693 1832 731; baseline 0 -10"><span class='ocrx_word' id='word_1_308' title='bbox 1014 693 1109 721; x_wconf 90' lang='lat' dir='ltr'><strong>modis</strong></span> <span class='ocrx_word' id='word_1_309' title='bbox 1125 702 1132 722; x_wconf 87' lang='lat'>:</span> <span class='ocrx_word' id='word_1_310' title='bbox 1150 694 1413 727; x_wconf 82' lang='lat' dir='ltr'><strong>consubstantiale,</strong></span> <span class='ocrx_word' id='word_1_311' title='bbox 1430 694 1518 722; x_wconf 86' lang='lat' dir='ltr'><strong>simul</strong></span> <span class='ocrx_word' id='word_1_312' title='bbox 1535 694 1679 730; x_wconf 83' lang='lat' dir='ltr'><strong>genitum,</strong></span> <span class='ocrx_word' id='word_1_313' title='bbox 1702 695 1832 731; x_wconf 83' lang='lat' dir='ltr'><strong>congeni-</strong></span> 
     </span>
    </p>
   </div>
   <div class='ocr_carea' id='block_1_48' title="bbox 1013 737 1839 775">
    <p class='ocr_par' dir='ltr' id='par_1_48' title="bbox 1013 737 1839 775">
     <span class='ocr_line' id='line_1_48' title="bbox 1013 737 1839 775; baseline 0.001 -10"><span class='ocrx_word' id='word_1_314' title='bbox 1013 739 1087 771; x_wconf 86' lang='lat' dir='ltr'><strong>tum,</strong></span> <span class='ocrx_word' id='word_1_315' title='bbox 1103 737 1192 766; x_wconf 84' lang='lat' dir='ltr'><strong>simul</strong></span> <span class='ocrx_word' id='word_1_316' title='bbox 1208 740 1322 771; x_wconf 84' lang='lat' dir='ltr'><strong>natum,</strong></span> <span class='ocrx_word' id='word_1_317' title='bbox 1342 740 1371 766; x_wconf 89' lang='lat' dir='ltr'><strong>et</strong></span> <span class='ocrx_word' id='word_1_318' title='bbox 1385 739 1461 774; x_wconf 89' lang='lat' dir='ltr'><strong>quod</strong></span> <span class='ocrx_word' id='word_1_319' title='bbox 1487 742 1533 766; x_wconf 85' lang='lat' dir='ltr'><strong>est</strong></span> <span class='ocrx_word' id='word_1_320' title='bbox 1557 738 1690 773; x_wconf 83' lang='lat' dir='ltr'><strong>ejusdem</strong></span> <span class='ocrx_word' id='word_1_321' title='bbox 1713 738 1839 775; x_wconf 79' lang='lat' dir='ltr'><strong>generis.</strong></span> 
     </span>
    </p>
   </div>
   <div class='ocr_carea' id='block_1_49' title="bbox 1014 782 1838 819">
    <p class='ocr_par' dir='ltr' id='par_1_49' title="bbox 1014 782 1838 819">
     <span class='ocr_line' id='line_1_49' title="bbox 1014 782 1838 819; baseline 0.001 -9"><span class='ocrx_word' id='word_1_322' title='bbox 1014 782 1270 810; x_wconf 80' lang='lat' dir='ltr'><strong>Consubstantiale</strong></span> <span class='ocrx_word' id='word_1_323' title='bbox 1286 784 1382 810; x_wconf 85' lang='lat' dir='ltr'><strong>autem</strong></span> <span class='ocrx_word' id='word_1_324' title='bbox 1400 782 1536 818; x_wconf 87' lang='lat' dir='ltr'><strong>est,quod</strong></span> <span class='ocrx_word' id='word_1_325' title='bbox 1553 783 1583 810; x_wconf 89' lang='lat' dir='ltr'><strong>in</strong></span> <span class='ocrx_word' id='word_1_326' title='bbox 1600 783 1702 811; x_wconf 84' lang='lat' dir='ltr'><strong>eadem</strong></span> <span class='ocrx_word' id='word_1_327' title='bbox 1718 783 1838 819; x_wconf 83' lang='lat' dir='ltr'><strong>quidem</strong></span> 
     </span>
    </p>
   </div>
   <div class='ocr_carea' id='block_1_50' title="bbox 1014 827 1840 863">
    <p class='ocr_par' dir='ltr' id='par_1_50' title="bbox 1014 827 1840 863">
     <span class='ocr_line' id='line_1_50' title="bbox 1014 827 1840 863; baseline 0.001 -9"><span class='ocrx_word' id='word_1_328' title='bbox 1014 830 1060 854; x_wconf 86' lang='lat' dir='ltr'><strong>est</strong></span> <span class='ocrx_word' id='word_1_329' title='bbox 1073 827 1304 860; x_wconf 83' lang='lat' dir='ltr'><strong>subetantia,ssd</strong></span> <span class='ocrx_word' id='word_1_330' title='bbox 1321 827 1452 863; x_wconf 83' lang='lat' dir='ltr'><strong>aliquam</strong></span> <span class='ocrx_word' id='word_1_331' title='bbox 1461 829 1558 854; x_wconf 87' lang='lat' dir='ltr'><strong>tamen</strong></span> <span class='ocrx_word' id='word_1_332' title='bbox 1575 827 1770 855; x_wconf 72' lang='lat' dir='ltr'><strong>differentiam</strong></span> <span class='ocrx_word' id='word_1_333' title='bbox 1787 828 1840 855; x_wconf 82' lang='lat' dir='ltr'><strong>ha-</strong></span> 
     </span>
    </p>
   </div>
   <div class='ocr_carea' id='block_1_51' title="bbox 1014 871 1837 908">
    <p class='ocr_par' dir='ltr' id='par_1_51' title="bbox 1014 871 1837 908">
     <span class='ocr_line' id='line_1_51' title="bbox 1014 871 1837 908; baseline 0.001 -10"><span class='ocrx_word' id='word_1_334' title='bbox 1014 871 1081 905; x_wconf 85' lang='lat' dir='ltr'><strong>bet;</strong></span> <span class='ocrx_word' id='word_1_335' title='bbox 1098 871 1177 899; x_wconf 82' lang='lat' dir='ltr'><strong>verbi</strong></span> <span class='ocrx_word' id='word_1_336' title='bbox 1193 872 1297 907; x_wconf 85' lang='lat' dir='ltr'><strong>gratia,</strong></span> <span class='ocrx_word' id='word_1_337' title='bbox 1313 871 1389 908; x_wconf 87' lang='lat' dir='ltr'><strong>lapis</strong></span> <span class='ocrx_word' id='word_1_338' title='bbox 1404 871 1546 906; x_wconf 78' lang='lat' dir='ltr'><strong>curiosus,</strong></span> <span class='ocrx_word' id='word_1_339' title='bbox 1563 873 1591 899; x_wconf 88' lang='lat' dir='ltr'><strong>et</strong></span> <span class='ocrx_word' id='word_1_340' title='bbox 1605 871 1775 905; x_wconf 88' lang='lat' dir='ltr'><strong>solidus,vel</strong></span> <span class='ocrx_word' id='word_1_341' title='bbox 1789 873 1837 898; x_wconf 90' lang='lat' dir='ltr'><strong>du-</strong></span> 
     </span>
    </p>
   </div>
   <div class='ocr_carea' id='block_1_52' title="bbox 1015 915 1838 951">
    <p class='ocr_par' dir='ltr' id='par_1_52' title="bbox 1015 915 1838 951">
     <span class='ocr_line' id='line_1_52' title="bbox 1015 915 1838 951; baseline 0.001 -8"><span class='ocrx_word' id='word_1_342' title='bbox 1015 923 1066 943; x_wconf 86' lang='lat' dir='ltr'><strong>rus</strong></span> <span class='ocrx_word' id='word_1_343' title='bbox 1082 924 1089 943; x_wconf 85' lang='lat'><strong>:</strong></span> <span class='ocrx_word' id='word_1_344' title='bbox 1105 916 1381 949; x_wconf 87' lang='lat' dir='ltr'><strong>consubstantiales,</strong></span> <span class='ocrx_word' id='word_1_345' title='bbox 1398 915 1453 943; x_wconf 89' lang='lat' dir='ltr'><strong>hoc</strong></span> <span class='ocrx_word' id='word_1_346' title='bbox 1468 918 1523 950; x_wconf 87' lang='lat' dir='ltr'><strong>est,</strong></span> <span class='ocrx_word' id='word_1_347' title='bbox 1541 916 1629 944; x_wconf 88' lang='lat' dir='ltr'><strong>unius</strong></span> <span class='ocrx_word' id='word_1_348' title='bbox 1654 919 1682 944; x_wconf 90' lang='lat' dir='ltr'><strong>et</strong></span> <span class='ocrx_word' id='word_1_349' title='bbox 1703 916 1838 951; x_wconf 81' lang='lat' dir='ltr'><strong>ejusdem</strong></span> 
     </span>
    </p>
   </div>
   <div class='ocr_carea' id='block_1_53' title="bbox 1015 960 1839 996">
    <p class='ocr_par' dir='ltr' id='par_1_53' title="bbox 1015 960 1839 996">
     <span class='ocr_line' id='line_1_53' title="bbox 1015 960 1839 996; baseline 0 -8"><span class='ocrx_word' id='word_1_350' title='bbox 1015 962 1085 988; x_wconf 85' lang='lat' dir='ltr'><strong>sunt</strong></span> <span class='ocrx_word' id='word_1_351' title='bbox 1095 960 1324 988; x_wconf 62' lang='lat' dir='ltr'><strong>substantinta</strong></span> <span class='ocrx_word' id='word_1_352' title='bbox 1339 960 1451 996; x_wconf 82' lang='lat' dir='ltr'><strong>lignum</strong></span> <span class='ocrx_word' id='word_1_353' title='bbox 1470 960 1615 996; x_wconf 79' lang='lat' dir='ltr'><strong>palmas,et</strong></span> <span class='ocrx_word' id='word_1_354' title='bbox 1630 961 1713 988; x_wconf 89' lang='lat' dir='ltr'><strong>ebeni</strong></span> <span class='ocrx_word' id='word_1_355' title='bbox 1726 961 1839 996; x_wconf 87' lang='lat' dir='ltr'><strong>lignum</strong></span> 
     </span>
    </p>
   </div>
   <div class='ocr_carea' id='block_1_54' title="bbox 1015 1004 1840 1040">
    <p class='ocr_par' dir='ltr' id='par_1_54' title="bbox 1015 1004 1840 1040">
     <span class='ocr_line' id='line_1_54' title="bbox 1015 1004 1840 1040; baseline 0 -8"><span class='ocrx_word' id='word_1_356' title='bbox 1015 1007 1044 1032; x_wconf 89' lang='lat' dir='ltr'><strong>et</strong></span> <span class='ocrx_word' id='word_1_357' title='bbox 1057 1013 1124 1032; x_wconf 81' lang='lat' dir='ltr'><strong>caro</strong></span> <span class='ocrx_word' id='word_1_358' title='bbox 1140 1004 1291 1040; x_wconf 86' lang='lat' dir='ltr'><strong>cameli,ac</strong></span> <span class='ocrx_word' id='word_1_359' title='bbox 1306 1013 1371 1032; x_wconf 92' lang='lat' dir='ltr'><strong>caro</strong></span> <span class='ocrx_word' id='word_1_360' title='bbox 1388 1005 1559 1040; x_wconf 65' lang='lat' dir='ltr'><strong>piscileme</strong></span> <span class='ocrx_word' id='word_1_361' title='bbox 1573 1005 1840 1033; x_wconf 80' lang='lat' dir='ltr'><strong>consubstantialia</strong></span> 
     </span>
    </p>
   </div>
   <div class='ocr_carea' id='block_1_55' title="bbox 1016 1049 1840 1085">
    <p class='ocr_par' dir='ltr' id='par_1_55' title="bbox 1016 1049 1840 1085">
     <span class='ocr_line' id='line_1_55' title="bbox 1016 1049 1840 1085; baseline 0.001 -9"><span class='ocrx_word' id='word_1_362' title='bbox 1016 1049 1164 1084; x_wconf 87' lang='lat' dir='ltr'><strong>dicuntur,</strong></span> <span class='ocrx_word' id='word_1_363' title='bbox 1180 1058 1213 1077; x_wconf 83' lang='lat' dir='ltr'><strong>eo</strong></span> <span class='ocrx_word' id='word_1_364' title='bbox 1229 1049 1305 1085; x_wconf 85' lang='lat' dir='ltr'><strong>quod</strong></span> <span class='ocrx_word' id='word_1_365' title='bbox 1323 1049 1454 1084; x_wconf 84' lang='lat' dir='ltr'><strong>ejusdem</strong></span> <span class='ocrx_word' id='word_1_366' title='bbox 1471 1049 1532 1077; x_wconf 80' lang='lat' dir='ltr'><strong>sint</strong></span> <span class='ocrx_word' id='word_1_367' title='bbox 1544 1049 1840 1082; x_wconf 59' lang='lat' dir='ltr'><strong>substantiaQuem-</strong></span> 
     </span>
    </p>
   </div>
   <div class='ocr_carea' id='block_1_56' title="bbox 1016 1093 1841 1130">
    <p class='ocr_par' dir='ltr' id='par_1_56' title="bbox 1016 1093 1841 1130">
     <span class='ocr_line' id='line_1_56' title="bbox 1016 1093 1841 1130; baseline 0.001 -9"><span class='ocrx_word' id='word_1_368' title='bbox 1016 1094 1175 1121; x_wconf 84' lang='lat' dir='ltr'><strong>admodum</strong></span> <span class='ocrx_word' id='word_1_369' title='bbox 1191 1102 1293 1121; x_wconf 85' lang='lat' dir='ltr'><strong>omnes</strong></span> <span class='ocrx_word' id='word_1_370' title='bbox 1309 1093 1443 1121; x_wconf 87' lang='lat' dir='ltr'><strong>homines</strong></span> <span class='ocrx_word' id='word_1_371' title='bbox 1459 1094 1548 1121; x_wconf 89' lang='lat' dir='ltr'><strong>unius</strong></span> <span class='ocrx_word' id='word_1_372' title='bbox 1570 1094 1742 1122; x_wconf 75' lang='lat' dir='ltr'><strong>substantiae</strong></span> <span class='ocrx_word' id='word_1_373' title='bbox 1758 1097 1841 1130; x_wconf 83' lang='lat' dir='ltr'><strong>sunt,</strong></span> 
     </span>
    </p>
   </div>
   <div class='ocr_carea' id='block_1_57' title="bbox 1016 1138 1837 1174">
    <p class='ocr_par' dir='ltr' id='par_1_57' title="bbox 1016 1138 1837 1174">
     <span class='ocr_line' id='line_1_57' title="bbox 1016 1138 1837 1174; baseline 0.001 -9"><span class='ocrx_word' id='word_1_374' title='bbox 1016 1146 1086 1166; x_wconf 86' lang='lat' dir='ltr'><strong>suas</strong></span> <span class='ocrx_word' id='word_1_375' title='bbox 1111 1140 1207 1165; x_wconf 88' lang='lat' dir='ltr'><strong>tamen</strong></span> <span class='ocrx_word' id='word_1_376' title='bbox 1231 1138 1410 1166; x_wconf 78' lang='lat' dir='ltr'><strong>diﬂ&#39;erentias</strong></span> <span class='ocrx_word' id='word_1_377' title='bbox 1434 1138 1552 1172; x_wconf 84' lang='lat' dir='ltr'><strong>habent,</strong></span> <span class='ocrx_word' id='word_1_378' title='bbox 1585 1141 1738 1174; x_wconf 81' lang='lat' dir='ltr'><strong>propterea</strong></span> <span class='ocrx_word' id='word_1_379' title='bbox 1760 1140 1837 1174; x_wconf 89' lang='lat' dir='ltr'><strong>quod</strong></span> 
     </span>
    </p>
   </div>
   <div class='ocr_carea' id='block_1_58' title="bbox 1016 1182 1841 1219">
    <p class='ocr_par' dir='ltr' id='par_1_58' title="bbox 1016 1182 1841 1219">
     <span class='ocr_line' id='line_1_58' title="bbox 1016 1182 1841 1219; baseline 0.001 -9"><span class='ocrx_word' id='word_1_380' title='bbox 1016 1182 1092 1210; x_wconf 80' lang='lat' dir='ltr'><strong>alius</strong></span> <span class='ocrx_word' id='word_1_381' title='bbox 1108 1182 1226 1218; x_wconf 81' lang='lat' dir='ltr'><strong>quidem</strong></span> <span class='ocrx_word' id='word_1_382' title='bbox 1244 1190 1392 1217; x_wconf 88' lang='lat' dir='ltr'><strong>procerus,</strong></span> <span class='ocrx_word' id='word_1_383' title='bbox 1410 1182 1486 1210; x_wconf 88' lang='lat' dir='ltr'><strong>alius</strong></span> <span class='ocrx_word' id='word_1_384' title='bbox 1507 1183 1612 1218; x_wconf 82' lang='lat' dir='ltr'><strong>brevis,</strong></span> <span class='ocrx_word' id='word_1_385' title='bbox 1629 1183 1704 1211; x_wconf 85' lang='lat' dir='ltr'><strong>alius</strong></span> <span class='ocrx_word' id='word_1_386' title='bbox 1725 1185 1841 1219; x_wconf 84' lang='lat' dir='ltr'><strong>potens,</strong></span> 
     </span>
    </p>
   </div>
   <div class='ocr_carea' id='block_1_59' title="bbox 1016 1226 1840 1263">
    <p class='ocr_par' dir='ltr' id='par_1_59' title="bbox 1016 1226 1840 1263">
     <span class='ocr_line' id='line_1_59' title="bbox 1016 1226 1840 1263; baseline 0.002 -9"><span class='ocrx_word' id='word_1_387' title='bbox 1016 1226 1092 1254; x_wconf 83' lang='lat' dir='ltr'><strong>alius</strong></span> <span class='ocrx_word' id='word_1_388' title='bbox 1107 1226 1419 1254; x_wconf 87' lang='lat' dir='ltr'><strong>miser.Verumtamen</strong></span> <span class='ocrx_word' id='word_1_389' title='bbox 1435 1227 1546 1263; x_wconf 86' lang='lat' dir='ltr'><strong>pariter</strong></span> <span class='ocrx_word' id='word_1_390' title='bbox 1560 1228 1648 1255; x_wconf 91' lang='lat' dir='ltr'><strong>unius</strong></span> <span class='ocrx_word' id='word_1_391' title='bbox 1663 1230 1692 1255; x_wconf 89' lang='lat' dir='ltr'><strong>et</strong></span> <span class='ocrx_word' id='word_1_392' title='bbox 1707 1228 1840 1263; x_wconf 87' lang='lat' dir='ltr'><strong>ejusdem</strong></span> 
     </span>
    </p>
   </div>
   <div class='ocr_carea' id='block_1_60' title="bbox 1016 1271 1839 1308">
    <p class='ocr_par' dir='ltr' id='par_1_60' title="bbox 1016 1271 1839 1308">
     <span class='ocr_line' id='line_1_60' title="bbox 1016 1271 1839 1308; baseline 0.001 -9"><span class='ocrx_word' id='word_1_393' title='bbox 1016 1274 1087 1299; x_wconf 89' lang='lat' dir='ltr'><strong>sunt</strong></span> <span class='ocrx_word' id='word_1_394' title='bbox 1108 1271 1291 1305; x_wconf 65' lang='lat' dir='ltr'><strong>substantiis,</strong></span> <span class='ocrx_word' id='word_1_395' title='bbox 1317 1272 1422 1299; x_wconf 69' lang='lat' dir='ltr'><strong>animis</strong></span> <span class='ocrx_word' id='word_1_396' title='bbox 1448 1272 1559 1299; x_wconf 82' lang='lat' dir='ltr'><strong>scilicet</strong></span> <span class='ocrx_word' id='word_1_397' title='bbox 1583 1275 1671 1308; x_wconf 84' lang='lat' dir='ltr'><strong>atque</strong></span> <span class='ocrx_word' id='word_1_398' title='bbox 1697 1274 1839 1308; x_wconf 84' lang='lat' dir='ltr'><strong>corporis.</strong></span> 
     </span>
    </p>
   </div>
   <div class='ocr_carea' id='block_1_61' title="bbox 1015 1315 1843 1352">
    <p class='ocr_par' dir='ltr' id='par_1_61' title="bbox 1015 1315 1843 1352">
     <span class='ocr_line' id='line_1_61' title="bbox 1015 1315 1843 1352; baseline 0.001 -9"><span class='ocrx_word' id='word_1_399' title='bbox 1015 1315 1143 1343; x_wconf 81' lang='lat' dir='ltr'><strong>Alterius</strong></span> <span class='ocrx_word' id='word_1_400' title='bbox 1158 1315 1330 1344; x_wconf 80' lang='lat' dir='ltr'><strong>substantiae</strong></span> <span class='ocrx_word' id='word_1_401' title='bbox 1346 1316 1465 1351; x_wconf 90' lang='lat' dir='ltr'><strong>dicitur,</strong></span> <span class='ocrx_word' id='word_1_402' title='bbox 1484 1317 1561 1352; x_wconf 90' lang='lat' dir='ltr'><strong>quod</strong></span> <span class='ocrx_word' id='word_1_403' title='bbox 1578 1316 1696 1345; x_wconf 70' lang='lat' dir='ltr'><strong>diversas</strong></span> <span class='ocrx_word' id='word_1_404' title='bbox 1710 1320 1754 1344; x_wconf 87' lang='lat' dir='ltr'><strong>est</strong></span> <span class='ocrx_word' id='word_1_405' title='bbox 1767 1319 1843 1345; x_wconf 86' lang='lat' dir='ltr'><strong>sub-</strong></span> 
     </span>
    </p>
   </div>
   <div class='ocr_carea' id='block_1_62' title="bbox 1016 1360 1841 1396">
    <p class='ocr_par' dir='ltr' id='par_1_62' title="bbox 1016 1360 1841 1396">
     <span class='ocr_line' id='line_1_62' title="bbox 1016 1360 1841 1396; baseline 0.001 -8"><span class='ocrx_word' id='word_1_406' title='bbox 1016 1360 1142 1394; x_wconf 66' lang='lat' dir='ltr'><strong>stantiis,</strong></span> <span class='ocrx_word' id='word_1_407' title='bbox 1157 1369 1210 1388; x_wconf 86' lang='lat' dir='ltr'><strong>nec</strong></span> <span class='ocrx_word' id='word_1_408' title='bbox 1226 1360 1375 1388; x_wconf 83' lang='lat' dir='ltr'><strong>ullatenus</strong></span> <span class='ocrx_word' id='word_1_409' title='bbox 1396 1360 1444 1388; x_wconf 87' lang='lat' dir='ltr'><strong>alii</strong></span> <span class='ocrx_word' id='word_1_410' title='bbox 1462 1362 1507 1388; x_wconf 86' lang='lat' dir='ltr'><strong>est</strong></span> <span class='ocrx_word' id='word_1_411' title='bbox 1532 1361 1629 1394; x_wconf 79' lang='lat' dir='ltr'><strong>affine,</strong></span> <span class='ocrx_word' id='word_1_412' title='bbox 1655 1362 1704 1388; x_wconf 87' lang='lat' dir='ltr'><strong>sed</strong></span> <span class='ocrx_word' id='word_1_413' title='bbox 1724 1361 1841 1396; x_wconf 81' lang='lat' dir='ltr'><strong>penitus</strong></span> 
     </span>
    </p>
   </div>
   <div class='ocr_carea' id='block_1_63' title="bbox 1016 1403 1842 1439">
    <p class='ocr_par' dir='ltr' id='par_1_63' title="bbox 1016 1403 1842 1439">
     <span class='ocr_line' id='line_1_63' title="bbox 1016 1403 1842 1439; baseline 0 -8"><span class='ocrx_word' id='word_1_414' title='bbox 1016 1404 1145 1432; x_wconf 84' lang='lat' dir='ltr'><strong>alienum</strong></span> <span class='ocrx_word' id='word_1_415' title='bbox 1161 1406 1189 1432; x_wconf 87' lang='lat' dir='ltr'><strong>et</strong></span> <span class='ocrx_word' id='word_1_416' title='bbox 1200 1403 1279 1431; x_wconf 89' lang='lat' dir='ltr'><strong>omni</strong></span> <span class='ocrx_word' id='word_1_417' title='bbox 1304 1404 1390 1432; x_wconf 88' lang='lat' dir='ltr'><strong>modo</strong></span> <span class='ocrx_word' id='word_1_418' title='bbox 1411 1404 1561 1438; x_wconf 87' lang='lat' dir='ltr'><strong>absimile;</strong></span> <span class='ocrx_word' id='word_1_419' title='bbox 1578 1405 1743 1439; x_wconf 80' lang='lat' dir='ltr'><strong>cujusmodi</strong></span> <span class='ocrx_word' id='word_1_420' title='bbox 1771 1408 1842 1432; x_wconf 88' lang='lat' dir='ltr'><strong>sunt</strong></span> 
     </span>
    </p>
   </div>
   <div class='ocr_carea' id='block_1_64' title="bbox 1016 1447 1841 1485">
    <p class='ocr_par' dir='ltr' id='par_1_64' title="bbox 1016 1447 1841 1485">
     <span class='ocr_line' id='line_1_64' title="bbox 1016 1447 1841 1485; baseline 0 -9"><span class='ocrx_word' id='word_1_421' title='bbox 1016 1448 1094 1485; x_wconf 86' lang='lat' dir='ltr'><strong>ignis</strong></span> <span class='ocrx_word' id='word_1_422' title='bbox 1109 1451 1137 1476; x_wconf 87' lang='lat' dir='ltr'><strong>et</strong></span> <span class='ocrx_word' id='word_1_423' title='bbox 1152 1457 1228 1484; x_wconf 88' lang='lat' dir='ltr'><strong>aqua</strong></span> <span class='ocrx_word' id='word_1_424' title='bbox 1244 1456 1250 1476; x_wconf 77' lang='grc' dir='ltr'>ε</span> <span class='ocrx_word' id='word_1_425' title='bbox 1268 1447 1324 1476; x_wconf 75' lang='lat' dir='ltr'><strong>alia</strong></span> <span class='ocrx_word' id='word_1_426' title='bbox 1339 1448 1448 1484; x_wconf 89' lang='lat' dir='ltr'><strong>quippe</strong></span> <span class='ocrx_word' id='word_1_427' title='bbox 1464 1451 1508 1476; x_wconf 89' lang='lat' dir='ltr'><strong>est</strong></span> <span class='ocrx_word' id='word_1_428' title='bbox 1527 1448 1693 1476; x_wconf 83' lang='lat' dir='ltr'><strong>substantia</strong></span> <span class='ocrx_word' id='word_1_429' title='bbox 1719 1449 1796 1484; x_wconf 85' lang='lat' dir='ltr'><strong>ignis</strong></span> <span class='ocrx_word' id='word_1_430' title='bbox 1813 1452 1841 1477; x_wconf 86' lang='lat' dir='ltr'><strong>et</strong></span> 
     </span>
    </p>
   </div>
   <div class='ocr_carea' id='block_1_65' title="bbox 1016 1492 1839 1528">
    <p class='ocr_par' dir='ltr' id='par_1_65' title="bbox 1016 1492 1839 1528">
     <span class='ocr_line' id='line_1_65' title="bbox 1016 1492 1839 1528; baseline 0 -8"><span class='ocrx_word' id='word_1_431' title='bbox 1016 1501 1098 1528; x_wconf 67' lang='lat' dir='ltr'><strong>aqua:</strong></span> <span class='ocrx_word' id='word_1_432' title='bbox 1122 1493 1189 1520; x_wconf 85' lang='lat' dir='ltr'><strong>alia.</strong></span> <span class='ocrx_word' id='word_1_433' title='bbox 1216 1493 1341 1528; x_wconf 86' lang='lat' dir='ltr'><strong>Ideoque</strong></span> <span class='ocrx_word' id='word_1_434' title='bbox 1365 1492 1486 1520; x_wconf 84' lang='lat' dir='ltr'><strong>alterius</strong></span> <span class='ocrx_word' id='word_1_435' title='bbox 1512 1492 1686 1520; x_wconf 62' lang='lat' dir='ltr'><strong>substantias</strong></span> <span class='ocrx_word' id='word_1_436' title='bbox 1719 1493 1839 1527; x_wconf 84' lang='lat' dir='ltr'><strong>dicitur,</strong></span> 
     </span>
    </p>
   </div>
   <div class='ocr_carea' id='block_1_66' title="bbox 1016 1536 1837 1573">
    <p class='ocr_par' dir='ltr' id='par_1_66' title="bbox 1016 1536 1837 1573">
     <span class='ocr_line' id='line_1_66' title="bbox 1016 1536 1837 1573; baseline 0.001 -9"><span class='ocrx_word' id='word_1_437' title='bbox 1016 1537 1085 1573; x_wconf 88' lang='lat' dir='ltr'><strong>quia</strong></span> <span class='ocrx_word' id='word_1_438' title='bbox 1093 1536 1213 1565; x_wconf 84' lang='lat' dir='ltr'><strong>alterius</strong></span> <span class='ocrx_word' id='word_1_439' title='bbox 1221 1538 1332 1565; x_wconf 61' lang='lat' dir='ltr'><strong>naturas</strong></span> <span class='ocrx_word' id='word_1_440' title='bbox 1341 1539 1427 1573; x_wconf 84' lang='lat' dir='ltr'><strong>atque</strong></span> <span class='ocrx_word' id='word_1_441' title='bbox 1436 1537 1550 1573; x_wconf 84' lang='lat' dir='ltr'><strong>generis</strong></span> <span class='ocrx_word' id='word_1_442' title='bbox 1562 1544 1568 1564; x_wconf 94' lang='lat'>:</span> <span class='ocrx_word' id='word_1_443' title='bbox 1577 1537 1837 1573; x_wconf 85' lang='lat' dir='ltr'><strong>quemadmodum,</strong></span> 
     </span>
    </p>
   </div>
   <div class='ocr_carea' id='block_1_67' title="bbox 1015 1581 1835 1618">
    <p class='ocr_par' dir='ltr' id='par_1_67' title="bbox 1015 1581 1835 1618">
     <span class='ocr_line' id='line_1_67' title="bbox 1015 1581 1835 1618; baseline 0.001 -9"><span class='ocrx_word' id='word_1_444' title='bbox 1015 1581 1104 1616; x_wconf 85' lang='lat' dir='ltr'><strong>Deus,</strong></span> <span class='ocrx_word' id='word_1_445' title='bbox 1128 1582 1262 1618; x_wconf 85' lang='lat' dir='ltr'><strong>angelus,</strong></span> <span class='ocrx_word' id='word_1_446' title='bbox 1284 1581 1391 1615; x_wconf 86' lang='lat' dir='ltr'><strong>lutum,</strong></span> <span class='ocrx_word' id='word_1_447' title='bbox 1416 1581 1460 1609; x_wconf 89' lang='lat' dir='ltr'><strong>sol</strong></span> <span class='ocrx_word' id='word_1_448' title='bbox 1485 1583 1513 1609; x_wconf 87' lang='lat' dir='ltr'><strong>et</strong></span> <span class='ocrx_word' id='word_1_449' title='bbox 1534 1582 1646 1610; x_wconf 83' lang='lat' dir='ltr'><strong>fenum.</strong></span> <span class='ocrx_word' id='word_1_450' title='bbox 1670 1582 1734 1610; x_wconf 75' lang='lat' dir='ltr'><strong>stc</strong></span> <span class='ocrx_word' id='word_1_451' title='bbox 1757 1584 1835 1610; x_wconf 88' lang='lat' dir='ltr'><strong>enim</strong></span> 
     </span>
    </p>
   </div>
   <div class='ocr_carea' id='block_1_68' title="bbox 978 1617 1839 1662">
    <p class='ocr_par' dir='ltr' id='par_1_68' title="bbox 978 1617 1839 1662">
     <span class='ocr_line' id='line_1_68' title="bbox 978 1617 1839 1662; baseline 0.001 -10"><span class='ocrx_word' id='word_1_452' title='bbox 978 1617 1000 1651; x_wconf 83' lang='lat' dir='ltr'><strong><em>C</em></strong></span> <span class='ocrx_word' id='word_1_453' title='bbox 1020 1625 1158 1654; x_wconf 86' lang='lat' dir='ltr'><strong>omnibus</strong></span> <span class='ocrx_word' id='word_1_454' title='bbox 1173 1626 1268 1654; x_wconf 85' lang='lat' dir='ltr'><strong>modis</strong></span> <span class='ocrx_word' id='word_1_455' title='bbox 1283 1625 1429 1653; x_wconf 83' lang='lat' dir='ltr'><strong>absimilis</strong></span> <span class='ocrx_word' id='word_1_456' title='bbox 1443 1628 1513 1653; x_wconf 88' lang='lat' dir='ltr'><strong>sunt</strong></span> <span class='ocrx_word' id='word_1_457' title='bbox 1527 1625 1603 1653; x_wconf 85' lang='lat' dir='ltr'><strong>inter</strong></span> <span class='ocrx_word' id='word_1_458' title='bbox 1616 1629 1839 1662; x_wconf 83' lang='lat' dir='ltr'><strong>se,quapropter</strong></span> 
     </span>
    </p>
   </div>
   <div class='ocr_carea' id='block_1_69' title="bbox 136 1669 1839 1706">
    <p class='ocr_par' dir='ltr' id='par_1_69' title="bbox 136 1669 1839 1706">
     <span class='ocr_line' id='line_1_69' title="bbox 136 1669 1839 1706; baseline -0.002 -5"><span class='ocrx_word' id='word_1_459' title='bbox 136 1671 265 1701; x_wconf 75' lang='lat' dir='ltr'><strong>alterius</strong></span> <span class='ocrx_word' id='word_1_460' title='bbox 281 1670 454 1699; x_wconf 66' lang='lat' dir='ltr'><strong>substantia</strong></span> <span class='ocrx_word' id='word_1_461' title='bbox 470 1670 609 1698; x_wconf 89' lang='lat' dir='ltr'><strong>dicuntur</strong></span> <span class='ocrx_word' id='word_1_462' title='bbox 624 1678 630 1697; x_wconf 93' lang='lat'><strong>:</strong></span> <span class='ocrx_word' id='word_1_463' title='bbox 647 1672 748 1706; x_wconf 84' lang='lat' dir='ltr'><strong>utpote</strong></span> <span class='ocrx_word' id='word_1_464' title='bbox 763 1670 840 1706; x_wconf 90' lang='lat' dir='ltr'><strong>quod</strong></span> <span class='ocrx_word' id='word_1_465' title='bbox 856 1669 981 1699; x_wconf 84' lang='lat' dir='ltr'><strong>alterum</strong></span> <span class='ocrx_word' id='word_1_466' title='bbox 1005 1678 1073 1698; x_wconf 90' lang='lat' dir='ltr'><strong>cum</strong></span> <span class='ocrx_word' id='word_1_467' title='bbox 1087 1669 1209 1698; x_wconf 85' lang='lat' dir='ltr'><strong>alterius</strong></span> <span class='ocrx_word' id='word_1_468' title='bbox 1232 1669 1397 1698; x_wconf 77' lang='lat' dir='ltr'><strong>substantia</strong></span> <span class='ocrx_word' id='word_1_469' title='bbox 1420 1670 1542 1698; x_wconf 88' lang='lat' dir='ltr'><strong>minime</strong></span> <span class='ocrx_word' id='word_1_470' title='bbox 1565 1670 1772 1706; x_wconf 85' lang='lat' dir='ltr'><strong>communicet,</strong></span> <span class='ocrx_word' id='word_1_471' title='bbox 1787 1671 1839 1700; x_wconf 81' lang='lat' dir='ltr'><strong>sed</strong></span> 
     </span>
    </p>
   </div>
   <div class='ocr_carea' id='block_1_70' title="bbox 134 1714 821 1749">
    <p class='ocr_par' dir='ltr' id='par_1_70' title="bbox 134 1714 821 1749">
     <span class='ocr_line' id='line_1_70' title="bbox 134 1714 821 1749; baseline -0.003 -4"><span class='ocrx_word' id='word_1_472' title='bbox 134 1717 193 1745; x_wconf 75' lang='lat' dir='ltr'><strong>alia</strong></span> <span class='ocrx_word' id='word_1_473' title='bbox 208 1717 250 1744; x_wconf 85' lang='lat' dir='ltr'><strong>sit</strong></span> <span class='ocrx_word' id='word_1_474' title='bbox 262 1715 357 1748; x_wconf 88' lang='lat' dir='ltr'><strong>illius,</strong></span> <span class='ocrx_word' id='word_1_475' title='bbox 372 1715 430 1743; x_wconf 81' lang='lat' dir='ltr'><strong>alia</strong></span> <span class='ocrx_word' id='word_1_476' title='bbox 445 1714 577 1749; x_wconf 85' lang='lat' dir='ltr'><strong>alterius,</strong></span> <span class='ocrx_word' id='word_1_477' title='bbox 594 1717 626 1743; x_wconf 88' lang='lat' dir='ltr'><strong>ut</strong></span> <span class='ocrx_word' id='word_1_478' title='bbox 640 1714 751 1743; x_wconf 84' lang='lat' dir='ltr'><strong>dictum</strong></span> <span class='ocrx_word' id='word_1_479' title='bbox 767 1717 821 1743; x_wconf 88' lang='lat' dir='ltr'><strong>est.</strong></span> 
     </span>
    </p>
   </div>
   <div class='ocr_carea' id='block_1_71' title="bbox 372 1766 772 1805">
    <p class='ocr_par' dir='ltr' id='par_1_71' title="bbox 372 1766 772 1805">
     <span class='ocr_line' id='line_1_71' title="bbox 372 1766 772 1805; baseline 0.003 -10"><span class='ocrx_word' id='word_1_480' title='bbox 372 1768 434 1796; x_wconf 80' lang='lat' dir='ltr'><strong>VII.</strong></span> <span class='ocrx_word' id='word_1_481' title='bbox 451 1767 516 1804; x_wconf 87' lang='grc' dir='ltr'><strong>Περῖ</strong></span> <span class='ocrx_word' id='word_1_482' title='bbox 529 1768 622 1805; x_wconf 81' lang='grc' dir='ltr'>ψυχῆς</span> <span class='ocrx_word' id='word_1_483' title='bbox 640 1766 686 1794; x_wconf 88' lang='grc' dir='ltr'><strong>καὶ</strong></span> <span class='ocrx_word' id='word_1_484' title='bbox 699 1767 772 1799; x_wconf 89' lang='grc' dir='ltr'>νοός.</span> 
     </span>
    </p>
   </div>
   <div class='ocr_carea' id='block_1_72' title="bbox 171 1810 964 1850">
    <p class='ocr_par' dir='ltr' id='par_1_72' title="bbox 171 1810 964 1850">
     <span class='ocr_line' id='line_1_72' title="bbox 171 1810 964 1850; baseline -0.003 -9"><span class='ocrx_word' id='word_1_485' title='bbox 171 1814 282 1843; x_wconf 64' lang='lat' dir='ltr'><strong>Anci):</strong></span> <span class='ocrx_word' id='word_1_486' title='bbox 298 1812 403 1849; x_wconf 72' lang='grc' dir='ltr'>λέγεται</span> <span class='ocrx_word' id='word_1_487' title='bbox 421 1812 438 1847; x_wconf 82' lang='grc' dir='ltr'>ἠ</span> <span class='ocrx_word' id='word_1_488' title='bbox 459 1812 547 1849; x_wconf 74' lang='grc' dir='ltr'>ψυχὴ,</span> <span class='ocrx_word' id='word_1_489' title='bbox 573 1811 622 1848; x_wconf 85' lang='grc' dir='ltr'><strong>μία</strong></span> <span class='ocrx_word' id='word_1_490' title='bbox 648 1811 695 1848; x_wconf 73' lang='grc' dir='ltr'><strong>μὶν</strong></span> <span class='ocrx_word' id='word_1_491' title='bbox 720 1812 737 1846; x_wconf 87' lang='grc' dir='ltr'>ἠ</span> <span class='ocrx_word' id='word_1_492' title='bbox 765 1810 873 1850; x_wconf 78' lang='grc' dir='ltr'>ἄλογος,</span> <span class='ocrx_word' id='word_1_493' title='bbox 902 1811 964 1847; x_wconf 85' lang='grc' dir='ltr'>ἥτις</span> 
     </span>
    </p>
   </div>
   <div class='ocr_carea' id='block_1_73' title="bbox 135 1854 965 1894">
    <p class='ocr_par' dir='ltr' id='par_1_73' title="bbox 135 1854 965 1894">
     <span class='ocr_line' id='line_1_73' title="bbox 135 1854 965 1894; baseline -0.004 -8"><span class='ocrx_word' id='word_1_494' title='bbox 135 1859 194 1886; x_wconf 65' lang='grc' dir='ltr'>ἐστὶ</span> <span class='ocrx_word' id='word_1_495' title='bbox 210 1858 243 1885; x_wconf 81' lang='grc' dir='ltr'>τὸ</span> <span class='ocrx_word' id='word_1_496' title='bbox 258 1859 313 1884; x_wconf 83' lang='grc' dir='ltr'>τῶν</span> <span class='ocrx_word' id='word_1_497' title='bbox 341 1858 457 1892; x_wconf 78' lang='grc' dir='ltr'>κτηνῶν·</span> <span class='ocrx_word' id='word_1_498' title='bbox 489 1856 566 1893; x_wconf 70' lang='grc' dir='ltr'>ἑτέρα</span> <span class='ocrx_word' id='word_1_499' title='bbox 595 1854 624 1883; x_wconf 67' lang='grc' dir='ltr'>δὲ</span> <span class='ocrx_word' id='word_1_500' title='bbox 651 1856 668 1891; x_wconf 84' lang='grc' dir='ltr'><strong>ἠ</strong></span> <span class='ocrx_word' id='word_1_501' title='bbox 694 1855 804 1894; x_wconf 68' lang='grc' dir='ltr'>λογική,</span> <span class='ocrx_word' id='word_1_502' title='bbox 833 1856 894 1891; x_wconf 80' lang='grc' dir='ltr'>ἥτις</span> <span class='ocrx_word' id='word_1_503' title='bbox 910 1856 965 1884; x_wconf 82' lang='grc' dir='ltr'><strong>ἐστὶ</strong></span> 
     </span>
    </p>
   </div>
   <div class='ocr_carea' id='block_1_74' title="bbox 136 1900 965 1940">
    <p class='ocr_par' dir='ltr' id='par_1_74' title="bbox 136 1900 965 1940">
     <span class='ocr_line' id='line_1_74' title="bbox 136 1900 965 1940; baseline -0.005 -9"><span class='ocrx_word' id='word_1_504' title='bbox 136 1906 191 1931; x_wconf 74' lang='grc' dir='ltr'>τῶν</span> <span class='ocrx_word' id='word_1_505' title='bbox 222 1902 386 1940; x_wconf 77' lang='grc' dir='ltr'>ἀνθρώπων.</span> <span class='ocrx_word' id='word_1_506' title='bbox 418 1901 468 1929; x_wconf 82' lang='grc' dir='ltr'>Καὶ</span> <span class='ocrx_word' id='word_1_507' title='bbox 498 1901 516 1935; x_wconf 79' lang='grc' dir='ltr'>ἠ</span> <span class='ocrx_word' id='word_1_508' title='bbox 557 1901 603 1936; x_wconf 82' lang='grc' dir='ltr'><strong>μὲν</strong></span> <span class='ocrx_word' id='word_1_509' title='bbox 633 1902 688 1927; x_wconf 82' lang='grc' dir='ltr'><strong>τῶν</strong></span> <span class='ocrx_word' id='word_1_510' title='bbox 718 1902 834 1936; x_wconf 77' lang='grc' dir='ltr'>κτηνῶν,</span> <span class='ocrx_word' id='word_1_511' title='bbox 860 1900 889 1928; x_wconf 79' lang='grc' dir='ltr'>ἐκ</span> <span class='ocrx_word' id='word_1_512' title='bbox 915 1904 965 1938; x_wconf 89' lang='grc' dir='ltr'><strong>γῆς</strong></span> 
     </span>
    </p>
   </div>
   <div class='ocr_carea' id='block_1_75' title="bbox 137 1944 964 1984">
    <p class='ocr_par' dir='ltr' id='par_1_75' title="bbox 137 1944 964 1984">
     <span class='ocr_line' id='line_1_75' title="bbox 137 1944 964 1984; baseline -0.005 -9"><span class='ocrx_word' id='word_1_513' title='bbox 137 1944 237 1975; x_wconf 70' lang='grc' dir='ltr'>ἔλαϐεν</span> <span class='ocrx_word' id='word_1_514' title='bbox 258 1947 310 1981; x_wconf 83' lang='grc' dir='ltr'><strong>τήν</strong></span> <span class='ocrx_word' id='word_1_515' title='bbox 335 1944 515 1984; x_wconf 83' lang='grc' dir='ltr'>δημιουργίαν</span> <span class='ocrx_word' id='word_1_516' title='bbox 536 1945 605 1972; x_wconf 77' lang='grc' dir='ltr'>κατᾶ</span> <span class='ocrx_word' id='word_1_517' title='bbox 629 1946 696 1972; x_wconf 79' lang='grc' dir='ltr'>Θεοῦ</span> <span class='ocrx_word' id='word_1_518' title='bbox 719 1945 875 1981; x_wconf 77' lang='grc' dir='ltr'>πρόσταξιν,</span> <span class='ocrx_word' id='word_1_519' title='bbox 896 1945 933 1976; x_wconf 88' lang='grc' dir='ltr'>ὡς</span> <span class='ocrx_word' id='word_1_520' title='bbox 946 1946 964 1980; x_wconf 82' lang='grc' dir='ltr'><strong>ἡ</strong></span> 
     </span>
    </p>
   </div>
   <div class='ocr_carea' id='block_1_76' title="bbox 137 1989 966 2029">
    <p class='ocr_par' dir='ltr' id='par_1_76' title="bbox 137 1989 966 2029">
     <span class='ocr_line' id='line_1_76' title="bbox 137 1989 966 2029; baseline -0.001 -11"><span class='ocrx_word' id='word_1_521' title='bbox 137 1991 196 2023; x_wconf 73' lang='grc' dir='ltr'>θεία</span> <span class='ocrx_word' id='word_1_522' title='bbox 212 1990 290 2028; x_wconf 73' lang='grc' dir='ltr'>λέγει</span> <span class='ocrx_word' id='word_1_523' title='bbox 319 1991 422 2029; x_wconf 76' lang='grc' dir='ltr'>Γραφή·</span> <span class='ocrx_word' id='word_1_524' title='bbox 454 2002 469 2016; x_wconf 84' lang='grc'><strong>‹‹</strong></span> <span class='ocrx_word' id='word_1_525' title='bbox 494 1989 544 2017; x_wconf 80' lang='grc' dir='ltr'>Καὶ</span> <span class='ocrx_word' id='word_1_526' title='bbox 569 1990 642 2017; x_wconf 77' lang='grc' dir='ltr'>εἶπεν</span> <span class='ocrx_word' id='word_1_527' title='bbox 667 1989 681 2016; x_wconf 85' lang='grc' dir='ltr'>ὁ</span> <span class='ocrx_word' id='word_1_528' title='bbox 706 1989 781 2021; x_wconf 86' lang='grc' dir='ltr'>Θεός·</span> <span class='ocrx_word' id='word_1_529' title='bbox 797 1989 966 2027; x_wconf 75' lang='grc' dir='ltr'><strong>Ἐξαγαγὲτω</strong></span> 
     </span>
    </p>
   </div>
   <div class='ocr_carea' id='block_1_77' title="bbox 137 2034 965 2073">
    <p class='ocr_par' dir='ltr' id='par_1_77' title="bbox 137 2034 965 2073">
     <span class='ocr_line' id='line_1_77' title="bbox 137 2034 965 2073; baseline -0.001 -11"><span class='ocrx_word' id='word_1_530' title='bbox 137 2036 154 2070; x_wconf 79' lang='grc' dir='ltr'><strong>ἠ</strong></span> <span class='ocrx_word' id='word_1_531' title='bbox 170 2039 208 2073; x_wconf 85' lang='grc' dir='ltr'>γῆ</span> <span class='ocrx_word' id='word_1_532' title='bbox 226 2034 328 2072; x_wconf 57' lang='lat' dir='ltr'><strong>Egnati</strong></span> <span class='ocrx_word' id='word_1_533' title='bbox 342 2036 438 2072; x_wconf 79' lang='grc' dir='ltr'>ψυχῶν</span> <span class='ocrx_word' id='word_1_534' title='bbox 456 2036 580 2069; x_wconf 80' lang='grc' dir='ltr'><strong>ζωσῶν.»</strong></span> <span class='ocrx_word' id='word_1_535' title='bbox 594 2035 675 2061; x_wconf 80' lang='grc' dir='ltr'>Ὥστε</span> <span class='ocrx_word' id='word_1_536' title='bbox 689 2034 722 2061; x_wconf 81' lang='grc' dir='ltr'><strong>τὰ</strong></span> <span class='ocrx_word' id='word_1_537' title='bbox 739 2036 794 2069; x_wconf 77' lang='grc' dir='ltr'>ζῶα</span> <span class='ocrx_word' id='word_1_538' title='bbox 809 2034 838 2061; x_wconf 79' lang='grc' dir='ltr'>ἐκ</span> <span class='ocrx_word' id='word_1_539' title='bbox 851 2037 902 2069; x_wconf 77' lang='grc' dir='ltr'><strong>τῆς</strong></span> <span class='ocrx_word' id='word_1_540' title='bbox 913 2037 965 2071; x_wconf 87' lang='grc' dir='ltr'><strong>γῆς</strong></span> 
     </span>
    </p>
   </div>
   <div class='ocr_carea' id='block_1_78' title="bbox 138 2077 965 2116">
    <p class='ocr_par' dir='ltr' id='par_1_78' title="bbox 138 2077 965 2116">
     <span class='ocr_line' id='line_1_78' title="bbox 138 2077 965 2116; baseline -0.002 -9"><span class='ocrx_word' id='word_1_541' title='bbox 138 2077 237 2107; x_wconf 65' lang='grc' dir='ltr'>ἔλαϐον</span> <span class='ocrx_word' id='word_1_542' title='bbox 251 2079 303 2113; x_wconf 69' lang='grc' dir='ltr'><strong>τὴν</strong></span> <span class='ocrx_word' id='word_1_543' title='bbox 319 2079 424 2116; x_wconf 77' lang='grc' dir='ltr'>ψυχήν.</span> <span class='ocrx_word' id='word_1_544' title='bbox 455 2078 504 2105; x_wconf 78' lang='grc' dir='ltr'>Διὰ</span> <span class='ocrx_word' id='word_1_545' title='bbox 527 2080 607 2106; x_wconf 73' lang='grc' dir='ltr'>τοῦτο</span> <span class='ocrx_word' id='word_1_546' title='bbox 631 2078 701 2115; x_wconf 81' lang='grc' dir='ltr'>πρὸς</span> <span class='ocrx_word' id='word_1_547' title='bbox 725 2079 758 2106; x_wconf 74' lang='grc' dir='ltr'><strong>τὰ</strong></span> <span class='ocrx_word' id='word_1_548' title='bbox 785 2079 866 2116; x_wconf 73' lang='grc' dir='ltr'>γήϊνα</span> <span class='ocrx_word' id='word_1_549' title='bbox 882 2078 965 2115; x_wconf 82' lang='grc' dir='ltr'>μόνον</span> 
     </span>
    </p>
   </div>
   <div class='ocr_carea' id='block_1_79' title="bbox 137 2120 966 2162">
    <p class='ocr_par' dir='ltr' id='par_1_79' title="bbox 137 2120 966 2162">
     <span class='ocr_line' id='line_1_79' title="bbox 137 2120 966 2162; baseline -0.001 -11"><span class='ocrx_word' id='word_1_550' title='bbox 137 2122 233 2162; x_wconf 72' lang='grc' dir='ltr'>ἔχουσι</span> <span class='ocrx_word' id='word_1_551' title='bbox 247 2123 300 2158; x_wconf 81' lang='grc' dir='ltr'><strong>τήν</strong></span> <span class='ocrx_word' id='word_1_552' title='bbox 312 2122 403 2160; x_wconf 80' lang='grc' dir='ltr'>ὁρμὴν</span> <span class='ocrx_word' id='word_1_553' title='bbox 426 2122 471 2150; x_wconf 79' lang='grc' dir='ltr'><strong>καὶ</strong></span> <span class='ocrx_word' id='word_1_554' title='bbox 496 2125 582 2149; x_wconf 79' lang='grc' dir='ltr'>πᾶσαν</span> <span class='ocrx_word' id='word_1_555' title='bbox 606 2123 655 2157; x_wconf 79' lang='grc' dir='ltr'><strong>τὴν</strong></span> <span class='ocrx_word' id='word_1_556' title='bbox 681 2120 777 2161; x_wconf 70' lang='grc' dir='ltr'>ὄρεξιν,</span> <span class='ocrx_word' id='word_1_557' title='bbox 792 2122 837 2150; x_wconf 86' lang='grc' dir='ltr'><strong>καὶ</strong></span> <span class='ocrx_word' id='word_1_558' title='bbox 853 2122 884 2150; x_wconf 85' lang='grc' dir='ltr'>οὖ</span> <span class='ocrx_word' id='word_1_559' title='bbox 899 2132 966 2161; x_wconf 78' lang='grc' dir='ltr'>φρο-</span> 
     </span>
    </p>
   </div>
   <div class='ocr_carea' id='block_1_80' title="bbox 136 2165 966 2205">
    <p class='ocr_par' dir='ltr' id='par_1_80' title="bbox 136 2165 966 2205">
     <span class='ocr_line' id='line_1_80' title="bbox 136 2165 966 2205; baseline 0.001 -11"><span class='ocrx_word' id='word_1_560' title='bbox 136 2171 213 2196; x_wconf 76' lang='grc' dir='ltr'>νοῦσι</span> <span class='ocrx_word' id='word_1_561' title='bbox 232 2168 269 2195; x_wconf 68' lang='grc' dir='ltr'><strong>τὰ</strong></span> <span class='ocrx_word' id='word_1_562' title='bbox 293 2167 360 2195; x_wconf 82' lang='grc' dir='ltr'><strong>ἄνω.</strong></span> <span class='ocrx_word' id='word_1_563' title='bbox 385 2168 448 2198; x_wconf 81' lang='grc' dir='ltr'>Πῶς</span> <span class='ocrx_word' id='word_1_564' title='bbox 474 2165 503 2194; x_wconf 75' lang='grc' dir='ltr'><strong>δὲ</strong></span> <span class='ocrx_word' id='word_1_565' title='bbox 517 2166 621 2204; x_wconf 72' lang='grc' dir='ltr'>ἐγένετο</span> <span class='ocrx_word' id='word_1_566' title='bbox 643 2167 660 2202; x_wconf 81' lang='grc' dir='ltr'>ἠ</span> <span class='ocrx_word' id='word_1_567' title='bbox 675 2167 752 2205; x_wconf 80' lang='grc' dir='ltr'>ψυγή</span> <span class='ocrx_word' id='word_1_568' title='bbox 769 2166 856 2195; x_wconf 81' lang='grc' dir='ltr'>αὐτῶν</span> <span class='ocrx_word' id='word_1_569' title='bbox 872 2167 903 2195; x_wconf 65' lang='grc' dir='ltr'>ἐκ</span> <span class='ocrx_word' id='word_1_570' title='bbox 916 2168 966 2202; x_wconf 79' lang='grc' dir='ltr'>τῆς</span> 
     </span>
    </p>
   </div>
   <div class='ocr_carea' id='block_1_81' title="bbox 137 2210 966 2250">
    <p class='ocr_par' dir='ltr' id='par_1_81' title="bbox 137 2210 966 2250">
     <span class='ocr_line' id='line_1_81' title="bbox 137 2210 966 2250; baseline 0 -11"><span class='ocrx_word' id='word_1_571' title='bbox 137 2215 189 2250; x_wconf 84' lang='grc' dir='ltr'><strong>γῆς</strong></span> <span class='ocrx_word' id='word_1_572' title='bbox 220 2212 356 2248; x_wconf 68' lang='grc' dir='ltr'>εἴπωμεν.</span> <span class='ocrx_word' id='word_1_573' title='bbox 386 2210 507 2239; x_wconf 81' lang='grc' dir='ltr'>Ἔδωκεν</span> <span class='ocrx_word' id='word_1_574' title='bbox 536 2211 554 2246; x_wconf 80' lang='grc' dir='ltr'>ἡ</span> <span class='ocrx_word' id='word_1_575' title='bbox 580 2215 615 2249; x_wconf 77' lang='grc' dir='ltr'>γῆ</span> <span class='ocrx_word' id='word_1_576' title='bbox 640 2211 708 2239; x_wconf 78' lang='grc' dir='ltr'>κατᾶ</span> <span class='ocrx_word' id='word_1_577' title='bbox 731 2211 874 2249; x_wconf 81' lang='grc' dir='ltr'>πρόσταξιν</span> <span class='ocrx_word' id='word_1_578' title='bbox 899 2213 966 2239; x_wconf 77' lang='grc' dir='ltr'>Θεοῦ</span> 
     </span>
    </p>
   </div>
   <div class='ocr_carea' id='block_1_82' title="bbox 137 2254 966 2294">
    <p class='ocr_par' dir='ltr' id='par_1_82' title="bbox 137 2254 966 2294">
     <span class='ocr_line' id='line_1_82' title="bbox 137 2254 966 2294; baseline -0.001 -9"><span class='ocrx_word' id='word_1_579' title='bbox 137 2257 222 2294; x_wconf 70' lang='grc' dir='ltr'>σάρκα</span> <span class='ocrx_word' id='word_1_580' title='bbox 238 2259 299 2288; x_wconf 72' lang='grc' dir='ltr'>τοῖς</span> <span class='ocrx_word' id='word_1_581' title='bbox 311 2256 445 2291; x_wconf 78' lang='grc' dir='ltr'>κτήνεσιν·</span> <span class='ocrx_word' id='word_1_582' title='bbox 461 2256 479 2291; x_wconf 73' lang='grc' dir='ltr'>ἡ</span> <span class='ocrx_word' id='word_1_583' title='bbox 496 2254 525 2283; x_wconf 69' lang='grc' dir='ltr'><strong>δὲ</strong></span> <span class='ocrx_word' id='word_1_584' title='bbox 551 2255 614 2292; x_wconf 73' lang='grc' dir='ltr'>σὰρξ</span> <span class='ocrx_word' id='word_1_585' title='bbox 639 2255 785 2291; x_wconf 86' lang='grc' dir='ltr'>πεποίηκεν</span> <span class='ocrx_word' id='word_1_586' title='bbox 819 2255 896 2293; x_wconf 78' lang='grc' dir='ltr'>αἷμα.</span> <span class='ocrx_word' id='word_1_587' title='bbox 927 2255 966 2284; x_wconf 87' lang='grc' dir='ltr'>Τὸ</span> 
     </span>
    </p>
   </div>
   <div class='ocr_carea' id='block_1_83' title="bbox 1187 1767 1667 1798">
    <p class='ocr_par' dir='ltr' id='par_1_83' title="bbox 1187 1767 1667 1798">
     <span class='ocr_line' id='line_1_83' title="bbox 1187 1767 1667 1798; baseline 0.004 -3"><span class='ocrx_word' id='word_1_588' title='bbox 1187 1767 1263 1796; x_wconf 78' lang='lat'><strong>198</strong></span> <span class='ocrx_word' id='word_1_589' title='bbox 1279 1767 1341 1796; x_wconf 81' lang='lat' dir='ltr'><strong>VII.</strong></span> <span class='ocrx_word' id='word_1_590' title='bbox 1360 1770 1400 1796; x_wconf 79' lang='lat' dir='ltr'><strong>De</strong></span> <span class='ocrx_word' id='word_1_591' title='bbox 1415 1769 1515 1796; x_wconf 82' lang='lat' dir='ltr'><strong>anima</strong></span> <span class='ocrx_word' id='word_1_592' title='bbox 1530 1770 1556 1796; x_wconf 78' lang='lat' dir='ltr'><strong>et</strong></span> <span class='ocrx_word' id='word_1_593' title='bbox 1568 1773 1667 1798; x_wconf 78' lang='lat' dir='ltr'><strong>mente.</strong></span> 
     </span>
    </p>
   </div>
   <div class='ocr_carea' id='block_1_84' title="bbox 1057 1811 1842 1849">
    <p class='ocr_par' dir='ltr' id='par_1_84' title="bbox 1057 1811 1842 1849">
     <span class='ocr_line' id='line_1_84' title="bbox 1057 1811 1842 1849; baseline 0.003 -10"><span class='ocrx_word' id='word_1_594' title='bbox 1057 1811 1215 1849; x_wconf 80' lang='lat' dir='ltr'><strong>Dupliciter</strong></span> <span class='ocrx_word' id='word_1_595' title='bbox 1229 1812 1337 1840; x_wconf 88' lang='lat' dir='ltr'><strong>dicitur</strong></span> <span class='ocrx_word' id='word_1_596' title='bbox 1351 1812 1562 1841; x_wconf 83' lang='lat' dir='ltr'><strong>anima.Altera</strong></span> <span class='ocrx_word' id='word_1_597' title='bbox 1577 1813 1697 1849; x_wconf 89' lang='lat' dir='ltr'><strong>quidem</strong></span> <span class='ocrx_word' id='word_1_598' title='bbox 1713 1815 1758 1841; x_wconf 85' lang='lat' dir='ltr'><strong>est</strong></span> <span class='ocrx_word' id='word_1_599' title='bbox 1768 1813 1842 1842; x_wconf 81' lang='lat' dir='ltr'><strong>irra-</strong></span> 
     </span>
    </p>
   </div>
   <div class='ocr_carea' id='block_1_85' title="bbox 1019 1857 1843 1893">
    <p class='ocr_par' dir='ltr' id='par_1_85' title="bbox 1019 1857 1843 1893">
     <span class='ocr_line' id='line_1_85' title="bbox 1019 1857 1843 1893; baseline 0.001 -9"><span class='ocrx_word' id='word_1_600' title='bbox 1019 1857 1150 1891; x_wconf 85' lang='lat' dir='ltr'><strong>tionalis,</strong></span> <span class='ocrx_word' id='word_1_601' title='bbox 1165 1865 1228 1893; x_wconf 73' lang='lat' dir='ltr'><strong>qua:</strong></span> <span class='ocrx_word' id='word_1_602' title='bbox 1245 1857 1398 1885; x_wconf 86' lang='lat' dir='ltr'><strong>brutorum</strong></span> <span class='ocrx_word' id='word_1_603' title='bbox 1414 1860 1460 1886; x_wconf 82' lang='lat' dir='ltr'><strong>est</strong></span> <span class='ocrx_word' id='word_1_604' title='bbox 1473 1858 1565 1885; x_wconf 87' lang='lat' dir='ltr'><strong>altera</strong></span> <span class='ocrx_word' id='word_1_605' title='bbox 1588 1866 1654 1886; x_wconf 88' lang='lat' dir='ltr'><strong>vero</strong></span> <span class='ocrx_word' id='word_1_606' title='bbox 1677 1857 1843 1893; x_wconf 80' lang='lat' dir='ltr'><strong>rationalis,</strong></span> 
     </span>
    </p>
   </div>
   <div class='ocr_carea' id='block_1_86' title="bbox 1020 1901 1841 1938">
    <p class='ocr_par' dir='ltr' id='par_1_86' title="bbox 1020 1901 1841 1938">
     <span class='ocr_line' id='line_1_86' title="bbox 1020 1901 1841 1938; baseline 0 -9"><span class='ocrx_word' id='word_1_607' title='bbox 1020 1909 1086 1937; x_wconf 67' lang='lat' dir='ltr'><strong>quae</strong></span> <span class='ocrx_word' id='word_1_608' title='bbox 1097 1904 1141 1929; x_wconf 87' lang='lat' dir='ltr'><strong>est</strong></span> <span class='ocrx_word' id='word_1_609' title='bbox 1157 1901 1418 1937; x_wconf 83' lang='lat' dir='ltr'><strong>hominum.Atque</strong></span> <span class='ocrx_word' id='word_1_610' title='bbox 1432 1910 1466 1929; x_wconf 89' lang='lat' dir='ltr'><strong>ea</strong></span> <span class='ocrx_word' id='word_1_611' title='bbox 1480 1902 1677 1938; x_wconf 46' lang='lat' dir='ltr'><strong>quidemquae</strong></span> <span class='ocrx_word' id='word_1_612' title='bbox 1689 1902 1841 1929; x_wconf 88' lang='lat' dir='ltr'><strong>brutorum</strong></span> 
     </span>
    </p>
   </div>
   <div class='ocr_carea' id='block_1_87' title="bbox 1020 1945 1842 1981">
    <p class='ocr_par' dir='ltr' id='par_1_87' title="bbox 1020 1945 1842 1981">
     <span class='ocr_line' id='line_1_87' title="bbox 1020 1945 1842 1981; baseline -0.001 -8"><span class='ocrx_word' id='word_1_613' title='bbox 1020 1948 1075 1980; x_wconf 87' lang='lat' dir='ltr'><strong>est,</strong></span> <span class='ocrx_word' id='word_1_614' title='bbox 1090 1945 1266 1973; x_wconf 79' lang='lat' dir='ltr'><strong>creationem</strong></span> <span class='ocrx_word' id='word_1_615' title='bbox 1282 1953 1367 1973; x_wconf 87' lang='lat' dir='ltr'><strong>suam</strong></span> <span class='ocrx_word' id='word_1_616' title='bbox 1382 1954 1416 1973; x_wconf 87' lang='lat' dir='ltr'><strong>ex</strong></span> <span class='ocrx_word' id='word_1_617' title='bbox 1431 1947 1508 1974; x_wconf 87' lang='lat' dir='ltr'><strong>terra</strong></span> <span class='ocrx_word' id='word_1_618' title='bbox 1524 1946 1642 1981; x_wconf 85' lang='lat' dir='ltr'><strong>accipit,</strong></span> <span class='ocrx_word' id='word_1_619' title='bbox 1658 1946 1741 1980; x_wconf 81' lang='lat' dir='ltr'><strong>juxta</strong></span> <span class='ocrx_word' id='word_1_620' title='bbox 1759 1953 1842 1972; x_wconf 90' lang='lat' dir='ltr'><strong>man-</strong></span> 
     </span>
    </p>
   </div>
   <div class='ocr_carea' id='block_1_88' title="bbox 1020 1989 1842 2026">
    <p class='ocr_par' dir='ltr' id='par_1_88' title="bbox 1020 1989 1842 2026">
     <span class='ocr_line' id='line_1_88' title="bbox 1020 1989 1842 2026; baseline -0.001 -9"><span class='ocrx_word' id='word_1_621' title='bbox 1020 1989 1121 2017; x_wconf 86' lang='lat' dir='ltr'><strong>datum</strong></span> <span class='ocrx_word' id='word_1_622' title='bbox 1138 1990 1199 2025; x_wconf 83' lang='lat' dir='ltr'><strong>Dei,</strong></span> <span class='ocrx_word' id='word_1_623' title='bbox 1216 1990 1465 2026; x_wconf 86' lang='lat' dir='ltr'><strong>quemadmodum</strong></span> <span class='ocrx_word' id='word_1_624' title='bbox 1481 1990 1578 2017; x_wconf 84' lang='lat' dir='ltr'><strong>divina</strong></span> <span class='ocrx_word' id='word_1_625' title='bbox 1593 1990 1664 2017; x_wconf 83' lang='lat' dir='ltr'><strong>dicit</strong></span> <span class='ocrx_word' id='word_1_626' title='bbox 1678 1990 1842 2025; x_wconf 85' lang='lat' dir='ltr'><strong>Scriptura:</strong></span> 
     </span>
    </p>
   </div>
   <div class='ocr_carea' id='block_1_89' title="bbox 1021 2034 1843 2070">
    <p class='ocr_par' dir='ltr' id='par_1_89' title="bbox 1021 2034 1843 2070">
     <span class='ocr_line' id='line_1_89' title="bbox 1021 2034 1843 2070; baseline 0.001 -10"><span class='ocrx_word' id='word_1_627' title='bbox 1021 2045 1035 2059; x_wconf 91' lang='lat'><strong>«</strong></span> <span class='ocrx_word' id='word_1_628' title='bbox 1052 2034 1085 2061; x_wconf 85' lang='lat' dir='ltr'><strong>Et</strong></span> <span class='ocrx_word' id='word_1_629' title='bbox 1100 2034 1172 2062; x_wconf 86' lang='lat' dir='ltr'><strong>dixit</strong></span> <span class='ocrx_word' id='word_1_630' title='bbox 1189 2035 1274 2068; x_wconf 86' lang='lat' dir='ltr'><strong>Deus,</strong></span> <span class='ocrx_word' id='word_1_631' title='bbox 1290 2034 1433 2070; x_wconf 83' lang='lat' dir='ltr'><strong>producat</strong></span> <span class='ocrx_word' id='word_1_632' title='bbox 1447 2036 1525 2061; x_wconf 91' lang='lat' dir='ltr'><strong>terra</strong></span> <span class='ocrx_word' id='word_1_633' title='bbox 1546 2034 1662 2070; x_wconf 81' lang='lat' dir='ltr'><strong>reptilia</strong></span> <span class='ocrx_word' id='word_1_634' title='bbox 1677 2034 1843 2062; x_wconf 82' lang='lat' dir='ltr'><strong>animarum</strong></span> 
     </span>
    </p>
   </div>
   <div class='ocr_carea' id='block_1_90' title="bbox 1020 2078 1841 2115">
    <p class='ocr_par' dir='ltr' id='par_1_90' title="bbox 1020 2078 1841 2115">
     <span class='ocr_line' id='line_1_90' title="bbox 1020 2078 1841 2115; baseline 0 -9"><span class='ocrx_word' id='word_1_635' title='bbox 1020 2078 1179 2106; x_wconf 87' lang='lat' dir='ltr'><strong>viventium</strong></span> <span class='ocrx_word' id='word_1_636' title='bbox 1194 2079 1227 2106; x_wconf 84' lang='grc'><strong>⁶⁹.</strong></span> <span class='ocrx_word' id='word_1_637' title='bbox 1244 2088 1257 2104; x_wconf 69' lang='grc' dir='ltr'>ι</span> <span class='ocrx_word' id='word_1_638' title='bbox 1274 2079 1349 2115; x_wconf 85' lang='lat' dir='ltr'><strong>Ergo</strong></span> <span class='ocrx_word' id='word_1_639' title='bbox 1365 2078 1505 2106; x_wconf 83' lang='lat' dir='ltr'><strong>animalia</strong></span> <span class='ocrx_word' id='word_1_640' title='bbox 1520 2079 1605 2106; x_wconf 85' lang='lat' dir='ltr'><strong>bruta</strong></span> <span class='ocrx_word' id='word_1_641' title='bbox 1620 2087 1654 2106; x_wconf 82' lang='lat' dir='ltr'><strong>ex</strong></span> <span class='ocrx_word' id='word_1_642' title='bbox 1671 2081 1747 2106; x_wconf 84' lang='lat' dir='ltr'><strong>terra</strong></span> <span class='ocrx_word' id='word_1_643' title='bbox 1761 2086 1841 2107; x_wconf 85' lang='lat' dir='ltr'><strong>acce-</strong></span> 
     </span>
    </p>
   </div>
   <div class='ocr_carea' id='block_1_91' title="bbox 1021 2122 1844 2159">
    <p class='ocr_par' dir='ltr' id='par_1_91' title="bbox 1021 2122 1844 2159">
     <span class='ocr_line' id='line_1_91' title="bbox 1021 2122 1844 2159; baseline 0 -9"><span class='ocrx_word' id='word_1_644' title='bbox 1021 2125 1127 2159; x_wconf 88' lang='lat' dir='ltr'><strong>perunt</strong></span> <span class='ocrx_word' id='word_1_645' title='bbox 1143 2122 1273 2151; x_wconf 83' lang='lat' dir='ltr'><strong>animam</strong></span> <span class='ocrx_word' id='word_1_646' title='bbox 1289 2131 1384 2151; x_wconf 84' lang='lat' dir='ltr'><strong>suam.</strong></span> <span class='ocrx_word' id='word_1_647' title='bbox 1402 2123 1526 2159; x_wconf 87' lang='lat' dir='ltr'><strong>Ideoque</strong></span> <span class='ocrx_word' id='word_1_648' title='bbox 1542 2123 1577 2151; x_wconf 87' lang='lat' dir='ltr'><strong>ad</strong></span> <span class='ocrx_word' id='word_1_649' title='bbox 1594 2125 1708 2151; x_wconf 83' lang='lat' dir='ltr'><strong>terrena</strong></span> <span class='ocrx_word' id='word_1_650' title='bbox 1734 2122 1844 2151; x_wconf 90' lang='lat' dir='ltr'><strong>solum-</strong></span> 
     </span>
    </p>
   </div>
   <div class='ocr_carea' id='block_1_92' title="bbox 1021 2166 1844 2203">
    <p class='ocr_par' dir='ltr' id='par_1_92' title="bbox 1021 2166 1844 2203">
     <span class='ocr_line' id='line_1_92' title="bbox 1021 2166 1844 2203; baseline -0.001 -7"><span class='ocrx_word' id='word_1_651' title='bbox 1021 2167 1107 2196; x_wconf 89' lang='lat' dir='ltr'><strong>modo</strong></span> <span class='ocrx_word' id='word_1_652' title='bbox 1123 2167 1233 2196; x_wconf 84' lang='lat' dir='ltr'><strong>habent</strong></span> <span class='ocrx_word' id='word_1_653' title='bbox 1247 2166 1430 2196; x_wconf 79' lang='lat' dir='ltr'><strong>aﬂ‘ectionem</strong></span> <span class='ocrx_word' id='word_1_654' title='bbox 1441 2169 1470 2195; x_wconf 89' lang='lat' dir='ltr'><strong>et</strong></span> <span class='ocrx_word' id='word_1_655' title='bbox 1485 2175 1602 2195; x_wconf 88' lang='lat' dir='ltr'><strong>omnem</strong></span> <span class='ocrx_word' id='word_1_656' title='bbox 1615 2168 1844 2203; x_wconf 84' lang='lat' dir='ltr'><strong>appetitum,nec</strong></span> 
     </span>
    </p>
   </div>
   <div class='ocr_carea' id='block_1_93' title="bbox 1021 2211 1843 2244">
    <p class='ocr_par' dir='ltr' id='par_1_93' title="bbox 1021 2211 1843 2244">
     <span class='ocr_line' id='line_1_93' title="bbox 1021 2211 1843 2244; baseline -0.001 -4"><span class='ocrx_word' id='word_1_657' title='bbox 1021 2214 1066 2240; x_wconf 88' lang='lat' dir='ltr'><strong>est</strong></span> <span class='ocrx_word' id='word_1_658' title='bbox 1082 2211 1140 2240; x_wconf 89' lang='lat' dir='ltr'><strong>illis</strong></span> <span class='ocrx_word' id='word_1_659' title='bbox 1155 2220 1253 2240; x_wconf 87' lang='lat' dir='ltr'><strong>rerum</strong></span> <span class='ocrx_word' id='word_1_660' title='bbox 1269 2211 1432 2240; x_wconf 70' lang='lat' dir='ltr'><strong>caelestium</strong></span> <span class='ocrx_word' id='word_1_661' title='bbox 1449 2212 1684 2244; x_wconf 89' lang='lat' dir='ltr'><strong>cura.Quomodo</strong></span> <span class='ocrx_word' id='word_1_662' title='bbox 1700 2220 1767 2239; x_wconf 87' lang='lat' dir='ltr'><strong>vero</strong></span> <span class='ocrx_word' id='word_1_663' title='bbox 1781 2212 1843 2239; x_wconf 87' lang='lat' dir='ltr'><strong>ani-</strong></span> 
     </span>
    </p>
   </div>
   <div class='ocr_carea' id='block_1_94' title="bbox 1022 2256 1843 2290">
    <p class='ocr_par' dir='ltr' id='par_1_94' title="bbox 1022 2256 1843 2290">
     <span class='ocr_line' id='line_1_94' title="bbox 1022 2256 1843 2290; baseline -0.001 -6"><span class='ocrx_word' id='word_1_664' title='bbox 1022 2264 1070 2284; x_wconf 90' lang='lat' dir='ltr'><strong>ma</strong></span> <span class='ocrx_word' id='word_1_665' title='bbox 1085 2264 1186 2284; x_wconf 86' lang='lat' dir='ltr'><strong>eorum</strong></span> <span class='ocrx_word' id='word_1_666' title='bbox 1200 2264 1235 2284; x_wconf 86' lang='lat' dir='ltr'><strong>ex</strong></span> <span class='ocrx_word' id='word_1_667' title='bbox 1248 2259 1325 2284; x_wconf 87' lang='lat' dir='ltr'><strong>terra</strong></span> <span class='ocrx_word' id='word_1_668' title='bbox 1341 2256 1415 2284; x_wconf 84' lang='lat' dir='ltr'><strong>facta</strong></span> <span class='ocrx_word' id='word_1_669' title='bbox 1430 2256 1480 2290; x_wconf 85' lang='lat' dir='ltr'><strong>sit,</strong></span> <span class='ocrx_word' id='word_1_670' title='bbox 1497 2256 1640 2284; x_wconf 86' lang='lat' dir='ltr'><strong>dicamus.</strong></span> <span class='ocrx_word' id='word_1_671' title='bbox 1661 2256 1742 2284; x_wconf 90' lang='lat' dir='ltr'><strong>Dedit</strong></span> <span class='ocrx_word' id='word_1_672' title='bbox 1757 2259 1843 2289; x_wconf 85' lang='lat' dir='ltr'><strong>terra,</strong></span> 
     </span>
    </p>
   </div>
   <div class='ocr_carea' id='block_1_95' title="bbox 136 2297 962 2340">
    <p class='ocr_par' dir='ltr' id='par_1_95' title="bbox 136 2297 962 2339">
     <span class='ocr_line' id='line_1_95' title="bbox 136 2297 962 2339; baseline -0.002 -10"><span class='ocrx_word' id='word_1_673' title='bbox 136 2300 165 2329; x_wconf 72' lang='grc' dir='ltr'><strong>εὶ</strong></span> <span class='ocrx_word' id='word_1_674' title='bbox 179 2302 251 2338; x_wconf 78' lang='grc' dir='ltr'>αἷμα</span> <span class='ocrx_word' id='word_1_675' title='bbox 266 2301 364 2339; x_wconf 69' lang='grc' dir='ltr'>γέγονε</span> <span class='ocrx_word' id='word_1_676' title='bbox 378 2301 455 2338; x_wconf 82' lang='grc' dir='ltr'>ψυχὴ</span> <span class='ocrx_word' id='word_1_677' title='bbox 472 2298 614 2335; x_wconf 82' lang='grc' dir='ltr'>κτηνώδης</span> <span class='ocrx_word' id='word_1_678' title='bbox 636 2302 675 2336; x_wconf 81' lang='grc' dir='ltr'><strong>τῷ</strong></span> <span class='ocrx_word' id='word_1_679' title='bbox 701 2300 774 2336; x_wconf 83' lang='grc' dir='ltr'><strong>ζώῳ,</strong></span> <span class='ocrx_word' id='word_1_680' title='bbox 802 2297 871 2328; x_wconf 70' lang='grc' dir='ltr'>ὥστε</span> <span class='ocrx_word' id='word_1_681' title='bbox 885 2299 962 2328; x_wconf 53' lang='grc' dir='ltr'>πάλιν</span> 
     </span>
    </p>
   </div>
   <div class='ocr_carea' id='block_1_96' title="bbox 1018 2297 1844 2340">
    <p class='ocr_par' dir='ltr' id='par_1_96' title="bbox 1018 2300 1844 2337">
     <span class='ocr_line' id='line_1_96' title="bbox 1018 2300 1844 2337; baseline 0 -9"><span class='ocrx_word' id='word_1_682' title='bbox 1018 2301 1102 2337; x_wconf 84' lang='lat' dir='ltr'><strong>juxta</strong></span> <span class='ocrx_word' id='word_1_683' title='bbox 1116 2303 1292 2337; x_wconf 71' lang='lat' dir='ltr'><strong>prmceptum</strong></span> <span class='ocrx_word' id='word_1_684' title='bbox 1309 2300 1470 2335; x_wconf 89' lang='lat' dir='ltr'><strong>Dei,brutis</strong></span> <span class='ocrx_word' id='word_1_685' title='bbox 1486 2309 1603 2329; x_wconf 82' lang='lat' dir='ltr'><strong>carnem</strong></span> <span class='ocrx_word' id='word_1_686' title='bbox 1621 2309 1627 2328; x_wconf 92' lang='lat'>:</span> <span class='ocrx_word' id='word_1_687' title='bbox 1643 2309 1709 2328; x_wconf 80' lang='lat' dir='ltr'><strong>caro</strong></span> <span class='ocrx_word' id='word_1_688' title='bbox 1726 2301 1844 2337; x_wconf 73' lang='lat' dir='ltr'><strong>sangui-</strong></span> 
     </span>
    </p>
   </div>
   <div class='ocr_carea' id='block_1_97' title="bbox 136 2344 968 2382">
    <p class='ocr_par' dir='ltr' id='par_1_97' title="bbox 136 2344 968 2382">
     <span class='ocr_line' id='line_1_97' title="bbox 136 2344 968 2382; baseline -0.002 -8"><span class='ocrx_word' id='word_1_689' title='bbox 136 2346 291 2381; x_wconf 70' lang='grc' dir='ltr'>σνήξαντος</span> <span class='ocrx_word' id='word_1_690' title='bbox 319 2346 368 2373; x_wconf 80' lang='grc' dir='ltr'><strong>τοῦ</strong></span> <span class='ocrx_word' id='word_1_691' title='bbox 393 2345 478 2379; x_wconf 83' lang='grc' dir='ltr'>ζώου,</span> <span class='ocrx_word' id='word_1_692' title='bbox 501 2344 533 2371; x_wconf 83' lang='grc' dir='ltr'><strong>τὸ</strong></span> <span class='ocrx_word' id='word_1_693' title='bbox 558 2344 625 2380; x_wconf 75' lang='grc' dir='ltr'>αἷμα</span> <span class='ocrx_word' id='word_1_694' title='bbox 658 2344 781 2381; x_wconf 75' lang='grc' dir='ltr'>πεπήγὸς</span> <span class='ocrx_word' id='word_1_695' title='bbox 816 2344 854 2375; x_wconf 82' lang='grc' dir='ltr'><strong>είς</strong></span> <span class='ocrx_word' id='word_1_696' title='bbox 884 2344 968 2382; x_wconf 81' lang='grc' dir='ltr'>σάρκα</span> 
     </span>
    </p>
   </div>
   <div class='ocr_carea' id='block_1_98' title="bbox 137 2387 968 2428">
    <p class='ocr_par' dir='ltr' id='par_1_98' title="bbox 137 2387 968 2428">
     <span class='ocr_line' id='line_1_98' title="bbox 137 2387 968 2428; baseline -0.002 -10"><span class='ocrx_word' id='word_1_697' title='bbox 137 2388 354 2427; x_wconf 65' lang='grc' dir='ltr'>μεταϐάλλεται.</span> <span class='ocrx_word' id='word_1_698' title='bbox 384 2389 416 2416; x_wconf 88' lang='grc' dir='ltr'>Ἡ</span> <span class='ocrx_word' id='word_1_699' title='bbox 441 2387 471 2416; x_wconf 75' lang='grc' dir='ltr'><strong>δὲ</strong></span> <span class='ocrx_word' id='word_1_700' title='bbox 490 2388 554 2427; x_wconf 79' lang='grc' dir='ltr'>σὰρξ</span> <span class='ocrx_word' id='word_1_701' title='bbox 581 2391 721 2428; x_wconf 78' lang='grc' dir='ltr'>φθαρεῖσα,</span> <span class='ocrx_word' id='word_1_702' title='bbox 747 2388 828 2417; x_wconf 88' lang='grc' dir='ltr'>πάλιν</span> <span class='ocrx_word' id='word_1_703' title='bbox 852 2387 968 2416; x_wconf 85' lang='grc' dir='ltr'>ἀναλυο-</span> 
     </span>
    </p>
   </div>
   <div class='ocr_carea' id='block_1_99' title="bbox 134 2431 967 2472">
    <p class='ocr_par' dir='ltr' id='par_1_99' title="bbox 134 2431 967 2472">
     <span class='ocr_line' id='line_1_99' title="bbox 134 2431 967 2472; baseline -0.002 -10"><span class='ocrx_word' id='word_1_704' title='bbox 134 2435 217 2471; x_wconf 66' lang='grc' dir='ltr'>μένη,</span> <span class='ocrx_word' id='word_1_705' title='bbox 243 2434 348 2472; x_wconf 68' lang='grc' dir='ltr'>γίνεται</span> <span class='ocrx_word' id='word_1_706' title='bbox 372 2436 420 2471; x_wconf 78' lang='grc' dir='ltr'>γῆ.</span> <span class='ocrx_word' id='word_1_707' title='bbox 448 2433 499 2461; x_wconf 82' lang='grc' dir='ltr'>Καὶ</span> <span class='ocrx_word' id='word_1_708' title='bbox 522 2431 567 2460; x_wconf 75' lang='grc' dir='ltr'>διὰ</span> <span class='ocrx_word' id='word_1_709' title='bbox 590 2435 670 2460; x_wconf 79' lang='grc' dir='ltr'>τοῦτο</span> <span class='ocrx_word' id='word_1_710' title='bbox 694 2433 833 2471; x_wconf 78' lang='grc' dir='ltr'>ἀγνοοῦσι,</span> <span class='ocrx_word' id='word_1_711' title='bbox 860 2433 905 2460; x_wconf 76' lang='grc' dir='ltr'><strong>καὶ</strong></span> <span class='ocrx_word' id='word_1_712' title='bbox 936 2433 967 2460; x_wconf 83' lang='grc' dir='ltr'>οὗ</span> 
     </span>
    </p>
   </div>
   <div class='ocr_carea' id='block_1_100' title="bbox 134 2476 967 2518">
    <p class='ocr_par' dir='ltr' id='par_1_100' title="bbox 134 2476 967 2518">
     <span class='ocr_line' id='line_1_100' title="bbox 134 2476 967 2518; baseline -0.004 -11"><span class='ocrx_word' id='word_1_713' title='bbox 134 2482 273 2518; x_wconf 67' lang='grc' dir='ltr'>φρονοῦσι</span> <span class='ocrx_word' id='word_1_714' title='bbox 311 2478 346 2506; x_wconf 77' lang='grc' dir='ltr'><strong>τὰ</strong></span> <span class='ocrx_word' id='word_1_715' title='bbox 384 2476 449 2506; x_wconf 75' lang='grc' dir='ltr'>ἄνω.</span> <span class='ocrx_word' id='word_1_716' title='bbox 487 2478 518 2506; x_wconf 89' lang='grc' dir='ltr'>Ὀ</span> <span class='ocrx_word' id='word_1_717' title='bbox 545 2476 574 2504; x_wconf 69' lang='grc' dir='ltr'><strong>δὲ</strong></span> <span class='ocrx_word' id='word_1_718' title='bbox 602 2476 742 2514; x_wconf 78' lang='grc' dir='ltr'>ἄνθρωπος</span> <span class='ocrx_word' id='word_1_719' title='bbox 771 2476 801 2504; x_wconf 70' lang='grc' dir='ltr'>ἐκ</span> <span class='ocrx_word' id='word_1_720' title='bbox 820 2480 870 2512; x_wconf 86' lang='grc' dir='ltr'>τῆς</span> <span class='ocrx_word' id='word_1_721' title='bbox 895 2477 967 2509; x_wconf 76' lang='grc' dir='ltr'>Θείας</span> 
     </span>
    </p>
   </div>
   <div class='ocr_carea' id='block_1_101' title="bbox 132 2520 967 2560">
    <p class='ocr_par' dir='ltr' id='par_1_101' title="bbox 132 2520 967 2560">
     <span class='ocr_line' id='line_1_101' title="bbox 132 2520 967 2560; baseline -0.004 -9"><span class='ocrx_word' id='word_1_722' title='bbox 132 2521 312 2560; x_wconf 52' lang='lat' dir='ltr'><strong>luat-adsue:</strong></span> <span class='ocrx_word' id='word_1_723' title='bbox 337 2520 439 2559; x_wconf 78' lang='grc' dir='ltr'>ἔσχηκε</span> <span class='ocrx_word' id='word_1_724' title='bbox 472 2522 523 2555; x_wconf 80' lang='grc' dir='ltr'>τήν</span> <span class='ocrx_word' id='word_1_725' title='bbox 552 2522 656 2559; x_wconf 78' lang='grc' dir='ltr'>ψυχὴν,</span> <span class='ocrx_word' id='word_1_726' title='bbox 685 2520 730 2549; x_wconf 82' lang='grc' dir='ltr'><strong>διὰ</strong></span> <span class='ocrx_word' id='word_1_727' title='bbox 757 2524 837 2549; x_wconf 77' lang='grc' dir='ltr'>τοῦτο</span> <span class='ocrx_word' id='word_1_728' title='bbox 860 2522 904 2548; x_wconf 79' lang='grc' dir='ltr'>καὶ</span> <span class='ocrx_word' id='word_1_729' title='bbox 933 2522 967 2549; x_wconf 80' lang='grc' dir='ltr'><strong>τὰ</strong></span> 
     </span>
    </p>
   </div>
   <div class='ocr_carea' id='block_1_102' title="bbox 132 2564 968 2604">
    <p class='ocr_par' dir='ltr' id='par_1_102' title="bbox 132 2564 968 2604">
     <span class='ocr_line' id='line_1_102' title="bbox 132 2564 968 2604; baseline -0.002 -9"><span class='ocrx_word' id='word_1_730' title='bbox 132 2571 195 2599; x_wconf 68' lang='grc' dir='ltr'>θεῖα</span> <span class='ocrx_word' id='word_1_731' title='bbox 209 2567 402 2604; x_wconf 71' lang='grc' dir='ltr'>ἐπιγινώσκει,</span> <span class='ocrx_word' id='word_1_732' title='bbox 416 2565 462 2593; x_wconf 85' lang='grc' dir='ltr'><strong>καὶ</strong></span> <span class='ocrx_word' id='word_1_733' title='bbox 476 2566 511 2593; x_wconf 71' lang='grc' dir='ltr'><strong>τὰ</strong></span> <span class='ocrx_word' id='word_1_734' title='bbox 535 2566 590 2592; x_wconf 77' lang='grc' dir='ltr'><strong>ἅνω</strong></span> <span class='ocrx_word' id='word_1_735' title='bbox 615 2564 707 2593; x_wconf 83' lang='grc' dir='ltr'>διώκει</span> <span class='ocrx_word' id='word_1_736' title='bbox 731 2565 775 2592; x_wconf 84' lang='grc' dir='ltr'><strong>καὶ</strong></span> <span class='ocrx_word' id='word_1_737' title='bbox 798 2566 832 2593; x_wconf 81' lang='grc' dir='ltr'><strong>τὰ</strong></span> <span class='ocrx_word' id='word_1_738' title='bbox 856 2565 968 2603; x_wconf 80' lang='grc' dir='ltr'>οὐράνια</span> 
     </span>
    </p>
   </div>
   <div class='ocr_carea' id='block_1_103' title="bbox 130 2608 964 2648">
    <p class='ocr_par' dir='ltr' id='par_1_103' title="bbox 130 2608 964 2648">
     <span class='ocr_line' id='line_1_103' title="bbox 130 2608 964 2648; baseline -0.002 -9"><span class='ocrx_word' id='word_1_739' title='bbox 130 2614 203 2648; x_wconf 74' lang='grc' dir='ltr'>νοεῖ,</span> <span class='ocrx_word' id='word_1_740' title='bbox 218 2611 267 2638; x_wconf 75' lang='grc' dir='ltr'><strong>καὶ</strong></span> <span class='ocrx_word' id='word_1_741' title='bbox 284 2609 399 2647; x_wconf 78' lang='grc' dir='ltr'>λογικὸς</span> <span class='ocrx_word' id='word_1_742' title='bbox 417 2610 534 2648; x_wconf 73' lang='grc' dir='ltr'>ὑπάρχει</span> <span class='ocrx_word' id='word_1_743' title='bbox 558 2609 602 2636; x_wconf 83' lang='grc' dir='ltr'><strong>καὶ</strong></span> <span class='ocrx_word' id='word_1_744' title='bbox 626 2608 727 2641; x_wconf 78' lang='grc' dir='ltr'>ἔννους.</span> <span class='ocrx_word' id='word_1_745' title='bbox 752 2609 841 2637; x_wconf 81' lang='grc' dir='ltr'><strong>’Λλλᾶ</strong></span> <span class='ocrx_word' id='word_1_746' title='bbox 869 2608 964 2646; x_wconf 74' lang='grc' dir='ltr'>μηδεὶς</span> 
     </span>
    </p>
   </div>
   <div class='ocr_carea' id='block_1_104' title="bbox 132 2652 965 2692">
    <p class='ocr_par' dir='ltr' id='par_1_104' title="bbox 132 2652 965 2692">
     <span class='ocr_line' id='line_1_104' title="bbox 132 2652 965 2692; baseline -0.002 -9"><span class='ocrx_word' id='word_1_747' title='bbox 132 2655 303 2691; x_wconf 53' lang='lat' dir='ltr'><strong>exemita),</strong></span> <span class='ocrx_word' id='word_1_748' title='bbox 328 2654 371 2682; x_wconf 75' lang='grc' dir='ltr'>ὅτι</span> <span class='ocrx_word' id='word_1_749' title='bbox 385 2654 416 2681; x_wconf 87' lang='grc' dir='ltr'><strong>τὸ</strong></span> <span class='ocrx_word' id='word_1_750' title='bbox 435 2656 549 2690; x_wconf 79' lang='grc' dir='ltr'>πνεῦμα,</span> <span class='ocrx_word' id='word_1_751' title='bbox 579 2652 646 2691; x_wconf 76' lang='grc' dir='ltr'>ὅπερ</span> <span class='ocrx_word' id='word_1_752' title='bbox 676 2653 836 2692; x_wconf 70' lang='grc' dir='ltr'>ἐνεφύσησεν</span> <span class='ocrx_word' id='word_1_753' title='bbox 859 2654 873 2681; x_wconf 86' lang='grc' dir='ltr'><strong>ὁ</strong></span> <span class='ocrx_word' id='word_1_754' title='bbox 901 2654 965 2685; x_wconf 86' lang='grc' dir='ltr'>Θεὸς</span> 
     </span>
    </p>
   </div>
   <div class='ocr_carea' id='block_1_105' title="bbox 133 2697 964 2736">
    <p class='ocr_par' dir='ltr' id='par_1_105' title="bbox 133 2697 964 2736">
     <span class='ocr_line' id='line_1_105' title="bbox 133 2697 964 2736; baseline 0 -10"><span class='ocrx_word' id='word_1_755' title='bbox 133 2699 160 2726; x_wconf 68' lang='grc' dir='ltr'>ἰν</span> <span class='ocrx_word' id='word_1_756' title='bbox 176 2702 221 2735; x_wconf 77' lang='grc' dir='ltr'>τῷ</span> <span class='ocrx_word' id='word_1_757' title='bbox 245 2698 394 2736; x_wconf 75' lang='grc' dir='ltr'>ἀνθρώπῳ,</span> <span class='ocrx_word' id='word_1_758' title='bbox 419 2697 505 2725; x_wconf 69' lang='grc' dir='ltr'>ἐκεῖνο</span> <span class='ocrx_word' id='word_1_759' title='bbox 533 2697 638 2736; x_wconf 67' lang='grc' dir='ltr'>ἰγὲνετο</span> <span class='ocrx_word' id='word_1_760' title='bbox 662 2698 752 2736; x_wconf 84' lang='grc' dir='ltr'>ψυχή’</span> <span class='ocrx_word' id='word_1_761' title='bbox 783 2698 821 2734; x_wconf 81' lang='grc' dir='ltr'><strong>μὴ</strong></span> <span class='ocrx_word' id='word_1_762' title='bbox 846 2697 964 2736; x_wconf 70' lang='grc' dir='ltr'>γένοιτο.</span> 
     </span>
    </p>
   </div>
   <div class='ocr_carea' id='block_1_106' title="bbox 136 2741 964 2781">
    <p class='ocr_par' dir='ltr' id='par_1_106' title="bbox 136 2741 964 2781">
     <span class='ocr_line' id='line_1_106' title="bbox 136 2741 964 2781; baseline 0 -11"><span class='ocrx_word' id='word_1_763' title='bbox 136 2742 216 2770; x_wconf 68' lang='grc' dir='ltr'>ἀλλὰ</span> <span class='ocrx_word' id='word_1_764' title='bbox 229 2743 265 2770; x_wconf 78' lang='grc' dir='ltr'><strong>τὸ</strong></span> <span class='ocrx_word' id='word_1_765' title='bbox 278 2744 386 2779; x_wconf 71' lang='grc' dir='ltr'>πνεῦμα</span> <span class='ocrx_word' id='word_1_766' title='bbox 396 2741 482 2769; x_wconf 58' lang='lat' dir='ltr'><strong>{nive</strong></span> <span class='ocrx_word' id='word_1_767' title='bbox 497 2742 589 2779; x_wconf 78' lang='grc' dir='ltr'>ψυχὴν</span> <span class='ocrx_word' id='word_1_768' title='bbox 603 2741 832 2781; x_wconf 72' lang='grc' dir='ltr'>ἐδημιούργησεν.</span> <span class='ocrx_word' id='word_1_769' title='bbox 857 2742 887 2771; x_wconf 73' lang='lat' dir='ltr'><strong>Et</strong></span> <span class='ocrx_word' id='word_1_770' title='bbox 912 2743 964 2781; x_wconf 77' lang='grc' dir='ltr'>γὰρ</span> 
     </span>
    </p>
   </div>
   <div class='ocr_carea' id='block_1_107' title="bbox 179 2830 421 2866">
    <p class='ocr_par' dir='ltr' id='par_1_107' title="bbox 179 2830 421 2866">
     <span class='ocr_line' id='line_1_107' title="bbox 179 2830 421 2866; baseline -0.004 -7"><span class='ocrx_word' id='word_1_771' title='bbox 179 2831 205 2849; x_wconf 70' lang='grc' dir='ltr'><strong>υ</strong></span> <span class='ocrx_word' id='word_1_772' title='bbox 219 2830 326 2859; x_wconf 69' lang='lat' dir='ltr'><strong>Ganeo.</strong></span> <span class='ocrx_word' id='word_1_773' title='bbox 343 2839 364 2866; x_wconf 83' lang='lat' dir='ltr'><strong>I,</strong></span> <span class='ocrx_word' id='word_1_774' title='bbox 377 2830 421 2858; x_wconf 73' lang='lat'><strong>20.</strong></span> 
     </span>
    </p>
   </div>
   <div class='ocr_carea' id='block_1_108' title="bbox 1023 2345 1845 2382">
    <p class='ocr_par' dir='ltr' id='par_1_108' title="bbox 1023 2345 1845 2382">
     <span class='ocr_line' id='line_1_108' title="bbox 1023 2345 1845 2382; baseline 0 -9"><span class='ocrx_word' id='word_1_775' title='bbox 1023 2353 1089 2373; x_wconf 89' lang='lat' dir='ltr'><strong>nem</strong></span> <span class='ocrx_word' id='word_1_776' title='bbox 1106 2347 1150 2373; x_wconf 90' lang='lat' dir='ltr'><strong>est</strong></span> <span class='ocrx_word' id='word_1_777' title='bbox 1165 2347 1283 2380; x_wconf 83' lang='lat' dir='ltr'><strong>operata</strong></span> <span class='ocrx_word' id='word_1_778' title='bbox 1298 2354 1305 2372; x_wconf 90' lang='lat'>:</span> <span class='ocrx_word' id='word_1_779' title='bbox 1324 2345 1447 2382; x_wconf 80' lang='lat' dir='ltr'><strong>sanguis</strong></span> <span class='ocrx_word' id='word_1_780' title='bbox 1463 2347 1573 2381; x_wconf 80' lang='lat' dir='ltr'><strong>autem,</strong></span> <span class='ocrx_word' id='word_1_781' title='bbox 1587 2345 1673 2373; x_wconf 85' lang='lat' dir='ltr'><strong>bruta</strong></span> <span class='ocrx_word' id='word_1_782' title='bbox 1692 2345 1791 2374; x_wconf 78' lang='lat' dir='ltr'><strong>anima</strong></span> <span class='ocrx_word' id='word_1_783' title='bbox 1807 2345 1845 2373; x_wconf 81' lang='lat' dir='ltr'><strong>fa-</strong></span> 
     </span>
    </p>
   </div>
   <div class='ocr_carea' id='block_1_109' title="bbox 1022 2389 1844 2423">
    <p class='ocr_par' dir='ltr' id='par_1_109' title="bbox 1022 2389 1844 2423">
     <span class='ocr_line' id='line_1_109' title="bbox 1022 2389 1844 2423; baseline 0 -6"><span class='ocrx_word' id='word_1_784' title='bbox 1022 2392 1086 2418; x_wconf 89' lang='lat' dir='ltr'><strong>ctus</strong></span> <span class='ocrx_word' id='word_1_785' title='bbox 1098 2392 1142 2418; x_wconf 85' lang='lat' dir='ltr'><strong>est</strong></span> <span class='ocrx_word' id='word_1_786' title='bbox 1157 2389 1277 2417; x_wconf 87' lang='lat' dir='ltr'><strong>animali</strong></span> <span class='ocrx_word' id='word_1_787' title='bbox 1293 2389 1564 2422; x_wconf 80' lang='lat' dir='ltr'><strong>irrationali.Quare</strong></span> <span class='ocrx_word' id='word_1_788' title='bbox 1581 2392 1696 2418; x_wconf 89' lang='lat' dir='ltr'><strong>mortuo</strong></span> <span class='ocrx_word' id='word_1_789' title='bbox 1711 2390 1844 2423; x_wconf 80' lang='lat' dir='ltr'><strong>animali,</strong></span> 
     </span>
    </p>
   </div>
   <div class='ocr_carea' id='block_1_110' title="bbox 1022 2434 1844 2471">
    <p class='ocr_par' dir='ltr' id='par_1_110' title="bbox 1022 2434 1844 2471">
     <span class='ocr_line' id='line_1_110' title="bbox 1022 2434 1844 2471; baseline 0.001 -10"><span class='ocrx_word' id='word_1_790' title='bbox 1022 2434 1176 2471; x_wconf 83' lang='lat' dir='ltr'><strong>sanguinis</strong></span> <span class='ocrx_word' id='word_1_791' title='bbox 1191 2436 1345 2462; x_wconf 84' lang='lat' dir='ltr'><strong>concretus</strong></span> <span class='ocrx_word' id='word_1_792' title='bbox 1360 2434 1390 2461; x_wconf 91' lang='lat' dir='ltr'><strong>in</strong></span> <span class='ocrx_word' id='word_1_793' title='bbox 1407 2442 1523 2462; x_wconf 90' lang='lat' dir='ltr'><strong>carnem</strong></span> <span class='ocrx_word' id='word_1_794' title='bbox 1540 2436 1764 2462; x_wconf 85' lang='lat' dir='ltr'><strong>transmutatur.</strong></span> <span class='ocrx_word' id='word_1_795' title='bbox 1774 2435 1844 2462; x_wconf 86' lang='lat' dir='ltr'><strong>Caro</strong></span> 
     </span>
    </p>
   </div>
   <div class='ocr_carea' id='block_1_111' title="bbox 1022 2478 1845 2515">
    <p class='ocr_par' dir='ltr' id='par_1_111' title="bbox 1022 2478 1845 2515">
     <span class='ocr_line' id='line_1_111' title="bbox 1022 2478 1845 2515; baseline 0 -9"><span class='ocrx_word' id='word_1_796' title='bbox 1022 2481 1119 2507; x_wconf 80' lang='lat' dir='ltr'><strong>autem</strong></span> <span class='ocrx_word' id='word_1_797' title='bbox 1135 2481 1273 2514; x_wconf 83' lang='lat' dir='ltr'><strong>corrupta</strong></span> <span class='ocrx_word' id='word_1_798' title='bbox 1287 2480 1315 2506; x_wconf 87' lang='lat' dir='ltr'><strong>et</strong></span> <span class='ocrx_word' id='word_1_799' title='bbox 1331 2478 1471 2514; x_wconf 81' lang='lat' dir='ltr'><strong>resoluta,</strong></span> <span class='ocrx_word' id='word_1_800' title='bbox 1487 2481 1564 2507; x_wconf 86' lang='lat' dir='ltr'><strong>terra</strong></span> <span class='ocrx_word' id='word_1_801' title='bbox 1580 2479 1613 2506; x_wconf 84' lang='lat' dir='ltr'><strong>ﬁt</strong></span> <span class='ocrx_word' id='word_1_802' title='bbox 1629 2488 1740 2507; x_wconf 85' lang='lat' dir='ltr'><strong>rursus.</strong></span> <span class='ocrx_word' id='word_1_803' title='bbox 1753 2480 1845 2515; x_wconf 83' lang='lat' dir='ltr'><strong>Atque</strong></span> 
     </span>
    </p>
   </div>
   <div class='ocr_carea' id='block_1_112' title="bbox 1021 2522 1845 2559">
    <p class='ocr_par' dir='ltr' id='par_1_112' title="bbox 1021 2522 1845 2559">
     <span class='ocr_line' id='line_1_112' title="bbox 1021 2522 1845 2559; baseline 0.001 -9"><span class='ocrx_word' id='word_1_804' title='bbox 1021 2531 1085 2550; x_wconf 90' lang='lat' dir='ltr'><strong>eam</strong></span> <span class='ocrx_word' id='word_1_805' title='bbox 1102 2523 1138 2550; x_wconf 93' lang='lat' dir='ltr'><strong>ob</strong></span> <span class='ocrx_word' id='word_1_806' title='bbox 1153 2531 1271 2550; x_wconf 82' lang='lat' dir='ltr'><strong>causam</strong></span> <span class='ocrx_word' id='word_1_807' title='bbox 1291 2523 1427 2558; x_wconf 86' lang='lat' dir='ltr'><strong>ignorant</strong></span> <span class='ocrx_word' id='word_1_808' title='bbox 1442 2522 1601 2559; x_wconf 79' lang='lat' dir='ltr'><strong>illa,neque</strong></span> <span class='ocrx_word' id='word_1_809' title='bbox 1616 2526 1719 2551; x_wconf 83' lang='lat' dir='ltr'><strong>curant</strong></span> <span class='ocrx_word' id='word_1_810' title='bbox 1736 2532 1781 2550; x_wconf 87' lang='lat' dir='ltr'><strong>rcs</strong></span> <span class='ocrx_word' id='word_1_811' title='bbox 1792 2532 1845 2551; x_wconf 70' lang='lat' dir='ltr'><strong>cm-</strong></span> 
     </span>
    </p>
   </div>
   <div class='ocr_carea' id='block_1_113' title="bbox 1020 2565 1844 2602">
    <p class='ocr_par' dir='ltr' id='par_1_113' title="bbox 1020 2565 1844 2602">
     <span class='ocr_line' id='line_1_113' title="bbox 1020 2565 1844 2602; baseline 0.001 -8"><span class='ocrx_word' id='word_1_812' title='bbox 1020 2565 1117 2595; x_wconf 89' lang='lat' dir='ltr'><strong>lestes.</strong></span> <span class='ocrx_word' id='word_1_813' title='bbox 1134 2566 1188 2593; x_wconf 85' lang='lat' dir='ltr'><strong>Sed</strong></span> <span class='ocrx_word' id='word_1_814' title='bbox 1203 2566 1288 2595; x_wconf 89' lang='lat' dir='ltr'><strong>homo</strong></span> <span class='ocrx_word' id='word_1_815' title='bbox 1304 2575 1339 2594; x_wconf 85' lang='lat' dir='ltr'><strong>ex</strong></span> <span class='ocrx_word' id='word_1_816' title='bbox 1354 2567 1546 2602; x_wconf 85' lang='lat' dir='ltr'><strong>inspiratione</strong></span> <span class='ocrx_word' id='word_1_817' title='bbox 1570 2568 1667 2595; x_wconf 86' lang='lat' dir='ltr'><strong>divina</strong></span> <span class='ocrx_word' id='word_1_818' title='bbox 1682 2576 1767 2595; x_wconf 88' lang='lat' dir='ltr'><strong>suam</strong></span> <span class='ocrx_word' id='word_1_819' title='bbox 1783 2568 1844 2596; x_wconf 87' lang='lat' dir='ltr'><strong>ani-</strong></span> 
     </span>
    </p>
   </div>
   <div class='ocr_carea' id='block_1_114' title="bbox 1021 2610 1845 2648">
    <p class='ocr_par' dir='ltr' id='par_1_114' title="bbox 1021 2610 1845 2648">
     <span class='ocr_line' id='line_1_114' title="bbox 1021 2610 1845 2648; baseline 0.002 -10"><span class='ocrx_word' id='word_1_820' title='bbox 1021 2619 1099 2638; x_wconf 86' lang='lat' dir='ltr'><strong>mam</strong></span> <span class='ocrx_word' id='word_1_821' title='bbox 1116 2610 1235 2646; x_wconf 85' lang='lat' dir='ltr'><strong>accepit,</strong></span> <span class='ocrx_word' id='word_1_822' title='bbox 1252 2611 1316 2638; x_wconf 90' lang='lat' dir='ltr'><strong>ideo</strong></span> <span class='ocrx_word' id='word_1_823' title='bbox 1340 2619 1387 2639; x_wconf 87' lang='lat' dir='ltr'><strong>res</strong></span> <span class='ocrx_word' id='word_1_824' title='bbox 1410 2612 1524 2639; x_wconf 84' lang='lat' dir='ltr'><strong>divinas</strong></span> <span class='ocrx_word' id='word_1_825' title='bbox 1550 2613 1693 2648; x_wconf 83' lang='lat' dir='ltr'><strong>agnoscit,</strong></span> <span class='ocrx_word' id='word_1_826' title='bbox 1718 2620 1845 2648; x_wconf 81' lang='lat' dir='ltr'><strong>superne</strong></span> 
     </span>
    </p>
   </div>
   <div class='ocr_carea' id='block_1_115' title="bbox 1020 2655 1845 2692">
    <p class='ocr_par' dir='ltr' id='par_1_115' title="bbox 1020 2655 1845 2692">
     <span class='ocr_line' id='line_1_115' title="bbox 1020 2655 1845 2692; baseline 0.001 -10"><span class='ocrx_word' id='word_1_827' title='bbox 1020 2655 1249 2691; x_wconf 83' lang='lat' dir='ltr'><strong>persequitur,et</strong></span> <span class='ocrx_word' id='word_1_828' title='bbox 1264 2663 1311 2683; x_wconf 87' lang='lat' dir='ltr'><strong>res</strong></span> <span class='ocrx_word' id='word_1_829' title='bbox 1326 2655 1458 2684; x_wconf 61' lang='lat' dir='ltr'><strong>caelestes</strong></span> <span class='ocrx_word' id='word_1_830' title='bbox 1468 2656 1606 2692; x_wconf 83' lang='lat' dir='ltr'><strong>intelligit</strong></span> <span class='ocrx_word' id='word_1_831' title='bbox 1622 2665 1628 2684; x_wconf 91' lang='lat'><strong>:</strong></span> <span class='ocrx_word' id='word_1_832' title='bbox 1644 2658 1748 2692; x_wconf 86' lang='lat' dir='ltr'><strong>estque</strong></span> <span class='ocrx_word' id='word_1_833' title='bbox 1761 2656 1845 2683; x_wconf 84' lang='lat' dir='ltr'><strong>ratio-</strong></span> 
     </span>
    </p>
   </div>
   <div class='ocr_carea' id='block_1_116' title="bbox 1020 2699 1843 2735">
    <p class='ocr_par' dir='ltr' id='par_1_116' title="bbox 1020 2699 1843 2735">
     <span class='ocr_line' id='line_1_116' title="bbox 1020 2699 1843 2735; baseline -0.001 -8"><span class='ocrx_word' id='word_1_834' title='bbox 1020 2699 1107 2732; x_wconf 85' lang='lat' dir='ltr'><strong>nalis,</strong></span> <span class='ocrx_word' id='word_1_835' title='bbox 1123 2701 1151 2727; x_wconf 86' lang='lat' dir='ltr'><strong>et</strong></span> <span class='ocrx_word' id='word_1_836' title='bbox 1166 2701 1262 2727; x_wconf 87' lang='lat' dir='ltr'><strong>mente</strong></span> <span class='ocrx_word' id='word_1_837' title='bbox 1277 2700 1574 2735; x_wconf 58' lang='lat' dir='ltr'><strong>praeditusﬁaaternm</strong></span> <span class='ocrx_word' id='word_1_838' title='bbox 1587 2709 1673 2728; x_wconf 87' lang='lat' dir='ltr'><strong>nemo</strong></span> <span class='ocrx_word' id='word_1_839' title='bbox 1688 2699 1843 2733; x_wconf 83' lang='lat' dir='ltr'><strong>existimet,</strong></span> 
     </span>
    </p>
   </div>
   <div class='ocr_carea' id='block_1_117' title="bbox 1021 2743 1845 2781">
    <p class='ocr_par' dir='ltr' id='par_1_117' title="bbox 1021 2743 1845 2781">
     <span class='ocr_line' id='line_1_117' title="bbox 1021 2743 1845 2781; baseline -0.002 -10"><span class='ocrx_word' id='word_1_840' title='bbox 1021 2744 1098 2779; x_wconf 86' lang='lat' dir='ltr'><strong>quod</strong></span> <span class='ocrx_word' id='word_1_841' title='bbox 1118 2743 1167 2772; x_wconf 92' lang='lat' dir='ltr'><strong>ille</strong></span> <span class='ocrx_word' id='word_1_842' title='bbox 1182 2743 1314 2781; x_wconf 87' lang='lat' dir='ltr'><strong>spiritus,</strong></span> <span class='ocrx_word' id='word_1_843' title='bbox 1330 2752 1417 2780; x_wconf 87' lang='lat' dir='ltr'><strong>quem</strong></span> <span class='ocrx_word' id='word_1_844' title='bbox 1446 2744 1475 2772; x_wconf 89' lang='lat' dir='ltr'><strong>in</strong></span> <span class='ocrx_word' id='word_1_845' title='bbox 1508 2745 1658 2773; x_wconf 87' lang='lat' dir='ltr'><strong>hominem</strong></span> <span class='ocrx_word' id='word_1_846' title='bbox 1685 2743 1845 2773; x_wconf 82' lang='lat' dir='ltr'><strong>insufﬂavit</strong></span> 
     </span>
    </p>
   </div>
  </div>
