4108 6210
439 314 554 375 547

1600 313 1665 371 S.
1712 303 2233 370 ATHANASIUS.
2257 338 2335 350 -—
2363 306 2672 371 SPURIA.

3729 308 3853 368 548

451 447 621 514 Deus,
677 445 867 501 factus
912 444 989 501 sit
1037 444 1255 501 anima.
1305 443 1506 500 Absitl
1540 444 1650 499 Sed
1702 440 1945 511 spiritus
1994 435 2075 491 ἱ11(

2205 436 2377 492 ἐκεῖνο
2408 439 2469 492 τὸ
2500 443 2707 511 πνεῦμα
2737 438 2892 514 ψυχὴ
2924 436 2978 492 ἐν
3004 434 3084 510 τῷ
3112 436 3404 510 ἀνθρώπῳ,
3442 436 3588 512 τάχα
3636 437 3696 493 ἐκ
3742 445 3847 507 τῆς

441 536 658 591 creavit
685 535 966 590 animam.
998 535 1144 591 Nam
1178 535 1225 589 si
1255 535 1311 588 in
1346 534 1584 588 homine
1615 530 1858 603 spiritus
1890 528 1986 582 ille
2006 545 2094 583 es-

442 630 530 678 set
559 624 777 693 anima,
811 628 967 679 esset
996 623 1277 678 nimirum
1311 622 1508 678 anima
1559 638 1627 676 ex
1657 619 1752 675 Dei
1809 615 2084 674 essentia.

438 714 498 768 Si
526 728 662 783 ergo
683 729 752 767 ex
783 712 878 767 Dei
896 713 1150 767 essentia
1180 717 1337 767 esset
1368 711 1774 780 anima,quare
1804 723 1919 762 non
1945 704 2087 759 inal-

439 800 700 856 terabilis
738 816 971 872 semper
1018 809 1174 856 esset
1219 806 1276 855 et
1314 798 1725 866 immutabilis,
1780 794 1972 868 qualis
2002 801 2091 853 est

438 890 641 945 Deus?
676 889 867 959 inquit
894 889 1052 943 enim
1082 889 1208 959 ipse
1242 905 1255 945 :
1288 911 1314 937 ‹‹
1349 890 1467 961 Ego
1499 887 1625 960 ipse
1675 902 1830 952 sum,
1862 889 1919 939 et
1968 899 2085 939 non

439 984 638 1032 mutor
674 977 738 1033 ⁷ο.
775 999 803 1026 ››
835 977 1047 1033 Anima
1068 984 1263 1033 autem
1316 977 1607 1032 interdum
1635 975 1872 1048 quidem
1906 972 2088 1029 stulta

437 1072 546 1133 est,
578 1066 874 1121 interdum
904 1066 1163 1138 sapiens,
1208 1067 1506 1121 interdum
1559 1064 1867 1137 peccatrix,
1901 1063 2086 1117 inter-

439 1157 579 1211 dum
613 1156 778 1226 justa
810 1171 823 1209 :
857 1159 913 1210 et
944 1154 1060 1211 alio
1110 1156 1348 1226 quidem
1398 1160 1661 1226 tempore
1712 1151 1919 1222 ﬁdelis,
1970 1150 2085 1206 alio

436 1263 573 1302 vero
604 1251 866 1318 tempore
897 1245 1197 1301 incredula
1233 1263 1244 1299 :
1276 1245 1595 1317 aliquando
1626 1260 1821 1300 rerum
1854 1243 2080 1314 ignara,

436 1333 758 1407 aliquando
781 1350 1415 1406 gnara,nonnunquam
1451 1333 1660 1389 alacris
1690 1336 1746 1387 et
1767 1330 2081 1402 aliquando

435 1424 654 1496 segnis.
688 1424 831 1479 Cum
866 1423 984 1479 haec
1005 1422 1061 1478 in
1095 1439 1222 1479 sese
1245 1424 1455 1479 habeat
1475 1422 1954 1492 anima,quonam
1979 1436 2079 1491 pa-

436 1518 529 1569 cto
561 1511 671 1568 dici
702 1516 913 1583 potest,
932 1512 1083 1582 quod
1108 1528 1177 1567 ex
1198 1511 1297 1567 Dei
1317 1510 1664 1566 sitessentia
1681 1508 1867 1565 ‘Illlud
1890 1508 2077 1563 haud-

432 1617 729 1674 quaquam
761 1616 889 1656 esse
920 1605 1130 1672 potest.
1164 1599 1275 1655 Sed
1311 1600 1431 1655 haec
1463 1598 1769 1671 inspiratio
1817 1598 2077 1653 animam

430 1691 493 1746 in
524 1689 761 1746 homine
790 1690 1071 1745 fabricata
1100 1694 1190 1745 est
1232 1689 1517 1744 rationem
1550 1693 1608 1744 et
1631 1686 2073 1759 intelligentem.

2201 526 2381 589 οὐσίας
2411 532 2509 581 τοῦ
2539 532 2672 583 Θεοῦ
2706 530 2740 596 ἡ
2794 528 2948 602 ψυχὴ
2998 525 3226 600 ἔμελλεν
3280 526 3433 583 εἶναι.
3485 528 3606 581 Ἐὰν
3665 528 3847 602 ὑπῆρ-

2199 634 2294 690 χεν
2329 616 2362 685 ἠ
2413 616 2564 692 ψυχὴ
2616 615 2675 671 ἐκ
2718 624 2821 685 τῆς
2871 616 3053 678 οὐσίας
3082 620 3178 671 τοῦ
3208 619 3365 686 Θεοῦ,
3401 613 3489 670 διὰ
3516 615 3569 671 τί
3599 616 3702 670 οὐκ
3729 613 3846 672 ἔστι

2196 704 2426 759 πάντοτε
2499 703 2888 774 ἀναλλοίωτος,
2965 703 3246 781 ἄτρεπτος,
3323 701 3502 779 ὣσπερ
3583 704 3613 758 6
3670 705 3847 772 Θεός;

2197 791 2398 855 ἐκεῖνος
2465 793 2565 870 γὰρ
2615 791 2761 869 λέγει
2811 792 2914 849 ὅτι·
2963 818 2991 843 ‹‹
3035 793 3205 855 Αὐτὸς
3250 792 3360 867 ἐγώ
3409 793 3548 866 εἶμι,
3595 793 3687 847 καὶ
3743 793 3850 848 οὐκ

2635 883 2698 938 Ἠ
2731 878 2786 936 δὲ
2817 884 2966 957 ψυχή
3003 902 3134 935 ποτε
3180 881 3273 954 μὲν
3334 880 3466 935 οὖσα
3498 883 3677 958 μωρὰ,
3710 884 3846 938 ποτὶ

2194 969 2247 1023 ii
2278 970 2567 1047 φρόνιμος
2626 970 2714 1025 καί
2764 991 2892 1025 ποτε
2942 972 3035 1043 μὲν
3081 970 3431 1043 ἁμαρτωλὸς,
3481 972 3613 1025 ποτε
3643 968 3703 1026 δὲ
3753 970 3831 1025 διδ

2193 1058 2339 1114 καία·
2400 1060 2489 1114 καὶ
2540 1057 2742 1116 ἄλλοτε
2785 1061 2974 1128 πιστὴ,
3044 1059 3133 1113 καὶ
3202 1058 3402 1115 ἄλλοτε
3453 1060 3700 1122 ἄπιστος.
3751 1060 3845 1115 xui

2193 1168 2324 1202 ποτε
2374 1149 2467 1220 μὶν
2526 1149 2816 1222 ἀγνοοῦσα,
2874 1148 3006 1203 ποτὶ
3056 1145 3112 1202 δὲ
3168 1150 3536 1223 γινώσκουσα·
3562 1148 3654 1204 καὶ
3705 1170 3845 1205 ποτε

2196 1236 2289 1308 μὲν
2318 1236 2603 1311 πρόθυμος
2635 1234 2786 1307 οὖσα,
2819 1236 2952 1292 ποτὶ
2996 1233 3054 1291 δὲ
3100 1236 3323 1313 ὀκνηρά.
3374 1239 3555 1295 Ταῦτα
3611 1235 3842 1312 ἔχουσα,

2190 1329 2306 1387 πῶς
2340 1322 2558 1381 δύναται
2608 1325 2861 1402 λέγεσθαι
2911 1324 2971 1381 ἐκ
3015 1332 3117 1396 τῆς
3150 1324 3334 1389 οὐσίας
3366 1328 3503 1380 εἶναι
3529 1323 3628 1382 τοῦ
3660 1332 3841 1397 Θεοῦ;

2190 1412 2290 1468 οὐκ
2319 1411 2426 1469 ἔστι
2483 1412 2666 1487 τοῦτο,
2726 1414 2823 1470 οὐκ
2881 1410 3013 1471 ἔστι.
3072 1415 3142 1470 Τὸ
3190 1411 3248 1470 δὲ
3296 1414 3593 1493 ἐμφύσημα
3637 1414 3841 1485 έκεῖνο,

2189 1503 2372 1578 ψυχήν
2406 1501 2840 1579 έδημιουργησεν
2893 1503 2945 1558 ὲν
2981 1508 3061 1576 τῷ
3110 1503 3401 1579 ἀνθρώπῳ,
3459 1503 3686 1580 λογικήν
3743 1505 3840 1560 xui

2186 1595 2397 1667 νοεράν.
2431 1592 2528 1646 Διὰ
2555 1596 2716 1647 τοῦτο
2746 1592 2835 1647 καὶ
2864 1594 2898 1664 ἡ
2932 1594 3085 1668 ψυχὴ
3119 1598 3321 1668 νοερῶς
3350 1592 3418 1648 τά
3464 1589 3574 1647 ἅνω
3631 1595 3839 1672 φαντάο

2189 1686 2353 1751 ζεται,
2385 1682 2475 1735 καὶ
2505 1683 2572 1735 τὰ
2601 1680 2800 1737 ἕκεῖθεν
2854 1687 3006 1752 ζητεῖ
3055 1682 3144 1737 καὶ
3202 1681 3447 1758 ὀρέγεται
3505 1682 3593 1737 καὶ
3649 1688 3838 1753 ποθεῖ,

2196 879 2538 955 ἡλλοίωμαι.
2574 906 2599 933 ››

431 1778 1244 1851 Quapropteranimaquoque
1264 1777 1644 1850 intelligendo
1663 1793 1921 1849 superna
1950 1791 2075 1846 spe-

2186 1769 2268 1825 ὅτι
2300 1770 2496 1833 ἐκεῖθεν
2529 1768 2644 1845 ἔχει
2674 1772 2772 1839 τὴν
2821 1768 3206 1846 δημιουργίαν.
3248 1772 3312 1828 Ἠ
3343 1768 3400 1826 δὲ
3454 1777 3562 1827 τῶν
3591 1769 3838 1848 ἀλόγων,

428 1869 678 1933 culatur,
710 1873 767 1923 et
794 1884 921 1939 qua
955 1867 1075 1923 illic
1104 1872 1264 1933 sunt,
1298 1867 1527 1939 quaerit,
1574 1867 1798 1939 appetit
1829 1871 1884 1921 et
1915 1863 2075 1921 desi-

2186 1859 2293 1934 οὐχ
2317 1859 2511 1929 οὕτως,
2544 1858 2671 1914 ἀλλ’
2727 1858 2960 1935 ἐπίγειος
3010 1860 3163 1929 οὖσα,
3210 1860 3276 1915 τά
3324 1858 3531 1936 ἐπίγεια
3564 1861 3701 1934 μόνα
3734 1866 3836 1931 ζη-

428 1957 612 2025 derat,
644 1956 921 2029 quoniam
952 1954 1113 2011 illinc
1142 1956 1317 2011 habet
1345 1957 1692 2012 creationem
1725 1956 2074 2011 suam.Irra-

425 2045 664 2103 tionalis
697 2051 890 2101 autem
923 2044 1122 2101 anima
1152 2061 1265 2100 non
1301 2046 1424 2113 sic;
1457 2045 1556 2101 sed
1591 2044 1730 2117 quia
1781 2044 2076 2101 terrestris

428 2140 537 2203 est,
572 2134 943 2191 solummodo
957 2134 1256 2190 terrestria
1278 2134 1505 2206 quaerit,
1531 2134 1778 2205 ideoque
1804 2150 1919 2189 una
1940 2150 2074 2189 cum

427 2241 665 2297 corpore
698 2222 965 2279 moritur.
1002 2222 1211 2278 Anima
1242 2238 1372 2277 vero
1404 2222 1661 2279 hominis
1686 2227 1966 2278 aeternum
1993 2222 2074 2277 vi-

425 2314 529 2382 vit,
561 2317 618 2369 et
651 2330 765 2368 non
798 2312 973 2368 habet
1004 2312 1199 2367 finem.
1234 2311 1415 2367 Habet
1465 2317 1661 2367 autem
1711 2312 1909 2367 anima
1958 2318 2074 2368 tres

425 2406 626 2474 partes
652 2418 664 2455 ε
691 2400 1118 2471 rationabilem,
1143 2400 1517 2468 irascibilem,
1534 2400 2070 2473 concupiscibilem.

425 2494 613 2563 Atque
637 2506 737 2561 per
766 2494 987 2561 partem
1013 2488 1247 2562 quidem
1281 2489 1621 2545 rationalem
1652 2490 1835 2546 Deum
1859 2489 2069 2562 diligit:

425 2595 531 2651 per
559 2577 913 2635 irascibilem
948 2595 1081 2634 vero
1115 2579 1478 2635 daemonibus
1509 2578 1799 2648 irascitur,
1854 2585 1909 2635 et
1946 2596 2073 2636 sese

428 2675 666 2724 strenue
697 2668 977 2724 adversus
1008 2684 1105 2723 eos
1136 2668 1327 2739 gerit;
1358 2674 1415 2723 et
1444 2684 1546 2741 per
1595 2673 1820 2741 partem
1854 2686 2071 2725 concu-

422 2756 773 2830 piscibilem,
807 2757 959 2812 bona
988 2756 1209 2830 appetit
1238 2762 1470 2812 διιεῖ-ηε..
1507 2755 1687 2813 Habet
1718 2762 1914 2813 autem
1968 2758 2070 2813 bo-

424 2864 520 2903 mo
542 2863 752 2902 sensus
776 2847 1036 2918 quinque
1066 2846 1417 2919 corporales,
1442 2850 1496 2902 et
1517 2846 1774 2919 quinque
1792 2847 2073 2919 spiritua-

426 2933 514 2991 lcs
548 2952 560 2990 :
592 2934 925 3008 corporales
955 2935 1195 3007 quidem
1246 2938 1385 2990 sunt
1413 2934 1509 2989 isti
1546 2951 1559 2990 :
1592 2935 1777 3003 visus,
1810 2935 2069 3006 auditus,

429 3024 697 3093 olfactus,
731 3028 946 3098 gustus
977 3028 1033 3079 et
1062 3028 1274 3080 tactus.
1326 3023 1788 3080 Considerantur
1833 3040 1965 3080 vero
2010 3024 2070 3079 in

427 3114 556 3169 visu
584 3113 841 3185 quidem,
877 3112 1073 3168 album
1108 3118 1166 3168 et
1196 3112 1452 3184 nigrum.
1488 3112 1552 3168 In
1570 3114 1797 3180 auditu,
1830 3117 2068 3169 acutum

428 3166 486 3258 et
499 3166 705 3274 sse.
736 3166 813 3256 is
830 3166 1069 3270 oll‘actu,
1101 3166 1305 3273 gmw:
1335 3166 1479 3257 is...
1494 3166 1766 3275 vetgrave
1783 3166 1987 3258 bis};
2005 3166 2069 3256 ἶιὲ
2101 3166 2145 3235 C

429 3290 805 3361 gustu,dulce
836 3293 892 3345 et
921 3306 1209 3346 amarum.
1242 3289 1304 3345 In
1335 3294 1517 3359 tactu,
1542 3291 1758 3345 durum
1789 3294 1845 3347 et
1874 3289 2069 3358 molle,

428 3379 684 3434 calidum
716 3383 773 3434 et
821 3378 1119 3450 frigidum.
1170 3379 1391 3434 Sensus
1441 3383 1638 3434 autem
1687 3380 1895 3435 animis
1934 3383 2072 3435 sunt

427 3466 526 3522 isti
562 3485 575 3536 ;
611 3467 794 3535 Mens,
827 3464 1235 3538 intelligentia,
1268 3465 1824 3539 opinio,pbantasia,
1851 3472 1909 3524 et
1939 3484 2070 3524 sen-

428 3573 551 3612 sus.
601 3555 940 3628 Diciturque
989 3555 1459 3626 uniuscujusque
1526 3572 1736 3612 sensus
1783 3573 2071 3629 organum

426 3645 783 3710 sensorium,
811 3660 877 3700 eo
909 3645 1062 3717 quod
1095 3659 1336 3701 sensum
1366 3650 1666 3701 conservet
1694 3645 1912 3701 animal
1945 3662 2075 3701 sen-

427 3736 687 3791 sitivum.
722 3734 920 3807 Operae
954 3738 1145 3790 autem
1182 3734 1434 3806 pretium
1485 3738 1574 3791 est
1611 3737 1669 3789 et
1717 3734 1825 3790 hoc
1855 3751 2070 3807 cogno-

428 3840 610 3894 scere,
643 3823 796 3896 quod
830 3822 1049 3894 quasvis
1087 3838 1221 3878 caro
1273 3839 1486 3894 corpus
1535 3838 1771 3895 quoque
1818 3823 2069 3892 dicatur,

428 3930 546 3970 non
578 3916 774 3969 autem
807 3911 1054 3984 quodvis
1084 3928 1296 3982 corpus
1325 3911 1555 3966 dicatur
1582 3910 1757 3966 etiam
1817 3927 1971 3967 caro.
2007 3913 2075 3967 Et

428 4018 571 4057 sane
602 4000 781 4057 stella:
813 3999 1070 4056 caelestia
1101 4017 1343 4072 corpora
1371 4000 1667 4066 dicuntur,
1701 4017 1817 4056 non
1873 4005 2073 4057 tamen

424 4094 707 4145 vocantur
726 4088 987 4145 caelestes
1010 4091 1429 4160 carnes.Atque
1445 4105 1656 4161 corpus
1672 4088 1907 4161 quidem
1930 4090 2075 4146 dici-

436 4183 536 4232 tur
563 4176 874 4248 dupliciter
907 4193 920 4231 :
954 4192 1167 4249 corpus
1190 4176 1574 4245 materiale,et
1592 4194 1804 4250 corpus
1834 4178 2071 4235 subtile.

428 4268 508 4320 Ac
534 4281 747 4338 corpus
779 4265 1014 4335 quidem
1047 4264 1348 4321 materiale
1377 4271 1485 4327 est.
1528 4267 1684 4337 quod
1715 4267 2073 4339 deprehendi

430 4371 608 4410 manu
642 4358 849 4426 potest,
881 4358 939 4408 et
970 4353 1124 4424 quod
1156 4353 1513 4426 corruptioni
1543 4355 1832 4426 mortique
1852 4361 1942 4412 est
1970 4356 2073 4412 ob-

429 4442 689 4510 noxium;
704 4458 916 4513 corpus
929 4458 1061 4497 vero
1078 4451 1250 4497 tenue
1275 4443 1545 4514 est,quod
1562 4460 1676 4499 non
1694 4444 2073 4516 comprehen-

2184 1953 2282 2002 τεῖσ
2318 1945 2403 2002 διὸ
2433 1947 2523 2003 καὶ
2577 1951 3000 2019 συναποθνήσκει
3056 1953 3134 2021 τῷ
3189 1950 3423 2023 σώματι.
3483 1954 3587 2004 Τοῦ
3635 1947 3696 2005 δὲ
3741 1951 3835 2004 ἀν-

2186 2037 2406 2110 θρώπου
2438 2038 2471 2106 ἡ
2524 2039 2698 2113 ψυχὴ,
2749 2037 2975 2106 ἆείζωος
3020 2036 3251 2115 ὑπάρχει
3296 2038 3387 2092 καὶ
3450 2036 3835 2109 ἀτελεύτητος.

2182 2127 2341 2201 Ἔχει
2373 2123 2430 2180 δὲ
2489 2127 2522 2196 ἠ
2576 2127 2729 2202 ψυχὴ
2780 2124 2903 2199 τρία
2954 2128 3119 2201 μέρη,
3167 2124 3406 2203 λογικὸν,
3457 2127 3683 2202 θυμικὸν
3739 2131 3835 2184 xui

2185 2214 2597 2289 ἐπιθυμητικόν.
2644 2215 2739 2269 Καὶ
2792 2213 2882 2270 διὰ
2926 2216 3021 2288 μὲν
3070 2220 3167 2271 τοῦ
3209 2215 3437 2292 λογικοῦ
3473 2218 3666 2293 μέρους
3698 2217 3833 2294 ἀγα-

2182 2310 2258 2375 πᾷ
2288 2304 2378 2358 τὸν
2414 2302 2540 2359 Θεόν
2568 2324 2579 2335 ·
2615 2301 2703 2358 διὰ
2732 2309 2828 2359 τοῦ
2860 2309 3092 2378 θυμικοῦ
3143 2303 3340 2382 μέρους
3389 2305 3655 2382 ὀργίζεται
3710 2312 3832 2368 τοῖς

2183 2390 2457 2466 δαίμοσιν,
2491 2390 2846 2469 ἀνδριζομένη
2889 2397 3004 2449 κατ’
3053 2392 3248 2449 αὐτῶν·
3302 2391 3391 2449 διὰ
3448 2391 3505 2450 δὲ
3557 2399 3654 2450 τοῦ
3709 2395 3827 2450 ἐπι-

2183 2484 2487 2556 θυμητικοῦ
2522 2483 2721 2556 μέρους
2773 2480 3025 2555 ἐπιθυμεῖ
3069 2484 3136 2537 τά
3184 2482 3378 2537 αἰώνια
3422 2484 3615 2559 ἀγαθά.
3664 2489 3826 2560 Ἔχει

2183 2570 2241 2627 δε
2269 2572 2297 2625 6
2329 2570 2611 2648 ἅνθρωπος
2644 2571 2917 2643 αἰσθήσεις
2948 2572 3103 2626 πέντε
3148 2573 3483 2645 σωματικὰς,
3534 2572 3623 2628 καὶ
3668 2573 3831 2628 πέντε

2180 2660 2437 2736 ψυχικάς·
2473 2660 2525 2714 ui
2556 2659 2863 2733 σωματικαὶ
2897 2660 2991 2733 μέν
3043 2659 3192 2714 εἰσιν
3250 2661 3457 2736 ὅρασις,
3517 2662 3678 2734 ἀκοὴ,
3732 2657 3830 2715 ὅσα

2181 2770 2402 2829 φρησις,
2461 2754 2662 2824 γεῦσις,
2722 2749 2810 2804 καὶ
2868 2750 3000 2826 ἁφή.
3060 2754 3351 2823 θεωρεῖται
3412 2747 3469 2804 δὲ
3523 2749 3574 2805 ἐν
3629 2751 3726 2823 μὲν
3757 2755 3828 2824 τῇ

2182 2838 2362 2911 ὁράσει
2394 2839 2455 2893 τὸ
2514 2836 2704 2893 λευκὸν
2753 2837 2844 2892 xui
2899 2836 3091 2912 μέλαν,
3142 2837 3192 2892 ἐν
3244 2836 3396 2913 δὶτῇ
3429 2839 3588 2914 ἀκοῇ,
3620 2841 3680 2895 τὸ
3735 2839 3830 2913 ὁξί»

2182 2928 2271 2983 καὶ
2300 2929 2361 2983 τὸ
2395 2927 2551 3003 βαρύ’
2587 2926 2640 2982 έν
2672 2924 2729 2982 δὲ
2758 2925 2826 3001 τῇ
2859 2927 3119 3005 ὀσφρήσει
3160 2928 3224 2982 τὸ
3275 2924 3507 3002 εὔοσμον
3551 2929 3641 2983 xui
3699 2927 3830 2984 δυσ-

2183 3017 2340 3082 ῶδες·
2376 3019 2428 3074 ἐν
2487 3017 2543 3074 δὲ
2595 3023 2660 3093 τῇ
2700 3019 2878 3094 γεύσει
2937 3020 2998 3074 τὸ
3054 3018 3229 3095 γλυκὺ
3284 3020 3374 3074 xui
3423 3020 3637 3097 πικρόν·
3687 3020 3741 3074 ἐν
3772 3019 3829 3076 δὲ

2181 3113 2249 3184 τῇ
2308 3111 2441 3187 ἁφῇ,
2500 3108 2563 3163 τὸ
2611 3106 2849 3184 σκληρὸν
2898 3108 2989 3164 καὶ
3046 3105 3286 3182 μαλακὸν
3346 3113 3435 3163 xui
3480 3111 3674 3185 θερμὸν
3735 3111 3829 3165 xui

2182 3198 2416 3275 ψυχρόν
2474 3204 2575 3267 τῆς
2630 3194 2687 3251 δὲ
2743 3199 2927 3272 ψυχῆς
2980 3198 3047 3251 τὰ
3110 3198 3437 3272 αἱσθητήριά
3492 3197 3592 3253 εἶσι
3635 3202 3824 3252 ταῦτα·

2178 3292 2322 3357 νοῦς,
2357 3284 2586 3358 διάνοια,
2621 3283 2768 3358 δόξα,
2802 3285 3083 3362 φαντασία,
3131 3285 3221 3341 xui
3278 3284 3548 3357 αἶ’σθησις.
3595 3288 3825 3362 Λέγεται

2181 3374 2238 3432 δὲ
2273 3382 2396 3450 μιᾶς
2427 3376 2653 3446 ἑκάστης
2684 3376 2984 3445 αἱσθήσεως
3018 3371 3264 3449 ὄργανον,
3312 3374 3682 3450 αἰσθητήριον,
3717 3376 3826 3430 ἀπὸ

2178 3470 2275 3521 τοῦ
2302 3470 2490 3541 τηρεῖν
2521 3464 2619 3533 τὴν
2678 3461 2924 3534 αἶ’σθησιν
2970 3462 3283 3533 αἰσθητικὸν
3332 3464 3396 3518 τὸ
3446 3467 3600 3532 ζῶον.
3643 3470 3738 3518 Δεῖ
3766 3461 3826 3519 δὲ

2178 3556 2456 3610 καὶτοῦτο
2514 3554 2821 3629 γινώσκειν,
2869 3550 2953 3607 ὅτι
2996 3557 3140 3607 πᾶσα
3198 3552 3325 3625 σάρξ
3379 3551 3469 3606 xui
3519 3557 3679 3625 σῶμα
3732 3552 3827 3609 λέ·

2180 3662 2348 3719 γεται’
2410 3642 2471 3697 οὔ
2529 3648 2633 3696 πᾶν
2693 3638 2750 3696 δὲ
2807 3645 2988 3712 σῶμα,
3037 3640 3125 3695 xui
3166 3641 3294 3716 σὰρξ
3326 3640 3666 3714 ὀνομάζεται.
3727 3641 3829 3696 Καὶ

2183 3734 2234 3787 οἱ
2265 3731 2503 3807 ἀστέρες,
2534 3732 2760 3805 σώματα
2792 3728 3085 3803 ἐπουράνια
3127 3728 3398 3805 λέγονται,
3459 3729 3521 3783 οὗ
3581 3731 3687 3803 μὴν
3739 3732 3832 3785 xui

2183 3825 2371 3898 σάρκες
2404 3818 2736 3893 ἐπουράνιοι.
2768 3818 2866 3873 Καὶ
2903 3818 2966 3873 τὸ
3002 3818 3094 3892 μὲν
3144 3822 3305 3892 σῶμα
3355 3815 3547 3880 διττῶς
3595 3816 3831 3893 εἴρηται,

2183 3917 2342 3985 σῶμα
2374 3909 2580 3977 ὑλικὸν,
2638 3908 2726 3963 xui
2779 3911 2938 3981 σῶμα
2994 3906 3213 3964 λεπτόν.
3255 3907 3357 3965 Καὶ
3414 3909 3475 3963 τὸ
3509 3909 3603 3981 μὲν
3638 3905 3830 3963 ὑλικὸν

2184 4001 2343 4074 σῶμά
2372 3998 2482 4054 ἐστι
2512 3998 2575 4053 τὸ
2605 4000 2968 4071 κραττΰμενον
3001 3993 3088 4050 διὰ
3119 3996 3330 4073 χειρὸς,
3363 3997 3453 4052 xui
3503 4000 3679 4076 φθορᾷ
3736 4000 3833 4053 xui

2181 4088 2390 4160 θανάτῳ
2449 4086 2822 4159 ὑποκείμενον⁸
2882 4088 3041 4158 σῶμα
3088 4082 3145 4139 δὲ
3189 4081 3385 4140 λεπτόν
3436 4083 3637 4140 ἔστιτὸ
3666 4084 3832 4162 ἀκρά-

2178 4198 2342 4248 τητον
2374 4176 2465 4230 καὶ
2496 4173 2879 4252 ἀψηλάφητον,
2911 4173 3026 4227 οἷον
3058 4177 3155 4228 τοῦ
3184 4171 3373 4243 ἡλίου,
3412 4181 3515 4243 τῆς
3565 4172 3828 4248 σελήνης,

2181 4265 2270 4321 xui
2300 4269 2408 4319 τῶν
2442 4264 2696 4339 ἀστέρων
2728 4262 2791 4317 τὸ
2834 4258 2893 4317 δὶ
2941 4265 3101 4335 σῶμα
3143 4259 3206 4316 τὰ
3261 4261 3411 4337 παχὺ
3466 4261 3559 4317 xui
3615 4262 3827 4333 ὑλικὸν,

2183 4353 2314 4428 ὅπερ
2347 4352 2560 4427 λέγεται
2589 4351 2739 4423 σὰρξ,
2771 4349 3078 4405 συνίσταται
3111 4349 3170 4405 ὲκ
3196 4354 3464 4427 τεσσαρῶν
3516 4351 3827 4426 στοιχείων,

2182 4442 2233 4516 ἐξ
2264 4440 2517 4515 α’ίματος,
2550 4438 2609 4495 ἐκ
2638 4438 2979 4517 φλέγματος,
3009 4437 3068 4493 ἐκ
3095 4442 3303 4513 χυμοῦ,
3331 4439 3421 4494 xui
3451 4446 3657 4516 χολῆς,
3686 4441 3721 4511 ἢ
3751 4442 3828 4503 ὡς

427 4533 509 4601 di,
541 4532 626 4587 vel
659 4530 823 4602 tangi
855 4533 1135 4602 potest,ut
1162 4535 1254 4585 est
1274 4529 1615 4602 sol,luna,et
1638 4531 2074 4607 stellae.Corpus

2186 4530 2235 4601 ἒξ
2293 4529 2474 4605 ἀέρος,
2531 4535 2663 4603 γῆς,
2719 4527 2909 4602 πυρὸς,
2965 4526 3056 4581 xui
3123 4523 3336 4589 ὓδατοςσ
3411 4529 3709 4595 τουτέστιν,
3772 4528 3832 4584 lx

424 4625 620 4677 autem
651 4636 917 4676 crassum
946 4623 1001 4674 et
1033 4617 1351 4686 materiale,
1385 4619 1538 4691 quod
1573 4637 1704 4676 caro
1735 4622 1971 4691 dicitur,
2004 4640 2074 4678 ex

430 4711 582 4767 199
614 4713 870 4781 quatuor
911 4707 1216 4763 elementis
1262 4712 1509 4777 constat,
1555 4710 1861 4781 sanguine,
1910 4712 2071 4783 phle-

430 4804 649 4874 gmata,
678 4798 945 4863 humore,
979 4801 1036 4851 et
1064 4795 1182 4851 bile
1217 4813 1230 4852 :
1262 4795 1552 4867 videlicet,
1597 4813 1664 4852 ex
1694 4813 1846 4869 aere,
1894 4805 2069 4873 terra,

430 4890 565 4960 igne
597 4891 654 4942 et
683 4903 835 4957 aqua
869 4901 882 4941 :
922 4884 1029 4940 boc
1059 4889 1148 4939 est
1173 4900 1241 4939 ex
1272 4883 1481 4952 calido,
1517 4884 1997 4957 frigido,bumido
2018 4898 2071 4946 et

427 4976 600 5033 sicco.
633 4974 752 5043 Sol,
784 4973 1036 5029 calidum
1071 4978 1127 5029 et
1154 4972 1325 5029 vitale
1357 4973 1744 5043 elementum;
1777 4993 1895 5045 aer,
1926 4978 2071 5033 cali-

429 5067 571 5122 dum
604 5068 661 5118 et
689 5062 999 5118 bumirlum
1037 5079 1051 5129 ;
1082 5061 1483 5129 terra,siccum
1515 5080 1528 5131 ;
1563 5080 1729 5135 aqua:
1756 5064 2069 5124 humidum

2183 4622 2408 4693 θερμοῦ,
2439 4617 2528 4673 καὶ
2558 4620 2799 4693 ψυχροῦ,
2830 4615 2920 4671 xui
2940 4617 3136 4692 ὑγροῦ,
3180 4617 3269 4671 xui
3324 4617 3511 4691 ξηροῦ.
3560 4618 3617 4670 '0
3664 4615 3829 4687 ἥλιος

2178 4711 2241 4765 τὸ
2272 4710 2470 4785 θερμὸν
2528 4705 2616 4762 καὶ
2678 4706 2902 4775 ζωτικὸν
2954 4711 3244 4782 στοιχεῖον·
3306 4708 3334 4761 6
3379 4708 3485 4781 ἀήρ
3513 4707 3576 4762 τὸ
3626 4708 3826 4782 θερμὸν

2179 4800 2269 4854 xui
2306 4798 2487 4873 ὑγρόν·
2522 4798 2557 4866 ἠ
2605 4798 2676 4873 γῆ
2722 4796 2785 4850 τὸ
2837 4795 3021 4871 ξηρόν·
3063 4794 3130 4850 τὰ
3177 4791 3343 4850 ὕδατα
3371 4797 3433 4851 τὸ
3465 4795 3626 4871 ὑγρὸν
3680 4818 3828 4852 στοι·

2179 4894 2332 4965 χεῖον
2362 4887 2552 4942 τίκτει.
2584 4885 2767 4942 Ταῦτά
2814 4884 2969 4955 εἰσιν,
3000 4883 3049 4957 ἐξ
3102 4884 3176 4938 ὧν
3209 4885 3523 4955 συνέστηκεν
3557 4886 3585 4938 ὁ
3616 4884 3830 4961 ἄνθρω-

2179 4998 2304 5045 πος,
2340 4973 2553 5048 μᾶλλον
2585 4971 2704 5043 δὲή
2764 4973 2891 5049 σάρξ
2932 4977 3028 5027 τοῦ
3076 4972 3383 5046 ἀνθρώπου·
3443 4970 3525 5027 διὸ
3570 4974 3658 5028 καὶ
3692 4976 3829 5047 μετᾶ

2180 5068 2403 5122 θάνατον
2436 5061 2600 5119 πάλιν
2633 5063 2710 5125 είς
2740 5060 2873 5117 αὖτᾶ
2899 5060 3201 5116 ἀναλύεται,

428 5154 783 5211 elementum
819 5151 1076 5225 pariunt.
1112 5156 1301 5223 Atque
1333 5151 1453 5207 haec
1486 5157 1647 5224 sunt,
1676 5171 1745 5210 ex
1776 5157 1994 5227 quibus
2023 5163 2256 5220 constat
2285 5155 2605 5225 homo,imo
2636 5153 2834 5226 potius
2860 5150 3118 5207 hominis
3139 5168 3311 5221 caro;
3344 5151 3473 5208 ideo
3503 5157 3636 5223 post
3666 5170 3827 5211 mor-

424 5248 541 5300 tem
576 5243 633 5297 in
662 5258 731 5297 ea
761 5258 967 5297 rursus
998 5240 1325 5296 resolvitur.

916 5338 1059 5393 VIII.
1095 5342 1173 5394 De
1201 5338 1569 5409 corruptibili.

497 5430 647 5498 Quid
669 5433 758 5487 est
787 5424 1189 5499 corruptibile,
1219 5426 1374 5483 unde
1405 5426 1652 5500 dictum,
1684 5433 1742 5487 et
1770 5437 1913 5503 quot
1942 5451 2069 5491 mo-

428 5520 521 5578 dis
550 5518 766 5576 dicitur
782 5517 810 5574 ?

492 5638 537 5677 ’⁸ο
564 5633 811 5695 Malacb.
840 5650 905 5704 ιι,
934 5631 992 5694 6.

2702 5338 2843 5394 XIII.
2877 5334 3006 5409 Περὶ
3039 5339 3300 5412 φθαρτοῦ.

2250 5430 2317 5491 Τί
2346 5429 2456 5486 ἐστι
2485 5426 2755 5507 φθαρτόν;
2788 5424 2878 5480 καὶ
2925 5425 3063 5479 κατὰ
3087 5424 3141 5479 τί
3187 5420 3397 5498 εἴρηται
3431 5425 3703 5502 φθαρτόν;
3734 5426 3828 5483 xui

2182 5522 2400 5598 ὁσαχῶς
2433 5515 2644 5595 εἴρηται
2674 5513 2931 5595 φθαρτόνο
