4108 6210
253 327 378 390 U49

249 554 532 626 ψυχικῶς.
571 550 670 606 Καὶ
721 553 972 625 ψυχικῶς
1027 551 1143 623 μὲν,
1198 549 1321 604 ὅταν
1370 571 1453 612 τις
1496 551 1798 625 ἁμαρτάνῃ,
1833 547 1920 603 λέ-

249 661 403 714 γεται
465 640 598 694 εἶναι
657 637 1091 717 διεφθαρμένος,
1148 640 1327 703 καθὼς
1389 641 1538 712 Λέγει
1597 639 1632 707 ἠ
1684 640 1866 716 Γραφή
1907 668 1920 684 ο

257 752 285 779 α
348 731 721 807 Διεφθάρησαν
779 728 871 782 καὶ
941 723 1354 804 ἐϐδελύχθησαν
1418 727 1468 782 έν
1529 727 1782 799 ἀνομίαις
1818 747 1830 760 ο
1894 751 1920 777 υ

255 824 586 893 σωματικῶς
646 817 703 874 δὲ
764 818 975 895 λέγεται
1033 819 1265 895 τρισσῶς
1300 838 1313 852 ο
1377 819 1598 896 φθορὰ,
1661 816 1924 894 διαφθορὰ

254 909 351 963 καὶ
410 909 750 985 καθαφθορά.
806 907 904 962 Καὶ
963 908 1137 984 φθορὰ
1199 908 1292 980 μὲν
1355 906 1572 981 λέγεται
1627 907 1689 961 τὸ
1746 925 1922 982 χωρι-

257 1001 456 1063 σθῆναι
493 996 656 1069 μόνον
690 998 792 1064 τὴν
829 996 1015 1071 ψυχὴν
1051 996 1111 1050 ἐκ
1156 1000 1253 1050 τοῦ
1303 996 1555 1069 σώματος
1599 996 1686 1050 καὶ
1720 994 1920 1049 ἀποθα-

254 1093 386 1142 νεῖν·
425 1083 696 1164 διαφθορᾶ
743 1083 800 1140 δέ
854 1084 1018 1154 ἐστιν,
1069 1083 1193 1140 ὅταν
1244 1086 1306 1140 τὸ
1360 1089 1520 1158 σῶμα
1572 1086 1759 1161 βρωθῇ
1817 1085 1920 1138 ὑπὸ

251 1181 368 1230 τῶν
399 1174 731 1245 σκωλήκων,
760 1173 850 1230 καὶ
906 1174 1045 1246 μόνα
1092 1172 1493 1251 καταλειφθῶσι
1534 1174 1600 1227 τὰ
1632 1173 1780 1229 ὀστᾶ.
1813 1179 1920 1226 Κα-

251 1264 502 1342 ταφθορᾶ
531 1263 771 1339 λέγεται,
805 1262 930 1318 ὅταν
987 1267 1197 1317 σαπῶσι
1227 1263 1315 1317 καὶ
1348 1262 1482 1318 αὐτά
1526 1263 1594 1317 τὰ
1645 1262 1796 1328 ὀστᾶ,
1829 1261 1917 1316 καὶ

253 1351 640 1424 δαπανηθῶσι,
696 1353 786 1407 καὶ
847 1351 924 1414 εἰς
985 1355 1060 1424 μὴ
1122 1353 1180 1406 ’ὀν
1252 1353 1555 1427 χωρήσωσι
1613 1351 1916 1412 παντελῶς.

253 1446 436 1501 Τοῦτο
477 1443 580 1518 γὰρ
633 1441 868 1516 λέγομεν
918 1441 1007 1495 καὶ
1056 1442 1180 1517 περὶ
1220 1439 1318 1495 τοῦ
1369 1439 1574 1515 Κυρίου
1622 1441 1783 1512 ἡμῶν
1819 1441 1920 1510 ’1η-

259 1536 359 1587 σοῦ
416 1534 693 1607 Χριστοῦ,
753 1529 834 1585 ὅτι
893 1529 1095 1608 φθορὰν
1155 1529 1326 1602 μόνην
1385 1527 1616 1602 ἐδέξατο·
1673 1527 1922 1594 τουτέστι

261 1620 524 1684 θάνατον.
581 1619 881 1695 Διαφθοράν
936 1615 993 1672 δὲ
1050 1618 1086 1687 ἢ
1139 1618 1478 1696 καταφθορὰν
1537 1617 1599 1672 τὸ
1652 1617 1916 1693 πανάγιον

259 1711 429 1764 αὑτοῦ
461 1712 621 1780 σῶμα
671 1706 815 1769 ὅλως
865 1706 964 1761 οὐκ
1007 1704 1241 1777 ἐδέξατο,
1289 1706 1482 1776 ἀνέστη
1535 1703 1592 1762 δὲ
1620 1709 1919 1782 τριήμερος

259 1796 616 1872 πρωτότοκος
647 1798 939 1872 γενόμενος
973 1797 1033 1852 ἐκ
1057 1801 1164 1852 τῶν
1188 1797 1416 1873 νεκρῶν.

585 2014 680 2070 ΙΧ.
715 2012 812 2066 Διά
855 2009 908 2064 τί
955 2007 1165 2086 λέγεται
1197 2009 1544 2086 πρωτότοκος
1576 2029 1590 2079 ;

333 2121 483 2176 Auiti.
517 2119 710 2188 ἀνέστη
743 2123 957 2192 πρῶτος
992 2116 1049 2172 ἐκ
1093 2121 1190 2172 τοῦ
1221 2115 1376 2187 ᾅδου,
1406 2119 1587 2180 καθὼς
1621 2119 1718 2172 καὶ
1751 2118 1914 2191 ἡμεῖς

265 2208 549 2281 μέλλομεν
601 2207 908 2262 ἀνίστασθαι
967 2205 1018 2260 ἐν
1066 2209 1135 2279 τῇ
1186 2203 1403 2282 δευτίρᾳ
1457 2227 1750 2281 παρουσιᾳ.
1819 2207 1915 2261 Καὶ

262 2299 379 2353 ἐπεὶ
410 2298 605 2367 ἀνέστη
668 2297 775 2372 πρὸ
805 2294 1010 2350 ἰκείνου
1041 2296 1069 2349 6
1109 2294 1351 2370 Λάζαρος
1399 2294 1488 2349 καὶ
1536 2299 1632 2349 τοῦ
1686 2296 1914 2367 Ἰαείρου

264 2386 530 2461 θυγάτηρ,
563 2384 653 2439 καὶ
685 2383 847 2439 ἄλλοι
896 2383 1121 2456 πολλοὶ,
1170 2381 1258 2438 διὰ
1287 2384 1338 2438 τί
1385 2383 1484 2438 οὐκ
1513 2383 1718 2455 ἐκλήθη
1753 2405 1835 2446 τις
1867 2384 1917 2455 ἐξ

265 2475 446 2529 αὐτῶν
473 2473 825 2548 πρωτότοκος
861 2493 874 2541 ;
908 2473 1054 2528 Διότι
1103 2471 1297 2528 ἐκεῖνοι
1351 2473 1666 2535 ἀναστάντες
1713 2472 1773 2528 ἐκ
1807 2478 1916 2528 τῶν

264 2569 472 2637 νεκρῶν
518 2562 684 2617 πάλιν
728 2563 1012 2618 ἀπέθανον.
1046 2562 1106 2619 Ὁ
1152 2560 1210 2616 δὲ
1240 2562 1492 2637 Φριστὸς,
1537 2562 1786 2633 ἀναστὰς,
1821 2561 1919 2617 οὐκ

265 2652 346 2708 ἔτι
402 2650 652 2707 ἀπέθανε.
715 2650 813 2705 Καὶ
871 2649 1002 2725 ὅπερ
1062 2649 1141 2727 ἐφ’
1196 2651 1357 2722 ἡμῶν
1414 2652 1693 2726 γενήσεται
1750 2650 1802 2705 έν
1847 2654 1917 2723 τῇ

268 2738 578 2808 ἀναστάσει,
624 2743 786 2794 τοῦτο
833 2738 1018 2814 γέγονε
1065 2739 1153 2793 καὶ
1203 2737 1287 2793 ἐπ’
1327 2738 1511 2796 αὐτοῦ.
1563 2741 1787 2815 Πρῶτος
1816 2740 1917 2815 γὰρ

268 2829 329 2883 ἐκ
378 2834 490 2882 τῶν
537 2832 739 2901 νεκρῶν
788 2828 974 2898 ἀνέστη
1021 2829 1122 2897 τήν
1172 2826 1223 2882 ἐν
1274 2827 1540 2905 ἀφθαρσίᾳ
1588 2828 1871 2884 ἀνάστασιν
1902 2872 1916 2898 ,

265 2921 335 2986 ἧς
385 2917 476 2972 καὶ
518 2918 681 2990 ἡμεῖς
729 2921 864 2970 κοιτᾶ
907 2916 970 2970 τὸ
1023 2915 1227 2990 μέλλον
1268 2915 1560 2990 ἐλπίζομεν
1611 2916 1920 2973 ἀπολαύσα-

267 3019 414 3075 σθαι,
449 3007 511 3075 ἣν
545 3007 622 3078 μὴ
654 3003 960 3080 διαδέχεται
993 3006 1236 3068 θάνατος.

622 3299 684 3356 Χ.
721 3299 789 3356 Τί
820 3297 929 3354 ἐστι
963 3296 1148 3375 λόγος,
1180 3298 1268 3354 καὶ
1300 3300 1329 3355 6
1359 3298 1523 3376 λόγος
1556 3319 1569 3370 ;

342 3407 577 3484 Εἴρηται
632 3407 727 3479 μὲν
779 3405 807 3459 δ
853 3405 1017 3482 λόγος
1061 3409 1294 3483 τριχῶς’
1344 3404 1511 3482 λόγος
1561 3405 1841 3477 ίνοῦσιθςν
1892 3409 1920 3464 δ

269 3496 402 3558 Θεὸς
437 3495 639 3572 Λόγος,
687 3494 849 3571 λόγος
898 3492 1220 3563 ἐνδιάθετος,
1255 3497 1284 3550 6
1331 3499 1438 3550 τῶν
1471 3496 1745 3573 ἀγγέλων,
1771 3498 1860 3552 καὶ
1892 3499 1920 3552 6

268 3586 323 3640 ἐν
459 3584 703 3660 ἡμετέρᾳ
733 3579 939 3654 διανοίᾳ
985 3581 1329 3654 λαλούμενος
1376 3581 1565 3657 λόγος⁹
1597 3583 1684 3638 καὶ
1733 3585 1762 3639 ὁ
1792 3605 1923 3658 προ-

267 3674 519 3752 φορικὸς,
581 3673 608 3726 ὁ
668 3669 758 3726 διὰ
809 3675 911 3736 τῆς
965 3669 1258 3745 γλώττης,
1319 3672 1377 3733 ὃς
1436 3671 1643 3749 λέγεται
1685 3673 1920 3748 ἄγγελος

265 3767 570 3836 νοήματος.
603 3760 776 3836 Κόγος
809 3758 865 3814 δὲ
896 3759 1110 3835 εἷ’ρηται
1138 3759 1195 3816 ἐκ
1222 3764 1317 3815 τοῦ
1350 3759 1550 3836 λέγειν.

717 3975 811 4033 ΧΙ.
851 3976 910 4030 Τί
951 3974 1061 4030 ἐστι
1093 3975 1412 4048 Χριστιανός
1439 3998 1463 4046 ;

344 4083 670 4160 Χριστιανός
719 4080 858 4137 ἐστιν
908 4080 1165 4151 ἀληθινὸς
1195 4082 1346 4145 οἶκος
1396 4085 1630 4157 Χριστοῦ
1674 4081 1921 4159 λογικὸς,

276 4171 348 4228 δι’
397 4171 573 4246 ἔργων
620 4172 833 4247 ἀγαθῶν
882 4171 971 4227 καὶ
1021 4168 1309 4246 δογμάτων
1371 4171 1546 4247 ὀρθῶν
1606 4176 1924 4248 συνιστάμε-

273 4283 638 4425 νοᾘὶρετικὸς
710 4347 767 4406 δέ
848 4350 957 4406 ἐστι
1035 4350 1372 4429 συκοφάντης
1446 4351 1535 4407 καὶ
1617 4355 1926 4428 κατήγορος

276 4439 563 4510 ἀληθείας.
600 4437 806 4512 Αἵρεσις
862 4441 896 4508 ἡ
957 4438 1162 4513 ψευδὴς
1226 4440 1500 4514 ὑπόληψις
1553 4445 1651 4496 τοῦ
1706 4443 1781 4514 μὴ
1836 4439 1926 4496 ὄν-

271 4550 390 4590 τος.
1044 4617 1057 4630 .
1157 4616 1169 4630 Ι
1322 4616 1344 4630 ﬁ
1932 4565 1980 4630 D

348 4617 649 4692 Ἀτρεπτόν
684 4618 792 4673 ἐστι
821 4619 884 4672 τὸ
915 4618 996 4673 ἀεὶ
1029 4616 1285 4679 ὡσαύτως
1320 4616 1472 4693 ἔχον.

350 4707 590 4762 Φυσιγόν
623 4707 732 4762 ἐστι
763 4708 824 4761 τὸ
855 4706 907 4762 έν
936 4705 1005 4781 τῇ
1038 4706 1190 4784 φύσει
1232 4705 1499 4780 κείμενον,
1531 4707 1565 4776 ἢ
1596 4707 1659 4761 τὸ
1710 4706 1930 4776 ἀληθῶς

275 4796 483 4867 ἀληθὲς
510 4797 746 4872 γνωριζό
757 4816 935 4869 μενον.

353 4883 715 4961 Παρὰ’φύσιν
766 4883 929 4949 ἐστὶν,
963 4883 992 4936 ὃ
1025 4883 1052 4936 6
1082 4884 1211 4944 Θεὸς
1263 4882 1371 4958 οὐχ
1420 4882 1562 4938 οὕτω
1609 4884 1926 4954 πεποίηκεν,

277 4975 315 5041 ἢ
348 4973 481 5046 ὅπερ
515 4970 663 5032 ὅλως
697 4972 760 5025 οὐ
788 4971 1105 5043 πεποίηκεν,
1153 4970 1266 5024 οἶόν
1319 4970 1457 5026 ἐστιν
1490 4973 1523 5040 ἡ
1559 4971 1795 5046 ἁμαρτία
1840 4973 1930 5026 καὶ

281 5063 311 5115 6
341 5065 437 5115 ϐάν
447 5081 592 5121 ατος.

351 5150 494 5221 Τρία
543 5149 674 5225 φησί
720 5152 786 5202 τὰ
829 5148 1140 5220 λαλούμενα
1189 5149 1240 5203 ἐν
1291 5148 1638 5223 ἀνθρὼποις’
1690 5149 1750 5202 τὸ
1799 5147 1935 5202 κατὰ

278 5239 460 5318 φύσιν,
510 5238 575 5291 τὸ
622 5239 767 5311 παρά
810 5237 986 5315 φύσιν,
1027 5237 1114 5291 καὶ
1163 5239 1224 5290 τὸ
1270 5237 1402 5311 ὑπὲρ
1451 5237 1622 5314 φύσιν.
1670 5236 1769 5292 Καὶ
1800 5237 1936 5290 κατὰ

276 5329 439 5404 φύσιν
504 5326 600 5400 μὶν
661 5323 800 5379 ἔστιν
841 5327 869 5380 6
918 5328 1114 5402 γάμος’
1176 5325 1318 5399 παρὰ
1374 5325 1528 5402 φὺσιν
1589 5326 1623 5395 ἡ
1685 5324 1932 5398 πορνεία·

349 5486 393 5521 τί
430 5483 589 5540 Paul.
621 5498 745 5553 xm,
779 5483 831 5537 1.

1437 329 1671 391 LIBER
1712 327 1814 390 DE
1857 328 2523 394 DEFINI’I‘IONIBUS.

417 462 432 495 ³
467 461 676 495 03'.-'~I
733 462 825 495 ΙΙᾉΙΙ
877 460 1106 495 *ααλολει
1159 460 1356 495 ἓιρηιῗιρ
1450 483 1565 495 ,1.111
1580 465 1776 495 ποιαιῖιρ
1824 460 1910 495 ιλη)

417 462 432 482 ς
498 461 522 480 ν
1054 460 1068 478 ς
1296 463 1318 472 υ
1611 465 1730 495 μ..
1824 483 1834 490 _
1897 460 1910 478 κ

325 469 434 518 Και
467 482 678 538 ειρηται
732 462 825 534 μὲν
876 461 1106 539 φθαρτον
1159 459 1394 530 δισσως,
1449 482 1776 533 σωμα.ιιιως
1827 482 1913 514 mu
1949 467 1999 530 Α

3557 339 3677 399 550

2109 463 2423 534 Dupliciter
2471 464 2850 536 corruptibile
2917 465 3149 535 dicitur,
3201 468 3576 540 corporaliter
3622 475 3679 526 et

2034 552 2521 623 spiritualiter.Ac
2547 555 3338 626 spiritualiterquidem,cum
3360 560 3683 628 peccaverit

2033 642 2189 712 quis,
2220 641 2434 696 dicitur
2465 659 2593 700 esse
2626 649 2959 715 corruptus,
3011 647 3506 716 quemadmodum
3539 648 3681 703 dicit

2031 729 2330 801 Scriptura
2367 747 2378 785 :
2414 753 2443 781 «
2476 734 2744 804 Corrupti
2793 738 2933 789 sunt
2979 741 3034 788 et
3083 734 3511 790 abominabiles
3542 736 3679 790 facti

2033 826 2173 873 sunt
2201 820 2261 875 in
2288 820 2696 890 iniquitatibus
2727 823 2793 877 Ἠ.
2831 843 2858 871 ››
2890 823 3276 892 Corporaliter
3304 839 3438 878 vero
3477 839 3677 880 corru—

2032 906 2235 978 ptibile
2268 909 2456 965 tribus
2488 910 2676 964 modis
2708 910 2922 965 dicitur
2955 928 2966 964 :
3003 911 3681 984 interitus,rorruptioet

2031 997 2425 1069 consumptio.
2461 998 2738 1053 Interitus
2771 1000 3006 1068 dicitur,
3044 999 3167 1053 sola
3199 1002 3408 1056 animas
3438 1019 3677 1072 separa-

2030 1084 2110 1138 tio
2143 1102 2174 1139 a
2200 1102 2438 1157 corpore
2467 1092 2524 1142 et
2556 1104 2733 1143 mors.
2767 1087 3072 1158 Corruptio
3111 1104 3245 1142 vero
3278 1095 3388 1154 est,
3438 1092 3677 1160 quando

2030 1189 2243 1245 corpus
2273 1191 2308 1229 a
2331 1175 2627 1230 vermibus
2660 1176 3068 1241 corroditur,et
3101 1176 3470 1233 solummodo
3500 1180 3675 1234 relin-

2029 1267 2291 1332 quuntur
2324 1280 2478 1320 ossa.
2503 1265 2882 1336 Consumptio
2912 1270 3106 1320 autem
3134 1270 3676 1336 vocantur,quando

2029 1355 2376 1420 putrescunt
2429 1353 2559 1424 ipsa
2639 1371 2868 1426 quoque
2925 1371 3058 1407 ossa
3135 1360 3190 1408 et
3262 1355 3674 1424 absumuntur,

2029 1439 2386 1512 abeuntque,
2419 1458 2524 1496 nec
2557 1442 2814 1514 amplius
2844 1447 3090 1498 exstant.
3126 1443 3243 1497 Hoc
3273 1444 3428 1498 enim
3463 1445 3532 1498 de
3565 1449 3676 1499 Do-

2030 1528 2189 1584 mino
2221 1534 2419 1585 nostro
2467 1531 2606 1586 Jesu
2657 1531 2883 1586 Christo
2932 1547 3162 1602 quoque
3211 1530 3483 1601 dicimus,
3517 1533 3671 1600 quod

2029 1617 2330 1674 interitum
2391 1623 2624 1674 tantum
2658 1620 2921 1675 subierit.
2960 1620 3014 1673 ld
3047 1627 3135 1675 est
3165 1625 3430 1674 mortem.
3464 1625 3671 1675 Corru-

2029 1707 2288 1779 ptionem
2340 1725 2472 1763 vero
2524 1713 2625 1763 aut
2672 1709 3178 1779 consumptionem
3231 1717 3668 1764 sacrosanctum

1950 1831 1995 1896 Β
2031 1796 2158 1865 eius
2202 1811 2416 1867 corpus
2451 1798 2789 1868 neutiquam
2836 1797 3138 1865 sustinuit,
3189 1799 3287 1852 sed
3357 1799 3674 1854 resurrexit

2026 1885 2118 1938 die
2149 1886 2319 1940 tertia
2350 1886 2778 1957 primogenitae
2812 1887 3000 1941 factus
3031 1902 3098 1940 ex
3132 1886 3400 1942 mortuis.

2339 2010 2432 2065 IX.
2467 2014 2654 2083 Quare
2683 2011 2889 2065 dicitur
2915 2011 3315 2081 primogenita:
3339 2013 3363 2063 .9

2097 2116 2174 2171 Eo
2208 2117 2362 2187 quod
2390 2118 2617 2188 primus
2649 2118 2718 2172 ab
2761 2116 2962 2173 inferis
3013 2119 3413 2187 resurrexerit,
3465 2135 3668 2190 quem-

2027 2206 2345 2260 admodum
2377 2206 2553 2260 etiam
2587 2224 2691 2262 nos
2733 2222 3111 2277 resurgemus
3161 2205 3218 2260 in
3269 2207 3525 2262 secundo
3569 2208 3673 2262 ad-

2026 2295 2378 2360 ventu.Quia
2409 2299 2602 2350 autem
2637 2300 2769 2349 ante
2802 2293 2964 2350 illum
3004 2296 3248 2350 Lazarus
3280 2302 3675 2352 resurrexerat

2028 2387 2084 2436 et
2112 2382 2249 2436 Jairi
2283 2383 2422 2452 ﬁlia,
2455 2383 2746 2454 multique
2778 2383 2898 2452 alii,
2932 2399 3109 2454 quare
3150 2401 3264 2439 non
3297 2383 3531 2439 illorum
3566 2385 3672 2440 ali-

2027 2469 2160 2540 quis
2190 2471 2617 2543 primogenitus
2654 2477 2891 2527 vocatus
2923 2476 3015 2527 est
3045 2471 3201 2543 (33)?
3233 2474 3379 2538 Quia
3425 2472 3508 2528 illi
3542 2478 3674 2546 post

2027 2560 2515 2616 resurrectionem
2567 2577 2735 2615 suam
2787 2577 2816 2615 c
2857 2561 3128 2628 mortuis,
3195 2579 3403 2618 rursus
3453 2563 3671 2618 mortui

2028 2653 2185 2703 sunt.
2217 2648 2484 2704 Christus
2516 2655 2711 2704 autem
2744 2653 3053 2720 postquam
3086 2651 3527 2706 resurrexitnon
3553 2669 3674 2706 am-

2026 2735 2180 2808 plius
2200 2741 2290 2792 est
2319 2742 2608 2807 mortuus,
2642 2738 2743 2792 sed
2774 2737 2926 2808 quod
2958 2737 3015 2791 in
3047 2737 3468 2794 resurrectione
3502 2739 3669 2794 nobis

2025 2825 2268 2895 eveniet,
2298 2825 2355 2880 id
2381 2826 2493 2898 ipsi
2516 2827 2642 2897 jam
2675 2825 2940 2897 contigit.
2978 2825 3124 2880 Nam
3155 2827 3383 2897 primus
3415 2843 3482 2882 ex
3514 2845 3667 2883 mor-

2029 2915 2144 2968 tuis
2171 2929 2236 2969 sa
2267 2913 2689 2969 resurrectione
2722 2914 3058 2982 resurrexit,
3092 2931 3219 2986 quae
3252 2920 3341 2970 est
3387 2917 3445 2970 in
3478 2916 3670 2972 incor-

2025 3001 2433 3073 ruptibilitate,
2464 3002 2632 3073 cujus
2665 3019 2770 3057 nos
2807 3019 3038 3074 quoque
3068 3005 3449 3074 speramusin
3475 3006 3668 3061 futuro

2022 3089 2333 3162 participes
2365 3090 2504 3159 fore,
2538 3106 2718 3162 quam
2759 3090 3246 3147 resurrectionem
3306 3092 3468 3149 nulla
3511 3111 3668 3151 mors

1943 3198 1987 3266 ρ
2024 3178 2278 3250 amplius
2307 3183 2603 3250 sequetur.

2179 3302 2245 3356 Χ.
2281 3303 2429 3375 Quid
2462 3305 2538 3358 est
2570 3303 2811 3370 verbum,
2843 3312 2895 3358 et
2923 3313 3048 3375 quo:
3076 3306 3250 3361 modis
3279 3307 3510 3362 dicitur.

2099 3407 2356 3464 Verbum
2378 3409 2593 3465 dicitur
2623 3409 2964 3481 tripliciter:
2987 3412 3227 3468 verbum
3261 3414 3674 3484 substantiale,

2032 3498 2186 3570 quod
2219 3500 2308 3553 est
2337 3497 2489 3553 Deus
2541 3496 2791 3554 Verbum
2821 3516 2834 3566 ;
2865 3500 3108 3555 verbum
3155 3501 3474 3571 internum,
3522 3506 3675 3574 quod

2031 3590 2120 3642 est
2149 3585 2514 3659 angelorum,
2548 3588 2776 3657 etquod
2805 3587 2864 3642 in
2897 3593 3091 3644 mente
3123 3593 3323 3644 nostra
3355 3590 3673 3661 loquimur;

2030 3675 2272 3731 verbum
2323 3675 2771 3747 enuntiativum,
2817 3677 2966 3746 quod
3028 3677 3370 3733 enuntiatur
3419 3696 3518 3750 per
3558 3680 3674 3735 lin-

2031 3780 2223 3833 guam,
2259 3765 2410 3835 quod
2457 3764 2675 3820 mentis
2725 3763 2971 3819 nuntius
3019 3782 3247 3837 quoque
3293 3767 3524 3821 dicitur.
3578 3768 3672 3822 Di-

2035 3858 2192 3908 ctum
2225 3859 2315 3909 est
2346 3856 2542 3908 autem
2574 3853 2851 3918 Verbum,
2887 3869 2987 3908 seu
3021 3855 3264 3923 dictum,
3323 3872 3356 3910 a
3407 3857 3672 3912 dicendo.

2443 3975 2540 4032 XI.
2574 3976 2712 4046 Quid
2743 3981 2823 4033 est
2851 3977 3205 4035 Christianus
3235 3982 3261 4032 ?

2105 4082 2475 4140 Christianus
2517 4088 2607 4140 est
2646 4099 2782 4138 vera
2842 4085 3054 4140 domus
3093 4085 3308 4140 Christi
3354 4085 3674 4155 rationalis,

2034 4187 2138 4244 per
2167 4172 2320 4228 bona
2348 4187 2516 4228 ocera
2545 4177 2598 4228 et
2631 4182 2786 4228 recta
2817 4173 3093 4246 dogmata
3122 4179 3477 4230 constructa.

2109 4349 2220 4421 (34)
2251 4349 2566 4406 Haereticus
2611 4355 2806 4406 autem
2852 4356 2961 4418 est,
3014 4353 3375 4424 sycophanta
3421 4358 3478 4410 et
3507 4372 3675 4411 accu-

2037 4445 2195 4496 sator
2241 4440 2520 4496 veritatis.
2589 4440 2852 4509 l-laaresis,
2904 4439 3052 4497 falsa
3102 4443 3296 4513 opinio
3345 4444 3472 4514 ejus
3521 4445 3675 4516 quod

2039 4545 2153 4584 non
2187 4533 2294 4583 est.

2107 4616 2478 4673 Immutabile
2507 4622 2615 4688 est,
2649 4619 2802 4690 quod
2834 4634 2895 4674 se
2929 4635 3162 4690 semper
3181 4619 3450 4676 similiter
3479 4622 3674 4677 habet.

2111 4706 2381 4762 Naturale
2410 4711 2517 4772 est,
2551 4709 2702 4776 quod
2736 4707 2793 4761 in
2830 4714 3038 4762 natura
3070 4709 3253 4763 situm
3287 4710 3491 4776 est,vel
3523 4711 3676 4782 quod

2039 4811 2167 4850 vere
2200 4811 2398 4849 verum
2436 4797 2831 4866 cognoscitur.

2111 4884 2321 4939 Praeter
2351 4891 2620 4939 naturam
2657 4891 2768 4950 est,
2806 4887 2958 4955 quod
2995 4887 3149 4940 Deus
3181 4904 3295 4942 non
3328 4888 3408 4943 ita
3440 4889 3687 4956 fecit,vel

2041 4973 2196 5044 quod
2228 4971 2464 5026 omnino
2501 4989 2612 5026 non
2649 4973 2804 5035 fecit,
2841 4974 3040 5042 qualia
3093 4980 3234 5028 sunt
3283 4984 3583 5047 peccatum
3633 4986 3691 5034 et

2043 5077 2222 5116 mors.

2107 5149 2242 5203 Tria
2264 5157 2422 5215 sunt,
2450 5165 2577 5220 quis
2608 5150 2679 5204 de
2716 5150 3054 5206 hominibus
3076 5153 3466 5222 prmdicantur
3492 5172 3502 5209 :
3530 5158 3686 5226 quod

2048 5238 2203 5293 200
2234 5237 2559 5292 secundum
2595 5241 3046 5309 naturain,quod
3080 5245 3288 5312 praeter
3311 5250 3576 5298 naturam
3601 5251 3692 5300 est

2044 5326 2284 5396 etquod
2333 5341 2512 5396 supra
2560 5330 2852 5382 naturam.
2899 5329 3232 5386 Secundum
3287 5336 3555 5388 naturam
3604 5341 3693 5392 est

349 5637 467 5712 (33)
499 5635 607 5693 His
637 5633 856 5695 similia
884 5635 1150 5709 quaedam
1180 5635 1548 5695 habenturin
1573 5636 1702 5693 cod.
1735 5632 1896 5694 Colb.
1925 5634 2088 5694 4753.
2165 5635 2274 5708 (34)
2309 5635 2438 5694 Haec
2465 5639 2526 5696 et
2553 5636 2770 5696 similia
2800 5637 2859 5695 in
2891 5639 3020 5696 eod.
3053 5639 3184 5716 cod,
