4108 6210
429 354 540 416 551

1594 343 1660 402 S.
1706 339 2233 403 ATHANASIUS.
2255 372 2331 387 —-
2361 344 2673 406 SPURIA.

3725 354 3854 413 552

434 484 871 544 matrimonium
904 499 915 535 :
952 480 1156 551 praeter
1195 479 1491 537 naturam,
1542 472 1818 528 scortatio
1850 489 1862 525 :
1899 488 2069 543 supra

2198 471 2327 543 ὑπὲρ
2389 472 2543 549 φύσιν
2603 478 2637 544 ἡ
2697 475 2974 551 παρθενία.
3036 478 3138 533 Καὶ
3192 478 3357 533 πάλιν
3416 479 3551 534 κατὰ
3608 481 3763 557 φύσιν
3819 484 3849 534 ὁ

435 582 728 640 naturam,
759 569 1082 642 virginitas.
1116 566 1185 620 Et
1215 580 1420 619 rursus
1452 561 1777 617 secundum
1812 563 2083 615 naturam

433 670 576 721 sunt
605 679 743 735 opes
766 661 926 731 juste
950 654 1252 727 acquisita?
1287 671 1297 707 :
1337 656 1544 724 prazter
1576 655 1868 720 naturam,
1903 647 2086 705 avari-

429 758 560 820 tia:
608 768 788 825 supra
837 752 1133 815 naturam,
1189 741 1634 816 possessionum
1689 742 2083 810 contemptus.

430 850 574 903 Item
609 841 933 899 secundum
966 839 1235 891 naturam
1270 836 1379 902 est,
1411 829 1796 901 temperantia
1822 828 1881 883 in
1916 827 2080 884 cibo:

431 939 641 1008 praeter
690 936 983 991 naturam,
1019 922 1302 994 crapula:
1354 938 1534 991 supra
1589 922 1884 1001 naturam,
1926 917 2080 988 jeju-

429 1024 616 1077 nium.
652 1016 934 1074 Similiter
966 1012 1291 1068 secundum
1328 1014 1600 1065 naturam
1628 1012 1857 1078 est,pax
1891 1021 1903 1060 :
1938 1022 2081 1076 pras-

431 1116 519 1165 ter
549 1115 844 1169 naturam,
877 1101 1169 1158 tumultus
1206 1118 1217 1153 :
1254 1116 1431 1171 supra
1462 1102 1752 1164 naturam,
1807 1111 1945 1165 erga
1970 1093 2080 1147 ini—

432 1201 617 1254 micos
650 1196 899 1251 dilectio.
934 1194 1001 1247 Et
1035 1191 1094 1244 in
1128 1189 1349 1243 creteris
1376 1187 1666 1241 similiter.

504 1303 857 1378 Etymologia
888 1305 994 1363 est,
1028 1314 1154 1368 qum
1185 1296 1298 1350 vim
1334 1293 1589 1349 nominis
1623 1292 1876 1362 alicujus
1928 1294 2080 1345 recte

430 1396 719 1467 designat,
751 1396 808 1445 et
838 1407 905 1446 ex
933 1388 1059 1459 ipso
1110 1402 1283 1440 sensu
1337 1383 1649 1455 explicata,
1702 1379 1882 1437 veluti
1918 1397 1930 1435 :
1964 1379 2079 1434 Pax

431 1486 585 1540 unde
616 1483 699 1538 sic
732 1480 887 1535 dicta
908 1479 1039 1532 est?
1071 1474 1232 1540 Quod
1256 1478 1506 1528 mentem
1542 1468 1922 1541 tranquillam
1956 1469 2080 1523 red-

432 1578 551 1631 dat.
584 1569 916 1633 Tumultus,
952 1585 982 1621 a
1014 1565 1285 1620 facilitate
1326 1560 1745 1617 confundendi.
1781 1559 1969 1627 Error,
2004 1558 2075 1613 ab

431 1682 496 1721 eo
527 1663 676 1735 quod
712 1659 946 1729 oblique
978 1659 1231 1710 mentem
1261 1652 1473 1706 trahat.
1524 1646 1952 1720 Temperantia,
1988 1644 2075 1700 vel

431 1752 583 1825 quod
619 1746 899 1805 salutaria
920 1744 1235 1817 provideat,
1270 1740 1351 1795 vel
1387 1739 1541 1811 quod
1573 1753 1784 1807 corpus
1815 1752 1847 1790 a
1880 1735 2074 1789 sordi-

2197 556 2419 621 δικαίως
2468 564 2826 638 συναγόμενος
2873 565 3133 629 πλοῦτος
3168 569 3313 644 παρά
3359 567 3514 646 φύσιν
3547 572 3581 638 ἡ
3615 556 3848 625 πλεονε-

2231 647 2297 702 ία’
2335 649 2431 704 ὑπέ
2517 652 2583 691 'r"
3050 655 3072 693 ν’
3201 659 3213 675 ⁸
3536 694 3537 697 η
3824 660 3837 673 “

2197 648 2219 717 ξ
2438 671 2465 725 ρ
2520 674 2672 729 Ἰμασιν
2790 654 3167 727 ἀκτημοσυνη.
3218 656 3440 729 Ομοίως
3491 658 3655 713 πάλιν
3708 680 3851 713 κατα

2196 737 2350 813 φύσιν
2403 742 2436 809 ἡ
2498 742 2807 819 σύμμετρος
2864 746 3060 822 τροφή·
3122 746 3265 821 παρά
3323 746 3476 822 φύσιν
3536 749 3571 817 ἡ
3620 769 3848 824 γαστρι-

2198 828 2444 902 μαργία’
2508 830 2639 906 ὑπὲρ
2716 831 2869 910 φύσιν
2924 836 2958 903 ἡ
3017 834 3279 903 νηστεία.
3338 836 3604 898 Ὡσαύτως
3677 836 3851 892 πάλιν

2191 919 2327 971 κατὰ
2377 918 2530 996 φύσιν
2572 923 2606 989 ἡ
2653 921 2865 997 εἰρήνη·
2917 925 3061 997 παρά
3110 923 3263 1001 φύσιν
3313 927 3346 977 ἢ
3395 928 3609 1002 ταραχή
3640 947 3653 958 ⁸
3707 929 3844 999 ὑπὲρ

2193 1004 2346 1082 φύσιν
2380 1010 2413 1077 ἠ
2453 1009 2590 1083 πρὸς
2634 1010 2756 1072 τοὸς
2808 1011 3190 1086 ἐχθραίνοντας
3240 1014 3441 1089 ἀγάπη.
3487 1016 3589 1071 Καὶ
3638 1015 3843 1078 ἐντοῖς

2195 1092 2411 1158 λοιποῖς
2441 1098 2672 1171 ὁμοίως,

2264 1290 2633 1366 Ἑτυμολογία
2678 1293 2816 1347 ἐστὶν
2863 1297 2897 1365 ἡ
2950 1302 3046 1365 τῆς
3094 1294 3374 1371 δυνάμεως
3423 1302 3519 1352 τοῦ
3567 1300 3846 1373 ὀνόματος

2194 1380 2445 1455 ὀρθότης,
2480 1381 2719 1451 ἐξίαύτοῦ
2749 1388 2843 1437 τοῦ
2883 1386 3002 1446 νοὸς
3053 1386 3485 1460 ἑρμηνευομένη·
3519 1391 3656 1461 οἷον,
3694 1392 3845 1444 Κατά

2185 1468 2239 1523 τί
2275 1470 2465 1540 εἰρήνη
2506 1490 2519 1540 ;
2552 1472 2695 1525 Κατά
2736 1472 2797 1526 τὸ
2848 1475 3072 1546 ἠρεμεῖν
3126 1475 3217 1529 τὸν
3255 1480 3403 1533 νοῦν.
3436 1480 3633 1553 Ὥσπερ
3668 1478 3771 1533 πά)
3794 1502 3843 1533 ιν

2185 1560 2426 1634 ταραχὴ,
2462 1557 2549 1613 διὰ
2577 1562 2638 1615 τὸ
2671 1561 2797 1637 ῥᾷον
2827 1565 3059 1637 χεῖσθαι·
3094 1565 3181 1618 καὶ
3221 1563 3399 1636 πλάνη
3432 1566 3565 1621 κατά
3594 1569 3655 1621 τὸ
3688 1566 3843 1622 πλα-

2184 1647 2384 1723 γιάζειν
2433 1650 2525 1703 τὸν
2575 1654 2717 1705 νοῦν.
2769 1651 3127 1727 Σωφροσύνη,
3177 1654 3210 1721 ἣ
3256 1654 3358 1708 ἀπὸ
3406 1659 3501 1709 τοῦ
3552 1660 3663 1709 σῶα
3705 1678 3845 1733 φρο-

2184 1742 2314 1809 νεῖν,
2351 1738 2383 1806 ἢ
2420 1736 2524 1792 ἀπὸ
2571 1742 2666 1792 τοῦ
2714 1739 2776 1793 τὸ
2825 1744 2981 1811 σῶμα
3024 1748 3274 1817 φρουρεῖν
3326 1744 3431 1797 ἀπο
3464 1744 3652 1820 ῥύπου.
3690 1752 3843 1821 Πορ-

430 1824 541 1896 bus
571 1839 893 1905 conservet,
925 1830 1207 1888 Scortatio
1238 1829 1323 1885 vel
1356 1829 1429 1883 ab
1460 1844 1547 1895 eo,
1590 1826 1746 1897 quod
1790 1826 2069 1913 juventus

2184 1826 2296 1880 νεία
2327 1827 2359 1895 ἢ
2396 1824 2483 1881 διὰ
2510 1828 2571 1881 τὸ
2602 1832 2803 1903 πυροῦν
2851 1830 2950 1897 την
3002 1830 3249 1903 νεότητα,
3281 1832 3316 1901 ἢ
3351 1829 3438 1886 διὰ
3482 1833 3543 1887 τὸ
3592 1839 3841 1909 πηροῦν,

427 1935 546 1986 tem
579 1929 929 1992 inﬂammet,
961 1920 1048 1977 vel
1078 1920 1231 1991 quod
1267 1921 1521 1973 mentem
1553 1914 1739 1971 oculis
1772 1910 2072 1985 privet,vel

431 2020 582 2091 quod
609 2038 643 2074 a
675 2016 996 2087 longinquo
1028 2014 1269 2066 annuat.
1303 2006 1587 2063 Similiter
1609 2010 1667 2061 et
1695 2006 1755 2060 in
1808 2003 2069 2074 reliquis.

501 2131 720 2196 Corpus
750 2122 889 2193 quia
919 2137 986 2174 ex
1025 2116 1329 2173 elementis
1379 2112 1771 2184 compositum
1812 2113 1922 2179 est,
1972 2111 2072 2165 ad-

434 2215 615 2271 mittit
640 2210 1110 2271 dissolutionem,
1141 2211 1198 2260 et
1231 2203 1567 2259 destruitur.
1614 2201 1927 2271 Propterea
1956 2216 2077 2254 cor-

434 2320 575 2377 pora
595 2306 715 2357 tam
734 2297 1041 2354 hominum
1057 2310 1232 2366 quam
1251 2292 1569 2349 bestiarum
1591 2290 1759 2345 facile
1779 2288 2072 2360 corrumpi

432 2410 498 2447 ac
530 2391 676 2447 mori
709 2391 1048 2460 possunt,ex
1077 2388 1328 2455 quatuor
1357 2397 1488 2435 cum
1521 2382 1789 2434 constent
1815 2378 2073 2433 eiemen-

433 2483 509 2537 tis
544 2499 556 2537 :
589 2486 764 2548 terra,
796 2477 1064 2547 inquam,
1097 2488 1269 2542 aqua,
1320 2471 1471 2541 igne,
1524 2474 1581 2523 et
1611 2483 1760 2522 aere.
1808 2467 1953 2521 Nam
1982 2481 2069 2531 ea,

433 2588 559 2642 quae
588 2586 657 2625 ex
687 2568 817 2621 istis
848 2566 1140 2629 constant,
1163 2575 1396 2629 semper
1427 2561 2070 2629 generantur,semper—

433 2675 545 2731 que
575 2656 1033 2726 corrumpuntur
1061 2668 1073 2717 ;
1106 2649 1527 2703 elementorum
1571 2645 1839 2699 videlicet
1881 2644 2070 2697 disso-

430 2747 555 2802 luta
586 2742 1023 2816 compositione,
1057 2743 1115 2793 et
1144 2736 1405 2809 quolibet
1432 2734 1491 2788 in
1534 2750 1706 2789 suum
1742 2733 1934 2787 locum
1978 2748 2072 2787 re-

431 2842 617 2908 cepto.
650 2834 782 2905 Ipsa
810 2848 942 2887 vero
974 2828 1282 2890 elementa,
1316 2821 1608 2894 simplicia
1657 2838 1790 2877 cum
1842 2822 1982 2889 sint,
2015 2826 2073 2878 et

422 2924 834 2995 incomposita,
866 2934 1035 2975 suam
1067 2930 1300 2986 quoque
1331 2911 1707 2967 stabilitatem
1742 2912 2072 2980 rctinent,et

422 3030 614 3085 usque
640 3013 710 3068 ad
743 3005 1311 3066 consummationem
1344 2999 1699 3056 indissoluta
1728 3005 1887 3055 sunt.

1004 3157 1126 3212 ΧΠ.
1154 3156 1227 3210 De
1252 3155 1466 3210 anima.

488 3274 567 3329 De
625 3270 822 3327 anima
849 3271 1043 3323 autem
1068 3262 1343 3328 dicimus,
1367 3261 1522 3331 quod
1547 3259 1801 3330 quinque
1834 3259 1951 3315 sint
1979 3260 2061 3314 af.

415 3367 598 3420 fectus
630 3361 688 3415 in
722 3376 812 3424 ea,
842 3356 940 3427 qui
972 3351 1257 3409 animales
1298 3350 1545 3405 atfectus
1590 3354 1889 3403 vocantur.
1921 3353 2069 3403 Sunt

416 3458 613 3509 autem
646 3448 745 3504 isti
779 3464 790 3503 :
829 3446 936 3509 ira,
978 3442 1161 3507 dolor,
1199 3445 1415 3509 metus,
1469 3436 1801 3492 sollicitudo
1831 3442 1887 3492 et
1916 3438 2066 3491 invi-

415 3543 530 3598 dia.
562 3540 670 3605 Qui
703 3552 836 3608 ergo
887 3530 1199 3605 prudentia
1251 3527 1466 3583 mentis
1521 3527 1800 3598 praeditus
1850 3531 1938 3582 est
1967 3543 2067 3598 po-

424 3632 559 3685 terit
586 3627 703 3683 illis
736 3624 1152 3696 imperare.Est
1181 3624 1377 3674 autem
1409 3616 1604 3671 anima
1638 3631 1739 3685 per
1770 3632 1829 3670 se
1856 3614 2064 3684 calida,

418 3726 701 3789 tanquam
734 3715 946 3769 ardens
978 3710 1158 3781 ignis.
1192 3708 1355 3761 Sicut
1400 3706 1583 3776 igitur
1621 3704 1797 3774 ignis,
1841 3719 1908 3757 ea
1939 3720 2064 3773 quae

427 3814 565 3865 sunt
619 3806 675 3860 in
726 3802 902 3858 ollam
943 3799 1206 3868 coniecta
1256 3794 1491 3865 coquit;
1537 3792 1621 3847 sic
1671 3792 1886 3861 anima,
1937 3808 2064 3862 quas

416 3899 649 3971 igneam
674 3898 947 3949 naturam
978 3887 1177 3955 habet,
1211 3886 1371 3939 cibos
1396 3883 1453 3937 in
1487 3880 1876 3937 ventriculum
1908 3898 2067 3936 rece-

418 3991 549 4058 ptos
572 3980 922 4040 comminuit
949 3982 1006 4033 et
1036 3973 1349 4032 consumit.
1383 3976 1529 4027 Nam
1562 3972 1759 4026 anima
1790 3986 1905 4024 non
1940 3987 2067 4041 pro-

419 4079 616 4147 pterea
645 4071 795 4143 ψυχή
830 4073 1091 4134 vocatur,
1115 4065 1270 4136 quod
1303 4060 1558 4118 essentia
1585 4076 1694 4115 sua
1722 4059 1801 4114 sit
1827 4058 2062 4135 φυχρός,

417 4161 809 4234 frigida,sicut
834 4156 1101 4212 rudiores
1124 4153 1364 4225 quidam
1387 4150 1725 4207 existimant
1748 4166 1760 4204 :
1782 4148 1882 4204 sed
1907 4148 2062 4219 quod

420 4267 633 4323 magno
664 4264 771 4304 suo
805 4245 994 4302 calore
1027 4244 1305 4298 humores
1336 4244 1631 4310 extergat;
1665 4238 1818 4293 sicut
1856 4255 1923 4293 ex
1954 4238 2063 4292 vir-

416 4346 541 4397 tute
569 4336 711 4395 solis
743 4333 1050 4391 manifeste
1083 4329 1365 4387 declarari
1397 4332 1606 4400 potest.
1657 4327 1799 4382 Nam
1832 4324 2063 4382 calidus

416 4447 551 4486 cum
584 4429 661 4485 sit
691 4431 749 4482 et
776 4424 1021 4497 ignitus,
1056 4421 1240 4477 siccat
1273 4418 1464 4474 lutum
1497 4422 1555 4472 et
1587 4432 1820 4471 omnem
1853 4415 2060 4470 humo-

416 4537 537 4576 rem
570 4532 807 4573 sursum
836 4512 1014 4569 trahit
1070 4509 1232 4577 Quod
1258 4512 1454 4563 autem
1483 4506 1679 4561 anima
1709 4504 2055 4560 naturaliter

415 4611 494 4666 sit
523 4607 774 4673 calida,a
809 4600 1193 4658 morientibus
1216 4611 1443 4668 quoque
1476 4594 2058 4665 comprobatur.Cum
2093 4583 2139 4648 D

414 4698 570 4757 enim
605 4696 858 4770 primum
894 4691 1091 4747 anima
1122 4686 1425 4749 recedens,
1475 4698 1688 4754 corpus
1738 4680 2060 4753 reliquerit,

415 4787 612 4845 omnia
641 4783 839 4841 statim
874 4779 1132 4835 membra
1153 4779 1291 4831 sunt
1314 4771 1884 4845 frigida,frigoreque
1902 4770 2059 4826 haud

416 4878 817 4946 minus,quam
852 4869 1069 4942 glacies
1102 4863 1375 4920 hiemalis
1392 4861 1696 4933 congelata
1728 4860 2063 4931 relinquun-

414 4974 530 5025 tur.
554 4962 822 5030 Quandiu
856 4958 1009 5015 enim
1046 4952 1371 5011 abundanti
1402 4952 1530 5007 cibo
1551 4951 1748 5004 anima
1780 4950 2061 5019 reﬁcitur,

413 5058 568 5129 viget
600 5068 833 5124 corpus,
865 5055 922 5104 et
969 5045 1121 5101 valet
1150 5044 1373 5097 viribus
1407 5059 1419 5096 :
1447 5040 1680 5111 quando
1729 5056 1863 5094 vero
1915 5039 2063 5095 cibis

414 5144 774 5207 destituitur,
809 5136 1077 5193 absumit
1107 5138 1164 5189 et
1210 5130 1535 5201 corrumpit
1581 5129 1775 5199 ipsum
1827 5145 2059 5199 corpus.

414 5236 541 5292 Non
571 5234 729 5290 enim
761 5231 951 5302 potest
980 5240 1194 5295 corpus
1215 5222 1438 5291 absque
1470 5219 1598 5274 cibo
1620 5219 1830 5273 animai
1862 5215 2063 5272 calidi-

412 5324 519 5381 tati
552 5322 823 5377 resistere
855 5334 867 5371 :
904 5310 1403 5385 quemadmodum
1454 5323 1557 5363 nec
1602 5322 1827 5361 aeneum
1859 5323 1959 5362 vas
1989 5308 2062 5362 ad

413 5415 705 5469 fornacem
740 5400 1181 5479 positum,ignis
1204 5396 1633 5453 vehementiam
1656 5397 1879 5467 absque
1911 5413 2064 5467 aqua

415 5503 563 5560 ferre
594 5502 784 5572 potest
818 5512 830 5551 :
860 5492 1044 5549 nimio
1093 5488 1249 5546 enim
1293 5487 1499 5543 ardore
1545 5486 1814 5555 siccatur,
1847 5490 1905 5541 et
1932 5489 2061 5541 tan-

490 5681 600 5759 (35)
631 5677 782 5736 Edlt.
816 5688 1055 5744 comm.,
1086 5664 1372 5739 ἀνηλᾷται.

2190 1917 2223 1984 ἢ
2258 1916 2331 1977 ὡς
2363 1916 2658 1994 ἐκτυφλοῦν
2704 1918 2793 1972 τὸν
2844 1924 2990 1990 νοῦν,
3023 1921 3057 1987 ἢ
3092 1917 3179 1975 διὰ
3225 1922 3288 1975 τὸ
3331 1922 3607 1998 πόρρωθεν
3640 1924 3839 1979 νεύειν.

2186 2005 2283 2058 Καὶ
2315 2004 2366 2059 ἐν
2397 2012 2513 2067 τοῖς
2547 2004 2764 2069 λοιποῖς
2799 2007 3029 2079 ὁμοίως.

2253 2112 2323 2165 Τὸ
2354 2116 2531 2184 σῶμα,
2566 2110 2694 2187 ἔχον
2724 2114 2822 2181 τὴν
2873 2114 3110 2178 σύνθεσιν
3158 2114 3215 2171 ἐκ
3242 2120 3347 2170 τῶν
3398 2120 3705 2194 στοιχείων,
3739 2118 3834 2175 δέ-

2184 2220 2337 2274 χεται
2368 2198 2458 2253 καὶ
2491 2196 2755 2266 διάλυσιν,
2792 2200 2879 2255 καὶ
2912 2201 3239 2277 ἀφανίζεται.
3276 2204 3371 2257 Διά
3416 2208 3577 2259 τοῦτο
3626 2206 3691 2260 τὰ
3719 2208 3838 2260 σώ-

2186 2308 2325 2360 ματα
2354 2288 2444 2342 καὶ
2494 2287 2791 2362 ἀνθρώπων
2843 2288 2928 2343 καί
2980 2289 3130 2358 ζώων
3185 2288 3451 2367 εὔφθαρτα
3508 2295 3597 2347 καὶ
3644 2292 3842 2366 £39m-

2179 2398 2245 2430 τα
2293 2378 2589 2451 τυγχάνει,
2641 2375 2699 2430 ἐκ
2745 2379 3015 2452 τεσσάρων
3068 2379 3428 2449 συνεστηκότα
3484 2384 3776 2456 στοιχείων
3818 2402 3835 2416 ⁶

2182 2464 2328 2539 λέγω
2363 2463 2427 2533 δὴ
2460 2468 2558 2541 γῆς
2608 2467 2696 2520 καὶ
2746 2464 2960 2531 ὕδατος,
3005 2468 3093 2522 καὶ
3139 2470 3332 2540 πυρὸς,
3378 2470 3466 2524 καὶ
3512 2472 3691 2547 ἀέρος.
3728 2475 3833 2527 Καὶ

2180 2554 2313 2609 αύτὰ
2340 2556 2407 2609 τὰ
2453 2553 2510 2608 ἐκ
2554 2555 2761 2609 τούτων
2810 2556 3168 2626 συνεστηκότα
3215 2558 3293 2612 ἀεὶ
3338 2560 3574 2631 γίνονται
3622 2560 3714 2615 καὶ
3744 2562 3833 2616 ἀεὶ

2180 2644 2506 2720 φθείρονται,
2564 2652 2662 2713 τῆς
2706 2650 2814 2699 τῶν
2874 2645 3159 2720 στοιχείων
3216 2644 3585 2719 διαλυομένης
3641 2652 3833 2704 συνθε-

2180 2754 2335 2805 σεως,
2368 2734 2456 2787 καὶ
2488 2732 2713 2788 ἑκάστου
2767 2735 2898 2809 πρὸς
2943 2735 3033 2788 τὸν
3086 2732 3220 2789 ἴδιον
3270 2736 3600 2799 ἀναλύοντος
3629 2734 3831 2795 τόπον.

2178 2822 2325 2878 Αὐτά
2355 2820 2412 2876 δὲ
2436 2824 2503 2877 τὰ
2533 2829 2801 2897 στοιχεῖα,
2847 2822 2994 2877 ἀπλᾶ
3038 2826 3376 2899 τυγχάνοντα
3422 2827 3509 2880 καὶ
3543 2826 3830 2895 ἀσύνθετα,

2176 2913 2239 2965 τὸ
2286 2913 2518 2985 μόνιμον
2567 2912 2711 2987 ἔχει,
2762 2913 2851 2967 καὶ
2904 2912 3065 2989 μέχοι
3106 2918 3206 2978 τῆς
3250 2913 3552 2977 συντελείας
3603 2914 3831 2971 ἀδιάδυ-

2175 3022 2288 3057 τον.

2729 3156 2846 3211 ΧΙΙ.
2885 3154 3011 3230 Περὶ
3041 3158 3245 3230 ψυχῆς.

2248 3262 2376 3337 Περὶ
2427 3259 2483 3315 δὲ
2532 3265 2717 3337 ψυχῆς
2768 3261 3019 3337 λὲγομεν,
3070 3261 3151 3315 ὅτι
3204 3261 3303 3316 εἰσί
3354 3263 3510 3317 πέντε
3562 3266 3705 3333 πάθη
3768 3264 3827 3319 ἐν

2177 3350 2333 3423 αὐτῇ,
2366 3352 2519 3405 ἅτινα
2563 3350 2773 3425 ψυχικά
2820 3351 2961 3419 πάθη
3012 3349 3325 3407 καλοῦνται.
3363 3351 3479 3407 Εἷσῖ
3530 3350 3587 3407 δὲ
3630 3358 3829 3420 ταῦτα,

2180 3439 2337 3513 ὀργὴ,
2371 3436 2537 3513 λύπῃ,
2590 3435 2784 3515 φόϐος,
2835 3438 3071 3516 φροντὶς,
3104 3439 3192 3493 καί
3224 3439 3436 3516 φθόνος,
3470 3442 3526 3493 '0
3566 3442 3655 3494 οὖν
3693 3449 3832 3516 φρό-

2175 3549 2327 3600 νιμον
2360 3524 2504 3603 ἔχων
2553 3528 2641 3582 τὸν
2694 3527 2955 3603 λογισμὸν
2991 3525 3209 3583 δύναται
3255 3528 3460 3583 τούτων
3494 3537 3727 3601 κρατεῖν.
3757 3532 3827 3588 Ἡ

2175 3618 2328 3691 ψυχὴ
2362 3614 2418 3670 δὲ
2452 3616 2682 3691 ὑπάρχει
2717 3618 2835 3671 καθ’
2878 3618 3070 3685 ἑαυτήν
3118 3618 3314 3690 θερμὴ,
3349 3618 3422 3679 ὡς
3454 3622 3559 3690 πῦρ
3592 3619 3827 3691 καιόμε-

2173 3727 2282 3760 νον.
2317 3707 2401 3767 Ὠς
2434 3704 2523 3759 οῦν
2570 3707 2632 3760 τὸ
2685 3711 2789 3780 πῦρ
2836 3706 2901 3759 τὰ
2948 3704 3265 3779 βαλλόμενα
3314 3706 3388 3767 είς
3440 3702 3644 3776 λέϐητα
3678 3708 3824 3781 ἑψεῖ,

2174 3794 2317 3848 οὕτω
2347 3794 2434 3848 καὶ
2466 3797 2501 3863 ἡ
2534 3792 2793 3867 πυρώδης
2842 3795 2995 3869 ψυχὴ
3046 3796 3113 3847 τὰ
3160 3795 3631 3869 παραπεμπόμενα
3674 3798 3825 3851 σιτία

2174 3882 2225 3937 ὲν
2253 3888 2319 3957 τῇ
2347 3881 2532 3954 κοιλίᾳ
2579 3882 2827 3938 λεπτύνει
2873 3884 2959 3936 καὶ
3010 3880 3235 3953 δαπανᾷ.
3272 3886 3436 3959 Ψυχὴ
3470 3886 3591 3959 γὰρ,
3632 3886 3694 3938 οὐ
3728 3883 3824 3941 δια

2170 3974 2232 4027 τὸ
2280 3974 2489 4049 ψυχρὸν
2537 3973 2636 4040 τὴν
2687 3971 2868 4025 οὐσίαν
2925 3972 3082 4038 εἶναι,
3140 3971 3411 4044 καλεῖται,
3461 3975 3636 4037 καθώς
3676 3996 3825 4037 τινες

2170 4067 2276 4117 τῶν
2310 4062 2691 4137 ἁπλουστέρων
2745 4060 3018 4134 ἐνόμισαν·
3069 4060 3215 4117 ἀλλὰ
3265 4060 3354 4116 διὰ
3399 4064 3462 4117 τὸ
3492 4063 3551 4118 ὲκ
3596 4062 3825 4133 πολλῆς

2174 4151 2507 4225 θερμότητος
2562 4150 2930 4225 ἀναξηραίνειν
2991 4150 3158 4218 αὐτὴν
3213 4150 3277 4205 τὰ
3337 4151 3511 4227 ὑγρά·
3572 4153 3646 4214 ὡς
3707 4150 3824 4208 ἔστι

2169 4239 2661 4317 πληροφορηθῆναι
2714 4239 2803 4293 καὶ
2862 4238 2920 4293 ἐκ
2975 4246 3074 4309 τῆς
3133 4239 3399 4314 ἐνεργείας
3452 4245 3548 4295 τοῦ
3607 4240 3771 4310 ἡλίου
3808 4284 3824 4298 .

2170 4331 2376 4403 Θερμὸς
2434 4330 2533 4405 γὰρ
2593 4326 2665 4383 ὢν
2724 4328 2811 4383 καὶ
2870 4325 3148 4402 πυρώδης,
3198 4327 3378 4398 πηλὸν
3440 4328 3675 4406 ξηραίνει
3728 4332 3823 4385 καὶ

2169 4425 2271 4473 πᾶν
2305 4417 2467 4493 ὑγρὸν
2500 4418 2754 4490 ἀνιμᾶται
2804 4420 2938 4490 (35).
2970 4418 3093 4474 ’Ότι
3148 4414 3205 4471 δὲ
3235 4420 3270 4486 ἡ
3313 4419 3466 4492 ψυχὴ
3500 4420 3673 4492 θερμή
3709 4419 3825 4474 ἐστι

2169 4509 2305 4562 κατὰ
2336 4506 2510 4584 φύσιν,
2544 4506 2784 4583 παράθου
2834 4506 2923 4560 καὶ
2976 4504 3034 4560 ἐκ
3083 4510 3191 4560 τῶν
3245 4506 3717 4575 ἀποθνησκόντων.
3750 4510 3825 4575 ᾚ

2170 4599 2272 4673 γὰρ
2322 4595 2436 4671 ὥρᾳ
2468 4598 2501 4665 ἡ
2544 4596 2695 4670 ψυχὴ
2746 4599 2997 4671 χωρισθῇ
3049 4594 3107 4649 ἐκ
3156 4599 3253 4650 τοῦ
3314 4594 3589 4668 σώματος,
3646 4596 3828 4651 πάντα

2168 4687 2234 4741 τὰ
2268 4684 2409 4759 μὲλη
2458 4686 2645 4759 ψυχρὰ
2674 4684 2762 4739 καὶ
2807 4681 3203 4758 κρυσταλλώδη
3259 4683 3617 4757 εὑρίσκονται,
3663 4683 3826 4741 οῦδὲν

2170 4778 2330 4843 ἦττον
2378 4776 2557 4848 πάγου
2606 4772 2943 4848 χειμερινοῦ.
2979 4776 3124 4834 Ἕως
3175 4773 3276 4849 γὰρ
3309 4770 3423 4847 ἔχει
3456 4775 3489 4842 ἡ
3529 4776 3683 4849 ψυχὴ
3717 4776 3821 4843 τὴν

2168 4864 2372 4937 τροφὴν
2404 4862 2478 4923 εἷς
2509 4862 2785 4938 ἀφθονίαν,
2837 4860 3027 4924 θάλλει
3074 4862 3136 4915 τὸ
3182 4866 3341 4933 σῶμα
3387 4862 3478 4915 καὶ
3512 4859 3823 4935 ἀδρύνεται.

2170 4950 2427 5019 Ὀπηνίκα
2487 4947 2543 5003 δὲ
2599 4949 2865 5023 ἀπορήσει
2920 4948 3126 5015 σιτίων,
3184 4947 3315 5003 aia-:6
3370 4950 3433 5003 τὸ
3489 4948 3649 5022 σῶμα
3697 4973 3830 5006 κατα

2172 5038 2332 5102 εσθίει
2383 5039 2472 5092 καὶ
2522 5039 2743 5115 φθείρει.
2788 5036 2863 5094 Οὐ
2929 5038 3031 5111 γὰρ
3089 5035 3307 5091 δύναται
3365 5040 3427 5092 τὸ
3484 5044 3645 5111 σῶμα
3706 5042 3834 5095 ἄνευ

2168 5134 2373 5204 τροφῆς
2430 5127 2672 5201 ἀντέχειν
2730 5125 2862 5198 πρὸς
2908 5127 3006 5194 τήν
3066 5126 3378 5199 Θερμότητα
3423 5134 3523 5195 τῆς
3583 5130 3773 5202 ψυχῆς
3813 5174 3829 5197 ,

2172 5212 2350 5289 ὥσπερ
2395 5212 2515 5270 οὔτε
2565 5214 2784 5289 ἀγγεῖον
2837 5212 3103 5288 χαλκοῦν,
3151 5215 3314 5276 ἑστὼς
3368 5214 3455 5269 ἐπὶ
3504 5211 3775 5270 κλιϐάνου
3812 5264 3828 5290 ,

2172 5304 2388 5360 δύναται
2439 5304 2614 5380 φερειν
2666 5301 2786 5357 ἄνευ
2826 5300 3022 5363 ὕδατος
3070 5304 3169 5371 τήν
3216 5302 3559 5379 σφοδρότητα
3593 5308 3694 5359 τοῦ
3726 5326 3832 5359 πυ-

2173 5395 2284 5471 ρός’
2346 5392 2658 5471 ἐκφρύγεται
2714 5393 2813 5467 γὰρ
2871 5394 2959 5447 καὶ
3014 5390 3290 5447 διαλύεται
3350 5390 3532 5446 τέλεον
3571 5435 3584 5448 .
3630 5393 3830 5456 Οὕτως

2170 5481 2263 5539 οῦν
2288 5481 2379 5537 καί
2409 5484 2437 5537 ὁ
2469 5476 2637 5553 λέϐης
2684 5485 2783 5537 τοῦ
2833 5481 3105 5555 σώματος,
3143 5483 3216 5554 μὴ
3254 5476 3397 5557 ἔχων
3451 5482 3549 5549 τήν
3582 5484 3833 5561 τροφὴν,
