4108 6210
272 347 394 406 553

1296 347 1686 408 DOCTRlNA
1730 346 1832 405 AD
1879 343 2340 406 ANTIOCHUM
2390 345 2680 405 DUCEM.

3565 354 3684 413 554

270 477 419 549 παρὰ
455 481 556 544 τῆς
589 471 880 547 πυρώδους
926 477 1111 548 ψυχῆς
1160 475 1579 549 ἐκπυρούμενος,
1622 474 1918 531 ἀπόλλυται

2042 475 2174 531 dem
2206 476 2566 532 dissolvitur.
2600 477 2679 530 Ad
2710 478 2980 532 eumdem
3017 481 3255 534 modum
3282 481 3396 535 olla
3428 487 3684 555 corporis

268 563 602 619 παντάπασιν
613 607 625 617 .

345 741 420 800 Εἴ
441 763 573 797 ποτε
605 739 662 797 δέ.
719 762 806 796 σοι
851 743 976 816 περὶ
1027 745 1125 811 τῆς
1172 745 1358 818 ψυχῆς
1389 763 1470 804 τις
1523 737 1922 820 ἀμφισϐητοίη,

272 831 553 907 ἐρώτησον
586 829 768 887 αὐτόν.
802 830 936 885 Εἷπὲ
987 851 1104 903 μοι,
1135 831 1186 885 ἰν
1235 831 1352 904 ὅλῳ
1379 836 1459 903 τῷ
1508 832 1718 902 σώματι
1751 838 1924 886 κεῖται

270 925 306 990 ἡ
341 922 498 996 ψυχὴ
541 925 640 975 τοῦ
691 920 996 990 ἀνθρώπου,
1046 920 1081 988 ἢ
1133 920 1184 975 ἐν
1235 920 1309 974 ἐνὶ
1356 921 1509 992 τόπῳ
1543 939 1557 988 ;
1593 920 1689 974 Καὶ
1729 920 1774 974 εἰ
1828 921 1921 992 μὲν

273 1010 402 1083 εἴπῃ
431 1030 540 1079 σοι,
599 1008 683 1064 ὅτι
742 1009 794 1064 ἐν
852 1007 972 1081 ὅλῳ
1019 1013 1102 1081 τῷ
1158 1010 1392 1082 σώματι,
1453 1009 1568 1064 sint
1609 1009 1774 1080 αὐτῷ’
1823 1008 1921 1063 Καὶ

272 1105 394 1160 πῶς
424 1101 683 1172 τέμνουσι
722 1101 821 1167 τήν
878 1105 1040 1174 χεῖρα
1082 1103 1180 1153 τοῦ
1230 1099 1533 1173 ἀνθρώπου,
1569 1099 1604 1167 ἢ
1635 1100 1727 1152 τὸν
1759 1095 1920 1166 πόδα,

270 1194 366 1245 καί
400 1189 460 1243 οὒ
509 1189 765 1243 κόπτεται
820 1188 910 1242 καὶ
961 1190 996 1257 ἡ
1049 1189 1225 1263 ψυχὴ,
1275 1186 1420 1242 ἀλλὰ
1466 1186 1628 1242 πάλιν
1678 1191 1741 1260 ζῇ
1773 1188 1801 1241 ὁ
1832 1184 1920 1240 ἅν-

274 1288 522 1351 θρωπος,
573 1275 661 1329 καὶ
712 1274 810 1329 οὐκ
856 1274 1186 1345 ἀποθνήσκει
1221 1291 1236 1342 ;
1267 1273 1329 1328 Ei
1387 1271 1445 1328 δὲ
1503 1272 1627 1348 εἷ’πῃ
1677 1294 1788 1343 σοι,
1834 1275 1920 1330 ’Ev

267 1365 349 1418 ἐνὶ
385 1367 535 1440 μέρει
588 1370 785 1435 κεῖται,
841 1362 1005 1418 πάλιν
1057 1363 1192 1417 εἶπέ·
1227 1363 1326 1416 Καὶ
1378 1368 1496 1424 πῶς
1547 1363 1644 1418 εἶσι
1683 1364 1750 1417 τὰ
1780 1361 1922 1417 ἄλλα

270 1454 413 1530 μέρη
445 1458 543 1508 τοῦ
588 1453 874 1525 ἀνθρώπου
924 1452 1100 1528 χωρὶς
1150 1455 1356 1527 ψυχῆς,
1410 1453 1499 1506 καὶ
1548 1456 1668 1514 πῶς
1707 1449 1920 1506 δύναται

269 1545 486 1619 ἄψυχον
521 1541 689 1615 μέλος
719 1538 864 1617 ἔχειν
899 1543 926 1595 ὁ
959 1540 1243 1616 ἄνθρωπος
1279 1560 1293 1610 ;
1328 1540 1426 1594 Καὶ
1457 1545 1573 1602 πῶς
1617 1539 1726 1596 ἐστι
1773 1538 1924 1595 δυνα-

267 1635 360 1687 τὸν
396 1637 493 1706 ζῇν
545 1631 720 1706 χωρὶς
770 1634 957 1706 ψυχῆς
992 1649 1005 1699 ;
1043 1634 1150 1684 Dav
1200 1630 1300 1706 γὰρ
1329 1630 1392 1684 τὸ
1428 1632 1503 1703 μὴ
1557 1627 1684 1705 ἔχον
1735 1632 1920 1704 ψυχὴν

267 1717 459 1794 νεκρόν
493 1720 625 1776 ἐστι’
676 1719 764 1773 καὶ
812 1719 911 1773 οὐκ
961 1715 1110 1780 οἶδας
1160 1717 1210 1772 τί
1259 1717 1454 1794 λέγεις.
1491 1720 1627 1792 Ἐγὼ
1679 1715 1736 1773 δὲ
1786 1717 1922 1773 εἷ’πω

268 1833 378 1878 σοι,
413 1811 470 1866 ἐν
490 1809 637 1882 ποίῳ
663 1808 836 1881 τόπῳ.
868 1807 957 1863 καὶ
990 1808 1136 1880 ποίῳ
1163 1808 1374 1884 τρόπῳ⁹
1406 1807 1494 1862 καί
1533 1814 1640 1863 ποῦ
1684 1809 1920 1864 ἀναπαύ-
1954 1849 2000 1914 Β

424 1903 441 1914 .
526 1903 536 1914 .
654 1901 666 1914 ,
735 1900 771 1914 ..
995 1898 1008 1914 ς
1112 1897 1124 1914 ι
1379 1902 1405 1913 ..
1523 1898 1533 1914 ,
1675 1900 1686 1914 ,
1782 1899 1795 1914 ς

269 1922 385 1955 εται
417 1903 452 1968 ἢ
512 1901 689 1974 ψυχή.
735 1900 816 1953 ’Δν
866 1898 1009 1974 τρισὶ
1063 1897 1256 1959 τόποις
1313 1902 1409 1952 τοῦ
1467 1898 1719 1970 σώματός
1779 1899 1917 1953 ἐστιν

269 1987 617 2064 ἐνιδρυμὲνη,
676 1987 766 2041 καὶ
825 1987 1005 2062 ὥσπερ
1055 1989 1089 2055 ἡ
1140 1986 1291 2048 ἀκτὶς
1349 1991 1445 2040 τοῦ
1501 1986 1666 2056 ἡλίου
1725 1987 1801 2049 εἰς
1829 1985 1921 2042 ἕνα

267 2079 436 2134 τόπον
494 2081 692 2153 χωρεῖ,
755 2077 842 2131 καὶ
903 2075 1203 2152 εἰσέρχεται
1251 2080 1347 2130 τοῦ
1378 2073 1529 2130 οἴκου
1565 2120 1578 2144 ,
1612 2077 1830 2151 φωτίζει
1864 2074 1921 2131 δὲ

267 2167 442 2222 πάντα
490 2167 584 2221 τὸν
634 2165 782 2221 οἶκον
821 2185 833 2199 ο
865 2166 953 2220 καὶ
986 2168 1020 2234 ἡ
1053 2166 1230 2240 ψυχὴ,
1282 2165 1334 2219 ὲν
1375 2170 1492 2227 τοῖς
1540 2166 1683 2240 τρισί
1735 2165 1917 2240 μέρεσι

263 2259 364 2308 τοῦ
395 2254 651 2328 σώματρς
681 2249 1026 2328 ἐνιδρυμένη,
1059 2254 1150 2306 τὸν
1181 2254 1330 2306 οἷκον
1361 2251 1489 2307 ὅλον
1533 2257 1795 2327 ζωογονεῖ
1823 2258 1918 2308 τοῦ

266 2345 545 2416 σώματος.
599 2344 854 2398 Κατοικεῖ
910 2339 1028 2410 δὲή
1060 2342 1213 2415 ψυχὴ
1276 2341 1326 2396 ἐν
1384 2345 1452 2414 τῇ
1499 2339 1713 2416 καρδίᾳ,
1745 2343 1834 2396 καὶ
1867 2341 1920 2397 ὲν

260 2437 343 2503 τῷ
374 2429 590 2487 ὄπισθεν
623 2431 771 2506 μέρει
818 2437 915 2500 τῆς
961 2429 1226 2508 κεφαλῆς,
1259 2428 1390 2504 ὅπερ
1440 2426 1671 2485 κότυλον
1721 2431 1917 2502 ὀνομά-

264 2528 434 2591 ζεται,
467 2520 557 2574 καὶ
584 2519 637 2573 ἐν
685 2525 804 2582 ταῖς
857 2517 1164 2594 βασιλικαῖς
1195 2518 1412 2596 φλεψίν.
1449 2522 1531 2574 Ἐν
1577 2519 1789 2581 τούτοις
1824 2519 1914 2574 οὖν

258 2615 380 2672 τοῖς
410 2610 554 2682 τρισὶ
607 2608 792 2684 μέρεσι
839 2613 1082 2662 κατοικεῖ
1110 2611 1144 2677 ἡ
1178 2610 1354 2683 ψυχή.
1401 2609 1496 2662 Διά
1543 2613 1704 2663 τοῦτο
1754 2611 1820 2677 ἣν
1855 2608 1913 2662 ἂν

260 2698 407 2774 ὥραν
466 2702 654 2772 τρωθῇ
707 2699 740 2766 ἡ
791 2694 1004 2772 καρδία,
1036 2698 1070 2765 ἢ
1105 2696 1162 2751 ἐκ
1209 2699 1309 2762 τῆς
1369 2696 1658 2773 βασιλικῆς
1715 2693 1914 2775 φλεϐὸς

256 2791 402 2859 αἷμα
455 2787 614 2863 pedem
662 2784 830 2858 πολὺ,
871 2788 906 2855 ἢ
956 2787 988 2854 ἠ
1038 2784 1248 2863 κεφαλὴ
1300 2789 1538 2861 κρουσθῇ
1591 2789 1678 2841 καὶ
1727 2789 1912 2860 τμηθῇ

259 2879 367 2932 ὑπό
424 2877 610 2953 ξίφους
647 2919 661 2946 ,
721 2873 988 2949 παρευθὺς
1045 2874 1337 2949 χωρίζεται
1413 2879 1509 2929 τοῦ
1567 2876 1818 2948 σώματος

253 2967 438 3042 ψυχὴ,
474 2966 562 3019 καὶ
594 2965 782 3039 νεκρὸν
813 2965 875 3017 τὸ
907 2967 1066 3035 σῶμα
1115 2963 1432 3038 εὔρίσκεται.
1486 2969 1826 3019 Κατοικοῦσα
1857 2962 1913 3019 δὲ

251 3058 286 3125 ἦ
323 3055 485 3130 ψυχὴ
519 3053 572 3108 ὲν
603 3059 723 3115 τοῖς
751 3052 896 3128 τρισὶ
924 3051 1140 3112 τούτοις
1173 3054 1408 3126 μέρεσιν,
1441 3052 1558 3125 ὅλῳ
1586 3058 1667 3125 τῷ
1698 3054 1909 3126 σώματι

253 3141 592 3217 μεταδίδωσι
621 3144 720 3211 τῆς
750 3141 951 3203 οἰκείας
985 3145 1218 3210 ζωτικῆς
1248 3139 1549 3215 δυνάμεως.

2035 568 2084 621 si
2117 584 2231 622 non
2274 567 2487 623 habeat
2516 568 2584 621 ci!
2617 585 2734 638 um,
2769 570 2840 622 ab
2871 568 3056 641 ignita
3085 570 3283 626 anima
3316 588 3684 646 accensa,pe-

2035 653 2196 708 nitus
2229 654 2447 710 interit.

2106 743 2268 808 Quod
2304 745 2352 798 si
2375 743 2692 815 aliquando
2722 745 2793 800 de
2824 745 3021 800 anima
3065 747 3288 802 dubitet
3340 748 3576 821 aliquis,
3612 752 3684 806 ab

2033 830 2162 901 ipso
2193 847 2386 902 quaere
2420 849 2432 886 :
2469 833 2616 887 Num
2653 835 2850 889 anima
2895 835 3150 891 hominis
3181 837 3238 890 in
3290 841 3410 892 toto
3440 855 3683 911 corpore

2033 923 2140 982 est,
2172 919 2260 975 vel
2293 921 2351 974 in
2384 937 2500 976 uno
2531 919 2727 992 aliquo
2760 923 2882 978 loco
2905 924 2932 976 ‘I
2980 923 3048 977 Et
3080 924 3127 978 si
3181 925 3237 979 in
3288 930 3408 981 toto
3441 943 3682 999 corpore

2034 1009 2383 1079 respondeat
2412 1009 2671 1064 animam
2704 1026 2853 1077 esse,
2888 1011 3184 1084 interroga
3217 1030 3228 1068 :
3258 1015 3558 1077 Quomodo
3605 1017 3678 1072 ab

2033 1095 2219 1152 scissa
2250 1113 2448 1168 manu,
2482 1097 2568 1152 vel
2604 1099 2766 1168 pede,
2797 1115 2910 1154 non
2962 1100 3328 1156 abscinditur
3371 1104 3586 1174 anima,
3621 1109 3678 1161 et

2034 1183 2224 1240 adhuc
2254 1185 2398 1240 vivit
2445 1186 2637 1252 homo,
2678 1203 2744 1240 ac
2793 1188 3053 1243 nondum
3105 1190 3388 1244 moritur?
3433 1193 3594 1255 Quod
3627 1193 3674 1248 si

2033 1273 2208 1341 dicat,
2242 1275 2300 1328 in
2332 1278 2495 1345 parte
2525 1274 2721 1346 aliqua
2750 1275 3010 1331 animam
3044 1293 3192 1344 esse,
3227 1295 3434 1334 rursus
3459 1296 3673 1350 quare:

2033 1361 2294 1425 Quonam
2317 1367 2481 1435 pacto
2499 1363 2756 1418 hominis
2778 1363 2905 1420 aliae
2929 1370 3123 1436 partes
3146 1383 3274 1422 esse
3297 1373 3520 1439 queunt
3543 1371 3675 1426 abs-

2033 1466 2147 1522 que
2176 1452 2457 1518 anima,et
2485 1453 2774 1523 quomodo
2797 1455 3124 1509 membrum
3153 1456 3539 1513 inanimatum
3576 1459 3676 1515 ha-

2033 1540 2168 1595 bere
2200 1541 2384 1613 possit
2413 1542 2587 1597 homo
2610 1542 2636 1596 ?
2668 1543 2807 1597 Item
2837 1545 3132 1614 quomodo
3182 1545 3457 1616 possibile
3487 1546 3563 1602 sit
3591 1549 3678 1602 vi-

2033 1645 2165 1685 vere
2195 1631 2321 1686 sine
2352 1631 2549 1686 anima
2577 1631 2605 1685 ‘I
2633 1631 2778 1686 Nam
2813 1631 3100 1704 quidquid
3135 1635 3394 1690 animam
3427 1652 3540 1691 non
3575 1636 3675 1692 ha-

2034 1719 2149 1784 bet,
2184 1725 2481 1776 mortuum
2513 1725 2621 1776 est.
2655 1721 2806 1776 Sane
2836 1722 3028 1777 nescis
3051 1722 3189 1792 quid
3222 1723 3403 1779 dicas.
3438 1726 3555 1796 Ego
3578 1741 3680 1781 veo

2033 1808 2557 1881 tibidicam,quain
2583 1811 3076 1881 parte,quomodo
3091 1817 3145 1866 et
3165 1812 3319 1866 utibi
3347 1813 3678 1884 requiescat

2031 1897 2176 1953 201
2215 1899 2413 1954 anima
2457 1900 2515 1954 In
2549 1898 2740 1954 tribus
2792 1897 2936 1954 locis
2986 1901 3246 1971 corporis
3277 1918 3445 1958 suam
3498 1903 3677 1959 habet

2031 1988 2246 2041 sedem.
2274 1988 2342 2041 Et
2373 1988 2542 2043 sicuti
2575 1989 2715 2044 solis
2747 1989 2945 2044 radius
2974 2007 3159 2044 unum
3184 1990 3442 2062 aliquem
3477 1990 3672 2049 locum

2029 2081 2294 2147 occupat,
2326 2083 2383 2132 et
2410 2077 2466 2132 in
2500 2078 2741 2133 domum
2770 2084 3054 2149 penetrat,
3087 2079 3381 2136 illuminat
3423 2098 3556 2137 vero
3587 2087 3671 2137 to-

2029 2168 2148 2219 tam
2180 2166 2419 2220 domum
2456 2183 2468 2221 :
2503 2166 2587 2221 sic
2617 2166 2814 2222 anima
2845 2183 3074 2239 quoque
3096 2168 3153 2221 in
3177 2168 3365 2224 tribus
3397 2168 3527 2225 istis
3549 2186 3672 2240 par-

2027 2253 2188 2308 tibus
2219 2254 2478 2325 corporis
2510 2255 2792 2325 residens,
2811 2260 2994 2311 totam
3027 2257 3292 2325 domum,
3316 2274 3550 2329 corpus,
3583 2259 3671 2314 vi-

2027 2341 2236 2397 vificat.
2273 2343 2457 2398 Habet
2494 2347 2689 2398 autem
2720 2344 2918 2399 anima
2949 2345 3145 2400 sedem
3182 2362 3350 2401 suam
3386 2348 3442 2401 in
3476 2349 3668 2416 corde,

2028 2431 2084 2484 in
2119 2431 2421 2503 posteriori
2455 2436 2615 2502 parte
2646 2432 2875 2504 capitis,
2911 2450 3038 2504 quas
3070 2451 3209 2490 cava
3240 2440 3497 2503 vocatur,
3526 2438 3662 2492 etin

2029 2519 2287 2575 basilicis
2317 2521 2498 2576 venis.
2534 2521 2593 2575 In
2627 2521 2756 2576 istis
2787 2521 2964 2593 igitur
2995 2521 3182 2577 tribus
3206 2525 3470 2594 partibus
3502 2525 3671 2582 habi-

2029 2614 2113 2664 tat
2143 2610 2355 2664 anima.
2391 2610 2654 2681 Quare,si
2680 2627 2776 2665 cor
2805 2609 3164 2679 vulneretur,
3198 2617 3298 2667 aut
3327 2630 3390 2668 ex
3427 2614 3671 2671 basilica

2025 2715 2171 2754 vena
2202 2699 2456 2754 multum
2491 2701 2796 2772 sanguinis
2829 2700 3050 2770 efﬂuat,
3067 2706 3168 2757 aut
3197 2701 3246 2756 si
3277 2709 3453 2774 caput
3486 2705 3669 2759 caeda-

2026 2793 2142 2853 tur,
2189 2787 2274 2842 vel
2311 2786 2502 2860 gladio
2548 2793 2795 2858 secetur,
2846 2790 3042 2845 statim
3082 2807 3116 2845 a
3165 2807 3405 2862 corpore
3455 2791 3672 2847 recedit

2025 2877 2242 2944 anima,
2296 2882 2353 2932 et
2399 2883 2695 2933 mortuum
2747 2895 2958 2949 corpus
3011 2879 3380 2951 relinquitur.
3426 2881 3488 2936 In
3536 2881 3666 2936 istis

2024 2984 2194 3039 porro
2225 2967 2413 3022 tribus
2446 2967 2710 3038 partibus
2742 2969 2939 3023 anima
2978 2969 3177 3024 sedem
3210 2969 3454 3037 habens,
3489 2971 3550 3024 in
3580 2975 3666 3026 to-

2022 3060 2148 3111 tum
2183 3072 2394 3128 corpus
2417 3056 2654 3112 vitalem
2688 3073 2857 3112 suam
2891 3057 3212 3130 potentiam
3245 3058 3572 3114 distribuit.

1695 3408 2140 3498 MONITU
2157 3410 2242 3499 M

1024 3589 1101 3648 IN
1147 3587 1587 3659 SEQUENTIA
1643 3589 1742 3648 AD
1789 3589 2253 3652 ANTIOCHUM
2304 3591 2568 3652 DUCEM
2616 3591 2898 3652 OPERA.

323 3893 366 3944 I.
401 3885 729 3943 Antiochum
755 3884 1052 3957 quemdam
1081 3884 1372 3941 Athanasii
1400 3902 1536 3952 aevo,
1568 3887 1786 3958 ipsique
1818 3886 2120 3943 Athanasio
2167 3888 2546 3957 familiarem,
2589 3889 2862 3943 exstitisse
2893 3888 3080 3958 palam
3127 3895 3205 3942 est
3234 3902 3303 3942 ex
3330 3888 3556 3958 epistola
3587 3889 3659 3944 ad

242 3980 522 4034 Joannem
551 3981 604 4032 et
634 3975 964 4030 Antiochum
992 3990 1125 4029 cusa
1153 3979 1283 4030 tom.
1317 3975 1340 4029 I
1369 3977 1548 4044 [nunc
1579 3980 1619 4030 t.
1656 3976 1750 4046 II],
1780 3993 1834 4046 p.
1867 3977 1993 4030 763.
2030 3977 2134 4044 Qui
2160 3977 2438 4048 presbyter
2469 3979 2600 4032 item
2647 3978 2776 4045 fuit,
2824 3980 2881 4030 ut
2929 3975 3223 4031 Antiochus
3269 3975 3359 4030 hic
3383 3974 3670 4047 presbyter

244 4068 551 4123 ordinatus
581 4067 755 4136 fuisse
782 4069 1126 4120 memoratur
1152 4066 1410 4133 inferius.
1447 4068 1642 4134 Quare
1668 4065 1765 4119 ille
1799 4066 2051 4135 fortassis
2082 4067 2374 4120 Antiochus
2400 4065 2702 4136 presbyter,
2735 4066 2942 4120 occasio
2987 4067 3099 4135 fuit
3144 4073 3203 4119 ut
3250 4066 3471 4119 nomine
3502 4063 3668 4120 Atha-

243 4157 405 4210 nasii
458 4155 619 4209 varia
647 4153 941 4210 ederentur
967 4169 1154 4225 opera,
1182 4153 1253 4208 ad
1309 4152 1662 4208 Antiochum
1693 4156 2032 4224 nuncupata.
2070 4152 2171 4208 Sed
2199 4155 2310 4208 sive
2341 4155 2450 4208 ista
2479 4155 2594 4207 sive
2623 4153 2738 4206 alia
2786 4155 3060 4208 occasione
3096 4154 3407 4223 conscripta
3458 4153 3675 4222 fuerint

250 4244 533 4316 ejusmodi
561 4259 746 4315 opera,
770 4244 960 4315 palam
990 4250 1072 4298 est
1103 4257 1450 4315 nequaquam
1483 4243 1778 4297 Athanasii
1808 4241 1922 4298 illa
1951 4258 2066 4297 esse
2092 4258 2112 4302 ;
2143 4242 2240 4297 sed
2278 4243 2506 4297 alterius
2536 4242 2826 4313 scriptoris
2859 4242 3168 4297 Athanasio
3195 4247 3357 4297 atate
3388 4243 3673 4313 in/erioris

248 4335 484 4402 ingenio
516 4335 673 4404 longe
706 4335 955 4404 imparis.

323 4422 396 4476 II.
429 4421 514 4475 Ea:
545 4422 724 4475 tribus
752 4421 906 4476 hisce
937 4420 1283 4488 tractatibus,
1318 4419 1385 4474 ad
1409 4419 1759 4475 Antiochum
1794 4421 2099 4491 inscriptis,
2132 4419 2236 4474 duo
2259 4421 2491 4490 priores,
2524 4419 2729 4474 scilicet
2781 4419 3057 4475 Doctrina
3105 4420 3175 4474 ad
3209 4418 3582 4487 Antiochum,
3617 4423 3670 4474 et

245 4508 402 4565 illud
432 4509 504 4564 ad
527 4509 854 4581 Antiochum
880 4509 1226 4580 opusculum,
1257 4507 1505 4563 nondum
1533 4508 1668 4563 editi
1695 4513 1946 4578 /uerant.
1981 4510 2061 4564 An
2090 4525 2212 4564 vero
2245 4509 2357 4562 tria
2389 4509 2492 4562 illa
2513 4509 2773 4579 opuscula
2801 4507 3049 4578 ejusdem
3095 4509 3377 4579 scriptoris
3405 4511 3536 4577 sint,
3572 4509 3674 4561 mi-

248 4601 406 4654 nime
433 4603 700 4659 constat;
731 4612 840 4652 non
871 4598 1107 4652 multum
1136 4605 1321 4652 tamen
1361 4596 1622 4651 absimite
1651 4601 1730 4651 est
1764 4598 2030 4652 orationis
2067 4613 2259 4666 genus.
2314 4597 2583 4652 Cmterum
2619 4597 2847 4668 antiqua
2894 4601 3022 4651 sunt
3051 4613 3113 4651 ea
3161 4599 3371 4666 omnia,
3403 4613 3537 4652 nam
3566 4596 3673 4651 duo

249 4688 476 4759 quidem
502 4689 715 4759 priora,
749 4703 818 4742 ea:
846 4688 1092 4757 antiquis
1115 4688 1503 4757 manuscriptis
1540 4688 1782 4742 mutuati
1810 4703 1998 4742 sumus
2020 4703 2042 4747 ;
2072 4689 2402 4756 quaestiones
2430 4701 2552 4741 vero
2585 4685 2653 4740 ad
2685 4685 3034 4752 Antiochum,
3059 4685 3126 4739 ab
3156 4685 3436 4756 Ano—nymo
3463 4687 3677 4740 Raven-

247 4785 382 4832 nate
411 4778 661 4848 septimi,
690 4775 777 4831 vel
808 4780 867 4830 ut
895 4775 1000 4830 alii
1026 4779 1247 4846 putant,
1278 4776 1547 4846 sequioris
1575 4775 1784 4841 saeculi,
1816 4775 1962 4830 edito
1987 4792 2085 4846 per
2129 4777 2188 4831 D.
2254 4775 2552 4830 Placidum
2594 4775 2901 4830 Porcheron
2965 4773 3289 4844 laudantur,
3350 4775 3463 4829 loco
3520 4774 3675 4844 infra

247 4863 515 4919 notando.
547 4863 884 4932 Quasliones
911 4878 1071 4933 porro
1114 4863 1242 4916 illas
1272 4861 1341 4916 ad
1368 4861 1694 4918 Antiochum
1718 4871 1986 4933 postremo
2017 4865 2133 4918 loco
2150 4863 2428 4934 ponimus,
2462 4877 2532 4916 ne
2571 4863 2929 4933 sejungamus
2961 4879 2992 4916 a
3031 4863 3246 4918 caeteris
3275 4860 3676 4931 quaestionibus

247 4967 382 5025 qua
410 4952 481 5007 ad
508 4951 837 5008 Antiochum
865 4952 1094 5007 minime
1132 4951 1526 5006 inscribuntur.
1564 4955 1646 5006 De
1676 4953 1914 5022 singulis
1944 4952 2191 5023 quaedam
2219 4951 2609 5024 pertractanda
2640 4951 2800 5006 nobis
2829 4955 2978 5006 sunt.

328 5041 431 5098 III.
463 5045 756 5096 Domuum
791 5058 864 5096 AD
898 5046 1246 5096 An'nocnnm
1287 5057 1505 5106 DUCEM,
1536 5040 1694 5096 otiosi
1740 5042 1980 5096 hominis
2016 5051 2405 5111 commentum,
2453 5045 2512 5094 ut
2551 5055 2708 5095 nemo
2761 5055 2868 5094 non
2918 5039 3078 5094 videt.
3112 5055 3171 5095 eo
3220 5045 3410 5094 tamen
3445 5041 3677 5095 nomine

249 5134 493 5204 prstiosa
524 5136 578 5184 et
602 5129 1042 5188 commendanda
1073 5135 1171 5198 est,
1203 5129 1344 5202 quod
1372 5146 1634 5200 magnam
1683 5131 1821 5185 libri
1863 5131 2119 5186 Pastoris
2166 5134 2402 5202 partem,
2432 5131 2589 5196 cuius
2638 5127 2827 5184 Graeca
2873 5128 3096 5193 iamdiu
3148 5131 3437 5196 interiere,
3492 5127 3678 5185 Graece

250 5221 416 5276 nobis
440 5219 698 5275 exhibeat
729 5239 747 5275 :
775 5224 828 5275 et
857 5220 1078 5292 quidem
1110 5221 1184 5274 ita
1203 5235 1424 5291 puram,
1458 5221 1537 5275 ita
1566 5221 1778 5275 Latinis
1809 5221 2025 5276 Hermae
2072 5219 2331 5274 Pastoris
2361 5234 2676 5287 consonam,
2726 5226 2785 5272 ut
2813 5217 2882 5272 ad
2913 5228 3134 5274 verbum
3183 5233 3252 5274 ea:
3297 5234 3357 5274 eo
3405 5223 3465 5272 ut
3493 5217 3679 5289 pluri-

250 5326 417 5365 mum
441 5309 772 5380 descriptam
802 5325 934 5376 esse,
957 5311 1312 5380 conspicuum
1341 5310 1436 5364 sit.
1482 5310 1676 5364 Primo
1706 5325 1944 5380 namque
1992 5311 2230 5380 scriptor
2264 5312 2365 5364 iste
2411 5308 2741 5362 Antiochum
2779 5308 2936 5362 nobis
2986 5312 3347 5379 repraesentat
3385 5306 3682 5362 adeuntem

243 5400 315 5471 S,
346 5400 722 5456 Athanasium
755 5398 1099 5468 inﬁrmitatis
1127 5414 1395 5470 corporea:
1424 5414 1592 5453 causa
1619 5415 1638 5452 :
1670 5403 1731 5452 ut
1762 5415 1871 5453 una
1898 5398 2153 5469 precibus
2179 5398 2294 5451 suis
2324 5397 2458 5452 levet
2504 5395 2916 5466 zyritudinem,
2950 5405 3001 5451 et
3051 5398 3273 5452 monitis
3322 5399 3468 5452 viam
3519 5400 3681 5468 paret

247 5487 326 5545 ad
351 5490 760 5560 paenitentiam.
788 5488 928 5544 Huic
955 5489 1284 5544 Athanasius
1312 5490 1561 5544 sanitate
1587 5489 1866 5558 restituto,
1897 5487 2177 5543 duodecim
2222 5486 2488 5542 mandata
2523 5486 2699 5541 tradit
2729 5502 2746 5539 :
2769 5500 2894 5556 quae
2923 5486 3070 5541 nihil
3118 5489 3246 5541 sunt
3287 5485 3465 5554 aliud,
3514 5501 3682 5556 quam

250 5576 550 5634 duodecim
578 5575 689 5631 illa
722 5575 943 5633 Hermae
970 5576 1228 5633 Pastoris
1254 5577 1571 5643 mandata,,
1604 5576 1800 5646 quibus
1838 5585 2045 5632 constat
2077 5576 2218 5631 liber
2262 5575 2556 5630 secundus.
2606 5574 2691 5628 Ita
2740 5577 2925 5630 tamen
2970 5578 3029 5630 ut
3078 5590 3192 5632 non
3224 5574 3440 5645 integra
3467 5588 3682 5644 semper

250 5667 353 5724 sed
383 5665 713 5739 quibusdam
746 5665 1012 5738 ademptis
1041 5667 1264 5738 afferat.
1296 5664 1504 5722 Deinde
1530 5665 1709 5721 multa
1737 5666 1856 5723 alia
1880 5681 1950 5723 ex
1979 5664 2168 5724 eodem
2199 5666 2341 5721 libro
2373 5665 2501 5721 hinc
2549 5663 2677 5720 inde
2719 5672 3059 5720 consuuntur
3087 5681 3105 5720 :
3137 5679 3200 5719 ac
3239 5667 3512 5736 postremo
3549 5677 3675 5717 ma-

590 5796 852 5858 ΡΑτειοι..
903 5795 1011 5856 Gn.
1061 5794 1332 5857 XXVIII.

3286 5791 3359 5847 18
