4108 6210
395 314 513 371 555
1558 314 1620 372 s.
1666 311 2185 374 ATHANASIUS.
2213 343 2289 354 —
2317 312 2630 375 SPURIA.
2775 293 2778 296 ’
3682 317 3805 378 sse

395 462 569 515 gnam
599 449 650 500 et
674 445 953 513 prolixam
983 447 1211 500 enarrat
1240 443 1491 499 Antiochi
1519 446 1802 512 visionem,
1836 460 2000 515 quam
2029 443 2156 498 item
2187 460 2256 499 ex
2287 446 2446 500 tertio
2466 445 2710 500 Pastoris
2740 445 2881 502 libro
2912 445 2981 502 ad
3009 445 3232 502 verbum
3258 451 3542 503 mutuatus
3565 457 3664 504 est.
3698 449 3807 505 Hoc

391 535 576 605 itaque
606 533 950 604 opusculum,
985 533 1111 587 licet
1130 535 1315 604 prima
1341 536 1522 603 fronte
1550 548 1620 586 ne
1649 531 1812 605 ﬂocci
1841 533 2060 604 quidem
2087 532 2416 600 faciendum
2445 533 2963 600 videatur,maximi
2992 539 3176 589 tamen
3203 543 3285 590 est
3312 539 3806 609 momenti,quippe

390 639 514 676 cum
544 624 678 677 libri
706 625 862 678 illius
892 613 1254 693 apostolorum
1282 636 1400 678 aevo
1432 621 1588 690 editi,
1620 626 1670 675 et
1699 639 1731 675 a
1757 626 1836 676 tot
1887 622 2150 676 Patribus
2180 638 2278 676 nec
2323 624 2444 677 sine
2485 621 2651 676 laude
2691 625 3005 694 memorati,
3051 625 3235 679 multa
3263 630 3317 680 et
3359 625 3586 696 prolixa
3641 628 3802 681 nobis

389 716 702 782 fragmenta
731 711 1046 782 suppeditet.
1074 710 1244 764 Probo
1273 711 1440 780 igitur
1470 710 1701 765 consilio
1731 723 2086 780 quacumque
2113 710 2402 765 Athanasii
2426 712 2652 765 nomine
2683 712 2741 766 in
2779 714 3177 783 manuscriptis
3204 715 3683 784 circumferuntur
3710 716 3806 770 edi

393 802 707 856 curavimus
729 817 749 861 ;
780 816 910 854 nam
939 801 1010 863 si,
1041 800 1126 854 uti
1153 798 1461 854 suadebant
1485 799 1767 864 nonnulli,
1797 815 1862 853 ea
1889 799 2082 854 omnia
2111 799 2512 870 abjecissemus,
2544 815 2670 871 quae
2698 801 2766 853 ab
2795 803 3070 872 imperitis
3120 803 3630 875 inelegantibusque
3654 805 3802 858 scri-

388 890 640 959 ptoribus
669 889 969 944 Athanasii
997 889 1220 943 nomine
1246 890 1542 958 composita
1582 891 1778 954 essent,
1811 888 1909 942 hoc
1935 889 2257 954 opusculum
2292 889 2474 958 prima
2520 890 2704 958 fronte
2752 889 3101 960 repudiaturi
3148 906 3391 953 eramus,
3443 907 3571 946 cum
3598 892 3799 946 multis

392 978 521 1032 aliis
540 994 773 1050 quorum
802 977 1020 1031 nullum
1048 993 1152 1031 sua
1179 980 1328 1030 caret
1356 976 1620 1030 utilitate.
1671 977 1732 1030 In
1761 992 1888 1030 mss.
1938 977 2165 1046 antiquo
2212 976 2474 1032 Ecclesiae
2519 979 2994 1043 Carcassonensis,
3033 978 3127 1033 hic
3170 982 3436 1034 tractatus
3487 982 3569 1034 sic
3593 983 3799 1038 inscri-

386 1073 516 1137 ptus
537 1075 616 1122 est
645 1085 664 1121 :
695 1067 908 1137 Incipit
934 1065 1199 1121 doctrina
1227 1068 1284 1119 et
1314 1064 1596 1135 expositio
1618 1063 1928 1120 Athanasii
1960 1063 2171 1134 sancti,
2203 1063 2605 1120 Alexandrinas
2639 1065 2888 1122 civitatis
2928 1066 3206 1138 episcopi.
3262 1066 3365 1123 Sed
3409 1067 3610 1124 codicis
3640 1070 3800 1124 illius

392 1155 549 1211 nobis
579 1159 734 1226 copia
764 1172 874 1211 non
903 1163 1002 1210 est.

475 1248 568 1302 IV.
605 1245 942 1316 Opusculum
971 1243 1122 1298 aliud
1151 1243 1526 1313 subsequitur,
1558 1257 1632 1295 Α»
1671 1257 2002 1296 ANTIOCHUM
2049 1251 2447 1312 nuncupatum,
2478 1243 2617 1312 stylo
2665 1239 2880 1316 χυδαίῳ
2929 1249 2979 1299 et
3023 1259 3225 1314 parum
3271 1245 3506 1316 eleganti
3555 1249 3799 1302 conscri-

397 1349 574 1412 ptum,
608 1339 666 1390 in
697 1350 801 1404 quo
831 1336 1162 1402 postremum
1191 1334 1287 1387 Dei
1307 1331 1608 1402 judicium,
1641 1333 1691 1385 et
1719 1333 1878 1385 varia
1907 1332 2119 1401 inferni
2146 1332 2421 1402 supplicia
2449 1333 2641 1388 multis
2668 1336 3027 1388 enarrantur.
3077 1335 3248 1402 Quem
3294 1335 3589 1391 Athadasio
3621 1339 3797 1392 ascri-

397 1431 522 1486 bere
549 1441 620 1481 ne
636 1424 958 1495 cogitaverit
988 1421 1211 1494 quidem
1243 1423 1541 1492 quispiam,
1567 1425 1784 1475 tantum
1811 1420 2022 1475 scilicet
2051 1421 2126 1476 ab
2157 1421 2263 1475 illa
2292 1421 2584 1476 Athanasii
2611 1418 2847 1495 ἐνεργείᾳ
2874 1426 2926 1477 et
2955 1421 3236 1493 elegantia
3263 1424 3532 1481 abhorret.

461 1517 532 1572 V.
565 1515 740 1571 Tertio
770 1514 1061 1568 occurrunt
1091 1511 1463 1573 Ουίεετιοινεε
1503 1526 1574 1564 AD
1604 1511 1950 1564 ANTIOCHUM
2005 1525 2121 1579 quae
2142 1509 2371 1579 jamdiu
2420 1512 2588 1572 inter,
2620 1512 2908 1566 Athanasii
2947 1511 3094 1566 edita
3141 1517 3472 1584 comparent,
3525 1529 3623 1570 nec
3668 1518 3791 1586 pri-

389 1624 560 1673 mum,
595 1609 655 1659 ut
669 1605 794 1674 jam
823 1605 1042 1657 exstant
1072 1603 1390 1672 compositx
1434 1603 1565 1654 sunt
1591 1616 1609 1652 :
1641 1599 1732 1654 sed
1762 1615 1888 1654 cum
1930 1601 2216 1670 pauciores
2259 1615 2486 1655 numero
2526 1600 2661 1655 olim
2704 1603 2920 1670 fuerint
2953 1617 2968 1657 :
3000 1618 3101 1659 nec
3123 1603 3308 1674 plures
3338 1603 3408 1659 35
3439 1605 3499 1659 in
3525 1604 3800 1660 veteribus

389 1698 600 1753 Latinis
628 1692 806 1756 editis,
838 1695 892 1746 et
921 1693 981 1746 in
1011 1689 1338 1761 quibusdam
1367 1689 1778 1758 manuscriptis,
1823 1689 1884 1742 in
1905 1689 2041 1743 aliis
2068 1704 2198 1745 vero
2229 1689 2316 1743 41.
2341 1691 2465 1746 Jam
2494 1698 2716 1745 exstant
2759 1707 2914 1745 num.
2964 1691 3085 1759 136,
3137 1691 3402 1748 librariis
3452 1709 3618 1750 novas
3647 1709 3800 1764 qua-

385 1788 587 1842 stiones
615 1797 826 1853 semper
855 1779 1182 1835 addentibus
1203 1797 1220 1833 :
1252 1777 1396 1833 unde
1423 1778 1485 1847 ﬁt
1514 1782 1574 1832 ut
1603 1777 1808 1832 codices
1838 1777 2073 1833 multum
2103 1778 2255 1832 inter
2282 1794 2340 1832 se
2369 1781 2606 1834 varient.
2639 1784 2806 1835 Porro
2835 1781 3188 1851 conspicuum
3220 1780 3391 1852 plane
3417 1791 3500 1838 est
3529 1783 3623 1838 has
3647 1797 3801 1854 que-

385 1878 581 1931 stiones
609 1888 718 1927 non
745 1886 859 1925 esse
889 1867 1204 1934 Athanasii,
1237 1866 1327 1921 sed
1351 1864 1656 1922 nonnullas
1689 1881 1756 1920 ex
1785 1866 1955 1920 variis
1986 1867 2305 1921 auctoribus
2336 1866 2465 1921 hinc
2495 1867 2622 1923 inde
2648 1872 2932 1939 excerptas
2973 1870 3166 1939 fuisse,
3197 1869 3339 1925 alias
3386 1886 3420 1924 a
3447 1872 3617 1926 variis
3651 1873 3797 1927 seri-

382 1963 636 2036 moribus
667 1959 1032 2030 compositas:
1067 1955 1193 2011 inde
1219 1957 1447 2026 factum,
1480 1963 1540 2009 ut
1570 1955 1778 2024 aliqua
1806 1957 2018 2010 exstent
2046 1954 2180 2010 aliis
2211 1957 2645 2021 prsestantiores,
2697 1957 3187 2028 elegantioresque,
3233 1975 3336 2013 nec
3382 1959 3627 2030 indignae
3673 1976 3798 2032 quae

389 2054 665 2124 legantur.
696 2051 806 2104 Imo
836 2063 908 2102 ex
957 2048 1076 2117 ipso
1116 2044 1414 2100 Athanasio
1464 2043 1715 2114 quadam
1761 2044 1866 2097 huc
1907 2044 2180 2098 translata
2231 2044 2728 2114 deprehenduntur.
2780 2050 2889 2102 Pro
2926 2048 3198 2116 facultate
3237 2063 3336 2104 nos
3382 2050 3673 2120 scriptores
3719 2049 3802 2106 ad

384 2143 697 2212 marginem
725 2137 1112 2194 adnotavimus
1141 2133 1283 2189 unde
1303 2133 1420 2188 illa:
1449 2137 1716 2204 excerptas
1761 2135 1910 2187 sunt.
1941 2135 2078 2188 Hinc
2125 2133 2295 2203 liquet
2343 2135 2482 2189 alias
2528 2150 2638 2190 esse
2686 2136 2815 2190 aliis
2842 2137 3204 2207 antiquiores,
3244 2140 3333 2192 uti
3362 2140 3489 2210 jam
3524 2139 3798 2194 diximus.

388 2231 544 2300 Quod
572 2244 696 2284 vero
722 2227 982 2283 nonnulli
1008 2223 1218 2285 νοθείας
1248 2227 1632 2294 argumentum
1661 2240 1732 2278 ex
1761 2239 1820 2278 eo
1851 2231 2177 2278 mutuantur
2206 2223 2356 2293 quod
2383 2225 2563 2294 aliqui
2591 2225 2801 2289 Patres,
2837 2225 3146 2280 Athanasio
3185 2235 3352 2284 aetate
3382 2229 3672 2299 inferiores
3703 2227 3800 2284 hic

386 2321 782 2379 memorentur,
812 2331 923 2369 non
951 2315 1097 2368 tanti
1126 2320 1205 2367 est
1238 2313 1543 2366 momenti?
1571 2327 1694 2365 cum
1725 2311 1971 2366 videlicet
2019 2327 2083 2366 ea
2133 2311 2246 2366 loca
2289 2312 2487 2381 quibus
2535 2313 2854 2383 afferuntur
2894 2313 2984 2366 illi
3014 2314 3221 2381 Patres,
3277 2317 3335 2369 in
3390 2318 3799 2386 antiquissimis

387 2409 666 2466 codicibus
696 2421 802 2461 non
835 2407 1064 2459 exstent.
1107 2403 1299 2458 Verum
1331 2401 1563 2456 aliunde
1592 2401 1711 2455 luce
1739 2401 1956 2456 clarius
1987 2403 2441 2455 commonstratur
2469 2418 2582 2455 non
2612 2417 2728 2457 esse
2751 2402 2882 2457 illas
2932 2402 3247 2472 Athanasii,
3300 2406 3354 2458 1°
3395 2422 3468 2460 ex
3514 2407 3797 2460 orationis

387 2515 602 2573 genere,
637 2497 887 2566 impolita
916 2505 967 2550 et
997 2495 1314 2564 ineleganti,
1356 2501 1415 2548 ut
1455 2493 1768 2563 plurimum
1798 2492 1989 2546 saltem
2021 2509 2039 2546 :
2071 2508 2198 2546 nam
2237 2492 2345 2546 sibi
2371 2493 2548 2563 stylus
2577 2494 2810 2548 minime
2855 2497 3086 2562 constat,
3138 2496 3270 2565 quia
3311 2496 3494 2551 multa
3524 2511 3592 2551 ex
3619 2498 3800 2552 variis

386 2587 750 2659 scriptoribus
781 2586 952 2639 tacito
982 2583 1468 2651 nomineexcerpta
1497 2589 1666 2641 sunt;
1695 2580 1754 2632 2ο
1784 2595 1854 2634 ex
1896 2582 2058 2650 nugis
2104 2580 2474 2650 compluribus
2505 2595 2635 2650 quas
2668 2582 2896 2652 quisque
2940 2583 3107 2653 facile
3144 2583 3630 2640 animadversum
3676 2595 3794 2647 est;

384 2679 443 2732 3°
470 2693 539 2734 ex
562 2676 631 2731 iis
661 2688 784 2746 quae
811 2673 878 2728 de
908 2671 1242 2742 imaginibus
1272 2684 1569 2740 eorumque
1598 2669 1749 2724 cultu
1779 2668 2044 2723 dicuntur
2072 2685 2226 2724 num.
2258 2669 2345 2722 39.
2379 2670 2536 2736 Nam,
2569 2671 2694 2725 licet
2723 2672 2949 2727 Eusebio
2981 2675 3114 2727 teste
3136 2674 3494 2743 plurimi,suo
3525 2679 3794 2746 tempore,

386 2766 757 2835 apostolorum
787 2762 1054 2832 imagines
1081 2759 1318 2831 depictas
1343 2757 1486 2829 apud
1504 2773 1558 2814 se
1586 2773 1710 2812 cum
1739 2758 1939 2812 honore
1968 2757 2286 2822 retinerent,
2318 2773 2426 2813 non
2459 2760 2539 2813 ita
2564 2761 2822 2830 frequens
2850 2764 2981 2816 tunc
3009 2762 3317 2832 imaginum
3355 2771 3480 2818 erat
3523 2779 3674 2819 usus.
3707 2767 3794 2820 Ex

385 2855 585 2911 multis
613 2853 849 2922 denique
876 2851 1004 2905 aliis
1034 2865 1151 2921 quae
1193 2847 1440 2920 proferre
1487 2862 1597 2902 non
1645 2848 1816 2911 iuvat,
1863 2862 1932 2901 ne
1978 2847 2341 2917 apertissime
2385 2849 2469 2902 rei
2509 2849 2936 2919 comprobanda."
2959 2849 3165 2906 diutius
3198 2865 3356 2922 aequo
3405 2854 3790 2910 immoremur.

387 2945 678 3010 Cazterum,
711 2940 850 3011 quod
897 2941 1100 3011 spectat
1147 2939 1478 3009 quaestiones
1506 2937 1575 2989 30
1604 2936 1695 3003 31,
1726 2935 1792 2989 de
1821 2935 2052 3006 angelis,
2085 2951 2206 3006 qux
2237 2938 2295 2991 in
2327 2938 2650 2993 testimoniis
2677 2954 2750 2992 ex
2779 2938 3073 3010 Scriptura
3097 2956 3261 2995 sacra
3287 2943 3545 3012 superius
3575 2946 3796 2998 exstant

381 3049 514 3103 pag.
544 3033 638 3096 21,
670 3031 917 3085 arbitror
941 3029 1067 3083 illas
1096 3042 1164 3081 ex
1191 3027 1289 3080 hoc
1320 3028 1558 3081 tractatu
1587 3027 1870 3095 excerptas
1900 3039 1958 3079 eo
1989 3025 2288 3080 translatas
2313 3026 2522 3095 fuisse;
2551 3040 2674 3097 qux
2702 3031 3008 3097 sequuntur
3055 3030 3224 3096 enim,
3274 3045 3397 3084 cum
3442 3031 3563 3087 illis
3592 3031 3794 3100 afﬁni-

392 3125 563 3175 tatem
591 3119 807 3174 habent.
866 3117 1144 3172 Similiter
1171 3117 1398 3186 quaestio
1444 3115 1507 3168 71
1543 3114 1613 3169 ad
1655 3115 1799 3168 hunc
1839 3115 2021 3184 potius
2053 3119 2352 3169 tractatum
2393 3115 2609 3170 videtur
2650 3117 2946 3187 pertinere,
2989 3134 3156 3188 quam
3186 3117 3256 3173 ad
3302 3120 3616 3176 testimonia
3647 3121 3793 3188 illa;

389 3209 486 3263 ubi
532 3223 655 3279 quae
699 3208 1122 3278 consequuntur,
1173 3204 1318 3260 nihil
1365 3202 1435 3259 ad
1485 3201 1650 3257 illam
1678 3203 2055 3273 quaestionem.
2107 3204 2204 3258 Hic
2231 3219 2355 3259 vero
2385 3207 2575 3260 contra
2622 3207 2849 3276 quaestio
2882 3206 3210 3280 subsequens
3249 3207 3487 3280 ejusdem
3515 3213 3596 3264 est
3624 3225 3802 3280 argu-

387 3298 581 3354 menti.

1557 3530 1689 3582 ΤΟΥ
1727 3531 1812 3582 ΕΝ
1851 3529 2084 3583 ΛΓΙΟΙΣ
2133 3531 2403 3582 ΙΙΑΤΡΟΣ
2454 3533 2644 3586 ΗΜΩΝ

1731 3675 2461 3818 ΑΘΑΝΑΣΙΟΥ

1402 3860 1830 3916 ΑΙΔΛΣΚΑΛΙΑ
1869 3861 2052 3915 ΠΡΟΣ
2093 3859 2442 3917 ΔΝΤΙΟΧΟΝ
2481 3862 2767 3920 ΛΟΥΚΑΝ.

1535 4137 1626 4231 S.
1682 4138 1779 4230 P.
1843 4137 1954 4231 N.
2016 4137 2696 4235 ATHANASII

1413 4308 1732 4364 DOCTRINA
1794 4309 1880 4362 AD
1937 4307 2331 4366 ANTIOCHUM
2384 4310 2613 4368 DUCEM
2656 4311 2792 4384 (36).

2062 4467 2130 4478 ..-

465 4583 616 4641 202
669 4584 718 4638 1.
768 4580 1220 4637 Sanctissimum
1265 4579 1602 4651 episcopum
1651 4577 2087 4649 Athanasium;

2227 4581 2273 4635 1.
2306 4578 2508 4634 Ἐλθὼν
2566 4581 2700 4653 πρὸς
2753 4583 2845 4637 τὸν
2899 4584 3202 4658 ἁγιώτατον
3233 4559 3523 4639 ἰπίσκοτίον
3569 4585 3811 4640 Ἀθανά-

393 4672 538 4728 adiit
569 4672 684 4726 dux
716 4670 979 4742 quidam,
1013 4667 1250 4724 nomine
1281 4666 1802 4738 Antiochus,gravi
1836 4667 2015 4722 morbi

2188 4688 2262 4720 ιον
2296 4665 2419 4738 δοὺξ
2469 4669 2695 4743 ὀνόματι
2746 4671 3056 4748 Ἀντίοχος,
3088 4671 3138 4727 ἐν
3173 4671 3322 4747 δεινῇ
3369 4673 3646 4750 ἀῤῥωστίᾳ
3673 4696 3810 4731 κατ-

390 4761 686 4828 laborans,
741 4758 1081 4830 rogavitque
1112 4761 1177 4811 ut
1225 4756 1316 4811 sui
1359 4771 1534 4810 causa
1581 4759 1810 4823 oraret;
1841 4771 1954 4826 quo
1987 4773 2012 4810 ε

2181 4755 2435 4831 χόμενος,
2469 4758 2763 4834 παρεκάλει
2811 4757 3060 4836 εὔχεσθαι
3113 4762 3244 4838 ὑπὲρ
3284 4761 3472 4832 αὐτοῦ,
3505 4761 3680 4830 ὅπως,
3714 4763 3803 4818 ἐὰν

392 4867 573 4906 sanus
603 4849 767 4904 ﬁeret
796 4850 1226 4903 converteretur
1255 4846 1324 4900 ad
1372 4844 1704 4912 Dominum,
1740 4861 1805 4898 ac
1835 4861 2014 4915 peccat

2181 4843 2354 4920 γιάνῃ,
2405 4844 2711 4921 ἐπιστρέψει
2763 4845 2958 4903 λοιπὸν
3011 4849 3146 4923 πρὸς
3197 4849 3287 4904 τὸν
3341 4851 3535 4924 Κύριον
3573 4895 3588 4919 ,
3632 4871 3802 4922 μετα-

392 4949 583 4994 torum
641 4936 1038 5010 paenitentiam
1108 4941 1325 5008 ageret.
1375 4935 1641 5005 Cumque
1691 4933 2013 4988 clementem

2178 4937 2288 4987 οῶν
2339 4931 2424 4988 ἐπὶ
2472 4941 2588 4996 τοῖς
2647 4937 3028 5010 ἁμαρτήμασιν
3084 4937 3287 4992 αὐτοῦ.
3340 4939 3438 4993 Καὶ
3487 4939 3800 5014 παρακαλὲ-

390 5029 573 5084 Deum
605 5032 831 5082 orasset
858 5026 1191 5096 episcopus,
1235 5024 1580 5094 insequente
1615 5022 1704 5077 die
1734 5039 1915 5077 sanus
1941 5022 2012 5076 illi

2183 5043 2334 5084 αντος
2383 5029 2480 5077 τοῦ
2532 5023 2830 5081 ἐπισκόπου
2874 5028 2966 5081 τὸν
3012 5026 3396 5104 φιλάνθρωπον
3453 5028 3606 5096 Θεὸν,
3643 5029 3803 5104 ὑγιὴς

392 5119 522 5174 fuit.
556 5119 703 5172 Tum
738 5117 1004 5182 accessit,
1038 5117 1190 5171 bona
1229 5133 1336 5170 sua
1367 5130 1567 5169 secum
1608 5115 1877 5184 efferens,
1913 5130 2014 5184 qua

2183 5115 2224 5184 ᾗ·
2259 5111 2380 5180 ἑξῆς
2426 5113 2634 5188 γέγονε.
2670 5115 2773 5171 Καὶ
2825 5114 2891 5184 δὴ
2943 5115 3156 5192 εἷ’ρχετο
3207 5118 3382 5195 φέρων
3439 5117 3553 5189 μεθ’
3605 5117 3805 5171 ἑαυτοῦ

391 5207 590 5280 posuit
628 5208 700 5262 ad
754 5208 929 5278 pedes
973 5205 1253 5276 episcOpi,
1306 5220 1520 5276 rogans
1574 5209 1636 5257 ut
1679 5202 2013 5275 pauperibu:

2184 5200 2212 5254 ὰ
2273 5201 2587 5276 ὑπάρχοντα
2645 5203 2829 5273 αὐτοῦ,
2863 5207 2950 5260 καὶ
3005 5205 3183 5276 τίθησι
3243 5206 3388 5281 παρᾶ
3439 5205 3564 5267 τοὺς
3626 5203 3806 5267 πόδας

391 5300 769 5366 erogarentur
797 5300 854 5350 et
881 5294 1083 5364 egenis
1119 5319 1131 5357 ;
1164 5293 1395 5364 sibique
1425 5292 1648 5359 liceret,
1675 5295 1910 5362 accepto
1937 5307 2008 5363 pe

2187 5293 2242 5344 οὔ
2275 5288 2600 5361 ἐπισκόπου,
2631 5294 2959 5369 παρακαλῶν
3011 5293 3233 5364 δοθῆναι
3281 5301 3398 5357 τοῖς
3428 5301 3679 5370 πτωχοῖς
3710 5293 3809 5350 καὶ

390 5389 659 5442 sanctum
691 5385 882 5438 virum
914 5382 1242 5437 venerando
1274 5381 1892 5450 habitu,monasticam
1924 5380 2012 5434 vir

2183 5383 2263 5439 οἷς
2317 5380 2505 5455 χρείαν
2551 5379 2791 5458 ἔχουσινο
2852 5383 3011 5439 αὐτὸν
3059 5381 3136 5455 δὲ,
3203 5378 3436 5440 λαϐόντα
3489 5384 3551 5438 τὸ
3609 5385 3805 5458 σεμνὸν

389 5476 536 5531 tutis
564 5474 746 5530 vitam
781 5487 969 5545 agere.
1003 5471 1166 5536 Quod
1201 5469 1301 5526 Dei
1320 5468 1510 5541 gratia
1541 5469 1674 5526 fecit
1703 5469 2011 5542 episcopus

2184 5469 2344 5542 χῆμα
2372 5470 2519 5546 παρά
2550 5476 2644 5526 τοῦ
2694 5472 2852 5547 ἁγίου
2899 5470 3115 5549 ἀνδρὸς,
3143 5473 3237 5530 τὸν
3282 5471 3524 5550 ἐνάρετον
3576 5474 3666 5528 καὶ
3703 5493 3806 5548 μο-

462 5635 577 5709 (36)
608 5634 774 5690 Nunc
804 5631 1058 5705 primum
1091 5629 1250 5687 edita
1280 5645 1348 5686 ex
1379 5645 1522 5685 mss.
1557 5625 1808 5684 Colbert.
1841 5628 2002 5685 4249.
