4108 6210
319 326 445 384 55⁵7

1330 323 1725 384 DOCTRINA
1771 327 1873 385 AD
1917 328 2380 390 ANTIOCHUM
2426 332 2718 392 DUCEM.

3617 338 3735 395 558

316 458 469 531 νήρη
524 453 640 529 βίον
695 453 1093 509 πολιτεύεσθαυ
1132 452 1262 527 ὅπερ
1310 457 1379 527 τῇ
1438 458 1538 507 τοῦ
1596 459 1730 508 Θεοῦ
1788 456 1969 529 χάριτι

2090 463 2248 514 Tunc
2277 462 2357 515 ait
2389 462 2660 533 episcopo
2712 463 2826 516 dux
2878 464 3237 518 Antiochus:
3292 468 3374 518 Me
3432 468 3736 536 oportebat

319 543 579 613 ἐποίησεν
630 545 658 596 ὁ
717 542 1029 604 ἐπίσκοπος.
1079 547 1209 597 Τότε
1269 542 1411 618 λέγει
1470 548 1546 613 τῷ
1607 542 1884 616 ἐπισκόπῳ
1942 548 1969 600 ὁ

322 631 450 705 ὃοὺξ
511 631 822 707 Ἀντίοχος·
856 629 1006 689 Ἔδει
1071 653 1157 705 με,
1216 632 1303 708 ἀφ’
1348 631 1410 685 οὔ
1466 626 1815 703 ἐϐαπτίσθην,
1871 656 1973 712 φυ-

320 719 487 794 λάξαι
514 722 611 790 τὴν
645 721 840 788 πίστιν,
872 721 962 775 καὶ
1015 723 1089 793 μὴ
1145 718 1377 793 μολῦναι
1424 721 1484 775 τὸ
1538 721 1816 795 βάπτισμα
1855 720 1969 777 ἔτι·

320 809 453 864 ἀλλ’
488 807 673 878 ἐπειδὴ
707 811 741 879 ἡ
776 809 1044 887 ἀφροσύνη
1084 831 1187 882 μου
1223 809 1463 885 μεγάλην
1518 809 1567 863 ἐν
1623 810 1745 882 ἐμοὶ
1797 812 1972 887 εἰργά-

324 920 456 953 σατο
489 898 769 971 ἀμέλειαν,
802 898 1101 972 παρακαλῶ
1129 900 1226 965 τήν
1273 899 1369 966 σήν
1426 898 1713 973 ἀγιοσύνην
1769 898 1976 971 διδάξαι

328 1008 397 1057 με
427 988 517 1041 καὶ
542 993 857 1062 κατηχῆσαι
887 990 975 1042 καὶ
1016 990 1352 1056 νουθετῆσαι,
1384 987 1544 1041 τίνων
1595 987 1702 1041 ἀπὸ
1746 993 1843 1042 τοῦ
1889 993 1977 1043 νῦν

2083 548 2412 619 baptizatus
2438 568 2568 605 cum
2614 552 2881 619 fuissem,
2916 552 3088 606 ﬁdem
3124 568 3377 620 servare,
3430 570 3534 608 nec
3582 555 3735 609 ultra

2086 638 2442 707 baptismum
2477 640 2688 694 violatio
2715 659 2726 705 ;
2754 643 2849 693 sed
2887 657 3020 694 cum
3053 641 3307 695 amentia
3352 656 3483 695 mea
3529 641 3732 713 ingen-

2083 729 2199 780 tem
2233 726 2290 780 in
2325 728 2738 799 negligentiam
2763 745 2853 783 me
2884 729 3215 797 conjecerit,
3250 734 3412 783 tuam
3438 745 3575 799 rogo
3598 746 3733 785 san-

2084 814 2365 884 ctitatem,
2400 822 2463 871 ut
2493 833 2582 870 me
2616 818 2845 881 docens,
2882 817 3178 883 instituas,
3224 835 3485 889 moneas,
3520 819 3737 890 quibus

2076 903 2202 973 jam
2226 905 2518 959 abstinere
2571 906 2811 961 debeam
2875 906 3063 971 factis,
3114 908 3411 977 operibus,
3444 908 3737 977 cogitatio-

2086 992 2295 1057 nibus;
2331 994 2547 1063 quibus
2572 1000 2771 1049 contra
2804 995 3118 1050 virtutibus
3140 1012 3373 1066 cperam
3394 996 3551 1052 dare.

321 1076 658 1152 πραγμάτων
690 1076 779 1131 καὶ
814 1076 983 1153 ἔργων
1014 1077 1104 1131 καὶ
1136 1076 1411 1151 λογισμῶν
1447 1075 1869 1152 ὲγκρατεύσομαι
1900 1078 1989 1133 καὶ
2020 1078 2182 1134 τίνων
2217 1078 2401 1134 ἄλλων
2436 1079 2844 1153 ἐπιμελήσομαι
2878 1082 3100 1157 ἀρετῶν.

391 1164 525 1220 Τότε
553 1167 582 1219 ὅ
613 1166 928 1236 ἐπίσκοπος,
962 1169 1193 1237 ποιήσας
1242 1166 1410 1240 εὐχὴν
1460 1166 1549 1220 καὶ
1595 1166 1817 1230 καθίσας
1864 1164 1969 1220 ἐδί-

321 1251 511 1308 δασκεν
546 1254 705 1309 αὐτὸν
762 1255 814 1309 ἐν
862 1254 1132 1328 Πνεύματι
1182 1254 1322 1330 ἁγίῳ
1379 1253 1503 1327 μίαν
1556 1256 1782 1325 ἑκάστην
1822 1255 1972 1309 ἐντο-

320 1341 426 1410 λήν
458 1347 568 1396 τῶν
603 1340 945 1418 διδαγμάτων
985 1348 1083 1399 τοῦ
1127 1347 1370 1417 Χριστοῦ
1416 1342 1731 1419 πληρῶσαι.
1765 1350 1971 1419 ’Ἄρχι-

316 1451 407 1485 ται
441 1429 534 1485 οὖν
572 1430 745 1508 λέγειν
774 1432 940 1504 αὐτῷ’

2152 1170 2325 1235 Tum,
2357 1171 2620 1227 oratione
2660 1173 2829 1242 facta,
2888 1173 3219 1245 episcopus,
3271 1174 3483 1229 sedens
3536 1176 3738 1230 docuit

2080 1258 2331 1313 illumin
2378 1260 2595 1331 Spiritu
2629 1266 2851 1327 sancto,
2908 1260 3143 1333 singula
3195 1261 3412 1317 Christi
3461 1263 3735 1318 doctrinae

2084 1348 2363 1404 mandata
2392 1349 2703 1420 complere.
2740 1350 2834 1405 Sic
2856 1351 3053 1422 itaque
3084 1367 3254 1406 orsus
3288 1354 3413 1406 est:

1593 1551 1851 1605 Primum
1895 1552 2223 1608 mandatum
2254 1553 2321 1607 de
2358 1554 2484 1623 ﬁde.

394 1682 516 1755 Χρή
570 1681 660 1734 τὸν
720 1677 806 1733 ἐπὶ
863 1679 961 1746 τὴν
1018 1673 1363 1746 ἀκηλίδωτον
1419 1676 1613 1749 ἀρετὴν
1665 1674 1964 1751 ἐρχόμενον

2149 1679 2295 1733 Eum
2328 1680 2424 1750 qui
2456 1681 2526 1734 ad
2560 1680 2997 1737 immaculatam
3051 1682 3327 1738 virtutem
3360 1684 3600 1752 accedit,
3633 1700 3738 1739 ve-

318 1772 410 1824 καί
444 1770 643 1841 σεμνὸν
680 1767 793 1842 βίον
826 1765 1252 1837 πολιτεύομενον
1287 1764 1375 1818 καὶ
1407 1763 1493 1817 ἐπὶ
1524 1769 1639 1825 τοῖς
1689 1764 1973 1837 προτέροις

321 1861 681 1934 ἁμαρτήμασι
735 1855 1097 1929 μετανοοῦντα
1128 1856 1239 1924 (37)
1287 1854 1393 1925 πρὸ
1443 1852 1656 1906 πάντων
1702 1852 1968 1906 πιστεύειν

320 1947 397 2008 εἷς
453 1945 547 2001 ἕνα
605 1946 731 2001 Θεὸν
790 1942 1218 2017 παντοκράτορα,
1276 1943 1512 2009 ποιητὴν
1581 1940 1810 2017 οὐρανοῦ
1881 1942 1970 1995 καὶ

318 2043 448 2110 γῆς,
484 2037 691 2111 ὁρατῶν
748 2055 806 2088 τε
859 2034 1073 2087 πάντων
1132 2032 1219 2085 καὶ
1278 2030 1560 2105 ἀοράτων’
1617 2030 1705 2084 καὶ
1761 2029 1834 2090 εἷς
1880 2026 1971 2083 ἕνα

319 2126 517 2200 Κύριον
552 2125 760 2194 Ἰησοῦν
790 2122 1017 2198 Χριστὸν
1049 2122 1137 2175 τὸν
1172 2120 1293 2174 ne»
1343 2123 1438 2174 τοῦ
1485 2123 1614 2175 Θεοῦ
1659 2119 1749 2172 τὸν
1804 2138 1967 2190 μονο-

314 2221 469 2289 γενῆ,
504 2211 573 2267 δι’
604 2213 664 2267 οὗ
696 2214 761 2266 τὰ
807 2211 979 2265 πάντα
1027 2209 1345 2285 ὲγὲνετο,τὰ
1388 2207 1439 2263 ἐν
1488 2213 1567 2279 τῷ
1612 2207 1824 2280 ούρατῷ
1880 2208 1969 2261 καὶ

319 2304 371 2357 ἐν
504 2307 599 2378 γῇ,
631 2302 758 2356 Θεὸν
812 2307 1069 2375 Σωτῆρα,
1095 2301 1253 2371 ἡμῶν
1307 2297 1642 2372 ὑπάρχοντα,
1674 2296 1965 2365 ὁμοούσιον

314 2397 395 2463 τῷ
424 2390 617 2465 ΙΙατρί·
663 2391 751 2444 καὶ
807 2390 880 2450 εἰς
934 2389 996 2443 τὸ
1047 2388 1195 2464 ἅγιον
1247 2391 1487 2458 Πνεῦμα,
1517 2386 1579 2440 τὸ
1634 2385 1830 2459 Κύριον
1878 2388 1968 2439 καὶ

318 2480 616 2548 ζωοποιὸν,
646 2480 710 2533 τὸ
768 2478 827 2533 ἐκ
870 2483 968 2533 τοῦ
1021 2478 1228 2551 [ἰατρὸς
1273 2475 1720 2551 ἐκπορευόμενον,
1752 2473 1815 2528 τὸ
1874 2473 1964 2527 σὺν

315 2568 491 2642 Πατρὶ
547 2567 636 2622 καὶ
702 2569 803 2639 fit};
858 2566 1437 2642 συμπροσκυνούμενον
1509 2564 1597 2617 καὶ
1650 2560 1966 2633 συνδοξαζό-

320 2678 501 2729 μενον.
536 2658 631 2719 Εἷς
663 2658 790 2717 Θεὸς
825 2656 989 2728 μόνος
1023 2657 1050 2710 ὁ
1080 2654 1252 2709 πάντα
1280 2658 1503 2729 χωρῶν,
1534 2652 1698 2723 μόνος
1731 2649 1787 2705 δὲ
1816 2651 1967 2726 ἀχώ-

315 2767 487 2821 ρητος
536 2744 633 2814 ὢν,
665 2745 754 2799 καὶ
801 2744 883 2799 ὅτι
932 2746 1101 2798 πάντα
1148 2741 1389 2813 δύναται,
1422 2739 1679 2796 ἀδύνατον
1732 2737 1788 2794 δὲ
1819 2740 1965 2805 αὐτῷ

313 2833 494 2890 οὐδέν.
556 2835 679 2890 Ἐὰν
735 2832 876 2888 οὕτω
940 2832 1223 2905 πιστεύσῃς
1284 2829 1335 2900 ἐξ
1393 2829 1531 2899 ὅλης
1588 2827 1811 2904 καρδίας
1870 2850 1966 2883 σου

308 2925 400 2979 καὶ
550 2921 689 2992 ὅλης
743 2924 927 2997 ψυχῆς
962 2921 1049 2975 καὶ
1082 2922 1132 2991 ἒξ
1164 2920 1299 2989 ὅλης
1334 2919 1524 2994 ἰσχύος
1574 2939 1690 2987 σου,
1723 2918 1811 2972 καὶ
1862 2937 1965 2994 φο-

309 3009 492 3085 ϐηθῇς
522 3011 708 3082 αὐτὸν,
738 3012 826 3066 καὶ
858 3009 1231 3085 ἐγκρατεύσῃς,
1265 3009 1337 3069 ὡς
1369 3009 1517 3082 λέγω
1565 3028 1671 3079 σοι,
1714 3006 1957 3061 εἰσακου-

308 3101 565 3171 σθήσεταί
634 3121 727 3153 σου
776 3102 811 3168 ἡ
861 3098 1105 3169 ἔντευξις,
1158 3098 1247 3151 καὶ
1296 3098 1579 3157 πιστεύσας
1627 3093 1779 3169 λήψῃ
1836 3097 1963 3169 παρ’

309 3190 479 3245 αὐτοῦ
505 3191 605 3258 τὴν
643 3189 896 3264 βοήθειαν
944 3186 1032 3242 καὶ
1061 3186 1214 3256 νίκην
1256 3185 1345 3239 καὶ
1396 3184 1666 3259 σωτηρίαν
1718 3183 1791 3244 εἰς
1840 3183 1966 3245 τοὺς

313 3281 532 3341 αἰῶνας.
565 3279 766 3351 Ἀμήν.

2084 1769 2402 1823 nerandam
2435 1770 2505 1839 (2)
2531 1769 2693 1824 ducit
2715 1770 2917 1838 vitam,
2962 1772 3507 1843 praeteritorumque
3536 1788 3737 1843 pecca-

2081 1861 2273 1912 torum
2302 1858 2705 1928 paanitentiam
2740 1860 2881 1931 agit,
2932 1864 3159 1930 oportet
3189 1866 3322 1917 ante
3371 1861 3569 1916 omnia
3612 1877 3735 1917 cre-

2080 1946 2215 2000 dere
2239 1946 2298 2000 in
2324 1963 2503 2002 unum
2535 1948 2718 2003 Deum
2777 1949 3259 2019 omnipotentem,
3295 1950 3573 2006 factorem
3605 1949 3737 2006 caeli

2080 2037 2137 2088 et
2165 2040 2353 2102 terrae,
2384 2035 2706 2091 visibilium
2741 2036 3006 2092 omnium
3038 2043 3096 2092 et
3128 2037 3535 2093 invisibilium.
3574 2039 3638 2093 Et
3671 2038 3730 2094 in

2080 2140 2266 2178 unum
2288 2124 2602 2180 Dominum
2633 2125 2838 2181 Jesum
2869 2125 3163 2181 Christum
3209 2126 3419 2182 Filium
3477 2129 3572 2182 Dei
3606 2128 3734 2182 uni-

2078 2213 2365 2284 genitum,
2402 2230 2500 2285 per
2531 2230 2703 2285 quem
2736 2215 2935 2269 omnia
2956 2216 3103 2270 facta
3137 2221 3294 2282 sunt,
3328 2233 3458 2287 qua:
3497 2216 3557 2271 in
3590 2216 3732 2273 ccslo

2078 2306 2135 2355 et
2168 2317 2298 2372 qum
2323 2301 2379 2356 in
2413 2307 2601 2357 terra:
2635 2302 2819 2358 Deum
2866 2303 3222 2359 Salvatorem
3272 2310 3558 2373 nostrum,
3595 2321 3731 2360 con-

2079 2390 2526 2445 substantialem
2562 2390 2734 2445 Patri.
2771 2392 2837 2445 Et
2864 2391 2925 2447 in
2975 2393 3258 2462 Spiritum
3299 2398 3570 2448 sanctum
3623 2397 3733 2448 Do-

2078 2476 2303 2532 minum
2336 2484 2393 2533 et
2422 2478 2833 2548 vivificantem,
2873 2480 2970 2551 qui
3014 2498 3083 2536 ex
3113 2485 3281 2536 Patre
3316 2481 3597 2552 procedit,
3628 2483 3731 2554 qui

2077 2582 2210 2621 cum
2244 2566 2411 2621 Patre
2441 2571 2496 2621 et
2528 2566 2670 2622 Filio
2702 2567 2880 2622 simul
2921 2569 3200 2624 adoretur
3229 2574 3283 2624 et
3322 2569 3727 2641 conglorifica-

2075 2660 2189 2709 tur.
2220 2654 2380 2710 Unus
2413 2659 2564 2709 Deus
2594 2654 2757 2711 solus
2772 2656 2871 2726 qui
2906 2658 3104 2711 omnia
3127 2657 3538 2723 continet,cum
3566 2657 3727 2713 solus

2078 2744 2202 2815 ipse
2227 2743 2509 2799 contineri
2544 2750 2825 2815 nequeat:
2854 2747 2950 2816 qui
2984 2746 3185 2800 omnia
3215 2750 3426 2817 potest,
3465 2744 3729 2817 nihilque

2076 2832 2187 2904 ipsi
2219 2832 2583 2903 impossibile
2614 2838 2724 2903 est.
2760 2834 2817 2889 Si
2872 2850 2938 2890 eo
2998 2835 3170 2890 modo
3222 2835 3427 2889 credas
3487 2850 3556 2889 ex
3610 2839 3728 2890 toto

2075 2922 2246 2977 corde
2276 2927 2397 2987 tuo,
2430 2938 2498 2977 ex
2529 2929 2645 2979 tola
2692 2924 2891 2980 anima
2920 2931 3039 2993 tua,
3088 2933 3145 2981 et
3202 2940 3270 2979 ex
3325 2929 3446 2980 tota
3504 2926 3730 2981 fortitu-

2074 3010 2227 3078 dine,
2251 3026 2506 3082 eumque
2536 3012 2767 3083 timeas,
2792 3018 2849 3068 et
2906 3017 3300 3085 temperanter
3329 3029 3491 3085 agas,
3526 3018 3591 3067 ut
3622 3013 3731 3069 tibi

2076 3100 2225 3165 dico,
2257 3101 2603 3156 exaudiatur
2624 3103 2880 3173 precatio
2909 3107 3044 3158 tua:
3084 3107 3142 3158 et
3199 3118 3331 3157 cum
3389 3101 3730 3173 credideris,

2073 3191 2421 3259 accepturus
2451 3189 2523 3244 ab
2549 3205 2615 3245 eo
2645 3207 2708 3247 es
2729 3190 3038 3262 auxilium,
3069 3190 3371 3247 victoriam
3394 3195 3451 3246 et
3480 3189 3733 3247 salutem

2072 3276 2134 3331 in
2162 3275 2396 3333 secula.
2422 3278 2626 3333 Amen.

777 3440 1084 3500 Secundum
1106 3440 1458 3506 mandatum,
1491 3438 1830 3511 simplicitas
1849 3442 2157 3497 servanda:
2185 3456 2296 3495 non
2348 3440 2677 3513 loquendum
2706 3440 2961 3497 adversus
2990 3442 3333 3514 proximum.

383 3568 439 3622 2.
474 3565 574 3619 Καὶ
604 3563 829 3625 ἀναστὰς
860 3561 1079 3633 ηὔξατο,
1107 3561 1195 3617 καὶ
1248 3562 1380 3634 μετὰ
1424 3563 1523 3630 τὴν
1582 3561 1751 3637 εύχήν
1810 3561 1957 3637 λέγει

309 3655 480 3726 αὐτῷ·
653 3653 967 3724 ’Δπλότητα
996 3650 1113 3727 ἔχε,
1144 3652 1233 3705 καὶ
1283 3648 1478 3712 ἄκακος
1528 3655 1684 3727 γενοῦ
1733 3651 1822 3705 καὶ
1871 3648 1958 3706 ἔσο

308 3745 385 3804 ὡς
417 3744 487 3797 τὰ
514 3744 684 3813 νήπια
738 3744 805 3797 τὰ
855 3743 931 3815 μή
979 3742 1313 3818 γινώσκοντα
1360 3740 1624 3813 πονηρίαν
1676 3741 1772 3808 τὴν
1824 3741 1959 3794 ἀπο-

309 3831 513 3887 λοῦσαν
572 3833 669 3901 τὴν
729 3830 999 3903 σωτηρίαν
1060 3835 1164 3885 τῶν
1224 3831 1544 3906 ἀνθρώπων.
1576 3832 1683 3901 (39)
1736 3830 1955 3905 Πρῶτον

311 3924 409 3994 μὶν
448 3918 678 3993 μηδενὸς
708 3919 1025 3991 καταλάλει,
1061 3917 1201 3993 μηδὲ
1228 3917 1402 3989 ἡδέως
1436 3918 1596 3973 ἄκουε
1644 3922 1742 3973 τοῦ
1798 3939 1958 3973 κατα-

310 4009 639 4072 λαλοῦντος¹
673 4009 717 4065 εί
742 4007 800 4064 δὲ
834 4011 932 4082 μή,
965 4009 1053 4063 καὶ
1103 4009 1164 4062 σὺ
1212 4008 1421 4063 ἀκούων
1462 4006 1652 4082 ἔνοχος
1712 4003 1802 4080 ἔσῃ
1858 4015 1957 4076 τῆς

312 4098 584 4172 ἁμαρτίας
614 4103 711 4153 τοῦ
758 4096 1221 4167 καταλαλοῦντος,
1254 4096 1340 4152 ἐὰν
1389 4097 1680 4169 πιστεύσῃς
1738 4100 1806 4169 τῇ
1864 4117 1957 4150 κα-

308 4186 576 4258 ταλαλιᾷ,
674 4187 759 4242 ἐὰν
784 4187 1029 4261 ἀκούσῃς’
1061 4187 1347 4247 πιστεύσας
1376 4185 1479 4261 γὰρ
1532 4184 1620 4239 καὶ
1678 4184 1740 4238 σὺ
1798 4184 1958 4246 αὐτὸς

310 4274 416 4347 ἕξει
450 4278 586 4331 κατὰ
613 4282 709 4331 τοῦ
738 4274 977 4355 ἀδελφοῦ
1008 4297 1128 4345 σου,
1159 4275 1331 4336 οὕτως
1364 4273 1453 4329 οὖν
1490 4271 1680 4348 ἔνοχος
1733 4271 1825 4346 ἔσῃ
1865 4276 1962 4327 τοῦ

312 4363 777 4427 ηταλαλοῦντος.
840 4365 1085 4441 Πονηρὸν
1142 4364 1242 4440 γὰρ
1298 4363 1513 4435 πνεῦμά
1570 4364 1681 4433 (40)
1740 4360 1879 4415 ἐστιν
1929 4363 1963 4430 ἡ

312 4452 653 4521 καταλαλιδῃ
711 4454 799 4510 καὶ
876 4453 1236 4508 ἀκατάστατον
1304 4450 1629 4524 δαιμόνιον,
1694 4447 1968 4523 μηδέποτε

316 4542 620 4619 εἴρηνεῦον,
653 4542 799 4597 ἀλλὰ
852 4544 1082 4597 πάντοτε
1140 4540 1191 4597 ἐν
1252 4539 1619 4615 διχοστασίαις
1659 4542 1965 4594 κατοικοῦν.

316 4635 532 4708 Ἀπεχε
584 4629 673 4685 οὖν
720 4631 810 4687 ἀπ’
863 4631 1025 4686 αὐτοῦ
1082 4632 1171 4685 καὶ
1226 4630 1448 4706 εἰρήνην
1497 4625 1630 4700 ἕξεις
1680 4630 1789 4699 (41)
1837 4627 1971 4698 μετὰ

314 4725 561 4777 πάντων.
592 4718 848 4777 Ἐνὸυσαι
906 4718 963 4774 δὲ
1010 4721 1109 4788 τὴν
1162 4718 1448 4789 ἁπλότητα
1494 4716 1590 4771 παὶ
1639 4718 1737 4784 τὴν
1773 4714 1966 4788 σεμνό-

314 4831 478 4883 τητα,
540 4810 593 4864 ἐν
642 4812 725 4872 οἷς
777 4807 929 4864 οὐδὲν
980 4809 1315 4883 πρόσκομμα
1371 4807 1478 4862 ἐστι
1534 4805 1794 4879 πονηρὸν,
1826 4802 1972 4858 ἀλλὰ

393 4992 505 5063 (37)
541 4992 661 5048 Hoc
690 4993 948 5065 primum
984 4994 1326 5049 mandatum
1384 5010 1453 5048 ex
1512 4992 1721 5065 primo
1758 4989 1981 5065 Hermia

321 5061 641 5121 Pastoralis
674 5061 971 5128 mandato,
1003 5066 1041 5121 l.
1078 5083 1141 5133 ιι,
1175 5082 1231 5136 p.
1265 5065 1354 5131 44,
1386 5071 1443 5120 et
1472 5061 1539 5118 ei
1569 5062 1843 5135 Symbolo
1877 5061 1978 5116 Ni-

323 5152 486 5193 cano
520 5136 851 5193 confectum
884 5142 991 5193 est.

396 5208 514 5279 (38)
545 5206 690 5263 Vide
721 5209 831 5264 hoc
871 5208 1194 5265 secundum
1245 5206 1590 5279 mandatum
1632 5204 1787 5276 apud
1842 5204 1978 5257 Her-

323 5277 513 5346 mam,
550 5296 607 5348 p.
642 5281 709 5333 44
734 5298 747 5311 ·
782 5280 1223 5348 Simplicitatem
1252 5277 1408 5343 habe,
1442 5286 1496 5332 et
1544 5278 1805 5331 innocens
1842 5284 1979 5348 gesto.

398 5296 513 5346 am,
595 5321 607 5335 .
642 5296 709 5333 44
734 5298 747 5311 ·
782 5296 1223 5348 οιηιῃιιειιαιετη
1252 5296 1408 5343 nave,
1442 5296 1496 5332 ει
1544 5296 1805 5331 mnocen:
1850 5296 1979 5331 esto.

398 5296 681 5433 (βῆ-ἓξὲξ)
706 5351 1027 5433 Antiochus
1059 5348 1304 5433 homilia
1332 5349 1424 5414 29,
1446 5367 1513 5433 Ep.
1536 5349 1709 5433 ‘4077,
1759 5346 1869 5433 s‘ed‘
1904 5347 1986 5431 ita

324 5414 543 5491 incipit
576 5440 589 5491 ;
626 5420 801 5477 Καλὸν
855 5421 947 5478 οὗν
1006 5420 1165 5491 ἐστινΔ
1206 5418 1293 5491 ἐπὶ
1360 5414 1586 5491 μηδενὸς
1636 5414 1984 5491 καταλαλεῖν,

330 5440 448 5477 Incl
497 5440 589 5478 1ῐὲ
627 5440 801 5477 ιαΛον
855 5440 947 5478 ουν
1006 5440 1145 5477 εστιν
1206 5440 1293 5474 em
1360 5440 1586 5491 μηοενος
1636 5440 1984 5487 καταΛαΛειν,

330 5440 492 5572 μηᾷξ
525 5489 711 5572 ἡδέως
756 5492 968 5572 ἀκού-ειν
1014 5488 1480 5572 καταλαλοῦνῖςς,
1530 5489 1987 5572 accommodatis

327 5561 562 5621 scilicet
590 5566 665 5623 ad
698 5566 949 5623 homilia
984 5583 1103 5622 suae
1125 5563 1599 5634 seriem,Herma3
1628 5561 1839 5634 verbis,
1860 5576 1987 5634 quae

328 5641 647 5695 contextus
705 5644 903 5697 noster
955 5637 1189 5694 exhibet
1255 5632 1603 5693 accuratius.
1664 5632 1991 5690 Antiochus

2138 3565 2191 3617 2.
2225 3564 2601 3636 Surgensque
2623 3564 2828 3632 oravit,
2889 3569 2946 3620 et
2998 3564 3270 3621 absoluta
3322 3565 3608 3631 oratione,
3642 3565 3724 3619 ait

2070 3652 2152 3707 illi
2178 3670 2190 3707 :
2216 3653 2663 3725 Simplicitatem
2698 3653 2870 3723 habe,
2900 3659 2958 3709 et
3013 3655 3141 3709 sine
3192 3653 3417 3709 malitia
3472 3658 3618 3723 esto,
3652 3669 3717 3707 ac

2068 3741 2223 3797 velut
2254 3742 2531 3811 infantes,
2563 3743 2663 3813 qui
2694 3742 2967 3814 ignorant
2999 3742 3283 3798 malitiam
3326 3741 3503 3797 saluti
3529 3742 3719 3797 homi-

2071 3848 2212 3888 num
2245 3830 2559 3887 exitialem.
2594 3831 2855 3885 Primum
2907 3831 3145 3902 quidem
3216 3846 3287 3885 ne
3319 3830 3575 3900 cuipiam
3619 3830 3718 3884 ob-

2069 3923 2298 3986 trectes,
2334 3935 2519 3989 neque
2558 3919 3005 3973 obtrectatorem
3036 3919 3284 3974 libenter
3310 3918 3537 3973 audias.
3563 3917 3722 3972 Alio-

2069 4010 2211 4078 quin
2244 4013 2308 4061 tu
2340 4008 2486 4078 ipse,
2522 4006 2622 4078 qui
2655 4006 2845 4075 audis,
2871 4023 3005 4062 reus
3029 4007 3144 4063 eris
3178 4008 3395 4078 peccati
3428 4007 3723 4061 obtrecta-

2070 4097 2233 4162 toris,
2267 4096 2317 4150 si
2344 4096 2755 4151 obtrectationi
2798 4096 2970 4150 fidem
3006 4096 3244 4164 habeas,
3275 4097 3367 4151 cui
3418 4100 3481 4150 tu
3517 4110 3719 4150 aurem

2072 4184 2419 4256 praebuisti;
2484 4200 2642 4249 nam,
2694 4185 2742 4239 si
2801 4183 3147 4252 credideris,
3201 4185 3327 4256 ipse
3376 4189 3608 4256 peccato
3663 4183 3726 4239 in

2074 4275 2312 4329 fratrem
2335 4278 2507 4328 tuum
2539 4273 2846 4343 obnoxius,
2880 4279 3055 4346 atque
3113 4275 3194 4330 ita
3251 4291 3385 4330 cum
3434 4274 3728 4329 obtrecta-

2074 4366 2197 4418 tore
2229 4378 2362 4417 reus
2388 4362 2523 4417 eris.
2560 4362 2814 4434 Spiritus
2845 4362 3061 4435 quippe
3090 4361 3384 4435 malignus
3414 4367 3503 4418 est
3532 4361 3725 4417 obtre-

2076 4452 2272 4520 ctatio,
2305 4455 2361 4505 et
2390 4450 2793 4506 turbulentum
2816 4452 3197 4518 daemonium,
3232 4451 3387 4523 quod
3425 4467 3724 4522 nunquam

2076 4540 2135 4595 in
2163 4556 2304 4611 pace
2333 4539 2515 4611 degit,
2540 4541 2637 4595 sed
2666 4556 2895 4611 semper
2938 4540 2995 4594 in
3048 4540 3575 4612 disceptationibus
3606 4555 3731 4593 ver-

2079 4628 2353 4683 satur.Ab
2372 4644 2441 4683 ea
2470 4628 2653 4700 igitur
2684 4645 2744 4683 re
2777 4629 3093 4696 abstineto,
3141 4634 3198 4685 et
3254 4629 3493 4699 paciflce
3554 4629 3731 4699 deges

2079 4734 2213 4773 cum
2245 4717 2541 4772 omnibus.
2578 4718 2760 4772 Indue
2794 4717 3234 4789 simplicitatem
3258 4723 3315 4773 et
3338 4718 3734 4783 honestatem,

2082 4804 2299 4878 quibus
2362 4805 2590 4861 nullum
2638 4805 2792 4861 inest
2840 4806 3257 4862 offendiculum
3316 4804 3585 4872 malum;
3631 4804 3734 4861 sed

2093 4988 2267 5043 etiam
2296 4985 2480 5059 multa
2509 5003 2615 5059 suo
2638 4991 2829 5059 marte
2851 4988 3074 5057 adjicit,
3093 4991 3155 5043 ut
3179 4988 3392 5059 cuique
3414 4987 3606 5043 videre
3626 4988 3737 5041 est.

2091 5091 2157 5098 -—
2190 5059 2319 5113 Mox
2350 5057 2543 5130 vulgo,
2568 5058 2604 5127 ᾗ
2634 5055 2741 5111 ἐάν.
2776 5055 2983 5113 Νοιτέ.

2162 5131 2275 5201 (40)
2306 5127 2536 5201 Πνεῦμα
2566 5130 2794 5184 videtur
2834 5129 3162 5257 irregsisse,
3197 5130 3281 5185 sic
3327 5129 3483 5185 enim
3529 5127 3743 5200 legitur

2188 5207 2411 5256 Pastore
2436 5220 2453 5255 :
2484 5202 2801 5256 Perniciosa
2830 5206 2905 5256 est
2996 5202 3215 5257 tractio.

2092 5201 2152 5256 in
2188 5207 2411 5256 Pastore
2436 5220 2453 5255 :
2484 5202 2801 5256 Perniciosa
2830 5206 2905 5256 est
2928 5201 3215 5257 detractio.

2165 5273 2276 5342 (41)
2310 5272 2439 5328 Haec
2472 5274 2555 5327 sic
2587 5272 2863 5342 leguntur
2892 5274 2950 5328 in
2982 5276 3219 5329 Pastor:
3246 5291 3263 5327 :
3292 5274 3356 5326 Et
3382 5287 3596 5341 semper
3643 5285 3742 5340 pa-

2094 5358 2208 5399 cem
2260 5344 2395 5400 habe
2447 5360 2571 5399 cum
2624 5345 2801 5413 fratre
2853 5352 2961 5400 tuo.
3022 5345 3193 5401 Indue
3220 5344 3583 5400 constantiam
3610 5357 3742 5413 san-

2096 5420 2261 5541 otqzz,
2292 5416 2353 5541 ita
2410 5432 2517 5487 qua
2574 5411 2731 5470 nulla
2789 5423 2919 5471 sunt
2972 5421 3222 5488 peccata,
3253 5416 3343 5472 sed
3398 5415 3585 5471 omnia
3620 5411 3746 5468 (xta

2096 5502 2162 5541 su
2230 5528 2246 5541 .
2279 5503 2307 5541 e
2338 5504 2386 5541 c.

2095 5492 2246 5555 sunt,
2279 5492 2386 5542 etc.

2170 5558 2282 5629 (42)
2317 5559 2377 5615 Id
2414 5562 2523 5625 est,
2556 5558 2962 5616 monasticam.
