2036 3105
209 170 267 199 559

789 166 822 196 S.
845 164 1108 196 ATHANASIUS.
1119 179 1157 186 —
1172 165 1327 196 SPURIA.

1839 170 1889 200 580

207 234 304 261 omnia
322 233 409 269 plana
431 234 517 268 atque
536 231 729 268 jucundazet
757 231 835 259 vives
859 231 889 258 in
916 230 1020 258 secula

1091 229 1177 256 πάντα
1193 228 1284 266 ὁμαλὰ
1299 229 1344 257 καὶ
1359 229 1450 267 ἱλαρά·
1467 230 1511 257 καὶ
1528 230 1619 266 ζήσεις
1646 230 1683 262 εἰς
1710 230 1769 263 τοὺς
1793 231 1889 265 αῗῶνας.

209 280 312 306 Amen.

1087 274 1187 310 Ἀμήν.

685 341 761 369 ποι
773 340 891 368 Tertium
904 338 1076 373 mandatum,
1086 338 1264 366 mendacium
1278 338 1432 367 vitandum.

247 394 273 420 3.
299 393 331 419 Et
357 399 515 427 exsurgens
530 390 632 424 oravit,
656 390 857 426 completaque
885 389 1025 429 oratione,

206 438 310 466 sedens
324 437 364 463 ait
381 436 441 462 illi:
469 435 545 463 Audi
572 435 627 463 hoc
650 435 719 463 item
745 435 928 462 mandatum.
952 433 1031 461 Veri-

206 486 295 510 tatem
321 482 418 516 dilige,
448 480 604 515 omniaque
631 479 739 508 veritas
769 479 889 515 prodeat
910 487 945 506 ex
982 485 1031 505 ore

206 530 265 560 tuo,
284 529 314 553 ut
331 526 359 552 in
377 530 402 552 te
415 525 526 553 habitet
537 524 665 560 Spiritus
690 523 749 551 Dei.
773 523 827 556 Qui
854 523 932 550 enim
949 530 1031 550 men-

205 572 329 603 tiuntur,
346 570 438 597 Deum
454 570 656 597 contemnunt.
669 570 811 604 Accepere
826 575 954 603 namque
966 566 1030 602 Spi-

202 616 292 643 ritum
308 614 449 647 veritatis,
466 616 495 641 et
510 614 579 641 facti
590 615 657 641 sunt
672 612 839 641 habitacula
867 612 926 639 veri
942 611 1031 647 Spiri.

202 663 260 687 tus.
274 660 303 686 Si
320 660 418 694 itaque
434 658 584 686 veritatem
607 657 742 692 servaris,
759 656 869 692 poteris
887 656 940 684 tibi
956 664 1031 683 com-

201 712 303 740 parare
316 705 415 731 vitam.
428 704 632 731 Juramentum
645 710 729 738 porro
740 701 800 729 sive
818 709 869 737 pro
878 701 960 736 justa
971 700 1031 727 sive

200 757 252 784 pro
266 749 374 783 iniusta
402 756 430 774 re
455 747 570 783 fugias;
586 746 738 787 etveritas
767 745 934 774 introducet
956 746 985 772 te
1000 744 1029 772 in

199 793 288 821 vitam
303 791 500 820 immortalem
511 793 541 818 in
557 790 672 819 sacula.
687 793 795 818 Amen.

1117 388 1144 415 3.
1160 388 1215 424 (43)
1233 387 1284 415 Καὶ
1307 387 1424 419 ἀναστὰς
1454 386 1565 424 ηὔξατο,
1581 389 1626 416 καὶ
1657 389 1723 425 μετὰ
1747 390 1793 424 τὴν
1820 389 1892 428 εὐχὴν

1084 431 1196 462 καθίσας
1226 431 1299 470 λέγει
1327 431 1421 468 αὐτῷ’
1446 436 1547 461 ’Ἄκουε
1569 433 1614 460 καὶ
1640 433 1737 469 ταύτην
1758 435 1805 469 τὴν
1830 434 1894 462 ἔντο-

1086 475 1149 511 λήν.
1165 475 1311 511 Ἀλήθειαν
1327 476 1418 514 ἀγάπα
1433 478 1501 514 (44),
1517 478 1560 506 καὶ
1576 481 1647 505 πᾶσα
1672 477 1782 514 ἀλήθεια
1803 478 1830 506 lx
1850 482 1892 507 τοῦ

1086 520 1220 557 στόματός
1235 531 1282 548 σου
1307 521 1504 559 ἐκπορευέσθω,
1517 520 1563 549 ’ίνα
1586 523 1618 550 τὸ
1642 525 1751 560 Πνεῦμα
1770 526 1815 551 τοῦ
1837 526 1895 551 Θεοῦ

1084 567 1199 602 κατοικῇ
1215 576 1269 594 σοι.
1286 566 1320 594 Οἱ
1344 566 1396 604 γὰρ
1421 565 1583 604 ψευδόμενοι
1614 567 1737 599 ἀθετοῦσι
1764 568 1807 596 τὸν
1828 569 1893 596 Θεόν.

1085 607 1205 637 ’Έλαϐον
1222 609 1274 647 γὰρ
1290 612 1399 647 Πνεῦμα
1413 610 1543 646 ἀληθείας
1566 611 1611 640 καὶ
1635 611 1756 650 ἐγένοντο
1780 613 1895 648 οὶκτητή-

1085 663 1129 690 ρια
1141 655 1189 681 τοῦ
1211 653 1344 689 ἀληθινοῦ
1362 654 1528 692 Πνεύματος,
1544 656 1604 684 Ἐὰν
1631 655 1676 684 οῦν
1704 657 1753 691 τὴν
1778 656 1894 693 ἀλήθειαν

1084 697 1217 736 φυλάξῃς,
1235 697 1336 735 δυνήσῃ
1360 698 1464 735 σεαυτῷ
1491 700 1562 734 ζωὴν
1593 701 1897 738 περιποιήσασθαι.¹¹ορ-

1084 752 1130 768 κον
1160 740 1189 769 δὲ
1217 740 1331 774 δικαίως
1360 743 1377 777 ἢ
1407 742 1508 775 ἀδίκως
1537 742 1720 782 ἔκφευγε,καὶ
1748 746 1765 780 ἡ
1793 745 1897 781 ἀλήθεια

1085 786 1180 822 εἰσάξει
1197 796 1225 814 σε
1241 786 1278 818 είς
1294 787 1344 822 τὴν
1361 788 1434 822 ζωὴν
1456 788 1506 823 τὴν
1530 788 1659 816 ἀθάνατον
1690 788 1728 820 εἷς
1753 789 1814 821 τοὺς
1840 789 1897 817 αίῶ-

1083 840 1141 861 νας.
1157 831 1256 868 Ἀμήν.

733 897 867 932 Quartum
880 894 1052 927 mandatum,
1067 893 1182 922 castitas
1197 894 1341 922 servanda.

234 950 258 975 4.
275 949 345 975 Cum
358 950 491 975 orassent
512 946 567 980 illi,
595 947 700 975 sedens
716 947 872 983 episcopus
895 945 937 974 sic
953 952 1020 973 eum

1112 943 1138 970 4.
1155 943 1206 979 (45)
1224 942 1273 970 Καὶ
1302 942 1452 980 εὐξαμένων
1479 943 1580 980 αὐτῶν,
1596 945 1736 978 καθεσθεὶς
1760 945 1774 972 ὁ
1798 944 1898 973 ἐπίσκο-

197 993 358 1028 alloquitur
371 1001 375 1018 :
387 991 461 1019 Audi
477 992 565 1020 etiam
577 994 716 1027 quartum
738 991 922 1018 mandatum.
939 989 1026 1017 Serva

198 1038 373 1071 castitatem,
392 1045 484 1072 neque
500 1036 530 1064 in
559 1036 645 1064 corde
666 1038 717 1063 tuo
749 1037 866 1063 maneat
889 1033 1025 1070 cogitatio

200 1082 297 1108 uxoris
312 1082 422 1115 alienae,
444 1083 495 1109 aut
510 1080 711 1108 fornicationis
735 1079 913 1115 cujuepiam,
944 1077 1026 1106 simi—

197 1126 303 1153 liumve
315 1126 479 1153 nominum.
496 1125 569 1152 Nam
591 1125 645 1153 hoc
661 1125 685 1152 si
710 1132 792 1160 agas,
816 1130 957 1159 magnum
979 1122 1028 1150 ad-

198 1171 291 1198 mittis
302 1173 416 1206 peccutu
424 1178 581 1204 m,necnon
595 1169 619 1197 si
632 1171 760 1197 mentem
771 1170 853 1196 tuam
862 1176 879 1195 a
887 1166 965 1202 turpi
974 1166 1026 1194 hu-

192 1216 323 1249 jusmodi
346 1214 501 1250 phantasia
515 1222 573 1242 non
589 1212 889 1248 averterisﬁiquidem
906 1210 949 1239 vel
962 1211 1026 1247 ipsa

197 1260 347 1295 cogitatio,
360 1259 462 1294 ingens
476 1258 524 1286 Dei
539 1258 649 1286 famulo
660 1260 704 1286 est
729 1257 884 1293 ﬂagitium.
902 1255 983 1289 Quod
1000 1254 1025 1283 si

196 1304 262 1339 quis
280 1304 390 1330 malum
403 1304 456 1331 hoc
480 1304 595 1330 facinus
617 1302 763 1335 admittat,
780 1301 806 1329 is
822 1303 948 1328 mortem
967 1299 1024 1327 sibi

197 1348 322 1375 conﬁcit.
340 1348 410 1374 Vide
424 1347 524 1383 igitur,
539 1348 574 1375 ab
589 1346 758 1383 hujusmodi
774 1345 949 1382 cogitatione
962 1344 1026 1372 abs-

196 1393 299 1420 tineas.
318 1393 389 1419 Nam
407 1393 457 1420 ubi
477 1392 616 1420 honestas
627 1391 808 1426 castitasque
824 1389 946 1423 habitat,
965 1388 1024 1416 illic

196 1437 291 1464 scelus
305 1445 339 1463 ne
365 1436 513 1465 ascendat.
536 1436 618 1468 Quod
646 1435 791 1472 frequenti
821 1436 849 1462 et
877 1433 1024 1462 laboriosa

196 1482 324 1509 oratione
341 1482 499 1509 obtinetur.
527 1481 585 1509 Hoc
601 1480 691 1517 igitur
711 1480 796 1508 facito
825 1480 854 1507 et
884 1479 963 1506 vives
992 1478 1022 1505 in

199 1526 312 1553 swcula.
326 1529 427 1553 Amen.

1081 997 1131 1017 πος
1162 986 1234 1024 λέγει
1263 987 1346 1023 αὐτῷ·
1362 989 1462 1016 ’Ἄκουε
1490 988 1535 1015 καὶ
1563 992 1613 1024 τῆς
1629 989 1760 1026 τετάρτης
1782 989 1898 1024 ἐντολῆς.

1080 1030 1206 1058 Φύλασσε
1234 1032 1283 1066 τήν
1313 1031 1431 1069 ἁγνείαν,
1461 1032 1506 1060 καὶ
1537 1033 1576 1069 μὴ
1603 1031 1770 1062 ἀναϐαινὲτω
1793 1035 1847 1071 (46)
1860 1033 1899 1062 ἐπὶ

1081 1076 1130 1110 τήν
1147 1074 1258 1114 καρδίαν
1273 1086 1322 1103 σου
1337 1076 1399 1114 περὶ
1414 1077 1539 1114 γυναικὸς
1554 1076 1706 1116 ἀλλοτρίας
1721 1079 1739 1114 ἢ
1755 1078 1816 1117 περὶ
1838 1088 1899 1116 πορ-

1082 1119 1153 1151 νείας
1182 1120 1255 1151 τινὸς
1281 1120 1298 1155 ἢ
1324 1121 1386 1159 περὶ
1416 1121 1546 1149 τοιούτων
1577 1122 1733 1159 ὀνομάτων.
1749 1125 1831 1151 Τοῦτο
1855 1123 1901 1161 γὰρ

1082 1167 1166 1192 ποιῶν
1183 1165 1316 1202 ἁμαρτίαν
1334 1165 1456 1204 μεγάλην
1473 1165 1583 1204 ἐργάζῃ,
1599 1167 1637 1203 μή
1653 1167 1763 1206 ταχέως
1792 1168 1900 1207 ἀφιστῶν

1080 1210 1126 1237 τὸν
1153 1211 1213 1236 νοῦν
1230 1220 1277 1237 σου
1293 1211 1341 1237 τοῦ
1364 1210 1491 1238 τοιούτου
1515 1210 1632 1249 αἰσχροῦ
1653 1211 1809 1251 φάσματος·
1825 1213 1842 1247 ὴ
1856 1211 1903 1249 γὰρ

1082 1253 1229 1290 ἐνθύμησις
1246 1253 1312 1288 αὐτὴ
1329 1256 1397 1281 Θεοῦ
1422 1253 1515 1291 δούλῳ
1540 1255 1660 1293 ἁμαρτία
1689 1255 1799 1294 μεγάλη
1829 1256 1902 1284 ἐστίν.

1081 1298 1113 1327 El
1129 1297 1158 1326 δέ,
1170 1309 1212 1329 τις
1227 1298 1366 1336 ἐργάζεται
1381 1299 1412 1326 τὸ
1427 1297 1506 1337 ἔργον
1531 1300 1562 1327 τὸ
1587 1301 1710 1338 πονηρὸν
1740 1303 1846 1336 τοῦτον,
1861 1299 1906 1333 0d-

1080 1353 1158 1370 νατον
1185 1343 1272 1379 ἑαυτῷ
1299 1343 1501 1381 κατεργάζεται.
1518 1343 1607 1372 Βλέπε
1635 1344 1697 1380 οὖν,
1723 1345 1829 1384 ἀπέχου
1857 1345 1904 1372 ἀπὸ

1079 1391 1130 1422 τῆς
1161 1387 1335 1424 ἐνθυμήσεως
1363 1388 1465 1424 ταύτης
1483 1397 1489 1404 ·
1520 1388 1589 1416 ὅπου
1618 1389 1672 1427 γὰρ
1703 1389 1838 1427 σεμνότης
1862 1388 1904 1417 καὶ

1081 1431 1171 1470 ἁγνεία
1186 1434 1317 1468 κατοικεῖ,
1333 1431 1389 1459 ἐκεῖ
1403 1432 1503 1469 ἀνομία
1530 1432 1579 1460 οὐκ
1609 1433 1717 1473 ὀφείλει
1747 1432 1904 1462 ἀναϐαίνειν.

1079 1478 1165 1503 Τοῦτο
1195 1474 1223 1503 δὲ
1248 1478 1426 1514 κατορθοῦται
1464 1476 1509 1504 διὰ
1536 1479 1709 1517 πυκνοτέρας
1738 1478 1784 1506 καὶ
1812 1477 1905 1506 inmt-

1079 1530 1127 1547 νου
1143 1520 1238 1558 εὐχῆς.
1255 1522 1344 1549 Τοῦτο
1360 1520 1406 1548 οὖν
1422 1521 1494 1549 ποίει
1510 1521 1555 1549 καὶ
1583 1523 1654 1560 ζήσῃ
1684 1523 1725 1555 είς
1754 1522 1819 1554 τοὺς
1845 1522 1906 1550 αἰῶ-

1079 1575 1135 1596 νας.
1152 1565 1181 1592 ’Δ
1186 1566 1251 1602 μήν.

697 1628 829 1661 Quintum
842 1626 1017 1660 mandatum,
1035 1624 1233 1659 lcmganimita:
1260 1624 1405 1652 servanda.

234 1678 260 1705 5.
278 1678 434 1713 Surgentcs
454 1680 552 1705 autem
578 1678 687 1714 precati
711 1679 799 1711 sunt;
828 1680 891 1704 tum
917 1676 1020 1704 sedens

1112 1683 1140 1710 5.
1155 1683 1212 1717 (47)
1228 1681 1277 1709 Καὶ
1302 1681 1460 1713 ἀναστάντες
1482 1680 1597 1719 ηὔξαντο
1619 1683 1668 1711 καὶ
1694 1684 1809 1717 καθίσας
1824 1685 1838 1712 δ
1854 1683 1908 1712 ἐπί-

198 1723 352 1757 episcopus
369 1722 408 1749 ait
421 1722 483 1749 illi:
503 1722 577 1750 Audi
593 1730 709 1757 quoque
737 1721 873 1757 quintum
898 1720 1022 1748 manda-

198 1768 261 1793 tum
274 1776 279 1794 :
297 1767 381 1793 Serva
397 1766 581 1794 tolerantiam
591 1766 874 1802 etaaquanimitatem
887 1774 893 1793 :
907 1773 940 1793 ac
952 1773 1020 1801 pru-

196 1811 268 1838 dens
284 1811 461 1846 este,sicque
471 1811 605 1839 omnium
621 1819 777 1847 pravorum
793 1818 914 1846 operum
927 1810 1020 1838 domi-

197 1856 312 1890 nabere,
325 1864 502 1891 omnemque
522 1855 671 1891 justitiam
690 1855 875 1891 adimplebis.
892 1855 921 1882 Si
937 1863 1019 1882 nam-

194 1909 250 1935 que
265 1900 438 1935 zequanimis
451 1900 552 1934 fueris,
578 1900 704 1936 Spiritus
728 1902 860 1933 sanctus,
876 1899 926 1935 qui
946 1899 976 1927 in
990 1902 1020 1927 te

194 1945 315 1975 habitat,
334 1954 424 1980 purus
435 1946 500 1978 erit,
518 1953 569 1972 nec
581 1953 598 1972 a
609 1944 738 1981 maligno
754 1945 858 1981 spiritu
880 1945 1017 1972 obscura-

193 1989 298 2023 tus,vel
312 1990 435 2017 iLDtlﬂlllS
447 1990 483 2017 ab
499 1989 658 2018 iracundia.
673 1989 746 2018 Nam
759 1990 787 2017 in
799 1989 1018 2025 aequanimitate

196 2034 334 2060 Dominus
351 2034 478 2062 habitat:
495 2034 524 2061 in
541 2034 694 2062 iracundia
717 2034 935 2062 diabolus.Non
953 2042 1018 2062 con-

193 2078 272 2104 venit
287 2080 383 2104 antem
402 2082 558 2114 utrumque
569 2079 704 2114 spiritum
721 2080 823 2107 eodem
839 2079 868 2106 in
886 2079 948 2106 loco
965 2078 1016 2107 ha-

192 2122 369 2149 bitarc.Num
383 2123 405 2148 si
424 2125 576 2158 acceptum
593 2123 734 2150 absinthii
746 2123 913 2156 minimum,
930 2123 959 2151 in
974 2123 1016 2151 1a-

192 2175 295 2201 genum
315 2167 408 2194 mellis
424 2167 572 2201 effuderis,
586 2176 681 2195 nonne
693 2167 750 2195 mel
761 2169 855 2196 totum
867 2167 938 2195 illud
955 2168 1015 2196 dis-

192 2211 274 2246 perit.
288 2214 315 2238 et
338 2213 418 2237 tanta
449 2210 543 2239 mellis
563 2211 647 2247 copia
672 2220 690 2239 a
716 2212 837 2240 minimo
866 2212 1015 2241 absinthio

191 2255 410 2290 corrumpitur?
422 2256 477 2283 Sed
491 2258 592 2284 contra
607 2256 631 2283 si
643 2256 825 2284 absinthium
841 2257 870 2284 in
883 2256 939 2284 mel
957 2265 1013 2285 non

191 2300 369 2334 projiciatur,
390 2301 427 2326 ita
452 2299 509 2328 mel
524 2300 608 2328 dulce
619 2301 773 2336 reperitur,
785 2309 818 2328 ac
843 2301 913 2329 utile
927 2301 1013 2337 plane

190 2347 234 2371 est
244 2344 362 2371 domino
387 2354 448 2371 suo.

226 2389 373 2424 Perpende
391 2390 488 2425 itaque
513 2388 673 2418 dulciorem
690 2389 776 2418 melle
795 2398 859 2418 esse
885 2391 1014 2427 aequani-

190 2434 331 2466 mitatem,
349 2436 438 2468 atque
455 2433 556 2461 utilem
571 2434 692 2462 Domino
708 2434 757 2470 qui
773 2434 802 2462 in
813 2434 865 2462 illa
879 2434 1010 2470 habitat;

188 2478 340 2505 iracundia
354 2487 415 2505 vero
428 2479 675 2514 :rquanimitatem
690 2479 857 2508 labefactat.
868 2479 943 2507 Audi
958 2480 1011 2515 igi-
1027 2495 1029 2498 -

189 2524 235 2549 tur
247 2523 400 2549 iracundia‘
416 2523 485 2556 vim,
498 2532 588 2559 quam
600 2523 624 2552 si
635 2523 773 2560 maligna,
787 2532 875 2560 quam
892 2524 1013 2553 seducat

188 2575 285 2594 servos
303 2568 361 2599 Dei,
379 2571 406 2594 et
423 2576 475 2594 sua
485 2568 511 2595 vi
531 2571 705 2604 prosternat.
727 2569 814 2597 Porro
830 2569 951 2597 minime
966 2577 1011 2597 se-

221 2638 275 2672 (425)
294 2641 403 2665 llermze
418 2639 550 2666 mandat.
566 2640 593 2666 3.

218 2674 273 2709 (44)
290 2677 353 2701 Haec
369 2676 456 2701 verba
470 2675 498 2702 in
511 2676 639 2703 secundo
651 2675 762 2703 Hermae
779 2676 927 2708 mandato,
948 2685 1005 2704 non

182 2714 403 2747 consequenter,
417 2711 466 2738 sed
484 2710 551 2747 hinc
568 2711 634 2738 inde
643 2711 799 2747 desumpta
815 2714 893 2745 sunt,
911 2714 941 2739 et
955 2717 1008 2740 ha-

183 2745 373 2784 bent_ur_item
388 2747 466 2781 apud
482 2746 663 2784 Antiochum
679 2745 758 2775 hom:
774 2748 819 2782 66,
833 2756 860 2784 p.
877 2748 956 2776 1128.
970 2749 973 2752 ’

219 2782 275 2815 (45)
293 2781 404 2808 Hermae
423 2782 555 2810 mandat.
571 2783 599 2810 3.
640 2793 643 2795 λ

219 2818 275 2852 (-lii)
289 2817 380 2853 Vulgo
395 2817 478 2852 male,
496 2816 649 2854 ἀναμενέτω
662 2818 765 2848 None.

1076 1737 1178 1758 σκοπος
1198 1726 1270 1765 λέγει
1293 1726 1377 1763 αὐτῷ.
1395 1729 1492 1756 ’Ἄκουε
1520 1727 1565 1754 καὶ
1593 1731 1645 1763 τῆς
1675 1728 1810 1766 πέμπτης
1838 1729 1908 1757 ἐντο-

1077 1770 1140 1806 λῆς·
1156 1770 1281 1799 Φύλασσε
1299 1771 1349 1806 τήν
1375 1771 1479 1799 εὔνοιαν
1494 1773 1551 1809 (48)
1566 1772 1610 1800 καὶ
1645 1772 1854 1812 μακροθυμίαν,
1866 1771 1908 1800 καὶ

1074 1815 1150 1853 γίνου
1165 1815 1273 1847 συνετὸς
1287 1815 1333 1843 καὶ
1348 1816 1456 1844 πάντων
1471 1819 1524 1844 τῶν
1546 1820 1680 1855 πονηρῶν
1713 1816 1802 1855 ἕργῶν
1831 1827 1908 1846 κατα-

1074 1860 1235 1898 κυριεύσας,
1251 1860 1296 1889 καὶ
1321 1860 1419 1899 ἐργάσῃ
1445 1864 1531 1889 πᾶσαν
1562 1860 1757 1898 δικαιοσύνην.
1774 1862 1836 1891 Ἐὰν
1859 1861 1908 1899 γὰρ

1076 1905 1250 1943 μακρόθυμος
1275 1902 1331 1942 ἔσῃ,
1352 1905 1383 1933 τὸ
1406 1908 1514 1942 Πνεῦμα
1538 1906 1569 1934 τὸ
1599 1907 1684 1944 ἅγιον
1712 1909 1859 1935 κατοικοῦν
1883 1906 1907 1934 ἰν

1073 1949 1115 1976 σοὶ
1144 1949 1258 1987 καθαρὸν
1287 1948 1372 1983 ἔσται,
1401 1950 1439 1987 μὴ
1474 1949 1666 1987 σκοτούμενον
1704 1952 1761 1980 ὕπὸ
1790 1953 1909 1988 πονηροῦ

1072 1993 1235 2030 πνεύματος,
1253 1994 1290 2030 μὴ
1322 1993 1482 2030 μειούμενον
1508 1996 1565 2031 (49)
1582 1995 1635 2023 ὑπὸ
1667 1999 1722 2032 τῆς
1753 1996 1910 2034 ὀξυχολίας,

1072 2038 1115 2066 Ἐν
1139 2038 1189 2075 γὰρ
1215 2040 1248 2075 τῇ
1271 2039 1444 2077 μακροθυμίᾳ
1459 2040 1473 2066 ὁ
1489 2039 1586 2077 Κύριος
1611 2044 1757 2077 κατοικεῖ,
1774 2040 1801 2068 ἐν
1827 2039 1855 2068 at
1878 2041 1909 2076 τῇ

1072 2081 1205 2119 ὀξυχοΑίᾳ
1232 2082 1246 2109 ὁ
1276 2081 1419 2115 διάϐολος.
1439 2083 1594 2123 Ἀμφότερα
1623 2084 1676 2113 οῦν
1706 2086 1744 2113 τὰ
1774 2085 1912 2122 πνεύματα

1071 2126 1226 2165 ἀσύμφορόν
1254 2126 1324 2155 ἐστιν
1349 2128 1375 2156 ξι
1398 2127 1489 2164 ταύτῷ
1514 2131 1668 2159 κατοικεῖν.
1686 2130 1752 2158 Ἐὰν
1781 2131 1835 2168 γὰρ
1864 2128 1911 2157 λα-

1070 2168 1125 2198 ϐὼν
1142 2171 1269 2208 ἀψινθίου
1291 2172 1388 2210 μικρὸν
1413 2173 1451 2204 εἷς
1475 2173 1605 2210 κεράμιον
1636 2173 1760 2211 μέλιτος
1787 2175 1912 2213 ὲπιχὲῃς,

1070 2215 1133 2253 οὖχῖ
1149 2215 1213 2244 ὅλον
1230 2217 1260 2244 τὸ
1278 2216 1341 2253 μέλι
1357 2216 1510 2256 ἀφανίζεται
1524 2218 1570 2245 καὶ
1594 2221 1739 2248 τοσοῦτον
1768 2219 1834 2257 μὲλι
1859 2218 1909 2246 ὑπὸ

1067 2262 1116 2287 τοῦ
1142 2260 1289 2298 ὶλαχίστου
1318 2261 1442 2298 ἀψινθίου
1470 2261 1649 2299 ἀπόλλυται;
1669 2264 1738 2293 Ἐὰν
1765 2263 1797 2292 δὲ
1822 2264 1860 2296 εἷς
1883 2262 1912 2291 τὸ

1070 2303 1133 2340 μέλι
1159 2306 1198 2341 μή
1224 2305 1317 2343 βληθῇ
1345 2307 1377 2334 τὸ
1407 2306 1540 2344 ἀψίνθιον,
1568 2306 1661 2345 γλυκὺ
1696 2309 1857 2347 εὑρίσκεται
1883 2307 1912 2335 τὸ

1069 2348 1132 2385 μέλι
1147 2350 1192 2377 καὶ
1206 2348 1357 2389 εὔχρηστον
1374 2350 1479 2382 πάντως
1496 2351 1600 2389 γίνεται
1615 2354 1662 2388 τῷ
1675 2351 1815 2391 δεσπότῃ.
1893 2381 1898 2385 ,

1106 2393 1195 2421 Βλὲπε
1224 2393 1290 2429 οὖν,
1322 2394 1362 2422 ὅτι
1392 2395 1408 2430 ἠ
1442 2395 1616 2433 μακροθυμία
1649 2396 1819 2434 γλυκυτάτη
1849 2395 1916 2425 ἰστῖν

1068 2437 1133 2475 ὑπὲρ
1157 2439 1188 2466 τὸ
1214 2438 1291 2476 μέλει
1316 2439 1361 2466 καὶ
1385 2437 1537 2478 εὕχρηστός
1553 2439 1609 2467 ἐστι
1627 2443 1672 2477 τῷ
1690 2441 1790 2481 Κυρίῳ
1819 2441 1865 2470 καὶ
1888 2440 1912 2468 ἒν

1066 2481 1134 2519 αὐτῇ
1163 2486 1284 2511 κατοικεῖ
1299 2492 1306 2499 ’
1334 2485 1351 2518 ἡ
1391 2483 1419 2511 δὲ
1449 2484 1583 2523 ὀξυχολία
1612 2486 1669 2520 τὴν
1719 2486 1913 2523 μακροθυμίαν

1068 2527 1178 2563 μιαίνει.
1195 2529 1295 2556 ’Ἄκουε
1312 2526 1341 2555 δὲ
1353 2528 1398 2556 καὶ
1413 2529 1462 2563 τήν
1489 2528 1627 2567 ἐνὲργιιαν
1660 2533 1718 2565 τῆς
1752 2530 1911 2569 ὀξυχολίας,

1065 2573 1124 2602 πῶς
1153 2572 1260 2610 πονηρά
1289 2572 1344 2600 ἐστι
1373 2573 1418 2600 καὶ
1433 2572 1523 2609 πλανᾷ
1537 2572 1602 2604 τοὺς
1621 2572 1754 2607 δούλους
1769 2578 1821 2604 τοῦ
1851 2576 1916 2603 Θεοῦ

1101 2643 1157 2678 (47)
1173 2643 1284 2671 Hermas
1302 2645 1431 2673 mandat.
1448 2645 1476 2678 5,
1493 2647 1521 2673 et
1536 2645 1682 2674 Antioch.
1702 2646 1792 2675 hom.
1809 2647 1855 2675 40.

1101 2643 1157 2715 (47)
1173 2643 1284 2671 Hermas
1302 2645 1431 2673 mandat.
1448 2645 1476 2678 5,
1493 2647 1521 2673 et
1536 2645 1682 2674 Antioch.
1702 2646 1792 2675 hom.
1809 2647 1855 2675 40.

1101 2679 1145 2719 (ᾴ8
1155 2678 1274 2719 __Vulgo,
1290 2679 1389 2715 ἀνείαν,
1406 2680 1437 2709 in
1461 2688 1519 2717 quo
1543 2683 1573 2709 et
1597 2681 1733 2710 ἀνιικίαν
1757 2683 1855 2712 latere
1869 2690 1917 2719 po-

1064 2716 1135 2742 test.
1155 2714 1271 2743 Novra.’
1383 2714 1386 2715 ⁷
1470 2714 1479 2717 ⁷
1869 2714 1878 2719 ’

1100 2750 1211 2794 (49)lEx
1226 2750 1262 2779 iis
1282 2759 1345 2793 quis
1359 2751 1461 2793 statim
1478 2753 1664 2794 sequuntur,
1684 2753 1703 2788 ἠ
1723 2751 1755 2782 ὃὶ
1773 2753 1917 2794 ἀξυχ.-τὴν

1065 2796 1095 2822 μ.
1110 2787 1325 2822 μιαίνει,ροεεὶι
1340 2788 1485 2822 conjicere
1499 2787 1702 2818 histor-taleis
1716 2787 1916 2820 scribendum

1063 2830 1129 2850 esse
1146 2823 1322 2859 μιαινόμενον
1336 2831 1343 2858 ;
1358 2823 1445 2859 vulgo
1460 2823 1538 2854 male
1554 2823 1732 2862 μιούμινον.
1750 2829 1796 2855 ιι).
