2036 3105
150 159 211 190 561
659 158 857 190 DOCTRINA
878 159 930 190 AD
953 159 1186 192 ANTIOCHUM
1209 159 1357 191 DUCEM.
1801 157 1859 188 562

149 225 197 253 καὶ
213 223 387 263 καταστρέφει
416 225 451 261 τῇ
481 224 578 259 ἑαυτῆς
608 223 738 262 ἐνεργείᾳ·
770 224 820 252 οὐκ
835 224 978 260 ἀποπλανᾷ

1037 226 1117 254 ducit
1133 234 1183 254 eos
1199 225 1249 262 qui
1266 225 1424 262 plenisunt
1434 224 1568 258 ﬁdei,nec
1583 222 1734 258 quidpiam
1752 223 1859 251 virium

151 268 182 297 δὲ
194 269 262 300 τοὺς
291 267 369 299 ὄντας
398 267 513 305 πλήρεις
541 268 568 295 ἐν
596 270 631 305 τῇ
655 268 743 296 πίστει
760 267 822 296 οὐδὲ
837 267 978 306 ἐνεργῆσαι

152 312 265 341 δύναται
293 312 332 344 εἰς
366 312 474 348 αὐτοὺς,
500 312 541 340 ὅτι
563 314 581 348 ἢ
605 312 718 349 δύναμις
741 315 790 341 τοῦ
806 313 905 351 Κυρίου
922 314 980 350 μετ’

151 358 242 386 αὐτων
269 357 348 385 ἐστιν.
373 356 447 385 ἀλλὰ
471 357 616 393 ἀποπλανᾷ
643 357 706 389 τοὺς
729 356 874 396 διψύχους.
897 359 979 387 Ὅταν

150 403 204 441 γὰρ
238 401 283 440 ἴδῃ
321 401 384 433 τοὺς
420 401 563 433 τοιούτους
586 401 746 440 ἀνθρώπους
775 402 979 438 ιύσταθοῦντας,

151 445 345 485 παρεμϐάλλει
371 447 467 481 ἑαυτὴν
494 446 533 478 εἰς
556 447 606 481 τὴν
629 445 740 483 καρδίαν
760 449 810 474 τοῦ
824 447 979 485 ἀνθρώπουι

151 492 198 520 καὶ
238 491 311 519 οὕτω
350 491 518 530 πικραίνεται
555 491 697 528 ἄνθρωπος
723 490 811 519 ἕνεκεν
844 492 980 530 βιωτικῶν

150 536 330 574 πραγμάτων,
345 536 363 571 ἢ
380 535 461 576 φίλου
474 536 558 572 τινὸς,
573 536 591 570 ἢ
607 536 669 573 περὶ
683 535 784 567 δόσεως
796 536 841 564 καὶ
857 536 980 574 λήψεως,

150 582 168 616 ἢ
200 581 263 618 περὶ
292 580 425 608 τοιούτων
457 582 560 618 μικρῶν
685 581 865 618 πραγμάτων.
893 584 981 609 Ταῦτα

149 626 239 653 πάντα
270 625 350 663 μωρά
378 624 434 652 ἐστι
453 624 500 652 καὶ
523 625 586 652 κενὰ
608 625 654 652 καὶ
669 624 814 664 ἀσύμφορα
828 628 887 657 τοῖς
916 624 979 653 δού-

150 670 214 702 λοις
237 672 287 698 τοῦ
309 672 386 698 Θεοῦ.
410 670 442 697 ’Π
467 668 496 697 δὲ
521 669 695 707 μακροθυμία
718 669 822 707 μεγάλη
851 669 906 697 ἐστὶ
935 670 979 698 καὶ

151 714 253 752 ὀχυρὰ,
283 713 385 752 ἔχουσα
412 715 461 748 τὴν
492 712 607 750 δύναμιν
629 714 744 751 ἰσχυρὰν
760 714 805 741 καὶ
822 715 979 751 καθημένην

149 759 177 786 ἄν
193 758 351 795 πλατυσμῷ
367 757 491 796 μεγάλῳ’
515 757 607 796 ἱλαρὰ,
627 757 821 796 ἀγαλλιωμένη
852 758 897 786 καὶ
914 759 980 795 ἀμέ-

149 803 250 841 ριμνὸς
265 802 332 830 οὖσα
346 801 451 838 δοξάζει
465 803 512 831 τὸν
527 803 627 838 Κύριον
648 802 674 830 ιν
701 803 781 830 παντὶ
810 806 897 841 καιρῷ
930 814 982 840 μη-

1032 270 1122 298 habet
1136 270 1166 298 in
1183 270 1258 304 illos,
1276 269 1455 306 quibuscum
1471 269 1565 296 virtus
1589 267 1705 295 Domini
1730 270 1792 301 est;
1809 268 1858 294 sed

1035 315 1178 343 subornat
1189 323 1238 342 eos
1247 315 1298 350 qui
1314 314 1411 342 animo
1431 313 1563 349 duplices
1577 315 1658 340 sunt.
1670 313 1740 340 Cum
1756 311 1861 339 viderit

1035 359 1114 387 enim
1130 359 1302 394 hujusmodi
1317 358 1450 386 homines
1465 356 1623 392 tranquille
1633 357 1820 392 degere,sese
1830 356 1860 383 in

1035 412 1084 431 car
1099 412 1199 432 eorum
1211 403 1364 431 immittit:
1380 405 1469 438 atque
1486 402 1528 429 ita
1552 401 1683 429 irritatur
1711 401 1798 428 homo
1813 409 1861 428 re-

1036 456 1100 476 rum
1117 456 1207 476 causa
1221 447 1439 483 temporalium,
1457 449 1508 474 aut
1523 446 1620 480 amici,
1644 448 1694 472 aut
1714 445 1793 478 doni,
1811 448 1862 473 aut

1035 492 1145 528 accepti
1157 493 1392 528 cujuspiam,eut
1407 490 1679 526 deniquefmdorum
1691 490 1860 525 hujusmodi

1036 537 1219 573 negotiorum
1234 536 1337 573 gratia.
1351 536 1414 564 Haac
1429 538 1527 564 autem
1543 534 1650 567 omnia,
1671 534 1771 568 stulta,
1787 543 1862 562 vana

1035 583 1065 609 et
1091 581 1209 609 inutilia
1234 583 1305 609 sunt
1334 581 1384 609 Dei
1414 580 1516 608 servis.
1546 579 1760 614 Equsnimitas
1794 586 1860 606 vero

1036 634 1143 662 magna
1150 620 1291 661 firmaque
1298 625 1414 659 est,vim
1421 625 1534 652 habens
1545 624 1697 652 robustam
1705 623 1733 650 in
1744 631 1862 659 magna-

1036 678 1092 707 que
1108 670 1262 698 latitudine
1271 670 1525 702 sedentem.Laata,
1537 668 1762 703 exsultabunda,
1779 670 1859 695 tran-

1035 715 1264 751 quilla,Domino
1279 715 1403 751 gloriam
1419 714 1524 742 tribuit
1533 714 1613 742 omni
1630 715 1773 749 tempore,
1787 713 1860 741 nihil

1034 760 1066 787 in
1081 768 1112 788 se
1126 760 1238 788 habens
1253 759 1472 795 amaritudinis,
1498 760 1722 795 perseveratque
1746 765 1860 794 semper

1035 805 1065 833 in
1081 804 1308 833 mansuetudine
1323 807 1351 832 et
1369 804 1399 832 in
1414 804 1522 840 quiete.

150 847 194 876 δὶν
211 846 316 886 ἔχουσα
330 846 356 875 ἐν
371 847 453 884 ὶαυτῇ
468 847 577 884 πικρὸν,
592 847 782 884 παραμένουσα
797 846 843 875 διὰ
856 849 955 880 παντὸς
971 848 996 875 ἐν
1012 848 1145 886 πραότητι
1160 848 1205 876 καὶ
1220 848 1332 886 ἡσυχίᾳ.

185 900 264 936 Αὕτη
280 899 356 935 οὖνὴ
384 900 558 939 μακροθυμία
576 904 698 928 κατοικεῖ
722 902 789 937 μετὰ
810 902 864 929 τῶν
890 901 979 930 πίστιν

1069 903 1136 931 Haec
1150 911 1218 940 ergo
1229 902 1434 939 aequanimitas
1449 904 1510 930 tota
1524 901 1668 929 inhabitat
1683 900 1711 927 in
1724 900 1859 936 iisquifi-

148 945 274 983 ιχόντων
291 944 458 983 ὁλόκληρος.
474 946 505 974 Ἡ
522 944 551 973 δὲ
568 944 703 983 ὀξυχυλία
717 948 825 984 πρῶτον
845 946 893 982 μὲν
919 957 978 982 μω-

147 989 195 1027 ρία
223 989 282 1017 ἐστὶ
310 989 355 1017 καὶ
387 989 502 1029 ἐλαφρία
533 992 646 1028 φρενῶν·
676 989 733 1017 εἶτα
762 990 791 1018 ἐκ
818 993 869 1025 τῆς
897 990 979 1030 ἀφρο-

149 1035 235 1069 σύνης
251 1034 358 1072 γίνεται
374 1034 480 1072 πικρία.
497 1035 552 1070 (51)
568 1034 598 1062 ἐκ
619 1033 648 1062 δὲ
670 1038 721 1070 τῆς
749 1036 859 1073 πικρίας
881 1036 977 1072 θυμὸς,

147 1078 178 1107 ἂι
194 1077 226 1106 δὶ
247 1081 301 1106 τοῦ
318 1079 408 1115 θυμοῦ
424 1078 503 1117 ὀργή,
520 1078 550 1106 ἐκ
564 1077 593 1106 δὲ
608 1082 658 1114 τῆς
683 1079 768 1118 ὀργῆς
795 1083 885 1116 μῆνις.
914 1080 979 1108 Εἶτα

145 1125 164 1158 ἡ
199 1125 284 1160 μῆνις
312 1122 343 1151 ὲκ
370 1123 506 1151 τοσούτων
535 1125 625 1151 κακῶν
660 1123 839 1161 συνισταμένη
877 1125 977 1162 γίνεται

145 1168 272 1206 ἁμαρτία
302 1167 409 1205 μεγάλη
434 1168 478 1195 καὶ
502 1167 621 1199 ἀνίατος.
646 1169 729 1197 ’Όταν
757 1169 808 1207 γὰρ
832 1169 918 1197 πάντα
945 1170 979 1197 τὰ

145 1212 311 1250 ἀνθρώπινα
339 1211 422 1240 ταῦτα
449 1212 476 1240 ἐν
502 1212 540 1239 ἑνὶ
567 1212 669 1250 ἀγγείῳ
691 1216 822 1249 κατοικεῖ,
839 1213 907 1241 ὅπου
933 1214 979 1242 καὶ

146 1258 179 1284 τὸ
197 1259 311 1293 Πνεῦμα
325 1257 355 1284 τὸ
371 1257 459 1294 ἅγιον
477 1256 508 1284 οὐ
522 1259 611 1294 ’χωρεῖ
638 1256 723 1285 ἐκεῖνο
737 1258 769 1285 τὸ
794 1258 887 1296 ἄγγος,
915 1258 978 1286 ἀλλ’

149 1301 367 1339 ὕπερπλεονάζει
395 1302 428 1329 τὸ
459 1301 590 1341 τρυφερὸν
621 1303 732 1339 Πνεῦμα
760 1303 798 1339 μή
823 1301 887 1341 ἔχον
917 1313 978 1330 συν-

147 1348 246 1382 ήθειαν
266 1347 333 1383 μετᾶ
346 1348 470 1384 πονηροῦ
482 1347 637 1383 πνεύματος
651 1346 695 1374 καὶ
720 1346 891 1384 σληρότητος
914 1357 978 1375 κατ-

148 1394 249 1419 οικεῖν·
281 1391 426 1429 ὑποχωρεῖ
449 1390 494 1418 οὖν
519 1391 573 1418 ἀπὸ
595 1392 644 1418 τοῦ
663 1390 807 1428 ἀνθρώπου
821 1392 918 1419 τούτου
933 1392 978 1419 καὶ

148 1438 230 1471 ζητεῖ
258 1437 394 1463 κατοικεῖν
427 1435 495 1472 μετὰ
517 1435 672 1473 πραότητος
695 1435 740 1462 καὶ
764 1435 890 1474 ἡσυχίας.
913 1436 978 1464 Εἶτα

146 1481 213 1509 ὅταν
239 1480 346 1517 ἀποστῇ
372 1480 425 1507 ἀπὸ
447 1482 496 1507 τοῦ
521 1479 675 1517 ἀνθρώπου,
701 1479 732 1507 οὗ
746 1483 876 1517 κατοικεῖ,
905 1479 977 1518 γίνε-

145 1536 192 1553 ται
221 1526 237 1552 ὁ
269 1524 410 1561 ἄνθρωπος
438 1524 539 1555 ἐκεῖνος
567 1524 643 1556 κενὸς
668 1524 721 1552 ἀπὸ
749 1526 797 1552 τοῦ
821 1525 977 1562 Πνεύματος

145 1573 198 1598 τοῦ
214 1569 307 1608 ἁγίου,
321 1570 367 1597 καὶ
384 1569 492 1605 λοιπὸν,
507 1569 725 1607 πεπληρωμένος
737 1572 790 1597 τῶν
816 1571 976 1606 πνευμάτων

147 1618 205 1643 τῶν
233 1617 376 1652 πονηρῶν,
407 1615 583 1642 ἀκαταστατεῖ
610 1614 635 1641 ἐν
668 1614 739 1651 πάσῃ
761 1613 854 1652 πράξει
884 1614 977 1649 αὐτοῦ,

148 1660 363 1696 περισπώμενος
388 1657 444 1686 ὦδε
469 1658 547 1686 κάκεῖ
573 1658 626 1686 ἀπὸ
660 1659 714 1686 τῶν
744 1659 890 1697 ἀνθρώπων
925 1661 978 1686 τῶν

150 1706 298 1741 πονηρῶν,
313 1703 357 1730 καὶ
378 1703 443 1734 ὅλος
474 1702 676 1742 ἀποτυφλοῦται
702 1703 755 1730 ἀπὸ
782 1707 833 1738 τῆς
862 1702 981 1734 διανοίας

150 1750 204 1783 τῆς
219 1748 335 1786 ἀγαθῆς.
366 1747 459 1778 Οὕτως
488 1748 533 1774 οὗν
562 1745 704 1784 συμϐαίνει
732 1750 796 1775 πᾶσι
809 1750 867 1779 τοῖς
883 1748 981 1785 ὀξυχό-

153 1793 229 1824 λοις.
251 1792 375 1830 ’Δπέχου
404 1791 451 1819 οὖν
481 1792 533 1819 ἀπὸ
559 1795 609 1827 τῆς
634 1791 780 1830 ὀξυχολίας
796 1794 844 1819 τοῦ
859 1794 982 1830 πονηροῦ

152 1837 303 1874 δαίμονος·
321 1834 424 1864 ἔνδυσαι
441 1834 469 1863 δὲ
482 1836 532 1871 τὴν
548 1836 748 1874 μακροθυμίαν,
774 1835 818 1863 καὶ
842 1835 981 1872 ἀντίστηθι

150 1885 187 1916 τῆ
205 1880 351 1919 ὀξυχολίᾳ,
367 1880 411 1908 καὶ
435 1879 482 1917 ἔσῃ
505 1880 697 1917 ἐπαινούμενος
726 1880 793 1917 μετὰ
816 1880 982 1917 σεμνότητος

150 1930 213 1957 τοῖς
229 1925 420 1964 ἠγαπημένοις
444 1925 496 1953 ὑπὸ
522 1925 633 1963 Κυρίου.
663 1924 751 1953 Βλέπε
766 1925 811 1953 οὗν
829 1926 866 1962 μὴ
895 1935 981 1963 παρα-

154 1971 267 2008 λογήσῃ
282 1971 331 2004 τήν
347 1969 459 2004 ἐντολὴν
473 1969 585 2005 ταύτην
602 1969 645 1997 ἐὰν
662 1969 713 2007 γὰρ
728 1969 827 2005 ταύτην
849 1969 981 2008 φυλάξῃς,

154 2014 262 2052 δυνήσῃ
277 2014 383 2045 καὶτὰς
398 2013 498 2045 λοιπὰς
521 2017 648 2052 τηρῆσαι.
671 2013 752 2052 ’ίσχυι
774 2014 819 2041 οὗν
844 2013 869 2041 ἐν
890 2013 982 2045 αὐταῖς

152 2060 201 2087 ιαιί
218 2057 381 2096 ὖνδυναμοῦ,
396 2059 441 2087 καὶ
455 2060 577 2094 νικήσεις
592 2058 637 2087 καὶ
653 2060 743 2094 ζήσεις
760 2058 798 2090 εἰς
821 2058 884 2090 τοὺς
914 2058 983 2086 αἰῶ-

154 2114 216 2135 νας.
233 2104 337 2141 ’Δμήν.

1034 947 1100 975 dam
1126 949 1251 975 servant.
1268 947 1423 975 Iracundia
1448 954 1515 974 vero
1530 946 1658 982 primum
1672 944 1788 972 insania
1802 946 1856 977 est,

1034 992 1201 1027 mentisque
1216 991 1329 1019 levitas.
1345 991 1418 1019 Hinc
1434 998 1468 1018 ex
1476 989 1602 1018 stultitia
1612 989 1743 1025 gignitur
1751 989 1858 1016 amari-

1033 1036 1122 1069 tudo;
1139 1044 1172 1064 ex
1182 1035 1388 1070 amaritudine,
1401 1035 1557 1063 vehemens
1573 1034 1705 1067 animus;
1719 1033 1857 1060 exanimo

1032 1080 1207 1114 vehementi,
1242 1080 1304 1114 ira;
1334 1088 1368 1108 ex
1383 1080 1436 1113 ira,
1452 1080 1543 1107 furor.
1567 1079 1637 1106 Hinc
1655 1079 1734 1105 furor
1751 1078 1800 1113 qui
1817 1079 1859 1104 ιυι

1033 1125 1183 1161 tantisque
1197 1133 1232 1153 ex
1248 1124 1334 1153 malis
1350 1126 1474 1158 constat,
1491 1126 1642 1159 peccatum
1671 1123 1767 1150 evadit
1796 1131 1857 1150 ma-

1033 1178 1124 1206 gnum
1142 1172 1171 1197 et
1186 1169 1355 1197 incurabile.
1371 1169 1493 1201 Quando
1509 1168 1587 1196 enim
1612 1168 1710 1195 omnia
1731 1168 1790 1195 haec
1807 1167 1859 1194 hu-

1034 1222 1123 1242 mana
1138 1214 1167 1242 in
1181 1223 1248 1242 vase
1264 1222 1322 1242 uno
1339 1213 1537 1247 continentur,
1563 1213 1612 1240 ubi
1633 1215 1676 1239 est
1692 1216 1717 1238 (ιι
1733 1211 1858 1247 Spiritus

1034 1261 1165 1292 sanctus,
1182 1267 1239 1286 non
1253 1260 1350 1294 potest
1361 1266 1413 1285 vas
1428 1257 1723 1293 hujusmodicaprre;
1742 1257 1790 1283 sed
1808 1264 1861 1283 su-'

1033 1303 1180 1338 perefﬂuit
1194 1303 1292 1331 suavis
1309 1302 1356 1330 ille
1370 1302 1506 1338 Spiritus,
1536 1301 1583 1329 cui
1600 1310 1654 1328 non
1672 1304 1716 1327 est
1731 1308 1855 1328 consua-

1032 1348 1104 1375 tudo
1118 1347 1269 1375 habitandi
1286 1355 1352 1374 cum
1369 1346 1498 1382 maligno
1524 1345 1627 1382 spiritu
1645 1346 1720 1372 ’ωλι
1736 1348 1764 1371 et
1788 1352 1855 1371 eum

1032 1392 1179 1427 ejusmodi
1194 1392 1301 1419 duritie
1316 1391 1418 1419 animi.
1433 1390 1547 1418 Secedit
1573 1390 1671 1424 itaque
1701 1391 1737 1416 ab
1752 1389 1855 1423 hujus-

1033 1437 1112 1465 modi
1128 1436 1257 1471 homine,
1273 1436 1433 1472 quaeritque
1449 1435 1579 1463 habitare
1598 1443 1664 1461 cum
1683 1436 1854 1461 mansuetu-

1032 1481 1100 1509 dine
1115 1484 1144 1509 et
1158 1481 1267 1517 quiete.
1290 1481 1363 1508 Hinc
1387 1482 1542 1516 postquam
1558 1478 1734 1507 abscesserit
1754 1478 1790 1505 ab
1806 1477 1857 1505 ho-

1034 1526 1113 1553 mine
1124 1525 1173 1554 illo
1189 1526 1218 1553 in
1232 1533 1289 1561 quo
1305 1525 1468 1560 habitabat,
1485 1524 1608 1552 efﬁcitur
1625 1523 1711 1551 homo
1727 1522 1775 1550 illo
1791 1521 1858 1557 Spi-

1033 1570 1090 1598 ritu
1116 1573 1216 1598 sancto
1246 1578 1367 1602 vacuus,
1394 1577 1427 1597 ac
1443 1570 1561 1596 demum
1578 1568 1682 1604 plenus
1707 1566 1860 1603 spiritibus

1035 1615 1183 1651 malignis,
1200 1614 1470 1650 incompositusque
1494 1617 1537 1641 est
1565 1613 1595 1640 in
1611 1613 1749 1639 omnibus
1772 1610 1861 1646 gestis

1035 1660 1108 1693 suis,
1119 1659 1195 1687 ultro
1206 1659 1338 1695 citroque
1354 1659 1389 1686 ab
1406 1658 1549 1694 improbis
1565 1657 1734 1685 hominibus
1752 1656 1858 1683 distra-

1036 1706 1112 1738 ctus,
1128 1712 1161 1732 ac
1176 1704 1253 1732 bona
1269 1706 1366 1731 mente
1375 1711 1484 1731 vacuus
1495 1702 1613 1738 penitus
1629 1701 1862 1729 excaecaturﬂoc

1036 1749 1158 1784 contigit
1173 1748 1312 1776 omnibus
1337 1747 1494 1775 iracundis.
1512 1747 1620 1775 Cohibe
1652 1750 1678 1773 to
1709 1746 1797 1780 igitur
1826 1747 1861 1773 ab

1037 1793 1189 1822 iracundia
1204 1792 1325 1829 maligni
1336 1792 1488 1820 daemonis.
1499 1792 1589 1819 lndue
1601 1799 1699 1825 mquan
1707 1790 1861 1824 imitatem,

1037 1838 1234 1866 etiracundiaa
1247 1837 1378 1869 obsiste;
1405 1836 1601 1870 laudibusque
1625 1835 1711 1869 prolm
1736 1834 1863 1861 celebra-

1036 1882 1114 1910 beris
1129 1882 1166 1910 ab
1182 1882 1350 1909 hominibus
1367 1881 1489 1908 Domino
1506 1879 1703 1907 dilectisNide
1721 1879 1817 1913 itaque
1829 1886 1864 1905 ne

1037 1926 1181 1963 despicias
1206 1926 1259 1953 hoc
1275 1926 1458 1953 mandatum.
1477 1924 1506 1951 Si
1528 1924 1581 1951 hoc
1597 1924 1703 1958 quippe
1719 1921 1863 1950 custodie-

1038 1971 1120 2006 ris,et
1131 1970 1243 2006 reliqua
1259 1978 1374 1998 servare
1402 1968 1521 2004 poteris.
1541 1968 1570 1995 ln
1587 1968 1666 1994 hisco
1696 1967 1785 2002 igitur
1799 1975 1864 1994 con-

1038 2015 1156 2047 fortare,
1172 2017 1201 2042 et
1212 2014 1410 2048 corroborare,
1430 2015 1458 2041 et
1482 2012 1589 2044 vinces,
1607 2012 1743 2047 vivusque
1766 2011 1793 2038 in
1811 2020 1863 2039 Βεε-

1037 2059 1114 2088 cula.
1130 2060 1232 2087 Amen.

709 2171 826 2199 Sextum
844 2169 1021 2204 mandatum,
1038 2171 1127 2207 primi
1145 2170 1307 2205 explicatio.

190 2235 294 2271 6.
322 2233 375 2262 Καὶ
400 2234 558 2264 ἀνασταντες
587 2233 711 2269 ηῧεαντο,
741 2234 786 2261 καί
814 2233 942 2261 καθίσατο
969 2234 980 2261 ἁ

1071 2235 1099 2263 6.
1115 2236 1272 2270 Surgentes
1287 2235 1385 2262 autem
1398 2232 1506 2268 precati
1516 2234 1595 2264 sunt,
1609 2232 1741 2268 seditque
1753 2232 1863 2268 episco-

155 2279 320 2314 ὲπίσιιοπος,
340 2279 385 2307 καὶ
413 2279 485 2306 εἶπεν
516 2277 600 2314 αὐτῷ·
630 2278 729 2307 Ἀκουε
752 2277 796 2305 καὶ
827 2281 876 2312 τῆς
909 2276 988 2313 ἕκτης

154 2323 283 2359 ἄντολῆς.
300 2324 357 2361 (53)
372 2321 566 2359 Ἐνετειλάμην
583 2333 624 2350 σοι
641 2322 667 2350 ἐν
693 2324 726 2359 τῇ
751 2323 847 2361 πρώτῃ
872 2322 982 2359 ἐντολῇ,

154 2368 204 2396 ’ῐνα
219 2368 340 2408 φυλάξῃς
369 2368 418 2402 τήν
447 2366 537 2395 πίστιν
565 2367 610 2394 καὶ
639 2367 685 2395 τὸν
715 2365 799 2406 φόϐον
827 2367 983 2405 καὶέγκρα-

157 2413 254 2450 τεὴ.
285 2412 430 2450 Ἀπεκρίθη
457 2412 471 2439 ὁ
500 2411 655 2450 ’Ἀντίοχος
689 2412 754 2445 Ναὶ,
782 2411 868 2450 κύριε,
898 2412 984 2442 οὕτως

158 2457 228 2486 ἰαί.
254 2457 331 2495 Λέγει
362 2455 434 2492 αὖτῷ
459 2456 473 2483 ὁ
498 2455 656 2487 ἐπίσκοπος·
682 2454 769 2484 Ἀλλὰ
792 2458 837 2483 νῦν
855 2455 926 2488 θέλω
942 2466 985 2483 σοι

158 2501 284 2536 δηλῶσαι
316 2501 361 2529 καὶ
388 2502 438 2531 τὰς
466 2499 594 2536 δυνάμεις
623 2500 722 2536 αὐτῶν,
750 2499 795 2528 ’ίνα
818 2501 919 2538 νοήσῃς
934 2501 983 2535 τὴν

160 2546 274 2583 δύναμιν
304 2547 337 2581 ἢν
365 2544 459 2583 ἔχουσι
487 2545 532 2572 καὶ
560 2544 703 2583 ἐνέργειαν·
730 2544 827 2572 διπλαῖ
857 2546 909 2583 γάρ
923 2545 983 2573 εἶσι·

201 2645 253 2679 (501
270 2643 363 2680 Vulgo
380 2644 505 2680 μιαρῶνς
523 2645 554 2680 at
568 2646 652 2680 vetus
669 2645 726 2672 Lat.
744 2644 850 2679 iuterp.
876 2643 965 2680 habet
979 2652 985 2671 :

160 2679 437 2722 νσιὲῑιῌειρεῡνιξσιιιξ
449 2688 457 2713 3
473 2679 569 2722 ροεεὶε
584 2679 704 2722 ᾲμωρῷν
718 2679 985 2722 οοηῇοθιοιΝοιτε.

204 2717 258 2752 (51)
273 2713 351 2750 Haec,
368 2714 398 2752 ἐκ
412 2713 441 2741 ὂὶ
455 2713 505 2752 τῆς
520 2713 638 2752 πικρίας,
650 2713 761 2744 "desunt
773 2713 804 2743 in
821 2715 920 2752 codice
936 2723 987 2742 no-

162 2750 292 2786 stro,sed
300 2760 335 2780 ea
344 2759 379 2779 ex
389 2750 512 2779 homilia
522 2750 576 2779 110
584 2751 720 2780 Antiochi
733 2751 860 2780 mutuati
872 2759 987 2779 sumus.

215 2788 260 2823 52)
274 2787 389 2815 Horme
402 2787 532 2823 mandat.
547 2788 575 2815 6.

278 2823 347 2852 Πωο
359 2823 457 2858 verba,
480 2821 517 2853 εἰς
540 2823 590 2857 τὴν
620 2822 731 2861 πρώτην
761 2821 873 2855 ἐντολὴν
895 2820 988 2857 ivssu,

1043 2287 1098 2315 pus
1113 2281 1141 2306 et
1163 2278 1203 2306 ait
1219 2277 1278 2305 illi:
1296 2277 1370 2305 Audi
1400 2279 1514 2305 sextum
1543 2285 1658 2312 quoque
1684 2277 1863 2304 mandatum.

1037 2324 1117 2351 Jussi
1134 2326 1161 2350 to
1178 2324 1205 2351 in
1223 2323 1318 2359 primo
1333 2324 1486 2357 precepto,
1503 2329 1617 2349 servare
1633 2322 1719 2348 ﬁdem
1736 2324 1763 2348 et
1777 2321 1863 2348 timo-

1038 2376 1111 2402 rem,
1126 2369 1382 2403 temperanterque
1397 2373 1493 2402 agere.
1510 2365 1669 2401 Respondit
1684 2365 1863 2392 Antiochus:

1039 2412 1143 2445 Etiam,
1159 2411 1285 2445 domine,
1299 2412 1338 2438 ita
1354 2419 1384 2438 se
1401 2418 1447 2438 res
1463 2410 1561 2437 habet.
1577 2410 1623 2437 Ait
1636 2410 1676 2437 illi
1693 2410 1863 2445 episcopus:

1040 2456 1094 2484 Sed
1106 2456 1168 2491 jam
1186 2455 1315 2483 indicare
1326 2455 1388 2483 volo
1403 2455 1455 2482 tibi
1469 2462 1602 2490 quisnam
1621 2454 1679 2481 sint
1695 2462 1794 2481 eorum
1808 2454 1865 2481 vir-

1039 2501 1163 2532 tutes,ut
1178 2499 1356 2535 exploratam
1372 2499 1481 2527 habeas
1495 2507 1595 2527 eorum
1613 2499 1669 2526 vim
1693 2501 1720 2526 ct
1736 2498 1865 2526 efﬁcien-

1039 2544 1122 2572 tiam.
1139 2543 1271 2580 Duplicis
1288 2551 1415 2579 namque
1442 2543 1557 2580 generis
1585 2546 1664 2577 sunt,
1694 2543 1815 2578 siteeque
1835 2542 1864 2569 in

1042 2640 1192 2678 Mitt-qvam
1209 2641 1269 2676 περὶ
1286 2640 1690 2678 πίστεως,οιο.,οχρῐ“ἰιηυηιυιι
1705 2641 1780 2676 apud
1793 2641 1863 2668 Her-

1043 2686 1120 2705 mum
1138 2677 1191 2705 hoc
1208 2680 1291 2713 pacto
1306 2686 1311 2704 :
1330 2677 1531 2712 Prwceperam;
1549 2678 1654 2712 inquit,
1669 2678 1717 2704 tibi
1730 2679 1757 2704 in
1773 2678 1865 2713 primo

1043 2714 1174 2741 ηιαηιὲιιλο
1190 2717 1221 2741 ut
1236 2713 1383 2741 custodires
1398 2714 1478 2748 ﬁdem
1500 2715 1525 2742 at
1548 2715 1685 2748 timorem,
1711 2715 1770 2748 etc.
1783 2712 1867 2748 _Sub-

1044 2750 1236 2784 sequentibus
1251 2752 1348 2777 autem
1365 2746 1431 2777 mox
1446 2750 1540 2777 verbis
1562 2746 1653 2775 Φοϐηὖ
1677 2748 1721 2774 τὸν
1751 2746 1865 2784 Κύριον-

1043 2782 1094 2812 καῖ
1104 2783 1234 2822 φύλασσε,
1250 2786 1390 2822 incipitur
1404 2785 1575 2821 serptimum
1595 2785 1763 2812 mandatum
1774 2782 1865 2809 etiam

1045 2822 1123 2858 apud
1141 2821 1287 2849 Hermum.
