4072 6210
400 391 517 450 563

1556 392 1620 450 S.
1667 390 2191 453 ATHANASIUS.
2226 425 2303 435 —
2332 393 2642 455 SPURIA.

3680 411 3786 470 564

391 524 627 597 justitia
647 529 704 579 et
731 523 1046 596 injustitia.
1076 526 1161 580 Tu
1197 540 1331 597 ergo
1356 524 1600 597 justitiai
1631 524 1869 588 credito,
1896 524 2043 595 inju-

2166 529 2369 579 κεῖνται
2425 525 2525 601 γὰρ
2583 526 2672 581 ἐπὶ
2731 525 2924 603 δικαίῳ
2979 532 3070 586 καὶ
3120 530 3313 606 ἀδίκῳ.
3346 534 3421 590 Σὺ
3452 534 3540 591 οὖν
3589 538 3786 597 πίστευε

400 615 569 669 stitia:
594 613 950 669 nullatenus.
982 614 1223 669 Justitia
1252 620 1468 670 rectam
1493 615 1667 669 habet
1696 614 1871 680 viam,
1904 614 2054 684 inju-

399 703 561 758 stitia
588 707 933 758 tortuosam.
992 703 1115 758 Duo
1161 708 1303 757 sunt
1356 702 1548 775 angeli
1597 718 1733 757 cum
1791 701 2049 768 homine,

401 793 549 847 alter
571 792 838 861 justitia,
873 790 1017 846 alter
1065 790 1469 863 malignitatis.
1504 791 1759 846 Justitisa
1807 789 2051 861 angelus

401 881 600 935 suavis
624 886 730 945 est,
756 882 1142 950 verecundus,
1177 880 1336 936 mitis
1361 885 1418 935 et
1448 880 1747 936 robustus.
1773 879 1918 934 Cum
1940 878 2048 934 ita-

403 985 516 1039 que
540 968 631 1022 his
664 968 854 1022 modis
876 968 933 1023 in
966 986 1064 1023 cor
1091 974 1258 1023 tuum
1281 967 1834 1037 ascenderit,statim
1858 972 2049 1022 tecum

401 1057 661 1127 loquitur
689 1058 761 1111 de
782 1058 1039 1126 justitia,
1082 1058 1150 1113 de
1184 1058 1476 1125 castitate,
1509 1057 1579 1111 de
1610 1073 1837 1112 morum
1872 1056 2052 1111 hone-

402 1151 571 1216 state,
598 1147 667 1201 de
697 1146 1051 1218 frugalitate,
1073 1148 1143 1201 de
1174 1147 1331 1201 omni
1359 1147 1611 1217 denique
1642 1146 1820 1217 probo
1851 1161 2051 1216 opere-

399 1241 455 1290 et
484 1236 555 1290 de
576 1252 927 1307 quacunque
958 1235 1235 1306 praclara
1265 1236 1497 1290 virtute.
1534 1236 1661 1289 Haec
1687 1233 1886 1288 omnia
1916 1250 2049 1287 cum

399 1323 456 1378 in
485 1340 585 1378 cor
623 1328 792 1378 tuum
821 1324 1366 1390 ascenderint,scito
1398 1321 1936 1395 angelumjustitize
1965 1325 2047 1377 te-

400 1429 534 1467 cum
567 1428 716 1467 esse.
775 1412 917 1467 Huic
978 1413 1174 1483 itaque
1230 1413 1433 1467 credas
1489 1417 1545 1467 et
1575 1410 1852 1483 operibus
1897 1412 2046 1481 ejus,

402 1502 559 1556 hunc
589 1506 718 1557 tene
747 1506 804 1557 et
851 1503 1103 1573 posside.
1138 1502 1282 1557 Vide
1303 1503 1428 1572 jam
1483 1501 1625 1556 mihi
1669 1500 1857 1573 angeli
1890 1498 2052 1556 mali-

402 1590 645 1662 gnitatis
678 1608 870 1662 opera.
933 1592 1120 1646 Primo
1154 1592 1471 1647 iracundus
1525 1599 1633 1660 est,
1667 1590 1932 1657 acerbus,
1962 1590 2048 1643 in-

404 1695 621 1734 sanus:
654 1695 946 1751 operaque
976 1679 1134 1735 illius
1168 1683 1309 1734 sunt
1353 1678 1529 1748 mala,
1562 1695 1688 1749 qua:
1720 1694 1917 1733 servos
1950 1676 2050 1732 Dei

405 1771 775 1838 prosternant
820 1773 878 1822 et
934 1768 1227 1838 dejiciant.
1288 1768 1433 1823 Cum
1466 1764 1563 1821 ille
1619 1766 1680 1821 in
1721 1782 1821 1820 cor
1880 1770 2047 1821 tuum

405 1857 751 1923 ascenderit,
796 1873 863 1913 ex
892 1857 1165 1929 operibus
1198 1858 1326 1927 ejus
1365 1854 1701 1927 cognoscito
1730 1853 1922 1909 illum.
1955 1854 2052 1909 Ait

403 1946 489 2000 illi
521 1946 635 2001 dux
666 1946 1019 2002 Antiochus:
1055 1947 1177 2011 Quo
1210 1950 1397 2017 pacto,
1446 1944 1702 2015 domine,
1735 1960 2052 2016 agnoscam

402 2034 598 2104 ipsum
624 2033 970 2105 ignoro,nisi
1001 2034 1121 2090 tuis
1151 2033 1409 2090 ediscam
1444 2032 1658 2089 verbis.
1691 2032 1941 2103 Rsponit
1970 2031 2053 2086 illi

398 2122 746 2193 episcopus:
778 2123 928 2178 Audi
963 2123 1306 2195 singulatim
1337 2127 1394 2178 et
1441 2126 1703 2177 attentus
1734 2127 1878 2176 esto.
1908 2124 2052 2178 Cum

400 2216 455 2265 te
486 2213 752 2282 quendam
784 2212 1087 2267 iracundia
1114 2211 1358 2280 invadit,
1419 2216 1520 2266 aut
1548 2209 1897 2279 amaritudo,
1925 2210 2051 2280 jam

404 2298 549 2353 scito
582 2300 639 2353 in
671 2303 729 2354 te
758 2298 926 2353 illum
951 2315 1098 2355 esse.
1138 2298 1278 2354 Hinc
1308 2302 1630 2354 nascuntur
1660 2296 2050 2369 plurimorum

402 2403 645 2458 operum
704 2387 1012 2456 desideria,
1069 2386 1554 2459 concupiscentia;
1601 2385 1745 2441 varii
1794 2390 1851 2440 et
1906 2384 2051 2440 lauti

406 2476 794 2548 cibi,crapula3
823 2477 1288 2544 multas,minime
1320 2475 1769 2549 congruentium
1802 2474 2050 2529 alimen-

405 2570 635 2632 torum;
672 2565 983 2620 mulierum
1015 2565 1249 2638 cupido,
1283 2565 1546 2631 avaritia,
1579 2562 2048 2634 superbia,arro-

405 2656 624 2726 gantia,
658 2659 713 2710 et
743 2671 1103 2727 quaecunque
1134 2655 1226 2711 his
1257 2654 1495 2712 similia.
1528 2654 1658 2709 Haec
1688 2652 1885 2723 itaque
1916 2652 2045 2707 siin

406 2760 505 2799 cor
535 2748 701 2798 tuum
725 2744 1112 2814 ascenderint,
1154 2745 1301 2800 scito
1360 2741 1744 2814 malignitatis
1773 2739 2045 2812 angelum

392 2834 449 2888 in
480 2840 535 2888 te
567 2850 715 2891 esse.
749 2834 978 2889 Gnarus
1005 2849 1141 2905 ergo
1173 2834 1301 2905 ejus
1349 2849 1614 2905 operum,
1674 2831 1920 2886 abscede
1972 2832 2043 2885 ab

392 2926 512 2992 illo,
538 2944 641 2982 nec
674 2925 969 2982 ullatenus
1026 2926 1111 2981 illi
1143 2926 1378 2982 credito.
1438 2927 1521 2981 En
1572 2924 1675 2979 tibi
1736 2923 2042 2993 utriusque

390 3017 577 3089 angeli
608 3034 819 3089 opera:
855 3033 921 3072 ea
946 3017 1274 3088 intelligito.
1313 3018 1425 3072 Hoc
1455 3016 1691 3087 quidem
1752 3020 1842 3069 est
1893 3030 2040 3084 prae-

390 3110 626 3176 ceptum
658 3107 729 3161 de
757 3106 1031 3177 operibus
1054 3106 1210 3175 ﬁdei,
1245 3111 1309 3160 ut
1340 3104 1529 3178 angeli
1559 3104 1800 3175 jnstitiaa
1851 3103 2038 3173 operi-

389 3194 500 3248 bus
528 3194 752 3259 credas,
784 3210 967 3265 eaque
993 3187 1123 3249 cum
1157 3195 1466 3266 perfeceris
1525 3194 1640 3249 Deo
1683 3193 1861 3258 vivas,
1895 3190 2038 3262 quia

392 3282 474 3336 illi
509 3282 694 3353 gloria
724 3283 782 3337 in
815 3283 1049 3338 saecula.
1082 3288 1289 3339 Amen.

2159 614 2238 685 τῷ
2274 610 2488 705 δικαίῳ,
2519 620 2598 705 τῶ
2631 614 2887 705 δὶῗάδίκῳ
2945 618 3113 693 μηδὲν
3154 623 3460 699 πιστεύσῃς.
3491 628 3560 681 Τὸ
3589 628 3686 705 γὰρ
3716 628 3786 684 δί-

2160 722 2312 756 καιον
2346 702 2511 776 ὀρθὴν
2546 702 2666 760 ὁδὸν
2702 704 2908 781 ἕχει,τὸ
2940 706 2996 763 δὲ
3029 707 3214 765 ἄδικον
3245 709 3509 788 στρεϐλήν
3533 702 3668 789 (54).
3694 718 3782 773 Δύο

2162 790 2291 844 εἰσὶν
2326 790 2547 866 ἄγγελοι
2584 795 2717 866 μετά
2744 800 2840 849 τοῦ
2892 798 3196 873 ἀνθρώπου,
3252 802 3325 864 εἷς
3372 810 3472 872 τῆς
3531 802 3784 861 δικαιοσύ-

2160 901 2278 951 νης,
2327 880 2413 934 καὶ
2475 882 2551 942 εἷς
2598 890 2697 952 τῆς
2745 884 3029 960 πονηρίας.
3089 889 3186 942 Καὶ
3219 890 3246 943 6
3283 890 3375 963 μὶν
3406 895 3502 960 τῆς
3533 890 3785 949 δικαιοσύ-

2159 990 2255 1059 νης
2287 967 2517 1059 ἅγγελος
2549 972 2811 1049 τρυφερός
2843 975 2953 1029 ἐστι
2984 978 3074 1030 καὶ
3121 977 3485 1056 αἶσχυντηρὸς
3516 984 3602 1037 xui
3632 990 3786 1059 πρᾶος

2159 1057 2250 1111 καὶ
2307 1057 2555 1133 ἰσχυρός.
2590 1063 2748 1116 Ὅταν
2800 1061 2889 1117 οὖν
2941 1064 3113 1127 οὕτως
3165 1065 3249 1121 ἐπὶ
3299 1071 3399 1138 τὴν
3430 1068 3645 1146 καρδίαν
3675 1057 3786 1128 Ἵσου

2159 1141 2349 1219 ἀναϐῇ,
2412 1148 2611 1211 εύθάως
2670 1149 2831 1206 λαλεῖ
2890 1154 3023 1224 μετά
3082 1160 3178 1209 σοῦ
3253 1158 3377 1228 περὶ
3437 1141 3783 1232 δικαιοσύνης,

2162 1236 2284 1309 περὶ
2318 1236 2550 1310 ἁγνείας,
2591 1239 2713 1309 περὶ
2765 1241 3097 1313 σεμνότητος
3149 1245 3235 1298 καὶ
3286 1247 3409 1319 περὶ
3465 1247 3783 1322 αὐταρκείας,

2160 1324 2405 1396 καὶπερὶ
2463 1326 2663 1388 παντὸς
2713 1325 2873 1403 ἔργου
2925 1328 3135 1385 δικαίου
3173 1333 3264 1387 καὶ
3295 1335 3418 1410 περὶ
3448 1338 3621 1407 πάσης
3677 1338 3787 1413 ἀρε-

2159 1410 2522 1500 τῆςᾼένδόξου.
2561 1418 2745 1471 Ταῦτα
2770 1417 2941 1473 πάντα
2987 1418 3111 1474 ὅταν
3161 1422 3236 1484 εἰς
3282 1425 3381 1491 τὴν
3432 1423 3646 1500 καρδίαν
3702 1410 3785 1481 σου

2161 1495 2356 1570 mea,
2387 1501 2611 1575 γίνωσκε
2669 1503 2752 1558 ὅτι
2802 1508 2829 1559 ὁ
2885 1504 3120 1582 ἄγγελος
3140 1512 3240 1578 τῆς
3273 1495 3613 1583 δικαιοσύνης
3667 1516 3785 1587 μετὰ

2162 1593 2257 1642 σοῦ
2288 1588 2420 1667 ἐστι,
2452 1590 2642 1663 Τούτῳ
2675 1592 2763 1647 οὖν
2810 1595 3026 1650 πίστευε
3068 1597 3155 1651 καὶ
3205 1606 3319 1660 τοῖς
3380 1598 3560 1677 ἔργοις
3617 1602 3784 1675 αὐτοῦ,

2159 1678 2248 1731 καὶ
2281 1677 2544 1753 ἐγκρατὴς
2577 1681 2740 1736 αὐτοῦ
2771 1682 2948 1757 γενοῦ.
2982 1686 3121 1760 ’Όρα
3150 1685 3242 1741 οὖν
3277 1690 3367 1742 καὶ
3413 1696 3511 1745 τοῦ
3568 1691 3783 1766 ἀγγέλου

2159 1770 2257 1831 τῆς
2288 1767 2552 1842 πονηρίας
2582 1770 2648 1823 τὰ
2675 1767 2826 1845 ἔργα.
2864 1778 3082 1848 Πρῶτον
3118 1775 3327 1831 πάντων
3378 1777 3644 1854 όξύχολός
3688 1780 3785 1835 ἐστι

2159 1857 2247 1910 καὶ
2279 1857 2474 1925 πικρὸς
2512 1859 2600 1912 καὶ
2661 1860 2866 1936 ἄφρων,
2914 1863 3003 1917 καὶ
3059 1865 3125 1918 τὰ
3181 1864 3313 1941 ἔργα
3360 1867 3524 1923 αὐτοῦ
3571 1870 3784 1943 πονηρὰ,

2164 1945 2593 2024 καταστρέφοντα
2641 1948 2768 2011 τοὺς
2822 1948 3054 2014 δούλους
3104 1959 3202 2008 τοῦ
3250 1961 3405 2013 Θεοῦ.
3456 1958 3615 2015 ’Ὁταν
3645 1958 3787 2020 αὐτὸς

2164 2034 2251 2088 ἐπὶ
2307 2035 2403 2103 τὴν
2455 2034 2674 2111 καρδίαν
2724 2059 2821 2092 σου
2867 2035 3061 2114 ἀναϐῇ,
3110 2047 3275 2117 γνῶθι
3348 2044 3506 2100 αὐτὸν
3563 2046 3644 2101 ἐπὶ
3692 2051 3783 2101 τῶν

2161 2119 2335 2198 ἔργων
2394 2123 2577 2181 αὐτοῦ.
2628 2126 2780 2199 Λέγει
2830 2127 2976 2199 αὐτῷ
3026 2130 3053 2183 6
3117 2128 3240 2201 δοὺξ
3293 2134 3598 2210 Ἀντίοχος·
3656 2137 3785 2207 Πῶς,

2160 2212 2333 2288 κύριε,
2364 2218 2547 2283 νοήσω
2578 2214 2773 2283 αὐτόν;
2805 2216 2921 2273 03x
2951 2218 3266 2292 ἐπίσταμαι,
3297 2221 3383 2276 ἐάν
3437 2225 3513 2296 μὴ
3558 2222 3782 2299 διδαχθῶ

2160 2301 2295 2355 κατά
2352 2300 2538 2375 λόγον.
2592 2302 2747 2379 Λέγει
2795 2306 2942 2379 αὐτῷ
2973 2309 3000 2361 6
3032 2306 3345 2372 ἐπίσκοπος·
3380 2318 3582 2367 ’Ἄκουε
3611 2312 3785 2368 λεπτο-

2165 2393 2342 2464 μερῶς
2374 2390 2462 2444 καὶ
2506 2394 2831 2467 [προσεχὴς]
2858 2395 3029 2469 γίνου.
3065 2398 3227 2453 ’Ὀταν
3281 2398 3548 2475 ὀξυχολία
3592 2403 3671 2456 σοί
3711 2422 3783 2462 τις

2158 2478 2450 2552 προσέλθῃ,
2486 2480 2519 2547 ἢ
2552 2480 2763 2555 πικρία,
2795 2482 3023 2556 γίνωσκε
3050 2484 3132 2539 ὅτι
3189 2486 3350 2549 αὐτός
3392 2488 3531 2544 ἐστιν
3582 2490 3631 2544 ἐν
3685 2489 3783 2543 σοί·

2160 2567 2272 2621 εἶτα
2301 2565 2495 2622 λοιπὸν
2541 2567 2817 2641 ἐπιθυμίαι
2849 2572 3090 2647 πράξεων
3140 2574 3367 2630 πολλῶν
3429 2579 3517 2633 καὶ
3574 2578 3783 2633 πολυτέ-

2159 2652 2277 2710 λεια
2307 2653 2613 2728 ἐδεσμάτων
2647 2659 2735 2713 καὶ
2765 2660 3080 2735 κραιπαλῶν
3114 2661 3339 2719 πολλῶν
3390 2666 3481 2720 καὶ
3539 2666 3783 2722 ποικίλων

2154 2749 2367 2821 τροφῶν
2400 2746 2489 2799 καὶ
2520 2745 2581 2800 ού
2628 2744 2878 2816 δεόντων,
2933 2750 3021 2804 καὶ
3070 2750 3349 2824 ἐπιθυμίαι
3397 2760 3655 2830 γυναικῶν
3705 2754 3781 2809 καὶ

2153 2832 2483 2903 πλεονεξίαι,
2546 2835 2883 2914 ὑπερηφανία
2938 2859 2996 2892 τε
3037 2839 3127 2893 καὶ
3188 2840 3499 2914 ἀλαζονεία,
3562 2844 3645 2898 καὶ
3695 2842 3781 2896 ὅσα

2150 2922 2365 2984 τούτοις
2425 2922 2797 2997 παραπλήσια.
2851 2929 3033 2982 Ταῦτα
3082 2927 3173 2982 οὖν
3221 2928 3346 2985 ὅταν
3394 2930 3485 2985 ἐπὶ
3528 2933 3622 3000 τὴν
3668 2950 3781 3004 καρ-

2153 3008 2269 3065 δίαν
2326 3032 2421 3066 σου
2480 3007 2677 3086 ἀναϐῇ,
2735 3014 2965 3088 γίνωσκε
3022 3015 3104 3071 ὅτι
3156 3019 3183 3071 6
3233 3016 3468 3093 ἅγγελος
3499 3028 3597 3089 τῆς
3623 3041 3782 3089 πονη-

2150 3099 2265 3173 ρίας
2324 3100 2463 3154 δστιν
2524 3100 2574 3153 έν
2628 3101 2734 3158 σοί.
2801 3102 2874 3157 Σὺ
2908 3104 3021 3172 οὗν,
3078 3105 3429 3181 ἐπιγνοὺςτά
3460 3106 3584 3185 ἔργα
3636 3108 3779 3162 αὐτοῦ

2150 3186 2355 3241 ἀπόστα
2384 3186 2691 3259 ἁπάύτοῦ,
2725 3190 2814 3244 καὶ
2878 3189 3046 3264 μηδὲν
3111 3193 3257 3266 αύτῷ
3314 3195 3551 3253 πίστευε.
3611 3198 3778 3270 Ἔχεις

2069 3263 2111 3329 C
2153 3274 2241 3329 οὖν
2305 3276 2625 3353 ἀμφοτέρων
2677 3283 2785 3333 τῶν
2848 3263 3094 3356 ἀγγέλων
3153 3263 3247 3345 τὰς
3305 3284 3598 3360 ἐνεργείας’
3644 3263 3777 3344 σύνες

392 3369 575 3430 αὐτάς.
611 3370 739 3441 Περὶ
777 3370 870 3441 μὲν
898 3374 1004 3424 τῶν
1038 3368 1204 3445 ἔργων
1239 3378 1339 3440 τῆς
1368 3372 1600 3432 πίστεως
1632 3370 1765 3439 αὕτη
1801 3368 1940 3423 ἐστὶν
1974 3369 2008 3435 ἡ
2042 3363 2259 3435 ἐντολὴ,
2289 3363 2379 3419 ’ίνα
2407 3370 2521 3427 τοῖς
2552 3362 2732 3441 ἔργοις
2765 3374 2862 3423 τοῦ
2891 3370 3127 3445 ἀγγέλου
3155 3379 3256 3442 τῆς
3299 3371 3642 3446 δικαιοσύνης
3668 3394 3775 3428 πισ-

386 3458 597 3531 τεύσῃς,
631 3457 718 3512 xui
752 3457 1113 3533 ἐργασάμενος
1146 3459 1279 3514 αὐτὰ
1312 3463 1474 3533 ζήσῃς
1501 3465 1579 3531 τῷ
1612 3464 1747 3527 Quir
1782 3456 1864 3511 ὅτι
1896 3455 2041 3527 αύτῷ
2072 3455 2107 3524 ἠ
2144 3450 2270 3526 δόξα
2302 3453 2377 3515 εἰς
2408 3454 2535 3516 τοὺς
2566 3455 2783 3519 αἱῶνας.
2821 3458 3018 3531 Ἀμήν,

1529 3585 1833 3657 Septimum
1862 3582 2206 3649 mandatum,
2248 3582 2411 3636 timor
2438 3582 2557 3635 Dei.

458 3683 511 3735 7.
540 3686 860 3753 Postquam
893 3687 1087 3738 autem
1122 3683 1336 3754 precati
1370 3692 1545 3739 sunt:
1584 3682 1935 3749 Memineris,
1960 3681 2040 3735 ait

388 3774 715 3843 episcopus,
744 3788 833 3826 me
866 3772 925 3825 in
956 3773 1147 3843 primo
1198 3773 1475 3827 mandato
1533 3773 1877 3844 praecepisse
1908 3770 2037 3835 tibi,

389 3862 459 3915 de
490 3862 624 3930 fide,
657 3862 728 3916 de
760 3861 984 3927 timore,
1021 3862 1091 3916 de
1121 3862 1529 3933 temperantia.
1561 3859 2035 3926 Etiam,domine,

389 3950 691 4021 respondit
720 3949 839 4005 ille.
868 3952 998 4005 Jam
1051 3966 1203 4019 vero,
1254 3950 1469 4022 inquit,
1528 3951 1662 4006 audi
1719 3949 2034 4020 septimum

389 4042 728 4095 mandatum
763 4041 833 4095 de
866 4041 1093 4095 timore.
1125 4040 1287 4096 Time
1319 4040 1632 4095 Dominum
1673 4044 1729 4095 et
1760 4039 2038 4094 mandata

390 4129 516 4197 ejus
548 4128 809 4193 observa,
838 4133 894 4182 et
922 4129 1036 4183 eris
1070 4134 1273 4199 potens
1304 4145 1495 4200 opere,
1555 4144 1818 4200 Opusque
1870 4133 2034 4180 tuum

390 4214 866 4286 incomparabile.
902 4217 1211 4271 Dominum
1244 4217 1291 4271 si
1324 4217 1551 4287 timeas,
1586 4216 1783 4271 omnia
1818 4214 2038 4270 efficies

390 4304 560 4359 bona.
600 4302 698 4357 llic
729 4302 826 4357 ille
853 4303 1027 4359 timor
1052 4311 1141 4360 est
1170 4322 1284 4376 quo
1315 4306 1496 4360 teneri
1528 4309 1583 4360 te
1614 4308 1857 4376 oportet.
1903 4303 2036 4358 Dia-

392 4393 589 4449 bolum
624 4410 694 4449 ne
726 4395 868 4448 time
900 4395 1036 4466 quia
1068 4396 1155 4449 vis
1182 4397 1239 4450 in
1281 4413 1345 4452 eo
1378 4396 1680 4462 nulla,nec
1712 4394 2035 4451 formidan-

393 4484 504 4537 dus
536 4482 753 4538 est.Cui
787 4483 872 4537 vis
898 4483 1045 4537 inest
1079 4483 1374 4553 praclara.
1408 4483 1503 4538 ille
1520 4485 1836 4539 timendus.
1869 4481 2035 4545 Quis

390 4572 521 4641 quis
553 4571 705 4626 enim
732 4570 848 4625 vim
882 4576 938 4626 et
981 4577 1322 4642 potestatem
1348 4573 1541 4641 habet,
1567 4573 1663 4628 ille
1694 4571 2035 4628 formidabi-

389 4661 462 4716 lis
487 4679 498 4715 :
526 4660 624 4731 qui
659 4660 880 4716 nullam
914 4662 1027 4715 vim
1090 4667 1267 4727 tenet,
1302 4661 1395 4716 hic
1444 4662 1802 4732 contemptui
1849 4659 2035 4714 omni-

2217 3679 2270 3732 7.
2309 3676 2403 3730 Kui
2437 3676 2737 3749 εὐξαμένων
2772 3679 2968 3748 αὐτῶν,
3006 3680 3148 3756 λέγει
3198 3682 3345 3757 αύτῷ
3397 3687 3427 3740 6
3486 3685 3775 3743 ἐπίσκοπος’

2150 3764 2464 3837 Μέμνησαι,
2497 3765 2578 3819 ὅτι
2614 3767 2688 3828 εἰς
2738 3770 2838 3836 τὴν
2888 3770 3111 3843 πρώτην
3157 3772 3383 3842 ἐντολήν
3449 3774 3775 3844 ἆνετειλάμην

2146 3874 2230 3907 σοι
2288 3854 2409 3929 περὶ
2467 3854 2701 3917 πίστεως
2760 3859 2873 3930 (55)
2931 3858 3019 3913 καὶ
3080 3855 3253 3937 φόϐου
3317 3864 3412 3917 καὶ
3468 3861 3773 3940 ἐγκρατείας.

2147 3942 2465 4018 Ἀπεκρίθη·
2528 3945 2676 4015 Ναὶ,
2737 3946 2908 4020 κύριε.
2972 3948 3127 4024 Λέγει
3178 3950 3341 4023 αὐτῷ’
3408 3957 3511 4007 Νῦν
3570 3950 3775 4007 ἄκουσον

2145 4038 2244 4101 τῆς
2275 4027 2515 4105 ἑϐδόμης
2546 4032 2792 4104 ἐντολῆς,
2826 4036 2951 4111 περὶ
2980 4041 3076 4091 τοῦ
3126 4034 3316 4113 φόϐου.
3351 4037 3541 4096 Φοϐοὖ
3569 4041 3653 4096 τὸν
3687 4036 3775 4092 Κύ-

2147 4140 2282 4193 ριον,
2335 4121 2422 4174 καὶ
2455 4120 2692 4197 φύλασσε
2720 4125 2813 4185 τὰς
2848 4123 3070 4187 ἐντολὰς
3104 4127 3289 4194 αὐτοῦ,
3333 4130 3428 4184 καὶ
3486 4128 3576 4205 ἔσῃ
3636 4126 3776 4183 δυναο

2143 4210 2235 4270 τὸς
2270 4208 2319 4264 ἐν
2372 4210 2581 4285 πράξει,
2637 4212 2725 4266 καὶ
2783 4215 2817 4281 ἡ
2879 4215 3068 4287 πρᾶξίς
3114 4237 3209 4270 σου
3243 4216 3568 4293 ἀσύγκριτος
3622 4216 3774 4272 ἔσται.

2147 4293 2498 4371 Φοϐούμενος
2530 4300 2620 4353 τὸν
2683 4300 2899 4377 Κύριον,
2960 4305 3132 4358 πάντα
3182 4304 3325 4361 καλά
3373 4307 3590 4383 ἐργάσῃ.
3625 4302 3776 4363 Οὗτός

2146 4386 2285 4440 ἐστιν
2320 4388 2347 4440 6
2379 4383 2546 4464 φόϐος
2593 4387 2650 4441 ὅν
2685 4386 2765 4442 δεῖ
2795 4410 2852 4444 σε
2882 4386 3212 4467 φοϐηθῆναιο
3266 4394 3355 4447 τὸν
3410 4390 3659 4449 διάϐολον
3709 4390 3774 4463 μή

2148 4470 2419 4552 φοϐηθῇς,
2454 4475 2534 4530 ὅτι
2572 4474 2798 4551 δύναμις
2829 4478 2879 4533 ἐν
2927 4479 3073 4551 αύτῷ
3119 4481 3217 4536 ούκ
3255 4478 3424 4552 ἔστιν,
3453 4482 3573 4539 οὐδὲ
3602 4476 3774 4559 φόϐος.

2148 4565 2231 4617 Ἐν
2266 4566 2310 4635 ᾧ
2343 4563 2399 4618 δὲ
2429 4568 2462 4633 ἡ
2515 4563 2742 4639 δύναμις
2878 4565 3112 4642 ἔνδοξος,
3158 4570 3245 4625 καὶ
3306 4568 3480 4648 φόϐος
3529 4572 3577 4625 ἐν
3627 4567 3773 4639 αὐτῷ.

2150 4659 2258 4715 Πᾶς
2291 4654 2450 4729 γᾶρὸ
2484 4652 2705 4727 δύναμιν
2764 4653 2907 4731 ἔχων
2966 4658 3054 4711 καὶ
3116 4653 3285 4735 φόϐον
3343 4658 3481 4737 ἔχει’
3544 4661 3570 4714 6
3626 4657 3679 4713 δὲ
3710 4656 3775 4730 μὴ

390 4751 502 4805 bus
534 4755 640 4805 est.
676 4751 888 4806 Servus
925 4751 1151 4805 Domini
1184 4752 1347 4806 fortis
1408 4757 1497 4805 est
1550 4754 1605 4805 et
1658 4749 1801 4804 nihil
1852 4749 2037 4802 timet.

2157 4738 2293 4815 ἔχων
2330 4738 2556 4813 δύναμιν
2597 4743 2697 4796 ὑπὸ
2742 4746 2954 4798 πάντων
3004 4753 3442 4823 καταφρονεῖται.
3485 4750 3544 4805 Ὁ
3600 4742 3775 4803 δοῦλος

388 4840 551 4893 Time
584 4855 718 4911 ergo
741 4839 1053 4895 Dominum
1088 4844 1141 4896 et
1172 4839 1255 4895 illi
1284 4840 1460 4906 vives,
1495 4855 1731 4895 servans
1764 4838 2039 4893 mandata

386 4930 515 4997 ejus
546 4929 604 4983 in
636 4928 866 4985 saecula.

2149 4827 2239 4883 οὖν
2269 4833 2365 4882 τοῦ
2401 4830 2595 4904 Κυρίου
2632 4827 2861 4907 ἰσχυρός
2891 4833 3000 4886 ἐστι
3040 4834 3131 4889 καὶ
3180 4831 3463 4909 [ἔνδοξος].
3512 4830 3778 4904 Φοϐήθητι

2149 4914 2238 4970 οὗν
2269 4917 2359 4971 τὸν
2395 4916 2616 4994 Κύριον,
2647 4920 2735 4973 καὶ
2770 4923 2906 4995 ζήσῃ
2935 4921 3099 4994 αύτῷ,
3133 4924 3423 5000 φυλάσσων
3455 4925 3551 4987 τὰς
3580 4919 3779 4979 ἐντολὰς

2148 5007 2311 5061 αὐτοῦ
2343 5006 2420 5068 εἷς
2449 5007 2575 5070 τοὺς
2606 5007 2823 5076 αἲῶνας,

1422 5138 1570 5195 205
1601 5140 1861 5196 Octavum
1894 5130 2237 5196 mandatum,
2278 5124 2344 5179 de
2381 5126 2747 5183 abstinentia.

460 5252 513 5304 8.
547 5251 616 5304 Et
644 5254 953 5321 postquam
979 5253 1149 5308 ambo
1202 5253 1414 5323 precati
1473 5258 1633 5321 sunt,
1668 5253 1748 5309 ait
1803 5252 1888 5307 illi
1918 5252 2039 5323 epi-

391 5354 605 5408 scopus
658 5356 670 5393 :
729 5339 880 5394 Audi
918 5355 1151 5411 quoque
1210 5346 1471 5396 octavum
1535 5345 1906 5414 praeceptum,
1967 5341 2040 5397 de

390 5427 767 5483 abstinentia.
810 5428 1009 5501 Cogita
1037 5429 1287 5499 duplicis
1317 5446 1446 5485 esse
1481 5431 1710 5501 generis
1741 5431 2036 5486 abstinen-

463 5562 575 5631 (54)
609 5560 707 5615 Hic
738 5561 925 5617 multa
953 5563 1308 5617 omittuntur
1335 5579 1462 5635 qua;
1492 5562 1768 5635 leguntur
1798 5565 1857 5635 in
1886 5565 2035 5624 [Ρα-

392 5636 571 5710 tnoris,
607 5638 662 5688 et
689 5650 812 5710 quae
841 5651 977 5710 mox
1011 5631 1462 5710 sequuntur'Sﬁo
1498 5631 1628 5688 εξξξν
1662 5634 1903 5710 ἄγγελοι,
1939 5639 2035 5695 ha.

394 5705 606 5759 bentur
637 5707 787 5778 apud
823 5706 1196 5761 Antiochum.

2219 5251 2275 5306 8.
2305 5252 2418 5323 (56)
2450 5251 2546 5305 Καὶ
2578 5251 2878 5323 εὐξαμένων
2915 5251 3114 5324 αύτων,
3147 5252 3294 5330 λέγει
3347 5255 3493 5329 αὐτῷ
3523 5257 3549 5311 6
3580 5253 3779 5309 ἐπίσκο-

2152 5358 2276 5400 πος·
2312 5340 2511 5394 "Axooa
2542 5341 2631 5395 xui
2661 5344 2757 5409 τῆς
2792 5339 2995 5415 ὀγδόης
3028 5342 3257 5413 ἐντολῆς
3289 5345 3410 5420 περὶ
3460 5342 3776 5420 ἐγκρατείας·

2148 5426 2359 5497 Νόησον
2393 5426 2475 5482 ὅτι
2529 5431 2563 5498 ἡ
2616 5429 2900 5504 ἐγκράτεια
2956 5429 3124 5501 διπλῆ
3160 5431 3293 5492 ἐστι.
3326 5434 3443 5487 Ἐπί
3473 5454 3626 5487 τινων
3684 5430 3775 5507 γὰρ

2148 5572 2328 5698 12θ55)
2360 5572 2581 5629 Hermae
2614 5576 2955 5632 mandatum
2978 5577 3294 5649 sePtimum
3318 5596 3330 5645 ;
3356 5577 3772 5635 Antioch.bom.

2218 5716 2330 5788 (56)
2364 5718 2582 5774 Hermae
2614 5719 2873 5778 mandat.
2905 5721 2956 5778 8.
2988 5720 3256 5779 Antioch.
3287 5722 3442 5782 hom.
3476 5721 3565 5779 19.
