4072 6210
434 385 553 445 567

1599 386 1661 447 S.
1712 383 2229 449 ATHANASIUS.
2254 417 2331 433 --
2364 384 2669 446 SPURIA.

3699 386 3805 447 568

439 533 743 589 nunquam
767 516 998 573 haesites
1032 518 1333 590 quidpiam
1370 538 1403 576 a
1423 524 1536 577 Deo
1560 520 2088 593 postulare,dioens

2201 514 2351 591 χίαν,
2382 515 2470 571 καὶ
2507 512 2736 589 μηδενὸς
2770 514 2918 579 ὅλως
2975 512 3288 590 διψυχήσῃς
3336 512 3637 585 αἰτήσασθαι
3678 509 3805 592 παρὰ

441 607 500 662 in
532 606 875 676 temetipso:
925 606 1071 671 Quid
1105 624 1140 662 a
1201 610 1440 664 Domino
1491 609 1789 681 postulare
1844 610 2085 681 possim,

442 712 574 752 cum
610 701 771 750 tanta
801 696 1083 751 adversus
1114 713 1248 752 eum
1309 704 1543 768 peccata
1592 700 1660 754 ad
1673 698 1931 754 miserim
1950 698 1977 752 ‘I
2007 697 2089 753 Ne

444 786 563 841 haac
595 785 790 840 animo
820 800 1014 840 verses
1043 810 1056 852 ;
1088 787 1188 841 sed
1232 803 1301 842 ex
1331 792 1449 843 toto
1499 790 1671 843 corde
1721 793 1819 843 tuo
1860 803 2089 843 conver-

440 880 560 930 tere
591 876 660 929 ad
689 875 1020 941 Dominum,
1054 879 1111 929 et
1140 876 1359 946 absque
1414 876 1532 931 ulla
1584 877 1947 932 haesitatione
1994 894 2089 947 po-

443 963 598 1018 stula
627 963 698 1017 ab
731 962 850 1027 illo,
883 980 1278 1035 agnoscesque
1330 981 1627 1021 summam
1687 967 1815 1036 ejus
1867 965 2090 1021 miseri-

442 1051 700 1107 cordiam
727 1069 739 1117 ;
762 1052 900 1122 quia
929 1057 985 1106 te
999 1069 1113 1107 non
1139 1053 1384 1124 deseret,
1413 1056 1515 1109 sed
1532 1054 1871 1125 petitionem
1884 1054 2092 1109 anima:

444 1146 556 1195 tuas
588 1138 923 1210 complebit.
949 1141 1147 1211 Neque
1176 1142 1331 1197 enim
1369 1148 1517 1197 Deus
1548 1148 1657 1211 est,
1711 1147 1774 1197 ut
1803 1142 2090 1213 homines,

446 1228 797 1299 iniuriarum
832 1244 1140 1293 memores,
1199 1231 1300 1285 sed
1360 1231 1671 1286 immemor
1723 1230 2092 1295 delictorum,

447 1317 744 1389 opificium
778 1317 1090 1373 miseratur
1111 1335 1307 1373 suum.
1345 1323 1533 1392 Purga
1570 1320 1769 1392 itaque
1798 1336 1896 1376 cor
1924 1324 2094 1375 tuum

447 1424 479 1462 a
510 1406 674 1461 vanis
706 1407 981 1462 omnibus
1012 1408 1301 1476 ejusmodi
1331 1409 1546 1474 verbis,
1580 1425 1801 1464 necnon
1835 1426 1868 1464 a
1898 1426 2096 1481 supra-

449 1495 650 1550 dictis:
686 1498 742 1549 et
773 1494 1003 1566 postula
1047 1512 1081 1551 a
1136 1496 1407 1567 Domino,
1463 1497 1868 1570 accipiesque;
1899 1498 2097 1553 omnia

450 1582 743 1655 postulata
773 1583 1138 1655 impetrabis,
1183 1586 1324 1640 dum
1378 1587 1505 1641 sine
1563 1586 1681 1641 ulla
1735 1586 2099 1642 dubitatione

450 1671 857 1744 postulaveris.
891 1672 994 1727 Sin
1024 1672 1082 1727 in
1115 1675 1286 1729 corde
1316 1678 1417 1729 tuo
1449 1674 1828 1745 dubitaveris,
1853 1674 1997 1729 nihil
2030 1690 2099 1729 ex

452 1761 762 1833 postulatis
794 1776 1126 1831 assequere.
1160 1762 1304 1817 Nam
1345 1763 1446 1834 qui
1496 1780 1629 1818 cum
1660 1769 1771 1819 Deo
1802 1763 2095 1832 haesitant,

452 1850 494 1904 ii
527 1853 664 1904 sunt
689 1850 885 1905 animo
916 1850 1113 1917 dubio,
1137 1852 1237 1922 qui
1299 1851 1443 1907 nihil
1489 1869 1729 1947 prorsus
1776 1852 2098 1947 impetrant
2126 1883 2171 1947 B

452 1938 1021 2011 postulatorum.0ui
1048 1944 1241 1995 autem
1277 1941 1490 2012 integri
1516 1946 1657 1996 sunt
1676 1940 1734 1995 in
1768 1940 2097 2007 fide,iicum

438 2028 667 2091 ‘fiducia
696 2028 893 2082 omnia
924 2032 1130 2099 petunt
1150 2045 1183 2083 a
1204 2029 1779 2102 Deo,accipiuntque,
1805 2031 1943 2102 quia
1971 2031 2098 2086 sine

452 2116 839 2183 dubitatione,
872 2133 976 2172 nec
1005 2117 1310 2173 haesitante
1331 2119 1526 2174 animo
1548 2120 1870 2190 postulant.
1899 2120 2097 2183 Quivis

450 2206 607 2259 enim
639 2205 812 2260 homo
843 2205 1138 2272 haesitans,
1171 2208 1323 2263 206
1358 2208 1470 2263 nisi
1500 2208 1826 2280 resipiscat,
1857 2209 2097 2265 difficile

449 2293 698 2349 salutem
721 2299 1132 2365 consequetur.
1195 2295 1306 2350 Cor
1357 2296 1553 2367 itaque
1602 2301 1771 2352 tuum
1834 2314 2021 2370 purga
2062 2315 2095 2353 a

446 2381 832 2448 dubitatione,
866 2384 964 2438 sed
992 2382 1168 2439 indue
1199 2384 1396 2453 fidem,
1459 2402 1587 2455 quas
1645 2385 1816 2441 ﬁrma
1872 2392 1984 2454 est,
2039 2393 2095 2443 et

444 2470 559 2525 Deo
591 2471 839 2539 confide,
873 2472 1026 2541 quod
1068 2472 1267 2527 omnia
1298 2472 1594 2543 postulata
1652 2478 1752 2529 tua
1796 2475 1878 2530 sis
1909 2475 2092 2547 impe-

441 2558 889 2621 traturus.Quod
924 2559 971 2614 si
1004 2559 1303 2631 quidpiam
1339 2578 1372 2614 a
1404 2562 1648 2617 Domino
1680 2579 1814 2618 cum
1835 2564 2091 2634 postula-

440 2646 613 2713 veris,
653 2664 765 2701 non
801 2647 1103 2719 impetres,
1136 2664 1206 2703 ne
1238 2649 1457 2705 idcirco
1505 2650 1702 2706 animo
1760 2652 1842 2707 sis
1890 2652 2091 2721 dubio,

443 2736 597 2805 quod
649 2735 856 2790 animae
914 2740 1027 2791 tuas
1085 2738 1424 2807 petitionem
1480 2740 1919 2811 quamprimum
1978 2759 2092 2797 non

444 2822 775 2895 acceperis:
815 2841 951 2879 nam
984 2824 1071 2880 vel
1128 2827 1468 2882 tentationis
1524 2829 1833 2899 cujusdam
1893 2847 2091 2902 causa,

442 2912 533 2967 vel
551 2912 623 2967 ob
654 2928 854 2968 casum
887 2914 1204 2983 quemdam
1226 2915 1333 2971 tibi
1364 2916 1773 2988 ignotum,non
1796 2920 2089 2990 accepisti.

444 3001 525 3055 Ne
555 3016 690 3071 ergo
722 3001 962 3057 deficias
996 3004 1238 3070 orando,
1272 3005 1454 3060 donec
1480 3005 1687 3061 animas
1720 3012 1830 3061 tuaa
1864 3008 2091 3078 petitio-

444 3104 578 3142 nem
610 3104 944 3159 assequare.
978 3090 1138 3153 Quod
1178 3092 1226 3147 si
1260 3093 1411 3148 inter
1459 3096 1773 3165 petendum
1832 3096 2090 3153 animum

444 3176 810 3245 despondeas
841 3183 897 3232 et
926 3179 1179 3244 dubites,
1208 3182 1463 3251 teipsum
1492 3182 1912 3254 incusato,non
1953 3202 2085 3241 eum

442 3263 542 3333 qui
602 3281 717 3318 non
776 3265 938 3319 dedit
994 3267 1375 3337 postulatum.
1453 3271 1600 3327 Cave
1658 3274 1856 3345 itaque
1940 3274 2089 3331 hanc

442 3351 621 3405 animi
654 3352 1101 3424 dubitationem,
1138 3372 1263 3426 quae
1314 3358 1471 3413 mala
1527 3359 1749 3416 scilicet
1787 3366 1895 3431 est,
1942 3364 2089 3419 mul-

442 3446 649 3510 tosque
678 3456 745 3495 ex
774 3441 887 3496 fide
929 3443 1212 3500 radicitus
1243 3446 1459 3514 avellit,
1520 3447 1655 3504 licet
1702 3455 1835 3505 ante
1883 3453 2083 3508 admo-

441 3529 581 3582 dum
608 3528 809 3584 fideles
844 3530 1139 3602 fortesque
1187 3534 1420 3590 fuerint.
1473 3537 1613 3592 Eam
1662 3538 2087 3597 dubitationem

443 3618 502 3671 in
536 3616 794 3688 qualibet
850 3636 911 3675 re
955 3622 1334 3687 contemnito,
1384 3624 1628 3681 indutus
1674 3628 1984 3698 praavalida
2033 3637 2090 3687 et

445 3708 616 3764 firma
645 3709 776 3764 fide.
811 3710 955 3767 Nam
992 3712 1134 3767 fides
1166 3714 1363 3770 omnia
1394 3717 1699 3786 promittit,
1730 3721 1930 3775 omnia
1960 3739 2086 3792 per-

447 3797 586 3851 ficit.
625 3797 921 3855 Dubitatio
981 3818 1139 3869 vero,
1170 3819 1298 3873 quae
1354 3804 1500 3859 nihil
1557 3807 1761 3875 credit,
1813 3811 2087 3866 omnibus

445 3886 571 3941 suis
602 3886 813 3941 excidit
862 3889 1158 3961 operibus.
1191 3892 1276 3946 Tu
1333 3892 1528 3965 itaque
1574 3896 1818 3951 orationi
1851 3915 2087 3969 operam

445 3975 600 4040 dato,
634 3991 737 4046 per
765 3977 1036 4034 virtutem
1071 3981 1225 4047 ﬁdei,
1259 3986 1314 4035 et
1344 3982 1457 4037 Deo
1488 3984 1662 4055 vives,
1688 3990 1863 4058 atque
1886 4004 2089 4045 omnes

445 4064 544 4131 qui
628 4065 1104 4138 (dubitationem)
1190 4074 1647 4143 contempserint
1720 4075 1777 4129 in
1856 4078 2085 4134 saecula.

444 4151 647 4206 Amen.

2195 610 2291 660 τοῦ
2322 609 2458 660 Θεοῦ
2491 603 2666 679 λέγων
2718 605 2768 660 ἐν
2820 605 3016 676 ἑαυτῷ,
3049 602 3135 657 δτι
3164 607 3291 666 Πῶς
3339 599 3626 675 δυνήσομαι
3671 604 3804 676 αἰτή-

2199 705 2388 756 σασθαι
2422 694 2566 768 παρά
2594 698 2690 749 τοῦ
2724 694 2923 768 Κυρίου
2974 687 3163 747 λαϐεῖν
3219 692 3547 764 ἡμαρτηκὼς
3602 697 3806 748 τοσαῦτα

2200 780 2274 835 εἰς
2307 781 2463 835 αὐτόν
2492 800 2503 849 ;
2534 783 2623 851 Μή
2676 779 2991 857 διαλογίζου
3038 784 3224 850 ταῦτα,
3254 778 3377 836 ἀλλ’
3428 778 3477 849 ἐξ
3524 778 3653 847 ὅλης
3694 802 3805 856 καρ-

2200 866 2317 932 δίας
2349 891 2447 924 σου
2478 868 2796 943 ἐπίστρεψον
2829 870 2964 944 πρὸς
2998 867 3219 942 Κύριον,
3249 867 3338 922 καὶ
3390 868 3537 923 αἰτοῦ
3583 871 3696 945 παρ’
3726 869 3806 925 αὖ·

2197 962 2293 1012 τοῦ
2353 956 2709 1026 ἀδιστάκτως,
2752 958 2845 1013 καὶ
2902 958 3085 1033 γνώσῃ
3142 958 3241 1026 τὴν
3297 956 3809 1033 πολυευσπλαγχνίαν

2201 1046 2387 1118 αὐτοῦ,
2429 1046 2510 1102 ὅτι
2543 1047 2604 1101 οὐ
2641 1049 2714 1120 μή
2750 1067 2807 1101 σε
2837 1044 3199 1122 ἐγκαταλείπῃ
3222 1045 3516 1120 (61),ἀλλά
3542 1047 3600 1101 τὸ
3632 1045 3810 1119 αἰτημα

2201 1142 2300 1205 τῆς
2333 1139 2514 1210 ψυχῆς
2546 1157 2639 1190 σου
2671 1135 3108 1212 πληροφορήσει.
3142 1134 3250 1190 Οὐκ
3280 1130 3391 1189 ἔστι
3422 1134 3520 1209 γὰρ
3553 1136 3579 1189 6
3607 1135 3723 1195 Θεὸς
3748 1136 3808 1195 ὡς

2204 1226 2255 1278 οἱ
2289 1225 2563 1297 ἄνθρωποι
2616 1230 3090 1296 μνησικακοῦντες,
3120 1223 3246 1280 ἀλλ’
3276 1223 3434 1286 αὐτὸς
3483 1223 3811 1296 ἀμνησίκακός

2203 1311 2312 1366 ἐστι
2370 1312 2460 1366 καὶ
2520 1313 2949 1389 σπλαγχνίζεται
3007 1310 3095 1367 ἐπὶ
3149 1314 3248 1381 τὴν
3294 1312 3513 1382 ποίησιν
3549 1310 3717 1367 αὐτοῦ.
3749 1311 3809 1365 Συ

2205 1400 2294 1456 οῦν
2354 1402 2642 1477 καθάρισον
2693 1403 2791 1471 τὴν
2845 1399 3066 1477 καρδίαν
3094 1423 3191 1456 σου
3218 1401 3324 1456 ἀπὸ
3354 1402 3563 1456 πάντων
3586 1404 3683 1455 τῶν
3733 1420 3813 1471 μα-

2204 1491 2365 1545 ταίων
2418 1492 2647 1560 τούτων,
2681 1492 2769 1545 καὶ
2817 1496 2925 1545 τῶν
2978 1489 3392 1565 προειρημένων
3450 1511 3531 1543 σοι
3563 1488 3811 1565 ῥημάτων,

2205 1581 2293 1637 καὶ
2325 1580 2478 1635 αἰτοῦ
2507 1580 2652 1655 παρά
2680 1585 2776 1634 τοῦ
2826 1579 3046 1655 Κυρίου,
3077 1580 3167 1634 καὶ
3221 1577 3396 1652 λήψῃ,
3427 1577 3513 1633 καὶ
3560 1578 3658 1632 ἀπὸ
3701 1578 3813 1631 πάν-

2207 1691 2311 1724 των
2345 1674 2451 1724 τῶν
2482 1669 2796 1742 αἰτημάτων
2845 1690 2940 1723 σου
2996 1668 3292 1744 ἀστὲρητος
3355 1664 3466 1741 ἔσῃ,
3495 1666 3576 1721 ἒάν
3627 1663 3813 1720 ἀδιστά-

2208 1781 2349 1821 κτως
2378 1758 2624 1832 αἰτήσῃς.
2659 1759 2782 1813 Ἐὰν
2812 1755 2869 1813 δὲ
2901 1755 3156 1831 διστάσῃς
3190 1760 3302 1830 (62)
3325 1756 3380 1812 ἐν
3409 1756 3475 1830 τῇ
3506 1752 3688 1830 καρδίᾳ
3715 1774 3815 1819 σου,

2209 1846 2362 1903 οὐδὲν
2396 1847 2455 1902 οὐ
2493 1849 2567 1920 μή
2602 1845 2755 1921 λήψῃ
2776 1852 2885 1902 τῶν
2914 1847 3229 1919 αἰτημάτων
3264 1867 3384 1902 σου.
3415 1846 3479 1902 Οἱ
3522 1844 3619 1920 γὰρ
3665 1840 3815 1897 διστά-

2211 1945 2388 2007 ζοντες
2421 1939 2496 2000 εἷς
2526 1940 2617 1993 τὸν
2645 1938 2796 2006 Θεὸν,
2831 1938 2981 1992 οὗτοί
3014 1938 3144 1991 εἰσιν
3177 1937 3252 1999 ὡς
3284 1933 3532 2010 δίψυχοι,
3559 1933 3642 1989 καὶ
3687 1928 3817 1986 οὐδὶν

2208 2026 2353 2089 ὅλως
2388 2023 2722 2100 λαμϐάνουσι
2750 2031 2856 2081 τῶν
2884 2026 3201 2098 αἰτημάτων
3234 2025 3428 2079 αὐτῶν.
3463 2024 3527 2081 Οἱ
3574 2019 3629 2077 δὲ
3651 2020 3813 2076 ὁλοτε-

2208 2116 2320 2180 λεῖς
2353 2114 2501 2179 ὄντες
2556 2115 2605 2169 ἐν
2665 2120 2730 2190 τῇ
2789 2114 2966 2170 πίστει
3012 2114 3184 2170 πάντα
3233 2114 3504 2169 αἰτοῦνται
3532 2109 3811 2169 πεποιθότες

2204 2204 2290 2260 ἐπὶ
2340 2207 2428 2261 τὸν
2480 2206 2608 2260 Θεὸν
2657 2204 2746 2260 καὶ
2792 2198 3188 2276 λαμϐάνουσιν,
3238 2202 3321 2257 ὅτι
3382 2199 3696 2259 ἀδιστάκτως
3739 2197 3810 2250 αἱ·

2202 2299 2420 2350 τοῦνται
2483 2292 2650 2367 μηδὲν
2711 2291 3088 2367 διψυχοῦντες.
3124 2298 3232 2354 Πᾶς
3288 2291 3395 2365 γὰρ
3428 2287 3651 2364 δίψυχος
3679 2287 3810 2353 ἀνὴρ,

2204 2381 2290 2437 ἐὰν
2349 2384 2423 2455 μή
2482 2383 2813 2455 μετανοήσῃ,
2846 2379 3125 2441 δυσκόλως
3176 2382 3501 2450 σωθήσεται.
3550 2375 3810 2449 Καθάρισον

2204 2472 2293 2526 οὖν
2328 2473 2426 2540 τήν
2459 2469 2681 2545 καρδίαν
2714 2491 2810 2525 σου
2867 2469 2973 2525 ἀπὸ
3029 2472 3127 2538 τῆς
3190 2466 3470 2544 διψυχίαςι
3524 2463 3716 2521 ἔνδυσαι
3767 2459 3812 2515 δὲ

2201 2562 2299 2629 τὴν
2332 2560 2535 2629 πίστιν,
2570 2559 2653 2615 ὅτι
2687 2559 2883 2635 ἰσχυρά
2913 2558 3045 2627 ἐστι,
3076 2558 3166 2614 καὶ
3214 2557 3438 2613 πίστευε
3476 2561 3552 2627 τῷ
3592 2558 3717 2626 Θεῷ,
3745 2550 3812 2606 ὅτι

2201 2650 2373 2705 πάντα
2400 2651 2468 2705 τά
2498 2649 2771 2721 αἷτήματά
2802 2670 2919 2719 σου,
2952 2648 2985 2702 ἆ
3015 2647 3162 2722 αἰτῇ.
3197 2646 3373 2721 λήψῃ,
3408 2647 3503 2702 Καὶ
3551 2644 3632 2700 ἐὰν
3678 2642 3811 2708 αἰτη-

2203 2739 2433 2811 σάμενός
2490 2759 2621 2793 ποτε
2678 2738 2824 2813 παρὰ
2871 2742 2973 2793 τοῦ
3031 2736 3232 2813 Κυρίου
3277 2736 3490 2809 αἴτημά
3534 2756 3583 2789 τι
3613 2732 3695 2787 καὶ
3726 2729 3810 2805 [μὴ

2203 2826 2507 2900 ἀπολήψτά,
2546 2828 2621 2899 μὴ
2664 2824 2998 2901 διψυχήσῃς,
3031 2825 3113 2881 ὅτι
3160 2827 3360 2901 τάχιον
3412 2825 3509 2880 οὐκ
3551 2816 3722 2880 ἔλαϐες
3759 2816 3811 2871 τὸ

2201 2914 2409 2988 α’ίτημα
2434 2923 2535 2985 τῆς
2581 2919 2771 2989 ψυχῆς
2828 2935 2944 2969 σου*
2978 2915 3191 2976 πάντως
3251 2915 3357 2990 γὰρ
3416 2912 3504 2969 διὰ
3544 2905 3808 2985 πειρασμόν

2198 3025 2318 3060 τινα
2364 3006 2399 3073 ἢ
2443 3002 2792 3079 παράπτωμά
2839 3025 2891 3057 τι
2941 3004 2969 3058 ’ὀ
3018 3002 3080 3057 σὺ
3130 3004 3363 3078 ἀγνοεῖς,
3395 3002 3497 3057 οὐκ
3524 2995 3718 3059 ἔλαϐες.
3748 2993 3809 3049 Σὺ

2203 3092 2292 3147 οὗν
2331 3095 2405 3167 μὴ
2439 3090 2693 3166 διαλίπης
2715 3091 3013 3167 εὐχόμενος
3048 3092 3109 3147 τὸ
3140 3089 3354 3164 αἷττημα
3380 3099 3479 3161 τῆς
3509 3094 3680 3164 ψυχῆς
3710 3105 3808 3154 σου.

2198 3180 2302 3244 ἕως
2336 3184 2398 3236 οῦ
2431 3182 2695 3256 ἀπολήψῃ
2730 3180 2880 3245 αὐτό.
2912 3181 3033 3236 Ἐἀν
3068 3178 3124 3236 δὲ
3153 3180 3462 3255 ἐκκακήσῃς
3495 3179 3579 3234 καὶ
3609 3174 3812 3248 διψυχή·

2201 3293 2293 3345 σῃς
2327 3271 2669 3342 αἰτούμενος,
2703 3268 2889 3324 ἑαυτὸν
2924 3269 3103 3341 αἰτιῶ,
3135 3269 3223 3324 καὶ
3260 3271 3341 3341 μή
3372 3270 3462 3324 τὸν
3499 3268 3571 3339 μὴ
3627 3261 3812 3319 διδόντα

2199 3382 2299 3416 σοι.
2340 3360 2518 3417 Βλέπε
2548 3358 2638 3414 οὖν
2668 3361 2768 3427 τὴν
2803 3356 3061 3434 διψυχίαν
3084 3358 3312 3428 ταύτην·
3346 3357 3556 3432 πονηρά
3579 3353 3676 3429 γάρ
3719 3350 3809 3405 ἐστι

2195 3450 2285 3504 καὶ
2317 3448 2569 3509 ἀσύνετος
2614 3448 2708 3502 καὶ
2760 3445 3009 3510 πολλοὺς
3065 3446 3272 3522 ἐκριζοῖ
3305 3449 3418 3520 (63)
3449 3446 3550 3500 ἀπὸ
3603 3449 3693 3511 τῆς
3743 3437 3812 3492 πί·

2197 3559 2387 3610 στεως,
2419 3537 2509 3592 καί
2562 3558 2622 3612 γε
2678 3535 2799 3591 λίαν
2855 3535 3079 3598 πιστοὺς
3123 3535 3211 3590 καὶ
3243 3534 3530 3611 ἰσχυρούς·
3572 3526 3813 3606 Καταφρό-

2197 3648 2356 3697 νησον
2387 3625 2477 3681 οῦν
2511 3625 2677 3693 αὐτῆς
2710 3624 2761 3679 ἐν
2820 3625 2975 3679 παντὶ
3019 3623 3324 3699 πράγματι,
3357 3620 3694 3693 ἐνδυσάμενος
3727 3616 3810 3683 τήν

2198 3719 2373 3772 πίστιν
2404 3718 2502 3785 τήν
2539 3716 2763 3791 ἰσχυρὰν
2796 3716 2884 3770 καὶ
2917 3714 3168 3785 δυνατήνο
3201 3718 3237 3784 ἡ
3289 3717 3393 3792 γὰρ
3441 3714 3615 3774 πίστις
3667 3707 3813 3763 πάντα

2198 3805 2607 3882 ἐπαγγέλλεται,
2632 3806 2801 3859 πάντα
2846 3804 3068 3860 τελιιοῖ·
3103 3808 3138 3873 ἡ
3172 3802 3228 3859 δὲ
3274 3803 3527 3879 διψυχία,
3563 3803 3632 3874 μὴ
3679 3815 3813 3851 κατα·

2197 3896 2521 3950 πιστεύουσα
2580 3894 2795 3962 ἑαυτὴν,
2826 3894 3039 3948 πάντων
3099 3895 3471 3970 ἀποτυγχάνει
3515 3895 3617 3946 τῶν
3665 3886 3809 3961 ἔργων

2199 3985 2386 4053 αὐτῆς,
2419 3987 2492 4037 ὧν
2522 3986 2768 4058 πράσσει.
2804 3982 2878 4036 Σὺ
2912 3980 3002 4035 οὖν
3044 3980 3269 4038 δούλευε
3320 3988 3389 4057 τῇ
3444 3982 3577 4056 εὐχῇ
3624 3999 3729 4045 σου,
3752 3977 3809 4045 τῇ

2200 4074 2420 4145 δυνάμει
2453 4080 2551 4142 τῆς
2584 4072 2835 4141 πίστεως,
2868 4073 2956 4126 καὶ
3005 4074 3142 4145 ζήσῃ
3196 4076 3278 4143 τῷ
3335 4077 3453 4145 Θεῷ
3506 4069 3592 4125 καὶ
3645 4067 3810 4121 πάντες

2200 4165 2251 4218 οἱ
2281 4164 2781 4241 καταφρονήσαντες
2814 4161 2890 4223 εἰς
2920 4160 3044 4223 τοὺς
3077 4161 3302 4224 αἰῶνας.
3338 4163 3540 4234 Ἀμήν.

1257 4303 1535 4360 Decimum
1596 4310 1945 4381 mandatum,
2004 4309 2161 4368 mala
2187 4310 2629 4381 concupiscentia
2658 4306 3020 4363 eliminanda.

513 4418 600 4473 40.
634 4419 779 4475 Cum
832 4422 1064 4490 iterum,
1116 4433 1402 4493 orassent,
1453 4429 1534 4484 ait
1584 4431 1668 4486 illi
1726 4434 2080 4507 episcopus:

441 4507 587 4561 Audi
620 4508 912 4565 decimum
938 4519 1283 4584 praeceptum
1314 4533 1327 4572 :
1360 4518 1536 4574 Aufer
1562 4536 1594 4573 a
1625 4526 1678 4575 te
1700 4537 1931 4579 omnem
1961 4542 2083 4579 ma-

2272 4437 2355 4490 10.
2392 4434 2499 4504 (64)
2538 4430 2632 4486 Καὶ
2665 4430 2967 4503 εὐξαμένων
3001 4428 3371 4505 αὐτῶν,λὲγει
3404 4430 3547 4500 αὐτῷ
3576 4428 3604 4482 6
3632 4422 3816 4481 ἐπίσκο-

2197 4541 2316 4583 πος’
2344 4524 2540 4578 Ἀκουε
2568 4522 2656 4575 καί
2688 4528 2790 4589 τῆς
2821 4518 3046 4589 δεκάτης
3097 4519 3346 4589 ἐντολῆς*
3376 4526 3540 4591 Ἀρον
3589 4515 3685 4571 άπὸ
3735 4513 3814 4565 σοῦ

446 4595 561 4650 lam
601 4598 1001 4669 cupiditatem,
1064 4604 1356 4676 indueque
1404 4608 1617 4663 bonam
1669 4615 1725 4665 et
1781 4612 2086 4669 honestam

2201 4618 2367 4665 πᾶσαν
2398 4611 2681 4682 ἐπιθυμίαν
2713 4610 2980 4683 πονηρὰν,
3012 4605 3220 4664 ἔνδυσαι
3266 4610 3365 4678 τὴν
3418 4604 3689 4678 ἐπιθυμίαν
3729 4600 3811 4666 τὴν

446 4686 864 4756 cupiditatem:
900 4706 1027 4745 eam
1079 4709 1331 4765 namque
1389 4696 1655 4766 indutus,
1707 4701 1920 4756 malam
1954 4704 2086 4758 odio

445 4773 708 4831 habebis.
742 4777 882 4831 Fera
914 4779 1066 4834 enim
1098 4782 1391 4851 cupiditas
1423 4786 1479 4839 in
1513 4785 1860 4842 haecincidit
1892 4790 2082 4857 mala;

444 4863 498 4916 in
532 4862 787 4919 dolorem
823 4870 936 4937 q'uo
969 4867 1055 4922 vir
1086 4871 1427 4941 imprudens
1454 4874 1866 4931 miserabiliter
1903 4878 2081 4932 absu-

443 4952 639 5007 mitur.
676 4957 1023 5025 Hujusmodi
1056 4964 1248 5014 autem
1287 4961 1552 5018 homines
1590 4964 1849 5020 absumit
1898 4966 2082 5033 dolor,

438 5042 574 5109 quia
604 5043 947 5101 indumento
979 5053 1175 5102 carent
1207 5049 1369 5104 bonae
1419 5052 1778 5124 cupiditatis,
1839 5057 1936 5110 sed
1978 5055 2085 5109 hoc

437 5132 647 5187 sacculo
696 5134 991 5190 commisti
1053 5143 1211 5192 sunt.
1274 5139 1388 5195 Hos
1447 5140 1645 5213 itaque
1703 5145 1774 5199 ad
1836 5148 2081 5199 mortem

436 5219 631 5275 tradit.
665 5221 1014 5293 Ecquasnam
1050 5224 1146 5280 illa
1176 5233 1337 5296 sunt,
1370 5229 1451 5284 ait
1480 5232 1893 5299 Antiochus,id
1931 5233 2086 5288 mala

434 5309 772 5380 cupiditate,
795 5328 921 5382 quae
946 5315 1187 5370 tradunt
1221 5316 1490 5374 homines
1517 5320 1584 5374 ad
1621 5324 1907 5378 mortem?
1928 5323 2079 5379 indi-

436 5403 564 5453 cato
587 5398 731 5453 mihi
767 5403 830 5454 ut
856 5400 927 5455 ab
960 5400 1030 5456 iis
1088 5404 1410 5475 aufugiam.
1470 5408 1564 5463 Ait
1594 5409 1677 5464 illi
1721 5411 2032 5483 episcopus
2067 5429 2078 5468 :

436 5487 607 5542 Audi.
644 5488 906 5544 Primum
944 5491 1207 5546 omnium
1266 5495 1561 5565 cupiditas
1618 5498 1905 5566 mulieris,
1955 5506 2080 5556 tum

510 5629 619 5705 (ﬁt)
647 5628 853 5705 Yulgo,
888 5598 1239 5705 ἐγκαταλίπῃ.
1276 5639 1485 5692 Noms.

511 5701 622 5771 (62)
656 5698 855 5775 Vulgo,
892 5698 1133 5774 δὶστάσῃ.
1170 5698 1230 5759 Ii)

2199 4702 2423 4775 ἀγαθὴν,
2457 4701 2545 4754 καὶ
2596 4701 2818 4772 σεμνήν·
2850 4696 3194 4769 ἐνδεδυμένος
3239 4700 3346 4774 γὰρ
3403 4699 3504 4767 τήν
3559 4689 3811 4763 ἐπιθυμίαν

2192 4789 2414 4858 ταύτην,
2454 4791 2698 4861 μισήσεις
2728 4790 2825 4855 τὴν
2873 4790 3110 4859 πονηρὰν
3163 4787 3476 4861 ἐπιθυμίαν.
3510 4783 3687 4858 Ἀγρία
3727 4778 3813 4853 γὰρ

2196 4878 2450 4950 ἐπιθυμία
2483 4878 2557 4938 εἰς
2604 4875 2730 4932 τάδε
2776 4878 3082 4949 ἀνεμπεσεῖ,
3110 4875 3184 4937 εἰς
3239 4875 3421 4946 λύπην
3456 4879 3471 4947 (
3507 4917 3519 4928 .
3557 4917 3569 4930 .
3607 4917 3616 4927 .
3652 4914 3665 4929 .
3698 4913 3709 4928 .
3740 4865 3811 4921 ἐὰν

2200 4968 2274 5037 μη
2327 4965 2379 5039 ᾖ)
2433 4968 2646 5027 συνετὸς
2707 4963 3001 5019 δαπανᾶται
3049 4964 3136 5018 ὑπ’
3168 4964 3336 5032 αὐτῆς
3382 4962 3586 5023 δεινῶς.
3628 4958 3815 5020 Δαπανᾷ

2196 5052 2253 5107 δὲ
2298 5054 2525 5116 τούτους
2588 5057 2661 5127 μὴ
2723 5053 2948 5128 ἔχοντας
3009 5050 3210 5126 ἔνδυμα
3266 5053 3553 5125 ἐπιθυμίας
3609 5048 3812 5123 ἀγαθῆς,

2195 5142 2321 5198 ἀλλ’
2360 5143 2806 5220 ἐμπεφυρμὲνους
2852 5148 2930 5214 τῷ
2978 5143 3133 5197 αἰῶνι
3192 5142 3411 5214 τούτῳ·
3470 5140 3683 5197 τούτους
3738 5130 3813 5187 οὖν

2194 5230 2561 5306 παραδίδωσιν
2596 5233 2670 5293 εἰς
2704 5231 2946 5288 θάνατον.
2980 5232 3082 5289 Καὶ
3115 5229 3258 5305 λέγει
3292 5234 3322 5286 ὁ
3357 5225 3813 5303 Ἀντίοχος·Ι1οἷαν

2193 5321 2366 5396 κύριε»
2401 5321 2503 5376 εἶσὶ
2561 5329 2660 5390 τῆς
2719 5320 3005 5393 ἐπιθυμίας
3060 5328 3157 5389 τῆς
3204 5326 3454 5392 πονηρᾶς
3494 5318 3559 5373 τὰ
3609 5308 3815 5390 παραδι-

2195 5406 2355 5464 δόντα
2412 5409 2539 5472 τοὺς
2596 5409 2917 5483 ἀνθρώπους
2977 5409 3051 5470 εἰς
3104 5411 3366 5478 θάνατον;
3402 5404 3663 5482 Γνώρισόν
3712 5418 3812 5473 μοι,

2187 5498 2281 5553 ’ίνα
2312 5497 2469 5576 φύγω
2501 5500 2590 5553 ἀπ’
2622 5498 2818 5557 αὐτῶν.
2855 5501 3006 5574 Λέγει
3043 5498 3188 5569 αὐτῷ
3217 5500 3246 5552 6
3280 5498 3590 5559 ἐπίσκοποςν
3635 5494 3812 5548 Ἀκου-

2265 5644 2377 5717 (63)
2408 5642 2607 5717 Vulgo,
2640 5643 2919 5717 pessime,
2952 5641 3170 5717 ἐκριζεῖ.
3207 5644 3295 5717 In.

2263 5709 2376 5785 (64)
2408 5709 2923 5773 Ηθινὶηωίῐιιιῐιὰειιζ
2956 5709 3021 5772 8.’
3047 5709 3132 5771 10.
3162 5715 3435 5772 Antioch.
3469 5714 3621 5771 hom.
3651 5709 3733 5764 74.
