2036 3105
147 184 210 216 569

656 182 851 214 DOCTlthA
872 183 924 212 AD
946 181 1176 213 ANTIOGHUM
1200 181 1346 213 DUCEM.

1793 178 1853 209 5'10

147 261 208 279 σον.
294 251 406 287 Πρῶτον
421 250 528 278 πάντων
549 248 678 286 ἐπιθυμία
701 248 824 287 γυναικὸς
848 248 893 276 καὶ
922 258 972 276 πο-

1033 248 1198 277 divitiarum
1214 247 1373 276 multarum
1389 245 1505 283 cupido,
1523 253 1586 282 qum
1601 247 1646 273 est
1661 245 1852 280 avaritia,nec

147 294 279 323 λυτιλεια
302 293 436 329 πλούτου,
463 294 480 328 ἢ
498 293 553 321 ἐστι
570 292 745 333 φιλαργυρία,
762 292 807 320 καὶ
823 291 975 329 ἐδεσμάτων

148 338 264 367 πολλῶν
281 339 325 366 καὶ
342 338 476 375 ματαίων,
492 338 537 366 καὶ
556 338 725 375 μεθύσματος
742 336 862 372 πολλοῦ,
879 335 976 376 διαφό-

149 393 206 421 ρων
225 383 342 420 γεύσίων
358 382 404 410 καὶ
420 382 517 420 ἐτέρων
533 384 640 421 τρυφῶν
656 381 768 410 πολλῶν
793 381 837 409 καὶ
863 383 975 418 μωρῶν,

148 427 197 455 καὶ
214 426 296 462 δόξης
312 426 485 464 ἀνθρωπίνης
500 427 545 454 καὶ
563 427 686 463 ματαίας.
704 429 779 454 Πᾶσα
799 426 886 464 τρυφή
919 436 975 462 μω-

149 472 185 508 pi
198 471 254 499 ἐστι
269 472 314 499 καὶ
341 472 404 505 κενὴ
429 474 487 502 τοῖς
510 470 620 502 δούλοις
644 473 692 498 τοῦ
717 472 795 499 Θεοῦ.
813 471 975 508 Ἀπέχεσθαι

149 516 197 544 οὖν
213 514 255 543 δεῖ
281 518 336 543 τῶν
360 514 512 551 ἐπιθυμιῶν
537 515 653 551 τούτων,
677 514 722 542 ⁸ίνα
745 514 911 553 ἀπεχόμενοι
932 515 976 550 ζή-

148 571 216 596 σητε
244 563 283 596 τῷ
312 562 381 596 Θεῷ.
409 560 470 588 Ἐὰν
496 559 523 587 δὲ
548 559 694 597 δουλεύοῃς
725 562 760 597 τῇ
785 559 915 596 ἐπιθυμίᾳ
941 561 975 596 τῇ

147 605 236 643 ἀγαθῇ
266 604 310 632 καὶ
339 604 479 642 ὑποταγῆς
515 604 594 641 αὐτῇ,
632 603 740 631 δύνασαι
770 605 975 641 κατακυριιῦσαι

147 654 200 685 τῆς
215 650 362 686 ἐπιθυμίας
377 651 428 685 τῆς
444 653 568 688 πονηρᾶς
581 649 626 677 καὶ
643 649 771 685 ὑποτάξαι
791 649 886 683 αὐτὴν,
915 654 977 680 καθ-

149 695 187 726 ὼς
206 694 312 733 βούλει.
329 695 360 723 Ὁ
374 693 517 732 ’Λντίοχος
531 693 617 731 λέγει.
633 694 746 722 Ἣθελον
762 696 862 732 γνῶναι
886 693 976 724 ποίοις

148 739 266 777 τρόποις
294 738 335 766 δεῖ
365 749 400 775 με
426 737 572 767 ’δουλεῦσαι
598 740 633 776 τῇ
662 738 791 775 ἐπιθυμίᾳ
815 739 850 774 τῇ
879 738 975 776 ἀγαθῇ.

148 785 210 821 (66)
236 784 269 812 Ὀ
298 783 446 814 ὲπίσκοπος
476 783 558 821 λέγει·
580 784 689 811 ’¹Ακουε·
716 784 846 821 Ἐργασαι
876 781 977 810 δικαιο-

148 828 234 863 σύνην
251 828 297 855 καὶ
315 828 412 866 ἀρετὴν
429 827 557 863 ἀληθείας
572 827 617 855 καὶ
636 825 720 867 φόϐον
744 827 843 864 Κυρίου
870 827 915 855 καὶ
931 826 976 854 πί-

147 883 207 900 στιν
245 872 290 900 καὶ
328 871 433 910 ἀγάπην
462 872 506 899 καὶ
543 871 791 911 ταπεινοφροσύνην
820 872 865 899 καὶ
894 872 976 907 ἆκτη-

149 917 277 954 μοσύνην
299 938 306 945 .
328 937 335 944 .
358 938 364 945 .
388 937 395 944 .
417 938 424 945 ,
457 917 514 951 ιθην
534 920 647 951 ποιῆσαι
673 920 722 951 τῆς
752 919 887 953 κοσμικῆς
909 937 915 944 .
939 938 946 944 .
969 938 975 945 .

147 983 156 990 .
179 983 187 990 .
212 982 220 990 .
238 960 349 997 ότητος,
366 961 411 988 καὶ
427 961 476 988 ὃσα
489 960 596 992 τούτοις
616 960 700 997 ὅμοια
726 964 786 992 τοῖς
812 960 978 999 προειρημὲ-
994 960 1003 969 ⁸

145 1016 218 1043 νοις,
231 1008 317 1033 ταῦτα
342 1002 531 1043 ἐργαζόμενος,
555 1005 697 1044 εὐάρεστος
722 1004 768 1043 ἔσῃ
793 1004 891 1037 δοῦλος
911 1008 978 1033 Θεοῦ

150 1050 191 1081 εἷς
207 1049 274 1080 τοὺς
289 1048 399 1080 αἰῶνας.
416 1050 516 1086 ’Δια-ἠν.

187 1093 278 1121 Πάλιν
296 1093 370 1131 λέγει
386 1093 459 1130 αὐτῷ
481 1094 495 1122 ὁ
522 1093 679 1125 ἐπίσκοπος·
704 1094 732 1121 Ὁ
753 1091 891 1128 διάϐολος,
917 1092 979 1121 ὅταν

149 1137 199 1176 ἴδῃ
226 1137 270 1166 ὅτι
294 1137 329 1165 δι’
354 1138 461 1173 ἑαυτοῦ,
485 1139 605 1166 τουτέστι
622 1137 667 1165 διὰ
680 1140 729 1165 τοῦ
745 1137 815 1165 ἰδίου
830 1137 977 1175 λογισμοῦ,

148 1181 230 1211 οὐδὲν
248 1181 358 1211 δύναταί
383 1193 413 1210 σε
443 1182 557 1220 βλάψαι,
586 1182 647 1210 τότε
675 1183 748 1222 φέρει
772 1183 840 1220 πρὸς
862 1183 891 1210 σὲ
906 1183 979 1210 ἀσθε-

145 1227 295 1265 νεστέρους
312 1226 459 1265 μοναχοὺς,
475 1227 520 1255 καὶ
541 1226 576 1254 δι’
591 1227 677 1255 αὐτῶν
701 1227 832 1266 πρόφασίν
844 1238 904 1255 τινα
919 1226 979 1255 δια-

132 1272 245 1312 λόγων
261 1273 278 1306 ἢ
293 1269 389 1310 ἔργων,
407 1272 424 1307 ἢ
441 1271 625 1305 ἀναπαύσεως,
642 1272 659 1307 ἢ
678 1271 764 1307 ζήλου
784 1270 913 1310 σαρκικοῦ
938 1271 978 1299 δί-

145 1314 220 1343 δωσί
234 1326 290 1351 σοι,
307 1315 347 1343 sic
361 1316 392 1343 τὸ
408 1315 584 1344 σκανδαλίσαι
599 1316 643 1343 καὶ
660 1316 779 1354 ταράξαι.
803 1315 840 1343 Σὺ
857 1314 885 1343 δὲ
908 1318 977 1343 νοῶν

144 1362 199 1387 τοῦ
214 1360 318 1398 ἐχθροῦ
334 1360 401 1388 εἶναι
417 1361 582 1395 κατασκευὴν
599 1362 690 1395 τοῦτο,
714 1360 752 1396 μή
778 1358 843 1398 ἄρξῃ
866 1360 915 1395 τὴν
942 1360 979 1391 εἰς

147 1403 274 1431 διάνοιάν
304 1414 353 1432 σου
375 1404 473 1443 λέγειν·
500 1405 574 1442 Ἐγὼ
597 1405 651 1432 ἀπὸ
671 1407 719 1432 τοῦ
742 1404 868 1432 τοιούτου
883 1403 977 1443 γένους

145 1450 210 1486 εἰμί
234 1449 368 1488 μεγάλου,
392 1451 436 1477 καὶ
462 1451 539 1482 οὗτος
563 1450 676 1486 ἰδιώτης
691 1452 737 1478 καὶ
751 1450 875 1485 εὐτελὴς,
903 1451 978 1490 κᾴγὼ

146 1494 188 1525 sic
206 1494 271 1525 τοὺς
285 1493 372 1525 πόδας
387 1495 469 1523 αὑτοῦ
484 1493 541 1534 ἔχω
554 1498 644 1524 πεσεῖν
656 1505 663 1531 ;
676 1495 783 1534 μᾶλλον
799 1494 828 1523 δὲ
844 1494 888 1523 διὰ
897 1497 978 1523 τοῦτο

144 1538 291 1576 πρόσπισε
306 1539 390 1574 αὐτῷ,
408 1539 580 1576 μεμνημένος
595 1543 646 1574 τῆς
669 1542 718 1567 τοῦ
743 1543 873 1577 Σωτῆρος
896 1539 976 1575 ἡμῶν

151 1584 248 1617 Ἰησοῦ
277 1583 396 1621 Χριστοῦ
418 1582 541 1620 ἐντολῆς,
576 1584 638 1619 ἥτις
676 1594 718 1612 σοι
755 1583 975 1621 παρακελεύεταν

1031 301 1088 321 non
1115 292 1274 321 multorum
1298 299 1499 326 vanorumque
1527 290 1672 324 ciborum,
1703 290 1853 317 ebrietatis

1031 337 1140 373 nimiis,
1153 337 1301 365 variorum
1317 336 1392 373 gulae
1408 336 1669 367 irritamentorum,
1685 337 1713 362 et
1729 334 1853 362 aliarum

1031 382 1227 420 plurimarum
1255 381 1474 417 stultarumque
1494 380 1677 416 voluptatum
1697 388 1701 407 :
1720 379 1855 406 humana:

1031 426 1100 454 item
1125 434 1264 462 variaeque
1287 426 1396 462 glorias.
1430 425 1568 461 Voluptas
1600 424 1740 460 quaelibet
1767 423 1860 450 stulta

1031 473 1076 499 est
1091 471 1246 506 inanisque
1257 470 1348 498 servis
1363 470 1424 497 Dei.
1437 470 1591 497 Abstinere
1607 469 1705 503 itaque
1722 466 1858 495 convenit

1032 523 1048 543 a
1062 515 1264 551 voluptatibus
1280 514 1532 550 hujuscemodi,ut
1547 513 1583 540 iis
1592 513 1784 544 abstinentes,
1800 515 1855 538 Deo

1030 559 1144 587 vivatis.
1161 559 1241 592 Quod
1257 558 1284 586 si
1301 559 1382 586 boum
1398 557 1552 594 cupiditati
1576 556 1752 589 inservieris,
1770 556 1854 591 eique

1034 604 1191 632 obsecutus
1219 604 1320 637 fueris,
1354 603 1543 633 dominabere
1572 610 1664 638 pravae
1691 601 1855 636 cupiditati,

1031 657 1155 684 eamque
1170 648 1311 676 arbitratu
1327 650 1377 675 tuo
1404 648 1455 675 tibi
1480 646 1631 682 subjicies.
1654 647 1727 673 Tum
1753 645 1852 672 Antio-

1032 692 1105 721 chus
1131 701 1136 719 :
1163 693 1244 720 Scire
1265 692 1380 726 vellem,
1406 693 1455 727 ait,
1481 692 1661 727 quibusnam
1687 691 1780 717 modis
1809 698 1856 717 me

1031 739 1162 774 oporteat
1176 738 1260 765 bonae
1274 737 1428 772 cupiditati
1445 736 1594 764 inservire.
1612 735 1664 763 Cui
1680 735 1855 771 episcopus:

1032 782 1119 815 Audi,
1136 781 1285 817 justitiam
1308 789 1438 817 operare,
1462 781 1598 808 virtutem
1624 783 1689 808 tene
1715 779 1855 814 veritatis,

1033 835 1144 855 necnon
1160 826 1296 853 timorem
1312 825 1440 860 Domini,
1456 826 1555 861 ﬁdem,
1570 824 1855 858 charitatem,humi-

1031 871 1143 899 litatem
1169 873 1198 898 et
1222 873 1425 906 paupertatem
1451 869 1542 905 pluris
1567 869 1657 897 facias
1684 870 1738 903 (70)
1764 876 1852 904 quam

1032 916 1214 943 mundanam
1230 915 1399 949 vanitatem,
1415 918 1444 942 et
1457 914 1503 942 his
1518 914 1627 942 similia
1644 923 1649 941 :
1668 923 1730 949 qua:
1743 914 1766 941 si
1783 922 1852 949 ope-

1032 962 1114 988 ratus
1131 959 1231 995 tueris,
1248 967 1349 987 servus
1364 959 1422 987 Deo
1448 962 1585 995 acceptus
1610 959 1666 986 eris
1688 959 1715 986 in
1734 958 1849 986 saecula.

1032 1005 1133 1032 Amen.

1070 1094 1178 1122 lterum
1194 1093 1235 1121 ait
1249 1093 1290 1121 illi
1316 1093 1472 1130 episcopus
1489 1102 1495 1120 :
1512 1094 1584 1122 Cum
1607 1093 1701 1121 videat
1724 1091 1857 1120 diabolus

1034 1147 1091 1167 non
1107 1147 1192 1175 posse
1207 1146 1238 1166 se
1253 1147 1306 1166 suo
1323 1141 1426 1172 marte,
1447 1138 1475 1165 id
1502 1141 1548 1166 est
1564 1147 1615 1174 per
1639 1146 1723 1165 suam
1748 1138 1856 1173 cogita-

1034 1184 1156 1216 tionem,
1173 1183 1226 1210 tibi
1250 1191 1364 1217 nocere,
1390 1183 1566 1210 inﬁrmiores
1594 1183 1628 1210 ad
1654 1186 1680 1210 te
1696 1182 1855 1209 monachos

1034 1228 1174 1262 adducit;
1190 1236 1316 1263 quorum
1333 1235 1430 1263 opera,
1443 1227 1600 1263 quamdam
1613 1228 1664 1254 tibi
1683 1227 1791 1263 praebet
1806 1235 1855 1254 oc-

1033 1272 1179 1300 casionem
1195 1271 1389 1308 dialogorum,
1415 1280 1548 1308 operum,
1565 1272 1626 1305 otii,
1654 1275 1703 1299 aut
1728 1271 1854 1299 carnalis

1033 1317 1191 1353 cupidinis,
1208 1317 1284 1356 utin
1306 1315 1477 1344 scandalum
1506 1319 1534 1344 te
1549 1316 1578 1343 in
1604 1317 1854 1352 perturbationem

1033 1362 1179 1397 conjiciat.
1194 1364 1232 1389 At
1247 1363 1360 1395 tu,cum
1373 1361 1452 1388 noris
1465 1360 1518 1389 has
1531 1361 1713 1388 esseinimisi
1724 1360 1855 1392 insidias,

1033 1415 1069 1434 ne
1084 1406 1204 1442 cceperis
1220 1406 1249 1433 in
1265 1407 1361 1433 mente
1377 1408 1428 1433 tua
1444 1405 1539 1432 dicere
1555 1412 1561 1432 :
1580 1405 1675 1441 Egone
1697 1407 1755 1431 tam
1781 1413 1855 1439 prae-

1032 1450 1110 1479 claro
1125 1458 1229 1487 genere
1244 1450 1438 1483 oriundus,ad
1455 1449 1541 1485 pedes
1551 1449 1674 1484 hujusce
1690 1449 1739 1484 qui
1760 1448 1854 1483 priva-

1032 1497 1080 1523 tus
1095 1498 1124 1522 et
1145 1494 1223 1530 vulor'i
1248 1494 1335 1522 homo
1362 1496 1414 1523 est.
1443 1502 1489 1522 me
1511 1493 1718 1529 prosternam?
1735 1493 1794 1520 Imo
1820 1501 1853 1520 ea

1032 1540 1158 1567 maxime
1174 1540 1209 1567 de
1224 1547 1312 1567 causa
1328 1538 1445 1575 procide
1460 1546 1556 1566 coram
1579 1537 1640 1570 illo,
1663 1538 1851 1572 memorjus-

1031 1584 1122 1612 sionis
1138 1583 1295 1612 Salvatoris
1306 1583 1398 1611 nostri
1412 1583 1482 1611 Jesu
1498 1583 1677 1618 Christi,qua
1689 1582 1855 1618 praecipitur

146 1640 161 1654 ιι
181 1628 245 1655 ’Βᾶν
259 1619 308 1658 tte
319 1638 347 1655 σε
363 1627 461 1666 punior,
484 1627 523 1659 εἷς
548 1628 597 1663 τὴν
619 1627 705 1663 δεξιὰν
723 1619 845 1666 σιαγόνα,
862 1629 976 1666 στρέψον

1034 1628 1086 1656 tibi
1104 1637 1110 1655 ε
1126 1640 1137 1653 «ι
1157 1628 1186 1656 Si
1202 1628 1269 1664 quis
1285 1627 1462 1664 percusserit
1478 1629 1506 1655 te
1530 1627 1560 1654 in
1584 1627 1731 1654 maxillam
1755 1627 1853 1654 dexte-

145 1672 224 1708 αὐτῷ
239 1671 285 1699 καὶ
300 1672 350 1706 τὴν
368 1670 488 1707 ἅλλην,››
500 1672 545 1700 καὶ
562 1673 600 1709 μὴ
616 1672 748 1711 πρότερον
762 1673 844 1701 αὑτοῦ
859 1672 979 1709 ἀποστῇς

144 1718 204 1743 τῶν
218 1714 327 1752 ποδῶν,
342 1714 394 1747 ἓως
410 1715 441 1744 οὖ
468 1717 642 1755 συγχώρησιν
670 1717 726 1753 μετ’
742 1717 828 1755 εὑχῆς
854 1718 916 1755 παρ’
931 1718 979 1746 αὑ-

144 1762 200 1788 τοῦ
218 1759 293 1798 δέξῃ,
311 1760 384 1792 ὅπως
398 1760 501 1792 τέλειός
525 1771 567 1788 σοι
582 1759 705 1798 ἀποδοθῇ
730 1765 779 1796 τῆς
803 1772 981 1802 ταπεινοφρο-

146 1805 234 1840 σύνης
251 1805 266 1832 ὁ
294 1805 423 1844 στέφανος
439 1805 475 1837 είς
489 1804 552 1836 τοὺς
568 1805 678 1836 αἰῶνας.
696 1806 795 1842 Ἀμήν.

1034 1681 1108 1707 ram,
1126 1673 1221 1709 praebe
1237 1672 1280 1700 illi
1296 1675 1323 1700 et
1338 1672 1425 1700 aliam
1442 1672 1484 1700 7’:
1502 1683 1517 1696 »
1534 1679 1626 1707 neque
1636 1672 1670 1699 ab
1683 1671 1761 1698 illius
1775 1671 1855 1706 pedi-

1034 1717 1090 1745 bus
1114 1719 1181 1745 ante
1204 1717 1392 1751 abscesseris,
1417 1717 1509 1744 donec
1532 1716 1647 1744 veniam
1673 1716 1708 1743 ab
1733 1724 1765 1743 eo
1790 1724 1856 1743 cum

1034 1763 1165 1791 oratione
1181 1763 1360 1799 impetraris,
1370 1765 1401 1790 ut
1416 1763 1543 1798 perfecta
1557 1761 1732 1789 humilitatis
1752 1770 1857 1789 corona

1035 1808 1152 1836 doneris
1168 1808 1197 1835 in
1214 1807 1330 1836 saecula.
1348 1810 1450 1835 Amen.

688 1856 864 1884 Undecimum
879 1857 1051 1891 mandatum,
1068 1858 1187 1885 tristitia
1196 1858 1320 1885 vitanda.

187 1901 232 1928 11.
321 1898 370 1927 Καὶ
396 1899 545 1936 εὑξαμένων
569 1900 668 1935 αὑτῶν,
694 1899 765 1937 λέγει
787 1900 862 1937 αὐτῷ
877 1901 891 1928 ὸ
919 1901 978 1929 ἐπί-

144 1953 266 1974 σκοπος
282 1944 380 1972 Ἄκουε
394 1943 439 1971 καὶ
454 1947 505 1979 τῆς
519 1942 663 1979 ἑνδεκάτης
686 1944 808 1979 ἐντολῆς’
826 1946 909 1982 *Δρον
926 1946 978 1973 ἀπὸ

146 1990 199 2015 σοῦ
213 1989 266 2021 τήν
281 1987 382 2022 1".n'rr,v'
398 1988 443 2015 καὶ
458 1989 510 2026 γὰρ
526 1988 593 2024 αὕτη
619 1988 722 2027 ἀδελφή
749 1989 803 2016 ἐστι
828 1992 878 2024 τῆς
904 1989 978 2026 διψυ-

146 2033 225 2070 χίας·
241 2033 287 2059 καὶ
301 2035 352 2066 τῆς
367 2032 527 2070 ὀξυχολίας.
543 2033 618 2071 Λέγει
636 2034 650 2060 ὁ
665 2033 815 2071 Ἀντίοχοςθ
841 2036 913 2070 Πῶς,
930 2034 977 2061 κύ-

147 2087 203 2114 ριε,
219 2075 325 2115 ἀδελφή
342 2076 412 2104 ἔστιν
428 2077 510 2112 αὐτῆς
523 2087 530 2112 ;
546 2076 635 2106 ’Άλλο
650 2078 701 2116 γάρ
718 2088 765 2114 μοι
789 2077 865 2106 δοκεῖ
879 2078 977 2117 ὀξυχο-

147 2120 208 2158 Ma,
233 2121 280 2148 καὶ
305 2119 375 2149 ἄλλο
401 2120 525 2159 διψυχία,
544 2122 589 2149 καὶ
616 2121 687 2149 ἄλλο
712 2121 797 2158 λύπη.
813 2123 889 2161 Λέγει
904 2123 977 2159 αὑτῷ

147 2166 162 2192 ὁ
179 2165 340 2197 ἐπίσκοπος·
367 2165 417 2193 Διὰ
437 2165 464 2193 τί
487 2166 520 2193 οὗ
544 2168 616 2197 νοεῖς
637 2166 671 2193 τὰ
686 2165 822 2204 λεγόμενά
837 2177 898 2201 σοις
928 2168 976 2194 Καὶ

145 2210 201 2248 γὰρ
216 2210 318 2237 helvo:
335 2210 366 2238 οὗ
393 2212 511 2245 νοοῦσιν,
537 2211 563 2238 οἱ
580 2210 727 2249 βάλλοντες
757 2210 866 2243 ἑαυτοὺς
893 2212 930 2243 εἷς
944 2213 977 2239 τὰ

145 2255 268 2292 πριικᾶ
299 2255 345 2282 καὶ
377 2255 496 2292 κοσμικὰ
530 2255 686 2293 πράγματα.
721 2256 760 2284 Οὑ
790 2259 861 2287 νοεῖς
889 2256 931 2283 ὅτι
956 2258 974 2291 ἠ

146 2299 226 2334 λύπη
265 2299 372 2327 πάντων
406 2301 460 2327 τῶν
502 2300 594 2327 παθῶν
634 2299 802 2338 πονηροτὲρα
839 2299 893 2327 ἐστι
932 2301 976 2330 καὶ

146 2342 294 2378 δεινοτάτη
321 2347 379 2375 τοῖς
409 2343 518 2374 δούλοις
546 2342 594 2371 τοῦ
622 2346 701 2378 Θεοῦ,
726 2343 770 2371 καὶ
796 2345 869 2381 παρὰ
891 2344 978 2372 πάντα

144 2389 183 2415 τᾶ
208 2388 353 2425 πνεύματα
376 2389 431 2424 (68)
458 2388 628 2427 καταφθείρει
663 2389 709 2416 τὸν
735 2389 876 2426 ἄνθρωπον
900 2390 976 2426 (69);

145 2433 182 2461 Οἱ
210 2432 239 2460 δὶ
264 2430 348 2471 φόϐον
374 2432 483 2471 ἔχοντες
507 2435 574 2461 Θεοῦ
597 2433 642 2460 καὶ
658 2433 815 2470 ἐρευνῶντες
831 2433 892 2471 περὶ
908 2433 976 2461 Θεοῦ

145 2477 237 2515 ἰργων
260 2477 307 2505 καὶ
339 2477 469 2513 ἀληθείας
493 2478 537 2505 καὶ
562 2478 611 2512 τήν
640 2476 750 2515 καρδίαν
775 2475 884 2516 ἔχοντες
908 2478 976 2515 πρὸς

147 2522 262 2559 Κύριον,
279 2521 366 2549 πάντα
378 2522 412 2549 τὰ
440 2522 575 2559 λεγόμενα
595 2522 686 2553 αὑτοῖς
709 2522 805 2560 τάχιον
827 2523 918 2550 νοοῦσι
931 2523 975 2550 καὶ

144 2568 296 2602 συνιοῦσιν,
334 2566 375 2594 δτι
414 2565 528 2603 καθαροί
563 2566 613 2593 εἰσι
650 2566 694 2593 καὶ
735 2566 883 2604 ἀμεριμνοι
923 2567 976 2595 ἀπὸ

142 2610 240 2644 πάσης
270 2609 413 2650 φροντίδος
436 2611 482 2638 καὶ
508 2610 642 2648 μερίμνης
666 2612 811 2647 κοσμικῆς,
839 2612 883 2638 καὶ
899 2610 974 2640 οὐδὲν

143 2654 223 2682 ἄλλο
235 2654 258 2683 εί
289 2656 329 2692 μή
354 2655 400 2682 τὸν
425 2653 509 2694 φόϐον
533 2657 581 2682 τοῦ
605 2657 672 2683 Θεοῦ
691 2653 800 2693 ἔχουσιν
816 2655 842 2683 ἐν
860 2656 974 2687 ἑαυτοῖς.

183 2704 211 2722 ⁸³
228 2704 328 2733 Matth.
346 2713 373 2740 ν,
390 2705 433 2733 39.

184 2754 242 2790 (65)
257 2754 311 2782 Ilio
326 2753 419 2782 multa
431 2754 617 2783 omittuntur.

185 2790 246 2824 (66)
261 2792 326 2817 Hac
340 2799 398 2818 non
414 2791 533 2818 omnino
548 2790 658 2818 similia
672 2790 784 2818 Hei-mai
799 2792 948 2820 mandato.

185 2825 249 2876 ea
262 2825 370 2876 eam
385 2826 514 2876 “tm.”-
535 2826 578 2869 υς

187 2861 250 2896 (68)
273 2862 322 2888 Καὶ
349 2862 421 2897 παρὰ
446 2862 530 2889 πάντα
552 2861 586 2889 τὰ
609 2861 757 2897 πνεύματα.
783 2862 848 2892 Haec
872 2863 897 2892 si
920 2863 972 2892 La-

1071 1903 1113 1929 11.
1130 1903 1165 1929 Et
1180 1904 1335 1938 postquam
1352 1901 1438 1929 ambo
1454 1901 1561 1936 precati
1577 1904 1656 1933 sunt,
1677 1901 1717 1927 ait
1734 1900 1772 1927 illi
1791 1900 1852 1935 epi-

1034 1947 1237 1982 scopuszAudi
1255 1946 1441 1973 undecimum
1452 1953 1567 1981 quoque
1577 1944 1854 1981 praeceptumExige

1033 2000 1049 2019 θ.
1066 1994 1094 2019 te
1113 1999 1230 2018 omnem
1256 1990 1417 2022 tristitiam,
1443 1998 1510 2017 nam
1536 1998 1619 2017 soror
1640 1990 1689 2016 illa
1705 1992 1748 2016 est
1764 1989 1855 2016 animi

1032 2035 1114 2063 dubii
1130 2039 1157 2062 et
1174 2034 1347 2067 haesitantis,
1365 2042 1417 2062 nec
1432 2043 1489 2062 non
1506 2034 1674 2062 iracundiae.
1700 2034 1772 2060 Tum
1796 2036 1853 2060 An-

1032 2079 1146 2107 tiochus
1163 2088 1169 2106 :
1187 2079 1251 2112 Qui,
1268 2087 1378 2114 quaeso,
1394 2078 1444 2113 ait,
1460 2078 1593 2114 Domine,
1606 2087 1686 2106 soror
1702 2079 1782 2105 illius
1797 2078 1856 2106 est?

1030 2124 1118 2151 Aliud
1133 2124 1211 2151 enim
1227 2123 1341 2151 videtur
1356 2123 1428 2150 mihi
1443 2123 1605 2154 iracundia.
1627 2123 1694 2150 alud
1711 2123 1854 2151 dubitatio

1032 2168 1134 2202 animi,
1161 2169 1234 2197 207
1252 2167 1331 2195 aliud
1351 2167 1478 2195 tristitia.
1503 2166 1556 2196 Cui
1578 2168 1752 2203 episcopus:
1779 2168 1853 2200 Quid

1030 2213 1106 2249 quod
1122 2221 1179 2241 non
1194 2212 1334 2248 intelligis
1345 2212 1495 2248 qumdicta
1510 2212 1602 2240 sunt?
1618 2213 1638 2239 Ii
1653 2220 1779 2247 namque
1796 2221 1852 2239 non

1031 2257 1213 2293 intelligunt,
1229 2257 1278 2293 qui
1294 2265 1359 2284 sese
1376 2257 1404 2284 in
1421 2256 1548 2284 carnalia
1564 2258 1592 2284 et
1619 2258 1768 2284 mundana
1786 2257 1854 2284 taci-

1033 2311 1104 2330 nora
1120 2302 1377 2337 dejiciunt.Annon
1395 2301 1534 2337 intelligis
1549 2302 1682 2329 omnium
1699 2302 1855 2328 affectuum

1032 2347 1195 2383 pessimum
1212 2354 1277 2374 esse
1302 2346 1463 2377 tristitiam,
1489 2345 1599 2381 Deique
1619 2346 1710 2373 servis
1731 2346 1856 2373 durissi-

1032 2399 1111 2418 mum
1131 2400 1136 2418 :
1154 2399 1217 2426 quis
1233 2390 1299 2426 plus
1316 2399 1405 2426 quam
1422 2390 1752 2425 aliiomnes(noquitia’.)
1769 2390 1854 2425 spiri-

1031 2439 1079 2462 tus
1097 2435 1244 2462 hominem
1262 2434 1424 2470 corrumpit
1439 2436 1452 2461 ξ’
1467 2435 1540 2462 Sane
1556 2435 1605 2471 qui
1631 2436 1720 2462 Deum
1740 2436 1854 2467 timent,

1032 2479 1188 2515 divinaque
1208 2487 1297 2515 opera
1312 2488 1344 2506 ac
1361 2479 1510 2506 veritatem
1527 2483 1707 2507 scrutantur.
1725 2484 1751 2507 et
1767 2481 1852 2507 corde

1031 2524 1153 2552 Domino
1168 2524 1326 2556 adhaerent,
1342 2524 1361 2550 ii
1377 2523 1476 2551 omnia
1493 2524 1547 2551 sibi
1564 2524 1640 2551 dicta
1666 2524 1720 2551 cito
1746 2525 1851 2552 intelli-

1031 2570 1105 2605 gunt
1119 2570 1147 2595 et
1163 2567 1336 2604 percipiunt,
1354 2567 1423 2604 quia
1440 2569 1502 2603 puri
1532 2571 1603 2596 sunt
1617 2572 1644 2595 et
1669 2570 1750 2596 vacui
1774 2570 1852 2597 omni

1031 2622 1101 2641 cura
1115 2615 1143 2640 et
1159 2612 1356 2640 sollicitudine
1368 2613 1499 2640 saculari
1518 2622 1524 2640 :
1542 2613 1681 2648 nulloque
1693 2614 1854 2641 aliotenen-

1031 2660 1080 2686 tur
1094 2657 1222 2693 (ail'ectu)
1237 2665 1323 2700 quam
1341 2657 1445 2685 timore
1462 2657 1522 2685 Dei.
1539 2658 1611 2685 Nam
1640 2659 1687 2685 ubi
1714 2659 1856 2687 Dominus

1027 2756 1087 2784 tine
1102 2756 1308 2792 exprimuntur
1322 2756 1399 2792 apud
1411 2756 1547 2784 Hermam
1565 2765 1572 2785 :
1590 2759 1622 2785 Et
1635 2758 1757 2785 omnium
1771 2759 1852 2792 spiri-

1028 2796 1070 2820 tus
1081 2793 1254 2829 exterminat
1267 2794 1294 2820 et
1308 2793 1413 2829 credat
1427 2793 1571 2828 Spiritum
1587 2798 1722 2821 :anrtum.

1063 2828 1119 2863 (69)
1135 2828 1187 2856 Hio
1201 2826 1275 2857 bene
1289 2827 1382 2856 multa
1396 2826 1513 2856 desunt.

1064 2864 1120 2900 (70)
1135 2864 1183 2891 Sic
1198 2864 1389 2900 conjeclando
1404 2864 1557 2893 vertimus.
