4072 6210
399 384 512 445 571

1563 387 1625 447 S.
1677 385 2201 448 ATHANASIUS.
2229 416 2307 430 —
2334 385 2642 450 SPURIA.

3691 393 3812 453 57!

399 517 644 587 habitat,
676 517 795 573 illic
848 518 1241 592 intelligentia
1289 522 1496 576 multa.
1550 520 1789 576 Adbaere
1843 521 2038 592 itaque

2153 518 2327 571 Ὅπου
2398 515 2499 593 γὰρ
2567 520 2595 573 ὁ
2670 518 2864 595 Κύριος
2939 524 3203 589 κατοικεῖ,
3286 519 3396 574 ἐκεῖ
3450 517 3539 574 καὶ
3597 519 3809 583 σύνεσις

405 608 668 674 Domino,
701 612 755 661 et
782 608 945 664 nulla
993 626 1105 664 non
1159 611 1468 682 intelliges.
1520 609 1672 666 Audi
1722 610 1901 681 igitur
1931 625 2042 679 quo

400 712 569 767 pacto
599 697 839 751 tristitia
871 698 1143 767 spiritum
1176 704 1467 762 atterat.et
1498 701 1809 772 quoypaeto
1842 703 2045 755 contra

400 783 627 840 salvum
663 785 853 840 faciat.
887 792 1026 841 (.‘um
1062 787 1235 843 homo
1280 789 1497 844 dubius
1531 789 1708 843 animi
1742 789 2042 859 quidpiam

401 873 917 944 aggreditur,quod
954 875 1335 931 dubitationis
1367 894 1545 932 causa
1576 883 1784 949 printer
1813 882 2043 931 senten-

400 962 539 1015 tiam
593 962 704 1033 ipsi
754 963 931 1027 cadit,
981 969 1105 1019 tum
1161 966 1395 1020 tristitia
1456 968 1675 1021 invadit
1723 967 2043 1035 hominem,

400 1051 804 1121 Spiritumque
837 1058 1105 1107 sanctum
1160 1056 1500 1110 constristat
1547 1061 1721 1127 atque
1769 1060 2047 1127 angustat

399 1141 544 1193 Hinc
575 1157 809 1195 rursum
846 1142 942 1195 ubi
977 1142 1280 1198 iracundia
1332 1150 1578 1216 occupat
1618 1145 1937 1207 hominem,
1970 1144 2044 1199 ob

398 1244 518 1281 rem
553 1229 869 1298 quamlibet
900 1236 1073 1301 atque
1108 1231 1358 1286 multum
1408 1235 1731 1295 exacerbat,
1764 1234 1845 1287 ita
1892 1238 1956 1287 ut
1984 1232 2040 1286 in

403 1316 623 1371 malum
653 1318 954 1389 quidpiam
994 1320 1217 1374 facinus
1250 1327 1628 1393 prorumpat;
1663 1327 1800 1377 tunc
1834 1323 2042 1376 iterum

398 1406 643 1461 tristitia
672 1406 1004 1475 ingreditur
1034 1410 1089 1462 in
1127 1426 1225 1464 cor
1256 1410 1515 1466 hominis
1554 1411 1839 1478 iracundi,
1873 1416 2043 1480 atque

402 1496 472 1549 de
508 1496 656 1549 facto
690 1512 796 1550 suo
825 1496 977 1551 dolet
1029 1498 1377 1570 paenitetque
1406 1500 1573 1555 illum
1624 1501 1868 1556 admissi
1910 1500 2045 1555 faci-

399 1583 577 1638 noris.
631 1588 762 1639 Haac
812 1584 1009 1657 itaque
1050 1588 1289 1643 tristitia
1317 1589 1549 1644 videtur
1577 1588 1872 1659 salutaris,
1907 1589 2045 1661 quia

396 1688 530 1727 eum
565 1673 867 1729 commissi
900 1675 1174 1731 facinoris
1216 1678 1472 1748 paenitet.
1526 1677 1741 1732 Verum
1784 1683 2043 1749 utraeque

394 1775 487 1815 res
519 1760 816 1817 hominem
851 1765 1217 1832 contristant,
1254 1782 1457 1836 nempe
1490 1765 1747 1832 tristitia,
1782 1767 1918 1837 quia
1952 1782 2043 1821 res

396 1865 513 1903 non
545 1865 573 1902 e
607 1851 897 1907 sententia
926 1853 1100 1920 cadit,
1135 1859 1191 1908 et
1226 1855 1549 1925 iracundia,
1582 1856 1720 1925 quia
1754 1855 2039 1926 ﬂagitium
2071 1890 2119 1955 B

398 1940 752 2009 perpetravit
785 1958 796 1995 ε
829 1958 957 2011 qua
988 1944 1171 1998 ambis
1201 1942 1488 2013 Spirirum
1518 1949 1788 1999 sanctum
1820 1944 2036 1998 contri-

402 2033 580 2083 stant.
633 2028 881 2084 Elimina
930 2046 1065 2101 ergo
1115 2032 1440 2102 tristitiam,
1491 2048 1681 2104 neque
1725 2033 2039 2088 contristes

400 2115 684 2187 Spiritum
718 2124 986 2173 sanctum
1010 2120 1067 2174 in
1100 2124 1153 2175 te
1186 2120 1549 2175 habitantem
1572 2138 1672 2177 :ne
1690 2122 1833 2177 forte
1855 2121 2039 2177 Deum

398 2205 755 2277 obsecretur,
787 2212 842 2262 et
873 2225 905 2261 a
936 2214 991 2264 te
1022 2209 1314 2280 abscedat,
1348 2209 1599 2281 Spiritus
1646 2228 1900 2282 namque
1944 2211 2039 2267 Dei

398 2294 496 2364 qui
529 2296 688 2350 carni
738 2301 947 2352 nostra;
994 2298 1348 2370 impertitur,
1395 2300 1689 2355 carnalem
1739 2300 2039 2356 tristitiam

397 2400 512 2439 non
564 2385 836 2451 sustinet,
886 2403 1074 2457 neque
1132 2389 1608 2443 coarctationem.
1682 2388 1816 2444 Sola
1880 2390 2039 2445 enim

393 2472 634 2528 tristitia
688 2475 1112 2545 prmteritorum
1183 2482 1553 2548 peccatorum
1605 2479 1771 2533 aﬂ‘ert
1819 2477 2039 2533 utilita—

395 2566 553 2629 tem;
603 2563 744 2617 dum
796 2563 1042 2620 ulterius
1092 2583 1206 2620 non
1261 2567 1609 2637 peccaveris.
1668 2568 1849 2623 Indue
1891 2567 2037 2623 hila-

395 2650 648 2715 ritatem,
683 2668 808 2721 qua:
854 2654 1013 2707 omni
1060 2654 1226 2709 floret
1273 2656 1459 2725 gratia
1503 2656 1655 2727 apud
1711 2660 1912 2723 Deum,
1946 2658 2039 2712 cui

395 2745 483 2795 est
513 2743 942 2811 acceptissima,
980 2743 1038 2797 in
1072 2760 1255 2815 eaque
1305 2744 1518 2799 laetare.
1574 2745 1776 2799 Omnis
1826 2748 2039 2817 quippe

395 2828 601 2885 hilaris
632 2830 807 2887 homo
838 2832 989 2887 bona
1014 2839 1307 2903 cperatur,
1343 2834 1496 2889 bona
1518 2835 1695 2889 sentit
1725 2839 1781 2890 et
1801 2835 2036 2907 cogitat,

399 2919 742 2990 spernitque
770 2936 981 2975 vanam
1013 2921 1312 2976 tristitiam
1350 2938 1362 2978 :
1395 2928 1596 2977 contra
1628 2922 1800 2978 homo
1831 2924 2043 2979 tristis-

397 3007 633 3061 assidue
659 3006 930 3063 irascitur
960 3014 1016 3063 et
1046 3009 1415 3081 iniquitatem
1449 3017 1743 3081 operatur,
1779 3029 1882 3068 nec
1923 3013 2040 3068 D0-

398 3094 622 3149 minum
658 3103 949 3166 precatur,
984 3114 1173 3169 neque
1206 3098 1359 3154 mala
1401 3100 1511 3171 ipsi
1558 3101 1868 3156 conﬁtetur
1908 3119 2035 3158 sua.

393 3182 589 3237 Oratio
621 3184 835 3256 quippe
868 3186 971 3240 viri
1002 3188 1241 3242 tristitia
1271 3189 1559 3259 occupati,
1592 3192 1900 3246 ascendere
1923 3208 2037 3246 non

2156 604 2365 677 πολλή.
2446 606 2771 679 Κολλήθητι
2845 607 2935 663 οὖν
3011 614 3108 664 τοῦ
3164 609 3384 685 Κυρίου,
3443 608 3533 663 καὶ
3591 611 3807 664 πάντων

2156 697 2391 766 νοήσεις.
2445 698 2645 752 ’Ἄκουε
2695 696 2785 752 οῦν
2845 704 2963 760 πῶς
3016 702 3051 768 ἡ
3085 697 3231 769 λύπη
3269 696 3502 772 ἐκτρίϐει
3532 698 3595 753 τὸ
3646 703 3808 753 πνεῦ-

2159 806 2254 857 μα,
2312 787 2401 840 καὶ
2449 786 2611 840 πάλιν
2666 789 2846 855 σώζει.
2899 788 3065 844 ’Όταν
3113 789 3140 841 6
3196 785 3428 863 δίψυχος
3473 782 3803 857 ἐπιϐάληται

2154 874 2349 949 πρᾶξαί
2404 895 2478 947 τι,
2530 874 2619 929 καὶ
2669 875 2919 951 ἀποτύχῃ
2968 873 3057 930 διὰ
3103 876 3200 944 τὴν
3246 873 3501 951 διψυχίαν
3548 875 3733 947 αὐτοῦ,
3765 878 3800 945 ἡ

2156 962 2302 1033 λύπη
2358 963 2703 1039 ἐκπορεύεται
2754 965 2829 1026 εἰς
2877 964 2967 1020 τὸν
3040 965 3316 1040 ἄνθρωπον
3384 965 3475 1019 καὶ
3525 964 3690 1020 λυπεῖ
3740 965 3805 1019 τὸ

2155 1058 2373 1126 Πνεῦμα
2420 1056 2483 1108 τὸ
2536 1054 2685 1129 ἅγιον
2730 1055 2831 1108 καῖ’
2883 1060 3216 1128 στενοχωρεῖ
3260 1053 3409 1109 αύτό.
3458 1053 3590 1108 Εἶτα
3638 1053 3803 1108 πάλιν

2154 1142 2419 1218 ὀξυχολία
2450 1142 2571 1197 ὅταν
2605 1142 2860 1211 κολληθῆ
2891 1147 2969 1213 τῷ
3001 1141 3271 1217 ἀνθρώπῳ
3314 1142 3437 1216 περὶ
3486 1142 3806 1218 πράγματός

2150 1253 2316 1303 τινος,
2348 1232 2435 1286 καὶ
2469 1231 2590 1286 λίαν
2619 1236 2911 1307 πικρανθῇ,
2944 1231 3031 1285 καῖ
3068 1233 3272 1302 ποιήσῃ
3313 1252 3365 1284 τι
3397 1231 3583 1296 κακὸν,
3640 1231 3805 1286 πάλιν

2151 1323 2185 1389 ἠ
2221 1321 2365 1391 λύπη
2421 1320 2787 1392 εἰσπορεύεται
2838 1319 2913 1380 εἷς
2954 1320 3053 1388 τήν
3107 1317 3331 1395 καρδίαν
3382 1325 3479 1373 τοῦ
3510 1320 3800 1395 ἀνθρώπου

2148 1414 2246 1463 τοῦ
2324 1407 2788 1484 ὀξυχολήσαντος,
2866 1409 2955 1462 καὶ
3032 1407 3280 1463 λυπεῖται
3340 1407 3427 1462 ἐπὶ
3484 1412 3551 1482 τῇ
3611 1410 3804 1481 πράξει

2152 1498 2337 1570 αὐτοῦ,
2392 1498 2429 1572 ᾖ
2486 1496 2698 1573 ἔπραξε,
2758 1497 2847 1552 καὶ
2910 1501 3179 1570 μετανοεῖ,
3236 1496 3319 1551 ὅτι
3348 1498 3583 1571 πονηρὸν
3619 1496 3803 1573 εἰργά-

2153 1608 2307 1645 σατο.
2351 1586 2491 1657 Αὕτη
2526 1588 2616 1642 οὖν
2650 1590 2685 1656 ἠ
2721 1584 2869 1657 λύπη
2922 1585 3071 1641 δοκεῖ
3100 1584 3373 1659 σωτηρίαν
3404 1584 3574 1660 ἔχειν,
3624 1586 3708 1641 δτι
3740 1587 3804 1641 τὸ

2151 1676 2390 1747 πονηρὸν
2461 1675 2665 1749 πράξας
2742 1675 3084 1748 μετενόησεν.
3161 1674 3499 1752 [Δμφότεραι
3559 1672 3617 1730 δὲ
3669 1674 3802 1744 τῶν]

2151 1764 2392 1839 πράξεων
2450 1764 2683 1819 λυποῦσι
2737 1764 2828 1818 τὸν
2880 1763 3187 1836 ἄνθρωπον·
3355 1765 3448 1836 μὲν
3498 1762 3663 1838 λύρη,
3697 1763 3803 1837 ὅτι]

2151 1852 2389 1928 ἀπέτυχε
2420 1857 2520 1918 τῆς
2573 1853 2837 1925 πράξεως,
2886 1856 2921 1922 ἡ
2973 1850 3031 1907 δὲ
3078 1850 3366 1927 ὁξυχολία,
3398 1849 3711 1927 ὄτι”ἔπραξε
3740 1853 3804 1907 τὸ

2148 1942 2407 2017 πονηρόν.
2460 1941 2770 2017 Ἀμφότερα
2817 1941 2909 1995 οὗν
2954 1941 3175 2017 λυπηρά
3224 1940 3336 1995 ἐστι
3386 1945 3467 2012 τῷ
3525 1939 3803 2013 Πνεύματι

2147 2029 2226 2102 τῷ
2276 2031 2429 2105 ἁγίῳ.
2465 2032 2631 2104 Ἀρον
2662 2029 2751 2084 οῦν
2781 2029 2887 2084 ἀπὸ
2921 2034 3016 2084 σοῦ
3044 2030 3144 2097 τὴν
3178 2028 3357 2099 λύπην
3389 2050 3478 2084 και
3514 2030 3589 2101 μή
3643 2025 3803 2085 θλίϐε

2147 2121 2210 2173 τὸ
2268 2123 2486 2192 Πνεῦμα
2536 2119 2598 2173 τὸ
2630 2118 2782 2193 ἅγιον
2836 2120 2899 2173 τὸ
2958 2118 3009 2173 ἰν
3069 2118 3152 2173 σοὶ
3210 2122 3522 2187 κατοικοῦν,
3585 2119 3803 2191 μήποτε

2150 2208 2449 2279 ἐντεύξηται
2507 2212 2587 2279 τῷ
2634 2211 2769 2279 Θεῴ,
2820 2206 2909 2261 καὶ
2973 2207 3183 2271 ἀποστῆ
3234 2207 3338 2261 ἀπὸ
3387 2210 3503 2261 σοῦ.
3560 2206 3641 2262 Τὸ
3696 2209 3800 2283 γὰρ

2152 2300 2369 2368 Πνεῦμα
2424 2299 2521 2349 τοῦ
2573 2298 2729 2364 Θεοῦ,
2787 2294 2849 2348 τὸ
2900 2291 3053 2357 δοθὶν
3100 2294 3176 2355 εἷς
3227 2294 3327 2362 τήν
3378 2294 3548 2368 σάρκα
3576 2292 3798 2363 ταύτην,

2151 2383 2329 2452 λύπην
2381 2384 2647 2459 ,σαρκικήν
2703 2382 2810 2458 οὐχ
2866 2382 3146 2459 ὑποφάρει,
3208 2378 3333 2440 ούδὶ
3406 2382 3797 2457 στενοχωρίαν.

2150 2474 2307 2543 Λύπη
2366 2472 2470 2547 γὰρ
2526 2476 2561 2541 ἠ
2626 2472 2712 2526 ἐπὶ
2763 2476 2882 2533 τοῖς
2943 2472 3184 2544 πρώτοις
3239 2472 3591 2546 ἁμαρτήμασι
3656 2470 3796 2544 μόνη

2150 2562 2266 2638 ἔχει
2315 2559 2606 2639 ὠφέλειαν,
2666 2560 2751 2615 ἰὰν
2810 2561 2885 2633 μὴ
2939 2558 3103 2614 πάλιν
3150 2562 3489 2636 άμαρτήσῃς.
3543 2557 3798 2616 Ἔνδυσαι

2150 2650 2239 2706 οῦν
2273 2652 2373 2720 τὴν
2422 2650 2743 2726 ἱλαρότητα,
2791 2650 2891 2718 τήν
2923 2650 3154 2703 πάντοτε
3191 2644 3420 2724 ἔχουσαν
3456 2647 3621 2723 χάριν
3654 2649 3799 2722 παρὰ

2146 2746 2225 2812 τῷ
2256 2744 2370 2812 Θεῷ
2401 2740 2490 2794 καὶ
2548 2736 2939 2814 εύπρόσδεκτον
2989 2739 3148 2793 οὖσαν
3196 2738 3343 2809 αὐτῷ
3394 2738 3483 2792 καὶ
3526 2738 3799 2815 ἐντρύφη-

2147 2851 2237 2884 σον
2267 2829 2316 2884 ἐν
2376 2829 2531 2903 αὐτῇ.
2583 2835 2694 2891 Πᾶς
2741 2829 2841 2904 γὰρ
2891 2828 3081 2902 ἱλαρὸς
3132 2827 3269 2903 ἀνὴρ
3309 2827 3483 2902 ἀγαθὰ
3513 2825 3799 2902 ἐργάζεται

2147 2921 2233 2975 καὶ
2267 2920 2441 2995 ἀγαθὰ
2470 2924 2657 2997 φρονεῖ
2685 2919 2772 2973 καὶ
2802 2923 3127 2997 καταφρονεῖ
3160 2924 3261 2988 τῆς
3314 2916 3537 2990 ματαίας
3586 2916 3794 2987 λύπης.

2146 3011 2205 3067 ⁸0
2257 3007 2314 3063 δὲ
2372 3009 2618 3081 λυπηρὸς
2669 3007 2809 3085 ἀνὴρ
2856 3009 3088 3063 πάντοτε
3140 3006 3411 3082 ὀργίζεται
3443 3006 3532 3060 καὶ
3562 3005 3800 3079 ἀνομίαν

2149 3098 2422 3173 ἐργάζεται
2476 3099 2551 3171 μὴ
2604 3096 2936 3173 ἐντυγχάνων
2989 3093 3130 3169 μηδὶ
3176 3094 3689 3169 ἐξομολογούμενος
3719 3098 3799 3166 τῷ

2149 3192 2281 3259 Θεῷ.
2341 3191 2576 3242 Πάντοτε
2632 3188 2734 3261 γὰρ
2786 3185 3039 3262 λυπηροῦ
3095 3182 3288 3260 ἀνδρὸς
3335 3188 3369 3253 ἡ
3421 3183 3649 3253 ἔντευξις
3701 3184 3801 3238 οὑκ

391 3270 544 3325 valet
574 3251 655 3326 ad
677 3251 861 3327 altare
892 3274 1014 3339 Dei,
1048 3276 1186 3345 quia
1228 3251 1467 3331 tristitia
1514 3251 1730 3334 insidet
1776 3280 1833 3333 in
1867 3280 2038 3336 corde

2149 3276 2262 3352 ἔχει
2297 3274 2525 3349 δύναμιν
2574 3279 2671 3330 τοῦ
2721 3270 2983 3345 ἀναϐῆναι
3038 3274 3124 3328 ἐπὶ
3168 3274 3233 3329 τὸ
3264 3275 3648 3348 θυσιαστήριον
3704 3276 3801 3326 τοῦ

392 3358 597 3428 ipsius.
654 3360 918 3417 Tristitia
966 3380 1101 3434 ergo
1157 3366 1459 3420 mundana
1508 3367 1827 3436 precationi
1877 3385 2035 3423 com-

391 3447 582 3517 mista,
619 3466 732 3504 non
764 3450 905 3505 sinit
939 3453 1328 3523 precationem
1373 3456 1685 3510 ascendere
1717 3474 1925 3527 puram
1958 3458 2028 3511 ad

390 3535 592 3592 altare.
644 3540 1147 3603 Quemadmodum
1201 3544 1354 3596 enim
1424 3548 1654 3598 acetum
1723 3551 1779 3599 et
1829 3546 2027 3601 vinum

388 3626 669 3696 permista
722 3645 836 3684 non
885 3630 1089 3684 eadem
1150 3631 1344 3685 ferunt
1411 3633 1579 3687 ambo
1646 3633 2031 3705 voluptatem,

2146 3371 2299 3423 Θεοῦ⁸
2333 3365 2415 3420 ὅτι
2447 3368 2481 3434 ἡ
2518 3365 2664 3435 λύπη
2725 3364 3013 3439 ἐγκάθηται
3060 3362 3137 3424 εἰς
3185 3364 3286 3432 τὴν
3342 3360 3561 3436 καρδίαν
3613 3361 3799 3416 αὐτοῦ.

2146 3454 2474 3530 Μεμιγμένη
2536 3454 2626 3508 οὗν
2684 3456 2717 3522 ἡ
2768 3453 2937 3523 λύπη·
2988 3454 3022 3522 ἡ
3054 3453 3292 3524 κοσμικὴ
3331 3452 3462 3523 μετὰ
3489 3454 3590 3516 τῆς
3619 3449 3799 3505 ἐντεύ-

2141 3548 2271 3617 ξεως
2321 3543 2420 3598 οὐκ
2470 3542 2659 3621 ἀφίησι
2715 3544 2813 3610 τήν
2866 3538 3091 3612 ἔντευξιν
3122 3536 3385 3610 ἀναϐῆναι
3417 3540 3652 3614 καθαράν
3717 3540 3798 3602 εἷς

2141 3635 2202 3688 τὸ
2235 3635 2637 3707 θυσιαστήριον.
2698 3634 2900 3707 ’Ὠσπερ
2961 3632 3064 3706 γὰρ
3108 3626 3229 3701 ὄξος
3273 3629 3365 3684 καὶ
3413 3631 3559 3691 οἶνος
3624 3650 3799 3702 μεμι-

387 3714 471 3769 sic
502 3716 743 3771 tristitia
771 3733 905 3772 cum
927 3718 1145 3790 Spiritu
1180 3726 1382 3775 sancto
1417 3720 1731 3791 mista,non
1764 3724 2031 3779 eamdem

2149 3724 2312 3799 γμὲνα
2338 3724 2453 3795 (71)
2483 3722 2582 3789 τὴν
2616 3721 2785 3789 αὐτὴν
2816 3718 3019 3791 ἡδονὴν
3071 3719 3170 3774 οὐκ
3220 3715 3465 3794 ἔχουσιν,
3514 3716 3658 3772 οὕτω
3707 3718 3798 3772 καὶ

386 3804 605 3859 emittit
634 3805 978 3862 orationem.
1016 3808 1201 3879 Purga
1228 3808 1409 3881 igitur
1438 3814 1493 3864 te
1520 3810 1644 3881 ipse
1676 3828 1709 3867 a
1740 3828 1913 3883 prava
1935 3813 2035 3868 illa

386 3893 650 3962 tristitia,
684 3900 739 3949 et
772 3897 929 3951 vives
961 3896 1076 3952 Deo
1106 3896 1167 3951 in
1200 3898 1434 3955 saecula.
1466 3901 1673 3955 Amen.

2144 3811 2291 3881 λύπη
2373 3810 2679 3885 μεμιγμένη
2749 3810 2883 3881 μετὰ
2946 3813 3044 3862 τοῦ
3112 3808 3266 3883 ἁγίου
3323 3808 3640 3879 ΙΙνεύματος
3695 3807 3794 3874 τὴν

2144 3900 2309 3968 αὐτὴν
2377 3898 2604 3968 ἔντευξιν
2684 3897 2809 3972 [οὐκ
2876 3896 3035 3973 ἔχει]’
3106 3896 3401 3972 Καθάρισον
3455 3895 3545 3950 οὖν
3609 3895 3802 3949 ἑαυτὸν

393 3980 496 4033 ἀπὸ
527 3988 628 4051 τῆς
658 3983 839 4054 λύπης
871 3985 1114 4058 πονηρὰς
1144 3984 1368 4057 ταύτης,
1396 3987 1485 4041 καὶ
1522 3989 1659 4062 ζήσῃ
1689 3989 1769 4045 τῶ
1798 3994 1912 4061 Θεῷ
1944 3991 2018 4053 εἷς
2045 3990 2171 4052 τοὺς
2204 3989 2422 4050 αἰῶνας.
2455 3989 2656 4060 ’Δμήν.

1029 4147 1420 4204 Duodecimum
1441 4160 1793 4222 praeceptum,
1822 4153 1986 4208 Deum
2021 4153 2230 4219 timere,
2263 4150 2542 4207 diabolum
2570 4164 2681 4206 non
2709 4150 2903 4204 timere
2931 4151 3154 4219 oportet.

462 4269 546 4323 l2.
579 4273 900 4340 Postquam
953 4276 1146 4327 autem
1200 4280 1524 4341 oraverant,
1572 4277 1652 4331 ait
1700 4277 1787 4332 illi
1820 4280 2038 4349 episco-

2226 4277 2310 4332 12.
2344 4275 2441 4329 Καὶ
2503 4274 2804 4347 εὐξαμένων
2863 4272 3065 4339 αὐτῶν,
3114 4270 3259 4348 λέγει
3308 4269 3453 4342 αύτῷ
3500 4271 3528 4325 ὁ
3578 4268 3804 4325 ἐπίσκο-

392 4374 501 4428 pus
538 4374 549 4412 :
584 4360 809 4413 Atlante
848 4362 1165 4431 perpende,
1197 4366 1253 4418 et
1283 4380 1350 4417 ex
1382 4368 1500 4419 toto
1555 4367 1729 4422 corde
1758 4372 1858 4422 tuo
1890 4384 2030 4421 con-

390 4452 612 4502 vertere
641 4448 712 4502 ad
746 4448 1083 4517 Dominum,
1120 4467 1222 4505 nec
1251 4451 1550 4507 diabolum
1586 4455 2039 4526 reformides,vis

394 4536 612 4607 quippe
645 4536 801 4591 nulla
834 4538 893 4591 in
933 4554 995 4592 eo
1031 4543 1119 4593 est
1148 4540 1426 4595 adversus
1478 4557 1673 4597 servos
1724 4545 1818 4599 Dei
1855 4562 1866 4598 :
1901 4562 2036 4600 nam

392 4625 546 4681 Deus
566 4631 655 4681 est
672 4628 770 4697 qui
791 4628 889 4681 dat
904 4628 1511 4683 victoriam.Diabolus
1527 4634 1805 4687 terrorem
1834 4650 2037 4703 quem-

393 4715 525 4769 dam
560 4714 751 4770 solum
787 4716 1091 4786 imprimit,
1126 4718 1226 4771 sed
1263 4722 1446 4771 terror
1493 4717 1591 4773 ille
1638 4719 1783 4774 nihil
1823 4722 2035 4777 virium

389 4804 583 4859 habet.
618 4804 698 4859 Ne
725 4805 1004 4860 formides
1034 4804 1232 4876 itaque
1261 4804 1451 4870 illum,
1486 4813 1541 4861 et
1572 4813 1684 4863 ate
1718 4810 2038 4881 fugiet.Nec

389 4893 579 4949 minas
614 4892 774 4949 illius
801 4894 1197 4965 pertimescas.
1234 4894 1475 4951 Perinde
1504 4898 1663 4952 enim
1703 4896 2038 4956 imbecillus

390 4987 479 5038 est
509 4988 573 5038 ut
619 4984 777 5038 nervi
831 4984 1131 5039 cadaveris
1202 4985 1314 5040 Nec
1363 4989 1555 5056 potest
1602 4987 1895 5043 dominari
1939 4990 2037 5045 Dei

390 5073 594 5140 servis,
629 5073 726 5143 qui
761 5090 828 5129 ex
862 5076 984 5129 toto
1018 5074 1190 5129 corde
1222 5091 1329 5129 suo
1361 5081 1597 5147 sperant
1628 5075 1683 5130 in
1718 5076 1905 5132 illum.
1929 5078 2035 5133 Pu-

387 5178 567 5233 gnare
597 5161 864 5217 diabolus
898 5162 1065 5228 valet,
1100 5180 1437 5235 oppugnare
1471 5182 1585 5219 non
1637 5166 1807 5221 valet.
1843 5166 1901 5220 Si
1935 5168 2035 5221 ob-

387 5252 607 5306 stiteris
640 5250 742 5315 illi,
778 5256 1088 5322 superatus
1121 5252 1303 5321 fugiet
1328 5269 1361 5307 a
1386 5257 1442 5308 te
1468 5270 1595 5308 cum
1623 5256 2037 5325 pudore.Time

385 5342 583 5411 potius
616 5340 946 5403 Dominum,
982 5340 1081 5411 qui
1113 5345 1303 5411 potest
1334 5341 1561 5397 salvum
1596 5343 1782 5399 facere
1817 5347 1873 5399 et
1903 5360 2035 5415 per-

387 5430 540 5485 dere.
573 5429 655 5485 Ne
687 5428 1031 5485 reformides
1066 5429 1153 5485 vel
1186 5430 1394 5486 timeas
1426 5435 1673 5487 mortem
1707 5450 1833 5503 quae
1881 5433 2036 5489 ﬂuxa

600 5644 808 5719 Vulgo,
843 5638 963 5715 ὅξος
998 5642 1127 5717 οἷ’νῳ
1162 5645 1523 5719 μεμιγμένον.
1555 5645 1762 5719 Νοιτπ.

2143 4382 2254 4425 αος’
2288 4363 2459 4423 Βλὲπε
2516 4366 2766 4438 στερεῶς,
2825 4361 2913 4415 ναὶ
2974 4360 3025 4431 ἐξ
3084 4358 3221 4428 ὅλης
3269 4365 3370 4428 τῆς
3418 4354 3645 4431 καρδίας
3707 4379 3805 4413 σου

2150 4452 2432 4529 ἐπίστρεφε
2507 4452 2642 4527 πρὸς
2717 4450 2911 4526 Κύριον
2988 4451 3129 4521 (72)·
3213 4447 3303 4501 καὶ
3387 4447 3462 4520 μὴ
3549 4442 3805 4525 φοϐηθῇς

2148 4542 2240 4596 τὸν
2301 4536 2579 4596 διάϐολον·
2641 4537 2869 4613 δύναμις
2925 4539 3024 4614 γὰρ
3084 4537 3136 4592 ἄν
3188 4535 3335 4607 αύτῷ
3386 4535 3484 4590 οὐκ
3520 4534 3632 4591 ἔστι
3664 4537 3806 4591 κατὰ

2148 4634 2254 4684 τῶν
2289 4627 2501 4685 δούλων
2532 4633 2628 4684 τοῦ
2656 4633 2810 4685 Θεοῦ.
2844 4629 2905 4685 Ὁ
2935 4627 3062 4688 Θεὸς
3110 4625 3213 4701 γάρ
3263 4624 3401 4680 ἐστιν
3449 4625 3477 4678 ὁ
3534 4622 3799 4700 παρέχων

2147 4720 2245 4787 τὴν
2277 4718 2452 4787 νίκην.
2477 4719 2538 4775 Ὀ
2568 4712 2828 4778 διάϐολος
2862 4716 3025 4788 μόνον
3059 4709 3226 4792 φόϐον
3261 4712 3398 4788 ἔχει·
3434 4715 3462 4768 6
3514 4709 3573 4767 δὲ
3622 4709 3802 4791 φόϐος

2150 4807 2314 4862 αὐτοῦ
2370 4808 2560 4868 τόνους
2616 4805 2716 4861 οὐκ
2761 4805 2901 4881 ἔχει.
2952 4805 3041 4872 Μὴ
3092 4797 3340 4881 φοϐηθῇς
3370 4798 3461 4856 οὖν
3498 4801 3683 4871 αὑτὸν,
3711 4803 3803 4857 καὶ

2149 4897 2392 4973 φεύξεται
2427 4896 2531 4950 ἀπὸ
2564 4899 2681 4967 σοῦ,
2718 4886 2861 4968 μηδὲ
2884 4897 2983 4962 τήν
3014 4891 3246 4960 ἀπειλὴν
3279 4894 3443 4946 αὑτοῦ
3496 4888 3801 4965 διιλιάσῃς.

2148 4988 2375 5047 Ἅτονος
2434 4985 2537 5060 γὰρ
2596 4985 2672 5046 ὡς
2729 4987 2922 5059 νεκροῦ
2977 4985 3156 5057 νεῦρα.
3200 4979 3274 5035 Ού
3324 4978 3542 5035 δύναται
3572 4980 3675 5057 γὰρ
3706 5001 3806 5035 κα-

2146 5072 2551 5130 ταδυναστεύειν
2603 5077 2710 5129 τῶν
2774 5071 2985 5128 δούλων
3042 5074 3139 5126 τοῦ
3197 5069 3331 5126 Θεοῦ
3387 5074 3494 5124 τῶν
3554 5067 3607 5140 ἆξ
3665 5067 3809 5139 ’ὀλης

2148 5162 2369 5240 καρδίας
2428 5161 2755 5231 ἐλπιζόντων
2810 5160 2893 5216 ἐπ’
2951 5159 3129 5215 αὐτόν.
3184 5157 3410 5213 Δύναται
3462 5157 3554 5211 οὖν
3594 5159 3623 5211 6
3685 5155 3810 5211 διά-

2149 5248 2316 5314 ϐολος
2379 5250 2664 5325 παλαῖσαι,
2722 5249 3120 5307 καταπαλαῖσαι
3172 5245 3230 5303 δὲ
3282 5247 3343 5302 ού
3395 5244 3635 5301 δύναται·
3678 5245 3802 5301 Ἐὰν

2149 5341 2240 5397 οῦν
2272 5344 2522 5415 ἀντιστῇς
2584 5341 2762 5410 αὐτὸν,
2812 5338 3051 5409 νικηθεὶς
3102 5335 3343 5415 φεύξεται
3388 5334 3494 5389 ἀπὸ
3524 5339 3621 5390 σοῦ
3683 5355 3805 5389 κατ-

2147 5431 2525 5506 ῃσχυμμένος,
2560 5428 2788 5488 Μᾶλλον
2823 5423 3094 5506 φοϐήθητι
3125 5426 3215 5481 τὸν
3272 5425 3467 5501 Κύριον
3504 5423 3598 5479 τὸν
3648 5420 3805 5479 δυνά-

478 5718 571 5788 72)
599 5718 732 5774 Haec
761 5722 998 5775 exstant
1027 5719 1139 5775 sub
1170 5717 1349 5774 ﬁnem
1380 5718 1710 5774 duodecimi
1746 5719 1963 5777 Hermas
1990 5719 2270 5791 mandati,
2304 5719 2406 5776 sed
2437 5717 2807 5790 aliquantum
2838 5718 3089 5773 diversa.
