2036 3105
111 199 174 229 573

617 201 814 232 DOCTRINA
836 202 887 231 AD
909 200 1140 231 ANTIOCHUM
1166 199 1312 231 DI‘CEM.

1757 194 1818 224 B74

116 274 197 300 μενον
233 266 318 291 σῶσαι
355 264 400 292 καὶ
437 263 580 294 ἀπολέσαι,
611 266 658 301 Μὴ
690 265 841 303 δειλιάσῃς,
871 263 936 302 μηδέ

997 269 1051 294 est.
1068 266 1123 294 Sed
1138 266 1209 294 time
1222 267 1384 301 peccatum,
1400 262 1477 299 quod
1491 270 1526 290 ex
1540 260 1691 288 voluntate
1714 262 1742 287 et
1757 259 1816 287 ele-

114 305 244 347 φοϐηθῇς
277 309 324 336 τὸν
352 309 474 345 θάνατον¹
504 311 621 348 φθαρτὸς
658 312 707 348 γάρ
746 310 816 337 ἐστιν
833 320 839 325 ·
870 309 942 338 ἀλλὰ

114 351 204 392 φοϐοῦ
219 354 270 388 τήν
294 354 439 392 ἁμαρτίαν,
455 356 632 393 προαιρετική
656 356 708 393 γάρ
734 355 799 383 ἐστι.
816 354 942 383 Φύλασσε

113 398 227 425 σεαυτὸν
244 397 298 425 ἀπὸ
312 401 366 425 τῶν
396 398 494 436 τρίτων
527 399 618 435 μελῶν
646 402 695 426 τοῦ
724 399 849 435 σώματός
882 409 940 433 σου,

114 441 275 480 ὀφθαλμοῦ,
305 442 439 479 πόματος
469 443 513 470 καὶ
541 443 626 478 ἀκοῆς
644 453 650 459 ·
684 445 790 480 μήποτε
816 441 861 471 διὰ
888 445 943 470 τῶν

114 485 269 524 ὀφθαλμῶν
301 497 349 514 σου
376 488 515 525 φθονερῶς
544 488 588 515 καὶ
618 487 776 518 ἀκολάστως
804 487 941 526 προσέχῃς

111 531 179 565 τινὶ,
195 532 240 558 καὶ
256 530 300 558 διὰ
315 532 449 568 πόματος
464 535 513 560 τοῦ
538 533 576 569 μὴ
598 532 691 561 λαλεῖν
706 543 772 561 ποτε
786 532 940 571 ἀσύμφορα,

111 576 157 603 καὶ
187 576 274 610 ἀκοὴν
312 578 347 612 τῇ
385 577 542 614 ὑγιαινούσῃ
570 576 742 614 [διδασκαλίᾳ
778 577 941 616 ὶπίστρεφε],

112 621 224 656 μήποτε
266 619 397 658 καταδεξῃ
434 620 547 658 λόγ[ους
583 621 699 658 ἀσεϐεῖς]
738 622 806 658 (73),
836 622 942 658 μήποτε

110 665 237 700 ἡττηθῇς
271 665 409 696 ἆσυνὲτοις
440 667 594 703 λογισμοῖς,
625 667 694 703 ἀκοῇ
738 663 869 704 βλαϐερᾷ,
897 665 941 693 καί

111 708 281 746 ἰπιστρέψῃς
311 709 349 740 ὡς
376 709 448 737 κύων
477 710 521 737 ἰπὶ
553 710 599 738 τόν
630 709 698 738 ἴδιον
728 710 834 747 ἐμετόν.
854 709 942 739 Ἀλλὰ

111 750 183 780 λάϐε
214 752 323 789 μᾶλλον
365 753 403 784 είς
437 754 486 788 τήν
525 755 574 788 σὴν
610 752 714 782 ἔννοιαν
743 755 793 789 τὴν
823 754 942 792 ἐσχάτην

110 797 231 833 ἡμᾶραν.
249 797 287 826 Οὐ
309 798 359 835 γὰρ
385 798 467 834 μόνος
490 798 536 826 τὸν
557 798 643 826 αἰῶνα
659 799 780 837 βιώσεις,
794 798 868 827 ἀλλὰ
890 799 939 833 τὴν

109 842 173 868 τότε
205 842 343 877 μνήσθητι
382 843 502 880 συνοχὴν
531 843 575 870 καὶ
608 843 725 881 πνιγμὸν
750 843 795 870 καὶ
825 844 940 875 θανάτου

111 885 185 923 ὥραν
216 886 262 913 καὶ
287 886 421 925 ἀπόφασιν
451 889 518 915 Θεοῦ
546 887 755 925 κατεπείγουσαν
784 887 829 914 καὶ
858 888 939 925 ἀγγε-

110 929 178 961 λους
197 929 407 962 ἐπισπεύδοντας
432 932 478 959 καὶ
504 932 597 969 ψυχὴν
627 931 653 959 ἐν
682 932 790 962 τούτοις
806 929 939 969 θορυϐου-
956 951 979 984 Β

136 974 141 984 ι
257 975 264 984 κ
295 976 307 984 .,
389 978 403 983 ..
512 975 540 984 κ,
662 979 675 983 -
880 975 885 984 .

111 974 197 1018 μένην
218 975 265 1002 καὶ
291 976 348 1011 ἅμα
369 978 410 1012 τῷ
436 975 567 1004 συνειδότι
592 979 696 1014 πικρῶς
723 975 938 1013 μαπιγουμὲνην

108 1019 154 1045 ui
181 1019 252 1056 πρὸς
277 1019 311 1046 τὰ
335 1019 388 1047 ὧδε
412 1020 537 1051 ἐλεεινῶς
561 1020 781 1059 ἰπιστρὲφουσαν.
813 1020 862 1048 Καὶ
890 1020 940 1055 τὴν

109 1063 301 1100 ἆπαραίτητον
315 1067 366 1098 τῆς
382 1068 486 1102 μακρᾶς
502 1064 606 1100 ἐκείνης
636 1064 791 1100 ἀποδημίας
821 1065 938 1102 ἀνάγκην

109 1106 266 1145 διάγραψόν
283 1118 330 1144 μοι
344 1110 378 1145 τῇ
396 1107 511 1144 διανοίᾳ,
525 1109 575 1143 τὴν
590 1108 746 1147 τελεύταίαν
771 1111 820 1136 τοῦ
848 1111 939 1136 κοινοῦ

111 1152 175 1189 βίου
191 1153 394 1189 καταστροφὴν,
411 1151 473 1180 ὅταν
490 1152 555 1189 ἔλθῃ
570 1153 583 1180 ὁ
600 1153 661 1184 Υἱὸς
679 1155 728 1180 τοῦ
755 1155 821 1180 Θεοῦ
849 1152 874 1180 ἐν
903 1155 937 1190 τῇ

108 1195 175 1233 δόξῃ
202 1196 287 1224 αὐτοῦ
317 1198 383 1233 μετᾶ
407 1198 461 1224 τῶν
490 1197 612 1235 ἀγγέλων
644 1197 725 1225 αὐτοῦ
759 1200 812 1224 τῶν
842 1197 935 1235 ἁγίων.

108 1243 188 1277 Ἥξει
216 1242 269 1280 γὰρ
294 1243 339 1269 καὶ
379 1242 410 1270 οὐ
449 1244 708 1281 παρασιωπήσεται,
737 1242 799 1270 ὅταν
829 1241 894 1280 ἔλθῃ
921 1243 936 1270 ὁ

109 1287 212 1324 Κύριος
241 1289 330 1323 κρῖναι
370 1289 469 1321 ζῶντας
503 1287 548 1314 καὶ
577 1287 689 1326 νεκροὺς
717 1288 762 1314 καὶ
789 1286 936 1315 ἀποδοῦναι

108 1332 219 1367 ἑκάστῳ
234 1330 303 1358 κατᾶ
321 1331 354 1358 τὰ
380 1329 445 1369 ἔργα
469 1331 560 1359 αὐτοῦ.
579 1333 719 1367 Μνήσθητι
749 1332 793 1359 τὸν
821 1331 934 1368 πύρινον

107 1375 249 1411 ποταμὸν,
272 1376 318 1403 τὸν
355 1375 486 1411 σκώληκα
513 1377 557 1403 τὸν
588 1376 748 1413 ἀκοίμητον,
775 1377 822 1403 τὸν
851 1375 935 1403 δεινὸν

108 1418 192 1455 ᾅδην,
208 1420 240 1447 τὸ
257 1419 351 1450 σκότος
376 1420 408 1447 τὸ
427 1419 567 1458 ἐξώτερον,
582 1421 627 1448 τὸν
657 1421 753 1459 πικρὸν
783 1420 934 1457 κλαυθμὸν,

106 1465 153 1491 τὸν
188 1464 313 1501 βρυγμὸν
338 1463 391 1491 τῶν
421 1463 550 1500 ὀδόντων,
576 1466 625 1500 τήν
652 1462 779 1493 ἄσϐεστον
808 1466 933 1502 κάμινον.

107 1509 201 1537 Πάντα
227 1508 279 1546 γὰρ
315 1509 406 1545 γυμνὰ
446 1508 491 1536 καὶ
531 1509 767 1548 τετραχηλισμένα
795 1511 934 1547 παραστήδ

107 1562 195 1580 σεται·
217 1552 280 1580 ὅταν
302 1553 319 1587 ἠ
347 1552 463 1591 σάλπιγξ
492 1553 579 1589 ἐκείνη
607 1554 675 1593 μέγα
694 1565 720 1582 τι
746 1554 791 1581 καὶ
819 1552 933 1593 φοϐερὸν

106 1598 243 1635 ἦχήσασα
275 1597 339 1628 τοὺς
369 1598 414 1624 ἀπ’
443 1598 538 1629 αἰῶνος
555 1598 579 1634 ἒξ
598 1620 605 1627 .
621 1619 627 1626 .
649 1621 655 1627 .
672 1620 679 1627 .
698 1619 704 1626 .
723 1620 729 1627 .
745 1597 933 1634 καθεύδοντας,

108 1654 123 1668 ιε
153 1642 201 1669 καὶ
240 1641 449 1679 ἐκπορεύσονται
480 1643 504 1669 οἱ
532 1644 567 1670 τὰ
595 1643 682 1680 ἀγαθᾶ
718 1643 863 1680 πράξαντες
897 1643 935 1675 εἷς

109 1685 255 1714 ἀνάστασιν
283 1689 376 1721 ζωῆς·
407 1687 433 1714 οἱ
469 1685 498 1714 δὲ
524 1687 558 1714 τὰ
594 1687 683 1726 φαῦλα
717 1688 862 1725 πράξαντες
900 1688 937 1719 εἰς

109 1732 256 1758 hie-uano
281 1731 418 1766 κρίσεως·
451 1743 461 1756 1
498 1733 642 1767 Μνήσθητι
675 1734 724 1764 τῆς
760 1734 809 1759 τοῦ
834 1732 937 1767 Δανιὴλ

109 1774 257 1809 ὀπτασίας,
272 1777 331 1805 πῶς
346 1775 387 1802 ἔπ’
402 1773 493 1812 ὄψεσιν
510 1776 567 1814 ἄγει
582 1777 631 1810 τήν
659 1776 758 1812 κρίσιν,
775 1776 827 1810 ὅτι,
844 1777 936 1816 φησὶν,

111 1831 125 1843 ιι
150 1821 228 1849 Ἕως
258 1819 289 1846 οὗ
317 1817 410 1857 θρόνοι
438 1819 575 1855 ἐτέθησαν,
605 1820 649 1847 καὶ
678 1820 797 1852 Παλαιὸς
824 1822 937 1858 ἡμερῶν

104 1862 227 1897 ἐκάθισε,
243 1862 288 1890 καὶ
317 1864 347 1891 τὸ
376 1862 479 1900 ἔνδυμα
502 1864 585 1891 αὐτοῦ
614 1863 710 1891 λευκὸν
739 1865 776 1896 ὡς
793 1865 876 1902 χιὼν,
892 1869 938 1896 καὶ

103 1908 122 1942 ἦ
151 1908 214 1945 θρὶξ
242 1911 294 1942 τῆς
322 1908 444 1947 κεφαλῆς
470 1907 552 1936 αὐτοῦ
581 1909 617 1940 ὡς
647 1908 719 1947 ἔριον
749 1910 876 1945 καθαρόν.
906 1910 937 1939 Ὁ

103 1951 206 1988 θρόνος
221 1951 306 1979 αὐτοῦ
321 1952 358 1982 ὡς
385 1952 454 1991 φλὸξ
483 1953 579 1991 πυρός’
596 1953 622 1980 οἱ
650 1963 749 1991 τροχοι
778 1953 860 1981 αὐτοῦ
884 1957 937 1992 πῦρ

103 1996 207 2034 Ῡλὲτον
227 2007 234 2012 ·
265 1997 388 2032 ποταμὸς
416 1997 501 2035 πυρὸς
537 1997 626 2025 εἷλκεν
662 1996 813 2036 ἔμπροσθεν
843 1998 936 2028 αὐτοῦ.

104 2040 201 2068 Χίλιαι
219 2039 347 2078 χιλιάδες
363 2040 553 2079 ἐλειτούργουν
582 2041 656 2078 αύτῷ
683 2042 728 2069 καὶ
760 2042 854 2080 μύριαι
884 2055 937 2080 μυ-

104 2084 199 2122 ριάδες
217 2086 441 2123 παρειστήκεισαν
471 2085 555 2122 αὐτῷ.
584 2088 729 2124 Κριτήριον
758 2086 864 2115 ἐκάθισε
891 2088 935 2116 καὶ

105 2127 203 2166 βίόλοι
219 2130 411 2167 ἠνεῴχθησαν.
428 2142 443 2156 ››
458 2130 495 2157 Τὰ
509 2130 646 2168 ἀγαθὰ,τὰ
661 2130 761 2170 φαῦλα,
776 2132 809 2159 τὰ
824 2133 934 2171 φανερὰ,

100 2175 134 2201 τα
161 2174 349 2211 κεκρυμμένα,
366 2175 399 2202 τὰ
420 2174 579 2213 πράγματα,
604 2175 636 2202 τὰ
654 2175 774 2213 ῥήματα,
798 2177 832 2204 τὰ
860 2176 934 2204 ἐνθυ-

101 2219 235 2254 μήματα,
252 2218 351 2250 εὐθέως
381 2218 426 2246 οὖν
455 2219 493 2250 είς
524 2219 681 2255 ἐξάκουστον
710 2223 769 2251 τοῖς
798 2224 874 2255 πᾶσι,
889 2221 933 2248 καὶ

99 2262 235 2300 ἀγγέλοις
262 2262 308 2290 καὶ
337 2263 490 2302 ἀνθρώποις
519 2266 611 2302 σαφῶς
640 2264 817 2301 ἀνακαλύψει.
845 2265 934 2294 Πάντα

995 310 1090 338 ctione
1106 310 1320 346 procedit.Cave
1328 309 1380 336 tibi
1396 316 1413 335 a
1423 307 1517 334 tribus
1529 305 1658 341 corporis
1669 305 1711 332 tui
1723 312 1816 331 mem-

996 355 1068 389 bris,
1085 355 1178 388 oculo,
1196 363 1254 388 ore,
1272 354 1384 381 auditu.
1401 353 1442 380 Ne
1458 352 1530 379 forte
1545 350 1671 385 aliquem
1688 351 1777 376 torvis
1789 349 1818 374 et

997 400 1104 427 invidis
1119 399 1211 427 oculis
1228 398 1377 434 respicias,
1394 400 1423 424 et
1442 405 1490 424 ore
1505 395 1638 431 quadam
1656 393 1740 420 noxia
1752 400 1817 428 pro-

997 444 1072 472 feras
1086 453 1092 477 ;
1109 444 1242 471 auditum
1255 451 1322 470 vero
1337 450 1414 470 sana:
1439 440 1506 469 ﬁdei
1521 439 1655 468 adhibeto
1681 441 1795 465 tantum
1809 445 1816 471 ;

998 496 1033 516 ne
1049 489 1122 516 forte
1146 496 1314 524 perversum
1342 493 1507 514 sermonem
1537 484 1684 517 admittas,
1715 482 1759 509 vel
1785 490 1820 509 ex

997 533 1082 561 noxio
1097 532 1197 560 auditu
1227 532 1263 560 ab
1279 529 1516 567 imprudentibus
1531 527 1756 564 cogitationibus
1770 535 1819 553 su-

996 577 1107 613 pereris
1123 578 1188 612 (74),
1205 580 1235 604 et
1249 578 1393 604 revertare
1415 574 1492 602 velut
1507 573 1586 601 canis
1615 573 1649 599 ad
1677 571 1819 598 vomitum

996 624 1090 649 tuum.
1107 621 1161 649 Sed
1179 621 1276 657 potius
1292 620 1482 648 novissimam
1512 618 1590 645 diem
1620 616 1695 644 208
1721 618 1819 642 tecum

996 669 1109 702 reputa.
1121 666 1220 701 Neque
1234 665 1313 693 enim
1323 667 1353 692 tu
1371 664 1451 691 solus
1462 663 1490 690 in
1507 661 1647 690 steculum
1663 661 1740 687 vives
1752 660 1818 687 :sed

997 713 1143 738 memento
1159 711 1263 738 futurae
1278 709 1358 736 illius
1379 706 1583 736 coarctationis
1606 703 1820 732 suti'ocationis-

996 763 1063 790 que,
1080 755 1156 783 horaa
1172 754 1280 786 obitus,
1293 752 1423 788 urgentis
1435 750 1586 779 sententias
1613 750 1671 782 Dei,
1702 748 1818 784 angelo-

995 808 1061 827 rum
1079 798 1291 832 festinantium,
1308 798 1412 826 animae
1429 796 1567 824 harumce
1588 802 1683 821 rerum
1706 795 1818 829 specta-

995 844 1061 871 culo
1077 844 1212 878 turbatis,
1224 842 1405 871 conscientia
1417 850 1471 869 sua
1484 839 1610 876 graviter
1626 837 1776 874 perculsis,
1792 838 1821 864 et

994 897 1040 916 res
1054 887 1245 923 huiussaaculi
1254 886 1459 914 miserabiliter
1470 884 1666 921 respicientis:
1675 886 1762 918 atque
1774 881 1818 908 in-

994 932 1208 967 deprecabilem
1225 931 1305 959 illius
1321 928 1562 967 peregrinationis
1572 927 1775 955 necessitatem
1787 926 1817 952 in

996 979 1048 1004 tua
1061 979 1158 1004 mente
1168 976 1336 1008 describito,
1353 983 1406 1003 nec
1422 982 1478 1002 non
1496 976 1676 1009 postremum
1689 979 1819 998 commu-

996 1021 1043 1048 nis
1054 1021 1206 1049 hominum
1222 1021 1287 1048 vitze
1302 1020 1423 1052 exitum,
1441 1026 1497 1054 quo
1512 1020 1642 1053 tempore
1664 1016 1759 1043 veniet
1773 1014 1820 1042 Fi-

996 1065 1055 1093 lius
1073 1066 1120 1093 Dei
1136 1065 1165 1093 in
1196 1064 1288 1101 gloria
1301 1073 1355 1092 sua
1369 1072 1435 1092 cum
1466 1062 1576 1099 angelis
1612 1061 1720 1089 sanctis
1745 1059 1817 1087 suis.

996 1110 1100 1138 Veniet
1114 1118 1242 1145 namque
1255 1112 1284 1137 et
1298 1117 1355 1137 non
1367 1108 1474 1141 silebit,
1495 1115 1562 1135 cum
1583 1106 1693 1133 venerit
1720 1105 1818 1132 Domi-

996 1163 1052 1182 nus
1064 1154 1196 1190 judicare
1210 1155 1289 1182 vivos
1304 1156 1333 1181 et
1346 1156 1487 1183 mortuos.
1516 1154 1545 1179 et
1568 1151 1637 1178 dare
1660 1149 1818 1184 unicuique

996 1198 1156 1227 secundum
1173 1206 1260 1234 opera
1276 1207 1338 1226 sua.
1355 1198 1498 1225 Memento
1515 1195 1591 1232 ignei
1608 1195 1818 1228 l1uminis,ver-

997 1243 1055 1271 mis
1065 1243 1115 1279 qui
1132 1251 1282 1279 nunquam
1312 1242 1445 1274 moritur,
1462 1240 1612 1268 horribilis
1640 1239 1756 1272 inferni,
1774 1241 1815 1266 te-

996 1288 1152 1315 nebrarum
1163 1287 1348 1319 exteriorum,
1366 1286 1462 1314 acerbi
1479 1285 1585 1318 luctus,
1604 1284 1815 1311 stridorisden-

994 1332 1250 1366 tium,inexstincti
1262 1331 1379 1359 camini.
1390 1330 1577 1358 Omniaenim
1589 1329 1667 1356 nuda
1682 1331 1710 1355 et
1717 1330 1818 1362 aperta

994 1377 1220 1410 exhibebuntur,
1233 1385 1299 1404 cum
1316 1377 1388 1403 tuba
1402 1375 1451 1403 illa
1464 1382 1604 1410 magnum
1634 1372 1701 1408 quid
1719 1376 1746 1399 et
1759 1375 1815 1399 ter-

994 1421 1249 1457 ribileperaonans
1264 1420 1401 1448 excitabit
1427 1428 1477 1447 eos
1505 1418 1555 1454 qui
1584 1426 1599 1445 a
1624 1417 1728 1444 saeculo
1750 1416 1816 1443 dor-

994 1466 1105 1493 miunt:
1126 1476 1139 1491 ‹‹
1153 1468 1181 1493 et
1197 1465 1354 1500 precedent
1368 1464 1418 1500 qui
1435 1464 1510 1491 bona
1525 1461 1692 1490 feceruntin
1717 1469 1814 1487 resur-

992 1510 1149 1538 rectionem
1166 1511 1249 1544 vitze;
1263 1509 1313 1545 qui
1342 1517 1408 1536 vero
1434 1507 1511 1536 mala
1524 1509 1655 1542 egerunt,
1673 1506 1700 1532 in
1718 1513 1817 1532 resur-

992 1555 1150 1583 rectionem
1162 1555 1267 1590 judicii
1282 1555 1313 1582 “¹³.
1327 1565 1341 1579 ››
1359 1553 1502 1581 Memento
1526 1551 1647 1579 visionis
1660 1549 1789 1577 Danielis
1806 1558 1812 1577 :

992 1608 1049 1636 quo
1065 1602 1149 1635 pacto
1174 1599 1211 1627 ob
1231 1598 1330 1626 oculos
1359 1600 1447 1634 ponat
1466 1596 1630 1632 judicium:
1662 1606 1675 1619 ι(
1707 1597 1812 1630 Donec,

992 1644 1042 1679 ait,
1055 1644 1153 1672 thrOni
1170 1644 1256 1679 positi
1269 1646 1348 1677 sunt,
1373 1645 1401 1670 et
1415 1641 1558 1677 Antiquus
1582 1641 1696 1667 dierum
1726 1639 1812 1673 sedit,

992 1691 1021 1716 et
1035 1689 1240 1716 vestimentum
1258 1688 1323 1724 ejus
1338 1686 1436 1715 album
1458 1686 1534 1714 sicut
1551 1685 1609 1718 nix,
1636 1687 1664 1711 et
1689 1684 1813 1720 capillus

991 1733 1096 1769 capitis
1110 1734 1175 1768 ejus
1190 1733 1271 1767 quasi
1287 1732 1355 1759 lana
1376 1731 1497 1759 munda.
1525 1730 1662 1758 Thronus
1690 1730 1754 1764 ejus
1783 1731 1815 1756 ut

992 1777 1209 1813 ﬂammaignis.
1238 1779 1307 1804 rota:
1334 1777 1399 1811 ejus
1423 1776 1499 1811 ignis
1523 1783 1663 1802 accensus
1683 1782 1688 1800 :
1707 1773 1814 1801 ﬂuvius

992 1822 1215 1858 igneusﬂuehat
1241 1822 1270 1849 in
1286 1822 1444 1856 conspectu
1473 1820 1547 1855 ejus.
1573 1819 1664 1846 Millia
1688 1817 1813 1845 millium

993 1867 1201 1894 ministrabant
1215 1867 1250 1898 ei,
1267 1868 1295 1893 et
1309 1866 1404 1893 decies
1420 1864 1526 1892 millies
1548 1864 1622 1892 dena
1638 1862 1730 1891 millia
1741 1862 1814 1890 assi-

993 1911 1109 1939 stebant
1123 1911 1159 1945 ei,
1181 1910 1328 1946 judicium
1344 1910 1420 1937 sedit
1435 1912 1460 1937 et
1478 1908 1543 1936 libri
1559 1908 1650 1944 aperti
1668 1908 1780 1935 sunt“.
1798 1917 1812 1931 η

992 1956 1067 1983 Tum
1084 1956 1169 1989 bona,
1187 1954 1274 1988 male,
1292 1953 1457 1988 manifeste,
1472 1953 1654 1984 abscondita,
1668 1952 1751 1985 facta,
1769 1952 1811 1978 di-

992 2002 1048 2033 cta,
1065 2000 1201 2036 cogitata,
1214 2000 1370 2035 derepente
1389 1998 1528 2026 omnibus
1543 1997 1730 2025 audientibus
1746 2004 1812 2023 cum

992 2044 1104 2081 angelis
1124 2046 1187 2071 tum
1211 2043 1382 2071 hominibus
1411 2042 1506 2078 palam
1531 2041 1678 2069 revelabit.
1708 2041 1814 2069 Omnia

992 2089 1081 2124 enim,
1099 2089 1141 2116 uti
1156 2096 1246 2124 supra
1257 2088 1326 2122 dixi,
1347 2087 1426 2115 nuda
1441 2090 1470 2114 et
1482 2086 1637 2114 manifesta
1653 2085 1812 2119 exhibebit,

991 2141 1088 2161 coram
1106 2132 1228 2161 terribili
1244 2132 1394 2160 tribunali.
1405 2131 1478 2159 Vide
1494 2131 1583 2167 igitur
1612 2139 1646 2157 ne
1661 2130 1809 2157 residuum

990 2177 1203 2213 temporis,quo
1218 2179 1247 2204 te
1261 2178 1374 2212 oportet
1390 2176 1562 2203 immensam
1573 2174 1636 2209 ejus
1649 2174 1812 2202 misericor-

990 2221 1067 2249 diam
1083 2221 1198 2249 ﬂectere
1219 2224 1248 2248 et
1272 2220 1424 2251 demereri.
1452 2220 1479 2247 in
1505 2219 1630 2247 vanitate
1655 2219 1811 2252 absumas;

989 2266 1066 2301 quod
1083 2268 1183 2302 postea
1198 2266 1234 2292 ad
1252 2268 1351 2300 portas
1367 2263 1452 2291 inferi
1467 2264 1666 2299 exquisiturus
1683 2267 1710 2290 et
1728 2266 1809 2299 opta-

98 2307 166 2353 γὰρ,
183 2307 223 2338 ὡς
238 2310 381 2345 προεῖπον,
395 2307 485 2345 γυμνὰ
511 2308 556 2353 καὶ
583 2307 821 2346 τετραχηλισμένα
847 2319 933 2347 παρα-

993 2312 1073 2338 turue
1083 2318 1130 2338 es:
1146 2318 1198 2337 nec
1212 2309 1343 2337 invenies
1359 2308 1442 2342 illud,
1460 2309 1536 2344 quod
1547 2308 1575 2335 in
1592 2308 1688 2335 medio
1697 2308 1809 2335 dierum

98 2352 199 2385 στήσει
228 2354 268 2387 τῷ
299 2352 404 2389 βήματι
432 2354 472 2388 τῷ
500 2349 620 2390 φοϐερῷ.
641 2352 730 2381 Βλέπε
757 2352 855 2380 λοιπὸν
883 2354 927 2381 τὸν

97 2396 208 2432 χρόνον
225 2395 251 2422 ὲν
267 2397 292 2432 ᾧ
306 2394 349 2424 δεῖ
364 2406 393 2423 σε
406 2395 598 2434 καρπώσασθαι
620 2397 651 2424 τὸ
675 2396 827 2435 ἀμέτρητον
851 2397 934 2425 αὐτοῦ

98 2438 195 2476 ἕλεος,
215 2440 251 2475 μή
281 2440 307 2467 ἐν
340 2441 502 2477 ματαιότητι
533 2440 685 2479 ἀναλώσῃς,
706 2443 751 2469 καὶ
780 2441 806 2469 ἒν
834 2441 935 2473 πύλαις

100 2483 173 2519 ᾅδου
190 2485 318 2520 ζητήσεις
331 2487 413 2513 τοῦτο
428 2485 473 2512 καὶ
489 2484 543 2523 οὐχ
558 2486 681 2524 εὑρήσεις
710 2486 725 2513 ὃ
751 2486 777 2513 ἐν
805 2488 845 2522 τῷ
874 2486 934 2523 ὕψει

97 2531 156 2555 τῶν
188 2529 303 2566 ἡμερῶν
333 2539 381 2557 σου
410 2530 591 2568 προκείμενον
619 2530 668 2557 οὐκ
697 2530 845 2566 ἠθέλησας.
862 2532 935 2566 Μνή-

102 2574 187 2607 σθητι
222 2572 266 2600 οὖν
291 2574 335 2601 καὶ
363 2574 465 2609 ταύυην
492 2575 541 2609 τήν
569 2575 682 2612 φρικτήν
706 2576 755 2608 τῆς
785 2574 934 2612 ἀπολογίας

101 2618 218 2653 ἡμέραν
241 2621 290 2652 τῆς
319 2619 445 2656 κρίσεῶς,
464 2618 509 2646 καὶ
536 2617 578 2646 ἴδε
604 2621 663 2649 πῶς
695 2618 807 2655 μέλλεις
830 2618 934 2646 ἀπολοι-

984 2357 1102 2382 tuorum
1115 2363 1182 2383 cum
1196 2355 1312 2382 adesset
1341 2353 1490 2389 respuisti.
1521 2353 1682 2380 Recordare
1713 2353 1810 2387 itaque

988 2399 1167 2427 horrendum
1183 2398 1267 2425 illum
1280 2396 1482 2432 diemjudicii,
1497 2405 1555 2432 quo
1575 2405 1694 2423 causam
1719 2397 1811 2423 dictu-

989 2452 1039 2472 rus
1048 2452 1089 2477 es,
1106 2452 1164 2479 quo
1180 2445 1264 2479 pacto
1280 2442 1413 2470 diuturus
1429 2441 1508 2469 illam
1520 2450 1551 2469 es
1567 2442 1642 2477 apud
1657 2444 1744 2468 Deum
1761 2441 1810 2476 qui

986 2490 1016 2515 te
1028 2487 1239 2523 condidit,quia
1250 2486 1314 2522 ipse
1325 2486 1417 2521 judex
1430 2488 1475 2514 est
1488 2485 1619 2513 vivorum
1641 2488 1668 2512 et
1687 2488 1812 2512 mortuo-

989 2541 1065 2559 rum.
1079 2532 1221 2564 Quoniam
1237 2530 1433 2566 gloriticatum
1444 2533 1488 2558 est
1500 2538 1603 2558 nomen
1617 2530 1706 2557 Patris
1723 2532 1751 2557 et
1767 2530 1811 2557 Fi-

988 2576 1019 2604 lii
1034 2579 1063 2604 et
1075 2576 1202 2612 Spiritus
1217 2575 1321 2607 sancti,
1338 2575 1415 2602 sicut
1426 2584 1442 2601 a
1458 2575 1599 2610 principio
1615 2575 1655 2602 ita
1684 2577 1712 2601 et
1735 2582 1812 2601 nunc

989 2623 1018 2648 et
1030 2629 1146 2657 semper
1161 2623 1190 2648 et
1206 2621 1235 2648 in
1247 2619 1352 2648 saacula
1366 2620 1551 2647 saeculorum.
1567 2621 1668 2647 Amen.

102 2664 216 2700 γεῐσθαι
245 2666 283 2699 τῷ
310 2663 442 2692 πλάσαντι
471 2674 500 2691 σε
526 2665 594 2700 Θεῷ,
611 2663 652 2692 ὅτι
679 2663 759 2695 αὐτός
789 2663 843 2691 ἐστι
870 2664 966 2702 κριτὴς
996 2665 1103 2699 ζώντων
1132 2665 1176 2692 καὶ
1204 2667 1315 2701 νεκρῶν,
1342 2664 1383 2691 ὅτι
1412 2662 1566 2699 δεδόξασται
1593 2663 1623 2690 τὸ
1651 2661 1735 2698 ὄνομα
1763 2663 1812 2688 τοῦ

136 2745 163 2762 ⁷³
182 2745 269 2773 Joan.
283 2753 310 2779 ν,
326 2745 372 2772 29.
387 2745 410 2763 ⁷⁸
426 2745 498 2773 Dan.
513 2753 574 2781 vui,
589 2745 616 2779 9,
634 2745 677 2773 10.

138 2829 204 2865 (73)
222 2827 438 2867 Supplevimns,
463 2827 623 2867 διδασκαλίᾳ
650 2828 802 2867 ἐπίστρεφε.
819 2830 891 2860 Gell.
909 2831 933 2859 II

131 2837 204 2871 51.1;
223 2837 438 2891 augptevnnns,
463 2837 623 2874 οιοασκαλιςέ
650 2837 778 2870 επιστριφ

107 2865 186 2894 Tim.
205 2872 252 2898 IV,
283 2885 290 2892 .
303 2864 407 2900 Vulgo,
423 2864 514 2903 λογιον
531 2862 647 2897 ἁσιϐεις.

1026 2831 1082 2867 (74)
1097 2830 1292 2866 Conjeotando
1305 2829 1347 2858 sic
1361 2829 1513 2858 vertimus.

2024 589 2025 669 ι

2024 887 2026 978 Ι
