  <div class='ocr_page' id='page_1' title='image "/cluster/home/n/w/nwhite01/storage/ocr_20150623/28/hvd.32044052794351/293.png"; bbox 0 0 4108 6210; ppageno 0'>
   <div class='ocr_carea' id='block_1_1' title="bbox 389 389 509 448">
    <p class='ocr_par' dir='ltr' id='par_1_1' title="bbox 389 389 509 448">
     <span class='ocr_line' id='line_1_1' title="bbox 389 389 509 448; baseline -0.008 0"><span class='ocrx_word' id='word_1_1' title='bbox 389 389 509 448; x_wconf 69' lang='grc' dir='ltr'>δτι</span> 
     </span>
    </p>
   </div>
   <div class='ocr_carea' id='block_1_2' title="bbox 1564 391 2626 456">
    <p class='ocr_par' dir='ltr' id='par_1_2' title="bbox 1564 391 2626 456">
     <span class='ocr_line' id='line_1_2' title="bbox 1564 391 2626 456; baseline 0 -3"><span class='ocrx_word' id='word_1_2' title='bbox 1564 394 1628 453; x_wconf 91' lang='lat' dir='ltr'>S.</span> <span class='ocrx_word' id='word_1_3' title='bbox 1676 391 2199 453; x_wconf 83' lang='lat' dir='ltr'>ATHANASIUS.</span> <span class='ocrx_word' id='word_1_4' title='bbox 2224 426 2299 436; x_wconf 91' lang='grc'><strong><em>--</em></strong></span> <span class='ocrx_word' id='word_1_5' title='bbox 2323 394 2626 456; x_wconf 83' lang='lat' dir='ltr'>SPURIA.</span> 
     </span>
    </p>
   </div>
   <div class='ocr_carea' id='block_1_3' title="bbox 3686 394 3809 455">
    <p class='ocr_par' dir='ltr' id='par_1_3' title="bbox 3686 394 3809 455">
     <span class='ocr_line' id='line_1_3' title="bbox 3686 394 3809 455; baseline -0.024 0"><span class='ocrx_word' id='word_1_6' title='bbox 3686 394 3809 455; x_wconf 81' lang='lat'>576</span> 
     </span>
    </p>
   </div>
   <div class='ocr_carea' id='block_1_4' title="bbox 396 519 3800 600">
    <p class='ocr_par' dir='ltr' id='par_1_4' title="bbox 396 519 3800 600">
     <span class='ocr_line' id='line_1_4' title="bbox 396 519 3800 600; baseline 0.001 -26"><span class='ocrx_word' id='word_1_7' title='bbox 396 519 608 595; x_wconf 84' lang='grc' dir='ltr'>Πατρὸς</span> <span class='ocrx_word' id='word_1_8' title='bbox 665 522 756 575; x_wconf 75' lang='grc' dir='ltr'>καὶ</span> <span class='ocrx_word' id='word_1_9' title='bbox 812 525 908 575; x_wconf 85' lang='grc' dir='ltr'>τοῦ</span> <span class='ocrx_word' id='word_1_10' title='bbox 968 522 1094 576; x_wconf 78' lang='grc' dir='ltr'>Υἱοῦ</span> <span class='ocrx_word' id='word_1_11' title='bbox 1150 522 1237 578; x_wconf 82' lang='grc' dir='ltr'>καὶ</span> <span class='ocrx_word' id='word_1_12' title='bbox 1296 527 1392 578; x_wconf 92' lang='grc' dir='ltr'>τοῦ</span> <span class='ocrx_word' id='word_1_13' title='bbox 1450 522 1606 597; x_wconf 86' lang='grc' dir='ltr'>ἁγίου</span> <span class='ocrx_word' id='word_1_14' title='bbox 1666 522 2100 595; x_wconf 83' lang='grc' dir='ltr'>Πνεύματος,ὡς</span> <span class='ocrx_word' id='word_1_15' title='bbox 2156 522 2233 577; x_wconf 78' lang='grc' dir='ltr'>ἐπ’</span> <span class='ocrx_word' id='word_1_16' title='bbox 2289 526 2467 600; x_wconf 86' lang='grc' dir='ltr'>ἀρχῆς</span> <span class='ocrx_word' id='word_1_17' title='bbox 2513 526 2600 581; x_wconf 87' lang='grc' dir='ltr'>καὶ</span> <span class='ocrx_word' id='word_1_18' title='bbox 2647 531 2737 581; x_wconf 92' lang='grc' dir='ltr'>νῦν</span> <span class='ocrx_word' id='word_1_19' title='bbox 2787 529 2875 581; x_wconf 81' lang='grc' dir='ltr'>καὶ</span> <span class='ocrx_word' id='word_1_20' title='bbox 2924 527 3004 582; x_wconf 84' lang='grc' dir='ltr'>ἀεὶ</span> <span class='ocrx_word' id='word_1_21' title='bbox 3053 528 3143 581; x_wconf 83' lang='grc' dir='ltr'>καὶ</span> <span class='ocrx_word' id='word_1_22' title='bbox 3174 526 3249 588; x_wconf 78' lang='grc' dir='ltr'>εἷς</span> <span class='ocrx_word' id='word_1_23' title='bbox 3278 526 3404 588; x_wconf 72' lang='grc' dir='ltr'>τοὺς</span> <span class='ocrx_word' id='word_1_24' title='bbox 3433 525 3636 587; x_wconf 77' lang='grc' dir='ltr'>αἰῶνας</span> <span class='ocrx_word' id='word_1_25' title='bbox 3693 528 3800 579; x_wconf 72' lang='grc' dir='ltr'>τῶν</span> 
     </span>
    </p>
   </div>
   <div class='ocr_carea' id='block_1_5' title="bbox 396 612 862 684">
    <p class='ocr_par' dir='ltr' id='par_1_5' title="bbox 396 612 862 684">
     <span class='ocr_line' id='line_1_5' title="bbox 396 612 862 684; baseline 0 -17"><span class='ocrx_word' id='word_1_26' title='bbox 396 612 630 667; x_wconf 76' lang='grc' dir='ltr'>αἰώνων.</span> <span class='ocrx_word' id='word_1_27' title='bbox 666 613 862 684; x_wconf 83' lang='grc' dir='ltr'>Ἀμήν.</span> 
     </span>
    </p>
   </div>
   <div class='ocr_carea' id='block_1_6' title="bbox 468 720 2119 794">
    <p class='ocr_par' dir='ltr' id='par_1_6' title="bbox 468 720 2119 794">
     <span class='ocr_line' id='line_1_6' title="bbox 468 720 2119 794; baseline 0 -19"><span class='ocrx_word' id='word_1_28' title='bbox 468 722 553 775; x_wconf 90' lang='grc'>13.</span> <span class='ocrx_word' id='word_1_29' title='bbox 588 720 899 791; x_wconf 89' lang='lat' dir='ltr'>Completis</span> <span class='ocrx_word' id='word_1_30' title='bbox 932 721 1093 777; x_wconf 88' lang='lat' dir='ltr'>hisce</span> <span class='ocrx_word' id='word_1_31' title='bbox 1124 723 1431 778; x_wconf 86' lang='lat' dir='ltr'>duodecim</span> <span class='ocrx_word' id='word_1_32' title='bbox 1474 723 1796 794; x_wconf 66' lang='lat' dir='ltr'>praeceptis,</span> <span class='ocrx_word' id='word_1_33' title='bbox 1822 721 2037 792; x_wconf 84' lang='lat' dir='ltr'>episco-</span> <span class='ocrx_word' id='word_1_34' title='bbox 2066 722 2119 789; x_wconf 82' lang='grc' dir='ltr'><strong>Α</strong></span> 
     </span>
    </p>
   </div>
   <div class='ocr_carea' id='block_1_7' title="bbox 394 808 2040 883">
    <p class='ocr_par' dir='ltr' id='par_1_7' title="bbox 394 808 2040 883">
     <span class='ocr_line' id='line_1_7' title="bbox 394 808 2040 883; baseline 0.001 -19"><span class='ocrx_word' id='word_1_35' title='bbox 394 827 505 882; x_wconf 89' lang='lat' dir='ltr'>pus</span> <span class='ocrx_word' id='word_1_36' title='bbox 538 809 619 863; x_wconf 90' lang='lat' dir='ltr'>ait</span> <span class='ocrx_word' id='word_1_37' title='bbox 646 808 728 862; x_wconf 89' lang='lat' dir='ltr'>illi</span> <span class='ocrx_word' id='word_1_38' title='bbox 758 827 769 862; x_wconf 75' lang='grc' dir='ltr'>ε</span> <span class='ocrx_word' id='word_1_39' title='bbox 808 811 1007 865; x_wconf 85' lang='lat' dir='ltr'>[ncede</span> <span class='ocrx_word' id='word_1_40' title='bbox 1034 810 1091 865; x_wconf 89' lang='lat' dir='ltr'>in</span> <span class='ocrx_word' id='word_1_41' title='bbox 1126 811 1284 865; x_wconf 90' lang='lat' dir='ltr'>hisce</span> <span class='ocrx_word' id='word_1_42' title='bbox 1307 812 1630 883; x_wconf 68' lang='lat' dir='ltr'>praeceptis,</span> <span class='ocrx_word' id='word_1_43' title='bbox 1652 816 1710 866; x_wconf 91' lang='lat' dir='ltr'>et</span> <span class='ocrx_word' id='word_1_44' title='bbox 1740 811 2040 866; x_wconf 79' lang='lat' dir='ltr'>cohortare</span> 
     </span>
    </p>
   </div>
   <div class='ocr_carea' id='block_1_8' title="bbox 395 898 2040 971">
    <p class='ocr_par' dir='ltr' id='par_1_8' title="bbox 395 898 2040 971">
     <span class='ocr_line' id='line_1_8' title="bbox 395 898 2040 971; baseline -0.001 -16"><span class='ocrx_word' id='word_1_45' title='bbox 395 916 493 955; x_wconf 88' lang='lat' dir='ltr'>eos</span> <span class='ocrx_word' id='word_1_46' title='bbox 526 898 623 965; x_wconf 88' lang='lat' dir='ltr'>qui</span> <span class='ocrx_word' id='word_1_47' title='bbox 650 898 898 953; x_wconf 86' lang='lat' dir='ltr'>audiunt</span> <span class='ocrx_word' id='word_1_48' title='bbox 929 904 991 952; x_wconf 89' lang='lat' dir='ltr'>ut</span> <span class='ocrx_word' id='word_1_49' title='bbox 1024 898 1297 955; x_wconf 81' lang='lat' dir='ltr'>incedant</span> <span class='ocrx_word' id='word_1_50' title='bbox 1322 899 1378 954; x_wconf 94' lang='lat' dir='ltr'>in</span> <span class='ocrx_word' id='word_1_51' title='bbox 1413 900 1550 966; x_wconf 87' lang='lat' dir='ltr'>illis,</span> <span class='ocrx_word' id='word_1_52' title='bbox 1576 906 1639 955; x_wconf 91' lang='lat' dir='ltr'>ut</span> <span class='ocrx_word' id='word_1_53' title='bbox 1673 917 1819 971; x_wconf 89' lang='lat' dir='ltr'>pura</span> <span class='ocrx_word' id='word_1_54' title='bbox 1848 900 1923 955; x_wconf 88' lang='lat' dir='ltr'>sit</span> <span class='ocrx_word' id='word_1_55' title='bbox 1947 915 2040 954; x_wconf 85' lang='lat' dir='ltr'>eo-</span> 
     </span>
    </p>
   </div>
   <div class='ocr_carea' id='block_1_9' title="bbox 397 986 2040 1059">
    <p class='ocr_par' dir='ltr' id='par_1_9' title="bbox 397 986 2040 1059">
     <span class='ocr_line' id='line_1_9' title="bbox 397 986 2040 1059; baseline -0.001 -18"><span class='ocrx_word' id='word_1_56' title='bbox 397 1003 527 1041; x_wconf 88' lang='lat' dir='ltr'>rum</span> <span class='ocrx_word' id='word_1_57' title='bbox 555 986 913 1057; x_wconf 74' lang='lat' dir='ltr'>pmnitentia,</span> <span class='ocrx_word' id='word_1_58' title='bbox 953 987 1189 1059; x_wconf 80' lang='lat' dir='ltr'>reliquis</span> <span class='ocrx_word' id='word_1_59' title='bbox 1223 989 1433 1043; x_wconf 89' lang='lat' dir='ltr'>diebus</span> <span class='ocrx_word' id='word_1_60' title='bbox 1481 990 1610 1042; x_wconf 71' lang='lat' dir='ltr'>vitae</span> <span class='ocrx_word' id='word_1_61' title='bbox 1641 1005 1841 1044; x_wconf 89' lang='lat' dir='ltr'>eorum</span> <span class='ocrx_word' id='word_1_62' title='bbox 1869 1005 1880 1041; x_wconf 93' lang='lat'><strong>:</strong></span> <span class='ocrx_word' id='word_1_63' title='bbox 1908 1004 2040 1041; x_wconf 82' lang='lat' dir='ltr'>con-</span> 
     </span>
    </p>
   </div>
   <div class='ocr_carea' id='block_1_10' title="bbox 398 1075 2044 1149">
    <p class='ocr_par' dir='ltr' id='par_1_10' title="bbox 398 1075 2044 1149">
     <span class='ocr_line' id='line_1_10' title="bbox 398 1075 2044 1149; baseline 0.001 -19"><span class='ocrx_word' id='word_1_64' title='bbox 398 1075 642 1131; x_wconf 82' lang='lat' dir='ltr'>fidentes</span> <span class='ocrx_word' id='word_1_65' title='bbox 672 1092 733 1129; x_wconf 90' lang='lat' dir='ltr'>se</span> <span class='ocrx_word' id='word_1_66' title='bbox 764 1092 878 1130; x_wconf 90' lang='lat' dir='ltr'>non</span> <span class='ocrx_word' id='word_1_67' title='bbox 913 1078 1083 1131; x_wconf 92' lang='lat' dir='ltr'>modo</span> <span class='ocrx_word' id='word_1_68' title='bbox 1115 1078 1518 1133; x_wconf 82' lang='lat' dir='ltr'>remissionem</span> <span class='ocrx_word' id='word_1_69' title='bbox 1552 1082 1921 1149; x_wconf 80' lang='lat' dir='ltr'>peccatorum</span> <span class='ocrx_word' id='word_1_70' title='bbox 1954 1094 2044 1131; x_wconf 85' lang='lat' dir='ltr'>re-</span> 
     </span>
    </p>
   </div>
   <div class='ocr_carea' id='block_1_11' title="bbox 397 1166 2043 1239">
    <p class='ocr_par' dir='ltr' id='par_1_11' title="bbox 397 1166 2043 1239">
     <span class='ocr_line' id='line_1_11' title="bbox 397 1166 2043 1239; baseline 0 -20"><span class='ocrx_word' id='word_1_71' title='bbox 397 1169 691 1235; x_wconf 88' lang='lat' dir='ltr'>cepturos,</span> <span class='ocrx_word' id='word_1_72' title='bbox 744 1166 841 1219; x_wconf 90' lang='lat' dir='ltr'>sed</span> <span class='ocrx_word' id='word_1_73' title='bbox 875 1166 1048 1219; x_wconf 88' lang='lat' dir='ltr'>etiam</span> <span class='ocrx_word' id='word_1_74' title='bbox 1096 1166 1347 1221; x_wconf 70' lang='lat' dir='ltr'>cmlestis</span> <span class='ocrx_word' id='word_1_75' title='bbox 1406 1168 1567 1239; x_wconf 81' lang='lat' dir='ltr'>regni</span> <span class='ocrx_word' id='word_1_76' title='bbox 1626 1166 2043 1236; x_wconf 68' lang='lat' dir='ltr'>haereditatem,</span> 
     </span>
    </p>
   </div>
   <div class='ocr_carea' id='block_1_12' title="bbox 399 1253 2042 1326">
    <p class='ocr_par' dir='ltr' id='par_1_12' title="bbox 399 1253 2042 1326">
     <span class='ocr_line' id='line_1_12' title="bbox 399 1253 2042 1326; baseline 0.001 -19"><span class='ocrx_word' id='word_1_77' title='bbox 399 1269 575 1325; x_wconf 89' lang='lat' dir='ltr'>quam</span> <span class='ocrx_word' id='word_1_78' title='bbox 602 1253 742 1307; x_wconf 85' lang='lat' dir='ltr'>faxit</span> <span class='ocrx_word' id='word_1_79' title='bbox 772 1254 923 1307; x_wconf 83' lang='lat' dir='ltr'>Deus</span> <span class='ocrx_word' id='word_1_80' title='bbox 954 1258 1016 1307; x_wconf 93' lang='lat' dir='ltr'>ut</span> <span class='ocrx_word' id='word_1_81' title='bbox 1048 1271 1152 1309; x_wconf 88' lang='lat' dir='ltr'>nos</span> <span class='ocrx_word' id='word_1_82' title='bbox 1183 1270 1588 1325; x_wconf 88' lang='lat' dir='ltr'>assequamur,</span> <span class='ocrx_word' id='word_1_83' title='bbox 1623 1256 1810 1326; x_wconf 90' lang='lat' dir='ltr'>gratia</span> <span class='ocrx_word' id='word_1_84' title='bbox 1855 1259 1910 1309; x_wconf 91' lang='lat' dir='ltr'>et</span> <span class='ocrx_word' id='word_1_85' title='bbox 1941 1256 2042 1309; x_wconf 88' lang='lat' dir='ltr'>be-</span> 
     </span>
    </p>
   </div>
   <div class='ocr_carea' id='block_1_13' title="bbox 398 1341 2045 1415">
    <p class='ocr_par' dir='ltr' id='par_1_13' title="bbox 398 1341 2045 1415">
     <span class='ocr_line' id='line_1_13' title="bbox 398 1341 2045 1415; baseline 0.001 -19"><span class='ocrx_word' id='word_1_86' title='bbox 398 1341 681 1412; x_wconf 85' lang='lat' dir='ltr'>nignitate</span> <span class='ocrx_word' id='word_1_87' title='bbox 712 1342 943 1396; x_wconf 85' lang='lat' dir='ltr'>Domini</span> <span class='ocrx_word' id='word_1_88' title='bbox 974 1343 1155 1397; x_wconf 78' lang='lat' dir='ltr'>nostri</span> <span class='ocrx_word' id='word_1_89' title='bbox 1185 1344 1324 1399; x_wconf 89' lang='lat' dir='ltr'>Jesu</span> <span class='ocrx_word' id='word_1_90' title='bbox 1358 1344 1594 1411; x_wconf 86' lang='lat' dir='ltr'>Christi,</span> <span class='ocrx_word' id='word_1_91' title='bbox 1621 1361 1753 1399; x_wconf 91' lang='lat' dir='ltr'>cum</span> <span class='ocrx_word' id='word_1_92' title='bbox 1794 1360 1908 1415; x_wconf 91' lang='lat' dir='ltr'>quo</span> <span class='ocrx_word' id='word_1_93' title='bbox 1941 1344 2045 1397; x_wconf 88' lang='lat' dir='ltr'>Pa-</span> 
     </span>
    </p>
   </div>
   <div class='ocr_carea' id='block_1_14' title="bbox 395 1430 2045 1504">
    <p class='ocr_par' dir='ltr' id='par_1_14' title="bbox 395 1430 2045 1504">
     <span class='ocr_line' id='line_1_14' title="bbox 395 1430 2045 1504; baseline 0.001 -20"><span class='ocrx_word' id='word_1_94' title='bbox 395 1430 470 1484; x_wconf 85' lang='lat' dir='ltr'>tri</span> <span class='ocrx_word' id='word_1_95' title='bbox 503 1435 559 1484; x_wconf 90' lang='lat' dir='ltr'>et</span> <span class='ocrx_word' id='word_1_96' title='bbox 587 1435 789 1485; x_wconf 87' lang='lat' dir='ltr'>sancto</span> <span class='ocrx_word' id='word_1_97' title='bbox 820 1432 1160 1503; x_wconf 77' lang='lat' dir='ltr'>vivificoque</span> <span class='ocrx_word' id='word_1_98' title='bbox 1180 1434 1439 1503; x_wconf 82' lang='lat' dir='ltr'>Spiritui,</span> <span class='ocrx_word' id='word_1_99' title='bbox 1471 1434 1675 1504; x_wconf 83' lang='lat' dir='ltr'>gloria,</span> <span class='ocrx_word' id='word_1_100' title='bbox 1701 1434 1905 1499; x_wconf 91' lang='lat' dir='ltr'>honor,</span> <span class='ocrx_word' id='word_1_101' title='bbox 1936 1431 2045 1486; x_wconf 87' lang='lat' dir='ltr'>im-</span> 
     </span>
    </p>
   </div>
   <div class='ocr_carea' id='block_1_15' title="bbox 399 1518 1573 1590">
    <p class='ocr_par' dir='ltr' id='par_1_15' title="bbox 399 1518 1573 1590">
     <span class='ocr_line' id='line_1_15' title="bbox 399 1518 1573 1590; baseline 0.002 -15"><span class='ocrx_word' id='word_1_102' title='bbox 399 1518 624 1590; x_wconf 89' lang='lat' dir='ltr'>perium</span> <span class='ocrx_word' id='word_1_103' title='bbox 649 1520 705 1574; x_wconf 88' lang='lat' dir='ltr'>in</span> <span class='ocrx_word' id='word_1_104' title='bbox 729 1520 940 1575; x_wconf 66' lang='lat' dir='ltr'>saecula</span> <span class='ocrx_word' id='word_1_105' title='bbox 965 1521 1332 1577; x_wconf 68' lang='lat' dir='ltr'>saeculorum.</span> <span class='ocrx_word' id='word_1_106' title='bbox 1370 1529 1573 1577; x_wconf 87' lang='lat' dir='ltr'>Amen.</span> 
     </span>
    </p>
   </div>
   <div class='ocr_carea' id='block_1_16' title="bbox 474 1715 2047 1789">
    <p class='ocr_par' dir='ltr' id='par_1_16' title="bbox 474 1715 2047 1789">
     <span class='ocr_line' id='line_1_16' title="bbox 474 1715 2047 1789; baseline 0.001 -19"><span class='ocrx_word' id='word_1_107' title='bbox 474 1716 557 1770; x_wconf 84' lang='grc'>14.</span> <span class='ocrx_word' id='word_1_108' title='bbox 595 1715 695 1771; x_wconf 86' lang='lat' dir='ltr'>His</span> <span class='ocrx_word' id='word_1_109' title='bbox 726 1716 941 1771; x_wconf 85' lang='lat' dir='ltr'>auditis</span> <span class='ocrx_word' id='word_1_110' title='bbox 977 1718 1277 1789; x_wconf 82' lang='lat' dir='ltr'>praeceptis</span> <span class='ocrx_word' id='word_1_111' title='bbox 1337 1718 1676 1784; x_wconf 79' lang='lat' dir='ltr'>Antiochus,</span> <span class='ocrx_word' id='word_1_112' title='bbox 1709 1718 2047 1789; x_wconf 86' lang='lat' dir='ltr'>descriptis-</span> 
     </span>
    </p>
   </div>
   <div class='ocr_carea' id='block_1_17' title="bbox 401 1804 2048 1877">
    <p class='ocr_par' dir='ltr' id='par_1_17' title="bbox 401 1804 2048 1877">
     <span class='ocr_line' id='line_1_17' title="bbox 401 1804 2048 1877; baseline 0 -16"><span class='ocrx_word' id='word_1_113' title='bbox 401 1821 516 1877; x_wconf 90' lang='lat' dir='ltr'>que</span> <span class='ocrx_word' id='word_1_114' title='bbox 539 1805 708 1877; x_wconf 88' lang='lat' dir='ltr'>quasi</span> <span class='ocrx_word' id='word_1_115' title='bbox 742 1805 797 1859; x_wconf 90' lang='lat' dir='ltr'>in</span> <span class='ocrx_word' id='word_1_116' title='bbox 822 1804 967 1861; x_wconf 89' lang='lat' dir='ltr'>libro</span> <span class='ocrx_word' id='word_1_117' title='bbox 995 1806 1051 1860; x_wconf 91' lang='lat' dir='ltr'>in</span> <span class='ocrx_word' id='word_1_118' title='bbox 1085 1808 1401 1874; x_wconf 90' lang='lat' dir='ltr'>cordesuo,</span> <span class='ocrx_word' id='word_1_119' title='bbox 1453 1809 1796 1864; x_wconf 85' lang='lat' dir='ltr'>festinanter</span> <span class='ocrx_word' id='word_1_120' title='bbox 1840 1807 1898 1862; x_wconf 89' lang='lat' dir='ltr'>in</span> <span class='ocrx_word' id='word_1_121' title='bbox 1936 1823 2048 1862; x_wconf 80' lang='lat' dir='ltr'>cce-</span> 
     </span>
    </p>
   </div>
   <div class='ocr_carea' id='block_1_18' title="bbox 404 1894 2049 1968">
    <p class='ocr_par' dir='ltr' id='par_1_18' title="bbox 404 1894 2049 1968">
     <span class='ocr_line' id='line_1_18' title="bbox 404 1894 2049 1968; baseline -0.001 -18"><span class='ocrx_word' id='word_1_122' title='bbox 404 1894 645 1950; x_wconf 90' lang='lat' dir='ltr'>nobium</span> <span class='ocrx_word' id='word_1_123' title='bbox 669 1895 933 1949; x_wconf 89' lang='lat' dir='ltr'>concedit</span> <span class='ocrx_word' id='word_1_124' title='bbox 964 1896 1295 1950; x_wconf 67' lang='lat' dir='ltr'>haacsecum</span> <span class='ocrx_word' id='word_1_125' title='bbox 1327 1899 1647 1968; x_wconf 89' lang='lat' dir='ltr'>reputando</span> <span class='ocrx_word' id='word_1_126' title='bbox 1674 1914 1685 1952; x_wconf 89' lang='lat'><strong>:</strong></span> <span class='ocrx_word' id='word_1_127' title='bbox 1711 1898 1792 1953; x_wconf 91' lang='lat' dir='ltr'>Ne</span> <span class='ocrx_word' id='word_1_128' title='bbox 1823 1896 2049 1952; x_wconf 87' lang='lat' dir='ltr'>sisolus</span> 
     </span>
    </p>
   </div>
   <div class='ocr_carea' id='block_1_19' title="bbox 401 1982 2051 2057">
    <p class='ocr_par' dir='ltr' id='par_1_19' title="bbox 401 1982 2051 2057">
     <span class='ocr_line' id='line_1_19' title="bbox 401 1982 2051 2057; baseline 0 -17"><span class='ocrx_word' id='word_1_129' title='bbox 401 1984 609 2055; x_wconf 84' lang='lat' dir='ltr'>degam</span> <span class='ocrx_word' id='word_1_130' title='bbox 643 1982 906 2047; x_wconf 88' lang='lat' dir='ltr'>extollar,</span> <span class='ocrx_word' id='word_1_131' title='bbox 948 1989 1006 2038; x_wconf 89' lang='lat' dir='ltr'>et</span> <span class='ocrx_word' id='word_1_132' title='bbox 1037 1984 1416 2057; x_wconf 89' lang='lat' dir='ltr'>mihimetipsi</span> <span class='ocrx_word' id='word_1_133' title='bbox 1453 2003 1719 2055; x_wconf 90' lang='lat' dir='ltr'>noceam,</span> <span class='ocrx_word' id='word_1_134' title='bbox 1768 1988 1837 2041; x_wconf 90' lang='lat' dir='ltr'>ad</span> <span class='ocrx_word' id='word_1_135' title='bbox 1890 1987 2051 2041; x_wconf 91' lang='lat' dir='ltr'>obse-</span> 
     </span>
    </p>
   </div>
   <div class='ocr_carea' id='block_1_20' title="bbox 2225 719 3775 785">
    <p class='ocr_par' dir='ltr' id='par_1_20' title="bbox 2225 719 3775 785">
     <span class='ocr_line' id='line_1_20' title="bbox 2225 719 3775 785; baseline -0.003 -8"><span class='ocrx_word' id='word_1_136' title='bbox 2225 725 2309 778; x_wconf 86' lang='grc'>13.</span> <span class='ocrx_word' id='word_1_137' title='bbox 2345 724 2444 779; x_wconf 81' lang='grc' dir='ltr'>Καὶ</span> <span class='ocrx_word' id='word_1_138' title='bbox 2506 722 2821 785; x_wconf 70' lang='grc' dir='ltr'>συντελέσας</span> <span class='ocrx_word' id='word_1_139' title='bbox 2875 725 2970 785; x_wconf 68' lang='grc' dir='ltr'>τὰς</span> <span class='ocrx_word' id='word_1_140' title='bbox 3029 721 3239 777; x_wconf 82' lang='grc' dir='ltr'>δώδεκα</span> <span class='ocrx_word' id='word_1_141' title='bbox 3290 722 3484 783; x_wconf 82' lang='grc' dir='ltr'>ταύτας</span> <span class='ocrx_word' id='word_1_142' title='bbox 3545 719 3775 783; x_wconf 73' lang='grc' dir='ltr'>ἐντολὰς</span> 
     </span>
    </p>
   </div>
   <div class='ocr_carea' id='block_1_21' title="bbox 2150 807 3799 887">
    <p class='ocr_par' dir='ltr' id='par_1_21' title="bbox 2150 807 3799 887">
     <span class='ocr_line' id='line_1_21' title="bbox 2150 807 3799 887; baseline -0.001 -24"><span class='ocrx_word' id='word_1_143' title='bbox 2150 810 2177 863; x_wconf 99' lang='lat'>6</span> <span class='ocrx_word' id='word_1_144' title='bbox 2221 810 2507 874; x_wconf 79' lang='grc' dir='ltr'>ἐπίσκοπος</span> <span class='ocrx_word' id='word_1_145' title='bbox 2568 812 2709 887; x_wconf 69' lang='grc' dir='ltr'>λέγει</span> <span class='ocrx_word' id='word_1_146' title='bbox 2768 812 2933 885; x_wconf 79' lang='grc' dir='ltr'>αὐτῷ’</span> <span class='ocrx_word' id='word_1_147' title='bbox 2968 812 3208 887; x_wconf 82' lang='grc' dir='ltr'>Πορεύου</span> <span class='ocrx_word' id='word_1_148' title='bbox 3265 810 3316 866; x_wconf 83' lang='grc' dir='ltr'>ἐν</span> <span class='ocrx_word' id='word_1_149' title='bbox 3373 816 3488 871; x_wconf 89' lang='grc' dir='ltr'>ταῖς</span> <span class='ocrx_word' id='word_1_150' title='bbox 3546 807 3799 871; x_wconf 65' lang='grc' dir='ltr'>ιντολαῖς</span> 
     </span>
    </p>
   </div>
   <div class='ocr_carea' id='block_1_22' title="bbox 2151 898 3804 978">
    <p class='ocr_par' dir='ltr' id='par_1_22' title="bbox 2151 898 3804 978">
     <span class='ocr_line' id='line_1_22' title="bbox 2151 898 3804 978; baseline -0.001 -25"><span class='ocrx_word' id='word_1_151' title='bbox 2151 899 2366 962; x_wconf 75' lang='grc' dir='ltr'>ταύταις</span> <span class='ocrx_word' id='word_1_152' title='bbox 2398 903 2484 955; x_wconf 77' lang='grc' dir='ltr'>καὶ</span> <span class='ocrx_word' id='word_1_153' title='bbox 2516 900 2818 978; x_wconf 85' lang='grc' dir='ltr'>παρακάλει</span> <span class='ocrx_word' id='word_1_154' title='bbox 2849 903 2939 956; x_wconf 81' lang='grc' dir='ltr'>καὶ</span> <span class='ocrx_word' id='word_1_155' title='bbox 2969 901 3094 962; x_wconf 78' lang='grc' dir='ltr'>τοὺς</span> <span class='ocrx_word' id='word_1_156' title='bbox 3126 901 3417 961; x_wconf 76' lang='grc' dir='ltr'>ἀκούοντας</span> <span class='ocrx_word' id='word_1_157' title='bbox 3473 898 3804 972; x_wconf 73' lang='grc' dir='ltr'>πορεύεσθαι</span> 
     </span>
    </p>
   </div>
   <div class='ocr_carea' id='block_1_23' title="bbox 2153 988 3803 1065">
    <p class='ocr_par' dir='ltr' id='par_1_23' title="bbox 2153 988 3803 1065">
     <span class='ocr_line' id='line_1_23' title="bbox 2153 988 3803 1065; baseline -0.001 -23"><span class='ocrx_word' id='word_1_158' title='bbox 2153 988 2205 1042; x_wconf 85' lang='grc' dir='ltr'>ἐν</span> <span class='ocrx_word' id='word_1_159' title='bbox 2258 989 2464 1059; x_wconf 84' lang='grc' dir='ltr'>αὐταῖς,</span> <span class='ocrx_word' id='word_1_160' title='bbox 2510 989 2601 1045; x_wconf 77' lang='grc' dir='ltr'>ἵνα</span> <span class='ocrx_word' id='word_1_161' title='bbox 2657 993 2691 1060; x_wconf 82' lang='grc' dir='ltr'>ἠ</span> <span class='ocrx_word' id='word_1_162' title='bbox 2759 991 3010 1065; x_wconf 88' lang='grc' dir='ltr'>μετάνοια</span> <span class='ocrx_word' id='word_1_163' title='bbox 3086 990 3259 1044; x_wconf 80' lang='grc' dir='ltr'>αὐτῶν</span> <span class='ocrx_word' id='word_1_164' title='bbox 3319 989 3525 1064; x_wconf 85' lang='grc' dir='ltr'>καθαρά</span> <span class='ocrx_word' id='word_1_165' title='bbox 3576 989 3803 1062; x_wconf 71' lang='grc' dir='ltr'>γένηται</span> 
     </span>
    </p>
   </div>
   <div class='ocr_carea' id='block_1_24' title="bbox 2150 1076 3809 1155">
    <p class='ocr_par' dir='ltr' id='par_1_24' title="bbox 2150 1076 3809 1155">
     <span class='ocr_line' id='line_1_24' title="bbox 2150 1076 3809 1155; baseline -0.001 -24"><span class='ocrx_word' id='word_1_166' title='bbox 2150 1078 2245 1139; x_wconf 71' lang='grc' dir='ltr'>τὰς</span> <span class='ocrx_word' id='word_1_167' title='bbox 2300 1078 2495 1141; x_wconf 75' lang='grc' dir='ltr'>λοιπάς</span> <span class='ocrx_word' id='word_1_168' title='bbox 2540 1080 2749 1155; x_wconf 73' lang='grc' dir='ltr'>ἡμέρας</span> <span class='ocrx_word' id='word_1_169' title='bbox 2796 1088 2896 1148; x_wconf 78' lang='grc' dir='ltr'>τῆς</span> <span class='ocrx_word' id='word_1_170' title='bbox 2933 1085 3076 1148; x_wconf 85' lang='grc' dir='ltr'>ζωῆς</span> <span class='ocrx_word' id='word_1_171' title='bbox 3116 1078 3312 1132; x_wconf 81' lang='grc' dir='ltr'>αὐτῶν·</span> <span class='ocrx_word' id='word_1_172' title='bbox 3347 1078 3687 1153; x_wconf 73' lang='grc' dir='ltr'>θαῤῥοῦντες,</span> <span class='ocrx_word' id='word_1_173' title='bbox 3724 1076 3809 1130; x_wconf 74' lang='grc' dir='ltr'>δτι</span> 
     </span>
    </p>
   </div>
   <div class='ocr_carea' id='block_1_25' title="bbox 2155 1165 3807 1245">
    <p class='ocr_par' dir='ltr' id='par_1_25' title="bbox 2155 1165 3807 1245">
     <span class='ocr_line' id='line_1_25' title="bbox 2155 1165 3807 1245; baseline -0.002 -24"><span class='ocrx_word' id='word_1_174' title='bbox 2155 1166 2445 1240; x_wconf 83' lang='grc' dir='ltr'>λήψονται,</span> <span class='ocrx_word' id='word_1_175' title='bbox 2478 1168 2537 1223; x_wconf 90' lang='grc' dir='ltr'>οὐ</span> <span class='ocrx_word' id='word_1_176' title='bbox 2575 1169 2737 1241; x_wconf 79' lang='grc' dir='ltr'>μόνον</span> <span class='ocrx_word' id='word_1_177' title='bbox 2780 1167 2973 1245; x_wconf 79' lang='grc' dir='ltr'>ἄφησιν</span> <span class='ocrx_word' id='word_1_178' title='bbox 3028 1171 3323 1242; x_wconf 80' lang='grc' dir='ltr'>ἁμαρτιῶν,</span> <span class='ocrx_word' id='word_1_179' title='bbox 3358 1165 3501 1222; x_wconf 73' lang='grc' dir='ltr'>ἀλλὰ</span> <span class='ocrx_word' id='word_1_180' title='bbox 3554 1165 3645 1219; x_wconf 80' lang='grc' dir='ltr'>καὶ</span> <span class='ocrx_word' id='word_1_181' title='bbox 3704 1167 3807 1233; x_wconf 69' lang='grc' dir='ltr'>τὴν</span> 
     </span>
    </p>
   </div>
   <div class='ocr_carea' id='block_1_26' title="bbox 2153 1253 3809 1332">
    <p class='ocr_par' dir='ltr' id='par_1_26' title="bbox 2153 1253 3809 1332">
     <span class='ocr_line' id='line_1_26' title="bbox 2153 1253 3809 1332; baseline -0.002 -22"><span class='ocrx_word' id='word_1_182' title='bbox 2153 1255 2523 1329; x_wconf 75' lang='grc' dir='ltr'>κληρονομίαν</span> <span class='ocrx_word' id='word_1_183' title='bbox 2581 1264 2683 1326; x_wconf 73' lang='grc' dir='ltr'>τῆς</span> <span class='ocrx_word' id='word_1_184' title='bbox 2743 1255 3063 1332; x_wconf 77' lang='grc' dir='ltr'>ἐπουρανίου</span> <span class='ocrx_word' id='word_1_185' title='bbox 3125 1255 3421 1331; x_wconf 78' lang='grc' dir='ltr'>βασιλείας,</span> <span class='ocrx_word' id='word_1_186' title='bbox 3462 1257 3530 1323; x_wconf 71' lang='grc' dir='ltr'>ἧς</span> <span class='ocrx_word' id='word_1_187' title='bbox 3588 1253 3809 1328; x_wconf 67' lang='grc' dir='ltr'>γένοιτο</span> 
     </span>
    </p>
   </div>
   <div class='ocr_carea' id='block_1_27' title="bbox 2153 1343 3812 1421">
    <p class='ocr_par' dir='ltr' id='par_1_27' title="bbox 2153 1343 3812 1421">
     <span class='ocr_line' id='line_1_27' title="bbox 2153 1343 3812 1421; baseline -0.002 -21"><span class='ocrx_word' id='word_1_188' title='bbox 2153 1345 2357 1407; x_wconf 85' lang='grc' dir='ltr'>πάντας</span> <span class='ocrx_word' id='word_1_189' title='bbox 2406 1347 2553 1419; x_wconf 77' lang='grc' dir='ltr'>ἡμᾶς</span> <span class='ocrx_word' id='word_1_190' title='bbox 2600 1346 2875 1421; x_wconf 69' lang='grc' dir='ltr'>ἐπιτυχεῖν</span> <span class='ocrx_word' id='word_1_191' title='bbox 2926 1348 3111 1421; x_wconf 87' lang='grc' dir='ltr'>χάριτι</span> <span class='ocrx_word' id='word_1_192' title='bbox 3164 1345 3251 1400; x_wconf 84' lang='grc' dir='ltr'>καὶ</span> <span class='ocrx_word' id='word_1_193' title='bbox 3296 1343 3677 1420; x_wconf 77' lang='grc' dir='ltr'>φιλανθρωπίᾳ</span> <span class='ocrx_word' id='word_1_194' title='bbox 3708 1346 3812 1397; x_wconf 87' lang='grc' dir='ltr'>τοῦ</span> 
     </span>
    </p>
   </div>
   <div class='ocr_carea' id='block_1_28' title="bbox 2154 1430 3808 1510">
    <p class='ocr_par' dir='ltr' id='par_1_28' title="bbox 2154 1430 3808 1510">
     <span class='ocr_line' id='line_1_28' title="bbox 2154 1430 3808 1510; baseline -0.004 -21"><span class='ocrx_word' id='word_1_195' title='bbox 2154 1436 2351 1510; x_wconf 87' lang='grc' dir='ltr'>Κυρίου</span> <span class='ocrx_word' id='word_1_196' title='bbox 2401 1437 2560 1507; x_wconf 79' lang='grc' dir='ltr'>ἡμῶν</span> <span class='ocrx_word' id='word_1_197' title='bbox 2608 1437 2786 1505; x_wconf 87' lang='grc' dir='ltr'>Ἰησοῦ</span> <span class='ocrx_word' id='word_1_198' title='bbox 2819 1439 3073 1510; x_wconf 76' lang='grc' dir='ltr'>Χριστοῦ,</span> <span class='ocrx_word' id='word_1_199' title='bbox 3111 1441 3223 1506; x_wconf 85' lang='grc' dir='ltr'>μεθ’</span> <span class='ocrx_word' id='word_1_200' title='bbox 3274 1433 3335 1488; x_wconf 78' lang='grc' dir='ltr'>οὐ</span> <span class='ocrx_word' id='word_1_201' title='bbox 3388 1438 3465 1505; x_wconf 78' lang='grc' dir='ltr'>τῷ</span> <span class='ocrx_word' id='word_1_202' title='bbox 3508 1433 3676 1507; x_wconf 78' lang='grc' dir='ltr'>Πατρὶ</span> <span class='ocrx_word' id='word_1_203' title='bbox 3714 1430 3808 1485; x_wconf 69' lang='grc' dir='ltr'>σὺν</span> 
     </span>
    </p>
   </div>
   <div class='ocr_carea' id='block_1_29' title="bbox 2154 1520 3813 1597">
    <p class='ocr_par' dir='ltr' id='par_1_29' title="bbox 2154 1520 3813 1597">
     <span class='ocr_line' id='line_1_29' title="bbox 2154 1520 3813 1597; baseline -0.002 -19"><span class='ocrx_word' id='word_1_204' title='bbox 2154 1529 2232 1595; x_wconf 80' lang='grc' dir='ltr'>τῷ</span> <span class='ocrx_word' id='word_1_205' title='bbox 2266 1524 2405 1597; x_wconf 80' lang='grc' dir='ltr'>ἁγίῳ</span> <span class='ocrx_word' id='word_1_206' title='bbox 2434 1524 2523 1577; x_wconf 82' lang='grc' dir='ltr'>καὶ</span> <span class='ocrx_word' id='word_1_207' title='bbox 2558 1528 2814 1595; x_wconf 83' lang='grc' dir='ltr'>ζωοποιῷ</span> <span class='ocrx_word' id='word_1_208' title='bbox 2864 1522 3133 1596; x_wconf 87' lang='grc' dir='ltr'>Πνεύματι</span> <span class='ocrx_word' id='word_1_209' title='bbox 3196 1520 3341 1593; x_wconf 79' lang='grc' dir='ltr'>δόξα,</span> <span class='ocrx_word' id='word_1_210' title='bbox 3388 1522 3546 1595; x_wconf 77' lang='grc' dir='ltr'>τιμὴ,</span> <span class='ocrx_word' id='word_1_211' title='bbox 3607 1520 3813 1595; x_wconf 83' lang='grc' dir='ltr'>κράτος</span> 
     </span>
    </p>
   </div>
   <div class='ocr_carea' id='block_1_30' title="bbox 2157 1614 3241 1686">
    <p class='ocr_par' dir='ltr' id='par_1_30' title="bbox 2157 1614 3241 1686">
     <span class='ocr_line' id='line_1_30' title="bbox 2157 1614 3241 1686; baseline -0.004 -16"><span class='ocrx_word' id='word_1_212' title='bbox 2157 1614 2232 1677; x_wconf 76' lang='grc' dir='ltr'>εἷς</span> <span class='ocrx_word' id='word_1_213' title='bbox 2262 1614 2389 1675; x_wconf 85' lang='grc' dir='ltr'>τοὺς</span> <span class='ocrx_word' id='word_1_214' title='bbox 2420 1614 2614 1675; x_wconf 82' lang='grc' dir='ltr'>αἰῶνας</span> <span class='ocrx_word' id='word_1_215' title='bbox 2642 1618 2749 1669; x_wconf 84' lang='grc' dir='ltr'>τῶν</span> <span class='ocrx_word' id='word_1_216' title='bbox 2775 1614 3011 1672; x_wconf 73' lang='grc' dir='ltr'>αἰώνων.</span> <span class='ocrx_word' id='word_1_217' title='bbox 3042 1614 3241 1686; x_wconf 85' lang='grc' dir='ltr'>Ἀμήν.</span> 
     </span>
    </p>
   </div>
   <div class='ocr_carea' id='block_1_31' title="bbox 2230 1716 3811 1793">
    <p class='ocr_par' dir='ltr' id='par_1_31' title="bbox 2230 1716 3811 1793">
     <span class='ocr_line' id='line_1_31' title="bbox 2230 1716 3811 1793; baseline -0.004 -17"><span class='ocrx_word' id='word_1_218' title='bbox 2230 1723 2315 1776; x_wconf 82' lang='grc'>14.</span> <span class='ocrx_word' id='word_1_219' title='bbox 2343 1720 2543 1783; x_wconf 90' lang='grc' dir='ltr'>Ταύτας</span> <span class='ocrx_word' id='word_1_220' title='bbox 2575 1719 2806 1783; x_wconf 84' lang='grc' dir='ltr'>ἀκούσας</span> <span class='ocrx_word' id='word_1_221' title='bbox 2861 1720 2955 1782; x_wconf 80' lang='grc' dir='ltr'>τὰς</span> <span class='ocrx_word' id='word_1_222' title='bbox 3009 1718 3231 1781; x_wconf 76' lang='grc' dir='ltr'>ἐντολάς</span> <span class='ocrx_word' id='word_1_223' title='bbox 3291 1720 3320 1773; x_wconf 88' lang='lat'>6</span> <span class='ocrx_word' id='word_1_224' title='bbox 3375 1718 3666 1793; x_wconf 80' lang='grc' dir='ltr'>Ἀντίοχος</span> <span class='ocrx_word' id='word_1_225' title='bbox 3716 1716 3811 1770; x_wconf 83' lang='grc' dir='ltr'>καὶ</span> 
     </span>
    </p>
   </div>
   <div class='ocr_carea' id='block_1_32' title="bbox 2156 1801 3811 1886">
    <p class='ocr_par' dir='ltr' id='par_1_32' title="bbox 2156 1801 3811 1886">
     <span class='ocr_line' id='line_1_32' title="bbox 2156 1801 3811 1886; baseline 0.009 -27"><span class='ocrx_word' id='word_1_226' title='bbox 2156 1808 2365 1886; x_wconf 77' lang='grc' dir='ltr'>γράψας</span> <span class='ocrx_word' id='word_1_227' title='bbox 2397 1809 2559 1871; x_wconf 83' lang='grc' dir='ltr'>αὐτὰς</span> <span class='ocrx_word' id='word_1_228' title='bbox 2590 1808 2675 1863; x_wconf 77' lang='grc' dir='ltr'>ἐπὶ</span> <span class='ocrx_word' id='word_1_229' title='bbox 2704 1811 2804 1879; x_wconf 79' lang='grc' dir='ltr'>τὴν</span> <span class='ocrx_word' id='word_1_230' title='bbox 2836 1805 3059 1884; x_wconf 76' lang='grc' dir='ltr'>καρδίαν</span> <span class='ocrx_word' id='word_1_231' title='bbox 3107 1806 3271 1863; x_wconf 89' lang='grc' dir='ltr'>αὐτοῦ</span> <span class='ocrx_word' id='word_1_232' title='bbox 3329 1807 3401 1868; x_wconf 83' lang='grc' dir='ltr'>ὡς</span> <span class='ocrx_word' id='word_1_233' title='bbox 3460 1806 3511 1861; x_wconf 67' lang='grc' dir='ltr'>ίν</span> <span class='ocrx_word' id='word_1_234' title='bbox 3576 1801 3811 1881; x_wconf 64' lang='grc' dir='ltr'>βιϐλίῳ,</span> 
     </span>
    </p>
   </div>
   <div class='ocr_carea' id='block_1_33' title="bbox 2159 1892 3809 1975">
    <p class='ocr_par' dir='ltr' id='par_1_33' title="bbox 2159 1892 3809 1975">
     <span class='ocr_line' id='line_1_33' title="bbox 2159 1892 3809 1975; baseline -0.004 -22"><span class='ocrx_word' id='word_1_235' title='bbox 2159 1898 2387 1961; x_wconf 80' lang='grc' dir='ltr'>σπεύσας</span> <span class='ocrx_word' id='word_1_236' title='bbox 2424 1896 2801 1975; x_wconf 82' lang='grc' dir='ltr'>ὀρθοδρόμησε</span> <span class='ocrx_word' id='word_1_237' title='bbox 2845 1902 2924 1969; x_wconf 79' lang='grc' dir='ltr'>τῷ</span> <span class='ocrx_word' id='word_1_238' title='bbox 2970 1892 3253 1969; x_wconf 78' lang='grc' dir='ltr'>κοινοϐίῳ,</span> <span class='ocrx_word' id='word_1_239' title='bbox 3289 1895 3467 1970; x_wconf 70' lang='grc' dir='ltr'>λέγων</span> <span class='ocrx_word' id='word_1_240' title='bbox 3523 1895 3572 1949; x_wconf 80' lang='grc' dir='ltr'>ἐν</span> <span class='ocrx_word' id='word_1_241' title='bbox 3608 1895 3809 1966; x_wconf 69' lang='grc' dir='ltr'>ὶαυτῴ·</span> 
     </span>
    </p>
   </div>
   <div class='ocr_carea' id='block_1_34' title="bbox 2160 1983 3812 2060">
    <p class='ocr_par' dir='ltr' id='par_1_34' title="bbox 2160 1983 3812 2060">
     <span class='ocr_line' id='line_1_34' title="bbox 2160 1983 3812 2060; baseline -0.004 -17"><span class='ocrx_word' id='word_1_242' title='bbox 2160 1990 2370 2058; x_wconf 85' lang='grc' dir='ltr'>Μήπως</span> <span class='ocrx_word' id='word_1_243' title='bbox 2402 1988 2537 2043; x_wconf 79' lang='grc' dir='ltr'>κατὰ</span> <span class='ocrx_word' id='word_1_244' title='bbox 2570 1987 2730 2060; x_wconf 90' lang='grc' dir='ltr'>μόνας</span> <span class='ocrx_word' id='word_1_245' title='bbox 2762 1986 2926 2041; x_wconf 81' lang='grc' dir='ltr'>οίκῶν</span> <span class='ocrx_word' id='word_1_246' title='bbox 2961 1986 3161 2060; x_wconf 76' lang='grc' dir='ltr'>ὑψωθῶ</span> <span class='ocrx_word' id='word_1_247' title='bbox 3209 1984 3295 2039; x_wconf 78' lang='grc' dir='ltr'>καὶ</span> <span class='ocrx_word' id='word_1_248' title='bbox 3352 1983 3546 2060; x_wconf 82' lang='grc' dir='ltr'>βλάψω</span> <span class='ocrx_word' id='word_1_249' title='bbox 3598 1983 3812 2038; x_wconf 75' lang='grc' dir='ltr'>ὶαυτιιόν·</span> 
     </span>
    </p>
   </div>
   <div class='ocr_carea' id='block_1_35' title="bbox 399 2070 2065 2149">
    <p class='ocr_par' dir='ltr' id='par_1_35' title="bbox 399 2072 2050 2148">
     <span class='ocr_line' id='line_1_35' title="bbox 399 2072 2050 2148; baseline 0.001 -21"><span class='ocrx_word' id='word_1_250' title='bbox 399 2073 702 2144; x_wconf 88' lang='lat' dir='ltr'>quendum</span> <span class='ocrx_word' id='word_1_251' title='bbox 737 2072 1015 2127; x_wconf 89' lang='lat' dir='ltr'>fratribus</span> <span class='ocrx_word' id='word_1_252' title='bbox 1049 2090 1141 2127; x_wconf 91' lang='lat' dir='ltr'>me</span> <span class='ocrx_word' id='word_1_253' title='bbox 1174 2076 1401 2129; x_wconf 87' lang='lat' dir='ltr'>tradam</span> <span class='ocrx_word' id='word_1_254' title='bbox 1431 2093 1443 2130; x_wconf 93' lang='lat'><strong>:</strong></span> <span class='ocrx_word' id='word_1_255' title='bbox 1479 2081 1651 2146; x_wconf 92' lang='lat' dir='ltr'>atque</span> <span class='ocrx_word' id='word_1_256' title='bbox 1682 2074 2050 2148; x_wconf 85' lang='lat' dir='ltr'>singulorum</span> 
     </span>
    </p>
   </div>
   <div class='ocr_carea' id='block_1_36' title="bbox 2180 2070 3814 2149">
    <p class='ocr_par' dir='ltr' id='par_1_36' title="bbox 2180 2070 3814 2149">
     <span class='ocr_line' id='line_1_36' title="bbox 2180 2070 3814 2149; baseline -0.005 -18"><span class='ocrx_word' id='word_1_257' title='bbox 2180 2074 2312 2133; x_wconf 75' lang='grc' dir='ltr'>ίιλλὰ</span> <span class='ocrx_word' id='word_1_258' title='bbox 2346 2074 2560 2149; x_wconf 73' lang='grc' dir='ltr'>μᾶλλον</span> <span class='ocrx_word' id='word_1_259' title='bbox 2593 2072 2792 2147; x_wconf 86' lang='grc' dir='ltr'>δίδωμι</span> <span class='ocrx_word' id='word_1_260' title='bbox 2839 2074 3069 2147; x_wconf 81' lang='grc' dir='ltr'>ἐμαυτὸν</span> <span class='ocrx_word' id='word_1_261' title='bbox 3130 2071 3205 2135; x_wconf 82' lang='grc' dir='ltr'>είς</span> <span class='ocrx_word' id='word_1_262' title='bbox 3267 2073 3505 2141; x_wconf 70' lang='grc' dir='ltr'>ὑπακοὴν</span> <span class='ocrx_word' id='word_1_263' title='bbox 3536 2070 3814 2149; x_wconf 79' lang='grc' dir='ltr'>ἀδελφῶν·</span> 
     </span>
    </p>
   </div>
   <div class='ocr_carea' id='block_1_37' title="bbox 398 2161 2053 2235">
    <p class='ocr_par' dir='ltr' id='par_1_37' title="bbox 398 2161 2053 2235">
     <span class='ocr_line' id='line_1_37' title="bbox 398 2161 2053 2235; baseline 0 -18"><span class='ocrx_word' id='word_1_264' title='bbox 398 2161 737 2217; x_wconf 88' lang='lat' dir='ltr'>institutum</span> <span class='ocrx_word' id='word_1_265' title='bbox 780 2162 905 2215; x_wconf 73' lang='lat' dir='ltr'>vitae</span> <span class='ocrx_word' id='word_1_266' title='bbox 940 2162 1369 2235; x_wconf 86' lang='lat' dir='ltr'>contemplatus</span> <span class='ocrx_word' id='word_1_267' title='bbox 1403 2164 1717 2235; x_wconf 86' lang='lat' dir='ltr'>studioque</span> <span class='ocrx_word' id='word_1_268' title='bbox 1752 2167 2053 2234; x_wconf 88' lang='lat' dir='ltr'>permotus</span> 
     </span>
    </p>
   </div>
   <div class='ocr_carea' id='block_1_38' title="bbox 401 2250 2052 2325">
    <p class='ocr_par' dir='ltr' id='par_1_38' title="bbox 401 2250 2052 2325">
     <span class='ocr_line' id='line_1_38' title="bbox 401 2250 2052 2325; baseline 0 -20"><span class='ocrx_word' id='word_1_269' title='bbox 401 2250 760 2322; x_wconf 85' lang='lat' dir='ltr'>proﬁciendi,</span> <span class='ocrx_word' id='word_1_270' title='bbox 797 2268 897 2323; x_wconf 91' lang='lat' dir='ltr'>per</span> <span class='ocrx_word' id='word_1_271' title='bbox 926 2252 1023 2307; x_wconf 91' lang='lat' dir='ltr'>Dei</span> <span class='ocrx_word' id='word_1_272' title='bbox 1058 2254 1306 2325; x_wconf 86' lang='lat' dir='ltr'>gratiam</span> <span class='ocrx_word' id='word_1_273' title='bbox 1328 2270 1529 2307; x_wconf 91' lang='lat' dir='ltr'>eorum</span> <span class='ocrx_word' id='word_1_274' title='bbox 1563 2253 1835 2308; x_wconf 78' lang='lat' dir='ltr'>virtutem</span> <span class='ocrx_word' id='word_1_275' title='bbox 1860 2252 2052 2306; x_wconf 89' lang='lat' dir='ltr'>imita-</span> 
     </span>
    </p>
   </div>
   <div class='ocr_carea' id='block_1_39' title="bbox 405 2340 2055 2414">
    <p class='ocr_par' dir='ltr' id='par_1_39' title="bbox 405 2340 2055 2414">
     <span class='ocr_line' id='line_1_39' title="bbox 405 2340 2055 2414; baseline -0.001 -19"><span class='ocrx_word' id='word_1_276' title='bbox 405 2340 532 2395; x_wconf 92' lang='lat' dir='ltr'>bor.</span> <span class='ocrx_word' id='word_1_277' title='bbox 567 2341 727 2405; x_wconf 88' lang='lat' dir='ltr'>Quod</span> <span class='ocrx_word' id='word_1_278' title='bbox 763 2341 936 2396; x_wconf 91' lang='lat' dir='ltr'>etiam</span> <span class='ocrx_word' id='word_1_279' title='bbox 971 2342 1051 2396; x_wconf 89' lang='lat' dir='ltr'>ita</span> <span class='ocrx_word' id='word_1_280' title='bbox 1081 2343 1295 2397; x_wconf 84' lang='lat' dir='ltr'>factum</span> <span class='ocrx_word' id='word_1_281' title='bbox 1322 2347 1433 2397; x_wconf 86' lang='lat' dir='ltr'>est.</span> <span class='ocrx_word' id='word_1_282' title='bbox 1468 2344 1770 2414; x_wconf 85' lang='lat' dir='ltr'>Ingressus</span> <span class='ocrx_word' id='word_1_283' title='bbox 1798 2342 1952 2396; x_wconf 92' lang='lat' dir='ltr'>enim</span> <span class='ocrx_word' id='word_1_284' title='bbox 1996 2341 2055 2395; x_wconf 90' lang='lat' dir='ltr'>in</span> 
     </span>
    </p>
   </div>
   <div class='ocr_carea' id='block_1_40' title="bbox 408 2428 2059 2501">
    <p class='ocr_par' dir='ltr' id='par_1_40' title="bbox 408 2428 2059 2501">
     <span class='ocr_line' id='line_1_40' title="bbox 408 2428 2059 2501; baseline 0 -18"><span class='ocrx_word' id='word_1_285' title='bbox 408 2428 762 2493; x_wconf 72' lang='lat' dir='ltr'>cmnobium,</span> <span class='ocrx_word' id='word_1_286' title='bbox 794 2430 875 2484; x_wconf 90' lang='lat' dir='ltr'>ita</span> <span class='ocrx_word' id='word_1_287' title='bbox 902 2447 1033 2484; x_wconf 90' lang='lat' dir='ltr'>cum</span> <span class='ocrx_word' id='word_1_288' title='bbox 1068 2431 1343 2486; x_wconf 85' lang='lat' dir='ltr'>fratribus</span> <span class='ocrx_word' id='word_1_289' title='bbox 1374 2437 1638 2486; x_wconf 89' lang='lat' dir='ltr'>versatus</span> <span class='ocrx_word' id='word_1_290' title='bbox 1670 2436 1776 2501; x_wconf 89' lang='lat' dir='ltr'>est,</span> <span class='ocrx_word' id='word_1_291' title='bbox 1816 2435 1876 2485; x_wconf 91' lang='lat' dir='ltr'>ut</span> <span class='ocrx_word' id='word_1_292' title='bbox 1908 2430 2059 2485; x_wconf 89' lang='lat' dir='ltr'>arbi-</span> 
     </span>
    </p>
   </div>
   <div class='ocr_carea' id='block_1_41' title="bbox 406 2518 2057 2590">
    <p class='ocr_par' dir='ltr' id='par_1_41' title="bbox 406 2518 2057 2590">
     <span class='ocr_line' id='line_1_41' title="bbox 406 2518 2057 2590; baseline 0.001 -17"><span class='ocrx_word' id='word_1_293' title='bbox 406 2522 663 2573; x_wconf 90' lang='lat' dir='ltr'>traretur</span> <span class='ocrx_word' id='word_1_294' title='bbox 693 2535 754 2573; x_wconf 89' lang='lat' dir='ltr'>se</span> <span class='ocrx_word' id='word_1_295' title='bbox 785 2535 899 2573; x_wconf 91' lang='lat' dir='ltr'>non</span> <span class='ocrx_word' id='word_1_296' title='bbox 931 2536 1062 2575; x_wconf 92' lang='lat' dir='ltr'>cum</span> <span class='ocrx_word' id='word_1_297' title='bbox 1097 2520 1455 2590; x_wconf 89' lang='lat' dir='ltr'>hominibus,</span> <span class='ocrx_word' id='word_1_298' title='bbox 1489 2522 1589 2576; x_wconf 88' lang='lat' dir='ltr'>sed</span> <span class='ocrx_word' id='word_1_299' title='bbox 1648 2537 1779 2575; x_wconf 90' lang='lat' dir='ltr'>cum</span> <span class='ocrx_word' id='word_1_300' title='bbox 1832 2518 2057 2590; x_wconf 84' lang='lat' dir='ltr'>angelis</span> 
     </span>
    </p>
   </div>
   <div class='ocr_carea' id='block_1_42' title="bbox 407 2606 2057 2680">
    <p class='ocr_par' dir='ltr' id='par_1_42' title="bbox 407 2606 2057 2680">
     <span class='ocr_line' id='line_1_42' title="bbox 407 2606 2057 2680; baseline 0.002 -20"><span class='ocrx_word' id='word_1_301' title='bbox 407 2607 507 2662; x_wconf 83' lang='lat' dir='ltr'>Dei</span> <span class='ocrx_word' id='word_1_302' title='bbox 538 2606 717 2662; x_wconf 88' lang='lat' dir='ltr'>vitam</span> <span class='ocrx_word' id='word_1_303' title='bbox 752 2624 920 2679; x_wconf 89' lang='lat' dir='ltr'>agere</span> <span class='ocrx_word' id='word_1_304' title='bbox 946 2627 958 2677; x_wconf 89' lang='lat'><strong>;</strong></span> <span class='ocrx_word' id='word_1_305' title='bbox 984 2610 1269 2680; x_wconf 85' lang='lat' dir='ltr'>jussaque</span> <span class='ocrx_word' id='word_1_306' title='bbox 1293 2610 1451 2664; x_wconf 89' lang='lat' dir='ltr'>omni</span> <span class='ocrx_word' id='word_1_307' title='bbox 1485 2610 1703 2677; x_wconf 89' lang='lat' dir='ltr'>studio,</span> <span class='ocrx_word' id='word_1_308' title='bbox 1737 2608 2057 2676; x_wconf 83' lang='lat' dir='ltr'>alacritate,</span> 
     </span>
    </p>
   </div>
   <div class='ocr_carea' id='block_1_43' title="bbox 407 2696 2061 2769">
    <p class='ocr_par' dir='ltr' id='par_1_43' title="bbox 407 2696 2061 2769">
     <span class='ocr_line' id='line_1_43' title="bbox 407 2696 2061 2769; baseline 0 -18"><span class='ocrx_word' id='word_1_309' title='bbox 407 2699 464 2751; x_wconf 92' lang='lat' dir='ltr'>et</span> <span class='ocrx_word' id='word_1_310' title='bbox 495 2696 711 2767; x_wconf 86' lang='lat' dir='ltr'>gaudio</span> <span class='ocrx_word' id='word_1_311' title='bbox 743 2696 1091 2768; x_wconf 86' lang='lat' dir='ltr'>compleret:</span> <span class='ocrx_word' id='word_1_312' title='bbox 1129 2715 1194 2753; x_wconf 89' lang='lat' dir='ltr'>ac</span> <span class='ocrx_word' id='word_1_313' title='bbox 1229 2698 1386 2754; x_wconf 90' lang='lat' dir='ltr'>omni</span> <span class='ocrx_word' id='word_1_314' title='bbox 1446 2699 1621 2763; x_wconf 91' lang='lat' dir='ltr'>fastu,</span> <span class='ocrx_word' id='word_1_315' title='bbox 1674 2698 1949 2769; x_wconf 87' lang='lat' dir='ltr'>superbia</span> <span class='ocrx_word' id='word_1_316' title='bbox 2004 2701 2061 2751; x_wconf 81' lang='lat' dir='ltr'>et</span> 
     </span>
    </p>
   </div>
   <div class='ocr_carea' id='block_1_44' title="bbox 406 2785 2057 2842">
    <p class='ocr_par' dir='ltr' id='par_1_44' title="bbox 406 2785 2057 2842">
     <span class='ocr_line' id='line_1_44' title="bbox 406 2785 2057 2842; baseline 0 -3"><span class='ocrx_word' id='word_1_317' title='bbox 406 2785 848 2840; x_wconf 89' lang='lat' dir='ltr'>mundanarum</span> <span class='ocrx_word' id='word_1_318' title='bbox 886 2802 1079 2840; x_wconf 89' lang='lat' dir='ltr'>rerum</span> <span class='ocrx_word' id='word_1_319' title='bbox 1116 2789 1399 2841; x_wconf 90' lang='lat' dir='ltr'>memoria</span> <span class='ocrx_word' id='word_1_320' title='bbox 1430 2786 1731 2842; x_wconf 87' lang='lat' dir='ltr'>eliminata</span> <span class='ocrx_word' id='word_1_321' title='bbox 1760 2802 2057 2841; x_wconf 80' lang='lat' dir='ltr'>summam</span> 
     </span>
    </p>
   </div>
   <div class='ocr_carea' id='block_1_45' title="bbox 407 2874 2058 2945">
    <p class='ocr_par' dir='ltr' id='par_1_45' title="bbox 407 2874 2058 2945">
     <span class='ocr_line' id='line_1_45' title="bbox 407 2874 2058 2945; baseline 0.001 -18"><span class='ocrx_word' id='word_1_322' title='bbox 407 2878 700 2928; x_wconf 84' lang='lat' dir='ltr'>exerceret</span> <span class='ocrx_word' id='word_1_323' title='bbox 718 2875 1190 2945; x_wconf 86' lang='lat' dir='ltr'>temperantiam,</span> <span class='ocrx_word' id='word_1_324' title='bbox 1219 2874 2058 2941; x_wconf 88' lang='lat' dir='ltr'>obedientiam,humilitatem,</span> 
     </span>
    </p>
   </div>
   <div class='ocr_carea' id='block_1_46' title="bbox 412 2962 2061 3031">
    <p class='ocr_par' dir='ltr' id='par_1_46' title="bbox 412 2962 2061 3031">
     <span class='ocr_line' id='line_1_46' title="bbox 412 2962 2061 3031; baseline 0 -15"><span class='ocrx_word' id='word_1_325' title='bbox 412 2962 660 3017; x_wconf 89' lang='lat' dir='ltr'>fratrum</span> <span class='ocrx_word' id='word_1_326' title='bbox 693 2963 1462 3031; x_wconf 87' lang='lat' dir='ltr'>amorem,taciturnitatem,</span> <span class='ocrx_word' id='word_1_327' title='bbox 1482 2965 1827 3020; x_wconf 78' lang='lat' dir='ltr'>charitatem</span> <span class='ocrx_word' id='word_1_328' title='bbox 1850 2982 1862 3025; x_wconf 83' lang='lat'><strong>;</strong></span> <span class='ocrx_word' id='word_1_329' title='bbox 1883 2962 2061 3019; x_wconf 88' lang='lat' dir='ltr'>nihil-</span> 
     </span>
    </p>
   </div>
   <div class='ocr_carea' id='block_1_47' title="bbox 415 3050 2064 3125">
    <p class='ocr_par' dir='ltr' id='par_1_47' title="bbox 415 3050 2064 3125">
     <span class='ocr_line' id='line_1_47' title="bbox 415 3050 2064 3125; baseline 0 -19"><span class='ocrx_word' id='word_1_330' title='bbox 415 3067 529 3121; x_wconf 86' lang='lat' dir='ltr'>que</span> <span class='ocrx_word' id='word_1_331' title='bbox 547 3050 703 3106; x_wconf 86' lang='lat' dir='ltr'>aliud</span> <span class='ocrx_word' id='word_1_332' title='bbox 724 3051 1107 3124; x_wconf 87' lang='lat' dir='ltr'>cogitaret,qu</span> <span class='ocrx_word' id='word_1_333' title='bbox 1119 3070 1207 3107; x_wconf 83' lang='lat' dir='ltr'>am</span> <span class='ocrx_word' id='word_1_334' title='bbox 1222 3060 1507 3125; x_wconf 60' lang='lat' dir='ltr'>praecepta</span> <span class='ocrx_word' id='word_1_335' title='bbox 1530 3054 1866 3123; x_wconf 89' lang='lat' dir='ltr'>monitaque</span> <span class='ocrx_word' id='word_1_336' title='bbox 1880 3052 2064 3107; x_wconf 87' lang='lat' dir='ltr'>sancti</span> 
     </span>
    </p>
   </div>
   <div class='ocr_carea' id='block_1_48' title="bbox 414 3139 2062 3214">
    <p class='ocr_par' dir='ltr' id='par_1_48' title="bbox 414 3139 2062 3214">
     <span class='ocr_line' id='line_1_48' title="bbox 414 3139 2062 3214; baseline 0 -20"><span class='ocrx_word' id='word_1_337' title='bbox 414 3139 603 3194; x_wconf 79' lang='lat' dir='ltr'>Patris</span> <span class='ocrx_word' id='word_1_338' title='bbox 636 3140 967 3211; x_wconf 88' lang='lat' dir='ltr'>etepiscopi</span> <span class='ocrx_word' id='word_1_339' title='bbox 1002 3141 1328 3211; x_wconf 83' lang='lat' dir='ltr'>Athanasii,</span> <span class='ocrx_word' id='word_1_340' title='bbox 1387 3148 1442 3197; x_wconf 87' lang='lat' dir='ltr'>et</span> <span class='ocrx_word' id='word_1_341' title='bbox 1473 3159 1635 3214; x_wconf 90' lang='lat' dir='ltr'>spem</span> <span class='ocrx_word' id='word_1_342' title='bbox 1668 3144 1725 3197; x_wconf 91' lang='lat' dir='ltr'>in</span> <span class='ocrx_word' id='word_1_343' title='bbox 1766 3142 2062 3198; x_wconf 90' lang='lat' dir='ltr'>Christum</span> 
     </span>
    </p>
   </div>
   <div class='ocr_carea' id='block_1_49' title="bbox 416 3226 2062 3299">
    <p class='ocr_par' dir='ltr' id='par_1_49' title="bbox 416 3226 2062 3299">
     <span class='ocr_line' id='line_1_49' title="bbox 416 3226 2062 3299; baseline 0.001 -16"><span class='ocrx_word' id='word_1_344' title='bbox 416 3226 924 3299; x_wconf 85' lang='lat' dir='ltr'>Jesum.Nullique</span> <span class='ocrx_word' id='word_1_345' title='bbox 956 3247 1067 3285; x_wconf 88' lang='lat' dir='ltr'>non</span> <span class='ocrx_word' id='word_1_346' title='bbox 1102 3231 1263 3285; x_wconf 90' lang='lat' dir='ltr'>fratri</span> <span class='ocrx_word' id='word_1_347' title='bbox 1284 3231 1423 3286; x_wconf 88' lang='lat' dir='ltr'>utile</span> <span class='ocrx_word' id='word_1_348' title='bbox 1456 3238 1511 3287; x_wconf 92' lang='lat' dir='ltr'>et</span> <span class='ocrx_word' id='word_1_349' title='bbox 1543 3233 1905 3287; x_wconf 87' lang='lat' dir='ltr'>fructuosum</span> <span class='ocrx_word' id='word_1_350' title='bbox 1920 3233 2062 3297; x_wconf 88' lang='lat' dir='ltr'>erat,</span> 
     </span>
    </p>
   </div>
   <div class='ocr_carea' id='block_1_50' title="bbox 417 3316 2064 3386">
    <p class='ocr_par' dir='ltr' id='par_1_50' title="bbox 417 3316 2064 3386">
     <span class='ocr_line' id='line_1_50' title="bbox 417 3316 2064 3386; baseline 0.002 -17"><span class='ocrx_word' id='word_1_351' title='bbox 417 3317 573 3386; x_wconf 92' lang='lat' dir='ltr'>quod</span> <span class='ocrx_word' id='word_1_352' title='bbox 636 3316 931 3373; x_wconf 89' lang='lat' dir='ltr'>hominem</span> <span class='ocrx_word' id='word_1_353' title='bbox 988 3325 1249 3375; x_wconf 89' lang='lat' dir='ltr'>cerneret</span> <span class='ocrx_word' id='word_1_354' title='bbox 1273 3320 1409 3375; x_wconf 92' lang='lat' dir='ltr'>olim</span> <span class='ocrx_word' id='word_1_355' title='bbox 1454 3322 1509 3375; x_wconf 93' lang='lat' dir='ltr'>in</span> <span class='ocrx_word' id='word_1_356' title='bbox 1554 3322 1773 3376; x_wconf 90' lang='lat' dir='ltr'>mundo</span> <span class='ocrx_word' id='word_1_357' title='bbox 1804 3321 2064 3386; x_wconf 81' lang='lat' dir='ltr'>divitem,</span> 
     </span>
    </p>
   </div>
   <div class='ocr_carea' id='block_1_51' title="bbox 414 3406 2061 3479">
    <p class='ocr_par' dir='ltr' id='par_1_51' title="bbox 414 3406 2061 3479">
     <span class='ocr_line' id='line_1_51' title="bbox 414 3406 2061 3479; baseline 0.003 -20"><span class='ocrx_word' id='word_1_358' title='bbox 414 3406 962 3479; x_wconf 73' lang='lat' dir='ltr'>praeclarum,atque</span> <span class='ocrx_word' id='word_1_359' title='bbox 996 3410 1154 3464; x_wconf 91' lang='lat' dir='ltr'>omni</span> <span class='ocrx_word' id='word_1_360' title='bbox 1188 3411 1520 3466; x_wconf 86' lang='lat' dir='ltr'>urbanitate</span> <span class='ocrx_word' id='word_1_361' title='bbox 1552 3412 1703 3467; x_wconf 72' lang='lat'>209</span> <span class='ocrx_word' id='word_1_362' title='bbox 1729 3412 2061 3477; x_wconf 79' lang='lat' dir='ltr'>educatum,</span> 
     </span>
    </p>
   </div>
   <div class='ocr_carea' id='block_1_52' title="bbox 408 3495 2059 3570">
    <p class='ocr_par' dir='ltr' id='par_1_52' title="bbox 408 3495 2059 3570">
     <span class='ocr_line' id='line_1_52' title="bbox 408 3495 2059 3570; baseline 0.001 -21"><span class='ocrx_word' id='word_1_363' title='bbox 408 3495 536 3566; x_wconf 87' lang='lat' dir='ltr'>jam</span> <span class='ocrx_word' id='word_1_364' title='bbox 571 3511 631 3550; x_wconf 90' lang='lat' dir='ltr'>se</span> <span class='ocrx_word' id='word_1_365' title='bbox 662 3512 777 3551; x_wconf 89' lang='lat' dir='ltr'>non</span> <span class='ocrx_word' id='word_1_366' title='bbox 812 3501 1017 3568; x_wconf 92' lang='lat' dir='ltr'>putare</span> <span class='ocrx_word' id='word_1_367' title='bbox 1039 3498 1338 3554; x_wconf 90' lang='lat' dir='ltr'>hominem</span> <span class='ocrx_word' id='word_1_368' title='bbox 1359 3516 1486 3555; x_wconf 89' lang='lat' dir='ltr'>esse</span> <span class='ocrx_word' id='word_1_369' title='bbox 1519 3500 1769 3555; x_wconf 87' lang='lat' dir='ltr'>nobilem</span> <span class='ocrx_word' id='word_1_370' title='bbox 1796 3498 2059 3570; x_wconf 88' lang='lat' dir='ltr'>atqueli-</span> 
     </span>
    </p>
   </div>
   <div class='ocr_carea' id='block_1_53' title="bbox 417 3584 2065 3659">
    <p class='ocr_par' dir='ltr' id='par_1_53' title="bbox 417 3584 2065 3659">
     <span class='ocr_line' id='line_1_53' title="bbox 417 3584 2065 3659; baseline 0.002 -20"><span class='ocrx_word' id='word_1_371' title='bbox 417 3584 625 3639; x_wconf 87' lang='lat' dir='ltr'>herum</span> <span class='ocrx_word' id='word_1_372' title='bbox 656 3585 791 3651; x_wconf 89' lang='lat' dir='ltr'>;sed</span> <span class='ocrx_word' id='word_1_373' title='bbox 825 3602 957 3641; x_wconf 90' lang='lat' dir='ltr'>cum</span> <span class='ocrx_word' id='word_1_374' title='bbox 1007 3587 1164 3642; x_wconf 90' lang='lat' dir='ltr'>omni</span> <span class='ocrx_word' id='word_1_375' title='bbox 1196 3588 1414 3645; x_wconf 88' lang='lat' dir='ltr'>vilitate</span> <span class='ocrx_word' id='word_1_376' title='bbox 1474 3591 1701 3659; x_wconf 87' lang='lat' dir='ltr'>degere.</span> <span class='ocrx_word' id='word_1_377' title='bbox 1762 3589 2065 3658; x_wconf 89' lang='lat' dir='ltr'>Deumque</span> 
     </span>
    </p>
   </div>
   <div class='ocr_carea' id='block_1_54' title="bbox 419 3672 2065 3749">
    <p class='ocr_par' dir='ltr' id='par_1_54' title="bbox 419 3672 2065 3749">
     <span class='ocr_line' id='line_1_54' title="bbox 419 3672 2065 3749; baseline 0.001 -22"><span class='ocrx_word' id='word_1_378' title='bbox 419 3672 697 3728; x_wconf 83' lang='lat' dir='ltr'>laudabat</span> <span class='ocrx_word' id='word_1_379' title='bbox 719 3674 818 3745; x_wconf 90' lang='lat' dir='ltr'>qui</span> <span class='ocrx_word' id='word_1_380' title='bbox 850 3674 1018 3747; x_wconf 92' lang='lat' dir='ltr'>plura</span> <span class='ocrx_word' id='word_1_381' title='bbox 1050 3677 1309 3748; x_wconf 90' lang='lat' dir='ltr'>impertit</span> <span class='ocrx_word' id='word_1_382' title='bbox 1357 3678 1718 3745; x_wconf 88' lang='lat' dir='ltr'>hominibus,</span> <span class='ocrx_word' id='word_1_383' title='bbox 1752 3694 1926 3749; x_wconf 89' lang='lat' dir='ltr'>quam</span> <span class='ocrx_word' id='word_1_384' title='bbox 1956 3676 2065 3747; x_wconf 89' lang='lat' dir='ltr'>ipsi</span> 
     </span>
    </p>
   </div>
   <div class='ocr_carea' id='block_1_55' title="bbox 423 3762 2073 3837">
    <p class='ocr_par' dir='ltr' id='par_1_55' title="bbox 423 3762 2073 3837">
     <span class='ocr_line' id='line_1_55' title="bbox 423 3762 2073 3837; baseline 0.001 -19"><span class='ocrx_word' id='word_1_385' title='bbox 423 3766 625 3834; x_wconf 87' lang='lat' dir='ltr'>petant</span> <span class='ocrx_word' id='word_1_386' title='bbox 656 3762 740 3818; x_wconf 90' lang='lat' dir='ltr'>vel</span> <span class='ocrx_word' id='word_1_387' title='bbox 764 3764 1066 3836; x_wconf 89' lang='lat' dir='ltr'>requirant</span> <span class='ocrx_word' id='word_1_388' title='bbox 1096 3766 1167 3821; x_wconf 91' lang='lat' dir='ltr'>ab</span> <span class='ocrx_word' id='word_1_389' title='bbox 1194 3783 1280 3821; x_wconf 92' lang='lat' dir='ltr'>eo.</span> <span class='ocrx_word' id='word_1_390' title='bbox 1315 3767 1493 3830; x_wconf 89' lang='lat' dir='ltr'>Quem</span> <span class='ocrx_word' id='word_1_391' title='bbox 1530 3783 1662 3821; x_wconf 91' lang='lat' dir='ltr'>cum</span> <span class='ocrx_word' id='word_1_392' title='bbox 1695 3767 1915 3821; x_wconf 90' lang='lat' dir='ltr'>videret</span> <span class='ocrx_word' id='word_1_393' title='bbox 1934 3783 2073 3837; x_wconf 70' lang='lat' dir='ltr'>pras-</span> 
     </span>
    </p>
   </div>
   <div class='ocr_carea' id='block_1_56' title="bbox 424 3852 2075 3927">
    <p class='ocr_par' dir='ltr' id='par_1_56' title="bbox 424 3852 2075 3927">
     <span class='ocr_line' id='line_1_56' title="bbox 424 3852 2075 3927; baseline 0.002 -21"><span class='ocrx_word' id='word_1_394' title='bbox 424 3852 610 3907; x_wconf 83' lang='lat' dir='ltr'>fectus</span> <span class='ocrx_word' id='word_1_395' title='bbox 644 3854 1003 3919; x_wconf 88' lang='lat' dir='ltr'>monasterii,</span> <span class='ocrx_word' id='word_1_396' title='bbox 1038 3860 1122 3909; x_wconf 92' lang='lat' dir='ltr'>tot</span> <span class='ocrx_word' id='word_1_397' title='bbox 1152 3860 1390 3927; x_wconf 88' lang='lat' dir='ltr'>tamque</span> <span class='ocrx_word' id='word_1_398' title='bbox 1437 3856 1726 3927; x_wconf 78' lang='lat' dir='ltr'>praeclaris</span> <span class='ocrx_word' id='word_1_399' title='bbox 1758 3856 1855 3910; x_wconf 90' lang='lat' dir='ltr'>Dei</span> <span class='ocrx_word' id='word_1_400' title='bbox 1889 3856 2075 3927; x_wconf 87' lang='lat' dir='ltr'>gratia</span> 
     </span>
    </p>
   </div>
   <div class='ocr_carea' id='block_1_57' title="bbox 424 3942 2076 4017">
    <p class='ocr_par' dir='ltr' id='par_1_57' title="bbox 424 3942 2076 4017">
     <span class='ocr_line' id='line_1_57' title="bbox 424 3942 2076 4017; baseline 0.001 -19"><span class='ocrx_word' id='word_1_401' title='bbox 424 3942 642 4015; x_wconf 89' lang='lat' dir='ltr'>pollere</span> <span class='ocrx_word' id='word_1_402' title='bbox 672 3945 874 4016; x_wconf 87' lang='lat' dir='ltr'>gestis,</span> <span class='ocrx_word' id='word_1_403' title='bbox 909 3951 1083 4017; x_wconf 90' lang='lat' dir='ltr'>atque</span> <span class='ocrx_word' id='word_1_404' title='bbox 1115 3946 1274 4001; x_wconf 92' lang='lat' dir='ltr'>nulla</span> <span class='ocrx_word' id='word_1_405' title='bbox 1329 3964 1440 4003; x_wconf 92' lang='lat' dir='ltr'>non</span> <span class='ocrx_word' id='word_1_406' title='bbox 1473 3952 1746 4002; x_wconf 89' lang='lat' dir='ltr'>ornatum</span> <span class='ocrx_word' id='word_1_407' title='bbox 1805 3963 1933 4003; x_wconf 87' lang='lat' dir='ltr'>esse</span> <span class='ocrx_word' id='word_1_408' title='bbox 1964 3946 2076 4000; x_wconf 87' lang='lat' dir='ltr'>vir-</span> 
     </span>
    </p>
   </div>
   <div class='ocr_carea' id='block_1_58' title="bbox 426 4035 2077 4107">
    <p class='ocr_par' dir='ltr' id='par_1_58' title="bbox 426 4035 2077 4107">
     <span class='ocr_line' id='line_1_58' title="bbox 426 4035 2077 4107; baseline 0.002 -20"><span class='ocrx_word' id='word_1_409' title='bbox 426 4037 589 4100; x_wconf 85' lang='lat' dir='ltr'>tute;</span> <span class='ocrx_word' id='word_1_410' title='bbox 622 4035 945 4088; x_wconf 88' lang='lat' dir='ltr'>secundum</span> <span class='ocrx_word' id='word_1_411' title='bbox 982 4040 1111 4106; x_wconf 92' lang='lat' dir='ltr'>post</span> <span class='ocrx_word' id='word_1_412' title='bbox 1140 4036 1468 4105; x_wconf 80' lang='lat' dir='ltr'>ingressum</span> <span class='ocrx_word' id='word_1_413' title='bbox 1503 4054 1676 4091; x_wconf 90' lang='lat' dir='ltr'>suum</span> <span class='ocrx_word' id='word_1_414' title='bbox 1700 4036 2077 4107; x_wconf 87' lang='lat' dir='ltr'>anno,ipsum</span> 
     </span>
    </p>
   </div>
   <div class='ocr_carea' id='block_1_59' title="bbox 430 4121 2083 4196">
    <p class='ocr_par' dir='ltr' id='par_1_59' title="bbox 430 4121 2083 4196">
     <span class='ocr_line' id='line_1_59' title="bbox 430 4121 2083 4196; baseline 0.002 -21"><span class='ocrx_word' id='word_1_415' title='bbox 430 4121 736 4176; x_wconf 88' lang='lat' dir='ltr'>constituit</span> <span class='ocrx_word' id='word_1_416' title='bbox 766 4123 1102 4178; x_wconf 89' lang='lat' dir='ltr'>monasterii</span> <span class='ocrx_word' id='word_1_417' title='bbox 1133 4126 1223 4178; x_wconf 90' lang='lat' dir='ltr'>sui</span> <span class='ocrx_word' id='word_1_418' title='bbox 1256 4124 1741 4196; x_wconf 86' lang='lat' dir='ltr'>apocrisiarium;</span> <span class='ocrx_word' id='word_1_419' title='bbox 1778 4130 1841 4179; x_wconf 90' lang='lat' dir='ltr'>ut</span> <span class='ocrx_word' id='word_1_420' title='bbox 1897 4125 1955 4178; x_wconf 89' lang='lat' dir='ltr'>in</span> <span class='ocrx_word' id='word_1_421' title='bbox 1989 4141 2083 4179; x_wconf 88' lang='lat' dir='ltr'>ur-</span> 
     </span>
    </p>
   </div>
   <div class='ocr_carea' id='block_1_60' title="bbox 434 4209 2086 4285">
    <p class='ocr_par' dir='ltr' id='par_1_60' title="bbox 434 4209 2086 4285">
     <span class='ocr_line' id='line_1_60' title="bbox 434 4209 2086 4285; baseline 0.003 -22"><span class='ocrx_word' id='word_1_422' title='bbox 434 4209 565 4263; x_wconf 89' lang='lat' dir='ltr'>bem</span> <span class='ocrx_word' id='word_1_423' title='bbox 605 4226 706 4280; x_wconf 87' lang='lat' dir='ltr'>pro</span> <span class='ocrx_word' id='word_1_424' title='bbox 764 4212 1020 4281; x_wconf 86' lang='lat' dir='ltr'>qualibet</span> <span class='ocrx_word' id='word_1_425' title='bbox 1067 4215 1411 4269; x_wconf 86' lang='lat' dir='ltr'>necessitate</span> <span class='ocrx_word' id='word_1_426' title='bbox 1464 4215 1811 4279; x_wconf 86' lang='lat' dir='ltr'>concedens,</span> <span class='ocrx_word' id='word_1_427' title='bbox 1871 4229 2086 4285; x_wconf 85' lang='lat' dir='ltr'>magna</span> 
     </span>
    </p>
   </div>
   <div class='ocr_carea' id='block_1_61' title="bbox 439 4298 2085 4371">
    <p class='ocr_par' dir='ltr' id='par_1_61' title="bbox 439 4298 2085 4371">
     <span class='ocr_line' id='line_1_61' title="bbox 439 4298 2085 4371; baseline 0.003 -19"><span class='ocrx_word' id='word_1_428' title='bbox 439 4314 572 4352; x_wconf 88' lang='lat' dir='ltr'>cum</span> <span class='ocrx_word' id='word_1_429' title='bbox 606 4298 821 4369; x_wconf 84' lang='lat' dir='ltr'>pietate</span> <span class='ocrx_word' id='word_1_430' title='bbox 854 4300 1230 4371; x_wconf 88' lang='lat' dir='ltr'>ministraret,</span> <span class='ocrx_word' id='word_1_431' title='bbox 1265 4319 1439 4371; x_wconf 90' lang='lat' dir='ltr'>quam</span> <span class='ocrx_word' id='word_1_432' title='bbox 1473 4320 1594 4359; x_wconf 87' lang='lat' dir='ltr'>rem</span> <span class='ocrx_word' id='word_1_433' title='bbox 1643 4304 1849 4359; x_wconf 89' lang='lat' dir='ltr'>fratres</span> <span class='ocrx_word' id='word_1_434' title='bbox 1880 4317 2085 4358; x_wconf 88' lang='lat' dir='ltr'>omnes</span> 
     </span>
    </p>
   </div>
   <div class='ocr_carea' id='block_1_62' title="bbox 439 4390 912 4459">
    <p class='ocr_par' dir='ltr' id='par_1_62' title="bbox 439 4390 912 4459">
     <span class='ocr_line' id='line_1_62' title="bbox 439 4390 912 4459; baseline 0.006 -16"><span class='ocrx_word' id='word_1_435' title='bbox 439 4390 912 4459; x_wconf 89' lang='lat' dir='ltr'>comprobarunt.</span> 
     </span>
    </p>
   </div>
   <div class='ocr_carea' id='block_1_63' title="bbox 506 4585 2086 4657">
    <p class='ocr_par' dir='ltr' id='par_1_63' title="bbox 506 4585 2086 4657">
     <span class='ocr_line' id='line_1_63' title="bbox 506 4585 2086 4657; baseline 0.003 -21"><span class='ocrx_word' id='word_1_436' title='bbox 506 4588 717 4639; x_wconf 89' lang='lat' dir='ltr'>Servus</span> <span class='ocrx_word' id='word_1_437' title='bbox 759 4601 928 4656; x_wconf 87' lang='lat' dir='ltr'>porro</span> <span class='ocrx_word' id='word_1_438' title='bbox 967 4586 1060 4640; x_wconf 91' lang='lat' dir='ltr'>Dei</span> <span class='ocrx_word' id='word_1_439' title='bbox 1086 4585 1429 4655; x_wconf 86' lang='lat' dir='ltr'>Antiochus,</span> <span class='ocrx_word' id='word_1_440' title='bbox 1464 4601 1791 4657; x_wconf 84' lang='lat' dir='ltr'>repugnare</span> <span class='ocrx_word' id='word_1_441' title='bbox 1831 4586 2086 4651; x_wconf 89' lang='lat' dir='ltr'>nescius,</span> 
     </span>
    </p>
   </div>
   <div class='ocr_carea' id='block_1_64' title="bbox 437 4675 2089 4745">
    <p class='ocr_par' dir='ltr' id='par_1_64' title="bbox 437 4675 2089 4745">
     <span class='ocr_line' id='line_1_64' title="bbox 437 4675 2089 4745; baseline 0 -15"><span class='ocrx_word' id='word_1_442' title='bbox 437 4690 671 4730; x_wconf 86' lang='lat' dir='ltr'>summa</span> <span class='ocrx_word' id='word_1_443' title='bbox 700 4690 833 4729; x_wconf 91' lang='lat' dir='ltr'>cum</span> <span class='ocrx_word' id='word_1_444' title='bbox 870 4676 1101 4745; x_wconf 88' lang='lat' dir='ltr'>pietate,</span> <span class='ocrx_word' id='word_1_445' title='bbox 1136 4680 1199 4729; x_wconf 90' lang='lat' dir='ltr'>ut</span> <span class='ocrx_word' id='word_1_446' title='bbox 1247 4675 1317 4727; x_wconf 89' lang='lat' dir='ltr'>ab</span> <span class='ocrx_word' id='word_1_447' title='bbox 1362 4675 1546 4740; x_wconf 90' lang='lat' dir='ltr'>initio,</span> <span class='ocrx_word' id='word_1_448' title='bbox 1599 4691 1726 4729; x_wconf 89' lang='lat' dir='ltr'>eam</span> <span class='ocrx_word' id='word_1_449' title='bbox 1776 4680 2089 4730; x_wconf 84' lang='lat' dir='ltr'>exsecutus</span> 
     </span>
    </p>
   </div>
   <div class='ocr_carea' id='block_1_65' title="bbox 438 4762 2089 4833">
    <p class='ocr_par' dir='ltr' id='par_1_65' title="bbox 438 4762 2089 4833">
     <span class='ocr_line' id='line_1_65' title="bbox 438 4762 2089 4833; baseline -0.001 -16"><span class='ocrx_word' id='word_1_450' title='bbox 438 4766 527 4817; x_wconf 90' lang='lat' dir='ltr'>est</span> <span class='ocrx_word' id='word_1_451' title='bbox 555 4762 898 4818; x_wconf 71' lang='lat' dir='ltr'>obedientiaa</span> <span class='ocrx_word' id='word_1_452' title='bbox 930 4762 1115 4833; x_wconf 88' lang='lat' dir='ltr'>legem</span> <span class='ocrx_word' id='word_1_453' title='bbox 1143 4780 1155 4829; x_wconf 94' lang='lat'>;</span> <span class='ocrx_word' id='word_1_454' title='bbox 1214 4762 1621 4833; x_wconf 85' lang='lat' dir='ltr'>postulataque</span> <span class='ocrx_word' id='word_1_455' title='bbox 1680 4763 1945 4817; x_wconf 90' lang='lat' dir='ltr'>omnium</span> <span class='ocrx_word' id='word_1_456' title='bbox 1979 4763 2089 4817; x_wconf 88' lang='lat' dir='ltr'>fra-</span> 
     </span>
    </p>
   </div>
   <div class='ocr_carea' id='block_1_66' title="bbox 440 4851 2093 4918">
    <p class='ocr_par' dir='ltr' id='par_1_66' title="bbox 440 4851 2093 4918">
     <span class='ocr_line' id='line_1_66' title="bbox 440 4851 2093 4918; baseline 0.001 -13"><span class='ocrx_word' id='word_1_457' title='bbox 440 4856 597 4906; x_wconf 89' lang='lat' dir='ltr'>trum</span> <span class='ocrx_word' id='word_1_458' title='bbox 653 4851 933 4918; x_wconf 88' lang='lat' dir='ltr'>oratione,</span> <span class='ocrx_word' id='word_1_459' title='bbox 985 4852 1042 4906; x_wconf 89' lang='lat' dir='ltr'>in</span> <span class='ocrx_word' id='word_1_460' title='bbox 1093 4852 1296 4906; x_wconf 90' lang='lat' dir='ltr'>urbem</span> <span class='ocrx_word' id='word_1_461' title='bbox 1335 4851 1641 4918; x_wconf 84' lang='lat' dir='ltr'>concessit,</span> <span class='ocrx_word' id='word_1_462' title='bbox 1696 4856 1757 4905; x_wconf 92' lang='lat' dir='ltr'>ut</span> <span class='ocrx_word' id='word_1_463' title='bbox 1817 4851 2093 4907; x_wconf 89' lang='lat' dir='ltr'>omnibus</span> 
     </span>
    </p>
   </div>
   <div class='ocr_carea' id='block_1_67' title="bbox 446 4940 2093 5012">
    <p class='ocr_par' dir='ltr' id='par_1_67' title="bbox 446 4940 2093 5012">
     <span class='ocr_line' id='line_1_67' title="bbox 446 4940 2093 5012; baseline 0 -17"><span class='ocrx_word' id='word_1_464' title='bbox 446 4940 785 4995; x_wconf 89' lang='lat' dir='ltr'>monasterii</span> <span class='ocrx_word' id='word_1_465' title='bbox 820 4942 1067 5012; x_wconf 86' lang='lat' dir='ltr'>negotiis</span> <span class='ocrx_word' id='word_1_466' title='bbox 1110 4946 1353 4997; x_wconf 86' lang='lat' dir='ltr'>vacaret.</span> <span class='ocrx_word' id='word_1_467' title='bbox 1410 4942 1767 5012; x_wconf 83' lang='lat' dir='ltr'>Repertoque</span> <span class='ocrx_word' id='word_1_468' title='bbox 1824 4940 1903 4995; x_wconf 90' lang='lat' dir='ltr'>ibi</span> <span class='ocrx_word' id='word_1_469' title='bbox 1972 4941 2093 4995; x_wconf 89' lang='lat' dir='ltr'>viro</span> 
     </span>
    </p>
   </div>
   <div class='ocr_carea' id='block_1_68' title="bbox 446 5029 2093 5099">
    <p class='ocr_par' dir='ltr' id='par_1_68' title="bbox 446 5029 2093 5099">
     <span class='ocr_line' id='line_1_68' title="bbox 446 5029 2093 5099; baseline -0.001 -14"><span class='ocrx_word' id='word_1_470' title='bbox 446 5029 559 5085; x_wconf 91' lang='lat' dir='ltr'>sibi</span> <span class='ocrx_word' id='word_1_471' title='bbox 586 5029 727 5084; x_wconf 89' lang='lat' dir='ltr'>olim</span> <span class='ocrx_word' id='word_1_472' title='bbox 760 5030 969 5097; x_wconf 83' lang='lat' dir='ltr'>amico,</span> <span class='ocrx_word' id='word_1_473' title='bbox 1003 5029 1271 5085; x_wconf 64' lang='lat' dir='ltr'>Ecclesiae</span> <span class='ocrx_word' id='word_1_474' title='bbox 1318 5030 1583 5099; x_wconf 88' lang='lat' dir='ltr'>diacono,</span> <span class='ocrx_word' id='word_1_475' title='bbox 1636 5030 1725 5084; x_wconf 91' lang='lat' dir='ltr'>cui</span> <span class='ocrx_word' id='word_1_476' title='bbox 1762 5046 1971 5085; x_wconf 88' lang='lat' dir='ltr'>nomen</span> <span class='ocrx_word' id='word_1_477' title='bbox 2005 5030 2093 5084; x_wconf 91' lang='lat' dir='ltr'>Pi-</span> 
     </span>
    </p>
   </div>
   <div class='ocr_carea' id='block_1_69' title="bbox 447 5117 2096 5190">
    <p class='ocr_par' dir='ltr' id='par_1_69' title="bbox 447 5117 2096 5190">
     <span class='ocr_line' id='line_1_69' title="bbox 447 5117 2096 5190; baseline -0.001 -16"><span class='ocrx_word' id='word_1_478' title='bbox 447 5124 596 5185; x_wconf 89' lang='lat' dir='ltr'>stus,</span> <span class='ocrx_word' id='word_1_479' title='bbox 622 5120 775 5190; x_wconf 90' lang='lat' dir='ltr'>apud</span> <span class='ocrx_word' id='word_1_480' title='bbox 806 5118 972 5174; x_wconf 89' lang='lat' dir='ltr'>illum</span> <span class='ocrx_word' id='word_1_481' title='bbox 1006 5120 1575 5186; x_wconf 87' lang='lat' dir='ltr'>diversabatur,cum</span> <span class='ocrx_word' id='word_1_482' title='bbox 1597 5118 1772 5175; x_wconf 83' lang='lat' dir='ltr'>officii</span> <span class='ocrx_word' id='word_1_483' title='bbox 1805 5117 1895 5174; x_wconf 89' lang='lat' dir='ltr'>sui</span> <span class='ocrx_word' id='word_1_484' title='bbox 1920 5134 2096 5173; x_wconf 89' lang='lat' dir='ltr'>causa</span> 
     </span>
    </p>
   </div>
   <div class='ocr_carea' id='block_1_70' title="bbox 448 5209 2095 5265">
    <p class='ocr_par' dir='ltr' id='par_1_70' title="bbox 448 5209 2095 5265">
     <span class='ocr_line' id='line_1_70' title="bbox 448 5209 2095 5265; baseline -0.002 0"><span class='ocrx_word' id='word_1_485' title='bbox 448 5209 801 5265; x_wconf 79' lang='lat' dir='ltr'>concedebat</span> <span class='ocrx_word' id='word_1_486' title='bbox 832 5210 889 5264; x_wconf 90' lang='lat' dir='ltr'>in</span> <span class='ocrx_word' id='word_1_487' title='bbox 914 5210 1141 5264; x_wconf 90' lang='lat' dir='ltr'>urbem.</span> <span class='ocrx_word' id='word_1_488' title='bbox 1175 5210 1279 5264; x_wconf 90' lang='lat' dir='ltr'>Sed</span> <span class='ocrx_word' id='word_1_489' title='bbox 1315 5210 1548 5265; x_wconf 90' lang='lat' dir='ltr'>invidus</span> <span class='ocrx_word' id='word_1_490' title='bbox 1606 5210 1833 5263; x_wconf 63' lang='lat' dir='ltr'>daemon</span> <span class='ocrx_word' id='word_1_491' title='bbox 1868 5211 2095 5261; x_wconf 88' lang='lat' dir='ltr'>tantam</span> 
     </span>
    </p>
   </div>
   <div class='ocr_carea' id='block_1_71' title="bbox 444 5295 2097 5369">
    <p class='ocr_par' dir='ltr' id='par_1_71' title="bbox 444 5295 2097 5369">
     <span class='ocr_line' id='line_1_71' title="bbox 444 5295 2097 5369; baseline 0 -18"><span class='ocrx_word' id='word_1_492' title='bbox 444 5298 553 5352; x_wconf 92' lang='lat' dir='ltr'>viri</span> <span class='ocrx_word' id='word_1_493' title='bbox 581 5298 875 5353; x_wconf 88' lang='lat' dir='ltr'>solertiam</span> <span class='ocrx_word' id='word_1_494' title='bbox 898 5303 955 5351; x_wconf 90' lang='lat' dir='ltr'>et</span> <span class='ocrx_word' id='word_1_495' title='bbox 995 5298 1266 5369; x_wconf 85' lang='lat' dir='ltr'>pietatem</span> <span class='ocrx_word' id='word_1_496' title='bbox 1291 5296 1833 5369; x_wconf 88' lang='lat' dir='ltr'>conspicatus,illud</span> <span class='ocrx_word' id='word_1_497' title='bbox 1854 5295 2097 5351; x_wconf 90' lang='lat' dir='ltr'>minime</span> 
     </span>
    </p>
   </div>
   <div class='ocr_carea' id='block_1_72' title="bbox 447 5384 1987 5459">
    <p class='ocr_par' dir='ltr' id='par_1_72' title="bbox 447 5384 1987 5459">
     <span class='ocr_line' id='line_1_72' title="bbox 447 5384 1987 5459; baseline -0.001 -18"><span class='ocrx_word' id='word_1_498' title='bbox 447 5387 667 5454; x_wconf 84' lang='lat' dir='ltr'>ferens,</span> <span class='ocrx_word' id='word_1_499' title='bbox 702 5387 828 5442; x_wconf 85' lang='lat' dir='ltr'>vide</span> <span class='ocrx_word' id='word_1_500' title='bbox 854 5386 1022 5453; x_wconf 91' lang='lat' dir='ltr'>mihi,</span> <span class='ocrx_word' id='word_1_501' title='bbox 1054 5404 1272 5458; x_wconf 64' lang='lat' dir='ltr'>quaso,</span> <span class='ocrx_word' id='word_1_502' title='bbox 1308 5388 1449 5459; x_wconf 90' lang='lat' dir='ltr'>quid</span> <span class='ocrx_word' id='word_1_503' title='bbox 1486 5386 1859 5442; x_wconf 86' lang='lat' dir='ltr'>machinatus</span> <span class='ocrx_word' id='word_1_504' title='bbox 1891 5384 1987 5440; x_wconf 89' lang='lat' dir='ltr'>sit.</span> 
     </span>
    </p>
   </div>
   <div class='ocr_carea' id='block_1_73' title="bbox 526 5653 2097 5803">
    <p class='ocr_par' dir='ltr' id='par_1_73' title="bbox 526 5653 2097 5803">
     <span class='ocr_line' id='line_1_73' title="bbox 526 5653 2097 5767; baseline -0.003 -57"><span class='ocrx_word' id='word_1_505' title='bbox 526 5658 639 5767; x_wconf 49' lang='lat'>(752</span> <span class='ocrx_word' id='word_1_506' title='bbox 665 5656 810 5712; x_wconf 86' lang='lat' dir='ltr'>Vide</span> <span class='ocrx_word' id='word_1_507' title='bbox 842 5656 899 5741; x_wconf 81' lang='lat' dir='ltr'>in</span> <span class='ocrx_word' id='word_1_508' title='bbox 925 5654 1375 5720; x_wconf 76' lang='lat' dir='ltr'>0nomastico,ad</span> <span class='ocrx_word' id='word_1_509' title='bbox 1406 5669 1603 5735; x_wconf 82' lang='lat' dir='ltr'>vocem</span> <span class='ocrx_word' id='word_1_510' title='bbox 1636 5653 2097 5739; x_wconf 66' lang='grc' dir='ltr'>Ἀποκρισιάριος.</span> 
     </span>
     <span class='ocr_line' id='line_1_74' title="bbox 526 5725 2097 5803; baseline 0 -21"><span class='ocrx_word' id='word_1_511' title='bbox 526 5731 636 5803; x_wconf 80' lang='lat'>(76,</span> <span class='ocrx_word' id='word_1_512' title='bbox 670 5728 1000 5802; x_wconf 81' lang='grc' dir='ltr'>Ἀπόκρισιν.</span> <span class='ocrx_word' id='word_1_513' title='bbox 1034 5728 1249 5783; x_wconf 86' lang='lat' dir='ltr'>Eadem</span> <span class='ocrx_word' id='word_1_514' title='bbox 1281 5730 1369 5781; x_wconf 88' lang='lat' dir='ltr'>est</span> <span class='ocrx_word' id='word_1_515' title='bbox 1419 5725 1766 5797; x_wconf 77' lang='lat' dir='ltr'>signiﬁcatio</span> <span class='ocrx_word' id='word_1_516' title='bbox 1816 5742 1970 5782; x_wconf 78' lang='lat' dir='ltr'>V0018</span> <span class='ocrx_word' id='word_1_517' title='bbox 2020 5741 2097 5782; x_wconf 72' lang='lat' dir='ltr'>re-</span> 
     </span>
    </p>
   </div>
   <div class='ocr_carea' id='block_1_74' title="bbox 557 5750 636 5800">
    <p class='ocr_par' dir='ltr' id='par_1_74' title="bbox 557 5750 636 5800">
     <span class='ocr_line' id='line_1_75' title="bbox 557 5750 636 5800; baseline 0.013 -18"><span class='ocrx_word' id='word_1_518' title='bbox 557 5750 636 5800; x_wconf 76' lang='grc' dir='ltr'>ιο)</span> 
     </span>
    </p>
   </div>
   <div class='ocr_carea' id='block_1_75' title="bbox 670 5724 2101 5802">
    <p class='ocr_par' dir='ltr' id='par_1_75' title="bbox 670 5724 2101 5802">
     <span class='ocr_line' id='line_1_76' title="bbox 670 5724 2101 5802; baseline -0.001 -18"><span class='ocrx_word' id='word_1_519' title='bbox 670 5728 1000 5802; x_wconf 73' lang='grc' dir='ltr'>Ἀπόκρὲσιν.</span> <span class='ocrx_word' id='word_1_520' title='bbox 1034 5728 1249 5783; x_wconf 86' lang='lat' dir='ltr'>Eadem</span> <span class='ocrx_word' id='word_1_521' title='bbox 1281 5730 1369 5781; x_wconf 88' lang='lat' dir='ltr'>est</span> <span class='ocrx_word' id='word_1_522' title='bbox 1419 5724 1766 5797; x_wconf 83' lang='lat' dir='ltr'>signiﬁcatio</span> <span class='ocrx_word' id='word_1_523' title='bbox 1811 5724 1970 5782; x_wconf 83' lang='lat' dir='ltr'>vocis</span> <span class='ocrx_word' id='word_1_524' title='bbox 2020 5741 2101 5782; x_wconf 73' lang='lat' dir='ltr'>re-</span> 
     </span>
    </p>
   </div>
   <div class='ocr_carea' id='block_1_76' title="bbox 2164 2160 3815 2241">
    <p class='ocr_par' dir='ltr' id='par_1_76' title="bbox 2164 2160 3815 2241">
     <span class='ocr_line' id='line_1_77' title="bbox 2164 2160 3815 2241; baseline -0.004 -21"><span class='ocrx_word' id='word_1_525' title='bbox 2164 2167 2251 2221; x_wconf 88' lang='grc' dir='ltr'><strong>καὶ</strong></span> <span class='ocrx_word' id='word_1_526' title='bbox 2284 2168 2499 2241; x_wconf 81' lang='grc' dir='ltr'>Θεωρῶν</span> <span class='ocrx_word' id='word_1_527' title='bbox 2547 2166 2660 2227; x_wconf 75' lang='grc' dir='ltr'>ἑνὸς</span> <span class='ocrx_word' id='word_1_528' title='bbox 2713 2165 2940 2219; x_wconf 68' lang='grc' dir='ltr'>ἑκάστου</span> <span class='ocrx_word' id='word_1_529' title='bbox 2987 2164 3089 2232; x_wconf 77' lang='grc' dir='ltr'>τὴν</span> <span class='ocrx_word' id='word_1_530' title='bbox 3142 2160 3446 2231; x_wconf 74' lang='grc' dir='ltr'>πολιτείαν,</span> <span class='ocrx_word' id='word_1_531' title='bbox 3483 2163 3638 2233; x_wconf 80' lang='grc' dir='ltr'>ζήΑῳ</span> <span class='ocrx_word' id='word_1_532' title='bbox 3677 2180 3815 2233; x_wconf 79' lang='grc' dir='ltr'>κρα-</span> 
     </span>
    </p>
   </div>
   <div class='ocr_carea' id='block_1_77' title="bbox 2163 2248 3815 2329">
    <p class='ocr_par' dir='ltr' id='par_1_77' title="bbox 2163 2248 3815 2329">
     <span class='ocr_line' id='line_1_78' title="bbox 2163 2248 3815 2329; baseline -0.004 -20"><span class='ocrx_word' id='word_1_533' title='bbox 2163 2255 2427 2328; x_wconf 84' lang='grc' dir='ltr'>τούμενος</span> <span class='ocrx_word' id='word_1_534' title='bbox 2477 2255 2626 2329; x_wconf 86' lang='grc' dir='ltr'>κάγὼ</span> <span class='ocrx_word' id='word_1_535' title='bbox 2670 2258 2736 2326; x_wconf 77' lang='grc' dir='ltr'>τῇ</span> <span class='ocrx_word' id='word_1_536' title='bbox 2781 2257 2878 2307; x_wconf 89' lang='grc' dir='ltr'>τοῦ</span> <span class='ocrx_word' id='word_1_537' title='bbox 2935 2255 3069 2307; x_wconf 88' lang='grc' dir='ltr'>Θεοῦ</span> <span class='ocrx_word' id='word_1_538' title='bbox 3115 2253 3301 2327; x_wconf 84' lang='grc' dir='ltr'>χάριτι</span> <span class='ocrx_word' id='word_1_539' title='bbox 3338 2252 3437 2318; x_wconf 78' lang='grc' dir='ltr'>τὴν</span> <span class='ocrx_word' id='word_1_540' title='bbox 3466 2249 3631 2319; x_wconf 75' lang='grc' dir='ltr'>αὐτὴν</span> <span class='ocrx_word' id='word_1_541' title='bbox 3662 2248 3815 2319; x_wconf 79' lang='grc' dir='ltr'>πλη-</span> 
     </span>
    </p>
   </div>
   <div class='ocr_carea' id='block_1_78' title="bbox 2168 2337 3817 2420">
    <p class='ocr_par' dir='ltr' id='par_1_78' title="bbox 2168 2337 3817 2420">
     <span class='ocr_line' id='line_1_79' title="bbox 2168 2337 3817 2420; baseline -0.004 -22"><span class='ocrx_word' id='word_1_542' title='bbox 2168 2344 2327 2420; x_wconf 88' lang='grc' dir='ltr'>ρώσω</span> <span class='ocrx_word' id='word_1_543' title='bbox 2378 2343 2572 2418; x_wconf 85' lang='grc' dir='ltr'>ἀρετήν</span> <span class='ocrx_word' id='word_1_544' title='bbox 2602 2360 2617 2377; x_wconf 82' lang='grc'><strong><em>⁸</em></strong></span> <span class='ocrx_word' id='word_1_545' title='bbox 2665 2340 2795 2417; x_wconf 80' lang='grc' dir='ltr'>ὅπερ</span> <span class='ocrx_word' id='word_1_546' title='bbox 2844 2341 2933 2394; x_wconf 85' lang='grc' dir='ltr'>καὶ</span> <span class='ocrx_word' id='word_1_547' title='bbox 2979 2341 3192 2414; x_wconf 82' lang='grc' dir='ltr'>γὲγονεν</span> <span class='ocrx_word' id='word_1_548' title='bbox 3220 2359 3232 2372; x_wconf 90' lang='grc'><strong>·</strong></span> <span class='ocrx_word' id='word_1_549' title='bbox 3286 2338 3541 2403; x_wconf 80' lang='grc' dir='ltr'>εἰσελθὼν</span> <span class='ocrx_word' id='word_1_550' title='bbox 3586 2338 3687 2415; x_wconf 72' lang='grc' dir='ltr'>γὰρ</span> <span class='ocrx_word' id='word_1_551' title='bbox 3742 2337 3817 2399; x_wconf 75' lang='grc' dir='ltr'>εἷς</span> 
     </span>
    </p>
   </div>
   <div class='ocr_carea' id='block_1_79' title="bbox 2166 2424 3818 2503">
    <p class='ocr_par' dir='ltr' id='par_1_79' title="bbox 2166 2424 3818 2503">
     <span class='ocr_line' id='line_1_80' title="bbox 2166 2424 3818 2503; baseline -0.004 -15"><span class='ocrx_word' id='word_1_552' title='bbox 2166 2427 2462 2503; x_wconf 78' lang='grc' dir='ltr'>κοινόὸιον,</span> <span class='ocrx_word' id='word_1_553' title='bbox 2515 2430 2690 2491; x_wconf 74' lang='grc' dir='ltr'>οὕτως</span> <span class='ocrx_word' id='word_1_554' title='bbox 2740 2428 3175 2502; x_wconf 72' lang='grc' dir='ltr'>[ἐπολιτεύσατο]</span> <span class='ocrx_word' id='word_1_555' title='bbox 3233 2428 3365 2502; x_wconf 81' lang='grc' dir='ltr'>μετᾶ</span> <span class='ocrx_word' id='word_1_556' title='bbox 3422 2435 3521 2496; x_wconf 79' lang='grc' dir='ltr'>τῆς</span> <span class='ocrx_word' id='word_1_557' title='bbox 3580 2424 3818 2503; x_wconf 73' lang='grc' dir='ltr'>ἀδελφό-</span> 
     </span>
    </p>
   </div>
   <div class='ocr_carea' id='block_1_80' title="bbox 2165 2514 3820 2592">
    <p class='ocr_par' dir='ltr' id='par_1_80' title="bbox 2165 2514 3820 2592">
     <span class='ocr_line' id='line_1_81' title="bbox 2165 2514 3820 2592; baseline -0.004 -16"><span class='ocrx_word' id='word_1_558' title='bbox 2165 2542 2351 2592; x_wconf 85' lang='grc' dir='ltr'>τητος,</span> <span class='ocrx_word' id='word_1_559' title='bbox 2384 2521 2456 2581; x_wconf 87' lang='grc' dir='ltr'>ὡς</span> <span class='ocrx_word' id='word_1_560' title='bbox 2486 2520 2723 2592; x_wconf 88' lang='grc' dir='ltr'>νομίζειν</span> <span class='ocrx_word' id='word_1_561' title='bbox 2754 2518 2911 2573; x_wconf 86' lang='grc' dir='ltr'>αὐτὸν</span> <span class='ocrx_word' id='word_1_562' title='bbox 2967 2519 3043 2590; x_wconf 79' lang='grc' dir='ltr'>μὴ</span> <span class='ocrx_word' id='word_1_563' title='bbox 3098 2518 3231 2591; x_wconf 75' lang='grc' dir='ltr'>μετὰ</span> <span class='ocrx_word' id='word_1_564' title='bbox 3278 2516 3575 2587; x_wconf 82' lang='grc' dir='ltr'>ἀνθρώπων</span> <span class='ocrx_word' id='word_1_565' title='bbox 3620 2514 3820 2583; x_wconf 67' lang='grc' dir='ltr'>οἷκεῖν,</span> 
     </span>
    </p>
   </div>
   <div class='ocr_carea' id='block_1_81' title="bbox 2168 2604 3821 2685">
    <p class='ocr_par' dir='ltr' id='par_1_81' title="bbox 2168 2604 3821 2685">
     <span class='ocr_line' id='line_1_82' title="bbox 2168 2604 3821 2685; baseline -0.005 -19"><span class='ocrx_word' id='word_1_566' title='bbox 2168 2610 2314 2667; x_wconf 78' lang='grc' dir='ltr'>ἀλλὰ</span> <span class='ocrx_word' id='word_1_567' title='bbox 2375 2610 2509 2683; x_wconf 76' lang='grc' dir='ltr'>μετὰ</span> <span class='ocrx_word' id='word_1_568' title='bbox 2563 2606 2804 2685; x_wconf 72' lang='grc' dir='ltr'>ἀγγέλων</span> <span class='ocrx_word' id='word_1_569' title='bbox 2856 2612 3010 2679; x_wconf 89' lang='grc' dir='ltr'>Θεοῦ,</span> <span class='ocrx_word' id='word_1_570' title='bbox 3042 2606 3130 2661; x_wconf 83' lang='grc' dir='ltr'>καὶ</span> <span class='ocrx_word' id='word_1_571' title='bbox 3176 2606 3243 2661; x_wconf 79' lang='grc' dir='ltr'>τὰ.</span> <span class='ocrx_word' id='word_1_572' title='bbox 3291 2604 3618 2678; x_wconf 75' lang='grc' dir='ltr'>κελευόμενα</span> <span class='ocrx_word' id='word_1_573' title='bbox 3679 2606 3821 2677; x_wconf 74' lang='grc' dir='ltr'>μετὰ</span> 
     </span>
    </p>
   </div>
   <div class='ocr_carea' id='block_1_82' title="bbox 2169 2692 3816 2770">
    <p class='ocr_par' dir='ltr' id='par_1_82' title="bbox 2169 2692 3816 2770">
     <span class='ocr_line' id='line_1_83' title="bbox 2169 2692 3816 2770; baseline -0.004 -15"><span class='ocrx_word' id='word_1_574' title='bbox 2169 2700 2345 2769; x_wconf 88' lang='grc' dir='ltr'>πάσης</span> <span class='ocrx_word' id='word_1_575' title='bbox 2406 2696 2645 2767; x_wconf 78' lang='grc' dir='ltr'>σπουδῆς</span> <span class='ocrx_word' id='word_1_576' title='bbox 2721 2696 2810 2752; x_wconf 87' lang='grc' dir='ltr'>καὶ</span> <span class='ocrx_word' id='word_1_577' title='bbox 2879 2696 3186 2770; x_wconf 73' lang='grc' dir='ltr'>προθυμίας</span> <span class='ocrx_word' id='word_1_578' title='bbox 3245 2694 3331 2749; x_wconf 82' lang='grc' dir='ltr'>καὶ</span> <span class='ocrx_word' id='word_1_579' title='bbox 3391 2700 3561 2770; x_wconf 75' lang='grc' dir='ltr'>χαρᾶς</span> <span class='ocrx_word' id='word_1_580' title='bbox 3616 2692 3816 2749; x_wconf 72' lang='grc' dir='ltr'>ἐποίει.</span> 
     </span>
    </p>
   </div>
   <div class='ocr_carea' id='block_1_83' title="bbox 2172 2782 3817 2863">
    <p class='ocr_par' dir='ltr' id='par_1_83' title="bbox 2172 2782 3817 2863">
     <span class='ocr_line' id='line_1_84' title="bbox 2172 2782 3817 2863; baseline -0.005 -21"><span class='ocrx_word' id='word_1_581' title='bbox 2172 2788 2352 2842; x_wconf 83' lang='grc' dir='ltr'>Πάντα</span> <span class='ocrx_word' id='word_1_582' title='bbox 2380 2783 2544 2863; x_wconf 85' lang='grc' dir='ltr'>τύφον</span> <span class='ocrx_word' id='word_1_583' title='bbox 2577 2785 2665 2838; x_wconf 82' lang='grc' dir='ltr'>καὶ</span> <span class='ocrx_word' id='word_1_584' title='bbox 2718 2782 3081 2862; x_wconf 79' lang='grc' dir='ltr'>ὑπερηφανίαν</span> <span class='ocrx_word' id='word_1_585' title='bbox 3130 2782 3218 2837; x_wconf 84' lang='grc' dir='ltr'>καὶ</span> <span class='ocrx_word' id='word_1_586' title='bbox 3272 2786 3490 2855; x_wconf 80' lang='grc' dir='ltr'>μνήμην</span> <span class='ocrx_word' id='word_1_587' title='bbox 3542 2783 3817 2854; x_wconf 71' lang='grc' dir='ltr'>κοσμικὴν</span> 
     </span>
    </p>
   </div>
   <div class='ocr_carea' id='block_1_84' title="bbox 2172 2870 3824 2949">
    <p class='ocr_par' dir='ltr' id='par_1_84' title="bbox 2172 2870 3824 2949">
     <span class='ocr_line' id='line_1_85' title="bbox 2172 2870 3824 2949; baseline -0.005 -18"><span class='ocrx_word' id='word_1_588' title='bbox 2172 2872 2413 2931; x_wconf 85' lang='grc' dir='ltr'>ἐκποδὼν</span> <span class='ocrx_word' id='word_1_589' title='bbox 2471 2876 2727 2945; x_wconf 84' lang='grc' dir='ltr'>ποιήσας,</span> <span class='ocrx_word' id='word_1_590' title='bbox 2786 2879 2957 2927; x_wconf 80' lang='grc' dir='ltr'>πᾶσαν</span> <span class='ocrx_word' id='word_1_591' title='bbox 3032 2870 3187 2940; x_wconf 74' lang='grc' dir='ltr'>ἤσκει</span> <span class='ocrx_word' id='word_1_592' title='bbox 3246 2870 3622 2949; x_wconf 68' lang='grc' dir='ltr'>σωφροσύνην,</span> <span class='ocrx_word' id='word_1_593' title='bbox 3683 2871 3824 2924; x_wconf 71' lang='lat' dir='ltr'>ima-</span> 
     </span>
    </p>
   </div>
   <div class='ocr_carea' id='block_1_85' title="bbox 2171 2958 3826 3039">
    <p class='ocr_par' dir='ltr' id='par_1_85' title="bbox 2171 2958 3826 3039">
     <span class='ocr_line' id='line_1_86' title="bbox 2171 2958 3826 3039; baseline -0.005 -19"><span class='ocrx_word' id='word_1_594' title='bbox 2171 2966 2329 3033; x_wconf 78' lang='grc' dir='ltr'>κοὴν,</span> <span class='ocrx_word' id='word_1_595' title='bbox 2376 2961 2891 3038; x_wconf 76' lang='grc' dir='ltr'>ταπεινοφροσύνην,</span> <span class='ocrx_word' id='word_1_596' title='bbox 2942 2958 3323 3039; x_wconf 77' lang='grc' dir='ltr'>φιλαδελφίαν,</span> <span class='ocrx_word' id='word_1_597' title='bbox 3390 2960 3623 3027; x_wconf 74' lang='grc' dir='ltr'>σιωπὴν,</span> <span class='ocrx_word' id='word_1_598' title='bbox 3685 2958 3826 3033; x_wconf 72' lang='grc' dir='ltr'>ἁγά-</span> 
     </span>
    </p>
   </div>
   <div class='ocr_carea' id='block_1_86' title="bbox 2173 3046 3823 3124">
    <p class='ocr_par' dir='ltr' id='par_1_86' title="bbox 2173 3046 3823 3124">
     <span class='ocr_line' id='line_1_87' title="bbox 2173 3046 3823 3124; baseline -0.005 -16"><span class='ocrx_word' id='word_1_599' title='bbox 2173 3076 2305 3124; x_wconf 86' lang='grc' dir='ltr'>πην,</span> <span class='ocrx_word' id='word_1_600' title='bbox 2367 3050 2517 3107; x_wconf 70' lang='grc' dir='ltr'>οὐδὲν</span> <span class='ocrx_word' id='word_1_601' title='bbox 2575 3050 2715 3107; x_wconf 80' lang='grc' dir='ltr'>ἄλλο</span> <span class='ocrx_word' id='word_1_602' title='bbox 2785 3049 3001 3116; x_wconf 78' lang='grc' dir='ltr'>ἐννοῶν,</span> <span class='ocrx_word' id='word_1_603' title='bbox 3061 3047 3109 3103; x_wconf 78' lang='grc' dir='ltr'>εἷ’</span> <span class='ocrx_word' id='word_1_604' title='bbox 3166 3050 3241 3121; x_wconf 82' lang='grc' dir='ltr'>μὴ</span> <span class='ocrx_word' id='word_1_605' title='bbox 3300 3049 3394 3109; x_wconf 75' lang='grc' dir='ltr'>τὰς</span> <span class='ocrx_word' id='word_1_606' title='bbox 3454 3046 3672 3108; x_wconf 67' lang='grc' dir='ltr'>ἐντολὰς</span> <span class='ocrx_word' id='word_1_607' title='bbox 3728 3046 3823 3101; x_wconf 77' lang='grc' dir='ltr'>καὶ</span> 
     </span>
    </p>
   </div>
   <div class='ocr_carea' id='block_1_87' title="bbox 2172 3136 3823 3213">
    <p class='ocr_par' dir='ltr' id='par_1_87' title="bbox 2172 3136 3823 3213">
     <span class='ocr_line' id='line_1_88' title="bbox 2172 3136 3823 3213; baseline -0.005 -15"><span class='ocrx_word' id='word_1_608' title='bbox 2172 3142 2449 3203; x_wconf 76' lang='grc' dir='ltr'>νουθεσίας</span> <span class='ocrx_word' id='word_1_609' title='bbox 2500 3144 2596 3195; x_wconf 91' lang='grc' dir='ltr'>τοῦ</span> <span class='ocrx_word' id='word_1_610' title='bbox 2654 3141 2810 3213; x_wconf 82' lang='grc' dir='ltr'>ἁγίου</span> <span class='ocrx_word' id='word_1_611' title='bbox 2868 3139 3073 3213; x_wconf 86' lang='grc' dir='ltr'>πατρὸς</span> <span class='ocrx_word' id='word_1_612' title='bbox 3138 3137 3225 3191; x_wconf 83' lang='grc' dir='ltr'>καὶ</span> <span class='ocrx_word' id='word_1_613' title='bbox 3296 3136 3589 3191; x_wconf 78' lang='grc' dir='ltr'>ἐπισκόπου</span> <span class='ocrx_word' id='word_1_614' title='bbox 3652 3137 3823 3200; x_wconf 81' lang='grc' dir='ltr'>Ἀθα-</span> 
     </span>
    </p>
   </div>
   <div class='ocr_carea' id='block_1_88' title="bbox 2175 3226 3826 3300">
    <p class='ocr_par' dir='ltr' id='par_1_88' title="bbox 2175 3226 3826 3300">
     <span class='ocr_line' id='line_1_89' title="bbox 2175 3226 3826 3300; baseline -0.005 -13"><span class='ocrx_word' id='word_1_615' title='bbox 2175 3232 2361 3288; x_wconf 92' lang='grc' dir='ltr'>νασίου</span> <span class='ocrx_word' id='word_1_616' title='bbox 2417 3229 2504 3284; x_wconf 76' lang='grc' dir='ltr'>καὶ</span> <span class='ocrx_word' id='word_1_617' title='bbox 2553 3231 2654 3298; x_wconf 79' lang='grc' dir='ltr'>την</span> <span class='ocrx_word' id='word_1_618' title='bbox 2705 3226 2900 3283; x_wconf 70' lang='grc' dir='ltr'>ἐλπίδα</span> <span class='ocrx_word' id='word_1_619' title='bbox 2950 3229 3048 3296; x_wconf 72' lang='grc' dir='ltr'>τὴν</span> <span class='ocrx_word' id='word_1_620' title='bbox 3095 3226 3146 3281; x_wconf 83' lang='grc' dir='ltr'>ἐν</span> <span class='ocrx_word' id='word_1_621' title='bbox 3201 3231 3422 3300; x_wconf 81' lang='grc' dir='ltr'>Χριστῷ</span> <span class='ocrx_word' id='word_1_622' title='bbox 3471 3228 3670 3296; x_wconf 83' lang='grc' dir='ltr'>Ἰησοῦ.</span> <span class='ocrx_word' id='word_1_623' title='bbox 3721 3227 3826 3280; x_wconf 78' lang='grc' dir='ltr'>Καὶ</span> 
     </span>
    </p>
   </div>
   <div class='ocr_carea' id='block_1_89' title="bbox 2176 3311 3830 3397">
    <p class='ocr_par' dir='ltr' id='par_1_89' title="bbox 2176 3311 3830 3397">
     <span class='ocr_line' id='line_1_90' title="bbox 2176 3311 3830 3397; baseline -0.005 -21"><span class='ocrx_word' id='word_1_624' title='bbox 2176 3321 2369 3382; x_wconf 88' lang='grc' dir='ltr'>πάντες</span> <span class='ocrx_word' id='word_1_625' title='bbox 2421 3318 2734 3397; x_wconf 75' lang='grc' dir='ltr'>ὠφελοῦντο</span> <span class='ocrx_word' id='word_1_626' title='bbox 2768 3318 2819 3371; x_wconf 75' lang='grc' dir='ltr'>οἱ</span> <span class='ocrx_word' id='word_1_627' title='bbox 2868 3314 3094 3393; x_wconf 83' lang='grc' dir='ltr'>ἀδελφοὶ</span> <span class='ocrx_word' id='word_1_628' title='bbox 3154 3313 3445 3390; x_wconf 69' lang='grc' dir='ltr'>βλέποντες</span> <span class='ocrx_word' id='word_1_629' title='bbox 3502 3316 3592 3370; x_wconf 86' lang='grc' dir='ltr'>τὸν</span> <span class='ocrx_word' id='word_1_630' title='bbox 3655 3311 3830 3389; x_wconf 70' lang='grc' dir='ltr'>ἄνδρα</span> 
     </span>
    </p>
   </div>
   <div class='ocr_carea' id='block_1_90' title="bbox 2178 3401 3827 3482">
    <p class='ocr_par' dir='ltr' id='par_1_90' title="bbox 2178 3401 3827 3482">
     <span class='ocr_line' id='line_1_91' title="bbox 2178 3401 3827 3482; baseline -0.005 -17"><span class='ocrx_word' id='word_1_631' title='bbox 2178 3411 2311 3466; x_wconf 67' lang='grc' dir='ltr'>ποτε</span> <span class='ocrx_word' id='word_1_632' title='bbox 2373 3409 2465 3482; x_wconf 69' lang='grc' dir='ltr'>μὲν</span> <span class='ocrx_word' id='word_1_633' title='bbox 2518 3407 2568 3463; x_wconf 75' lang='grc' dir='ltr'>ἐν</span> <span class='ocrx_word' id='word_1_634' title='bbox 2617 3411 2698 3478; x_wconf 76' lang='grc' dir='ltr'>τῷ</span> <span class='ocrx_word' id='word_1_635' title='bbox 2747 3405 2938 3478; x_wconf 86' lang='grc' dir='ltr'>κόσμῳ</span> <span class='ocrx_word' id='word_1_636' title='bbox 2993 3403 3255 3459; x_wconf 87' lang='grc' dir='ltr'>πλούσιον</span> <span class='ocrx_word' id='word_1_637' title='bbox 3315 3404 3404 3459; x_wconf 81' lang='grc' dir='ltr'>καὶ</span> <span class='ocrx_word' id='word_1_638' title='bbox 3466 3401 3672 3474; x_wconf 76' lang='grc' dir='ltr'>ἔνδοξον</span> <span class='ocrx_word' id='word_1_639' title='bbox 3732 3403 3827 3458; x_wconf 79' lang='grc' dir='ltr'>καὶ</span> 
     </span>
    </p>
   </div>
   <div class='ocr_carea' id='block_1_91' title="bbox 2181 3489 3827 3573">
    <p class='ocr_par' dir='ltr' id='par_1_91' title="bbox 2181 3489 3827 3573">
     <span class='ocr_line' id='line_1_92' title="bbox 2181 3489 3827 3573; baseline -0.007 -19"><span class='ocrx_word' id='word_1_640' title='bbox 2181 3499 2314 3573; x_wconf 79' lang='grc' dir='ltr'>μετὰ</span> <span class='ocrx_word' id='word_1_641' title='bbox 2344 3498 2520 3567; x_wconf 89' lang='grc' dir='ltr'>πάσης</span> <span class='ocrx_word' id='word_1_642' title='bbox 2553 3494 2830 3555; x_wconf 81' lang='grc' dir='ltr'>πολιτείας</span> <span class='ocrx_word' id='word_1_643' title='bbox 2875 3492 3259 3571; x_wconf 69' lang='grc' dir='ltr'>ἀνατραφέντα,</span> <span class='ocrx_word' id='word_1_644' title='bbox 3290 3496 3375 3546; x_wconf 89' lang='grc' dir='ltr'>νῦν</span> <span class='ocrx_word' id='word_1_645' title='bbox 3425 3489 3481 3546; x_wconf 80' lang='grc' dir='ltr'>δὶ</span> <span class='ocrx_word' id='word_1_646' title='bbox 3529 3493 3603 3564; x_wconf 80' lang='grc' dir='ltr'>μὴ</span> <span class='ocrx_word' id='word_1_647' title='bbox 3658 3492 3827 3566; x_wconf 84' lang='grc' dir='ltr'>λογι-</span> 
     </span>
    </p>
   </div>
   <div class='ocr_carea' id='block_1_92' title="bbox 2178 3580 3832 3661">
    <p class='ocr_par' dir='ltr' id='par_1_92' title="bbox 2178 3580 3832 3661">
     <span class='ocr_line' id='line_1_93' title="bbox 2178 3580 3832 3661; baseline -0.006 -18"><span class='ocrx_word' id='word_1_648' title='bbox 2178 3590 2400 3661; x_wconf 79' lang='grc' dir='ltr'>ζόμενον</span> <span class='ocrx_word' id='word_1_649' title='bbox 2460 3585 2645 3640; x_wconf 72' lang='grc' dir='ltr'>ἑαυτὸν</span> <span class='ocrx_word' id='word_1_650' title='bbox 2726 3584 3008 3657; x_wconf 80' lang='grc' dir='ltr'>ἄνθρωπον</span> <span class='ocrx_word' id='word_1_651' title='bbox 3088 3580 3274 3658; x_wconf 77' lang='grc' dir='ltr'>εὐγενῆ</span> <span class='ocrx_word' id='word_1_652' title='bbox 3347 3581 3436 3635; x_wconf 83' lang='grc' dir='ltr'>καὶ</span> <span class='ocrx_word' id='word_1_653' title='bbox 3518 3580 3832 3657; x_wconf 79' lang='grc' dir='ltr'>ἐλεύθερον,</span> 
     </span>
    </p>
   </div>
   <div class='ocr_carea' id='block_1_93' title="bbox 2178 3666 3830 3741">
    <p class='ocr_par' dir='ltr' id='par_1_93' title="bbox 2178 3666 3830 3741">
     <span class='ocr_line' id='line_1_94' title="bbox 2178 3666 3830 3741; baseline -0.006 -9"><span class='ocrx_word' id='word_1_654' title='bbox 2178 3674 2322 3735; x_wconf 81' lang='grc' dir='ltr'>ἀλλὰ</span> <span class='ocrx_word' id='word_1_655' title='bbox 2384 3679 2555 3729; x_wconf 81' lang='grc' dir='ltr'>πᾶσαν</span> <span class='ocrx_word' id='word_1_656' title='bbox 2625 3671 2891 3727; x_wconf 73' lang='grc' dir='ltr'>εὐτέλειαν</span> <span class='ocrx_word' id='word_1_657' title='bbox 2953 3671 3233 3741; x_wconf 87' lang='grc' dir='ltr'>ἀσκοῦντα,</span> <span class='ocrx_word' id='word_1_658' title='bbox 3284 3668 3372 3725; x_wconf 80' lang='grc' dir='ltr'>καὶ</span> <span class='ocrx_word' id='word_1_659' title='bbox 3432 3666 3677 3740; x_wconf 77' lang='grc' dir='ltr'>ἐδόξαζον</span> <span class='ocrx_word' id='word_1_660' title='bbox 3731 3669 3830 3723; x_wconf 83' lang='grc' dir='ltr'>τὸν</span> 
     </span>
    </p>
   </div>
   <div class='ocr_carea' id='block_1_94' title="bbox 2181 3758 3829 3835">
    <p class='ocr_par' dir='ltr' id='par_1_94' title="bbox 2181 3758 3829 3835">
     <span class='ocr_line' id='line_1_95' title="bbox 2181 3758 3829 3835; baseline -0.007 -14"><span class='ocrx_word' id='word_1_661' title='bbox 2181 3767 2308 3821; x_wconf 82' lang='grc' dir='ltr'>Θεὸν</span> <span class='ocrx_word' id='word_1_662' title='bbox 2366 3766 2456 3819; x_wconf 84' lang='grc' dir='ltr'>τὸν</span> <span class='ocrx_word' id='word_1_663' title='bbox 2512 3761 2742 3816; x_wconf 87' lang='grc' dir='ltr'>πλείονα</span> <span class='ocrx_word' id='word_1_664' title='bbox 2799 3760 3162 3835; x_wconf 70' lang='grc' dir='ltr'>χαριζόμενον</span> <span class='ocrx_word' id='word_1_665' title='bbox 3208 3764 3323 3819; x_wconf 87' lang='grc' dir='ltr'>τοῖς</span> <span class='ocrx_word' id='word_1_666' title='bbox 3382 3758 3690 3832; x_wconf 78' lang='grc' dir='ltr'>ἀνθρώποις</span> <span class='ocrx_word' id='word_1_667' title='bbox 3753 3758 3829 3811; x_wconf 82' lang='grc' dir='ltr'>ὧν</span> 
     </span>
    </p>
   </div>
   <div class='ocr_carea' id='block_1_95' title="bbox 2186 3844 3837 3922">
    <p class='ocr_par' dir='ltr' id='par_1_95' title="bbox 2186 3844 3837 3922">
     <span class='ocr_line' id='line_1_96' title="bbox 2186 3844 3837 3922; baseline -0.006 -13"><span class='ocrx_word' id='word_1_668' title='bbox 2186 3855 2420 3909; x_wconf 76' lang='grc' dir='ltr'>αἶτοῦσιν</span> <span class='ocrx_word' id='word_1_669' title='bbox 2454 3850 2488 3920; x_wconf 73' lang='grc' dir='ltr'><strong>ἢ</strong></span> <span class='ocrx_word' id='word_1_670' title='bbox 2532 3854 2785 3920; x_wconf 88' lang='grc' dir='ltr'>ζητοῦσιν</span> <span class='ocrx_word' id='word_1_671' title='bbox 2813 3848 3008 3921; x_wconf 73' lang='grc' dir='ltr'>ιαύτόν.</span> <span class='ocrx_word' id='word_1_672' title='bbox 3043 3848 3247 3922; x_wconf 80' lang='grc' dir='ltr'>’Όνπερ</span> <span class='ocrx_word' id='word_1_673' title='bbox 3298 3844 3426 3900; x_wconf 76' lang='grc' dir='ltr'>ἰδὼν</span> <span class='ocrx_word' id='word_1_674' title='bbox 3462 3846 3489 3899; x_wconf 91' lang='lat'>6</span> <span class='ocrx_word' id='word_1_675' title='bbox 3519 3844 3837 3919; x_wconf 80' lang='grc' dir='ltr'>ἡγούμενος</span> 
     </span>
    </p>
   </div>
   <div class='ocr_carea' id='block_1_96' title="bbox 2185 3935 3839 4015">
    <p class='ocr_par' dir='ltr' id='par_1_96' title="bbox 2185 3935 3839 4015">
     <span class='ocr_line' id='line_1_97' title="bbox 2185 3935 3839 4015; baseline -0.005 -18"><span class='ocrx_word' id='word_1_676' title='bbox 2185 3948 2280 3997; x_wconf 90' lang='grc' dir='ltr'>τοῦ</span> <span class='ocrx_word' id='word_1_677' title='bbox 2335 3939 2700 4015; x_wconf 86' lang='grc' dir='ltr'>μοναστηρίου</span> <span class='ocrx_word' id='word_1_678' title='bbox 2748 3936 3019 3992; x_wconf 80' lang='grc' dir='ltr'>τοσούτων</span> <span class='ocrx_word' id='word_1_679' title='bbox 3070 3940 3137 4009; x_wconf 73' lang='grc' dir='ltr'>τῇ</span> <span class='ocrx_word' id='word_1_680' title='bbox 3182 3939 3278 3990; x_wconf 92' lang='grc' dir='ltr'>τοῦ</span> <span class='ocrx_word' id='word_1_681' title='bbox 3326 3938 3459 3990; x_wconf 81' lang='grc' dir='ltr'>Θεοῦ</span> <span class='ocrx_word' id='word_1_682' title='bbox 3503 3936 3688 4010; x_wconf 80' lang='grc' dir='ltr'>χάριτι</span> <span class='ocrx_word' id='word_1_683' title='bbox 3744 3935 3839 4007; x_wconf 77' lang='grc' dir='ltr'>γὲ-</span> 
     </span>
    </p>
   </div>
   <div class='ocr_carea' id='block_1_97' title="bbox 2193 4024 3840 4106">
    <p class='ocr_par' dir='ltr' id='par_1_97' title="bbox 2193 4024 3840 4106">
     <span class='ocr_line' id='line_1_98' title="bbox 2193 4024 3840 4106; baseline -0.006 -20"><span class='ocrx_word' id='word_1_684' title='bbox 2193 4052 2363 4106; x_wconf 87' lang='grc' dir='ltr'>μοντα</span> <span class='ocrx_word' id='word_1_685' title='bbox 2391 4028 2829 4104; x_wconf 88' lang='grc' dir='ltr'>κατορθωμάτων</span> <span class='ocrx_word' id='word_1_686' title='bbox 2863 4025 2950 4080; x_wconf 82' lang='grc' dir='ltr'>καὶ</span> <span class='ocrx_word' id='word_1_687' title='bbox 2983 4031 3154 4079; x_wconf 82' lang='grc' dir='ltr'>πᾶσαν</span> <span class='ocrx_word' id='word_1_688' title='bbox 3195 4024 3390 4100; x_wconf 74' lang='grc' dir='ltr'>ἀρετὴν</span> <span class='ocrx_word' id='word_1_689' title='bbox 3436 4024 3840 4097; x_wconf 74' lang='grc' dir='ltr'>ἠμφιεσμένον,</span> 
     </span>
    </p>
   </div>
   <div class='ocr_carea' id='block_1_98' title="bbox 2189 4111 3839 4194">
    <p class='ocr_par' dir='ltr' id='par_1_98' title="bbox 2189 4111 3839 4194">
     <span class='ocr_line' id='line_1_99' title="bbox 2189 4111 3839 4194; baseline -0.007 -18"><span class='ocrx_word' id='word_1_690' title='bbox 2189 4121 2267 4193; x_wconf 79' lang='grc' dir='ltr'>τῷ</span> <span class='ocrx_word' id='word_1_691' title='bbox 2319 4117 2549 4194; x_wconf 70' lang='grc' dir='ltr'>δευτέρῳ</span> <span class='ocrx_word' id='word_1_692' title='bbox 2600 4117 2826 4188; x_wconf 72' lang='grc' dir='ltr'>ἐνιαυτῷ</span> <span class='ocrx_word' id='word_1_693' title='bbox 2867 4122 2965 4183; x_wconf 83' lang='grc' dir='ltr'>τῆς</span> <span class='ocrx_word' id='word_1_694' title='bbox 3018 4111 3229 4169; x_wconf 82' lang='grc' dir='ltr'>εἴσόδου</span> <span class='ocrx_word' id='word_1_695' title='bbox 3279 4111 3463 4181; x_wconf 82' lang='grc' dir='ltr'>αὐτοῦ,</span> <span class='ocrx_word' id='word_1_696' title='bbox 3511 4112 3839 4181; x_wconf 58' lang='grc' dir='ltr'>κατεστησεῃ</span> 
     </span>
    </p>
   </div>
   <div class='ocr_carea' id='block_1_99' title="bbox 2192 4200 3843 4280">
    <p class='ocr_par' dir='ltr' id='par_1_99' title="bbox 2192 4200 3843 4280">
     <span class='ocr_line' id='line_1_100' title="bbox 2192 4200 3843 4280; baseline -0.013 -15"><span class='ocrx_word' id='word_1_697' title='bbox 2192 4210 2348 4265; x_wconf 85' lang='grc' dir='ltr'>αὐτὸν</span> <span class='ocrx_word' id='word_1_698' title='bbox 2402 4207 2811 4280; x_wconf 83' lang='grc' dir='ltr'>ἀποκρισιάριον</span> <span class='ocrx_word' id='word_1_699' title='bbox 2860 4206 2973 4277; x_wconf 85' lang='grc'>(75)</span> <span class='ocrx_word' id='word_1_700' title='bbox 3021 4209 3121 4271; x_wconf 82' lang='grc' dir='ltr'>τῆς</span> <span class='ocrx_word' id='word_1_701' title='bbox 3170 4208 3363 4275; x_wconf 85' lang='grc' dir='ltr'>μονῆς,</span> <span class='ocrx_word' id='word_1_702' title='bbox 3408 4200 3558 4262; x_wconf 82' lang='grc' dir='ltr'>ὅπως</span> <span class='ocrx_word' id='word_1_703' title='bbox 3615 4200 3843 4275; x_wconf 70' lang='grc' dir='ltr'>ἰξερχό-</span> 
     </span>
    </p>
   </div>
   <div class='ocr_carea' id='block_1_100' title="bbox 2198 4287 3846 4373">
    <p class='ocr_par' dir='ltr' id='par_1_100' title="bbox 2198 4287 3846 4373">
     <span class='ocr_line' id='line_1_101' title="bbox 2198 4287 3846 4373; baseline -0.007 -20"><span class='ocrx_word' id='word_1_704' title='bbox 2198 4318 2356 4373; x_wconf 89' lang='grc' dir='ltr'>μενος</span> <span class='ocrx_word' id='word_1_705' title='bbox 2434 4296 2521 4350; x_wconf 84' lang='grc' dir='ltr'>ἐπὶ</span> <span class='ocrx_word' id='word_1_706' title='bbox 2587 4296 2685 4363; x_wconf 78' lang='grc' dir='ltr'>τὴν</span> <span class='ocrx_word' id='word_1_707' title='bbox 2762 4290 2923 4347; x_wconf 86' lang='grc' dir='ltr'>πόλιν</span> <span class='ocrx_word' id='word_1_708' title='bbox 2990 4296 3159 4346; x_wconf 81' lang='grc' dir='ltr'>πᾶσαν</span> <span class='ocrx_word' id='word_1_709' title='bbox 3221 4289 3407 4366; x_wconf 87' lang='grc' dir='ltr'>χρείαν</span> <span class='ocrx_word' id='word_1_710' title='bbox 3475 4288 3607 4363; x_wconf 78' lang='grc' dir='ltr'>μετὰ</span> <span class='ocrx_word' id='word_1_711' title='bbox 3662 4287 3846 4360; x_wconf 86' lang='grc' dir='ltr'>πάσης</span> 
     </span>
    </p>
   </div>
   <div class='ocr_carea' id='block_1_101' title="bbox 2196 4375 3844 4456">
    <p class='ocr_par' dir='ltr' id='par_1_101' title="bbox 2196 4375 3844 4456">
     <span class='ocr_line' id='line_1_102' title="bbox 2196 4375 3844 4456; baseline -0.007 -13"><span class='ocrx_word' id='word_1_712' title='bbox 2196 4383 2477 4447; x_wconf 77' lang='grc' dir='ltr'>εὐλαϐείας</span> <span class='ocrx_word' id='word_1_713' title='bbox 2538 4382 2857 4456; x_wconf 77' lang='grc' dir='ltr'>διακονήσῃ,</span> <span class='ocrx_word' id='word_1_714' title='bbox 2891 4381 3043 4453; x_wconf 81' lang='grc' dir='ltr'>ᾧτινι</span> <span class='ocrx_word' id='word_1_715' title='bbox 3100 4379 3190 4435; x_wconf 81' lang='grc' dir='ltr'>καὶ</span> <span class='ocrx_word' id='word_1_716' title='bbox 3246 4384 3389 4434; x_wconf 81' lang='grc' dir='ltr'>πᾶσα</span> <span class='ocrx_word' id='word_1_717' title='bbox 3445 4380 3481 4448; x_wconf 76' lang='grc' dir='ltr'>ἡ</span> <span class='ocrx_word' id='word_1_718' title='bbox 3532 4375 3844 4456; x_wconf 79' lang='grc' dir='ltr'>ἀδελφότης</span> 
     </span>
    </p>
   </div>
   <div class='ocr_carea' id='block_1_102' title="bbox 2198 4476 2501 4549">
    <p class='ocr_par' dir='ltr' id='par_1_102' title="bbox 2198 4476 2501 4549">
     <span class='ocr_line' id='line_1_103' title="bbox 2198 4476 2501 4549; baseline -0.003 -18"><span class='ocrx_word' id='word_1_719' title='bbox 2198 4476 2479 4549; x_wconf 68' lang='grc' dir='ltr'>συνῄνεσεν</span> <span class='ocrx_word' id='word_1_720' title='bbox 2490 4518 2501 4530; x_wconf 92' lang='grc'><strong>.</strong></span> 
     </span>
    </p>
   </div>
   <div class='ocr_carea' id='block_1_103' title="bbox 2266 4573 3847 4651">
    <p class='ocr_par' dir='ltr' id='par_1_103' title="bbox 2266 4573 3847 4651">
     <span class='ocr_line' id='line_1_104' title="bbox 2266 4573 3847 4651; baseline -0.004 -15"><span class='ocrx_word' id='word_1_721' title='bbox 2266 4583 2328 4640; x_wconf 82' lang='grc'>⁸0</span> <span class='ocrx_word' id='word_1_722' title='bbox 2362 4579 2417 4636; x_wconf 74' lang='grc' dir='ltr'>δὲ</span> <span class='ocrx_word' id='word_1_723' title='bbox 2450 4577 2644 4641; x_wconf 89' lang='grc' dir='ltr'>δοῦλος</span> <span class='ocrx_word' id='word_1_724' title='bbox 2671 4581 2768 4633; x_wconf 84' lang='grc' dir='ltr'>τοῦ</span> <span class='ocrx_word' id='word_1_725' title='bbox 2800 4580 2933 4633; x_wconf 85' lang='grc' dir='ltr'>Θεοῦ</span> <span class='ocrx_word' id='word_1_726' title='bbox 2965 4575 3243 4651; x_wconf 82' lang='grc' dir='ltr'>Ἀντίοχος</span> <span class='ocrx_word' id='word_1_727' title='bbox 3288 4573 3587 4649; x_wconf 72' lang='grc' dir='ltr'>ἀντιλέγειν</span> <span class='ocrx_word' id='word_1_728' title='bbox 3637 4576 3715 4649; x_wconf 75' lang='grc' dir='ltr'>μὴ</span> <span class='ocrx_word' id='word_1_729' title='bbox 3768 4575 3847 4630; x_wconf 78' lang='grc' dir='ltr'>εί-</span> 
     </span>
    </p>
   </div>
   <div class='ocr_carea' id='block_1_104' title="bbox 2199 4661 3851 4743">
    <p class='ocr_par' dir='ltr' id='par_1_104' title="bbox 2199 4661 3851 4743">
     <span class='ocr_line' id='line_1_105' title="bbox 2199 4661 3851 4743; baseline -0.005 -16"><span class='ocrx_word' id='word_1_730' title='bbox 2199 4672 2329 4743; x_wconf 85' lang='grc' dir='ltr'>δὼς,</span> <span class='ocrx_word' id='word_1_731' title='bbox 2368 4670 2500 4743; x_wconf 73' lang='grc' dir='ltr'>μετὰ</span> <span class='ocrx_word' id='word_1_732' title='bbox 2528 4667 2703 4738; x_wconf 88' lang='grc' dir='ltr'>πάσης</span> <span class='ocrx_word' id='word_1_733' title='bbox 2745 4661 3045 4732; x_wconf 77' lang='grc' dir='ltr'>εὐλαϐείας,</span> <span class='ocrx_word' id='word_1_734' title='bbox 3078 4666 3153 4727; x_wconf 83' lang='grc' dir='ltr'>ὡς</span> <span class='ocrx_word' id='word_1_735' title='bbox 3200 4665 3289 4719; x_wconf 77' lang='grc' dir='ltr'>ἀπ’</span> <span class='ocrx_word' id='word_1_736' title='bbox 3343 4664 3541 4741; x_wconf 77' lang='grc' dir='ltr'>ἀρχῆς,</span> <span class='ocrx_word' id='word_1_737' title='bbox 3570 4665 3659 4719; x_wconf 80' lang='grc' dir='ltr'>καὶ</span> <span class='ocrx_word' id='word_1_738' title='bbox 3715 4664 3851 4718; x_wconf 63' lang='lat' dir='ltr'>tax-3-</span> 
     </span>
    </p>
   </div>
   <div class='ocr_carea' id='block_1_105' title="bbox 2199 4752 3855 4833">
    <p class='ocr_par' dir='ltr' id='par_1_105' title="bbox 2199 4752 3855 4833">
     <span class='ocr_line' id='line_1_106' title="bbox 2199 4752 3855 4833; baseline -0.005 -18"><span class='ocrx_word' id='word_1_739' title='bbox 2199 4784 2297 4833; x_wconf 85' lang='grc' dir='ltr'>την</span> <span class='ocrx_word' id='word_1_740' title='bbox 2339 4759 2558 4824; x_wconf 81' lang='grc' dir='ltr'>ἐποίησε</span> <span class='ocrx_word' id='word_1_741' title='bbox 2603 4757 2700 4825; x_wconf 66' lang='grc' dir='ltr'>τὴν</span> <span class='ocrx_word' id='word_1_742' title='bbox 2756 4757 3016 4825; x_wconf 76' lang='grc' dir='ltr'>ὑπακοήν·</span> <span class='ocrx_word' id='word_1_743' title='bbox 3063 4754 3152 4807; x_wconf 79' lang='grc' dir='ltr'>καὶ</span> <span class='ocrx_word' id='word_1_744' title='bbox 3198 4753 3422 4824; x_wconf 83' lang='grc' dir='ltr'>αἰτήσας</span> <span class='ocrx_word' id='word_1_745' title='bbox 3474 4752 3641 4828; x_wconf 72' lang='grc' dir='ltr'>εὐχὴν</span> <span class='ocrx_word' id='word_1_746' title='bbox 3702 4755 3855 4828; x_wconf 77' lang='grc' dir='ltr'>παρὰ.</span> 
     </span>
    </p>
   </div>
   <div class='ocr_carea' id='block_1_106' title="bbox 2202 4841 3849 4923">
    <p class='ocr_par' dir='ltr' id='par_1_106' title="bbox 2202 4841 3849 4923">
     <span class='ocr_line' id='line_1_107' title="bbox 2202 4841 3849 4923; baseline -0.005 -19"><span class='ocrx_word' id='word_1_747' title='bbox 2202 4852 2378 4920; x_wconf 84' lang='grc' dir='ltr'>πάσης</span> <span class='ocrx_word' id='word_1_748' title='bbox 2423 4854 2523 4916; x_wconf 80' lang='grc' dir='ltr'>τῆς</span> <span class='ocrx_word' id='word_1_749' title='bbox 2580 4843 2973 4923; x_wconf 77' lang='grc' dir='ltr'>ἀδελφότητος,</span> <span class='ocrx_word' id='word_1_750' title='bbox 3031 4842 3291 4918; x_wconf 78' lang='grc' dir='ltr'>ἐξήρχετο</span> <span class='ocrx_word' id='word_1_751' title='bbox 3347 4841 3538 4898; x_wconf 88' lang='grc' dir='ltr'>λοιπὸν</span> <span class='ocrx_word' id='word_1_752' title='bbox 3599 4841 3688 4896; x_wconf 73' lang='grc' dir='ltr'>ἐπὶ</span> <span class='ocrx_word' id='word_1_753' title='bbox 3743 4844 3849 4911; x_wconf 70' lang='grc' dir='ltr'>τὴν</span> 
     </span>
    </p>
   </div>
   <div class='ocr_carea' id='block_1_107' title="bbox 2202 4932 3850 5008">
    <p class='ocr_par' dir='ltr' id='par_1_107' title="bbox 2202 4932 3850 5008">
     <span class='ocr_line' id='line_1_108' title="bbox 2202 4932 3850 5008; baseline -0.004 -14"><span class='ocrx_word' id='word_1_754' title='bbox 2202 4938 2363 4995; x_wconf 85' lang='grc' dir='ltr'>πόλιν</span> <span class='ocrx_word' id='word_1_755' title='bbox 2413 4936 2487 4997; x_wconf 72' lang='grc' dir='ltr'>εἷς</span> <span class='ocrx_word' id='word_1_756' title='bbox 2542 4940 2710 4991; x_wconf 72' lang='grc' dir='ltr'>πᾶσαν</span> <span class='ocrx_word' id='word_1_757' title='bbox 2766 4932 3048 5008; x_wconf 83' lang='grc' dir='ltr'>ἀπόκρισιν</span> <span class='ocrx_word' id='word_1_758' title='bbox 3112 4933 3219 5004; x_wconf 83' lang='grc'>(76)</span> <span class='ocrx_word' id='word_1_759' title='bbox 3277 4935 3372 4985; x_wconf 87' lang='grc' dir='ltr'>τοῦ</span> <span class='ocrx_word' id='word_1_760' title='bbox 3454 4932 3850 5007; x_wconf 80' lang='grc' dir='ltr'>μοναστηρίου.</span> 
     </span>
    </p>
   </div>
   <div class='ocr_carea' id='block_1_108' title="bbox 2203 5017 3855 5102">
    <p class='ocr_par' dir='ltr' id='par_1_108' title="bbox 2203 5017 3855 5102">
     <span class='ocr_line' id='line_1_109' title="bbox 2203 5017 3855 5102; baseline -0.005 -19"><span class='ocrx_word' id='word_1_761' title='bbox 2203 5028 2390 5102; x_wconf 81' lang='grc' dir='ltr'>Εὑρὼν</span> <span class='ocrx_word' id='word_1_762' title='bbox 2426 5024 2482 5080; x_wconf 76' lang='grc' dir='ltr'>δὶ</span> <span class='ocrx_word' id='word_1_763' title='bbox 2514 5024 2588 5087; x_wconf 84' lang='grc' dir='ltr'>είς</span> <span class='ocrx_word' id='word_1_764' title='bbox 2620 5024 2720 5093; x_wconf 79' lang='grc' dir='ltr'>τήν</span> <span class='ocrx_word' id='word_1_765' title='bbox 2753 5022 2910 5078; x_wconf 85' lang='grc' dir='ltr'>πόλιν</span> <span class='ocrx_word' id='word_1_766' title='bbox 2942 5019 3101 5099; x_wconf 88' lang='grc' dir='ltr'>φίλον</span> <span class='ocrx_word' id='word_1_767' title='bbox 3152 5019 3407 5096; x_wconf 79' lang='grc' dir='ltr'>ἂρχαῖον,</span> <span class='ocrx_word' id='word_1_768' title='bbox 3439 5017 3688 5075; x_wconf 85' lang='grc' dir='ltr'>διάκανον</span> <span class='ocrx_word' id='word_1_769' title='bbox 3745 5029 3855 5090; x_wconf 78' lang='grc' dir='ltr'>τῆς</span> 
     </span>
    </p>
   </div>
   <div class='ocr_carea' id='block_1_109' title="bbox 2206 5106 3857 5186">
    <p class='ocr_par' dir='ltr' id='par_1_109' title="bbox 2206 5106 3857 5186">
     <span class='ocr_line' id='line_1_110' title="bbox 2206 5106 3857 5186; baseline -0.004 -14"><span class='ocrx_word' id='word_1_770' title='bbox 2206 5115 2551 5186; x_wconf 83' lang='grc' dir='ltr'>Ἐκκλησίας,</span> <span class='ocrx_word' id='word_1_771' title='bbox 2584 5113 2812 5185; x_wconf 83' lang='grc' dir='ltr'>ὀνόματι</span> <span class='ocrx_word' id='word_1_772' title='bbox 2870 5110 3089 5178; x_wconf 81' lang='grc' dir='ltr'>Πιστὸν,</span> <span class='ocrx_word' id='word_1_773' title='bbox 3121 5111 3245 5183; x_wconf 86' lang='grc' dir='ltr'>παρ’</span> <span class='ocrx_word' id='word_1_774' title='bbox 3300 5110 3444 5182; x_wconf 85' lang='grc' dir='ltr'>αὐτῷ</span> <span class='ocrx_word' id='word_1_775' title='bbox 3500 5106 3711 5182; x_wconf 74' lang='grc' dir='ltr'>ἔμενεν,</span> <span class='ocrx_word' id='word_1_776' title='bbox 3761 5109 3857 5165; x_wconf 73' lang='grc' dir='ltr'>ὅτε</span> 
     </span>
    </p>
   </div>
   <div class='ocr_carea' id='block_1_110' title="bbox 2204 5196 3854 5281">
    <p class='ocr_par' dir='ltr' id='par_1_110' title="bbox 2204 5196 3854 5281">
     <span class='ocr_line' id='line_1_111' title="bbox 2204 5196 3854 5281; baseline 0.005 -34"><span class='ocrx_word' id='word_1_777' title='bbox 2204 5203 2409 5281; x_wconf 60' lang='grc' dir='ltr'>ἤρχετο</span> <span class='ocrx_word' id='word_1_778' title='bbox 2468 5202 2541 5264; x_wconf 69' lang='grc' dir='ltr'>εἷς</span> <span class='ocrx_word' id='word_1_779' title='bbox 2598 5204 2696 5270; x_wconf 71' lang='grc' dir='ltr'>τὴν</span> <span class='ocrx_word' id='word_1_780' title='bbox 2757 5200 2917 5256; x_wconf 87' lang='grc' dir='ltr'>πόλιν</span> <span class='ocrx_word' id='word_1_781' title='bbox 2950 5198 3213 5276; x_wconf 83' lang='grc' dir='ltr'>προφάσει</span> <span class='ocrx_word' id='word_1_782' title='bbox 3247 5196 3540 5259; x_wconf 85' lang='grc' dir='ltr'>διακονίας.</span> <span class='ocrx_word' id='word_1_783' title='bbox 3580 5196 3726 5255; x_wconf 78' lang='grc' dir='ltr'>Ἰδὼν</span> <span class='ocrx_word' id='word_1_784' title='bbox 3756 5200 3854 5255; x_wconf 74' lang='grc' dir='ltr'>οὖν</span> 
     </span>
    </p>
   </div>
   <div class='ocr_carea' id='block_1_111' title="bbox 2205 5286 3857 5372">
    <p class='ocr_par' dir='ltr' id='par_1_111' title="bbox 2205 5286 3857 5372">
     <span class='ocr_line' id='line_1_112' title="bbox 2205 5286 3857 5372; baseline -0.004 -22"><span class='ocrx_word' id='word_1_785' title='bbox 2205 5297 2234 5350; x_wconf 86' lang='grc' dir='ltr'>ὁ</span> <span class='ocrx_word' id='word_1_786' title='bbox 2294 5293 2549 5372; x_wconf 76' lang='grc' dir='ltr'>φθονερὸς</span> <span class='ocrx_word' id='word_1_787' title='bbox 2608 5289 2817 5364; x_wconf 90' lang='grc' dir='ltr'>δαίμων</span> <span class='ocrx_word' id='word_1_788' title='bbox 2874 5290 2972 5358; x_wconf 71' lang='grc' dir='ltr'>τὴν</span> <span class='ocrx_word' id='word_1_789' title='bbox 3048 5287 3315 5357; x_wconf 72' lang='grc' dir='ltr'>τοσαύτην</span> <span class='ocrx_word' id='word_1_790' title='bbox 3395 5286 3701 5361; x_wconf 79' lang='grc' dir='ltr'>ἐπιστήμην</span> <span class='ocrx_word' id='word_1_791' title='bbox 3759 5290 3857 5344; x_wconf 78' lang='grc' dir='ltr'>καὶ</span> 
     </span>
    </p>
   </div>
   <div class='ocr_carea' id='block_1_112' title="bbox 2206 5376 3856 5458">
    <p class='ocr_par' dir='ltr' id='par_1_112' title="bbox 2206 5376 3856 5458">
     <span class='ocr_line' id='line_1_113' title="bbox 2206 5376 3856 5458; baseline -0.003 -21"><span class='ocrx_word' id='word_1_792' title='bbox 2206 5383 2400 5458; x_wconf 77' lang='grc' dir='ltr'>ἀρετὴν</span> <span class='ocrx_word' id='word_1_793' title='bbox 2446 5384 2543 5436; x_wconf 89' lang='grc' dir='ltr'>τοῦ</span> <span class='ocrx_word' id='word_1_794' title='bbox 2599 5376 2810 5455; x_wconf 83' lang='grc' dir='ltr'>ἀνδρὸς,</span> <span class='ocrx_word' id='word_1_795' title='bbox 2868 5378 2957 5432; x_wconf 82' lang='grc' dir='ltr'>καὶ</span> <span class='ocrx_word' id='word_1_796' title='bbox 3017 5378 3093 5449; x_wconf 80' lang='grc' dir='ltr'>μὴ</span> <span class='ocrx_word' id='word_1_797' title='bbox 3148 5376 3346 5455; x_wconf 65' lang='grc' dir='ltr'>φέρων,</span> <span class='ocrx_word' id='word_1_798' title='bbox 3398 5376 3496 5452; x_wconf 77' lang='grc' dir='ltr'>ὅρα</span> <span class='ocrx_word' id='word_1_799' title='bbox 3551 5377 3603 5431; x_wconf 87' lang='grc' dir='ltr'>τί</span> <span class='ocrx_word' id='word_1_800' title='bbox 3664 5398 3856 5454; x_wconf 80' lang='grc' dir='ltr'>μηχα-</span> 
     </span>
    </p>
   </div>
   <div class='ocr_carea' id='block_1_113' title="bbox 2205 5492 2379 5526">
    <p class='ocr_par' dir='ltr' id='par_1_113' title="bbox 2205 5492 2379 5526">
     <span class='ocr_line' id='line_1_114' title="bbox 2205 5492 2379 5526; baseline 0.006 -1"><span class='ocrx_word' id='word_1_801' title='bbox 2205 5492 2379 5526; x_wconf 86' lang='grc' dir='ltr'>ναται.</span> 
     </span>
    </p>
   </div>
   <div class='ocr_carea' id='block_1_114' title="bbox 2207 5643 3859 5722">
    <p class='ocr_par' dir='ltr' id='par_1_114' title="bbox 2207 5643 3859 5722">
     <span class='ocr_line' id='line_1_115' title="bbox 2207 5643 3859 5722; baseline -0.001 -15"><span class='ocrx_word' id='word_1_802' title='bbox 2207 5665 2462 5722; x_wconf 68' lang='lat' dir='ltr'>sponsum</span> <span class='ocrx_word' id='word_1_803' title='bbox 2487 5650 2642 5721; x_wconf 90' lang='lat' dir='ltr'>apud</span> <span class='ocrx_word' id='word_1_804' title='bbox 2664 5650 2933 5722; x_wconf 83' lang='lat' dir='ltr'>sanctum</span> <span class='ocrx_word' id='word_1_805' title='bbox 2951 5648 3177 5701; x_wconf 81' lang='lat' dir='ltr'>Patrem</span> <span class='ocrx_word' id='word_1_806' title='bbox 3196 5643 3594 5722; x_wconf 75' lang='lat' dir='ltr'>Benedictum,</span> <span class='ocrx_word' id='word_1_807' title='bbox 3608 5660 3736 5721; x_wconf 83' lang='lat' dir='ltr'>cap.</span> <span class='ocrx_word' id='word_1_808' title='bbox 3752 5649 3821 5705; x_wconf 78' lang='grc'><strong>51</strong></span> <span class='ocrx_word' id='word_1_809' title='bbox 3843 5669 3859 5705; x_wconf 90' lang='lat'><strong>:</strong></span> 
     </span>
    </p>
   </div>
   <div class='ocr_carea' id='block_1_115' title="bbox 2209 5716 3682 5795">
    <p class='ocr_par' dir='ltr' id='par_1_115' title="bbox 2209 5716 3682 5795">
     <span class='ocr_line' id='line_1_116' title="bbox 2209 5716 3682 5795; baseline -0.003 -17"><span class='ocrx_word' id='word_1_810' title='bbox 2209 5716 2426 5779; x_wconf 76' lang='lat' dir='ltr'>Fratres</span> <span class='ocrx_word' id='word_1_811' title='bbox 2455 5716 2550 5795; x_wconf 65' lang='lat' dir='ltr'>qui</span> <span class='ocrx_word' id='word_1_812' title='bbox 2578 5736 2677 5794; x_wconf 83' lang='lat' dir='ltr'>pro</span> <span class='ocrx_word' id='word_1_813' title='bbox 2706 5719 2896 5793; x_wconf 71' lang='lat' dir='ltr'>quovis</span> <span class='ocrx_word' id='word_1_814' title='bbox 2925 5732 3177 5790; x_wconf 65' lang='lat' dir='ltr'>responso</span> <span class='ocrx_word' id='word_1_815' title='bbox 3213 5716 3682 5789; x_wconf 54' lang='lat' dir='ltr'>proﬁciscuntur.</span> 
     </span>
    </p>
   </div>
  </div>
