4108 6210
259 306 377 365 577

251 520 530 584 πολλάκις
562 516 957 597 προσεδρέύσας
984 541 1068 581 τις
1092 519 1437 596 ἀναγνώστης
1468 520 1691 592 ὀνόματι
1718 519 1903 591 Ἀλεξ-

249 610 449 685 ανδρος
508 607 738 687 ἔφθειρε
799 608 887 663 καὶ
943 615 1043 678 τῆς
1109 608 1280 684 κόρης
1338 608 1531 684 ἐγκόου
1591 608 1904 683 γενομένης,

252 696 521 780 φοϐηθεὶς
553 700 580 753 6
612 698 964 773 ἀναγνώστης
996 699 1086 752 τὸν
1120 696 1435 767 ἐπίσκοπον,
1463 699 1550 752 καὶ
1584 699 1681 766 τὴν
1711 697 1903 771 αἰσχύ-

250 811 355 861 νην
391 791 468 863 μὴ
501 787 701 866 φέρων,
735 788 957 851 ὑπέθετο
987 791 1056 860 τῇ
1087 786 1222 863 κόρῃ
1246 789 1345 856 τὴν
1378 787 1553 841 αἰτίαν.
1594 792 1673 858 τῷ
1723 784 1782 840 δο
1798 786 1907 857 3λφ

250 885 353 934 τοῦ
385 883 520 934 Θεοῦ
552 876 823 952 Ἀντιόχῳ
854 876 1167 951 ἐπιγράψαι,
1197 877 1242 947 ᾧ
1272 877 1360 931 καὶ
1394 876 1634 930 συνέθετο
1686 878 1718 943 ἡ
1769 875 1905 949 κόρη

248 970 383 1030 τοὺς
440 968 640 1028 πάντας
703 963 845 1021 οὕτω
893 964 1336 1043 πληροφορῆσαι.
1391 966 1491 1021 Καὶ
1547 965 1661 1038 μεθ’
1700 964 1907 1038 ἡμέρας

246 1058 655 1131 τεσσαράκοντα
682 1062 784 1124 τῆς
830 1054 926 1109 τοῦ
976 1052 1195 1109 παιδίου
1239 1056 1542 1129 γεννήσεως
1573 1054 1796 1131 φανερὸν
1827 1054 1911 1127 γε·

248 1167 383 1223 γονα
413 1146 493 1216 τῷ
541 1143 822 1215 ὲπισκόπῳ
875 1143 945 1198 τὰ
997 1144 1134 1198 κατά
1178 1144 1278 1210 τήν
1330 1142 1522 1216 κόρην⁹
1552 1142 1641 1197 καὶ
1673 1162 1910 1217 προσκα-

250 1234 561 1307 λεσάμενος
589 1232 756 1300 αὐτὴν
814 1233 842 1286 6
894 1230 1182 1293 ἐπίσκοπος
1213 1230 1531 1295 ἐπυνθάνετο
1585 1230 1717 1303 μετὰ
1772 1228 1912 1285 πολ-

249 1321 362 1392 λῆς
395 1321 628 1391 ἀπειλῆς
660 1321 738 1384 τίς
774 1323 831 1375 ἂν
865 1319 949 1391 εἴη
986 1320 1013 1374 ὁ
1042 1324 1202 1375 τοῦτο
1237 1322 1575 1390 πεποιηκώς.
1609 1322 1668 1376 Ἡ
1710 1317 1766 1374 δε
1811 1320 1911 1373 ἀπ-

251 1412 450 1487 εκρίθη
486 1412 592 1466 ἀπὸ
617 1414 715 1465 τοῦ
750 1410 1080 1483 μονάζοντος
1114 1409 1430 1485 Ἀντιόχου,
1459 1409 1615 1479 καθὰ,
1650 1409 1834 1486 φησὶν,
1859 1407 1907 1462 ἑν

253 1500 520 1571 συνηθείᾳ
550 1499 661 1555 ἐστὶ
689 1504 787 1554 τοῦ
818 1495 1069 1575 ἔρχεσθαι
1119 1500 1253 1574 πρὸς
1302 1501 1469 1572 ἡμᾶς.
1518 1496 1625 1554 Καὶ
1672 1496 1915 1553 ἐπίστευ-

252 1612 348 1646 σιν
404 1592 432 1645 6
487 1589 779 1651 ἐπίσκοπος
862 1589 951 1643 καὶ
1019 1590 1214 1651 πάντες
1290 1590 1340 1643 οἱ
1398 1591 1755 1664 παρεστῶτες.
1818 1586 1914 1641 Καὶ

252 1681 485 1753 πέμψας
521 1680 657 1753 μετὰ
684 1676 901 1733 πολλοῦ
932 1679 1108 1751 θυμοῦ
1138 1678 1214 1741 εἷς
1244 1680 1307 1732 τὸ
1341 1680 1702 1752 μοναστήριον
1725 1721 1737 1733 .
1783 1720 1794 1733 .
1841 1717 1853 1729 .

251 1770 354 1824 τὸν
400 1766 601 1825 δοῦλον
644 1772 743 1823 τοῦ
794 1772 949 1824 Θεοῦ.
998 1768 1127 1831 Μεθ’
1177 1762 1381 1842 ὕϐρεως
1433 1765 1513 1840 [δὲ
1562 1765 1915 1837 εἰσελθόντες]

1263 300 1656 363 DOC'I‘RINA
1703 302 1807 361 AD
1854 300 2315 363 ANTIOCHUM
2364 302 2655 363 DUCEM.

328 436 414 491 15.
473 434 723 506 Θυγάτηρ
783 434 848 499 ἦν
906 432 1207 505 μονογενὴς
1265 436 1343 502 τῷ
1398 428 1655 503 διακόνῳ·
1706 429 1993 506 ταύτηνΑ

3553 313 3671 374 578

2100 432 2184 487 15.
2221 432 2366 488 Filia
2394 432 2637 489 diacono
2668 439 2793 489 erat
2820 436 3199 508 unica,quam
3231 455 3364 495 cum
3397 442 3670 515 frequens

2020 520 2295 576 inviseret
2326 520 2505 577 lector
2536 524 2793 593 quidam,
2822 526 3059 581 nomine
3088 525 3431 596 Alexander,
3464 533 3669 589 vitium

2016 609 2064 664 ei
2095 609 2343 665 obtulit:
2388 610 2527 665 hinc
2585 628 2716 667 cum
2752 613 2947 685 puella
2980 621 3210 670 uterum
3240 623 3513 689 gestaret,
3548 636 3670 676 me-

2016 703 2189 755 tuens
2218 699 2397 754 lector
2450 702 2706 772 episcopi
2740 704 3224 773 indignationem,
3251 723 3363 761 nec'
3389 710 3667 778 pudorem

2020 787 2233 854 ferens,
2276 788 2479 859 puellae
2513 798 2716 845 auctor
2771 792 2897 855 fuit,
2933 799 2996 847 ut
3054 794 3163 849 hoc
3220 798 3441 852 crimen
3505 815 3669 853 servo

2020 876 2121 931 Dei
2151 878 2432 933 Antiocho
2466 880 2800 947 ascriberet,
2862 884 2953 936 cui
3005 883 3310 953 pollicetur
3366 886 3559 958 puella
3610 904 3673 944 se

2020 981 2142 1019 rem
2174 968 2448 1021 omnibus
2478 967 2561 1022 ita
2592 976 2985 1025 narraturam.
3028 972 3251 1044 Elapsis
3285 978 3673 1049 quadraginta

2021 1071 2055 1109 a
2090 1057 2249 1125 pueri
2280 1061 2407 1111 ortu
2442 1057 2669 1125 diebus,
2704 1059 2973 1129 episcopo
3006 1062 3313 1117 innotuere
3352 1081 3479 1135 quas
3508 1064 3672 1137 puel-
3712 1064 3715 1069 λ

2022 1142 2137 1197 lam
2172 1146 2535 1213 spectabant.
2570 1148 2829 1201 Accitam
2887 1165 3011 1203 eam
3074 1151 3384 1223 episcopus
3426 1162 3671 1225 pereon-

2020 1232 2534 1305 taturingentibus
2568 1235 2848 1291 adhibitis
2882 1238 3080 1306 minis,
3142 1240 3274 1310 quis
3328 1248 3481 1297 esset
3529 1244 3671 1298 faci-

2026 1321 2183 1376 noris
2215 1327 2437 1377 auctor.
2475 1324 2794 1394 Respondit
2850 1326 2949 1378 illa
2999 1328 3348 1383 Antiochum
3389 1347 3517 1386 esse
3546 1347 3671 1387 mo-

2028 1410 2431 1481 nachum,qui,
2468 1412 2676 1483 inquit,
2710 1414 2985 1483 frequens
3016 1419 3166 1486 apud
3194 1435 3300 1473 nos
3323 1419 3673 1476 diversatur.

2024 1499 2282 1554 Credidit
2318 1502 2647 1572 episcopus,
2688 1508 2746 1557 et
2792 1504 2891 1574 qui
2953 1506 3194 1560 aderant
3242 1509 3522 1578 universi,
3554 1527 3681 1566 ma-

2026 1606 2257 1660 gnaque
2288 1589 2688 1661 indignatione
2721 1597 3040 1662 permotus,
3078 1596 3257 1650 mittit
3289 1597 3345 1652 in
3379 1604 3678 1656 monaste-

2028 1678 2181 1731 rium
2213 1678 2310 1748 qui
2341 1695 2572 1733 servum
2610 1680 2704 1734 Dei
2737 1680 3048 1736 adducant.
3078 1685 3363 1755 Ingressis
3396 1686 3511 1742 illis
3536 1705 3672 1745 cum

2029 1781 2094 1821 eo
2128 1767 2187 1820 in
2210 1766 2683 1837 civitatem,alius
2718 1786 2851 1824 eum
2871 1773 3227 1827 contumelia
3257 1776 3507 1843 afficere,
3535 1778 3684 1835 alius

255 1860 385 1932 μετ’
438 1856 604 1913 αὐτοῦ
654 1856 728 1919 εἷς
774 1858 873 1925 τὴν
922 1853 1111 1923 πόλιν,
1158 1855 1328 1917 ἄλλος
1365 1856 1458 1928 μὲν
1489 1851 1702 1930 ὕϐριζεν
1736 1854 1916 1926 αὑτὸν,

2053 1872 2088 1909 n
2123 1854 2291 1910 illum
2323 1826 2553 1927 spuere,
2588 1858 2817 1928 probris
2847 1858 2996 1915 alius
3046 1878 3305 1920 onerare.
3352 1826 3553 1920 Astitit
3582 1884 3683 1923 au-

252 1946 441 2008 ἄλλος
474 1946 741 2016 ὲνὲπτυεν,
773 1943 955 2021 ἕτερος
999 1942 1292 2014 ὠνείδιζεν.
1347 1944 1518 2006 Αὐτὸς
1568 1942 1625 1999 δὲ
1677 1945 1917 2019 παρέστη

249 2041 342 2106 τῷ
400 2035 704 2108 ἐπισκόπῳ.
769 2034 871 2091 Καὶ
924 2033 1216 2110 ἐρωτηθεὶς
1275 2034 1400 2108 περὶ
1460 2037 1559 2098 τῆς
1612 2032 1780 2105 κόρης
1831 2032 1919 2086 καὶ

251 2124 389 2199 περὶ
448 2129 548 2178 τοῦ
604 2122 893 2199 γεγονότος
944 2124 1087 2177 εἶπεν
1142 2123 1169 2175 ὁ
1229 2122 1536 2197 Ἀντίοχος·
1600 2122 1718 2176 Ἐὰν
1787 2119 1923 2177 ε’ίπω

252 2215 365 2281 τήν
425 2211 707 2282 ἀλήθειαν,
762 2214 797 2281 ἡ
849 2210 1077 2282 ἀλήθειά
1129 2232 1233 2284 μου
1263 2210 1317 2266 ἐν
1357 2216 1435 2283 τῷ
1466 2209 1709 2287 ὑμετέρῳ
1739 2208 1921 2284 ψεύδει

255 2301 332 2356 οὐ
367 2303 447 2373 μή
500 2302 786 2373 πιστευθῇ.
846 2300 951 2357 Καὶ
1000 2305 1348 2374 παρεστῶτος
1407 2299 1541 2355 ὅλου
1567 2303 1664 2354 τοῦ
1722 2296 1921 2373 ὄχλου,

256 2392 416 2445 εἷπεν
471 2392 506 2458 ἡ
556 2389 693 2465 κόρη
738 2390 1027 2463 κράζουσαο
1077 2388 1136 2443 Τί
1174 2384 1321 2463 ἔχεις
1355 2388 1522 2443 εἰπεῖν
1550 2436 1564 2461 ,
1598 2388 1674 2445 Οὐ
1708 2386 1924 2442 δύνασαι

253 2480 628 2553 ἀρνήσασθαι*
684 2479 788 2533 ἀπὸ
839 2482 935 2532 σοῦ
983 2477 1084 2552 γάρ
1132 2480 1442 2554 γεγέννηται
1473 2478 1536 2532 τὸ
1568 2475 1807 2531 παιδίονσ
1836 2477 1924 2531 καὶ

254 2573 319 2628 τί
376 2570 648 2646 αἱσχ·5νῃ;
700 2569 1045 2645 ὁμολόγησον
1098 2570 1127 2624 ὅ
1173 2570 1455 2640 ἐποίησας.
1510 2570 1646 2627 Τότε
1678 2571 1927 2640 στενάξας

259 2663 295 2716 ὁ
336 2658 540 2722 δοῦλος
568 2662 665 2714 τοῦ
694 2665 827 2715 Θεοῦ
857 2659 1149 2735 Ἀντίοχος
1183 2658 1348 2735 λέγει.
1384 2667 1513 2714 Δοτε
1546 2681 1637 2731 μοι
1689 2660 1752 2713 τὸ
1799 2680 1927 2713 παι-

260 2748 419 2819 δίον,
473 2749 561 2803 καὶ
616 2747 735 2819 ἴδω,
788 2748 833 2803 εἷ
882 2748 931 2819 ἐξ
987 2749 1122 2821 ἐμοῦ
1152 2748 1487 2825 γεγέννηται.
1521 2748 1618 2802 Καὶ
1651 2744 1833 2802 λαϐὼν
1864 2748 1927 2803 τὸ

260 2836 496 2895 παιδίον
568 2837 965 2912 τεσσαράκοντα
1012 2840 1233 2911 ἡμερῶν
1290 2834 1345 2891 ὄν
1403 2838 1493 2891 καὶ
1548 2839 1819 2912 κρατήσας
1874 2836 1925 2889 ἄν

268 2934 403 2989 ταῖς
458 2928 644 3002 χερσὶν
706 2926 891 2998 αὐτοῦ,
941 2927 1182 2988 ἀτενίσας
1242 2926 1318 2988 είς
1374 2928 1465 2981 τὸν
1516 2926 1761 3001 οὐρανὸν,
1816 2926 1929 2980 εἶπα

256 3021 351 3087 τῷ
409 3012 634 3087 παιδίῳ·
699 3015 784 3071 Ἐν
842 3014 1067 3087 ὀνόματι
1124 3018 1220 3069 τοῦ
1264 3014 1485 3089 Κυρίου,
1518 3014 1653 3083 sint,
1684 3011 1926 3069 παιδίον·

259 3107 363 3175 Ἐξ
395 3104 535 3177 ἰμοῦ
583 3103 867 3179 γεγένησαι
925 3104 1026 3173 σό;
1079 3103 1216 3160 Τότε
1269 3105 1369 3177 βοᾷ
1405 3104 1468 3158 τὸ
1498 3101 1712 3157 παιδίον
1742 3104 1928 3179 χάριτι

2031 1948 2149 2000 tem
2180 1943 2276 2000 ille
2295 1962 2489 2000 coram
2521 1948 2879 2019 episcopo,et
2918 1950 3307 2023 interrogatus
3348 1956 3419 2010 de
3459 1957 3674 2027 puella,

2033 2038 2089 2089 et
2117 2034 2187 2088 de
2209 2050 2346 2089 casu
2378 2034 2508 2099 isto,
2544 2036 2619 2090 ait
2664 2038 2977 2093 Antiochus
3004 2057 3015 2095 :
3045 2041 3096 2094 Si
3122 2042 3424 2098 veritatem
3462 2047 3691 2117 dixero,

2033 2123 2261 2177 veritati
2294 2140 2431 2178 mete
2465 2142 2498 2179 a
2529 2126 2831 2180 mendacio
2856 2132 3045 2183 vestro
3080 2130 3319 2187 minime
3343 2134 3486 2189 fides
3510 2135 3691 2190 habe-

2036 2211 2211 2265 bitur.
2246 2214 2336 2277 At,
2371 2218 2655 2283 praesente
2706 2219 2825 2270 tota
2858 2217 3046 2284 turba,
3098 2219 3181 2273 ait
3239 2237 3373 2275 cum
3433 2222 3685 2279 clamore

2036 2298 2438 2369 puellazouid
2463 2300 2564 2355 tibi
2614 2300 2928 2357 dicendum
2971 2307 3287 2375 superest?
3348 2325 3482 2391 non‘
3522 2314 3687 2381 potes

2036 2403 2158 2443 rem
2194 2403 2439 2459 negare:
2472 2406 2504 2443 a
2534 2394 2590 2444 te
2614 2407 2867 2460 namque
2898 2393 3129 2463 genitus
3162 2412 3306 2465 puer
3335 2402 3458 2452 est:
3494 2399 3688 2469 ecqui-

2037 2492 2171 2531 nam
2203 2475 2301 2531 ille
2333 2477 2519 2546 pudor
2539 2478 2760 2533 ?fatere
2788 2479 3091 2537 delictum.
3115 2484 3685 2558 Tuncingemiscens

2037 2582 2242 2621 servus
2276 2566 2369 2620 Dei
2401 2567 2759 2622 Antiochus:
2798 2573 2936 2623 Date
2968 2571 3132 2639 mihi,
3171 2574 3380 2644 inquit,
3414 2593 3687 2647 puerum,

2040 2660 2103 2709 ut
2126 2655 2353 2709 videam
2387 2672 2525 2710 num
2551 2674 2584 2711 a
2619 2673 2707 2711 me
2741 2657 2817 2712 sit
2863 2660 3119 2729 genitus.
3164 2665 3516 2735 Accepitque
3547 2682 3687 2737 pue-

2038 2760 2169 2797 rum
2199 2744 2298 2813 qui
2326 2744 2715 2816 quadraginta
2746 2746 2972 2800 dierum
3009 2753 3150 2812 erat,
3180 2754 3236 2803 et
3265 2767 3393 2805 cum
3433 2770 3545 2822 prae
3571 2769 3688 2808 ma-

2040 2832 2213 2887 nibus
2233 2838 2457 2887 teneret
2486 2850 2642 2900 eum,
2668 2850 2799 2888 cum
2833 2837 2902 2889 ad
2947 2836 3156 2891 omium
3189 2840 3386 2895 oculos
3417 2841 3691 2914 levasset,

2040 2922 2120 2977 ait
2145 2938 2361 2992 puero:
2400 2923 2457 2975 In
2492 2923 2729 2977 nomine
2779 2923 3009 2979 Domini
3042 2926 3219 2982 dicito
3280 2946 3445 2999 puer,
3479 2948 3620 2986 num
3654 2948 3687 2987 a

2041 3028 2132 3066 me
2162 3010 2394 3081 genitus
2425 3012 2527 3066 sis.
2559 3012 2729 3080 Tum,
2764 3030 2864 3084 per
2911 3014 3009 3069 Dei
3069 3017 3341 3086 gratiam,
3403 3020 3693 3076 exclamat

2041 3115 2185 3171 puer
2213 3116 2348 3155 voce
2380 3116 2632 3171 magna:
2666 3101 3080 3174 Nequaquam,
3116 3106 3210 3160 Dei
3271 3123 3454 3177 serve,
3507 3125 3691 3180 purus

262 3199 374 3249 τοῦ
434 3198 573 3248 Θεοῦ
625 3190 837 3267 μεγάλῃ
890 3196 957 3266 τῇ
1007 3194 1182 3269 φωνῇ’
1236 3191 1404 3267 Οὐχὶ,
1454 3190 1620 3248 δοῦλε
1646 3196 1743 3247 τοῦ
1774 3196 1928 3261 Θεοῦ,

2047 3192 2105 3243 tu
2137 3204 2199 3244 es
2228 3205 2420 3244 coram
2453 3189 2589 3244 Deo.
2611 3189 2718 3251 Qui
2750 3207 2885 3246 vero
2912 3191 3019 3247 hoc
3053 3195 3394 3251 scandalum
3428 3198 3583 3266 fecit,
3603 3201 3696 3254 est

260 3285 513 3359 καθαρὸς
546 3282 610 3337 σὺ
654 3282 886 3337 ἐνώπιον
926 3287 1025 3337 τοῦ
1072 3287 1227 3339 Θεοῦ.
1276 3284 1333 3338 Ὀ
1384 3280 1442 3337 δὲ
1487 3287 1645 3338 τοῦτο
1675 3284 1738 3338 τὸ
1769 3284 1936 3338 σκάν-

266 3372 445 3429 δαλον
478 3374 717 3443 ποιήσας
750 3368 1104 3448 Ἀλέξανδρός
1137 3370 1275 3426 ἐστιν
1325 3372 1353 3425 6
1405 3373 1775 3448 ἀναγνώστης.
1808 3371 1939 3426 Τότε

265 3465 309 3532 ἡ
348 3463 459 3535 μὲν
484 3462 647 3537 κόρη,
698 3463 1072 3531 κατανοήσασα
1112 3462 1211 3529 τὴν
1257 3466 1353 3515 τοῦ
1398 3466 1531 3516 Θεοῦ
1575 3460 1805 3535 ἔλεγξιν,
1838 3481 1940 3515 πα-

268 3559 559 3628 ραχρῆμα
590 3553 865 3605 πατσοῦσα
911 3550 1055 3626 παρὰ
1098 3549 1222 3612 τοὺς
1269 3548 1437 3612 πόδας
1466 3549 1649 3619 αὐτοῦ,
1682 3549 1941 3623 ἐξέψυξεν.

273 3642 348 3698 Ὃ
381 3638 443 3695 δὲ
475 3640 769 3701 ἐπίσκοπος
798 3639 1193 3712 ἀμνησικακίας
1215 3639 1375 3715 χάριν
1408 3642 1521 3711 (77)
1549 3640 1789 3713 ᾐτήσατο
1820 3640 1944 3713 παρ’

280 3728 479 3785 αῦτοῦ.
513 3729 577 3785 Ὁ
636 3725 695 3782 δὲ
740 3727 1108 3803 άναγνώστης,
1156 3724 1343 3781 πολλὰ
1390 3726 1589 3787 ἐπιθεὶς
1642 3728 1813 3797 ἑαυτῴ
1863 3726 1947 3779 σί-

286 3817 438 3891 δηρα
470 3817 561 3871 καὶ
592 3817 772 3891 μακρὰ
801 3817 907 3871 ἀπὸ
937 3820 1035 3881 τῆς
1083 3814 1299 3877 πόλεως
1348 3815 1621 3881 ἀπελθὼν,
1673 3815 1948 3890 ἐγκλείσας

282 3908 483 3962 ἑαυτὸν
538 3907 592 3960 ἓν
640 3903 851 3977 κελλίῳ
902 3910 1084 3979 μικρῷ
1134 3902 1235 3967 ἕως
1283 3912 1385 3974 τῆς
1414 3904 1671 3974 τελευτῆς
1702 3905 1865 3958 αὐτοῦ
1896 3903 1945 3957 ἐν

281 3998 358 4067 τῇ
393 3993 681 4068 μετανοίᾳ,
710 3992 919 4049 τέλειον
965 3999 1043 4066 τῷ
1074 4000 1189 4066 Θιῷ
1240 3991 1493 4049 ἀπεδίδου
1539 3996 1639 4064 τὴν
1684 3994 1947 4066 ἐξομολό-

2046 3277 2367 3333 Alexander
2397 3277 2593 3333 lector.
2627 3279 2789 3334 Tunc
2820 3280 3033 3351 puella,
3061 3287 3123 3337 ut
3172 3300 3235 3339 se
3284 3302 3318 3340 a
3348 3286 3463 3343 Deo
3498 3288 3694 3343 convi-

2050 3370 2203 3422 ctam
2235 3367 2666 3429 animadvertit,
2692 3379 2926 3440 repente
2960 3372 3233 3443 prolapsa
3262 3375 3332 3429 ad
3364 3377 3540 3447 pedes
3572 3378 3699 3448 ejus

2051 3456 2383 3526 exspiravit.
2418 3456 2777 3528 Rogavitque
2805 3457 2972 3513 illum
3008 3462 3319 3534 episcopus
3378 3469 3442 3519 ut
3470 3466 3700 3536 injuriis

2055 3545 2394 3600 memoriam
2456 3547 2785 3615 deponeret.
2822 3549 3019 3603 Lector
3061 3555 3254 3606 autem
3288 3553 3490 3609 multis
3519 3556 3711 3625 gravi-

2057 3636 2281 3704 busque
2311 3634 2420 3689 sibi
2455 3634 2748 3705 impositis
2776 3637 3163 3703 ferramentis,
3222 3658 3289 3695 ex
3334 3642 3475 3696 urbe
3506 3659 3699 3715 egres-

2057 3741 2180 3791 sus,
2206 3724 2261 3777 in
2300 3741 2473 3794 parva
2505 3741 2634 3779 sese
2655 3724 2862 3779 cellula
2894 3726 3152 3791 inclusit,
3185 3729 3284 3783 ubi
3326 3731 3397 3784 ad
3448 3736 3698 3787 mortem

2059 3830 2243 3883 usque
2278 3813 2676 3884 paenitentiam
2726 3830 2925 3885 agens,
2960 3817 3271 3885 perfectam
3304 3823 3417 3873 Deo
3454 3820 3713 3875 reddidit

2060 3902 2505 3971 confessionem,
2557 3903 2744 3974 gratia
2777 3904 3004 3959 Domini
3040 3907 3221 3961 nostri
3280 3907 3419 3962 Jesu
3472 3910 3711 3981 Christi,

2062 3993 2147 4046 cui
2181 3990 2366 4062 gloria
2394 3990 2453 4044 in
2491 3991 2724 4046 saecula.
2756 3994 2963 4048 Amen.

292 4106 466 4159 γησιν
499 4084 688 4159 χάριτι
716 4088 812 4137 τοῦ
842 4083 1039 4158 Κυρίου
1070 4086 1228 4154 ἡμῶν
1264 4083 1441 4153 Ἰησοῦ
1473 4087 1732 4155 Χριστοῦ,
1765 4084 1810 4155 ᾧ
1840 4085 1874 4151 ἡ
1904 4079 2030 4151 δόξα
2061 4077 2132 4139 εἷς
2161 4076 2286 4139 τοὺς
2316 4076 2535 4139 αἰῶνας.
2575 4080 2772 4150 Ἀμήν.

372 4177 460 4231 16.
499 4173 597 4227 Καὶ
648 4171 1087 4248 ἐπανερχομὲνου
1119 4170 1282 4227 αὐτοῦ
1340 4172 1415 4233 είς
1445 4173 1508 4227 τὸ
1565 4173 1952 4246 μοναστήριον,
1988 4175 2033 4239 D

296 4261 463 4337 ἐγγὺς
520 4268 620 4329 τῆς
670 4260 852 4330 πύλης
899 4265 998 4326 τῆς
1046 4259 1262 4322 πόλεως
1314 4260 1817 4337 προσπίπτειαύτῷ
1872 4281 1957 4320 τις

289 4352 565 4423 νεώτερος
619 4355 930 4424 γονυπετῶν
1005 4349 1096 4404 καὶ
1170 4349 1365 4424 λέγων·
1420 4348 1590 4404 Δοῦλε
1644 4354 1741 4404 τοῦ
1799 4352 1955 4419 Θεοῦ,

294 4437 671 4514 συγχώρησόν
723 4459 837 4509 μοι,
888 4440 971 4493 ὃτι
1017 4437 1275 4493 ἐνέπτυσα
1317 4437 1391 4499 εἰς
1420 4440 1481 4492 τὸ
1513 4437 1802 4512 πρόσωπόν
1838 4459 1954 4509 σου,

292 4526 595 4587 πιστῶς-ας
641 4530 708 4599 τῇ
762 4526 952 4599 ἀνόμῳ
1004 4526 1141 4603 κόρῃ
1190 4526 1362 4601 ἐκείνῃ
1403 4527 1527 4603 περὶ
1556 4531 1664 4581 τῶν
1698 4528 1831 4581 κατά
1862 4548 1956 4581 σου

296 4614 637 4691 λεχθέντων,
690 4616 779 4671 καὶ
825 4615 1066 4685 νηπενόω
1114 4612 1289 4670 ἕνεκεν
1340 4620 1440 4681 τῆς
1486 4616 1705 4688 τόλμης
1733 4615 1955 4687 ταύτης,

295 4705 391 4759 καὶ
454 4703 757 4779 παρακαλῶ
812 4705 901 4759 τὸν
961 4704 1179 4782 Κύριον.
1238 4706 1297 4762 Ὁ
1346 4702 1402 4759 δὲ
1452 4702 1650 4766 δοῦλος
1696 4709 1792 4758 τοῦ
1825 4708 1957 4759 Θεοῦ

293 4794 595 4869 Ἀντίοχος
656 4794 799 4869 λέγει
864 4796 1028 4867 αὐτῷ’
1080 4796 1168 4863 Μὴ
1229 4794 1386 4850 κλαῖε
1441 4796 1564 4870 περὶ
1624 4794 1757 4866 ἐμοῦ
1820 4792 1960 4867 μηδὲ

296 4884 549 4952 νήστευε·
606 4882 748 4938 ἀλλὰ
798 4881 955 4937 κλαῖε
1002 4884 1090 4938 καὶ
1142 4887 1366 4955 νήστευε
1418 4880 1506 4937 διὰ
1548 4884 1609 4938 τὸ
1656 4883 1872 4956 ἱμάτιον
1931 4883 1961 4937 6'

296 4968 539 5045 ἔκλεψας
596 4978 699 5040 τῆς
754 4973 1006 5047 γυναικὸς
1061 4980 1160 5041 τῆς
1209 4975 1386 5049 χήρας
1431 4972 1519 5026 καὶ
1564 4979 1795 5047 πτωχῆς
1853 4972 1959 5045 πρὸ

298 5065 475 5133 τριῶν
524 5063 769 5134 ἡμερῶν⁸
820 5061 908 5116 καὶ
960 5062 1021 5116 σὺ
1073 5058 1213 5137 ἔχων
1266 5062 1424 5117 πέντε
1473 5062 1664 5133 ἱμάτια
1691 5062 1754 5115 τὸ
1781 5057 1834 5116 ἓν
1864 5068 1960 5130 τῆς

302 5152 491 5224 χήρας
525 5147 779 5225 ἔκλεψας.
813 5150 945 5205 Τότε
974 5152 1001 5203 ὁ
1044 5152 1323 5225 νεώτερος,
1372 5149 1654 5226 ἐλεγχθεὶς
1704 5149 1793 5203 καὶ
1840 5150 1958 5227 φρί-

303 5240 398 5309 ξας
459 5239 549 5292 καὶ
604 5239 882 5313 θαυμάσας
930 5244 1045 5302 πῶς
1097 5241 1316 5315 φανερὸν
1364 5240 1579 5315 γέγονεν
1623 5238 1652 5293 ὅ
1700 5237 1750 5292 ἐν
1780 5243 1959 5316 κρυφῇ

302 5328 395 5382 καὶ
433 5327 600 5404 ὲπὲρᾳ
639 5324 831 5401 ἔπραξε
891 5329 1076 5401 μόνος,
1126 5329 1419 5404 ἀπέρχεται
1466 5328 1680 5403 τρέμων
1731 5327 1820 5381 καὶ
1870 5326 1962 5405 (ρὲ-

304 5438 387 5493 ρει
434 5418 502 5471 τὰ
554 5414 668 5472 ἴδια
724 5416 881 5472 πέντε
929 5418 1120 5491 ἱμάτια
1170 5417 1256 5472 καὶ
1307 5418 1369 5471 τὸ
1399 5415 1451 5471 ἓν
1482 5424 1580 5487 τῆς
1614 5418 1814 5492 χήρας,
1872 5416 1961 5470 καὶ

2137 4170 2219 4223 16.
2271 4170 2337 4222 Et
2395 4185 2527 4223 cum
2582 4171 2924 4240 remigraret
2982 4172 3075 4227 ille
3132 4175 3204 4228 ad
3263 4176 3707 4247 monasterium,

2068 4274 2244 4329 prope
2276 4258 2439 4311 urbis
2466 4264 2711 4328 portam,
2736 4259 3072 4317 adolescens
3095 4263 3332 4333 quidam
3358 4264 3607 4334 procidit
3636 4266 3707 4320 ad

2068 4363 2260 4419 genua
2287 4346 2415 4415 ejus
2448 4345 2568 4400 haec
2600 4348 2883 4403 dicendo:
2918 4351 3086 4405 Serve
3136 4352 3257 4417 Dei,
3297 4354 3519 4408 veniam
3574 4353 3721 4409 mihi

2067 4436 2385 4505 concedite,
2419 4437 2575 4506 quod
2611 4436 2665 4489 in
2694 4436 2898 4492 faciem
2930 4443 3091 4493 tuam
3113 4442 3720 4514 conspuerim,puellaa

2066 4525 2281 4596 iniquas
2313 4529 2369 4579 te
2402 4525 2702 4580 accusanti
2733 4526 2904 4580 dictis
2940 4528 3111 4582 {idem
3146 4529 3407 4598 habens;
3443 4532 3613 4602 cujus
3636 4532 3721 4588 fa-

2068 4614 2281 4669 cinoris
2313 4630 2492 4669 causa
2514 4614 2719 4683 jejuno
2752 4620 2808 4669 et
2839 4616 3154 4671 Dominum
3189 4618 3564 4689 deprecor.At
3595 4637 3717 4677 ser-

2067 4720 2172 4758 vus
2194 4705 2285 4757 Dei
2319 4702 2638 4759 Antiochus
2668 4703 2748 4758 ait
2779 4702 2897 4758 illi:
2931 4705 3035 4759 Mei
3070 4722 3247 4761 causa
3306 4725 3377 4763 ne
3434 4712 3572 4764 ﬂeas
3627 4708 3719 4765 vel

2064 4794 2334 4863 jejunes;
2369 4794 2464 4847 sed
2486 4793 2615 4846 fleto
2646 4796 2702 4846 et
2722 4793 3010 4863 jejunato,
3036 4798 3105 4849 ob
3129 4794 3541 4853 vestimentum
3562 4799 3717 4869 quod

2071 4886 2203 4936 ante
2260 4886 2378 4935 tres
2429 4881 2550 4934 dies
2612 4883 2838 4935 furatus
2892 4898 2953 4936 es
3014 4883 3242 4938 mulieri
3301 4885 3486 4939 viduas
3545 4892 3721 4959 atque

2070 4986 2283 5042 egena).
2344 4972 2608 5039 Cumque
2664 4970 2769 5024 tibi
2828 4972 3089 5041 quinque
3121 4978 3319 5027 essent
3348 4976 3719 5048 vestimenta,

2071 5078 2253 5116 unum
2286 5060 2427 5114 illud
2482 5062 2666 5115 viduae
2726 5061 3094 5133 subripuisti.
3149 5065 3303 5120 210
3333 5065 3492 5121 Tunc
3526 5067 3720 5123 adole-

2072 5166 2239 5205 scens
2261 5150 2585 5215 convictus,
2618 5166 2680 5204 ac
2717 5157 2927 5204 terrore
2972 5158 3296 5224 correptus,
3331 5156 3719 5229 miratusque,

2072 5256 2186 5311 quo
2220 5244 2389 5310 pacto
2422 5238 2611 5309 palam
2638 5239 2695 5293 id
2725 5245 2898 5301 esset.
2923 5242 3076 5312 quod
3105 5243 3253 5298 clam
3280 5243 3374 5299 ille
3396 5250 3450 5300 et
3478 5263 3718 5317 vespere

2073 5328 2232 5383 solus
2265 5327 2635 5394 admisisset;
2669 5327 2931 5383 abscedit
2964 5334 3241 5398 tremens,
3293 5332 3576 5407 aﬁertque
3608 5353 3718 5392 sua

2073 5416 2331 5489 quinque
2342 5418 2711 5487 vestimenta,
2732 5434 2865 5472 cum
2890 5416 2987 5474 illo
3002 5420 3072 5474 ad
3090 5420 3323 5478 viduam
3347 5424 3673 5495 pertinente
3698 5443 3712 5496 ;

382 5634 496 5707 (77)
528 5632 876 5704 Vulgatum,
907 5631 1121 5707 ᾐτήτω,
1144 5634 1272 5705 jam
1301 5634 1361 5691 in
1394 5631 1657 5706 margine
1686 5635 2016 5690 correctum
2046 5633 2189 5689 erat.
2221 5630 2436 5687 Nours.
