4108 6210
414 319 531 377 579

1585 314 1647 371 S.
1698 314 2219 374 ATHANASIUS.
2250 348 2325 383 —,--
2356 312 2659 377 SPURIA.

3710 320 3831 379 580

414 450 761 520 mulierique
789 450 888 505 dat
917 448 1135 515 omnia,
1190 463 1401 519 rogans
1434 454 1497 501 ut
1533 464 1733 502 secum
1767 448 1837 502 ad
1866 465 2055 519 genua

2170 445 2273 501 ὅλα
2333 444 2547 501 δίδωσιν
2596 446 2664 521 τῇ
2718 448 2931 522 γυναικὶ
2981 448 3310 522 παρακαλῶν
3364 450 3498 523 αὐτῇ
3552 450 3650 505 σὺν
3682 451 3829 524 αύτῷ

412 542 561 597 servi
594 540 689 594 Dei
726 539 1002 609 procidat.
1047 537 1116 591 Ut
1148 536 1353 590 ambos
1385 534 1641 589 viditille
1674 534 2063 606 prolapsos,et

414 648 577 688 reum
631 646 698 684 ex
753 628 923 683 corde
972 627 1370 697 poenitentem.
1439 624 1683 679 admisit
1743 624 1907 679 illum
1987 625 2057 678 ad

413 719 683 777 osculum
712 723 1003 773 sanctum.
1061 715 1270 784 Aitque
1328 712 1703 769 adolescens:
1740 712 1903 780 Volo,
1955 715 2058 767 do-

412 810 570 866 mine
596 808 695 872 mi,
728 804 930 859 multis
961 804 1167 857 diebus
1190 802 1484 872 jejunare,
1516 803 1649 871 quia
1705 800 1891 855 multa
1922 804 2062 855 sunt

411 903 647 971 peccata
678 910 825 949 mea.
859 892 961 949 Cui
994 908 1197 946 servus
1237 891 1335 946 Dei
1364 907 1375 943 :
1412 890 1533 953 Quo
1565 895 1731 961 pacto
1780 890 1866 944 vis
1911 892 2057 960 jeju-

413 986 767 1043 nare?’Pum
792 981 887 1037 ille
911 998 924 1035 :
947 984 991 1035 A
1024 997 1196 1035 mane
1230 996 1416 1050 usque
1458 980 1527 1034 ad
1578 995 1907 1050 vesperum.
1936 978 2060 1033 Ait-

412 1093 525 1149 que
579 1073 659 1129 illi
696 1071 1057 1126 Antiochus:
1109 1072 1231 1135 Quo
1272 1070 1328 1123 in
1382 1068 1507 1123 loco
1565 1069 1729 1139 degis
1788 1069 1929 1122 dum
1981 1068 2064 1122 ita

411 1164 673 1223 abstines
695 1181 727 1216 a
758 1162 885 1216 cibo
911 1160 937 1213 ‘I
967 1159 1068 1213 Cui
1100 1157 1232 1213 ille:
1268 1157 1499 1212 Amicos
1545 1162 1600 1211 et
1658 1156 1889 1228 negotia
1933 1172 2062 1212 mea

410 1254 618 1320 inviso,
644 1250 780 1305 hinc
812 1247 1115 1320 paululum
1156 1246 1402 1311 dormio,
1440 1251 1496 1300 et
1526 1262 1657 1301 cum
1690 1261 1931 1316 vespera
1961 1261 2060 1299 ac-

410 1341 654 1400 cesserit
685 1338 879 1394 cibum
915 1353 1103 1391 sumo.
1137 1335 1231 1389 Ait
1260 1334 1341 1388 illi
1364 1351 1567 1389 servus
1592 1334 2058 1390 DeiAntiocbus:

409 1432 527 1488 Hoc
552 1429 851 1500 jejunium
886 1442 1000 1479 non
1035 1428 1142 1480 est.
1177 1424 1321 1477 Nam
1356 1423 1403 1477 si
1433 1439 1466 1477 a
1495 1422 1642 1477 cibis
1672 1424 1985 1484 abstineas,
2008 1429 2059 1477 et

407 1520 469 1576 in
503 1519 759 1589 aliquem
791 1516 1103 1577 obtrectes,
1136 1512 1219 1568 vel
1254 1511 1591 1584 quempiam
1625 1511 1939 1566 contristes
1972 1510 2060 1565 vel

410 1606 827 1665 calumnieris:
892 1607 993 1658 aut
1032 1605 1078 1657 si
1117 1606 1244 1673 post
1274 1601 1525 1673 priorem
1575 1600 2057 1670 disceptationem

406 1697 633 1767 injuria:
658 1693 995 1749 memoriam
1031 1691 1281 1746 retineas
1308 1707 1320 1750 ;
1354 1689 1554 1745 siitem
1578 1705 1813 1760 vespere
1834 1687 2056 1743 lautam

408 1803 576 1860 pares
597 1800 841 1847 omnem,
876 1788 1048 1851 teque
1078 1778 1331 1835 inebries
1389 1795 1453 1833 ac
1502 1778 1697 1849 turpia
1742 1782 2056 1849 perpetres,

406 1880 509 1932 aut
529 1875 577 1929 si
610 1874 820 1927 horum
870 1869 1173 1941 quidpiam
1208 1866 1626 1937 concupiscas;
1668 1868 1849 1919 multo
1908 1881 2054 1934 pree-

406 1962 678 2020 stabilius
709 1960 814 2015 tibi
838 1964 944 2024 est,
982 1964 1044 2012 ut
1075 1955 1388 2028 quinquies
1411 1954 1671 2026 quotidie
1702 1954 2056 2018 comedas,et

404 2052 567 2108 hisce
597 2052 770 2105 rebus
802 2048 1300 2114 abstineas,quam
1334 2050 1398 2098 ut
1425 2043 1565 2097 nihil
1590 2047 1788 2113 gustes
1820 2047 1875 2095 et
1898 2041 2057 2095 hisce

405 2140 580 2194 rebus
612 2143 667 2192 te
696 2136 1099 2192 commisceas.
1134 2134 1423 2197 Quidnam
1447 2130 1717 2185 utilitatis
1740 2130 1905 2184 alfert
1921 2130 2053 2184 abs-

403 2228 650 2284 tinentia
679 2243 711 2280 a
744 2226 910 2288 cibis,
960 2223 1009 2277 si
1041 2223 1199 2277 omni
1233 2221 1379 2275 alias
1438 2218 1913 2290 concupiscentia
1945 2219 2051 2271 im-

405 2316 599 2389 pleare
620 2315 646 2369 ?
677 2321 763 2368 An
786 2314 1022 2385 ignoras
1045 2328 1178 2365 eum
1212 2310 1311 2381 qui
1344 2326 1509 2363 suam
1544 2307 1750 2378 implet
1780 2307 2052 2378 conrupi-

406 2406 717 2471 scentiam,
748 2402 834 2457 vel
860 2400 1051 2456 solum
1071 2404 1286 2462 mente,
1320 2398 1454 2452 licet
1501 2395 1755 2452 externis
1813 2414 1927 2450 non
1961 2412 2051 2450 sa-

407 2495 584 2550 tietur
613 2493 781 2561 cibis,
804 2492 928 2561 jam
988 2498 1253 2544 saturum
1287 2492 1344 2540 et
1392 2486 1617 2541 ebrium
1668 2486 1968 2539 esse?Sed
2003 2483 2053 2539 si

404 2581 545 2638 velis
575 2584 970 2651 temperanter
1001 2593 1170 2647 agere
1200 2581 1257 2631 et
1299 2577 1588 2645 jejunare,
1641 2579 1704 2628 ut
1756 2574 2052 2643 jejunium

402 2676 574 2726 tuum
607 2671 718 2725 Deo
748 2670 823 2723 sit
852 2671 1177 2738 acceptum,
1219 2666 1473 2735 primum
1518 2664 1779 2718 omnium
1813 2662 2055 2717 observa

404 2765 469 2814 ut
494 2759 727 2830 jejunes
758 2756 829 2812 ab
866 2755 1023 2811 omni
1073 2770 1247 2825 pravo
1301 2769 1566 2808 sermone
1627 2750 1967 2822 proferendo
1998 2754 2056 2805 et

405 2847 818 2904 audiendozet
847 2860 1032 2916 purga
1078 2860 1176 2898 cor
1222 2848 1390 2896 tuum
1450 2843 1522 2895 ab
1571 2840 1729 2895 omni
1788 2838 2056 2908 inquina-

405 2942 627 3001 mento,
659 2935 1010 3003 injuriarum
1046 2932 1346 3000 memoria,
1393 2930 1584 3001 turpis
1639 2928 1781 2983 lucri
1835 2943 2051 2982 amore.

402 3027 470 3082 Et
502 3043 618 3098 qua
638 3025 731 3080 die
751 3022 1133 3094 jejunaveris,
1167 3036 1332 3091 pane,
1366 3020 1625 3076 oleribus
1655 3025 1710 3073 et
1742 3033 1894 3087 aqua
1916 3032 2050 3071 con-

401 3120 599 3170 tentus
629 3111 1117 3183 esto,gratiasque
1150 3112 1259 3163 Deo
1290 3125 1450 3180 agas.
1485 3109 1826 3176 Computato
1858 3110 2050 3159 autem

2170 541 2490 608 προσπεσεῖν
2524 541 2602 607 τῷ
2635 533 2816 608 δούλῳ
2845 541 2941 590 τοῦ
2973 542 3106 592 Θεοῦ
3180 536 3331 593 Ἰδὼν
3378 536 3434 592 δὶ
3482 539 3827 616 ἀμεροτέρους

2168 622 2607 697 προσπίπτοντας
2664 624 2752 677 xui
2809 625 2911 679 ἀπὸ
2963 623 3185 701 καρδίας
3235 628 3328 680 τὸν
3380 626 3550 681 α’ίτιον
3594 650 3820 700 μετανοο

2170 716 2351 782 οὖντά,
2403 710 2645 783 ἐδέξαντο
2694 712 2851 767 αὐτὸν
2896 713 2946 767 ἐν
2995 712 3265 791 φιλήματι
3329 716 3491 790 άγῖῳ.
3544 716 3645 770 Καὶ
3678 715 3827 793 λέγει

2170 801 2197 853 ὁ
2228 801 2506 876 νεώτερος·
2559 800 2733 865 Θέλω,
2778 800 2929 875 κύριέ
2967 824 3091 874 μου,
3119 808 3406 873 νηστεῦσαι
3438 803 3656 866 πολλὰς
3688 807 3830 877 ἡμέ-

2171 909 2287 961 ρας,
2321 889 2402 943 ὅτι
2429 888 2635 944 πολλαί
2680 890 2810 944 εἰσιν
2858 891 2911 943 αἱ
2964 891 3219 964 ἁμαρτίαι
3273 913 3399 964 μου.
3432 892 3587 968 Λέγει
3622 893 3770 966 αὐτῴ
3800 896 3827 949 6

2172 974 2371 1039 δοῦλος
2401 982 2497 1032 τοῦ
2527 982 2681 1033 Θεοῦ’
2734 980 2903 1052 [Πῶς]
2934 978 3111 1041 θέλεις
3141 980 3425 1048 νηστεῦσαι
3454 1001 3466 1050 ;
3521 983 3582 1039 Ὀ
3637 980 3695 1037 δὲ
3756 983 3829 1038 εἶ-

2170 1085 2263 1119 πεν
2317 1065 2479 1137 αὐτῷ·
2533 1067 2741 1135 (78-79)
2794 1067 2931 1121 Ἀπὸ
2979 1072 3076 1121 τοῦ
3107 1070 3254 1143 πρωὶ
3283 1068 3386 1131 ἓως
3417 1070 3666 1145 ἑσπέρας.
3722 1074 3827 1127 Καὶ

2172 1152 2312 1227 λέγει
2345 1154 2491 1225 αὐτῷ
2545 1154 2573 1207 ὁ
2620 1152 2929 1230 Ἀντίοχος
2982 1156 3085 1212 Καὶ
3141 1158 3215 1229 μὴ
3266 1158 3491 1232 τρώγων
3544 1158 3652 1213 ποῖ’)
3703 1157 3827 1213 διά-

2169 1262 2322 1316 γεις;
2369 1244 2430 1299 Ὀ
2483 1240 2540 1297 δὲ
2588 1242 2721 1297 εἶπε·
2774 1243 2917 1304 Τοὺς
2950 1243 3142 1320 φίλους
3171 1246 3259 1299 καὶ
3292 1247 3361 1300 τά
3388 1246 3678 1322 πράγματά
3714 1270 3827 1321 μου

2174 1330 2381 1405 βλέπω,
2414 1331 2502 1385 καὶ
2534 1330 2697 1386 πάλιν
2735 1330 2916 1407 ὀλίγον
2971 1330 3235 1402 καθεύδω,
3285 1335 3374 1389 καὶ
3423 1334 3548 1389 ὅταν
3600 1337 3826 1411 γένηται

2170 1418 2384 1493 ἕσπέρα,
2424 1415 2845 1493 μεταλαμϐάνω⁹
2876 1420 3029 1496 Λέγει
3064 1421 3211 1495 αὐτῷ
3241 1423 3268 1476 6
3301 1421 3499 1485 δοῦλος
3527 1429 3626 1479 τοῦ
3680 1430 3826 1480 Θεοῦ

2171 1508 2476 1583 Ἀντίοχος’
2538 1511 2712 1567 Τοῦτο
2767 1510 2865 1564 οὒκ
2914 1506 3026 1564 ἔστι
3082 1512 3321 1580 νηστεία.
3382 1513 3505 1569 Ἐὰν
3563 1514 3668 1588 γὰρ
3720 1536 3824 1584 νη-

2169 1598 2390 1673 στεύσῃς
2420 1599 2526 1653 ἀπὸ
2578 1599 2882 1676 βρωμάτων
2916 1601 3003 1655 καί
3032 1622 3151 1656 τινα
3198 1601 3582 1677 κακολογήσῃς
3630 1605 3666 1672 ἢ
3721 1602 3821 1659 λυ-

2167 1690 2345 1761 πήσῃς
2401 1690 2437 1756 ἢ
2490 1684 2774 1762 διαϐάλῃς,
2824 1692 2859 1758 ἢ
2924 1693 3336 1766 μνησικακήσῃς
3397 1693 3502 1747 ἀπὸ
3549 1695 3823 1769 προτέρας

2172 1777 2379 1851 μάχης,
2428 1777 2462 1845 ἢ
2514 1777 2737 1848 ἑσπέρας
2788 1782 3018 1852 ποιήσῃς
3068 1779 3375 1853 πολύτιμον
3428 1779 3664 1849 δεῖπνον,
3727 1784 3823 1837 xui

2168 1863 2299 1941 ἄρξῃ
2349 1865 2721 1937 μεθύσκεσθαι,
2856 1866 3058 1943 αἶ’σχρὰ
3107 1866 3438 1944 ἐργάζεσθαι,
3493 1872 3529 1938 ἢ
3559 1874 3681 1925 κατ’
3739 1868 3824 1926 ἒν-

2165 1974 2312 2007 νοιαν
2394 1954 2673 2025 ἐπιθυμεῖν
2746 1975 2795 2008 τι
2869 1960 3135 2009 τοιοῦτον·
3211 1955 3355 2011 πολὺ
3413 1959 3669 2035 συμφέρει
3733 1981 3823 2014 σοι

2164 2044 2409 2115 πέμπτον
2468 2043 2565 2111 τῆς
2614 2044 2822 2116 ἡμέρας
2872 2042 3063 2107 ἐσθίειν
3114 2044 3205 2099 xui
3251 2046 3459 2101 τούτων
3512 2048 3821 2125 φείσασθαι,

2164 2133 2196 2199 ἢ
2257 2132 2332 2203 μή
2406 2133 2727 2206 γευσάμενον
2807 2132 3031 2194 ἐκείνοις
3104 2135 3499 2211 συμφύρεσθαι.
3558 2139 3648 2199 Τίς
3712 2140 3821 2212 γάρ

2165 2218 2401 2295 ὠφέλεια
2452 2221 2755 2294 βρωμάτων
2808 2220 3122 2296 ἀπέχεσθαι,
3166 2222 3341 2293 πάσης
3376 2221 3432 2278 δὲ
3464 2220 3643 2294 ἄλλης
3695 2225 3819 2280 ἐπι-

2166 2307 2361 2380 θυμίας
2421 2307 2810 2383 έμφορεῖσθαι;
2873 2310 2940 2363 Ἤ
3000 2310 3098 2364 οὐκ
3142 2311 3288 2374 οἶδας
3344 2312 3426 2367 ὅτι
3473 2319 3575 2375 πᾶς
3636 2316 3664 2369 6
3714 2317 3815 2383 τήν

2165 2395 2451 2468 ἐπιθυμίαν
2497 2396 2660 2451 αὐτοῦ
2709 2397 2938 2471 πληρῶν
2989 2401 3103 2453 κατ’
3136 2396 3341 2455 ἔννοιαν
3371 2403 3459 2456 xui
3492 2402 3645 2464 ἐκτὸς
3705 2410 3818 2459 τῶν

2164 2482 2352 2553 ἔξωθεν
2393 2486 2698 2559 βρωμάτων
2728 2483 2837 2553 ἤδη
2870 2488 3180 2561 κεκόρεσται
3231 2488 3321 2543 xui
3374 2490 3597 2563 μεθύει;
3654 2492 3817 2547 Ἀλλ’

2165 2571 2213 2626 εἲ
2258 2572 2434 2634 θέλεις
2490 2572 2939 2648 έγκρατεύσασθαι
3001 2576 3090 2630 xui
3139 2582 3447 2649 νηστεῦσαι,
3492 2578 3579 2633 ἵνα
3622 2583 3656 2649 ἡ
3720 2604 3818 2651 νη-

2164 2662 2309 2716 στεία
2339 2683 2433 2715 σου
2465 2659 2623 2731 δεκτή
2671 2661 2707 2736 ᾖ
2756 2668 2834 2733 τῷ
2881 2669 3017 2737 Θεῷ,
3070 2671 3284 2740 πρῶτον
3330 2667 3541 2722 πάντων
3574 2668 3811 2740 φύλαξαι

2162 2750 2434 2819 νηστεύειν
2495 2750 2600 2804 ἀπὸ
2648 2752 2847 2813 παντὸς
2906 2751 3149 2827 ῥήματος
3203 2760 3443 2829 πονηροῦ
3495 2756 3581 2811 καὶ
3638 2758 3815 2827 ἀκοῆς

2162 2844 2424 2913 πονηρᾶς,
2474 2839 2563 2892 καὶ
2609 2840 2897 2912 καθάρισόν
2947 2861 3041 2895 σου
3087 2843 3185 2910 τὴν
3217 2840 3436 2916 καρδίαν
3472 2845 3574 2899 ἀπὸ
3606 2848 3810 2909 παντὸς

2166 2926 2453 3001 μολυσμοῦ
2508 2929 2597 2983 καὶ
2654 2930 3009 3002 μνησικακίας
3059 2932 3148 2985 καὶ
3203 2931 3663 3009 αἰσχροκερδείας.
3706 2937 3811 2990 Καὶ

2163 3016 2214 3071 ἐν
2243 3018 2425 3093 ἡμέρᾳ
2461 3017 2497 3090 ᾖ
2546 3018 2821 3086 νηστεύεις
2866 3018 3151 3093 ἀρκέσθητι
3193 3019 3341 3095 ἄρτῳ
3388 3022 3476 3075 καὶ
3539 3022 3813 3097 λαχάνοις

2161 3107 2249 3160 xui
2281 3103 2455 3177 ὕδατι,
2517 3105 2849 3181 εὐχαριστῶν
2909 3112 2988 3178 τῷ
3038 3113 3171 3179 Θεῷ.
3225 3111 3587 3187 Συμψηφίσας
3619 3109 3675 3165 δὲ
3703 3116 3809 3181 τήν

403 3203 635 3275 prandii
666 3201 822 3272 quod
855 3217 920 3255 eo
946 3201 1039 3254 die
1068 3204 1416 3269 sumpturus
1474 3214 1602 3251 eras
1634 3195 1836 3266 pretio,
1879 3209 2050 3263 eroga

2167 3196 2435 3265 ποσότητα
2512 3179 2615 3262 τῆς
2659 3179 2928 3263 δαπάνης
2994 3201 3091 3249 τοῦ
3166 3179 3518 3272 ἀρίστου-οὗ
3572 3179 3813 3273 ἔμελλες

402 3292 607 3359 viduae,
641 3290 924 3360 orphano,
975 3304 1176 3358 egeno,
1226 3288 1324 3357 qui
1371 3285 1615 3356 impleta
1671 3283 1868 3339 anima
1917 3297 2043 3348 sua,

401 3380 591 3436 orabit
621 3394 723 3450 pro
755 3384 808 3431 t3
829 3376 1165 3431 Dominum.
1200 3376 1258 3431 Si
1293 3391 1428 3445 ergo
1451 3373 1770 3444 jejunium,
1806 3376 1871 3426 ut
1909 3386 2048 3441 prea-

397 3469 609 3540 scripsi
639 3467 765 3533 tibi,
791 3464 1158 3537 persolveris,
1205 3464 1558 3519 sacriﬁcium
1615 3468 1781 3517 tuum
1816 3459 1924 3514 erit
1952 3475 2044 3513 ac-

398 3564 632 3629 ceptum
660 3556 719 3611 in
752 3559 1065 3626 conspectu
1098 3551 1783 3622 Domini,etdescriptum
1810 3548 1865 3602 in
1886 3547 2047 3602 ccelis

396 3647 455 3701 in
491 3647 583 3702 die
612 3644 1016 3701 retributionis
1035 3643 1321 3698 bonorum
1346 3641 1528 3712 ju-stis
1562 3644 2041 3711 praeparatorum.

2154 3283 2343 3339 ἐσθίειν
2375 3284 2493 3338 κατ’
2518 3282 2725 3353 ἐκείνην
2751 3286 2850 3353 τήν
2892 3284 3121 3361 ἡμέραν,
3154 3282 3245 3348 δὸς
3297 3289 3449 3363 χήρᾳ
3493 3290 3526 3357 ἣ
3583 3288 3809 3366 ὀρφανῷ

2152 3374 2187 3441 ἣ
2244 3373 2604 3445 στερουμένῳ.
2655 3372 2837 3447 (πρὸς)
2895 3371 2951 3427 ὅν
2986 3370 3052 3441 δὴ
3113 3379 3294 3450 σαφῶς
3354 3375 3639 3447 ἐμπλήσας
3695 3380 3804 3447 τὴν

2156 3460 2346 3515 ἑαυτοῦ
2375 3459 2585 3535 ψύχὴν,
2633 3458 2834 3531 εὔξεται
2895 3461 3027 3535 ὑπὲρ
3078 3467 3174 3515 σοῦ
3222 3464 3358 3537 πρὸς
3406 3464 3622 3539 Κύριον.
3672 3467 3800 3522 Ἐὰν

2155 3547 2245 3602 οὖν
2276 3548 2497 3622 τελέσῃς
2527 3551 2625 3617 τὴν
2684 3550 2955 3620 νηστείαν,
3006 3550 3079 3611 ὡς
3112 3550 3457 3625 ἐνετειλάμην
3514 3574 3619 3624 σοι,
3652 3552 3801 3609 ἔσται

2153 3640 2187 3706 ἡ
2240 3639 2394 3703 θυσία
2451 3661 2546 3694 σου
2614 3637 2773 3708 δεκτὴ
2826 3639 3050 3695 ἐνώπιον
3111 3640 3307 3716 Κυρίου
3356 3643 3443 3697 xui
3497 3642 3809 3718 ἐγγεγραμ-

403 3751 536 3825 μένη
582 3751 634 3804 ἐν
662 3756 779 3812 τοῖς
812 3748 1060 3823 οὐρανοῖς
1096 3746 1146 3801 ἐν
1174 3747 1355 3821 ἡμέρᾳ
1385 3743 1790 3805 ἀνταποδόσεως
1818 3746 1926 3797 τῶν
1960 3736 2379 3811 ἡτοιμασμένων
2410 3739 2621 3811 ἀγαθῶν
2652 3743 2770 3799 τοῖς
2802 3735 3053 3798 δικαίοις.

465 3843 566 3899 His
594 3842 809 3898 auditis
841 3840 1200 3909 adolescens,
1250 3838 1638 3908 omnibusque
1684 3835 1900 3891 relictis
1930 3848 2051 3889 ser-

393 3949 529 3989 vum
565 3931 732 3988 Deivi
760 3930 1035 4002 compulit
1066 3935 1129 3984 ut
1183 3946 1244 3984 se
1302 3928 1582 3998 reciperet
1642 3928 1700 3981 in
1760 3928 2050 3980 monaste-

393 4022 572 4076 rium.
606 4026 687 4075 Ac
706 4024 942 4076 secutus
973 4018 1161 4087 illum,
1195 4017 1555 4088 servatisque
1609 4016 1885 4071 omnibus
1925 4033 2051 4087 quas

400 4109 471 4162 ab
504 4123 570 4162 eo
603 4107 904 4171 didicerat,
940 4110 1115 4177 atque
1148 4122 1298 4160 anno
1331 4122 1445 4161 uno
1475 4105 1534 4159 in
1572 4122 1784 4177 magna
1824 4110 2052 4176 tempe-

397 4194 612 4263 rantia,
644 4193 918 4266 lacrymis
950 4198 1007 4249 et
1060 4195 1386 4265 gemitibus
1442 4211 1740 4264 percurso,
1800 4195 1859 4249 in
1914 4210 2053 4266 pace

395 4282 766 4351 obdormivit,
800 4282 1161 4353 tradiditque
1195 4282 1446 4338 Domino
1472 4282 1767 4353 spiritum.

470 4383 555 4437 17.
588 4381 817 4452 Elapsis
848 4381 1038 4436 tribus
1068 4381 1259 4445 annis,
1286 4398 1418 4436 mox
1449 4382 1799 4437 moriturum
1839 4401 2038 4442 mona-
2070 4392 2117 4457 1)

396 4469 559 4525 sterii
592 4470 927 4540 prafectum
955 4469 1194 4539 quidam
1228 4469 1413 4525 sancti
1445 4471 1700 4543 episcopi
1727 4473 1915 4528 visum
1951 4492 2051 4529 ve-

401 4562 615 4614 nerunt
661 4576 672 4613 :
730 4558 1071 4631 rogavitque
1130 4558 1261 4613 illos
1306 4558 1628 4629 prrsf‘ectus,
1694 4566 1758 4615 ut
1806 4562 2049 4619 fratrum

399 4648 1072 4719 amantem,injuriarum
1098 4648 1503 4702 immemurem
1536 4652 1589 4701 et
1622 4648 1902 4705 humilem
1936 4654 2050 4707 An-

396 4738 656 4794 tiochum
692 4738 777 4793 sui
817 4739 938 4791 loco
969 4737 1430 4792 constituerent:
1481 4754 1607 4808 qua:
1666 4739 1867 4793 eadem
1927 4755 2052 4797 erat

398 4829 645 4883 fratrum
687 4827 951 4881 omnium
1014 4824 1349 4896 postulatio.
1404 4824 1781 4897 Repugnanle
1833 4827 1931 4883 illo
1986 4846 2052 4885 ac

399 4916 871 4988 collacrymante,
908 4931 1119 4985 magna
1176 4915 1228 4967 vi
1283 4914 1539 4986 episcopi
1580 4916 1829 4970 invitum
1864 4917 2050 4988 illum,

399 5023 533 5061 cum
566 5006 728 5076 prius
759 5003 1131 5059 ordiuassent
1164 5004 1587 5075 presbyterum,
1624 5008 2054 5063 constituerunt

401 5099 459 5149 et
490 5095 883 5164 hegumenum
918 5109 1018 5147 seu
1056 5093 1413 5163 praefectum.
1458 5096 1534 5149 Ac
1587 5110 1720 5149 cum
1749 5096 2054 5166 prmfectus

401 5188 586 5237 totum
620 5182 731 5253 ipsi
768 5182 825 5235 in
855 5181 1083 5235 Christo
1114 5182 1363 5237 fratrum
1395 5188 1608 5238 ccetum
1644 5186 2052 5239 commendas-

401 5274 507 5338 set,
541 5267 894 5324 obdormivit
946 5268 999 5321 in
1065 5285 1222 5339 pace.
1274 5270 1555 5342 Suscepta
1614 5270 1790 5340 igitur
1844 5271 2053 5342 hujus-

401 5356 559 5413 modi
592 5373 735 5414 cura
767 5356 1081 5412 Antiochus
1113 5357 1170 5411 in
1207 5357 1389 5412 multo
1413 5358 2052 5432 studio,temperantia,

479 5615 686 5685 (ΤΒ-79)
717 5613 847 5671 Haec
877 5630 945 5672 ex
973 5613 1121 5671 libro
1152 5631 1192 5670 ιι
1226 5614 1444 5669 Hermae
1476 5613 1613 5670 hinc
1642 5613 1779 5671 inde
1807 5621 2095 5690 excerpta.

2230 3840 2403 3889 Ταῦτα
2434 3834 2663 3896 ἀκούσας
2698 3836 2724 3888 6
2766 3836 3050 3907 νεώτερος,
3094 3836 3183 3890 καὶ
3234 3834 3559 3909 καταλείψας
3610 3842 3813 3909 πάντα,

2160 3921 2409 3980 ἐϐιάσατο
2455 3927 2546 3979 τὸν
2600 3923 2799 3980 δοῦλον
2842 3930 2938 3980 τοῦ
2976 3931 3109 3981 Θεοῦ
3159 3921 3341 3981 λαϐεῖν
3394 3926 3550 3982 αὐτὸν
3597 3927 3673 3989 εἷς
3703 3930 3814 3995 τὴν

2165 4017 2358 4087 μονήν.
2394 4016 2493 4071 Καὶ
2540 4013 2914 4085 ἀκολουθήσας
2960 4015 3125 4088 αὐτῷ,
3176 4015 3348 4071 πάντα
3397 4016 3492 4070 ὅσα
3540 4014 3814 4091 ἐδιδάχθη

2161 4106 2285 4179 παρ’
2317 4103 2479 4158 αὐτοῦ
2509 4102 2765 4181 φυλάξας,
2817 4104 2867 4159 ὲ)
2919 4103 3106 4174 πολλῇ
3153 4104 3431 4181 ἐγκρατείᾳ
3462 4105 3551 4159 καὶ
3584 4103 3819 4180 δάκρυσι

2160 4198 2248 4251 καὶ
2282 4200 2595 4271 στεναγμοῖς
2624 4194 2922 4269 πληρώσας
2940 4194 3213 4250 ’ἐνιαύσιον
3245 4195 3468 4270 χρόνον,
3510 4194 3561 4249 ἐν
3613 4195 3814 4270 εῗρήνῃ

2163 4286 2455 4358 ἐκοιμήθη,
2488 4281 2760 4359 παραδοὺς
2787 4285 2848 4337 τὸ
2878 4288 3090 4357 πνεῦμα
3117 4305 3195 4355 τῳ
3224 4284 3422 4355 Κυρίῳ.

2221 4386 2307 4440 17.
2340 4383 2439 4437 Καὶ
2471 4382 2604 4454 μετᾶ
2632 4382 2754 4458 τρία
2801 4380 2916 4453 ἔτη,
2981 4381 3281 4455 μέλλοντος
3329 4388 3427 4438 τοῦ
3483 4382 3811 4458 ἡγουμένου

2160 4480 2260 4543 τῆς
2296 4479 2468 4545 μονῆς
2498 4471 2773 4543 τελευτᾷν,
2805 4468 2975 4540 ἦλθον
3026 4471 3101 4533 εἷς
3149 4472 3422 4546 ἐπίσκεψιν
3474 4472 3637 4526 αὐτοῦ
3670 4491 3820 4533 τινες

2163 4562 2304 4638 ἅγιοι
2358 4561 2662 4615 ἐπίσκοποι·
2722 4560 2811 4614 καὶ
2868 4559 3160 4634 παρεκάλει
3211 4560 3409 4622 αὐτοὺς
3474 4560 3827 4636 ἡγούμενος,

2163 4650 2310 4712 ὅπως
2384 4649 2493 4703 ἀντ’
2545 4648 2708 4704 αὐτοῦ
2763 4651 2853 4703 τὸν
2922 4646 3254 4727 φιλάδελφον
3306 4651 3397 4704 καὶ
3449 4649 3828 4722 ἀμνησίκακον

2162 4740 2250 4794 καὶ
2299 4738 2689 4816 ταπεινόφρονα
2737 4738 3018 4813 Ἀντίοχον
3067 4741 3464 4809 καταστήσωσι·
3516 4738 3605 4793 xui
3664 4743 3819 4793 πᾶσα

2164 4825 2283 4896 δεή
2335 4824 2640 4905 ἀδελφότης
2692 4827 3116 4901 συμπαρεκάλει.
3167 4832 3271 4882 Τοῦ
3322 4825 3378 4881 δὲ
3427 4825 3816 4903 ἀντιλέγοντος

2162 4917 2250 4969 καὶ
2285 4914 2640 4991 ὀδυρομένου,
2678 4917 2811 4989 μετά
2840 4915 3059 4986 πολλῆς
3096 4917 3212 4992 βίας
3250 4917 3337 4971 καὶ
3388 4916 3627 4992 ἀνάγκης
3692 4937 3825 4992 χει-

2165 5009 2552 5078 ροτονήσαντες
2590 5009 2780 5060 τοῦτον
2842 5006 2897 5059 οἱ
2950 5005 3238 5061 ἐπίσκοποι
3280 5000 3642 5081 πρεσϐύτερον
3695 5026 3832 5060 κατ-

2173 5092 2397 5165 έστησαν
2457 5094 2544 5149 xui
2600 5094 2927 5168 ἡγούμενον.
2989 5096 3091 5151 Καὶ
3148 5094 3515 5171 παραθέμενος
3568 5094 3720 5165 αύτῳ
3793 5095 3824 5147 6

2162 5183 2473 5258 ἡγούμενος
2520 5188 2690 5237 πᾶσαν
2742 5185 2840 5252 τὴν
2892 5183 2944 5237 έν
2995 5186 3209 5259 Χριστῳ
3260 5181 3624 5261 ἀδελφότητα,
3682 5183 3831 5237 ἐκοι-

2167 5275 2315 5345 μήθη
2350 5272 2401 5327 ἐν
2437 5272 2647 5348 εἰρήνῃ.
2684 5268 2875 5329 Καϐὼν
2906 5271 2996 5326 οὖν
3041 5275 3139 5342 τὴν
3199 5270 3459 5351 φροντίδα
3509 5274 3537 5326 6
3605 5272 3825 5327 Ἀντίο-

2161 5380 2285 5437 χος,
2320 5360 2372 5415 ἐν
2419 5360 2607 5434 πολλῇ
2664 5358 2872 5435 σπουδῇ
2930 5362 3019 5415 xui
3078 5360 3359 5437 ἐγκρατείᾳ
3402 5360 3491 5416 xui
3549 5360 3829 5436 ἀγρυπνία
