4108 6210
281 321 393 381 581

1285 312 1685 375 DOCTRINA
1729 312 1832 371 AD
1879 309 2342 372 ANTIOCHUM
2389 310 2684 374 DUCEM.

3577 316 3696 377 582

276 448 366 504 καὶ
397 447 589 524 εὐχαῖς
624 444 872 502 διετέλει·
912 443 1098 500 πολλά
1141 464 1200 500 τε
1249 440 1478 517 [ἔνδοξα]
1529 443 1617 497 καὶ
1648 441 1922 516 κατορθώ-

2058 441 2254 514 ιίςίιὶἰε
2286 449 2342 498 et
2372 443 2736 499 orationibus
2766 444 3202 514 perseverabat:
3222 444 3522 518 multaque
3551 465 3694 518 prae-

282 559 431 611 ματα
461 534 756 590 διεπετέλει
789 536 817 588 6
851 533 1100 608 Χριστός.

355 630 444 682 18.
492 624 589 679 Καὶ
645 623 777 697 μετά
826 620 920 677 δύο
969 621 1067 693 ὅτη
1118 625 1216 675 τοῦ
1261 622 1567 694 ἡγήσασθαι
1621 618 1776 673 αὐτὸν
1832 625 1932 686 τῆς

281 719 461 788 μονῆς
491 712 587 768 δύο
619 711 847 790 ἀδελφοὶ
895 711 1228 786 ὀλιγόψυχοι
1272 713 1430 782 κοινῇ
1476 710 1673 783 γνώμῃ
1708 706 1930 777 ἐξῆλθον

275 807 379 857 τοῦ
426 798 815 874 μοναστηρίου,
865 797 955 853 καὶ
1009 797 1336 873 ἐπέστρεψαν
1390 797 1464 858 ὡς
1515 796 1656 850 κύων
1710 795 1794 849 ἐπὶ
1842 795 1930 848 τὸν

279 889 425 945 ἴδιον
469 887 656 961 ἐμετὸν
707 885 1089 948 σπαταλῶντες
1136 886 1224 940 καὶ
1274 883 1632 962 ἐντρυφῶντες
1683 883 1768 937 ἐπὶ
1816 888 1934 944 ταῖς

284 981 575 1055 βιωτικαῖς
605 976 932 1052 ἀσελγείαις.
973 975 1069 1030 Καὶ
1115 979 1282 1030 ταῦτα
1334 975 1516 1047 μαθὼν
1553 974 1580 1027 6
1613 971 1807 1034 δοῦλος
1840 976 1935 1026 τοῦ

279 1073 422 1124 Θεοῦ
474 1065 761 1141 Ἀντίοχος
823 1068 962 1120 πάνυ
1020 1061 1237 1138 ἔθλιψεν
1297 1063 1480 1118 ἑαυτὸν
1543 1067 1752 1133 θρηνῶν
1807 1060 1934 1123 τοὺς

280 1157 386 1214 δύο
441 1154 734 1232 ἀδελφοὺς,
781 1155 870 1209 καὶ
925 1151 1100 1210 ἐδέετο
1161 1154 1285 1227 περὶ
1338 1151 1512 1207 αὐτῶν
1567 1150 1662 1206 τοῦ
1715 1151 1935 1223 Κυρίου.

277 1244 628 1300 Ψαλλόντων
663 1240 720 1297 δὲ
767 1241 941 1296 αὐτῶν
987 1242 1086 1308 τήν
1139 1239 1352 1312 ἐνάτην,
1406 1241 1479 1301 ὡς
1532 1235 1706 1293 ἔκλινε
1749 1240 1814 1292 τὰ
1843 1240 1936 1312 γύ-

274 1356 408 1389 νατα
469 1334 563 1388 σὺν
618 1337 734 1392 τοῖς
793 1328 1070 1409 ἀδελφοῖς,
1129 1329 1342 1405 γέγονεν
1414 1328 1466 1383 ἐν
1526 1328 1788 1397 ἐκστρίσει,
1848 1329 1936 1381 καὶ

277 1417 770 1500 παραλαμϐάνεται
819 1423 855 1489 ἠ
905 1421 1059 1495 ψυχὴ
1120 1418 1284 1473 αὐτοῦ
1343 1419 1446 1472 ὑπὸ
1503 1416 1775 1493 ἀγγέλου.
1839 1417 1935 1470 Καὶ

275 1510 504 1580 πολλῆς
584 1509 726 1583 ὥρας
801 1506 1229 1582 παρελθούσης,
1281 1506 1371 1561 καὶ
1435 1508 1510 1579 μὴ
1591 1505 1937 1581 ἐγειρομένου

279 1598 454 1657 αὐτοῦ
484 1646 500 1670 ,
557 1598 816 1672 ἐγείρεται
876 1598 905 1651 ὁ
979 1593 1320 1671 δευτεράριος
1393 1592 1579 1668 αὐτοῦ,
1654 1594 1743 1649 καὶ
1822 1594 1936 1666 μετ’

280 1688 577 1749 ἐπιεικείας
651 1685 947 1762 παρεκάλει
1005 1685 1347 1755 ἀναστῆναι,
1405 1685 1494 1738 καὶ
1568 1682 1781 1738 τελέσαι
1837 1685 1934 1752 τήν

281 1775 630 1850 λειτουργίαν
714 1775 814 1843 τῆς
893 1773 1081 1849 εὐχῆς.
1168 1773 1256 1834 Ὠς
1327 1769 1384 1826 δὲ
1442 1768 1603 1842 εἶδον,
1681 1770 1762 1826 ὅτι
1840 1771 1939 1826 οὐκ
1973 1807 2020 1872 Β

282 1868 356 1936 ἦν
419 1865 578 1943 τρωνή
628 1863 720 1917 καὶ
775 1862 875 1917 οὐκ
928 1863 994 1931 ἦν
1054 1862 1339 1938 ἀκρόασις,
1403 1860 1694 1936 ἐγνώρισαν
1755 1861 1944 1914 ὀπτα-

287 1954 412 2007 σίαν
493 1950 656 2006 αὐτὸν
748 1950 966 2025 βλέπειν
1039 1948 1129 2003 καὶ
1219 1948 1581 2024 ὑπεχώρησαν
1659 1949 1748 2002 ἀπ’
1822 1947 1886 2002 αὖ
1920 1980 1942 1990 -

284 2047 387 2098 τοῦ
437 2039 830 2116 πληρώσαντες
875 2039 966 2094 τὸν
1024 2038 1240 2093 κανόνα.
1299 2035 1621 2099 Μέλλοντος
1671 2035 1727 2092 δὲ
1771 2035 1944 2092 δύνειν

285 2135 386 2185 τοῦ
416 2129 588 2198 ἡλίου
631 2129 826 2202 κράξας
875 2129 1039 2183 εἶπεν.
1074 2128 1208 2198 Δόξα
1257 2148 1364 2199 σοι,
1404 2128 1431 2181 6
1465 2128 1615 2200 Θεὸς,
1664 2125 1789 2197 δόξα
1837 2149 1942 2184 σοι.

285 2220 432 2277 Τότε
488 2217 804 2293 προσῆλθον
866 2216 1011 2288 αὐτῷ
1068 2222 1211 2270 πᾶσα
1268 2219 1302 2285 ἡ
1354 2213 1592 2285 συνοδία,
1637 2217 1946 2271 ἱκετεύουσα

288 2305 464 2380 μηδὲν
518 2306 610 2360 ἀπ’
639 2305 814 2360 αὐτῶν
873 2305 1095 2381 κρύψαι,
1137 2306 1209 2358 ὦν
1245 2305 1271 2358 ὁ
1304 2305 1434 2366 Θεὸς
1481 2304 1626 2377 αὐτῷ
1674 2304 1944 2360 ἀπεκάλυ-

284 2401 408 2470 ψεν.
446 2395 544 2449 Καὶ
581 2395 658 2466 μὴ
691 2391 938 2464 δυνηθεὶς
967 2393 1166 2469 κρύψαι
1201 2391 1289 2447 διὰ
1317 2395 1416 2463 τήν
1447 2392 1666 2462 πολλὴν
1708 2389 1942 2470 ὄχλησιν

278 2489 397 2540 τῶν
431 2481 709 2560 ἀδελφῶν,
759 2486 994 2554 ποιήσας
1047 2482 1238 2558 εὐχὴν,
1270 2482 1469 2558 ἤρξατο
1519 2483 1715 2560 λέγειν’
1765 2486 1944 2559 Παρα-

285 2573 523 2652 ληιξθεὶς
570 2574 759 2648 χάριτι
807 2577 1040 2646 Χριστοῦ
1094 2573 1195 2626 ὑπὸ
1245 2571 1478 2646 ἀγγέλου
1509 2573 1622 2646 (80)
1666 2571 1835 2640 ἦλθον
1870 2572 1945 2634 εἷς

284 2660 504 2730 πεδίον,
537 2661 628 2716 καὶ
662 2659 918 2735 [δείκνυσί
969 2664 1084 2733 μοι]
1137 2657 1305 2715 παῖδα
1349 2660 1620 2715 νεανίσκον
1659 2658 1947 2734 ἐνδεδυμέ-

286 2773 380 2806 νον
436 2751 680 2814 σύνθεσιν
729 2747 1040 2823 ἐνδυμάτων
1086 2749 1344 2825 κροκέων,
1395 2749 1654 2825 βόσκοντα
1701 2745 1949 2825 πρόϐατα

284 2838 483 2895 πολλά
543 2837 687 2892 λίανο
745 2837 942 2892 καὶτὰ
997 2832 1243 2913 πρόϐατα
1292 2841 1458 2892 ταῦτα
1511 2841 1576 2907 ἦν
1638 2839 1764 2892 ὡσεὶ
1821 2860 1947 2914 τρυ-

288 2933 482 3006 φῶντα
528 2929 618 2981 καὶ
671 2926 788 2982 λίαν
839 2925 1195 2982 σπαταλῶντα
1254 2927 1342 2981 καὶ
1394 2926 1600 3003 ἱλαρὰ,
1651 2932 1948 3003 σκιρτῶντα

287 3017 401 3073 ὧδε
433 3018 613 3077 κάκεῖ.
659 3017 755 3071 Καὶ
806 3016 963 3078 αὐτὸς
995 3018 1023 3072 6
1052 3017 1260 3089 ποιμὴν
1313 3015 1450 3070 πάνυ
1499 3015 1688 3090 ἱλαρὸς
1742 3016 1828 3071 ἐπὶ
1867 3022 1947 3090 τῷ

284 3108 545 3180 ποιμνίῳ
600 3106 746 3178 αὐτῷ
800 3109 864 3174 ἧν
923 3106 1011 3160 καὶ
1068 3106 1384 3181 περιέτρεχε
1427 3105 1492 3160 τὰ
1539 3100 1804 3181 πρόϐατα.
1849 3106 1946 3160 Καὶ

292 3167 447 3252 ἄλλα
490 3167 738 3268 πρόϐατά
787 3191 928 3250 εἶδον
978 3167 1358 3250 σπαταλῶντάν
1402 3195 1491 3248 καὶ
1547 3167 1832 3272 τρυφῶντα
1893 3193 1944 3248 ἐν
1978 3167 2020 3234 C

285 3282 453 3359 τόπῳ
484 3285 588 3354 ἑνὶ,
621 3283 684 3338 οὐ
735 3284 914 3357 μέντοι
965 3289 1285 3361 σκιρτῶντα.
1339 3284 1441 3340 Καὶ
1483 3282 1634 3359 λέγει
1667 3303 1780 3357 μοι’
1815 3283 1954 3341 Βλέα

292 3396 418 3438 πεις
475 3373 567 3428 τὸν
615 3371 851 3446 ποιμένα
895 3377 1084 3428 τοῦτον
1119 3392 1132 3442 ;
1165 3370 1381 3442 Βλέπω,
1434 3372 1588 3450 φησὶ,
1638 3373 1818 3449 Κύριε.
1852 3371 1954 3430 Οῦ-

291 3486 416 3534 τος,
450 3462 637 3541 φησὶν,
688 3460 920 3538 ἅγγελος
969 3469 1174 3540 τρυφῆς
1213 3461 1301 3517 καὶ
1350 3460 1558 3533 ἀπάτης
1591 3461 1753 3517 ἐστίν·
1796 3463 1952 3525 οὗτος

299 3547 547 3629 ἐπιτρίϐει
575 3552 673 3615 τάς
702 3552 882 3629 ψυχὰς
924 3555 1029 3606 τῶν
1081 3549 1297 3606 δούλων
1346 3555 1442 3606 τοῦ
1491 3556 1623 3608 Θεοῦ
1672 3551 1760 3607 καὶ
1791 3573 1952 3607 κατα-

299 3643 526 3720 στρέφει
558 3641 662 3696 ἀπὸ
706 3647 807 3709 τῆς
856 3638 1116 3710 ἀληθείας
1149 3640 1366 3695 ἀπατῶν
1413 3640 1574 3703 αὐτὰς
1603 3646 1721 3702 ταῖς
1770 3641 1953 3695 ἐπιθυ-

306 3731 465 3805 μίαις
492 3735 612 3793 ταῖς
643 3735 936 3806 πονηραῖς,
987 3729 1038 3784 ἐν
1092 3729 1174 3791 αἶς
1221 3729 1559 3785 ἀπόλλυνται
1599 3729 1951 3794 ἐπιλανθανό-

304 3842 461 3895 μενοι
487 3821 598 3875 τῶν
629 3818 861 3875 ἐντολῶν
909 3822 1006 3874 τοῦ
1057 3823 1252 3887 ζῶντος
1300 3822 1396 3873 τοῦ
1427 3822 1561 3874 Θεοῦ
1605 3819 1692 3874 καὶ
1723 3819 1950 3895 πορευό-

301 3931 461 3985 μενοι
513 3914 636 3972 ταῖς
685 3907 936 3982 ματαίαις
972 3913 1199 3985 τρυφαῖς
1247 3906 1338 3962 καὶ
1397 3906 1624 3971 ἀπάταις
1682 3911 1778 3962 τοῦ
1831 3908 1950 3983 βίου

289 3999 524 4058 τούτου.
565 3997 659 4052 Διὸ
687 3998 776 4052 καὶ
806 3995 1147 4053 ἀπόλλυνται
1181 3996 1284 4051 ὑπὸ
1323 3993 1419 4052 τοῦ
1467 3995 1706 4071 ἀγγέλου
1753 3996 1951 4051 τούτου

286 4088 366 4151 εἰς
421 4088 646 4143 θάνατον
706 4088 820 4161 (81)
873 4085 964 4140 καὶ
1020 4086 1382 4163 καταφθοράν.
1435 4083 1589 4160 Λέγω
1646 4084 1811 4157 αὐτῷ·
1870 4086 1947 4144 Οὐ

285 4178 577 4254 γινώσκω,
606 4176 790 4250 Κύριε,
820 4174 873 4230 τί
923 4174 1088 4248 ἐστιν,
1139 4174 1213 4236 εἷς
1274 4172 1497 4238 θάνατον
1544 4174 1633 4228 καὶ
1685 4176 1949 4252 καταφθο-

282 4267 409 4342 ράν.
474 4267 574 4321 Καὶ
630 4264 777 4342 λέγει
839 4285 953 4339 μοι·
986 4269 1210 4335 ’Ἀκουε,
1270 4265 1455 4342 φησὶν,
1516 4264 1550 4318 ἃ
1593 4261 1745 4327 εἶδες.
1799 4263 1945 4339 Πρό-

278 4352 428 4412 ϐατα
475 4354 644 4429 ἱλαρά
688 4356 777 4410 καὶ
829 4359 1128 4429 σκιρτῶντα
1178 4354 1329 4410 οὗτοί
1361 4353 1494 4409 εἰσιν
1524 4355 1575 4408 οἱ
1604 4353 1948 4427 ἀπεσπασμέ-

275 4468 366 4501 νοι
401 4445 512 4500 ἀπὸ
540 4449 638 4500 τοῦ
667 4449 805 4501 Θεοῦ
835 4445 911 4507 εἷς
937 4443 1098 4506 τέλος
1131 4444 1218 4499 καὶ
1245 4440 1687 4518 παραδεδωκότες
1721 4443 1940 4505 ἑαυτοὺς

2043 530 2199 586 clara
2229 538 2394 603 gesta
2424 549 2526 602 per
2557 549 2691 587 eum
2721 531 2986 587 Christus
3019 533 3389 603 Operabatur.

2116 622 2202 674 18.
2257 621 2388 675 Post
2437 622 2586 675 duos
2631 637 2764 676 vero
2814 638 2932 676 suaa
2985 622 3042 676 in
3100 623 3452 677 monasterio
3499 625 3699 694 praefe-

2044 712 2221 763 cturas
2255 726 2458 777 annos,
2491 710 2607 764 duo
2657 709 3064 780 pusillanimes
3117 710 3346 776 fratres,
3399 713 3701 767 communi

2045 798 2338 853 sententia
2387 816 2455 853 ex
2505 799 2859 853 monasterio
2915 801 3156 870 egressi,
3209 801 3424 856 reversi
3468 807 3609 856 sunt
3640 806 3703 857 ut

2046 903 2220 941 canes
2253 888 2324 942 ad
2358 888 2639 942 vomitum
2672 905 3014 952 suum,sese
3045 889 3250 943 dantes
3277 889 3700 962 voluptatibus,

2045 974 2270 1030 deliciis
2300 982 2356 1030 et
2391 975 2641 1031 lasciviis
2673 976 2851 1045 hujus
2883 975 3210 1032 smculi.His
3241 979 3556 1050 compertis
3588 997 3702 1036 acr-

2047 1080 2153 1118 vus
2185 1063 2283 1118 Dei
2316 1064 2660 1128 Antiochus,
2709 1063 2964 1120 multum
3015 1081 3142 1119 sese
3193 1069 3522 1135 maceravit,
3575 1085 3699 1124 am-

2049 1152 2154 1207 bos
2201 1151 2332 1208 illos
2381 1153 2693 1224 deplorans
2746 1154 2972 1217 fratres,
3020 1170 3084 1208 ac
3113 1153 3428 1210 Dominum
3461 1157 3699 1213 illorum

2047 1256 2225 1295 causa
2257 1255 2525 1312 precatus
2556 1240 3069 1298 est.Psallentibus
3099 1248 3294 1298 autem
3323 1243 3436 1299 illis
3461 1261 3698 1314 nonam,

2050 1330 2147 1384 ubi
2172 1347 2289 1384 una
2309 1347 2442 1384 cum
2469 1330 2747 1386 fratribus
2769 1347 2958 1400 genua
2982 1331 3268 1396 ﬂectebat,
3286 1337 3491 1404 raptus
3523 1341 3610 1390 est
3640 1335 3700 1389 in

2047 1417 2320 1488 exstasin,
2355 1419 2668 1490 animaque
2700 1421 2828 1489 ejus
2859 1420 3137 1490 arripitur
3169 1421 3240 1474 ab
3270 1422 3495 1493 angelo.
3521 1423 3700 1480 Multo

2046 1505 2243 1577 elapso
2277 1507 2555 1577 temporis
2588 1507 2932 1578 spatio,cum
2965 1508 3222 1562 nondum
3255 1511 3702 1580 expergisceret,

2047 1595 2238 1666 surgit
2305 1595 2690 1651 secundarius
2755 1597 2904 1665 ejus,
2947 1595 3276 1668 leniterque
3323 1598 3591 1656 hortatur
3640 1605 3706 1656 ut

2046 1688 2340 1755 exsurgat,
2374 1683 2777 1756 orationisque
2812 1685 3202 1740 ministerium
3243 1688 3700 1757 persolvat.Con-

2051 1772 2256 1844 spicati
2289 1779 2485 1828 autem
2521 1790 2624 1828 nec
2654 1791 2850 1828 vocem
2886 1791 2988 1828 nec
3021 1776 3288 1830 auditum
3323 1794 3472 1843 esse,
3525 1778 3704 1834 intel-

2052 1861 2239 1917 lexere
2258 1861 2536 1918 visionem
2557 1862 2722 1917 illum
2742 1867 2965 1918 contem
2979 1864 3117 1933 piari
3131 1881 3216 1930 ,ac
3234 1866 3520 1937 completo
3539 1885 3708 1923 cano-

2053 1966 2125 2005 ne
2160 1951 2302 2007 221
2347 1951 2682 2006 abscessere
2713 1951 2783 2006 ab
2815 1950 2936 2007 illo.
2965 1951 3106 2007 Cum
3143 1960 3340 2009 autem
3374 1956 3709 2013 immineret

2054 2039 2196 2094 solis
2229 2056 2492 2108 occasus,
2525 2056 2658 2093 cum
2690 2039 2942 2096 clamore
2973 2042 3054 2095 ait
3090 2059 3102 2096 :
3137 2042 3333 2097 Gloria
3365 2043 3492 2115 tibi,
3525 2045 3703 2115 Deus,

2054 2128 2242 2199 gloria
2272 2129 2396 2184 tibi.
2430 2129 2590 2183 Tunc
2623 2130 2870 2185 accessit
2899 2131 3092 2185 omnis
3124 2136 3326 2199 castus,
3367 2135 3707 2206 rogavitque

2055 2217 2200 2272 nihil
2226 2222 2288 2272 ut
2308 2217 2519 2273 celaret
2541 2235 2742 2273 eorum
2768 2235 2894 2290 qua:
2920 2219 3202 2274 Dominus
3227 2221 3337 2276 sibi
3373 2223 3704 2280 revelasset.

2055 2307 2273 2362 Etcum
2299 2324 2413 2378 pra
2438 2306 2690 2377 importu
2703 2307 2883 2362 nitate
2899 2309 3075 2363 fratre
3088 2326 3138 2363 m
3156 2307 3343 2366 celare
3360 2329 3471 2366 non
3487 2317 3704 2382 posset,

2057 2396 2208 2449 facta
2222 2395 2384 2466 prius
2397 2395 2766 2463 oratione,ita
2779 2413 2948 2450 orsus
2963 2403 3082 2451 est:
3107 2397 3330 2468 Raptus
3346 2416 3447 2470 per
3471 2401 3707 2458 Domini

2055 2483 2301 2555 gratiam
2334 2484 2405 2538 ab
2437 2484 2644 2554 angelo
2678 2485 2802 2538 veni
2834 2484 2891 2538 in
2924 2502 3131 2557 agrum
3155 2489 3706 2558 quemdam.Osten-

2056 2573 2259 2644 ditque
2292 2571 2387 2628 ille
2419 2572 2561 2627 mihi
2595 2573 3021 2628 adolescentem
3062 2576 3378 2646 quemdam
3428 2578 3704 2635 indutum

2057 2664 2318 2736 synthesi
2345 2680 2679 2719 croceorum
2698 2665 3312 2736 vestimentorum,qui
3347 2669 3709 2740 quampluri-

2059 2769 2184 2806 mas
2219 2752 2494 2823 pascebat
2521 2769 2656 2808 oves
2685 2759 2998 2824 :erantque
3029 2770 3163 2808 oves
3197 2755 3307 2809 illa:
3339 2756 3706 2823 deliciantes,

2057 2841 2491 2912 admoduiuque
2522 2839 2887 2896 luxuriantes
2905 2850 2960 2896 et
2977 2841 3353 2908 bilares,binc
3375 2850 3549 2916 atque
3573 2845 3709 2902 hinc

2058 2931 2438 2986 exsultantes.
2468 2933 2710 3002 Ipseque
2743 2936 2940 3003 pastor
2969 2932 3220 2987 multum
3256 2932 3455 2990 hilaris
3489 2935 3546 2990 in
3573 2936 3708 2991 ovili

2057 3021 2303 3092 degebat
2329 3037 2456 3087 suo,
2490 3025 2546 3076 et
2574 3037 2708 3075 oves
2734 3020 3036 3076 circuibat.
3086 3021 3362 3094 Aliaeque
3410 3024 3524 3079 vidi
3576 3042 3709 3081 oves

2060 3109 2423 3164 luxuriantes
2471 3114 2527 3164 et
2574 3107 2914 3164 deliciantes
2965 3126 3078 3164 uno
3109 3109 3167 3165 in
3200 3110 3345 3179 loco,
3381 3129 3484 3167 nec
3514 3118 3708 3169 tamen

2061 3198 2442 3254 exsultantes.
2476 3198 2685 3268 Aitquc
2718 3198 2859 3252 mihi
2894 3215 2907 3252 :
2941 3198 3140 3254 Viden’
3175 3199 3331 3255 hunc
3375 3202 3713 3272 pastorem?

2063 3285 2263 3352 Video,
2297 3283 2842 3354 inquam,Domine.
2861 3285 2963 3341 Hic
2994 3289 3102 3354 est,
3123 3287 3223 3358 ait,
3242 3288 3486 3360 angelus
3514 3289 3716 3362 volup-

2063 3374 2203 3431 tatis
2235 3380 2293 3430 et
2324 3374 2695 3430 fallacieeJlic
2724 3375 2923 3430 atterit
2953 3376 3182 3432 animas
3205 3393 3508 3434 servorum
3530 3379 3718 3448 Dei,et

2063 3464 2268 3520 avertit
2289 3481 2322 3519 a
2342 3463 2603 3533 veritate,
2620 3463 2792 3519 malis
2815 3463 3112 3535 decipiens
3141 3464 3271 3521 illas
3301 3468 3716 3539 concupiscen-

2064 3553 2249 3619 tiis,in
2283 3552 2496 3623 quibus
2515 3551 2624 3606 illae
2646 3556 2890 3624 pereunt
2907 3553 3282 3611 immemores
3300 3556 3712 3612 mandatorum

2068 3643 2164 3697 Dei
2195 3641 2460 3709 viventis,
2489 3641 2942 3712 incedentesque
2991 3641 3050 3696 in
3099 3643 3266 3698 vanis
3313 3643 3716 3714 voluptatibus

2064 3735 2120 3787 et
2172 3730 2418 3786 fallaciis
2467 3730 2646 3801 hujus
2675 3732 2822 3785 vitae.
2858 3731 3220 3803 Quapropter
3250 3731 3609 3804 dispereunt,
3643 3734 3716 3790 ab

2063 3820 2172 3875 hoc
2221 3820 2426 3892 angelo
2475 3820 2533 3873 in
2580 3823 2889 3875 mortemet
2939 3820 3373 3892 corruptionem
3421 3821 3717 3878 deductae.

2063 3911 2209 3964 Tum
2244 3925 2347 3980 ego
2383 3926 2395 3963 :
2430 3907 2658 3979 Ignoro,
2691 3907 2959 3973 Domine,
2993 3908 3134 3978 quid
3166 3908 3243 3962 sit
3273 3918 3330 3964 in
3366 3914 3613 3966 mortem
3662 3915 3722 3966 et

2060 3997 2515 4070 corruptionem.
2541 3995 2810 4066 Dixitque
2838 3995 2982 4050 mihi
3015 3997 3207 4052 :Audi
3239 4002 3296 4053 et
3325 3997 3556 4071 percipe
3587 4016 3716 4070 quas

2057 4088 2219 4143 vides
2254 4104 2265 4142 :
2302 4086 2450 4142 Oves
2480 4084 2694 4140 hilares
2725 4083 2836 4138 illae
2868 4089 2924 4139 et
2949 4084 3332 4154 exsultantes,
3361 4086 3418 4141 bi
3440 4092 3581 4143 sunt
3611 4100 3720 4160 qui

2057 4194 2090 4232 a
2119 4177 2235 4233 Deo
2267 4176 2339 4231 ad
2375 4175 2551 4230 linem
2579 4189 2766 4246 usque
2799 4173 2985 4230 avulsi
3016 4179 3175 4244 sunt,
3223 4180 3278 4231 et
3326 4193 3454 4232 sese
3501 4193 3716 4234 concu-

2054 4264 2362 4338 piscentiis
2394 4263 2574 4334 hujus
2613 4262 2809 4318 saeculi
2844 4263 3232 4320 tradiderunt.
3267 4265 3330 4320 In
3380 4265 3474 4322 bis
3524 4267 3722 4338 itaque

2057 4354 2220 4410 nulla
2250 4358 2340 4410 est
2371 4351 2715 4425 poenitentia
2737 4353 2807 4407 de
2838 4353 2957 4407 vita
2988 4353 3266 4425 sua,quia
3297 4353 3472 4410 etiam
3508 4372 3721 4412 nomen

2055 4443 2288 4501 Domini
2339 4445 2573 4513 propter
2622 4441 2753 4496 illos
2802 4440 3286 4513 blasphematur.
3338 4447 3556 4499 Harum
3606 4445 3723 4502 vita

277 4541 409 4597 ταῖς
444 4533 756 4608 ἐπιθυμίαις
804 4538 902 4589 τοῦ
959 4534 1152 4596 αἷῶνος
1199 4532 1416 4589 τούτου.
1452 4534 1537 4589 Ἐν
1586 4531 1801 4594 τούτοις
1856 4530 1946 4586 οῦν

2058 4549 2215 4588 mors
2246 4536 2348 4587 est.
2375 4533 2530 4597 Quas
2561 4533 2754 4584 autem
2791 4529 2985 4584 vidisti
3019 4546 3135 4585 non
3172 4530 3556 4601 exsultantes,
3577 4538 3634 4588 et
3660 4535 3722 4590 in

287 4625 559 4700 μετάνοια
590 4629 736 4694 ζωῆς
794 4622 892 4678 οὐκ
931 4622 1096 4693 ἔστιν,
1130 4622 1214 4677 ὅτι
1263 4621 1352 4676 καὶ
1379 4622 1442 4676 τὸ
1482 4617 1656 4694 ὄνομα
1692 4625 1788 4676 τοῦ
1822 4624 1956 4676 Θεοῦ

289 4712 364 4769 δι’
399 4713 599 4774 αὐτοὺς
635 4712 1065 4787 βλασφημεῖται.
1099 4713 1216 4766 Τῶν
1262 4711 1526 4767 τοιούτων
1561 4712 1594 4780 ἠ
1631 4712 1743 4781 ζωὴ
1797 4709 1954 4775 θάνα-

284 4803 385 4865 τός
440 4801 599 4858 ἐστιν.
649 4809 712 4856 Ἃ
763 4799 820 4856 δὲ
868 4800 1003 4864 εἶδες
1054 4802 1131 4874 μὴ
1190 4804 1512 4874 σκιρτῶντα,
1546 4798 1694 4854 ἀλλά
1752 4801 1841 4853 καὶ
1901 4799 1953 4853 ἐν

287 4892 456 4963 τόπῳ
521 4891 845 4964 βοσκόμενα,
897 4890 1047 4946 οὗτοί
1106 4890 1235 4944 εἰσιν
1287 4890 1338 4943 οἱ
1369 4886 1812 4962 παραδεδωκότες
1861 4889 1954 4961 μὲν

289 4985 365 5054 τῇ
397 4983 575 5056 τρυφῇ
606 4979 697 5033 καὶ
747 4981 922 5053 ἀπάτῃ
975 4979 1221 5049 ἑαυτοὺς,
1255 4978 1332 5039 είς
1383 4975 1438 5033 δὲ
1480 4979 1570 5033 τὸν
1623 4976 1816 5052 Κύριον
1880 4978 1955 5050 μὴ

299 5066 822 5145 βλασφημήσαντες.
874 5069 1038 5126 Οὗτοι
1091 5066 1181 5123 οῦν
1233 5067 1659 5146 κατεφθαρμένοι
1690 5066 1823 5121 εἰσὶν
1855 5067 1960 5120 ἀπὸ

295 5163 401 5226 τῆς
437 5154 715 5226 ἀληθείας·
752 5155 802 5211 ἐν
855 5158 1070 5219 τούτοις
1119 5155 1274 5218 ἐλπίς
1323 5156 1434 5210 ἐστι
1487 5155 1790 5228 μετανοίας,
1842 5153 1892 5210 ἐν

2066 4623 2190 4678 loco
2223 4637 2328 4676 suo
2361 4624 2686 4690 pascentes,
2718 4617 2776 4672 hi
2809 4623 2948 4674 sunt
2972 4617 3069 4690 qui
3103 4634 3231 4675 sese
3275 4620 3512 4691 quidem
3560 4621 3723 4678 volu-

2065 4711 2208 4782 ptati
2258 4713 2315 4764 et
2362 4707 2602 4764 fallaciae
2650 4707 2943 4774 dedidere,
2997 4709 3099 4762 sed
3150 4709 3206 4762 in
3263 4711 3571 4766 Dominum
3605 4728 3720 4767 non

2065 4797 2644 4869 blasphemavere.Hi
2676 4797 2913 4867 quidem
2946 4799 3201 4868 corrupti
3233 4802 3290 4852 et
3321 4816 3354 4854 a
3375 4799 3616 4856 veritate
3637 4817 3724 4856 se-

2067 4887 2227 4942 ducti
2258 4891 2415 4952 sunt,
2448 4885 2506 4938 in
2541 4884 2634 4939 his
2662 4890 2857 4939 tamen
2909 4901 3043 4956 spes
3093 4890 3182 4940 est
3235 4888 3608 4961 poenitentiae,
3661 4890 3722 4945 in

2070 4993 2185 5048 qua
2233 4975 2422 5028 vivere
2471 4977 2736 5043 possunt.
2788 4973 3000 5027 Earum
3051 4973 3247 5045 itaque
3279 4977 3570 5048 corruptio
3607 4995 3723 5034 non

2069 5070 2159 5120 est
2190 5064 2315 5118 sine
2347 5079 2448 5133 spe
2478 5061 2944 5132 resurrectionis,
2979 5078 3165 5133 usque
3197 5065 3265 5117 ad
3298 5072 3521 5120 certum
3575 5072 3727 5123 tem-

2072 5153 2230 5227 poris
2262 5153 2544 5223 spatium.
2579 5150 2732 5205 Mors
2764 5155 2957 5205 autem
2991 5158 3270 5206 aeternum
3303 5159 3392 5209 est
3423 5155 3687 5212 exitium.

298 5243 558 5300 δύνανται
617 5251 794 5316 ζῆσαι.
830 5247 890 5302 Ἡ
918 5247 1236 5324 καταφθορά
1292 5244 1383 5300 οὖν
1443 5242 1637 5300 ἐλπίδα
1695 5241 1811 5320 ἔχει
1875 5243 2212 5302 ἀναστάσεως
2269 5235 2374 5301 ἕως
2432 5237 2595 5299 τινόςο
2632 5239 2658 5292 ὁ
2693 5235 2749 5291 δὲ
2808 5238 3033 5300 θάνατος
3091 5239 3366 5296 ἀπώλειαν
3427 5240 3543 5318 ἔχει
3601 5245 3730 5298 αἰώ-

299 5337 443 5373 νιον.

375 5435 492 5504 (80)
529 5435 630 5507 Hic
660 5435 1317 5507 locusgLatinegtantum
1361 5434 1592 5507 legitur
1621 5435 1794 5507 apud
1827 5434 1967 5507 Her-

307 5522 469 5562 mam
521 5506 805 5563 Pastorem
835 5505 874 5562 l.
908 5523 993 5574 ιη,
1027 5505 1205 5563 simil.
1238 5508 1292 5576 6,
1325 5523 1382 5578 p.
1413 5505 1506 5573 63,
1538 5505 1637 5562 ubi
1661 5505 1754 5578 sic
1782 5505 1969 5562 habe-

307 5584 408 5650 tur
438 5595 451 5633 :
485 5579 552 5634 Et
580 5579 833 5634 venimus
862 5581 924 5633 in
948 5579 1239 5650 quemdam
1270 5576 1544 5649 cdrapum,
1564 5581 1615 5634 et
1644 5576 1770 5633 illic
1788 5586 1969 5634 osten-

313 5649 393 5708 dit
420 5649 571 5709 mihi
590 5653 867 5723 juvenem
910 5649 1192 5722 pastorem
1234 5651 1491 5710 vestitum
1535 5649 1836 5724 synthesim
1878 5665 1972 5707 υσ-

2077 5432 2466 5486 stimentorum
2495 5428 2670 5483 colore
2697 5430 2970 5483 coccineo.
3002 5428 3070 5482 Et
3110 5435 3314 5485 caetera
3345 5430 3491 5487 bene
3541 5433 3730 5491 multa

2079 5519 2206 5575 quis
2251 5501 2500 5572 scriptor
2544 5500 2656 5555 iste
2704 5515 2782 5576 ex_
2817 5499 3160 5576 Fr._Hermse
3190 5505 3374 5572 textu,
3408 5503 3507 5576 qui
3537 5505 3727 5563 adhuc

2079 5570 2387 5646 supererat
2412 5588 2517 5628 suo
2544 5588 2682 5642 aevo,
2714 5570 2786 5626 ad
2811 5570 3053 5627 verbum
3085 5570 3393 5631 mutuatus
3422 5570 3532 5631 cst.

2150 5646 2264 5718 (81)
2295 5644 2563 5713 Hermas,
2590 5643 2662 5701 ad
2685 5643 3066 5717 defectionem.
