4108 6210
382 350 500 410 583

460 484 546 538 19.
584 482 808 538 Rursus
856 480 1157 552 paululum
1212 480 1622 552 processimus,
1674 487 1729 533 et
1776 478 2116 545 ostenditA

391 573 535 628 mihi
567 573 745 627 alium
782 576 1067 643 pastorem
1104 575 1328 625 statura
1362 570 1692 640 praealtum,
1747 569 2037 639 etferaque

390 662 607 735 specie,
638 662 911 715 indutum
945 662 1184 730 caprina
1214 659 1360 729 pelle
1392 658 1542 727 alba,
1576 658 1675 729 qui
1708 674 1904 729 peram
1937 658 2037 711 ha-

382 753 554 808 bebat
575 752 819 806 humero
837 749 1267 820 impositam,ac
1288 748 1615 818 praeduram
1638 748 2036 816 nodosamque

382 842 624 911 virgam,
656 844 935 909 torvoque
965 845 1088 892 erat
1118 837 1467 907 aspectu,ita
1499 840 1563 889 ut
1597 836 2033 890 reformidarem

378 928 678 984 illum.Hic
707 928 896 996 itaque
920 929 1113 997 pastor
1134 942 1269 979 oves
1301 926 1522 995 accepit
1545 943 1575 979 a
1598 925 1784 995 primo
1809 928 2033 994 pastore

378 1017 480 1073 illo
531 1016 917 1085 adolescente,
970 1014 1100 1068 illas
1151 1013 1387 1082 scilicet,
1438 1012 1805 1078 deliciantes,
1856 1012 2031 1067 luxu-

381 1108 620 1173 riantes,
659 1121 761 1160 nec
788 1102 1169 1170 exsultantes,
1201 1119 1265 1157 ac
1297 1102 1546 1172 conjecit
1578 1101 1708 1156 illas
1738 1102 1793 1154 in
1828 1117 2032 1172 quem-

378 1196 512 1251 dam
536 1198 889 1267 praeruptum
910 1191 1319 1262 locum,spinis
1338 1196 1393 1245 et
1412 1190 1644 1246 tribulis
1667 1189 2028 1262 perplexum,

378 1285 461 1339 ita
491 1290 555 1339 ut
585 1300 699 1337 non
734 1286 970 1353 possent
1018 1298 1153 1335 oves
1205 1298 1237 1336 a
1285 1280 1518 1335 tribulis
1569 1280 1684 1333 illis
1736 1284 1793 1333 et
1843 1279 2032 1351 spinis

374 1390 503 1429 sese
532 1374 830 1437 extricare,
867 1372 963 1426 sed
994 1372 1050 1424 in
1084 1370 1230 1442 ipsis
1276 1370 1786 1442 complicarentur,
1821 1386 1885 1424 ac
1920 1369 2025 1423 mi-

373 1461 618 1518 serrime
671 1464 927 1531 agerent,
980 1460 1051 1514 ab
1102 1458 1200 1513 illo
1250 1459 1423 1514 etiam
1479 1459 1802 1524 lancinatze,
1852 1463 2027 1529 atque

370 1550 521 1606 ultro
554 1550 820 1620 citroque
853 1547 1189 1619 compulsos.
1234 1548 1463 1603 Nullam
1517 1548 1769 1618 denique
1818 1564 2024 1603 conce-

371 1640 546 1695 debat
594 1638 878 1709 requiem,
928 1654 1031 1692 nec
1082 1643 1143 1692 ut
1174 1638 1429 1708 quodam
1460 1636 1584 1691 loco
1618 1636 2022 1691 consisterent.

372 1728 518 1784 Cum
551 1727 681 1781 illas
712 1727 793 1782 ita
822 1726 1151 1781 verberatas
1182 1733 1237 1780 et
1259 1725 1468 1781 misere
1500 1726 1745 1780 afflictas
1791 1726 2023 1796 conspi-

1555 345 1613 405 S.
1664 342 2180 405 A'l‘llANASlUS.
2216 378 2290 388 ——-
2322 344 2631 405 SPUltlA.

3681 348 3801 407 884

2223 480 2307 534 19.
2370 474 2539 531 Πάλιν
2600 472 2912 551 προὲὄημεν
2978 478 3191 553 μικρὸν,
3252 478 3340 531 καὶ
3406 476 3644 533 δείκνυσί
3707 503 3798 551 μοι

2147 562 2324 639 ἕτερον
2382 566 2617 639 ποιμένα
2670 566 2853 641 μέγαν,
2888 566 2962 627 ὡς
3026 564 3209 640 ἄγριον
3263 570 3332 641 τῇ
3388 565 3522 639 ἰδέᾳ,
3554 570 3802 643 περικείο

2150 676 2310 727 μενον
2346 652 2518 728 δερμα
2547 652 2749 729 αἷίγειον
2785 653 2997 721 λευκὸν,
3030 655 3119 708 καὶ
3166 658 3344 731 πήραν
3384 658 3505 711 τινὰ
3535 657 3683 733 εἶχεν
3716 659 3800 712 ἐπὶ

2143 744 2234 797 τὸν
2255 745 2405 818 ὦμον
2440 744 2527 799 καὶ
2562 739 2758 819 ῥάϐδον
2795 742 3034 819 σκληρὰν
3072 744 3190 798 λίαν
3222 744 3309 798 καὶ
3340 742 3499 813 ὄζους
3541 744 3799 822 ἔχουσαν

2144 833 2323 887 καὶτὸ
2358 831 2581 907 βλέμμα
2630 834 2744 907 εἶχε
2790 834 3005 907 πικρὸν,
3055 832 3191 887 ὥστε
3240 829 3549 903 φοϐηθῆναί
3585 857 3653 908 με
3705 837 3799 891 αύ-

2143 922 2252 979 τόν.
2306 923 2478 984 Οὗτος
2530 920 2620 975 οῦν
2669 922 2696 975 ὁ
2728 924 2935 994 ποιμὴν
2985 918 3372 998 παρελάμϐανε
3426 924 3492 978 τὰ
3547 920 3799 1001 πρόϐατα

2142 1011 2248 1065 ἀπὸ
2275 1016 2371 1065 τοῦ
2400 1011 2659 1083 ποιμένος
2708 1014 2804 1065 τοῦ
2854 1011 3075 1085 πρώτου
3122 1016 3218 1066 τοῦ
3265 1013 3563 1085 νεανίσκου,
3619 1014 3799 1069 ἐκεῖνα

2140 1102 2204 1154 τά
2263 1100 2619 1156 σπαταλῶντα
2678 1101 2766 1154 καὶ
2810 1105 3095 1178 τρυφῶντα
3131 1146 3148 1170 ,
3194 1103 3267 1174 μή
3326 1107 3629 1178 σκιρτῶντα
3688 1101 3749 1157 δὲ
3782 1151 3796 1175 ,

2141 1191 2228 1244 καὶ
2262 1185 2491 1245 ἔϐαλλεν
2526 1189 2657 1244 αὐτὰ
2689 1187 2766 1251 εἷίς
2791 1210 2911 1243 τινα
2940 1189 3106 1244 τόπον
3140 1189 3440 1264 κρημνώδη
3490 1193 3577 1246 καὶ
3631 1193 3797 1247 ἀκαν-

2141 1278 2289 1346 θώόη
2323 1279 2411 1332 καὶ
2440 1274 2779 1353 τριϐολώδη·
2814 1276 2951 1332 ὥστε
2983 1279 3088 1332 ἀπὸ
3120 1282 3225 1332 τῶν
3261 1279 3502 1344 ἀκανθῶν
3537 1281 3627 1335 καὶ
3680 1304 3798 1358 τρι-

2140 1362 2321 1421 ϐόλων
2358 1368 2431 1439 μὴ
2492 1364 2745 1431 δύνασθαι
2789 1365 3039 1437 ἐκπλὲξαι
3090 1369 3156 1421 τά
3205 1362 3469 1443 πρόϐατα,
3518 1367 3649 1424 ἀλλ’
3698 1371 3797 1444 ἐμ-

2138 1454 2428 1519 πλέκεσθαι
2458 1460 2576 1517 ταῖς
2628 1455 2878 1517 ἀκάνθαις
2926 1456 3014 1510 καὶ
3061 1450 3341 1528 τριϐόλοις
3388 1457 3473 1512 καὶ
3518 1456 3637 1513 λίαν
3672 1458 3797 1514 ἐτα-

2140 1544 2451 1619 λαιπώρουν
2507 1542 2799 1621 δαιρόμενα
2850 1546 2939 1599 ὑπ’
2992 1544 3152 1600 αὐτοῦ
3209 1546 3299 1599 καὶ
3348 1544 3454 1602 ὧδε
3501 1547 3659 1602 κάκεῖ
3696 1569 3793 1603 πε-

2138 1631 2412 1708 ριὲλαυνιν
2487 1633 2619 1688 αότά
2694 1634 2784 1688 καὶ
2856 1632 3001 1695 ὅλως
3076 1633 3366 1689 ἀνάπαυσιν
3447 1635 3631 1698 αὐτοῖς
3693 1637 3797 1692 οὐκ

2137 1719 2335 1791 ἐδίδου,
2397 1720 2522 1777 οὐδὲ
2567 1721 2808 1779 ἵσταντο.
2870 1722 3092 1779 Βλέπων
3155 1724 3245 1777 οὸν
3302 1724 3433 1778 αὐτὰ
3484 1725 3592 1798 ἐγὼ
3643 1726 3794 1781 οὕτω

379 1833 589 1884 cerem,
643 1816 909 1870 dolebam
942 1832 1043 1886 pro
1079 1814 1193 1869 illis
1226 1815 1363 1885 quia
1392 1814 1558 1869 valde
1588 1814 2021 1882 cruciabantur,

2138 1812 2503 1885 μαστιζόμενα
2552 1812 2639 1865 καὶ
2688 1809 3164 1887 ταλαιπωροῦντα,
3204 1811 3522 1886 ἐλυπούμην
3573 1812 3657 1869 ἐπ’
3687 1815 3793 1869 αύ-

376 1923 482 1963 nec
548 1905 1044 1961 intermissionem
1115 1903 1295 1957 ullam
1363 1903 1686 1959 habebant.
1736 1903 2022 1975 Angelum

378 2012 575 2051 meum
608 1995 937 2062 loquentem
974 1998 1320 2064 percunotor
1347 1993 1382 2059 ξι
1439 1993 1698 2057 Domine,
1748 1992 1881 2064 quis
1935 1992 2028 2047 hic

370 2089 569 2156 pastor
616 2089 723 2151 est,
776 2083 854 2136 ita
888 2082 1132 2136 immitis
1178 2088 1235 2136 et
1269 2081 1557 2136 acerbus?
1586 2082 1796 2153 Aitque
1829 2081 1973 2135 mihi
2010 2102 2023 2140 ;

370 2173 473 2228 Hie
504 2176 593 2228 est
624 2170 870 2243 angelus
902 2170 1166 2233 ultionis,
1203 2170 1299 2241 qui
1336 2187 1364 2224 e
1398 2187 1641 2225 numero
1671 2176 1760 2225 est
1791 2171 2023 2242 angelo-

365 2280 497 2317 rum
521 2263 842 2331 justorum,
864 2260 1217 2314 constitutus
1251 2260 1319 2313 ad
1354 2259 1659 2314 ultionem.
1685 2260 1785 2314 Hic
1812 2260 2026 2332 excipit

364 2368 461 2407 eos
496 2351 595 2422 qui
626 2366 660 2404 a
695 2355 804 2404 Deo
832 2349 1195 2417 aberrarunt,
1230 2354 1285 2402 et
1316 2348 1688 2402 incesserunt
1722 2348 1775 2402 in
1806 2364 2023 2403 concu-

366 2438 670 2512 piscentiis
701 2438 842 2492 suis.
877 2442 1062 2507 Atque
1098 2436 1229 2491 illos
1265 2454 1364 2507 pro
1400 2437 1607 2492 merito
1640 2454 1746 2491 suo
1796 2437 2018 2491 ulcisci-

363 2519 479 2595 tur,
527 2527 822 2582 atrocibus
872 2533 927 2580 et
978 2526 1154 2581 variis
1188 2526 1454 2597 afﬂigens
1505 2525 1829 2596 suppliciis.
1872 2526 2018 2582 Tum

373 2634 478 2691 ego
514 2616 709 2671 :Seire
740 2616 930 2688 cupio,
967 2615 1376 2685 Domine,quae
1409 2620 1465 2668 et
1496 2615 1687 2683 qualia
1719 2615 1837 2668 sint
1862 2616 2021 2671 varia

369 2704 471 2761 illa
500 2704 811 2776 supplicia.
845 2703 1016 2770 Audi,
1050 2702 1242 2773 inquit
1274 2702 1389 2770 ille,
1423 2703 1579 2757 varia
1628 2703 1917 2774 supplicia
1965 2708 2021 2758 et

364 2798 675 2860 tormenta,
698 2792 998 2847 sacularia
1029 2797 1165 2846 sunt
1200 2796 1509 2845 tormenta.
1531 2794 1669 2845 Cum
1702 2792 1857 2847 enim
1890 2809 2019 2848 sese

364 2884 634 2937 homines
666 2898 698 2936 a
728 2882 843 2936 Deo
874 2880 1411 2952 separaverint,rati
1438 2896 1498 2934 se
1531 2880 1587 2933 in
1622 2881 1813 2951 quiete
1845 2888 1901 2936 et
1932 2883 2018 2936 di-

364 2972 521 3026 vitiis
555 2976 908 3035 versaturos,
942 2975 1079 3023 tunc
1113 2986 1308 3040 poenas
1342 2969 1531 3038 luunt,
1562 2974 1618 3024 et
1647 2970 1743 3024 alii
1779 2970 2015 3040 quidem

370 3060 721 3125 multantur,
756 3058 854 3113 alii
886 3058 1051 3129 egeni
1084 3058 1355 3123 evadunt,
1390 3057 1484 3112 alii
1540 3058 1594 3111 in
1646 3058 2018 3115 infirmitates

367 3146 653 3218 plurimas
685 3148 901 3201 cadunt
934 3147 1072 3201 etin
1119 3146 1457 3211 seditiones,
1511 3146 1605 3200 alii
1658 3147 1729 3201 ab
1779 3147 2013 3203 inferio-

2136 1906 2271 1969 τοῖς,
2304 1900 2385 1954 ὅτι
2419 1900 2589 1961 οὕτως
2625 1895 2994 1968 ἐϐασανίζοντο
3024 1900 3113 1955 καὶ
3143 1901 3349 1976 ἀνοχὴν
3401 1901 3546 1963 ὅλως
3579 1903 3681 1958 οὐκ
3713 1902 3793 1958 εἷ-

2142 2009 2263 2064 χον.
2301 1989 2396 2043 Καὶ
2446 1988 2589 2065 λέγω
2634 1993 2712 2060 τῷ
2762 1988 2974 2064 ἀγγέλῳ
3020 1993 3098 2061 τῷ
3155 1992 3269 2062 μετ’
3319 1990 3452 2063 ἐμοῦ
3502 1989 3790 2048 λαλοῦντι·

2137 2078 2317 2153 Κύριε,
2349 2078 2428 2140 τίς
2463 2077 2599 2131 ἐστιν
2650 2076 2807 2139 οὗτος
2858 2079 2885 2131 ὁ
2928 2079 3159 2150 ποιμὴν,
3212 2080 3240 2133 ὁ
3291 2077 3635 2156 ἄσπλαγχνος
3694 2083 3790 2136 καὶ

2134 2168 2325 2242 πικρός
2363 2188 2375 2236 ;
2410 2168 2507 2221 Καὶ
2556 2165 2699 2242 λέγει
2756 2185 2868 2239 μοι·
2925 2166 3098 2227 Οὗτός
3148 2166 3285 2221 ἐστιν
3343 2168 3371 2221 ὁ
3406 2168 3636 2243 ἅγγελος
3682 2178 3789 2240 τῆς

2131 2256 2419 2332 τιμωρίαςο
2471 2257 2529 2310 ἐκ
2579 2252 2635 2309 δὲ
2681 2259 2787 2309 τῶν
2838 2253 3087 2330 ἀγγέλων
3120 2260 3225 2309 τῶν
3258 2254 3480 2312 δικαίων
3514 2258 3650 2327 ἐστὶ,
3695 2281 3789 2315 τε·

2129 2346 2393 2421 ταγμένος
2454 2342 2510 2399 δὲ
2565 2343 2650 2397 ἐπὶ
2708 2345 2807 2412 τῆς
2862 2344 3152 2420 τιμωρίας.
3215 2341 3635 2421 Παραλαμϐάνει
3687 2347 3783 2401 οὖν

2128 2435 2254 2496 τοὺς
2286 2433 2766 2503 ἀποπλανηθέντας
2818 2432 2921 2486 ἀπὸ
2971 2437 3063 2487 τοῦ
3113 2437 3244 2487 Θεοῦ
3295 2435 3381 2487 καὶ
3423 2437 3786 2507 πορευθέντας

2128 2529 2247 2585 ταῖς
2280 2523 2585 2595 ἐπιθυμίαις
2638 2521 2831 2591 αὐτῶν,
2865 2522 2953 2575 καὶ
3000 2526 3324 2595 τιμωρεῖται
3375 2522 3587 2593 αὐτοὺς,
3648 2538 3785 2589 καθα

2129 2613 2202 2673 ὼς
2239 2612 2375 2681 ἄξιοί
2406 2611 2561 2683 εἰσιν,
2594 2608 2793 2671 δειναῖς
2823 2611 2913 2665 καὶ
2946 2609 3227 2671 ποικίλαις
3275 2611 3586 2683 τιμωρίαις.
3625 2614 3785 2689 Λέγω

2128 2700 2293 2773 αὐτῷ’
2346 2700 2573 2763 Ἢθελον
2628 2704 2851 2773 γνῶναι,
2904 2698 3087 2772 Κύριε,
3136 2700 3231 2760 τάς
3281 2698 3534 2762 ποικίλας
3578 2701 3783 2763 ταύτας

2124 2790 2414 2865 τιμωρίας,
2448 2789 2682 2843 ποταπαί
2733 2787 2886 2842 εἰσιν.
2920 2789 3135 2859 Ἄκουε,
3170 2786 3354 2865 φησίν.
3407 2789 3469 2841 Ai
3524 2789 3779 2845 ποικίλαι

2124 2878 2385 2951 τιμωρίαι
2442 2878 2529 2932 καὶ
2584 2878 2802 2952 βάσανοι
2861 2874 3110 2949 βιωτικάί
3169 2875 3271 2929 εἶσι
3321 2875 3565 2947 βάσανοι.
3610 2879 3783 2933 Ἐπᾶν

2126 2969 2228 3043 γὰρ
2302 2968 2575 3021 ἀποστῶσι
2646 2969 2743 3020 τοῦ
2802 2970 2934 3019 Θιοῦ
3000 2965 3310 3037 νομίζοντες
3370 2964 3421 3020 ἐν
3483 2967 3781 3023 ἀναπαύσει

2126 3060 2261 3113 εἶναι
2310 3056 2397 3111 καὶ
2447 3054 2692 3127 πλούτῳ,
2743 3053 2865 3108 τότε
2914 3054 3369 3128 τιμωροῦνταιοὶ
3425 3055 3518 3128 μὲν
3549 3057 3783 3126 ζημιούσ

2130 3166 2303 3219 μενοι,
2334 3145 2383 3199 οἱ
2432 3141 2489 3198 δὲ
2544 3141 2941 3218 ὑστερούμενοι,
2976 3142 3026 3196 οἱ
3060 3140 3115 3196 δὲ
3144 3142 3440 3204 ἀσθενείαις
3496 3143 3784 3208 ποικίλαις

366 3236 531 3290 ribus
564 3234 916 3290 contumelia
948 3234 1367 3302 afﬁciuntur,et
1398 3234 1511 3289 alia
1534 3235 1604 3289 iis
1638 3234 1855 3290 similia
1878 3253 2014 3291 con-

2132 3234 2564 3311 περιπίπτοντες,
2623 3230 2783 3287 ἄλλοι
2835 3232 2884 3287 ἐν
2916 3230 3347 3301 ἀκαταστασίαις,
3396 3228 3568 3310 ἕτεροι
3629 3228 3784 3311 ὑϐρι-

361 3324 617 3395 tingunt.
651 3322 891 3377 Plurimi
924 3339 1181 3394 namque
1213 3324 1313 3394 qui
1362 3323 1723 3379 tumultuose
1772 3324 2017 3380 consilia

356 3411 600 3484 agitant,
625 3413 684 3467 in
714 3410 899 3467 multa
930 3411 1159 3482 negotia
1189 3411 1874 3484 conjiciuntur,nibilque
1896 3412 2015 3469 illis

356 3518 633 3573 prospere
665 3501 999 3571 cadit,quod
1020 3500 1261 3573 indigne
1292 3502 1485 3555 ferunt
1517 3502 1629 3573 ipsi
1666 3519 1676 3555 :
1712 3502 2011 3573 ignorant-

355 3607 469 3661 que
502 3590 629 3645 ideo
662 3606 723 3645 se
752 3590 946 3645 minus
978 3604 1252 3661 prospere
1279 3607 1398 3643 rem
1434 3605 1623 3661 agere,
1657 3592 1812 3662 quod
1860 3592 2015 3648 mala

362 3680 515 3736 212
548 3679 943 3751 perpetrarint
972 3696 983 3732 :
1019 3695 1085 3733 ac
1117 3679 1353 3732 demum
1382 3679 1690 3735 Dominum
1717 3679 2011 3749 incusant,

362 3784 465 3825 nec
498 3768 795 3824 sustinent
824 3767 1066 3838 reliquis
1110 3766 1238 3822 vitae
1287 3784 1405 3822 suae
1455 3767 1662 3823 diebus
1708 3770 1776 3823 ad
1829 3775 2010 3826 Deum

363 3858 617 3913 converti
668 3861 844 3929 atque
894 3856 974 3911 illi
1008 3872 1149 3927 puro
1181 3857 1352 3911 corde
1384 3857 1616 3912 servire.
1651 3860 1809 3924 Quod
1846 3860 1895 3913 si
1928 3876 2013 3914 re-

354 3946 638 4016 sipiscant
670 3944 1189 4017 poenitentiamque
1236 3950 1431 4016 agant,
1486 3950 1625 4001 tunc
1676 3946 2013 4019 intelligunt

351 4036 508 4089 mala
534 4052 642 4090 sua
668 4052 842 4106 opera
874 4035 931 4088 in
965 4052 1142 4090 causa
1176 4034 1354 4089 fuisse
1388 4036 1546 4106 quod
1584 4054 1698 4090 non
1738 4053 2011 4108 prospere

350 4139 472 4177 rem
506 4124 812 4194 gesserint,
845 4127 1021 4195 atque
1054 4124 1130 4176 ila
1159 4122 1405 4177 Domino
1437 4124 1682 4194 gloriam
1728 4126 2008 4197 referunt,

354 4216 420 4266 ut
448 4212 604 4281 justo
629 4211 839 4280 judici,
876 4229 909 4266 a
940 4228 1056 4282 quo
1080 4212 1213 4281 jure
1244 4212 1464 4276 afflicti,
1517 4219 1573 4266 et
1619 4215 1787 4284 juxta
1837 4230 2013 4286 opera

360 4316 467 4355 sua
498 4299 765 4371 castigati
801 4306 958 4354 sunt.
993 4300 1141 4355 Audi
1173 4301 1370 4370 itaque
1400 4300 1514 4354 vim
1545 4302 1872 4373 utriusque,
1915 4321 2011 4360 vo-

351 4388 595 4460 luptatis
627 4388 852 4444 scilicet
890 4394 945 4443 et
972 4388 1269 4459 supplicii.
1300 4388 1634 4459 Voluptatis
1658 4390 2012 4462 fallaciasque

359 4494 477 4531 una
525 4482 614 4532 est
662 4476 840 4544 hora;
873 4477 1143 4548 supplicii
1180 4481 1370 4531 autem
1406 4476 1558 4531 horae
1592 4479 1853 4549 triginta,
1886 4498 2012 4552 quas

2129 3325 2346 3397 ζόμενοι
2408 3323 2509 3377 ὑπὸ
2559 3320 2882 3388 ἐλαττόνων,
2930 3321 3019 3375 καὶ
3070 3321 3275 3394 ἒτὲραις
3326 3320 3605 3384 ποικίλαις
3636 3326 3783 3398 πρά-

2126 3417 2253 3486 ξεσι.
2290 3410 2499 3467 Πολλοὶ
2546 3411 2649 3487 γὰρ
2702 3410 3085 3472 ἀκαταστάντες
3132 3410 3181 3465 ὲν
3231 3416 3352 3473 ταῖς
3407 3410 3633 3485 βουλαῖς
3682 3411 3782 3467 αὖ·

2122 3507 2227 3557 τῶν
2262 3496 2651 3557 ἐπιϐάλλονται
2685 3500 2759 3561 εἷς
2791 3498 2977 3554 πολλὰ
3008 3498 3295 3575 πράγματα
3341 3499 3432 3554 καὶ
3483 3498 3636 3555 οὐδὲν
3675 3502 3777 3555 αύ-

2122 3597 2235 3653 τοῖς
2262 3590 2407 3653 ὅλως
2457 3584 2736 3644 ἀποϐάίνει
2788 3592 2921 3662 (82),
2969 3589 3057 3643 καὶ
3107 3585 3538 3664 δυσχεραίνουσι,
3586 3590 3676 3644 καὶ
3710 3590 3779 3645 οὐ

2120 3682 2494 3758 γινώσκουσιν,
2542 3678 2624 3733 ὅτι
2674 3675 2762 3732 διὰ
2806 3678 2873 3732 τὰ
2916 3680 3129 3748 πονηρὰ
3174 3678 3205 3731 ἃ
3255 3675 3480 3754 ἔπραξαν
3529 3678 3628 3733 οὐκ
3680 3678 3778 3733 εὖ-

2123 3770 2369 3825 οδοῦνται
2424 3769 2513 3823 καὶ
2563 3767 2754 3823 λοιπὸν
2804 3766 3079 3822 αἰτιῶνται
3129 3768 3220 3822 τὸν
3266 3768 3463 3843 Κύριον
3521 3769 3609 3822 καὶ
3671 3767 3778 3823 ούκ

2121 3860 2406 3934 ἀνέχονται
2453 3858 2547 3919 τὰς
2614 3855 2811 3918 λοιπὰς
2860 3856 3068 3932 ἡμέρας
3120 3856 3287 3914 αὐνῶν
3349 3856 3773 3933 ἐπιστρέψαντες

2124 3946 2406 4002 δουλεῦσαι
2456 3950 2534 4017 τῷ
2578 3950 2692 4016 Θεῷ
2741 3944 2791 3998 ἐν
2839 3946 3043 4019 καθαρᾷ
3099 3943 3312 4020 καρδίᾳ.
3364 3948 3460 4000 ’Δν
3510 3944 3567 3999 δὲ
3614 3967 3781 4018 μετα-

2120 4038 2359 4106 νοήσωσι
2416 4035 2504 4089 καὶ
2569 4034 2905 4106 ἀνανήψωσι,
2937 4034 3057 4088 τότε
3116 4039 3389 4104 συνιῶσιν,
3449 4033 3529 4088 δτι
3590 4032 3678 4088 διὰ
3706 4036 3783 4089 τὰ

2122 4125 2254 4200 ἔργα
2296 4124 2469 4179 αὐτῶν
2518 4125 2583 4178 τὰ
2634 4126 2848 4198 πονηρά
2899 4123 2997 4177 οὐκ
3046 4120 3343 4177 εὐωδοῦντο
3374 4124 3462 4178 καὶ
3513 4123 3656 4177 οὕτω
3688 4121 3785 4179 δο-

2123 4215 2333 4286 ξάζουσι
2366 4214 2456 4267 τὸν
2490 4214 2711 4287 Κύριον,
2762 4211 2845 4266 ὅτι
2891 4209 3097 4273 δίκαιος
3145 4214 3337 4286 κριτής
3387 4211 3517 4281 ἐστι,
3567 4210 3663 4265 καί
3691 4209 3779 4265 δι-

2122 4304 2289 4364 καίως
2352 4297 2586 4371 ἔπαθον,
2633 4300 2722 4354 καὶ
2774 4296 3161 4368 ἐπαιδεύθησαν
3213 4300 3349 4353 κατά
3402 4301 3494 4360 τὰς
3554 4297 3781 4373 πράξεις

2123 4390 2296 4444 αὐτῶν
2325 4390 2460 4461 (83).
2492 4390 2687 4445 ’Ἄκουε
2735 4385 2825 4441 οῦν
2879 4387 3197 4464 ἀμφοτέρων
3244 4386 3343 4454 τὴν
3394 4382 3642 4457 δύναμιν,
3673 4387 3782 4453 τῆς

2120 4486 2328 4556 τρυφῆς
2374 4478 2462 4532 καὶ
2511 4484 2613 4545 τῆς
2668 4475 2916 4551 βασάνου.
2951 4479 3066 4544 Τῆς
3116 4482 3325 4552 τρυφῆς
3374 4474 3460 4529 καὶ
3501 4481 3602 4544 τῆς
3634 4474 3779 4528 ἀπά-

363 4565 590 4621 dierum
621 4568 738 4621 vim
774 4567 1010 4621 habent.
1046 4566 1105 4619 Si
1140 4567 1272 4636 quis
1305 4582 1436 4635 ergo
1471 4566 1563 4621 die
1596 4584 1710 4622 una
1730 4569 2009 4640 voluptati

2132 4590 2221 4639 της
2256 4566 2510 4643 ὁχρόνος
2572 4565 2686 4639 ὥρα
2739 4564 2848 4619 ἐστὶ
2912 4564 3028 4638 μία,
3085 4571 3183 4633 τῆς
3240 4561 3296 4618 δὲ
3349 4564 3580 4639 βασάνου
3636 4562 3783 4635 ὧραι

361 4660 525 4710 vacet
556 4661 611 4709 et
640 4671 743 4726 pro
775 4672 839 4710 ea
873 4671 932 4709 re
962 4670 1094 4709 cum
1129 4671 1195 4708 eo
1227 4653 1640 4724 expostulelur,
1677 4660 1853 4727 atque
1901 4674 2015 4713 uno

373 4743 466 4798 die
518 4744 828 4813 crucietur,
875 4744 998 4798 dies
1032 4742 1129 4796 illa
1161 4742 1457 4798 cruciatus
1488 4744 1622 4798 anni
1658 4744 1867 4816 integri
1900 4748 2013 4801 vim

361 4832 713 4900 habet.Quot
746 4834 924 4905 igitur
955 4831 1206 4903 quisque
1232 4832 1356 4887 dies
1388 4832 1668 4905 voluptati
1705 4851 1830 4890 sese
1861 4836 2017 4890 dedi-

363 4920 533 4987 derit,
568 4925 653 4976 tot
683 4921 855 4976 annis
882 4920 1258 4976 crueiabitur.
1293 4921 1466 4975 Vides
1516 4938 1651 4993 ergo
1700 4922 2017 4993 voluptatis

362 5014 421 5066 et
448 5008 686 5064 fallaciae
718 5014 950 5080 tempus
986 5008 1125 5063 nihil
1160 5026 1306 5076 esse,
1334 5009 1605 5081 supplicii
1638 5028 1771 5066 vero
1804 5017 1859 5065 et
1889 5028 2018 5067 cru-

361 5098 553 5155 ciatus
586 5098 1134 5170 longissimum.Qui
1168 5098 1447 5169 voluptati
1479 5104 1643 5152 vacat
1673 5104 1728 5152 et
1779 5098 2014 5155 fallacias

363 5185 730 5257 hujusmodi,
762 5204 827 5241 ac
860 5204 960 5259 pro
992 5186 1232 5242 libidine
1262 5188 1399 5258 agit,
1431 5187 1487 5241 in
1518 5203 1731 5258 magna
1774 5188 2017 5243 indutus

362 5281 452 5332 est
483 5276 761 5331 amentia.
797 5275 902 5331 Pro
935 5275 1227 5347 voluptate
1260 5292 1513 5347 namque
1545 5280 1602 5330 et
1639 5275 1869 5331 fallacia
1914 5294 2013 5333 cu-

354 5367 573 5435 jusque
605 5364 741 5433 diei,
774 5382 1049 5437 magnum
1086 5366 1205 5419 luet
1238 5364 1614 5436 supplicium,
1650 5380 1871 5419 annum
1904 5367 2015 5421 sci-

357 5453 493 5509 licet
523 5470 625 5525 pro
658 5453 918 5525 qualibet
949 5454 1061 5510 die.
1097 5454 1342 5523 Dixique
1371 5451 1578 5524 angelo
1615 5468 1627 5505 :
1664 5452 1875 5519 Quales
1915 5472 2017 5511 vo-

452 5596 522 5649 82
572 5594 780 5667 Vulgo,
812 5589 973 5650 ὐποϐ.
1008 5596 1212 5650 Noun-3.

454 5595 545 5739 83;
577 5664 679 5725 Hic
711 5667 1015 5739 complura
1045 5666 1212 5724 omitt

2124 4656 2412 4731 τριάκοντα
2470 4656 2692 4727 ἡμερῶν
2748 4652 2975 4725 δύναμιν
3026 4652 3272 4727 ἔχουσαι.
3310 4653 3430 4709 Ἐὰν
3493 4650 3582 4705 οῦν
3648 4651 3779 4723 μίαν

2125 4746 2332 4818 ἡμέραν
2383 4765 2464 4805 τις
2511 4745 2761 4820 τρυφήσῃ
2810 4742 2897 4796 καὶ
2959 4742 3256 4815 ἀπαιτηθῇ,
3315 4741 3439 4815 μίαν
3474 4738 3528 4795 δὲ
3560 4740 3779 4815 ἡμέραν

2129 4832 2442 4908 βασανισθῇ,
2474 4831 2718 4885 ἐνιαυτοῦ
2768 4829 3086 4903 ὁλοκλήρου
3140 4830 3296 4905 ἰσχὺν
3343 4828 3457 4904 ἔχει
3508 4831 3541 4897 ἡ
3592 4829 3785 4903 ἥμερα

2126 4920 2302 4991 ἐκείνη
2335 4923 2430 4988 τῆς
2469 4918 2720 4996 βασάνου.
2756 4920 2922 4980 ’Ὁσας
2971 4918 3060 4973 οῦν
3111 4918 3320 4995 ἡμέρας
3374 4920 3619 4995 τρυφήσῃ
3668 4938 3775 4988 τις,

2122 5010 2416 5071 τοσούτους
2473 5008 2741 5069 ἐνιαυτοὺς
2814 5009 3281 5083 βασανισθήσεται.
3342 5005 3570 5067 Βλέπεις
3628 5004 3719 5060 οὗν
3758 5052 3780 5080 ,

2126 5099 2206 5153 ὅτι
2250 5106 2350 5167 τῆς
2395 5100 2599 5176 τρυιρῆς
2645 5097 2733 5151 καὶ
2785 5096 2993 5167 ἀπάτης
3027 5098 3053 5151 ὁ
3086 5096 3286 5171 χρόνος
3319 5094 3467 5151 οὐδὲν
3510 5095 3643 5164 ἐστι,
3672 5102 3780 5165 τῆς

2127 5185 2183 5241 δὲ
2212 5185 2481 5261 τιμωρίας
2510 5186 2599 5239 καὶ
2657 5186 2887 5259 βασάνου
2931 5183 3125 5253 πολύς,
3157 5186 3215 5242 Ὁ
3252 5190 3468 5263 τρυφῶν
3516 5184 3602 5239 καὶ
3639 5185 3783 5238 ἀπα-

2123 5278 2369 5348 τώμενος
2406 5274 2495 5329 καὶ
2538 5272 2789 5345 πράσσων
2824 5273 2856 5326 ἃ
2892 5271 3143 5347 βούλεται
3193 5272 3410 5343 πολλὴν
3470 5270 3779 5349 ἀφροσύνην

2126 5361 2419 5419 ἐνδὲδυταιν
2464 5362 2581 5417 ἀντὶ
2612 5362 2715 5437 γὰρ
2760 5369 2860 5431 τῆς
2902 5366 3109 5437 τρυφῆς
3155 5363 3245 5416 καὶ
3290 5362 3498 5431 ἀπάτης
3552 5361 3786 5431 ἑκάστης

3744 5452 3776 5464 -

2126 5455 2337 5529 ῆμέρας
2416 5450 2658 5507 ἀποτίσει
2742 5450 2966 5526 βάσανον
3045 5449 3294 5527 μεγάλην
3329 5497 3342 5521 ,
3404 5451 3641 5505 ἐνιαυτὸν
3704 5452 3778 5517 τῆ

577 5664 679 5725 Hic
692 5663 1015 5739 'complura
1045 5666 1420 5737 omittuntur,
1455 5680 1583 5736 quis
1614 5663 1888 5738 leguntur
1918 5670 2073 5743 apud
2102 5674 2401 5727 Hermum.
