4108 6210
310 346 432 406 585

1334 338 1723 402 DOCTRINA
1768 343 1869 402 AD
1913 340 2379 403 AN'I‘IOCHUM
2427 343 2720 404 DUCEM.

3605 348 3723 408 586

309 476 514 548 ἡμέρᾳ.
580 473 678 528 Καὶ
734 471 878 548 λόγω
932 476 1013 544 τῷ
1073 471 1308 547 ἀγγέλῳ·
1373 475 1530 524 Ποῖαι
1588 469 1785 547 τρυφαί
1860 469 1961 524 εἰσι

2080 470 2332 542 luptates
2366 473 2545 526 noxiae
2595 477 2754 541 sunt,
2807 473 2984 528 dicito
3037 473 3200 528 mihi.
3257 474 3441 531 Omne
3493 479 3726 534 carnale

315 557 603 639 βλαϐεραὶ,
678 560 803 636 λέγε
851 582 962 634 μοι.
1028 566 1176 616 Πᾶσα
1231 558 1421 635 πρᾶξις
1490 559 1745 631 σαρκική,
1791 559 1966 634 τρυφή

313 652 428 708 ἐστι
461 653 598 725 (84).
630 655 738 706 Νῦν
773 648 947 720 ἠδέως
979 655 1128 704 ποιεῖ
1159 648 1348 719 αὐτήν.
1399 649 1480 720 ['0
1529 647 1654 723 γὰρ]
1699 645 1970 722 ὀξύχολος

309 747 388 814 τῷ
419 742 612 795 ἑαυτοῦ
656 738 816 803 πάθει
862 740 923 794 τὸ
975 738 1158 793 ἱκανὸν
1189 741 1360 792 ποιῶν
1393 741 1589 812 τρυφᾷ,
1623 733 1834 808 ὁμοίως
1881 733 1970 788 καὶ

312 832 341 886 ὁ
377 830 581 905 μοιχὸς
627 827 717 882 καὶ
766 827 794 882 ὁ
848 826 1074 901 μέθυσος
1121 826 1211 881 καὶ
1244 827 1271 880 6
1306 823 1611 886 κατάλαλος
1667 823 1754 878 καὶ
1788 825 1816 877 6
1847 821 1971 895 ψεύ-

312 941 449 989 στης
498 917 587 974 καὶ
635 919 664 972 6
714 915 1046 986 πλεονέκτης
1097 916 1185 970 καὶ
1233 916 1261 970 6
1313 913 1692 988 ἀποστερητὴς
1744 911 1834 966 καὶ
1874 909 1971 965 ὅσα

311 1012 560 1063 τοιαῦτα.
614 1007 866 1081 Τρυφῶσι
922 1006 1024 1080 γὰρ
1085 1003 1136 1059 ἐν
1195 1007 1263 1077 τῇ
1304 1003 1478 1057 αὐτῶν
1538 1003 1747 1077 πράξει.
1798 998 1969 1056 Αῦται

312 1095 374 1151 δὲ
403 1098 461 1151 αἱ
491 1094 708 1171 πράξεις
767 1088 1030 1170 βλαϐεραί
1086 1093 1187 1148 εἶ’σι
1237 1097 1351 1154 τοῖς
1406 1088 1627 1152 δούλοις
1683 1094 1781 1144 τοῦ
1812 1094 1966 1146 Θεοῦ.

312 1186 439 1242 Εἰσι
473 1183 531 1239 δὲ
563 1185 651 1238 καὶ
678 1183 874 1261 τρυφαὶ
906 1182 1172 1251 σώζουσαι
1203 1181 1333 1244 τοῦς
1366 1181 1703 1256 ἀνθρώπους
1756 1176 1968 1234 Πολλοὶ

310 1281 417 1352 γᾶρ
452 1275 629 1350 ἀγαθὰ
659 1268 1012 1349 ἐργαζόμενοι
1043 1276 1338 1347 τρυφῶσιν.
1373 1270 1520 1340 Αὕτη
1564 1268 1654 1324 οῦν
1705 1271 1740 1338 ἡ
1791 1267 1966 1345 τρυφὴ

306 1369 428 1426 τοῖς
461 1361 684 1424 δούλοις
715 1366 810 1416 τοῦ
841 1366 975 1416 Θεοῦ
1006 1365 1368 1436 περιποιεῖται
1402 1360 1572 1429 ζωὴν,
1604 1359 1659 1412 αἱ
1693 1355 1750 1412 δὲ
1781 1377 1968 1433 προει-

309 1455 548 1529 ρημέναι
604 1449 803 1528 τρυφαὶ
867 1449 1114 1525 βάσανον.
1180 1447 1356 1503 Ταῦτά
1415 1469 1509 1521 μοι
1568 1447 1877 1525 φανερώσας
1938 1446 1966 1500 6

310 1541 551 1618 ἄγγελος
586 1539 886 1612 ἀπέστρεψέ
922 1560 988 1612 με
1039 1538 1115 1601 εἰς
1172 1538 1264 1592 τὸν
1314 1535 1481 1592 τόπον
1545 1557 1669 1610 μου.
1730 1533 1969 1605 Δοξάσω-

312 1653 407 1706 μεν
439 1629 552 1696 οῦν,
603 1625 852 1706 ἀδελφοὶ,
901 1629 999 1696 τήν
1041 1631 1138 1682 τοῦ
1193 1630 1327 1682 Θεοῦ
1387 1623 1818 1700 φιλανθρωπίανο
1851 1627 1966 1684 πῶς

311 1718 673 1796 μακρόθυμος
727 1716 816 1772 καὶ
873 1715 1254 1793 εὕσπλαγχνός
1309 1715 1451 1770 ἐστιν
1498 1714 1588 1770 ἐπὶ
1634 1718 1702 1787 τῇ
1733 1713 1966 1785 τοσαύτῃ

309 1810 475 1880 κακίᾳ
501 1813 610 1864 τῶν
672 1806 993 1882 ἀνθρώπων.
1047 1805 1206 1877 Αὐτῷ
1254 1807 1289 1874 ἠ
1342 1801 1468 1874 δόξα
1499 1805 1575 1867 εὶς
1605 1802 1733 1866 τοὺς
1763 1801 1965 1863 αἰῶνας

305 1903 418 1954 τῶν
472 1897 705 1954 αἰώνων.
738 1896 933 1969 Ἀμήν.

380 1990 474 2044 20.
509 1986 608 2041 Καὶ
641 1991 752 2060 μετ’
783 1982 972 2059 ὀλίγον
1005 1982 1205 2058 χρόνον
1240 1982 1291 2037 οἱ
1321 1979 1416 2036 δύο
1451 1979 1676 2060 ἀδελφοὶ
1716 1980 1767 2034 οἱ
1817 1977 1963 2050 ἐξελ-

307 2079 498 2141 θόντες
529 2080 626 2130 τοῦ
689 2072 1052 2148 μοναστηρίου
1100 2070 1344 2128 ἐνέπεσαν
1399 2071 1474 2134 εἷς
1529 2070 1828 2145 πειρασμὸν
1875 2068 1962 2123 καὶ

308 2164 547 2238 θλίψεις.
585 2167 680 2235 Τῷ
710 2163 810 2239 γὰρ
842 2162 920 2216 ἐνὶ
973 2157 1133 2223 ἕλκος
1166 2160 1394 2236 ἀνεφάνη
1429 2161 1505 2222 είς
1551 2161 1649 2228 τὴν
1699 2157 1961 2232 πλευρὰν,

306 2254 400 2310 καὶ
434 2251 696 2317 εἰσελθὼν
729 2252 804 2314 εἷς
866 2255 1222 2323 νοσοκομεῖον
1282 2249 1358 2312 εἷς
1418 2247 1515 2303 δύο
1576 2252 1748 2322 μῆνας
1779 2247 1959 2322 τρίτον

306 2342 714 2418 ἐχειρουργήθη
772 2339 871 2394 δπὸ
928 2343 1026 2394 τοῦ
1085 2338 1290 2413 ἰατροῦ,
1350 2338 1439 2393 καὶ
1487 2334 1617 2392 οὐδὲ
1645 2335 1817 2398 οὕτως
1849 2336 1961 2400 ἑθε-

305 2431 581 2508 ραπεῦθη.
613 2433 708 2502 Τῷ
739 2427 797 2484 δὲ
823 2429 991 2505 ἐτέρῳ
1049 2427 1337 2500 ἐμπεσόντι
1391 2428 1523 2501 μετά
1577 2431 1685 2482 τῶν
1747 2446 1960 2480 στασια-

300 2525 451 2576 στῶν
484 2513 681 2590 συνέϐη
717 2519 875 2591 νώτῳ
914 2518 1002 2572 καὶ
1053 2515 1239 2588 κοιλίᾳ
1297 2516 1689 2592 μαπιγωθέντι
1747 2512 1963 2588 σιδηρο-

305 2608 537 2684 δέσμιον
589 2602 939 2682 ἐμϐληθῆναι
999 2605 1051 2660 ἐν
1101 2605 1168 2680 τῇ
1224 2605 1462 2684 φυλακῇ,
1522 2605 1610 2660 καὶ
1672 2603 1723 2658 ἐν
1784 2605 1959 2659 σκότει

304 2695 515 2774 διάγειν
552 2695 639 2751 ἐπὶ
669 2694 882 2758 πολλὰς
910 2696 1138 2770 ἡμέρας.
1172 2693 1328 2750 Ἀλλ’
1361 2690 1546 2762 ἐπειδὴ
1589 2694 1624 2763 ἠ
1677 2693 1814 2768 εὑχή
1863 2696 1960 2747 τοῦ

308 2787 469 2842 όσίου
502 2787 710 2861 Πατρὸς
745 2784 1035 2860 Ἀντιόχου
1065 2781 1328 2838 ἐδυσώπει
1358 2784 1447 2838 τὸν
1481 2781 1755 2855 ἐλεήμονα
1808 2783 1960 2854 Θεὸν,

310 2878 437 2949 μεθ’
495 2876 706 2950 ἡμέρας
763 2872 924 2928 ἔωκεν
974 2873 1001 2927 ὀ
1053 2871 1305 2948 Χριστὸς,
1355 2873 1444 2926 καὶ
1484 2867 1746 2942 ἐξεϐλήθη
1809 2871 1860 2926 ἐν
1889 2874 1959 2945 τῇ

308 2963 559 3042 φυλακῇ.
617 2964 718 3019 Καὶ
763 2961 928 3018 πάλιν
979 2961 1203 3034 ἐκεῖνος,
1252 2960 1500 3016 ἀπελθὼν
1551 2959 1709 3033 ἐντῷ
1737 2981 1961 3016 νοσοκο-

309 3055 478 3126 μείῳ,
512 3052 592 3108 ἔτι
624 3052 674 3106 ἐν
701 3051 769 3126 τῇ
799 3049 1062 3127 ἀλγηδόνι
1094 3050 1221 3105 δντα
1248 3051 1338 3104 τὸν
1389 3047 1621 3126 ἀδελφὸν
1670 3045 1959 3105 διαϐαστά-

311 3148 418 3211 ζων
486 3139 676 3217 ὀλίγον
721 3145 791 3214 τῇ
850 3140 995 3216 χειρὶ
1041 3140 1445 3212 ἀναπαυόμενον
1501 3138 1701 3215 ἤγαγεν
1768 3139 1842 3201 εἰς
1896 3141 1959 3194 τὸ

1995 1858 2045 1923 Β

2080 573 2228 629 Opus
2251 558 2519 629 voluptas
2539 565 2655 614 est:
2687 577 2822 615 nam
2854 561 3196 627 iracundus,
3221 577 3355 617 cum
3381 563 3472 618 sui
3491 565 3725 621 aﬂectui

2079 646 2217 701 facit
2246 647 2410 716 satis,
2442 648 2800 719 voluptatem
2834 649 3114 721 percipit:
3150 649 3540 724 similiterque
3586 671 3728 708 mce-

2078 734 2246 801 chus,
2300 735 2684 806 temulentus,
2731 739 3102 809 obtrectator,
3157 740 3430 807 mendax,
3495 759 3726 813 avarus,

2079 823 2478 891 defraudator,
2509 829 2567 879 et
2597 825 2642 879 si
2678 825 2779 897 qui
2810 826 2929 881 alii.
2965 827 3336 899 Voluptatem
3371 846 3626 903 namque
3667 832 3725 886 in

2080 927 2185 967 suo
2219 928 2390 984 opere
2421 915 2772 985 percipiunt.
2807 915 2937 970 Haec
2968 920 3161 971 autem
3195 933 3372 988 opera
3401 918 3572 974 noxia
3601 936 3723 975 ser-

2079 1001 2164 1055 vis
2187 1001 2279 1055 Dei
2305 1006 2469 1056 sunt.
2496 1001 2645 1057 Sunt
2665 1007 2860 1058 autem
2911 1009 2969 1059 et
3017 1003 3346 1076 voluptates
3385 1006 3599 1078 quibus
3621 1007 3724 1063 ho-

2080 1088 2266 1144 mines
2296 1089 2545 1146 salutem
2579 1097 3039 1164 consequuntur.
3073 1092 3242 1149 Multi
3274 1112 3530 1167 namque
3571 1098 3726 1154 bona

2078 1179 2371 1249 operando
2402 1179 2760 1252 voluptatem
2792 1181 3030 1236 habent.
3063 1182 3196 1246 Quae
3225 1182 3494 1256 voluptas
3537 1187 3722 1242 servis

2081 1266 2176 1322 Dci
2207 1267 2385 1323 vitam
2417 1269 2797 1341 adipiscitur,
2831 1271 3123 1341 praedictae
3152 1276 3346 1327 autem
3368 1272 3719 1346 voluptates,

2077 1356 2419 1412 cruciatum.
2455 1358 2582 1414 Haec
2616 1374 2748 1414 cum
2784 1358 2924 1414 mihi
2959 1359 3316 1417 declarasset
3345 1361 3610 1434 angelus,
3658 1363 3720 1420 in

2076 1460 2274 1500 meum
2307 1463 2399 1502 me
2429 1446 2624 1502 locum
2654 1447 2902 1503 reduxit.
2947 1448 3208 1504 Gloriam
3263 1451 3463 1522 itaque
3511 1452 3722 1510 refera-

2076 1550 2230 1602 mus,
2270 1535 2494 1603 fratres,
2529 1535 2847 1591 clementia
2873 1537 2993 1607 Dei,
3017 1537 3116 1609 qui
3141 1539 3220 1595 ita
3239 1539 3592 1612 longanimis
3609 1547 3718 1609 est,

2072 1622 2155 1678 ita
2186 1624 2522 1680 misericors
2584 1641 2721 1697 erga
2765 1630 2995 1682 tantum
3049 1626 3356 1684 hominum
3407 1628 3717 1686 malitiam.

2072 1710 2188 1783 Ipsi
2221 1712 2406 1784 gloria
2437 1713 2495 1769 in
2527 1714 2740 1770 saecula
2770 1714 3136 1771 seculorum.
3169 1721 3376 1773 Amen.

2141 1979 2232 2033 20.
2268 1979 2489 2035 Modico
2520 1984 2720 2036 autem
2749 1980 2944 2054 elapso
2975 1985 3258 2056 tempore,
3290 1986 3406 2042 duo
3449 1985 3535 2042 illi
3592 1989 3711 2044 fra-

2072 2071 2191 2124 tres
2223 2069 2323 2140 qui
2354 2085 2422 2124 ex
2451 2070 2804 2126 monasterio
2833 2072 3052 2143 egressi
3089 2073 3338 2143 fuerant,
3385 2076 3716 2134 inciderunt

2073 2158 2132 2211 in
2165 2157 2546 2214 tentationem
2579 2163 2636 2214 et
2665 2159 2724 2213 in
2757 2158 3139 2217 calamitates.
3180 2162 3360 2218 Alteri
3410 2165 3566 2221 enim
3615 2184 3711 2222 ex-

2072 2247 2250 2303 crevit
2279 2245 2446 2303 ulcus
2477 2248 2545 2302 ad
2583 2246 2758 2316 latus,
2791 2252 2964 2320 atque
3013 2251 3314 2322 ingressus
3362 2254 3422 2310 in
3468 2271 3716 2312 nosoco-

2074 2335 2256 2391 mium
2291 2352 2394 2391 seu
2428 2335 2798 2392 infirmorum
2830 2337 3152 2410 hospitium
3184 2340 3337 2396 intra
3367 2342 3515 2399 duos
3543 2359 3712 2400 men-

2073 2441 2166 2480 ses
2187 2430 2276 2480 ter
2302 2425 2512 2481 medici
2537 2443 2714 2482 manu
2737 2431 2995 2494 curatus,
3018 2445 3206 2500 neque
3228 2431 3308 2486 ita
3335 2436 3577 2488 sanatus
3598 2438 3709 2491 est.

2069 2513 2228 2569 Alter
2259 2531 2388 2570 vero
2418 2531 2552 2570 cum
2584 2515 2642 2570 in
2676 2516 2987 2572 seditiosos
3017 2517 3342 2588 incidisset,
3376 2537 3410 2576 a
3441 2522 3635 2591 dorso,
3658 2528 3717 2580 et

2072 2621 2105 2658 a
2151 2607 2351 2659 ventre
2399 2604 2760 2675 verberatus,
2809 2604 2958 2661 ferro
3013 2612 3263 2664 onustus
3312 2609 3370 2663 in
3423 2626 3713 2667 carcerem

2071 2692 2368 2762 conjectus
2393 2698 2500 2757 est,
2526 2697 2700 2764 atque
2723 2693 2779 2748 in
2799 2694 3051 2751 tenebris
3074 2696 3231 2768 degit
3251 2697 3456 2754 multis
3483 2700 3715 2757 diebus.

2071 2780 2216 2835 Cum
2247 2784 2444 2836 autem
2473 2781 2658 2838 oratio
2689 2783 2875 2837 sancti
2915 2783 3105 2840 Patris
3153 2785 3423 2841 Antiochi
3474 2789 3716 2844 misera-

2070 2873 2252 2924 torem
2287 2868 2470 2924 Deum
2503 2869 2818 2940 placasset,
2880 2870 3095 2927 Christi
3145 2873 3424 2930 beneﬁcio
3472 2877 3715 2932 eductus

2071 2957 2168 3012 ille
2192 2974 2260 3012 ex
2308 2974 2558 3024 carcere,
2590 2975 2724 3014 cum
2756 2960 2822 3014 ad
2858 2960 3262 3017 nosocomium
3293 2963 3568 3034 venisset,
3600 2966 3715 3021 fra-

2071 3051 2217 3101 trem
2249 3045 2428 3101 alium
2463 3047 2654 3103 adhuc
2685 3049 2881 3104 dolore
2912 3049 3293 3122 laborantem,
3320 3052 3558 3124 paulum
3583 3071 3714 3111 sus-

2073 3139 2338 3201 tentans,
2372 3136 2789 3206 manuquesibi
2820 3137 3109 3204 innixum,
3142 3139 3380 3196 deduxit
3410 3143 3480 3197 ad
3513 3159 3715 3200 mona-

307 3233 706 3306 μοναστήριον·
753 3230 842 3284 καὶ
894 3229 971 3291 ὡς
1020 3227 1282 3302 ἐσήμανεν
1323 3229 1351 3282 6
1385 3229 1651 3304 θυρωρὸς,
1684 3225 1802 3303 εὗρε
1830 3228 1955 3283 τοὺς

2080 3224 2317 3280 sterium
2345 3241 2358 3279 :
2396 3241 2461 3280 ac
2492 3241 2625 3280 cum
2656 3225 2740 3280 illi
2773 3242 2894 3282 rem
2929 3227 3246 3284 indicasset
3275 3230 3572 3299 ostiarius,
3622 3234 3716 3288 in-

304 3317 585 3397 ἀδελφοῦς
644 3319 750 3394 πρὸ
795 3322 893 3373 τοῦ
937 3315 1240 3390 πυλεῶνος,
1289 3317 1378 3372 καὶ
1438 3317 1830 3392 εὐχαριστήσας
1881 3321 1960 3389 τῷ

305 3406 683 3485 φιλανθρώπῳ
713 3406 828 3479 Θεῷ
855 3403 1067 3479 ἐδέξατο
1095 3404 1311 3469 αὐτούς.
1361 3406 1456 3460 Καὶ
1509 3405 1677 3482 εὐχήν
1729 3404 1808 3460 ἐπ’
1862 3404 1961 3460 αὐ·-

310 3498 444 3558 τους
477 3498 712 3568 ποιήσας
743 3499 1086 3572 παραχρῆμα
1136 3496 1279 3570 ὑγεῖς
1337 3499 1414 3567 τῷ
1464 3496 1674 3568 σώματι
1725 3493 1961 3550 ἀποκατ-

313 3586 529 3655 έστησε.
613 3585 708 3640 Καὶ
771 3582 965 3639 λοιπὸν
1037 3588 1414 3657 μετανοοῦντες
1469 3583 1550 3662 ἐφ’
1607 3584 1683 3646 οἷς
1733 3579 1960 3659 ἔπραξαν

307 3674 366 3730 ἐν
427 3671 620 3747 πολλῇ
680 3673 900 3744 ἀσκήσει
960 3669 1278 3748 δακρύοντές
1336 3694 1396 3728 τε
1451 3673 1538 3726 καὶ
1569 3672 1962 3747 ἀγρυπνοῦντες

312 3761 592 3818 διετέλουν
627 3762 681 3817 ἐν
737 3761 924 3836 πολλῇ
971 3761 1451 3840 ταπεινοφροσύνῃ.
1509 3761 1604 3816 Καὶ
1655 3760 1798 3816 οὕτω
1832 3761 1964 3835 μετά

309 3858 464 3928 τρεῖς
497 3851 776 3914 ἐνιαυτοὺς
813 3851 926 3925 μετ’
957 3850 1180 3925 εΐρήνης
1226 3851 1313 3906 καὶ
1371 3851 1572 3928 ἀγαθῆς
1621 3850 1963 3926 ἐξομολογή-

313 3963 454 4004 σεως
482 3941 856 4014 ἐκοιμήθησαν
914 3939 965 3994 ἐν
1027 3941 1244 4015 Χριστῷ
1299 3941 1502 4013 Ἰησοῦ,
1561 3941 1608 4014 ᾧ
1664 3942 1698 4010 ἡ
1734 3937 1862 4011 δόξα
1891 3941 1964 4003 εἷς

305 4031 444 4093 τοὺς
475 4031 694 4092 αἱῶνας.
725 4031 894 4103 Ἀμήν
906 4073 919 4086 .

378 4123 477 4176 21.
515 4118 757 4174 ’Άλλοτε
801 4119 1113 4191 καθημένου
1160 4119 1248 4174 καὶ
1296 4119 1756 4194 ἀναγινώσκοντος
1801 4119 1964 4174 αὐτοῦ

299 4211 410 4278 τήν
451 4202 644 4283 βίϐλον
672 4212 782 4262 τῶν
825 4205 1058 4262 ἐντολῶν
1089 4212 1186 4262 τοῦ
1217 4207 1367 4262 ὁσίου
1402 4208 1607 4284 Πατρὸς
1635 4208 1726 4263 καὶ
1758 4207 1968 4264 ἐπισκό-

303 4320 420 4353 που
454 4297 776 4362 Ἀθανασίου
811 4296 943 4370 μετά
982 4302 1167 4374 φωνῆς
1219 4294 1308 4351 καὶ
1357 4293 1561 4366 ἡδονῆς
1605 4296 1845 4366 πολλῆς,
1890 4299 1964 4360 εἷς

303 4392 424 4442 τῶν
488 4383 737 4464 ἀδελφῶν
776 4432 789 4458 ,
848 4384 1244 4461 ἀκροασάμενος
1302 4381 1540 4462 ἀκριϐῶς
1591 4384 1757 4459 ὅλας,
1818 4383 1968 4462 λέγει

306 4477 467 4546 αὐτῷ
523 4478 656 4548 (84)·
695 4500 721 4527 α
775 4476 958 4549 Κύριε,
1012 4475 1066 4529 αὶ
1125 4473 1336 4530 ἐντολαὶ
1381 4473 1530 4530 αῦται
1591 4473 1820 4550 μεγάλαι
1877 4475 1966 4530 καὶ

305 4555 484 4612 καλαὶ
561 4556 649 4610 καὶ
728 4551 946 4610 δυναταί
1016 4556 1141 4625 εἰσι,
1216 4552 1505 4628 δυνάμεναι
1556 4554 1811 4633 εὐφρᾶναι
1868 4558 1965 4626 τὴν

306 4641 542 4720 καρδίαν
572 4647 669 4698 τοῦ
703 4640 1002 4716 δυναμένου
1031 4651 1268 4718 τηρῆσαι
1326 4644 1508 4706 αὐτάς.
1545 4644 1653 4699 Οὐκ
1701 4643 1842 4715 οἶδα,
1874 4645 1967 4699 κύ-

308 4756 422 4812 ριε,
459 4735 505 4788 εἱ
553 4731 802 4788 δύνανται
862 4735 915 4787 αἱ
965 4731 1180 4789 ἐντολαὶ
1229 4732 1386 4788 αὗται
1441 4734 1542 4788 ὑπὸ
1590 4733 1814 4790 πολλῶν
1867 4758 1969 4815 φυ-

312 4824 625 4898 λαχθῆναι,
654 4820 794 4878 διότι
827 4821 1060 4896 σκληραί
1113 4824 1267 4880 εἶσιν.
1306 4847 1326 4874 ι
1383 4818 1695 4897 Ἐμϐλέψας
1728 4820 1784 4878 δὲ
1814 4825 1973 4879 αὐτὸν

318 4915 348 4967 6
383 4909 587 4973 δοῦλος
642 4915 739 4966 τοῦ
797 4911 932 4966 Θεοῦ
985 4912 1118 4984 μετά
1179 4910 1398 4980 πολλῆς
1462 4911 1754 4983 αὐστηρίας
1806 4913 1971 4968 εἶπεν⁹

318 5026 347 5054 ι(
380 4997 672 5076 ’¹Ανανδρε,
733 4999 1052 5072 ἀκηδιαστᾶ,
1113 4999 1321 5077 ῥᾳθυμε
1373 4999 1461 5054 καὶ
1520 4998 1844 5076 ὁλιγόψυχε,
1879 5002 1976 5058 οὐκ

315 5087 496 5157 οἶδας,
561 5088 642 5143 ὅτι
701 5088 787 5142 ἐὰν
853 5087 903 5143 ἐν
966 5088 1048 5142 σοὶ
1109 5089 1281 5160 ἐαυτῷ
1335 5090 1536 5164 προθῆ,
1589 5089 1672 5143 ὅτι
1733 5087 1975 5145 δύνανται

319 5182 703 5258 φυλαχθῆναι,
755 5176 996 5240 εὐκόλως
1036 5177 1198 5241 αὐτὰς
1249 5176 1524 5255 φυλάξεις,
1581 5178 1669 5232 καὶ
1703 5179 1800 5234 οὐκ
1831 5177 1977 5235 ἔσον-

315 5288 407 5321 ται
444 5266 718 5345 σκληραί;
755 5267 814 5323 Εἰ
850 5265 905 5322 δὲ
964 5262 1136 5341 ἀναϐῇ
1198 5266 1283 5322 ἐπὶ
1331 5269 1431 5337 τήν
1481 5264 1702 5343 καρδίαν
1758 5288 1853 5322 σου
1902 5269 1978 5341 μὴ

325 5355 578 5412 δύνασθαι
662 5357 826 5419 αὐτὰς
913 5356 1014 5411 ὑπὸ
1092 5355 1383 5432 ἀνθρώπου
1460 5355 1839 5434 φυλαχθῆναι,
1918 5357 1979 5412 οὐ

393 5583 512 5654 (84)
545 5581 647 5637 Hic
677 5580 984 5654 paululum
1013 5582 1201 5654 variat
1229 5585 1447 5638 textus.

609 5783 880 5846 ΡΑτιιοι.
930 5782 1039 5842 GR.
1086 5781 1190 5841 ΧΧ
1206 5781 1334 5840 VlIl
1350 5824 1363 5842 .

2068 3313 2228 3368 venit
2249 3317 2382 3369 ante
2402 3313 2616 3369 ostium
2639 3315 2848 3370 fratres
2873 3314 3026 3382 illos,
3046 3319 3385 3390 gratiasque
3408 3319 3716 3378 hominum

2071 3403 2289 3458 amanti
2322 3402 2438 3458 Deo
2470 3419 2668 3475 agens,
2701 3403 2971 3461 homines
3001 3407 3282 3478 suscepit.
3315 3412 3503 3480 Atque
3561 3411 3716 3466 facta

2070 3509 2246 3564 super
2275 3491 2392 3547 illis
2423 3493 2706 3563 oratione,
2740 3494 2938 3549 statim
2969 3495 3208 3552 sanitati
3241 3514 3528 3570 corporea:
3555 3500 3721 3555 resti-

2071 3581 2204 3636 tuit.
2237 3586 2317 3636 Ac
2350 3581 2589 3637 demum
2624 3582 3031 3654 paenitentiam
3086 3590 3326 3656 agentes
3371 3587 3442 3642 de
3491 3586 3721 3644 delictis

2073 3669 2218 3737 suis,
2244 3669 2302 3724 in
2329 3669 2515 3725 multa
2533 3670 2966 3739 exercitatione,
2993 3673 3294 3745 lacrymis,
3334 3675 3571 3746 vigiliis,
3595 3693 3722 3732 ma-

2073 3773 2302 3830 gnaque
2322 3758 2654 3814 humilitate
2676 3765 3146 3829 perseverarunt.
3166 3761 3511 3835 Elapsisque
3532 3764 3722 3820 tribus

2074 3847 2267 3917 annis,
2293 3862 2427 3901 cum
2452 3862 2594 3918 pace
2617 3850 2672 3901 et
2698 3847 2849 3902 bona
2872 3848 3257 3921 confessione,
3282 3850 3725 3909 obdormierunt

2073 3933 2134 3990 in
2168 3934 2400 3991 Christo
2427 3935 2588 4004 Jesu,
2623 3935 2715 3991 cui
2756 3935 2943 4008 gloria
2974 3937 3034 3993 in
3065 3938 3297 3995 saecula.
3329 3941 3530 3998 Amen.

2144 4113 2234 4167 21.
2268 4111 2396 4169 Alio
2425 4117 2688 4186 tempore
2716 4114 2952 4172 sedente
2984 4115 3082 4172 illo
3113 4133 3180 4173 ac
3232 4116 3459 4190 legente
3501 4117 3720 4175 librum

2080 4204 2503 4275 praeceptorum
2546 4202 2732 4258 sancti
2786 4202 2972 4259 Patris
3018 4209 3076 4260 et
3119 4205 3374 4278 episcopi
3415 4206 3723 4264 Athanasii

2083 4290 2202 4346 alta
2223 4305 2358 4346 voce
2383 4295 2438 4346 et
2465 4306 2598 4346 cum
2637 4292 2846 4363 grandi
2877 4292 3196 4365 voluptate,
3241 4295 3478 4367 quidam
3511 4312 3580 4352 ex
3607 4297 3721 4353 fra-

2081 4381 2273 4436 tribus
2293 4397 2426 4436 cum
2456 4380 2692 4453 singula
2714 4385 2931 4438 attente
2954 4383 3291 4455 audivisset,
3319 4385 3400 4440 ait
3421 4383 3505 4440 illi
3529 4403 3542 4440 :
3573 4409 3594 4436 ι
3621 4392 3725 4443 Do-

2085 4470 2268 4538 mine,
2300 4469 2420 4524 haec
2474 4486 2780 4542 praecepta,
2832 4487 3067 4543 magna,
3117 4471 3380 4544 pulchra,
3436 4479 3491 4530 et
3537 4475 3730 4532 valida

2084 4563 2247 4627 sunt,
2282 4562 2649 4630 possuntque
2677 4559 2965 4616 delectare
2995 4577 3093 4616 cor
3123 4563 3251 4632 ejus
3307 4563 3407 4634 qui
3455 4579 3524 4619 ea
3565 4581 3725 4620 com-

2083 4647 2242 4719 plere
2272 4647 2459 4715 valet;
2492 4648 2592 4702 sed
2626 4648 2844 4717 nescio,
2877 4649 3140 4717 domine,
3172 4666 3242 4706 an
3278 4651 3504 4721 possint
3544 4653 3729 4725 pluri-

2085 4738 2164 4792 mi
2198 4754 2266 4794 ea
2296 4754 2548 4803 servare,
2581 4740 2732 4794 dura
2761 4755 3015 4812 namque
3038 4745 3195 4796 sunt.
3221 4763 3248 4790 ››
3277 4741 3455 4797 Istum
3480 4743 3730 4799 intuitus

2087 4843 2292 4883 servus
2324 4827 2446 4896 Dei,
2480 4843 2696 4899 magna
2745 4843 2876 4883 cum
2933 4829 3236 4885 severitate
3283 4831 3402 4886 ait:
3442 4854 3462 4881 ι
3497 4833 3730 4904 Ignave,

2089 4915 2276 4988 piger,
2312 4916 2604 4972 desidiose
2635 4920 2692 4971 et
2723 4916 3143 4987 pusillanimis,
3205 4935 3397 4975 nonne
3449 4921 3608 4976 vides
3650 4926 3728 4987 te,

2087 5005 2133 5060 si
2167 5004 2269 5058 tibi
2315 5011 2449 5059 ante
2473 5005 2847 5076 proposueris
2883 5023 3050 5074 posse
3079 5006 3178 5062 illa
3209 5009 3524 5077 observari,
3561 5009 3732 5066 facile

2091 5092 2194 5147 illa
2224 5093 2690 5161 observaturum,
2727 5110 2828 5148 nec
2860 5093 2966 5150 tibi
2997 5095 3117 5150 fore
3147 5095 3247 5152 illa
3276 5098 3423 5154 dura
3450 5103 3507 5154 et
3525 5099 3730 5156 diffici-

2093 5179 2210 5236 lia?
2233 5182 2394 5245 Quod
2417 5181 2465 5237 si
2491 5199 2624 5237 cum
2653 5183 2825 5238 corde
2850 5187 2950 5239 tuo
2985 5185 3363 5256 reputaveris,
3405 5205 3520 5244 non
3561 5205 3732 5261 posse

2094 5271 2196 5325 illa
2229 5271 2298 5325 ab
2333 5271 2570 5326 homine
2601 5271 2918 5338 observari,
2957 5290 3260 5345 nunquam
3319 5276 3734 5336 observaturus

2092 5377 2174 5416 es.
2209 5362 2415 5416 Annon
2461 5361 2612 5416 nosti
2660 5359 2758 5416 Dei
2807 5361 3076 5433 gloriam,
3127 5368 3366 5435 quanta,
3414 5383 3592 5439 quam
3636 5384 3736 5424 va-

393 5583 486 5653 (84
545 5583 647 5637 Hic
677 5583 984 5654 paululum
1013 5583 1201 5638 variat
1229 5585 1447 5638 textus.

390 5583 512 5728 (85g
542 5654 672 5710 Hac
701 5670 771 5710 ex
800 5653 948 5710 libro
977 5669 1020 5709 ιι
1053 5652 1302 5720 Horme,
1336 5653 1614 5712 mandato
1644 5653 1732 5725 12,
1765 5654 1906 5713 hinc
1935 5654 2073 5715 inde
2103 5655 2511 5716 consarcinata
2541 5662 2700 5716 sunt.

3384 5788 3458 5846 19
