4072 6210
369 364 485 424 587

1535 360 1597 418 S.
1647 355 2161 419 ATHANASIUS.
2196 390 2268 400 —-
2303 359 2610 421 SPURIA.

3674 9 3939 148 -

3658 359 3777 420 588

374 495 514 561 lida,
543 510 718 565 quam
743 491 1030 548 mirabilis
1053 490 1153 546 illa
1173 491 1449 563 sit;quod
1474 490 1696 545 scilicet
1727 489 2013 544 mundum

2137 486 2381 564 φυλάξεις
2422 488 2605 551 αὐτάς.
2639 488 2711 543 Ού
2762 493 2902 550 νοεῖς
2931 489 3031 557 τὴν
3085 486 3239 559 δόξαν
3295 492 3391 543 τοῦ
3448 493 3605 560 Θεοῦ,
3663 494 3783 552 πῶς

377 586 529 641 213
582 583 866 639 creaverit
912 585 1149 653 propter
1191 581 1510 649 hominem,
1554 582 2024 651 potestatemque

371 672 455 728 illi
488 671 713 727 dederit
738 675 799 726 ut
819 671 1220 725 dominaretur
1251 670 1528 725 omnibus
1579 686 1703 739 quae
1737 673 1876 723 sunt
1925 684 2025 722 su-

383 777 487 835 per
518 766 734 816 terram
755 759 939 825 PQuid
968 760 1148 831 igitur
1178 760 1386 814 horum
1419 758 1682 813 omnium
1715 758 1889 813 homo
1923 757 2023 812 do-

382 851 581 905 minus
606 853 715 915 est,
744 848 1138 919 omnibusque
1177 848 1464 919 imperare
1502 848 1681 913 valet;
1717 862 1897 916 ecqua
1930 862 2023 900 ra-

382 939 538 993 tione
568 955 680 991 non
717 937 925 1007 poterit
960 936 1118 991 hisce
1150 936 1451 1008 praeceptis
1483 935 1773 989 dominari
1802 937 1823 987 Ρ
1871 935 2023 999 Quo-

381 1027 510 1081 mod
521 1042 695 1081 onam
709 1025 882 1080 David
899 1024 1193 1096 gigantem
1210 1022 2027 1095 alienigenam,honinemque

382 1114 746 1178 bellatorem,
775 1114 933 1168 omni
967 1130 1262 1168 armorum
1296 1128 1505 1184 genere
1536 1112 1889 1167 instructum
1922 1127 2024 1165 su-

386 1204 653 1275 peravit?
694 1220 885 1257 nonne
917 1201 1039 1257 solo
1087 1204 1406 1273 proposito,
1457 1218 1523 1256 ac
1573 1202 1685 1255 ﬁde
1733 1218 1802 1256 ex
1855 1200 2026 1256 corde

382 1292 729 1363 procedente
752 1290 781 1344 Τ
812 1292 938 1361 Ipse
969 1289 1128 1346 solus
1161 1291 1281 1345 hzec
1316 1294 1425 1344 Deo
1456 1288 1693 1344 obtulit.
1727 1288 1879 1344 Deus
1929 1305 2025 1343 au-

382 1385 495 1435 tem
533 1380 651 1433 visa
683 1380 807 1449 ejus
839 1378 1157 1441 alacritate,
1189 1395 1253 1433 ac
1291 1378 1403 1433 ﬁde
1433 1377 1493 1431 in
1525 1382 1697 1433 corde
1754 1378 1883 1447 ejus
1937 1377 2026 1433 in-

382 1470 515 1538 sita,
549 1484 772 1524 necnon
806 1484 929 1539 spe,
967 1468 1092 1539 ipse
1123 1468 1358 1522 tandem
1383 1466 1687 1523 victoriam
1736 1467 2027 1539 praestitit,

382 1567 676 1639 uniusque
707 1565 1096 1622 adolescentis
1128 1582 1304 1620 manu
1339 1564 1645 1619 inimicum
1693 1565 2025 1636 prostravit.

379 1658 449 1712 Et
478 1656 687 1711 discito
722 1671 837 1710 non
869 1654 1173 1723 Davidem,
1208 1655 1309 1709 sed
1340 1653 1527 1709 Deum
1564 1653 1621 1708 id
1669 1652 1862 1725 operis
1906 1670 2030 1725 per-

383 1746 609 1802 fecisse.
637 1744 839 1814 Cogita
859 1743 1220 1815 Stephanum
1251 1742 1510 1815 primum
1546 1745 2032 1814 martyrem,quot

2141 575 2355 650 μεγάλη
2416 578 2525 632 ἰστὶ
2583 579 2672 633 καὶ
2722 578 2926 654 ἰσχυρὰ
2962 577 3051 632 καὶ
3112 578 3418 651 θαυμαστὴ,
3477 576 3559 632 ὅτι
3614 576 3788 634 ἔκτισε

2132 662 2223 716 τὸν
2280 663 2483 735 κόσμον
2518 661 2608 718 διὰ
2660 665 2753 719 τὸν
2829 660 3139 740 ἄνθρωπον,
3213 664 3303 720 καὶ
3372 666 3473 735 τήν
3554 665 3791 739 ἐξουσίαν

2135 753 2339 807 ἅπασαν
2370 750 2565 809 ἔδωκεν
2594 754 2743 827 αύτῷ
2799 755 3067 831 κυριεύειν
3125 756 3337 810 πάντων
3394 760 3500 811 τῶν
3562 755 3649 811 ἐπὶ
3686 763 3789 825 τῆς

2137 843 2329 916 γῆς.Τί
2361 841 2450 897 οὖν
2485 842 2697 899 πάντων
2730 844 2937 898 τούτων
2966 846 2993 899 6
3024 841 3309 917 ἅνθρωπος
3337 844 3526 921 κύριός
3555 844 3664 899 ἐστι
3696 844 3788 900 xui

2139 931 2352 987 πάντων
2414 932 2634 988 δύναται
2689 940 3140 1010 κατακυριεύσαι;
3197 940 3315 997 πῶς
3383 934 3445 989 ού
3502 933 3785 1005 δυνήσεται

2134 1022 2221 1076 καὶ
2254 1022 2463 1077 τούτων
2492 1028 2596 1077 τῶν
2633 1022 2866 1078 ἐντολῶν
2922 1029 3338 1100 κατακυριεῦσαι
3370 1051 3384 1094 ;
3440 1029 3562 1086 Πῶς
3620 1020 3786 1079 Δαϐὶδ

2135 1108 2482 1184 ἐτροπώσατο
2510 1110 2600 1165 τὸν
2636 1110 2951 1184 ἀλλόφύλον
3011 1111 3239 1186 γίγαντα
3294 1110 3384 1165 καὶ
3442 1111 3786 1184 πολεμιστὴν

2134 1206 2418 1283 ἄνθρωπον
2469 1211 2730 1273 πάντοθεν
2773 1208 3262 1283 καθωπλισμένοη
3318 1208 3462 1284 Οὐχὶ
3525 1210 3689 1281 μόνον
3715 1212 3785 1283 τῇ

2133 1299 2443 1374 προαιρέσει
2491 1301 2581 1353 xui
2637 1301 2704 1370 τῇ
2753 1298 2858 1353 ἀπὸ
2890 1296 3111 1374 καρδίας
3171 1299 3384 1366 nio-tsi;
3417 1297 3622 1359 ἐκεῖνος
3684 1298 3785 1372 μό-

2133 1407 2223 1440 νον
2254 1391 2420 1441 ταῦτα
2449 1390 2783 1463 προσήνεγκε
2811 1393 2888 1459 τῷ
2917 1392 3051 1460 Θεῷ.
3084 1388 3145 1444 Ὁ
3205 1385 3263 1442 δὲ
3309 1387 3462 1459 Θεὸς,
3509 1384 3638 1441 ἰδὼν
3690 1386 3786 1441 αὖ·

2132 1478 2230 1528 τοῦ
2259 1475 2358 1543 τήν
2390 1475 2696 1551 προθυμίαν
2729 1475 2818 1530 καὶ
2867 1478 2964 1545 τὴν
3026 1474 3133 1529 ἀπὸ
3182 1472 3405 1551 καρδίας
3459 1474 3635 1529 πίστιν
3694 1475 3786 1529 xui

2137 1560 2355 1630 ἐλπίδα,
2414 1561 2608 1618 λοιπὸν
2668 1563 2828 1626 αὐτὸς
2891 1562 3174 1640 εἷργάσατο
3229 1564 3327 1631 τὴν
3386 1562 3562 1633 νίκην,
3595 1563 3685 1618 καὶ
3717 1560 3790 1618 δι’

2138 1652 2253 1713 ἑνὸς
2287 1650 2569 1727 μειρακίου
2598 1647 2863 1708 κατέϐαλε
2918 1652 3007 1707 τὸν
3062 1651 3393 1708 ὑπεναντίον.
3443 1652 3543 1706 Καὶ
3592 1653 3789 1726 μάθῃς,

2137 1738 2219 1795 ὅτι
2253 1739 2380 1816 ούχῖ
2413 1736 2602 1810 Δαϐἶδ,
2652 1739 2778 1796 ἀλλ’
2809 1742 2838 1796 6
2868 1740 2998 1803 Θεὸς
3024 1742 3087 1796 τὸ
3111 1737 3267 1816 ἔργον
3320 1742 3629 1817 εἶργάσατο.
3689 1747 3796 1795 Κα-

380 1835 608 1906 lapides
641 1837 845 1904 aquot
893 1831 1235 1888 hominibus
1294 1832 1540 1902 injectos
1598 1832 1904 1903 exceperit,
1962 1847 2026 1886 ac

2137 1827 2400 1897 τανόησον
2464 1828 2728 1907 Στέφανον
2773 1829 2865 1884 τὸν
2923 1831 3384 1905 πρωτομάρτυρα.
3444 1829 3641 1891 πόσους
3702 1827 3791 1883 λί-

385 1924 498 1979 nisi
522 1924 644 1995 ipse
668 1922 977 1977 Dominum
1000 1921 1297 1975 Christum
1320 1925 1592 1991 precatus
1614 1925 1787 1981 esset.
1812 1936 2027 1991 nequa-

387 2030 563 2086 quam
585 2012 694 2083 ipsi
727 2010 1067 2066 tradidisset
1098 2009 1391 2081 spiritum.
1421 2012 1536 2065 Cur
1565 2010 1634 2064 de
1665 2010 1803 2064 viris
1841 2008 2026 2078 loqui-

388 2102 565 2158 mur?
595 2100 895 2156 Juditham
931 2100 1072 2153 mihi
1106 2099 1436 2167 considera,
1498 2100 1809 2153 adeuntem
1862 2097 2026 2152 Holo-

386 2194 688 2265 phernem,
722 2206 828 2245 noc
861 2190 931 2244 de
962 2206 1069 2243 sua
1101 2188 1449 2260 cogitantem
1502 2188 1859 2251 inﬁrmitate,
1912 2203 2025 2241 non

384 2283 453 2335 de
486 2283 714 2347 decoro,
747 2278 829 2334 vel
864 2280 935 2333 de
968 2277 1224 2349 periculo
1256 2294 1384 2331 suo.
1448 2277 1832 2347 Nequaquam
1884 2276 2028 2331 dixit

384 2372 443 2425 in
470 2368 813 2441 semetipsa:
838 2368 949 2422 Tui.
969 2367 1071 2421 viri
1103 2368 1162 2421 in
1193 2366 1334 2420 urbe
1353 2370 1489 2420 sunt
1525 2364 1774 2433 robusti,
1810 2381 2026 2435 praeva-

383 2460 507 2527 lidi,
541 2458 878 2531 prudentes,
904 2456 1205 2512 artiﬁciosi
1232 2474 1245 2522 ;
1280 2471 1530 2525 quorum
1556 2471 1725 2509 nemo
1757 2454 1865 2508 hoc
1892 2453 2027 2509 faci-

384 2565 497 2603 nus
527 2551 753 2602 tentare
784 2546 992 2600 audet:
1050 2552 1105 2600 et
1153 2560 1260 2614 ego
1311 2543 1574 2598 omnium
1626 2541 2027 2610 imbecillima,

385 2637 529 2691 illud
564 2633 917 2707 aggrediar?
951 2633 1102 2689 Nihil
1129 2633 1418 2705 ejusmodi
1442 2632 1736 2703 cogitavit.
1758 2632 1865 2687 Sed
1891 2648 2026 2686 cum

389 2725 548 2781 omni
583 2724 884 2780 alacritate
914 2729 971 2777 et
1004 2723 1135 2789 ﬁde,
1195 2723 1267 2777 ad
1324 2721 1783 2792 omnipotentem
1841 2721 2025 2775 Deum

388 2831 521 2871 cum
555 2812 768 2868 ﬁducia
798 2811 1081 2878 accessit;
1116 2828 1181 2866 ac
1216 2812 1363 2866 Deus
1413 2810 1513 2881 qui
1567 2810 1766 2865 omnia
1814 2813 2025 2881 potest,

388 2915 688 2983 acceptam
741 2912 870 2981 ejus
917 2910 1141 2964 habens
1188 2908 1478 2973 ﬁduciam,
1527 2909 1681 2979 quod
1733 2908 2024 2978 reliquum

388 3001 653 3071 eratipse
678 2999 935 3071 perfecit.
960 2999 1102 3053 Nam
1135 2997 1443 3051 miserator
1479 2996 1632 3051 Deus
1668 3012 1781 3050 non
1819 3012 2024 3068 corpo-

390 3090 470 3143 ris
505 3090 701 3153 robur,
735 3088 836 3143 sed
870 3086 1256 3159 propositum,
1288 3086 1550 3141 studium
1582 3090 1641 3140 et
1678 3085 2023 3156 patientiam

394 3176 655 3247 requirit.
690 3176 981 3231 Abscedat
1019 3176 1216 3246 itaque
1273 3174 1533 3231 humana
1562 3174 1755 3229 omnis
1801 3174 2027 3229 occasio

387 3270 443 3319 et
472 3267 752 3319 conatus:
790 3280 902 3319 non
937 3264 1247 3318 dicendum
1283 3262 1495 3335 quippe
1530 3267 1639 3317 Deo
1671 3266 1796 3318 est:
1853 3264 2021 3317 Inﬁr-

394 3370 526 3406 mus
558 3368 711 3406 sum.
746 3357 890 3406 Deus
924 3368 1165 3422 namque
1198 3368 1313 3406 non
1373 3351 1551 3405 robur
1581 3367 1613 3405 a
1644 3355 1699 3405 te
1759 3350 2025 3421 requirit,

393 3450 492 3503 sed
517 3448 710 3503 cordis
741 3448 1129 3519 propositum.
1164 3447 1266 3502 Dic
1297 3447 1463 3513 mihi,
1487 3463 1661 3516 quam
1687 3446 1890 3501 habuit
1912 3446 2027 3502 vim

398 3536 551 3591 latro
584 3536 681 3591 ille
714 3536 869 3607 ligno
896 3537 1157 3590 conﬁxus
1187 3553 1220 3589 a
1258 3535 1475 3589 dextris
1531 3535 1785 3589 Christi?
1829 3535 2031 3591 Nonne

397 3626 454 3680 in
488 3626 784 3680 infernum
832 3631 1199 3696 perrecturus
1226 3623 1394 3679 erat?
1428 3625 1493 3677 Et
1523 3623 1733 3678 mulier
1762 3641 1887 3696 qua:
1920 3624 2032 3679 Do-

405 3715 629 3769 minum
664 3722 964 3785 unguento
997 3713 1180 3781 unxit,
1213 3718 1269 3767 et
1300 3712 1572 3783 Iacrymis
1605 3711 1810 3782 rigavit
1859 3714 2033 3783 pedes

399 3806 547 3873 ejus,
577 3819 768 3857 nonne
794 3802 1089 3874 praposito
1116 3806 1173 3857 et
1197 3802 1308 3855 ﬁde
1330 3818 1438 3856 sua
1458 3799 1648 3855 solum
1694 3799 1853 3855 salva
1885 3802 2035 3857 facta

397 3896 531 3950 est?
560 3895 704 3949 Nolo
735 3896 804 3949 de
836 3893 1051 3949 Thecla
1080 3892 1237 3963 loqui
1269 3891 1353 3947 vel
1388 3892 1459 3946 de
1491 3890 1733 3961 reliquis
1774 3891 2034 3946 mulieri-

399 3986 529 4045 bus.
564 4002 692 4055 qua:
727 3984 781 4037 in
816 3984 1012 4038 futuro
1052 3982 1261 4037 saeculo
1317 3997 1449 4036 cum
1508 3980 1692 4051 gloria
1750 3986 2035 4035 coronatae

400 4091 577 4144 prope
594 4074 888 4129 Christum
912 4072 1371 4127 collocahuntur.
1410 4069 1817 4125 Pusillanimes
1838 4075 2033 4125 autem

393 4168 448 4217 et
479 4163 625 4233 pigri
661 4178 791 4216 cum
828 4160 1047 4231 pudore
1080 4176 1272 4231 perge:
1299 4163 1320 4213 t
1351 4160 1418 4213 ad
1455 4157 1810 4229 supplicium
1868 4163 2035 4212 aeter-

394 4267 557 4305 num.
595 4251 793 4320 Itaque
824 4249 1099 4304 omnibus
1130 4248 1289 4303 hisce
1318 4248 1619 4319 preceptis
1642 4247 2034 4318 adimplendis

393 4338 660 4408 superior
698 4342 786 4392 est
816 4336 1010 4405 homo,
1044 4336 1142 4407 qui
1174 4336 1484 4390 Dominum
1520 4336 1692 4390 habet
1722 4337 1779 4390 in
1839 4336 2029 4390 corde.

400 4436 505 4499 Qui
538 4438 731 4490 autem
765 4434 823 4487 in
855 4432 1027 4487 labiis
1056 4436 1283 4486 tantum
1327 4431 1545 4485 habent
1591 4430 1780 4497 illum,
1831 4433 2032 4487 corde-

395 4541 508 4593 que
538 4526 839 4586 excmcato,
874 4522 944 4575 ob
996 4521 1265 4575 inertiam
1316 4536 1483 4573 suam
1536 4519 1733 4590 procul
1784 4520 2028 4575 Domino

2134 1918 2258 1978 Θους
2292 1918 2391 1971 ὑπὸ
2421 1918 2691 1971 τοσούτων
2725 1916 3025 1993 ἀνθρώπων
3060 1915 3294 1991 ἐδέξατο,
3325 1918 3415 1972 καὶ
3466 1918 3510 1972 εἷ
3566 1918 3641 1989 μή
3692 1917 3789 1972 αύ-

2133 2007 2225 2067 τὸς
2256 2003 2588 2080 παρεκάλεσε
2616 2006 2708 2061 τὸν
2757 2006 3030 2077 Δεσπότην
3080 2006 3337 2082 Χριστὸν,
3386 2005 3485 2061 οὐκ
3533 2005 3592 2060 ἂν
3643 2026 3789 2080 παρ-

2138 2091 2305 2148 έδωκε
2358 2095 2422 2148 τὸ
2478 2098 2705 2167 πνεῦμα.
2764 2094 2829 2151 Τί
2888 2092 2945 2149 δὶ
3022 2094 3254 2169 Λὲγομεν
3327 2095 3449 2170 περὶ
3533 2091 3787 2168 ἀνδρῶνς

2139 2183 2392 2237 Κατανόει
2455 2205 2548 2255 μοι
2595 2185 2692 2252 τὴν
2749 2181 2943 2247 Ἰουδῖθ
2994 2183 3132 2259 πρὸς
3176 2184 3264 2238 τὸν
3316 2183 3650 2260 Ὀλοφὲρνην
3683 2204 3787 2237 πο-

2138 2273 2435 2346 ρευομένην
2464 2271 2552 2325 καὶ
2588 2273 2662 2343 μὴ
2696 2274 3101 2342 κατανοήσασαν
3132 2274 3199 2341 τὴ
3250 2273 3443 2341 ἑαυτῆς
3491 2271 3786 2341 ἀσθένειαν,

2134 2360 2196 2413 τὸ
2228 2360 2512 2435 εὐπρεπὲς,
2543 2362 2603 2415 τὸ
2639 2359 2932 2416 εὐάλωτον.
2970 2363 3093 2422 Πῶς
3126 2360 3225 2415 οὐκ
3282 2362 3421 2415 εἶπεν
3482 2360 3534 2415 ἐν
3596 2361 3785 2434 ἑαυτῇ⁸

2136 2462 2395 2512 Τοσοῦτοι
2428 2459 2704 2534 ἄνθρωποι
2738 2457 2789 2513 ἐν
2817 2462 2883 2532 τῇ
2933 2456 3093 2513 πόλει
3147 2458 3364 2534 ὶσχυροὶ
3421 2459 3510 2513 xui
3574 2456 3790 2514 δυνατοὶ

2136 2546 2225 2600 καὶ
2285 2546 2542 2623 φρόνιμοι
2601 2547 2688 2601 καὶ
2748 2548 3075 2623 εὐμήχανοι,
3128 2548 3217 2602 καὶ
3274 2545 3452 2609 οὐδεὶς
3513 2547 3790 2623 ἐπιχειρεῖ

2136 2638 2297 2689 τοῦτο
2355 2642 2602 2704 ποιῆσαιο
2659 2636 2812 2711 κάγὼ
2867 2636 2929 2690 τὸ
2988 2636 3357 2710 ἀσθενέστερον
3421 2637 3584 2710 μέρος
3625 2641 3787 2692 τοῦτο

2137 2729 2363 2792 ποιῆσαι
2396 2721 2702 2796 τολμήσω;
2772 2721 2935 2778 Οὐδὲν
2985 2728 3233 2779 τοιοῦτον
3295 2723 3597 2799 ἐλογίσατο·
3642 2724 3790 2780 ἀλλὰ

2137 2812 2281 2885 πάσῃ
2310 2812 2589 2887 προθυμίᾳ
2646 2812 2734 2866 καὶ
2791 2812 2969 2867 πίστει
3023 2811 3305 2888 προσῆλθε
3350 2818 3430 2885 τῷ
3476 2814 3791 2886 παντοκρά-

2135 2920 2255 2975 τορι
2313 2904 2428 2972 Θεῷ
2479 2900 2770 2977 Οαρῥοῦσα,
2833 2903 2922 2956 καὶ
2990 2904 3018 2957 ὸ
3077 2902 3206 2963 Θεὸς
3266 2903 3293 2956 ὁ
3352 2899 3786 2974 παντοδύναμος,

2138 2986 2423 3061 δεξάμενος
2455 2997 2580 3065 παρ’
2611 2989 2778 3059 αὐτῆς
2806 2989 3007 3060 ταύτην
3038 2991 3137 3059 τὴν
3171 2990 3516 3063 πεποίθησιν,
3566 2991 3628 3045 τὸ
3679 2996 3784 3045 πᾶν

2136 3075 2329 3133 λοιπὸν
2386 3078 2544 3141 αὐτὸς
2604 3078 2930 3135 ἐπετέλεσεν.
2987 3082 3047 3135 Ὀ
3104 3079 3204 3155 γὰρ
3263 3078 3514 3152 ἐλεήμων
3558 3081 3684 3142 Θεὸς
3717 3080 3784 3135 οὗ

2140 3171 2291 3235 ζητεῖ
2329 3169 2581 3239 σώματος
2631 3165 2880 3239 δύναμιν,
2927 3167 3073 3223 ἀλλά
3127 3168 3437 3243 προαίρεσιν
3471 3168 3559 3223 καὶ
3615 3190 3784 3223 σπου-

2137 3253 2233 3324 δήν
2267 3257 2353 3310 καὶ
2385 3256 2687 3329 ὑπομονήν.
2747 3263 2895 3311 Πᾶσα
2942 3254 3032 3310 οὖν
3078 3256 3302 3333 ἀφορμὴ
3353 3257 3641 3333 ἀνθρώπου
3695 3256 3785 3313 ἐκ·

2135 3342 2318 3399 ποδὼν
2368 3347 2621 3421 γενέσθω.
2663 3343 2740 3401 Οὐ
2770 3352 2870 3421 γᾶρ
2903 3343 3012 3399 ἔστι
3063 3343 3238 3422 λέγειν
3288 3349 3425 3417 Θεῷ·
3460 3348 3597 3421 Ἐγὼ
3629 3346 3790 3411 ἀσθε-

2137 3434 2235 3503 νής
2269 3433 2403 3506 εἶμι.
2435 3435 2490 3487 Ὁ
2522 3434 2650 3495 Θεὸς
2697 3434 2798 3509 γὰρ
2850 3434 2954 3488 ὀιπὸ
2996 3432 3092 3487 σοῦ
3124 3433 3282 3509 ἴσχὺν
3316 3434 3377 3488 ού
3413 3439 3586 3506 ζητεῖ,
3640 3433 3792 3490 ἀλλὰ

2139 3522 2449 3597 προαίρεσιν
2507 3521 2611 3576 ἀπὸ
2661 3521 2908 3597 καρδίας.
2970 3524 3104 3579 Εἱπὲ
3164 3544 3279 3596 μοι,
3336 3523 3493 3579 ποίαν
3555 3520 3790 3597 δύναμιν

2143 3611 2285 3685 εἶχεν
2341 3612 2370 3665 6
2429 3609 2631 3683 λῃστὴς
2693 3611 2951 3687 ἒμπαγεὲς
3011 3611 3062 3665 ἐν
3120 3616 3198 3683 τῷ
3254 3610 3401 3684 ξύλῳ
3453 3612 3511 3666 ἐκ
3561 3610 3797 3684 δεξιῶις

2144 3711 2285 3786 Οὐχὶ
2321 3710 2450 3774 ὅλος
2482 3712 2533 3766 ἒν
2582 3716 2661 3784 τῷ
2694 3709 2795 3787 ’ᾲδῃ
2826 3715 2891 3782 ἦν
2920 3713 3323 3787 πορευόμενος;
3376 3713 3473 3767 Καὶ
3524 3714 3557 3783 ἠ
3589 3716 3725 3788 γυνὴ
3758 3716 3796 3785 ἠ

2145 3802 2412 3876 ἀλείψασα
2457 3803 2546 3857 τὸν
2609 3803 2801 3878 Κύριον
2865 3804 3044 3879 μύρῳ,
3104 3804 3193 3859 καὶ
3263 3802 3486 3877 δάκρυσι
3568 3805 3801 3881 βρέξασα

2143 3892 2267 3953 τοὺς
2297 3890 2490 3964 πόδας,
2523 3892 2650 3967 οὐχὶ
2710 3896 2776 3965 τῇ
2829 3892 3137 3968 προαιρέσει
3191 3893 3280 3947 xui
3310 3898 3378 3967 τῇ
3409 3894 3582 3949 πίστει
3619 3894 3796 3967 μόνον

2146 3981 2357 4050 iambi];
2392 3981 2467 4037 Ού
2500 3980 2644 4035 θέλω
2674 3980 2852 4056 λέγειν
2883 3980 2950 4035 τὰ
2980 3981 3103 4057 περί
3133 3980 3342 4051 Θίκλης
3391 3983 3479 4037 xui
3527 3983 3619 4043 τὰς
3678 3980 3801 4038 λοι-

2144 4070 2246 4131 τεὰς
2303 4076 2581 4144 γυναῖκας,
2642 4068 2836 4132 α’ίτινες
2896 4071 2947 4124 ἓν
3005 4075 3083 4142 τῷ
3145 4070 3404 4143 μέλλοντι
3464 4072 3619 4125 αἱῶνι
3659 4072 3798 4144 μετᾶ

2147 4154 2305 4227 δόξης
2362 4162 2847 4236 στειρανοφοροῦσαι
2914 4160 3349 4233 παρασθήσονται
3415 4163 3492 4231 τῷ
3548 4165 3791 4235 Χριστῷ.

2145 4255 2210 4311 Οἱ
2245 4252 2301 4309 δὲ
2330 4255 2661 4331 ὀλιγόψυχοι
2693 4255 2781 4310 καὶ
2801 4256 3046 4331 ,ῥᾴθυμοι
3095 4258 3541 4332 κατῃσχυμμὲονι
3586 4257 3795 4332 πορεύ-

2146 4364 2325 4398 σονται
2355 4344 2428 4405 εἷς
2456 4345 2554 4412 τὴν
2584 4343 2713 4399 αῗών
2727 4366 2800 4399 ιον
2835 4344 3081 4402 κόλασιν.
3127 4348 3288 4400 ’Ὡστε
3335 4350 3522 4400 πασῶν
3548 4350 3656 4400 τῶι
3708 4347 3794 4401 ἒν-

2142 4431 2319 4486 τολῶν
2348 4432 2552 4487 τούτων
2584 4437 2997 4509 κατακυριεῦσαι
3030 4435 3058 4488 6
3090 4432 3373 4508 ἄνθρωπος
3416 4435 3444 4488 6
3502 4433 3648 4509 ἔχων
3696 4435 3794 4490 τὸν

2147 4522 2337 4594 Κύριον
2373 4522 2427 4575 ἒν
2457 4526 2524 4595 τῇ
2551 4519 2745 4597 καρδίᾳ
2775 4523 2958 4579 αὐτοῦ.
2992 4523 3058 4579 0i
3091 4520 3149 4577 δὲ
3188 4523 3276 4577 liti
3306 4523 3373 4577 τὰ
3413 4523 3577 4599 χείλη
3634 4522 3797 4598 ἕχον-

394 4615 552 4676 sunt,
588 4610 678 4664 his
712 4612 1000 4681 praecepta
1026 4607 1138 4661 ista
1173 4608 1320 4661 dura
1360 4611 1501 4660 sunt
1532 4611 1588 4660 et
1616 4606 1898 4662 difﬁcilia.
1931 4608 2026 4663 Po-

2137 4631 2223 4671 τες
2272 4612 2362 4665 τὸν
2424 4594 2643 4685 Κύριον,
2702 4611 2800 4679 τὴν
2858 4608 2917 4665 at
2971 4608 3195 4686 καρδίαν
3251 4594 3797 4686 πεπωρωμένη(καί

393 4700 509 4753 nite
542 4698 720 4769 igitur
752 4696 1167 4763 indesinenter,
1203 4711 1234 4748 o
1268 4692 1671 4765 pusillanimes
1703 4699 1758 4749 et
1788 4694 1901 4749 ﬁde
1946 4694 2027 4750 le-

391 4787 640 4853 vissimi,
679 4785 985 4841 Dominum
1018 4783 1075 4838 in
1107 4783 1381 4837 cordibus
1412 4782 1642 4851 vestris,
1676 4784 2029 4854 agnoscetis-

390 4892 502 4945 que
535 4875 681 4930 nihil
712 4890 840 4929 esse
874 4872 1103 4928 facilius
1133 4870 1294 4925 hisce
1326 4871 1650 4942 praeceptis,
1713 4871 1857 4926 nihil
1891 4873 2026 4927 dul-

384 4965 531 5030 cius,
567 4964 711 5018 nihil
748 4962 1070 5035 placidius:
1104 4960 1489 5015 violentorum
1532 4961 1751 5031 quippe
1794 4966 1883 5015 est
1937 4976 2024 5017 re-

384 5069 565 5123 gnum
586 5052 707 5107 Dei.
733 5051 878 5106 Nam
905 5049 1119 5121 petenti
1142 5050 1340 5115 datur;
1368 5048 1463 5119 qui
1488 5047 1775 5104 laboriose
1795 5049 2022 5119 quaerit,

380 5142 659 5204 inveniet,
682 5145 738 5196 et
764 5138 1018 5211 pulsanti
1041 5156 1106 5193 ex
1125 5138 1293 5193 corde
1313 5142 1522 5192 etcum
1550 5137 1847 5207 patientia,
1885 5155 2020 5209 ape-

382 5231 598 5298 rietur;
636 5234 809 5300 atque
840 5227 1009 5299 plura
1038 5227 1335 5281 dabuntur
1365 5242 1540 5295 quam
1574 5233 1862 5296 petamus.
1917 5230 2020 5283 Va-

380 5335 491 5374 nus
522 5318 737 5390 quippe
768 5321 852 5372 est
880 5314 1150 5386 quisquis
1183 5314 1377 5377 homo,
1409 5320 1465 5368 et
1497 5313 1589 5368 hic
1639 5315 1749 5368 frui
1797 5315 1921 5370 vult
1967 5321 2025 5372 et

380 5409 703 5480 quiescere,
737 5411 793 5461 et
824 5403 939 5460 illic
972 5422 1102 5458 cum
1136 5402 1364 5458 Christo
1399 5418 1657 5473 regnare.
1693 5402 1821 5458 Vim
1847 5404 2023 5476 igitur

377 5498 479 5551 tibi
526 5497 761 5561 inferas,
796 5498 969 5563 atque
1004 5508 1167 5563 spem
1202 5491 1411 5546 habeto
1441 5489 1499 5543 in
1561 5490 2021 5561 omnipotentem

377 5586 555 5642 Deum
586 5604 598 5652 ;
631 5585 768 5657 quia
798 5583 951 5654 apud
986 5580 1155 5635 illum
1188 5578 1351 5634 radix
1390 5583 1481 5634 est
1536 5577 1837 5649 bonitatis,
1892 5582 2021 5638 fons

377 5675 792 5745 miserationis,
825 5671 1064 5747 pelagus
1124 5667 1681 5726 misericordiarum.
1732 5669 1845 5745 Ipsi
1906 5672 2023 5745 glo-

2140 4700 2345 4774 μακρὰν
2381 4697 2527 4760 ὄντες
2558 4699 2664 4753 ἀπὸ
2713 4703 2809 4753 τοῦ
2845 4699 3045 4775 Κυρίου
3080 4696 3169 4753 διὰ
3202 4700 3302 4768 τήν
3365 4700 3568 4754 ἑαυτῶν
3625 4700 3795 4776 ρᾳθυ-

2140 4786 2262 4859 μίαν
2321 4786 2545 4848 ὲκείνοις
2604 4787 2659 4840 αἱ
2737 4785 2952 4841 ἒντολαὶ
3030 4784 3183 4841 αὗται
3244 4785 3480 4862 σκληραί
3537 4790 3639 4843 εἱσι
3699 4788 3797 4844 καί

2136 4870 2590 4948 δυσκατόρθωτοι.
2626 4876 2786 4929 Θὲσθε
2830 4872 2919 4928 οὖν
2969 4875 3146 4946 ὑμεῖς,
3198 4876 3251 4928 οἱ
3299 4874 3641 4951 ὁλιγόψυχοι
3700 4878 3795 4933 καὶ

2136 4961 2459 5040 ἒλαφροὶτῆ
2522 4962 2718 5031 πίστει,
2778 4965 2870 5018 τὸν
2930 4963 3125 5038 Κύριον
3183 4960 3549 5026 ἀδιαλείπτως
3584 4966 3659 5028 εἱς
3690 4966 3793 5029 τὰς

2133 5050 2357 5127 καρδίας
2391 5053 2560 5124 ὑμῶν,
2619 5052 2707 5106 καὶ
2758 5053 3043 5127 γνώσεσθε,
3094 5052 3177 5107 ὅτι
3227 5050 3381 5107 οὐδὲν
3439 5054 3579 5108 ἔστιν
3636 5054 3795 5110 εὐκο-

2136 5137 2373 5215 λώτερον
2405 5145 2512 5196 τῶν
2544 5139 2777 5196 ἐντολῶν
2823 5139 3051 5208 τούτων,
3092 5137 3216 5195 οὔτε
3262 5140 3613 5217 γλυκύτερον,
3664 5143 3795 5200 οὔτε

2133 5231 2504 5306 ἡμερώτερον·
2589 5230 2817 5305 βιαστῶν
2890 5229 2991 5304 γάρ
3062 5228 3202 5284 ἐστιν
3272 5231 3307 5299 ἡ
3388 5230 3637 5305 βασιλεία
3692 5236 3795 5288 τοῦ

2133 5322 2286 5373 Θεοῦ·
2319 5324 2397 5391 τῷ
2426 5319 2528 5394 γὰρ
2585 5317 2823 5374 αἱτοῦντι
2880 5314 3110 5390 δίδοται,
3165 5318 3255 5373 καὶ
3314 5320 3342 5373 6
3375 5319 3629 5392 ἒμπόνως
3692 5327 3793 5392 ζη-

2134 5411 2238 5461 σῶν
2298 5409 2534 5484 εὑρήσει,
2592 5409 2680 5463 καὶ
2728 5410 2808 5482 τῷ
2864 5408 2971 5463 ἀπὸ
3042 5402 3264 5482 καρδίας
3337 5408 3426 5463 καὶ
3504 5410 3793 5483 ὑπομονῆς

2130 5496 2382 5567 κρούοντι
2417 5496 2784 5572 ἀνοιγήσεται·
2829 5498 2920 5551 xui
2951 5495 3181 5551 πλείονα
3237 5496 3519 5571 χαρίζεται
3565 5497 3641 5553 ὧν
3702 5500 3794 5555 ul-

2128 5588 2351 5657 τοῦμεν.
2386 5584 2626 5648 Μάταιος
2675 5585 2775 5660 γάρ
2810 5585 2951 5640 ἐστιν
2984 5583 3265 5659 ἄνθρωπος
3324 5582 3473 5647 ὅστις
3528 5588 3621 5642 καὶ
3677 5586 3793 5647 ὦδε

2132 5667 2275 5737 θέλει
2307 5670 2611 5729 ἀπολαῦσαι
2641 5672 2732 5730 καὶ
2783 5673 3173 5746 ἀναπαύεσθαι,
3218 5671 3371 5728 τιδικεὶ
3422 5672 3516 5732 σὺν
3564 5680 3791 5755 Χριστῷ
