2036 3105
155 183 218 214 589

693 186 825 216 SERMO
847 186 899 216 AD
922 183 1154 216 ANTIOCHUM
1176 183 1324 215 DUGEM.

1801 187 1863 218 590

155 246 383 285 συμϐασιλιῦσαι.
401 248 510 276 Βίσασαι
538 249 585 277 οὖν
610 250 730 285 σεαυτὸν,
746 251 790 278 καὶ
820 249 918 278 ἐλπίδα
934 248 976 287 ἔχε

1038 250 1079 277 ria
1110 252 1139 278 et
1164 250 1335 286 magnitudo
1360 250 1389 277 in
1422 250 1528 278 saecula
1548 250 1731 279 saeculorum.
1758 255 1860 281 Amen.

154 293 195 324 εἰς
221 294 269 321 τὸν
298 293 502 330 παντοκράτορα
531 294 607 322 θεόν·
637 294 678 322 ὅτι
706 296 769 332 παρ’
797 295 870 331 αὐτῷ
894 296 911 329 ἡ
938 294 998 332 ῥίζα
1024 295 1073 328 τῆς
1099 293 1265 332 ἀγαθότητος
1289 293 1334 320 καὶ
1359 294 1377 328 ἡ
1402 294 1478 331 πηγὴ
1501 296 1550 321 τοῦ
1565 293 1658 325 ἐλέους
1673 295 1717 322 καὶ
1731 297 1762 323 τὸ
1777 297 1860 324 πέλα-

153 348 204 376 γος
219 340 274 365 τῶν
291 337 451 376 οἰκτιρμῶν.
470 338 549 375 Δύτῷ
599 337 663 375 δόξα
677 339 722 366 καὶ
737 340 754 375 ἡ
772 338 946 378 μεγαλοσόνη
962 338 1000 369 εἰς
1015 338 1079 369 τοὺς
1094 338 1193 369 αἰῶνας
1207 340 1261 365 τῶν
1278 338 1396 366 αἰώνων.
1412 338 1512 374 ³Δμήν.

151 461 219 487 ΤΟΥ
252 461 297 486 EN
330 461 446 487 ΑΓΙΟΙΣ
482 461 614 486 ΠΔΤΥΟΣ
654 462 752 487 ΗΜΩΝ
785 460 982 488 ΑΘΔΝΑΣΙΟΥ

192 497 473 523 ΔΡΧΙΕΠΙΣΚΟΗΟΥ
541 496 808 523 ΔΛΕΣΔΝΔΡΕΙΑΣ
824 518 833 532 ,
890 497 980 523 ΠΡΟΣ

193 533 367 559 ANTIOXON
398 533 554 558 APXONTA
574 532 641 568 (86).

194 585 397 620 Σκοπὴσωμεν,
421 583 595 622 ηὖλογημένε
617 583 666 611 τοῦ
690 587 757 612 Θεοῦ
779 583 912 621 ἄνθρωπε,
937 583 980 611 ἐπὶ

151 632 233 662 πᾶσι,
251 627 296 655 διὰ
309 631 375 655 πᾶσι
395 628 441 655 καὶ
464 629 518 665 πρὸ
542 629 660 662 πάντων,
681 631 739 660 πῶς
767 630 980 665 περιπατοῦμεν,

150 673 198 700 καὶ
212 673 241 700 τί
255 673 318 711 περὶ
334 673 433 700 ὲαυτῶν
466 672 661 711 βουλευόμεθα·
678 672 801 704 πολλοὺς
830 672 979 710 γινώσκον-

148 728 196 748 τες
211 719 267 744 τῶν
284 717 347 754 παρ’
360 717 440 753 ἡμῶν
451 716 600 755 γινομένων
615 727 645 745 τε
659 717 704 745 καὶ
726 718 881 754 νοουμένων
897 716 979 754 ἀορά-

149 773 216 793 τους
242 762 419 800 παρίστασθαι
450 761 596 798 μάρτυρας,
613 761 663 789 οὐκ
689 762 727 793 εἶς
755 762 786 789 τὸ
816 761 977 800 φαινόμενον

152 806 309 844 βλέποντας
337 806 430 842 μόνον,
446 804 510 833 ἀλλ’
525 805 566 833 ἐπ’
584 805 667 837 αὐτὰς
682 807 906 843 παρακόπτοντας
931 806 979 837 τὰς

149 851 244 888 ψυχὰς
273 851 318 878 καὶ
351 850 383 878 τὸ
409 850 528 888 κρυπτὸν
558 849 748 888 διιλέγχοντας
776 853 826 883 τῆς
853 849 976 888 καρδίας.

150 895 261 923 Πολλοὶ
275 895 328 932 γὰρ
343 895 380 926 ὡς
395 894 507 929 ἀληθῶς
522 895 689 933 πανταχόθεν
718 895 870 933 ἀγγελικιῖη
899 893 978 922 δυνα-

151 950 227 977 μεων
241 940 317 976 ἡμᾶς
331 939 616 976 παριιστήκεισαν,τὰ
643 939 780 977 λεγόμενά
807 950 837 967 τε
863 940 907 967 καὶ
935 950 976 977 γι-

152 984 255 1020 ιόμινα
269 983 499 1034 παρ’-ὴμῶνζκαὶ
528 983 662 1034 νοούμενα
687 984 769 1034 μέχρι
792 983 877 1021 ψιλῆς
906 983 978 1011 ἒνθυ-
992 1001 1016 1034 Β

151 1029 276 1064 μήσεως,
308 1026 342 1055 δι’
371 1025 508 1064 ἀκριϐείας
537 1027 626 1063 πάσης
655 1029 681 1056 ἓν
709 1028 816 1065 οὖρανῷ
844 1029 976 1066 καταγρά-

149 1083 260 1111 φοντες,
276 1072 344 1108 πρὸς
359 1072 474 1110 ἔλεγχον
489 1073 569 1108 ἡμῶτ
584 1072 609 1099 ἐν
630 1074 664 1110 τῇ
689 1071 791 1112 φοϐερᾷ
813 1074 905 1111 ἡμέρᾳ
926 1076 977 1108 τῆς

148 1117 277 1151 κρίσεως·
294 1116 339 1144 ὅτε
352 1119 425 1144 πᾶσα
448 1119 501 1144 τῶν
527 1117 631 1154 ὁρατῶν
653 1118 670 1152 ἡ
688 1117 783 1152 κτίσις,
804 1117 976 1154 κλονουμένη

148 1162 211 1188 κατ’
236 1160 336 1196 ἔπειξίν
362 1162 472 1200 ἄφατον,
489 1161 556 1199 πρὸς
579 1162 630 1196 τὴν
656 1162 755 1189 οἰκείαν
781 1162 889 1190 ὠθεῖται
915 1172 977 1190 συν-

147 1206 271 1233 τέλειαν·
290 1205 335 1232 καὶ
352 1206 366 1232 ὁ
385 1205 496 1242 οὐρανὸς
509 1205 555 1232 καὶ
574 1207 592 1240 ὴ
614 1209 649 1243 γῆ
676 1205 785 1244 ῥιζηδὸν
814 1206 978 1244 παρελεύσε-

148 1260 208 1284 ται,
228 1250 273 1277 καὶ
303 1250 336 1277 τὰ
364 1248 409 1276 διὰ
438 1250 521 1286 μέσου
548 1252 672 1287 στοιχεῖα
696 1251 866 1287 καυσούμενα
894 1250 978 1286 λυθή-

150 1303 258 1321 σονται*
283 1294 329 1321 καὶ
354 1293 475 1325 Παλαιος
504 1295 614 1331 ἡμερῶν
644 1294 853 1330 καθέξεται,καί
885 1292 977 1333 βίϐλοι

149 1338 319 1377 ἀνοίγονται,
334 1341 388 1366 τῶν
419 1340 559 1375 ἡμετέρων
584 1338 668 1377 ἔργων
691 1350 721 1367 τε
741 1339 786 1367 καὶ
815 1339 903 1378 λόγων
933 1339 978 1366 καὶ

149 1383 301 1420 νοημάτων
329 1383 364 1410 τὰ
389 1382 520 1422 ἔγγραφα,
548 1386 650 1414 πιστῶς
680 1395 711 1411 τε
746 1385 791 1411 καὶ
828 1383 977 1415 ἀνοθεότως

150 1427 366 1466 ἔχουσι.Χίλιαί
377 1438 405 1455 τε
419 1427 545 1465 χιλιάδες
562 1427 765 1466 λειτουργοῦσιν
780 1429 863 1464 αὐτῷ,
872 1428 917 1456 καὶ
931 1427 979 1464 μύ-

150 1483 209 1509 ριαι
228 1470 357 1510 μυριάδες
371 1474 596 1510 παρειστήκεισαν
612 1472 696 1509 αὐτῷ,
712 1473 757 1500 καὶ
777 1472 877 1507 ἀπειλή
893 1473 977 1510 πυρὸς

149 1519 298 1554 πανταχοῦ
314 1515 493 1554 διατρέχουσα
507 1517 553 1544 καὶ
568 1517 601 1544 τὰ
623 1516 717 1553 κύκλῳ
741 1516 827 1544 πάντα
841 1517 978 1555 περιλαμ-

149 1559 343 1595 ϐάνουσα,καὶ
372 1559 422 1598 ὅρη
453 1561 516 1588 ὡσεὶ
544 1561 628 1598 κηρὸν
656 1561 823 1597 ἐκτήκουσα·
854 1562 978 1598 ποταμὸς

148 1607 202 1644 γὰρ
222 1606 311 1643 πυρὸς
335 1605 422 1633 εἷλκεν
447 1604 598 1643 ἔμπροσθεν
622 1605 713 1633 αὐτοῦ·
739 1606 819 1641 ἡνίκα
846 1606 978 1644 τάρταρος

148 1651 196 1678 καὶ
225 1648 324 1688 βόθρος
349 1650 454 1687 ἀχανής
474 1650 518 1677 καὶ
544 1650 710 1683 ἆνείκαστος,
725 1650 769 1678 καὶ
790 1650 886 1681 σκότος
913 1650 979 1685 ἐξώ-

1035 459 1155 487 SANCTI
1192 459 1308 487 PATRIS
1345 459 1463 487 NOSTRI
1504 460 1683 488 ATHANASII
1719 461 1861 490 ARCHIE-

1071 495 1207 524 PlSCOPI
1262 495 1509 528 ALEXANDRI/E,
1566 496 1608 523 AD
1662 497 1862 527 ANTIOCHUM

1071 530 1197 559 DUCEM.

1071 585 1097 611 1.
1124 584 1351 620 Perpendamus,
1379 585 1532 613 benedicte
1564 585 1651 612 homo
1688 587 1745 622 Dei,
1771 595 1859 623 super

1036 629 1144 663 omnia,
1162 637 1214 665 per
1228 629 1337 663 omnia,
1354 631 1420 657 ante
1432 630 1541 661 omnia,
1563 631 1708 665 quomodo
1725 631 1857 660 ambule-

1037 682 1110 709 mus,
1125 673 1232 710 quidve
1245 674 1322 701 circa
1338 675 1537 710 nosmetipsos
1553 675 1666 702 consilii
1683 675 1856 711 capiamus;

1033 717 1117 753 gnari
1128 718 1237 746 multos
1247 718 1350 746 adesse
1362 720 1512 754 gestorum
1524 719 1794 755 cogitutionumque
1805 729 1857 749 no-

1034 764 1161 790 strarum
1177 764 1267 790 testes
1288 762 1449 790 invisibiles
1466 771 1472 790 ;
1489 764 1539 798 qui
1564 772 1620 790 non
1645 772 1679 791 ea
1703 763 1799 792 solum
1815 765 1856 792 vi-

1033 807 1104 834 dent
1118 815 1181 842 qua;
1197 807 1252 834 sub
1264 809 1415 843 aspectum
1432 808 1559 835 cadunt:
1576 808 1624 835 sed
1637 808 1725 835 etiam
1741 809 1856 837 animas

1033 851 1203 886 respiciunt,
1219 853 1247 878 et
1261 851 1339 887 quod
1355 851 1385 878 in
1401 852 1478 879 214
1493 852 1578 879 corde
1603 852 1674 879 latet
1697 853 1856 888 deprchen-

1033 895 1116 922 dunt.
1134 895 1217 923 Multi
1230 904 1329 923 revera
1344 895 1573 932 circumquaque
1599 897 1683 924 nobis
1699 898 1808 926 adsunt
1822 906 1857 926 ex

1032 938 1231 975 angelicarum
1254 939 1394 967 virtutum
1422 948 1555 974 numero,
1587 942 1636 977 qui
1660 941 1745 977 dicta,
1767 943 1854 977 facta,

1032 992 1118 1012 sensa
1134 987 1233 1012 nostra
1248 986 1284 1012 ad
1300 985 1454 1013 minimam
1472 994 1565 1020 usque
1585 986 1789 1021 cogitationem
1806 995 1854 1015 ac-

1032 1028 1215 1057 curatissime
1231 1029 1262 1056 in
1277 1029 1348 1057 ccelo
1363 1029 1543 1063 describunt,
1570 1033 1601 1057 ut
1623 1030 1692 1058 hinc
1711 1039 1853 1067 coargua-

1034 1081 1099 1100 mur
1112 1073 1141 1100 in
1157 1073 1419 1108 tremendajudicii
1435 1074 1611 1110 die,quando
1623 1075 1758 1103 universa
1772 1083 1856 1111 aspe-

1032 1117 1185 1145 ctabilium
1209 1126 1306 1146 rerum
1330 1120 1474 1152 creatura,
1501 1119 1690 1147 inenarrabili
1722 1120 1853 1156 impulsu

1032 1170 1186 1196 concussa,
1201 1161 1230 1189 in
1247 1162 1393 1198 propriam
1411 1162 1536 1198 pelletur
1557 1164 1852 1192 consummationem.
1906 1159 1908 1162 ’

1033 1205 1143 1234 Caelum
1171 1208 1200 1234 et
1228 1209 1305 1234 terra
1333 1206 1474 1234 radicitus
1492 1208 1668 1242 transibunt,
1686 1211 1714 1235 et
1741 1217 1804 1244 qua;
1822 1209 1854 1237 in

1034 1251 1129 1279 medio
1142 1253 1212 1278 sunt
1233 1250 1387 1285 elementa,
1404 1250 1538 1279 incendio
1563 1252 1720 1288 absumpta
1742 1253 1855 1281 solven-

1034 1297 1090 1323 tur.
1108 1295 1184 1323 Tum
1200 1295 1342 1331 Antiquus
1357 1296 1471 1323 dierum
1488 1296 1609 1331 sedebit,
1636 1297 1700 1324 libri
1724 1297 1857 1333 aperien-

1032 1343 1090 1373 tur,
1105 1339 1135 1367 in
1152 1340 1259 1375 quibus
1276 1343 1374 1368 nostra
1393 1348 1492 1376 opera,
1509 1341 1596 1368 verba
1612 1341 1737 1376 cogitata
1761 1341 1855 1369 ﬁdeli-

1033 1387 1077 1412 ter
1091 1387 1179 1419 atque
1195 1385 1359 1420 incorrupte
1373 1385 1521 1420 descripta
1546 1382 1744 1413 continentur.
1767 1385 1857 1413 Millia

1034 1428 1160 1456 millium
1176 1428 1346 1456 ministrant
1360 1428 1415 1463 illi,
1426 1431 1455 1457 et
1471 1430 1566 1457 decies
1580 1429 1683 1457 millies
1701 1430 1775 1457 dena
1790 1429 1856 1457 mil-

1033 1473 1072 1500 lia
1086 1473 1230 1501 assistunt
1253 1472 1306 1501 illi.
1330 1473 1409 1508 Ignis
1434 1473 1493 1501 illic
1516 1473 1704 1501 comminatio
1727 1477 1781 1508 est,
1807 1473 1858 1510 qui

1034 1518 1142 1553 ubique
1156 1518 1306 1551 discurrit,
1322 1517 1420 1545 omnia
1436 1519 1666 1554 circumquaque
1690 1518 1858 1555 complecti-

1031 1565 1090 1595 tur,
1107 1564 1221 1590 montes
1244 1562 1394 1598 liquefacit
1409 1562 1485 1590 sicut
1509 1571 1613 1590 ceram.
1635 1563 1752 1590 Fluvius
1777 1563 1857 1591 enim

1032 1607 1137 1642 igneus
1160 1606 1223 1634 ﬂuit
1249 1607 1279 1633 in
1303 1609 1461 1642 conspectu
1487 1609 1561 1642 ejus.
1586 1607 1707 1640 Quando
1730 1610 1858 1635 tartarus

1031 1651 1220 1679 vastissimus
1235 1658 1412 1686 omnemque
1427 1651 1586 1687 cogitatum
1599 1660 1742 1687 superans
1759 1652 1858 1680 hiatus

148 1683 241 1731 τερον,
262 1683 307 1721 καὶ
330 1683 440 1729 σκίέῖληξ
463 1694 624 1731 ἀκοίμητος,
641 1693 822 1732 ἀναδειχθῶσι
846 1683 976 1732 παρόντα.

1033 1696 1160 1724 tenebrae
1174 1695 1341 1729 exteriores,
1356 1696 1464 1723 vermis
1485 1705 1637 1731 nunquam
1655 1697 1783 1724 moriens
1800 1705 1858 1724 una

150 1739 203 1766 Καὶ
224 1739 239 1766 ὃ
265 1738 306 1765 ἐπ’
333 1738 414 1769 αὑτὰς
444 1736 528 1777 φόϐος
553 1738 671 1774 εἱστήκει
695 1738 841 1776 μετέωρος,
867 1738 979 1777 ἐκδεχο-

154 1783 246 1820 μένων
274 1783 324 1817 τήν
351 1780 467 1810 ἕκϐασιν”
491 1782 535 1810 καὶ
560 1782 646 1821 ὀργῆς
675 1782 788 1821 ἄγγελοι
807 1783 978 1820 κολαστικοὶ,

149 1829 206 1864 πῦρ
248 1824 471 1861 ἀποστίλϐοντες,
499 1829 553 1864 πῦρ
589 1837 619 1855 τι
658 1827 811 1865 βλέποντες,
841 1828 887 1855 καὶ
924 1830 977 1865 πῦρ

150 1871 342 1905 ἆναπνέοντες,
357 1869 463 1908 ’έτοιμοι
477 1871 515 1903 εἷς
538 1874 624 1899 πᾶσαν
648 1871 785 1906 ἐκδίκησιν
808 1872 897 1907 πάσης
926 1882 977 1900 πα-

149 1916 285 1953 ρανομίας
298 1915 435 1951 ἑστήκασι.
453 1916 528 1943 Πᾶσά
542 1926 570 1943 τε
585 1915 653 1953 προς
675 1916 782 1948 τούτοις
806 1917 891 1948 κτίσις
917 1916 978 1944 ἒπίο

148 1961 226 1999 γιιός
240 1970 270 1987 τε
283 1960 329 1987 καί
345 1960 514 1999 ἐπουράνιος,
525 1960 574 1995 ὅση
589 1971 619 1988 τε
642 1961 668 1988 ἐν
693 1961 816 1999 ἀγγέλοις
844 1962 889 1989 καὶ
916 1964 976 1993 ταῖς

147 2006 218 2043 ὑπὲρ
249 2004 375 2043 ἀγγέλοις
405 2004 546 2042 δυνάμεσι,
561 2005 606 2033 καὶ
636 2005 686 2040 ὅση
711 2006 738 2033 ἐν
766 2005 892 2043 οὐρανοῖς
907 2016 976 2044 παρ-

151 2051 274 2077 ίστανται
302 2049 369 2086 μετὰ
394 2049 499 2087 τρόμου
526 2050 577 2084 τήν
596 2047 711 2088 φοϐερὰν
736 2054 786 2085 τῆς
811 2050 880 2081 θείας
911 2050 975 2088 βου-

147 2094 203 2128 λῆς
234 2092 412 2132 ἐκδεχόμενοι
449 2093 608 2133 φανέρωσιν.
639 2095 695 2134 Ἐφ’
723 2094 760 2122 ὧν
778 2104 784 2110 ”
813 2094 975 2122 κατειόντων

145 2138 246 2175 ἡμῶν,
271 2139 523 2176 ἀναγνωσθήσονται
551 2138 670 2177 πράξεις,
694 2139 739 2166 καὶ
766 2141 819 2166 τῶν
849 2141 977 2177 κρυπτῶν

149 2184 297 2221 γύμνωσις
321 2184 471 2221 γενήσεται·
497 2182 567 2210 ὥστε
590 2183 690 2214 πάντας
720 2183 805 2214 οὕτως
832 2183 974 2220 γινώσκειν

146 2227 289 2262 ἀλλήλων
304 2227 353 2258 τὰς
373 2227 517 2265 ἁμαρτίας·
539 2227 577 2258 ὡς
602 2226 714 2258 ἕκαστος
736 2228 783 2259 τὰς
806 2228 911 2263 ἑαυτοῦ,
925 2228 975 2262 τὴν

147 2269 251 2309 βίϐλον
268 2272 458 2310 ἀναγινώσκειν
468 2275 518 2306 τῆς
533 2272 630 2299 ἑαυτοῦ
645 2270 835 2307 συνειδήσεως.
847 2285 861 2298 (ι
878 2271 974 2310 Ἐλέγ-

145 2317 185 2351 Em
216 2326 246 2343 σε
276 2328 291 2342 ν»
307 2317 370 2354 γὰρ,
387 2316 465 2352 φησὶ,
491 2328 502 2342 ι
528 2315 574 2343 καὶ
601 2317 765 2353 παραστήσω
793 2316 861 2343 κατὰ
888 2316 972 2352 πρόσ-

1033 1739 1189 1776 conspicue
1204 1739 1415 1767 aderunt.Hinc
1429 1748 1565 1768 summus
1581 1743 1674 1768 terror
1688 1743 1858 1776 exspectan-

1033 1784 1106 1811 tium
1132 1784 1252 1811 exitum.
1286 1783 1413 1811 Stabunt
1434 1784 1529 1820 angeli
1555 1785 1603 1811 ira}
1629 1785 1767 1818 ministri,
1791 1785 1858 1820 igne

1034 1828 1185 1861 micantes,
1211 1828 1302 1864 ignito
1326 1828 1434 1856 intuitu
1461 1831 1668 1863 respectantes,
1685 1828 1782 1864 ignem
1798 1828 1857 1864 spi-

1032 1876 1141 1908 rantes,
1158 1872 1251 1908 parati
1266 1873 1302 1900 ad
1319 1881 1435 1900 omnem
1453 1873 1593 1900 ultionem
1616 1872 1773 1908 cujuslibet
1789 1881 1854 1908 pec-

1032 1918 1099 1945 cati.
1115 1918 1157 1945 Ad
1174 1917 1233 1944 hinc
1248 1925 1314 1944 cum
1331 1919 1457 1945 tremore
1480 1917 1573 1944 aderit
1589 1917 1684 1944 omnis
1709 1919 1853 1948 creatura,

1030 1965 1146 1990 terrena
1160 1960 1364 1996 cmlestisque;
1381 1961 1476 1996 angeli
1493 1960 1794 1996 scilicet,angelisque
1805 1969 1854 1988 su~

1031 2007 1159 2042 perieres
1180 2007 1348 2040 potestates,
1372 2013 1475 2033 omnes
1500 2006 1620 2032 demum
1648 2005 1697 2040 qui
1719 2005 1747 2032 in
1772 2005 1853 2033 caelis

1031 2053 1110 2084 sunt,
1126 2051 1329 2085 exspectantes
1339 2049 1476 2077 horrendi
1488 2049 1602 2077 consilii
1617 2049 1707 2077 divini
1722 2049 1851 2078 declara-

1032 2095 1152 2122 tionem.
1168 2093 1257 2121 Nobis
1272 2093 1385 2121 interea
1406 2094 1586 2126 sedentibus,
1609 2094 1742 2128 legentur
1766 2102 1855 2130 opera

1034 2139 1188 2174 cujusque,
1201 2138 1309 2172 fietque
1331 2137 1512 2165 occultorum
1529 2137 1674 2171 revelatio;
1691 2138 1731 2165 ita
1746 2140 1778 2164 ut
1790 2145 1852 2165 om-

1030 2192 1081 2211 nes
1097 2182 1220 2210 aliorum
1236 2184 1354 2217 peccata
1380 2183 1483 2209 mutuo
1500 2184 1687 2217 cognoscant,
1713 2181 1855 2217 quemad-

1030 2228 1150 2255 modum
1164 2225 1274 2262 singuli
1289 2228 1385 2260 sua,et
1400 2225 1508 2254 librum
1522 2226 1619 2261 legant
1634 2234 1692 2253 suae
1708 2226 1856 2253 conscien-

1029 2272 1086 2300 tiae.
1103 2271 1187 2305 Nam,
1206 2281 1220 2296 ‹‹
1236 2272 1363 2306 Arguam
1380 2273 1418 2305 te,
1436 2282 1450 2295 »
1467 2271 1518 2304 ait,
1535 2282 1548 2295 «
1565 2273 1593 2298 et
1608 2273 1738 2298 statuam
1754 2272 1856 2298 contra

1029 2317 1133 2345 faciem
1146 2318 1228 2343 tuam
1247 2326 1260 2339 »
1276 2317 1394 2351 peccata
1410 2317 1462 2342 tua
1485 2316 1516 2342 ⁷⁵.
1539 2315 1572 2342 Et
1597 2324 1728 2349 rursum,
1756 2326 1769 2339 κ
1793 2315 1854 2342 Cir-

144 2361 224 2388 ωπόν
242 2370 291 2388 σου
309 2372 323 2386 ι(
346 2360 394 2392 τὰς
411 2360 543 2396 ἁμαρτίας
569 2370 624 2387 σου·
651 2361 696 2387 καὶ
720 2359 815 2394 πάλιν,
832 2372 845 2386 ι(
861 2360 974 2389 Κυκλώ-

1033 2361 1212 2389 cumdabunt
1225 2368 1274 2388 eos
1289 2359 1412 2387 consilia
1426 2368 1526 2387 eorum
1542 2360 1573 2385 ⁷⁵.
1590 2370 1603 2383 n
1620 2360 1653 2386 Et
1675 2367 1740 2387 ecce
1766 2359 1853 2387 homo

145 2415 185 2433 σει
201 2404 303 2435 αὐτοὺς
317 2405 352 2432 τὰ
366 2402 513 2432 διαϐούλια
528 2404 627 2433 αὐτῶν.
642 2417 657 2431 ››
673 2405 722 2433 Καὶ
748 2404 808 2432 ἰδοὺ
832 2405 973 2443 ἅνθρωπος

142 2449 190 2476 καὶ
215 2449 249 2476 τὸ
279 2447 357 2486 ἔργον
385 2448 479 2483 αὐτοῦ,
508 2449 553 2476 καὶ
584 2448 711 2484 δικαστὴς
742 2449 972 2487 ἀπαραλόγιστος,

143 2494 352 2530 παρισταμένην
367 2492 439 2531 ἔχων
454 2494 504 2528 τήν
531 2492 724 2532 μεγαλοπρεπῆ
755 2497 810 2521 τῶν
838 2493 971 2532 οὐρανίων

144 2537 297 2575 ταγμάτων
339 2536 462 2574 δύναμιν,
499 2537 614 2574 ὑψηλῶς
657 2538 851 2576 προκαθέζεται
886 2541 972 2567 πᾶσαν

146 2582 348 2619 ἀπαστράπτων
364 2580 549 2617 δικαιοσύνην,
566 2582 610 2609 καὶ
635 2583 740 2619 ἑκάστῳ
756 2581 790 2610 δι’
817 2582 971 2615 ἀποδόσεως

144 2626 270 2661 ἀληθοῦς
286 2626 330 2653 καὶ
347 2625 451 2657 δικαίας
466 2626 556 2663 νέμων
571 2628 604 2654 τὰ
629 2627 697 2664 πρὸς
727 2627 814 2662 ἀξίαν,
837 2630 895 2659 τοῖς
925 2628 972 2664 μὶν

144 2670 175 2698 ix
192 2669 289 2705 δεξιῶν
305 2668 350 2697 διὰ
365 2671 411 2702 τὰς
426 2670 512 2702 καλὰς
528 2670 638 2709 πράξεις
653 2672 724 2708 (86¹)
738 2673 867 2707 σταθήσιν
891 2683 974 2711 προσ-

180 2742 204 2760 π
221 2741 299 2770 Psal.
314 2750 390 2778 xux,
404 2743 450 2770 21.
488 2743 510 2761 ⁷⁸
525 2743 601 2771 Psal.
617 2751 667 2779 vn,
683 2744 711 2771 8.

1029 2408 1058 2433 et
1071 2413 1144 2441 opus
1161 2405 1234 2440 ejus,
1248 2412 1282 2432 ac
1292 2404 1383 2439 judex
1398 2404 1448 2439 qui
1465 2403 1558 2439 decipi
1575 2404 1686 2439 nequit,
1708 2403 1753 2431 cui
1769 2404 1853 2431 adest

1028 2450 1184 2485 magniﬁca
1197 2448 1360 2476 caelestium
1375 2448 1511 2476 ordinum
1529 2451 1669 2484 potestas,
1686 2448 1715 2475 in
1739 2448 1851 2476 excelso

1028 2493 1100 2522 solio
1115 2493 1254 2520 omnibus
1267 2492 1401 2528 superior
1415 2493 1621 2526 sedebit,omni
1638 2492 1751 2528 fulgens
1765 2492 1853 2527 justi—

1027 2539 1079 2572 tia,
1094 2538 1143 2573 qui
1159 2537 1285 2573 singulis
1301 2538 1435 2564 accurate
1451 2538 1567 2571 etjuste
1584 2546 1633 2572 pro
1650 2537 1753 2564 merito
1769 2535 1852 2564 retri-

1027 2583 1098 2610 buet
1117 2590 1124 2610 :
1140 2581 1176 2609 iis
1193 2581 1312 2616 quidem
1328 2580 1403 2616 quia
1418 2581 1528 2608 dextris
1544 2583 1623 2616 sunt,
1639 2590 1701 2616 qua:
1713 2581 1799 2609 statio
1810 2585 1853 2609 est

1028 2627 1140 2656 scilicet
1154 2626 1256 2654 anima:
1272 2625 1352 2653 mitis
1363 2627 1391 2652 et
1406 2629 1703 2661 mansuetzc,regnum
1721 2626 1853 2653 tribuens

1030 2681 1046 2700 a
1061 2670 1272 2700 constitutione
1292 2669 1394 2697 mundi
1420 2673 1577 2706 paratum;
1604 2678 1652 2697 eos
1677 2672 1787 2705 autem,
1804 2669 1854 2706 qui

184 2810 345 2849 ﬂgitium:
358 2811 485 2849 primum
501 2812 579 2840 edita
593 2820 627 2840 ex
642 2811 741 2840 codice
757 2812 828 2849 Reg.
842 2813 913 2841 2570
928 2820 1073 2842 annorum
1088 2810 1155 2849 plus
1168 2809 1232 2838 600.

184 2840 260 2882 (86")
275 2840 379 2883 Leoni,
395 2848 427 2875 ut
440 2847 563 2881 videtur,
578 2850 746 2886 corruptus.
