4072 6210
40 128 79 199 si

34 216 85 251 η,

48 428 91 485 Ϊιη

58 558 89 597 ς

50 606 75 629 ,ν

38 860 91 881 ,,.

40 924 51 953 ς

28 1082 67 1117 3,

12 1182 81 1247 xix

34 1244 65 1263 ,ν

18 1318 91 1379 C4,,

16 1390 77 1453 3.1”

0 1494 49 1607 Et

0 1618 91 1721 lt;

0 1724 65 1765 η-

10 1774 43 1813 ιζ)

0 1740 65 1905 ί.

32 1884 53 1915 ἕ

0 1918 89 1957 ιχ,

0 1952 57 2083 ις

0 2088 61 2137 ευ.-

0 2146 59 2201 β.

0 2190 59 2249 ἐἴ

0 2252 61 2271 ν»,

0 2276 75 2355 ﬁ."-

0 2360 63 2403 μθ

0 2418 51 2467 γὲ,
72 2448 81 2459 ν

0 2450 49 2497 t‘a

354 380 469 446 591

1531 378 1593 435 S.
1642 370 2164 435 ATHANASIUS.
2190 407 2267 416 -—
2294 368 2600 436 SPURIA.

3654 375 3771 439 592

356 516 511 587 quod
542 512 713 570 bonis
746 511 1022 583 operibus
1054 513 1292 565 careant
1323 526 1356 563 a
1386 507 1645 563 sinistris
1695 507 1999 562 constituti

2116 504 2250 574 ηνής
2304 504 2492 581 πράως
2551 501 2813 571 ἐπιεικὴς,
2865 506 2961 573 τὴν
3024 506 3438 577 ἡτοιμασμένην
3495 505 3602 561 ἀπὸ
3661 528 3764 560 κα-

354 611 514 674 sunt,
545 620 680 658 cum
710 603 902 656 furore
933 599 1168 653 mittens
1216 599 1275 652 in
1328 598 1521 669 ignem
1571 603 1877 662 aeternum,
1912 612 2007 666 pa-

355 694 549 748 ratum
582 688 815 746 diabolo
848 693 904 743 et
938 687 1162 759 angelis
1192 687 1341 756 ejus.

2115 586 2357 660 ταϐολῆς
2405 590 2612 662 κόσμου
2666 592 2942 669 βασιλείακ
2993 590 3197 654 διδούς”
3229 597 3347 654 τοῖς
3395 590 3454 648 δὲ
3482 594 3533 664 ἐξ
3565 593 3764 649 εὐωνύ-

2120 704 2233 754 μων
2282 678 2371 735 διὰ
2417 683 2513 750 τὴν
2566 681 2798 756 ἐρημίαν
2842 687 2948 737 τῶν
2990 683 3206 757 ἀγαθῶν
3238 680 3406 760 ἔργων
3438 686 3551 758 (87)
3584 688 3763 741 στάσει

270 776 275 779 ⁷
360 778 653 855 λαχόντας,
686 776 763 837 εἷς
793 777 854 829 τὸ
887 775 1103 829 αἰώνιον
1138 779 1267 847 πῦρ,
1296 773 1358 826 τὸ
1390 772 1793 856 ἡτοιμασμένον
1822 777 1899 843 τῷ
1932 766 2178 843 διαϐόλῳ
2210 771 2299 824 καὶ
2331 778 2445 832 τοῖς
2478 770 2725 845 ἀγγέλοις
2772 772 2959 842 αὐτοῦ,
2995 773 3108 845 μετ⁸
3140 773 3304 846 ὀργῆς
3355 772 3765 846 όπωθούμενος.

431 874 484 925 2.
519 868 660 934 Quis
690 867 883 938 ignem
920 865 1086 919 illum
1139 869 1601 935 perseverantem
1645 862 2006 918 sustinebit?

363 960 498 1031 quis
530 974 644 1013 non
679 956 936 1011 horrebit
962 952 1299 1007 incredibile
1344 952 1484 1006 illud
1533 952 1747 1006 vermis
1780 957 2003 1022 specta-

361 1044 744 1109 culumiQuis
776 1043 1154 1097 tenebrarum
1170 1040 1464 1109 ejusmodi
1488 1040 1839 1094 exteriorum
1865 1040 2004 1093 den-

362 1136 596 1192 sitatem
626 1131 1083 1205 gravitatemque
1117 1130 1261 1185 ferre
1285 1131 1539 1199 poterit?
1568 1128 1709 1192 Quis
1741 1128 2005 1199 mugien-

362 1230 478 1282 tem
512 1225 883 1285 tartarum,et
911 1235 980 1273 ex
1012 1218 1299 1289 profundo
1330 1218 1490 1273 illius
1522 1234 1640 1272 una
1670 1218 2005 1273 reboantem

360 1315 640 1386 abyssum
672 1308 1044 1366 subtinebit?
1074 1307 1214 1369 Quis
1245 1305 1583 1377 angelorum
1617 1307 1688 1361 ad
1720 1322 1848 1361 eam
1884 1321 2005 1360 rem

360 1404 775 1473 doputatorum
820 1396 1221 1451 truculentum
1270 1412 1337 1449 ac
1402 1399 1630 1449 torvum
1680 1399 2004 1465 aspectum,

360 1491 710 1558 tristemque
738 1485 964 1540 vultum
999 1489 1145 1538 tetra
1191 1490 1521 1537 versantem
1556 1498 1670 1536 non
1705 1482 2007 1539 horrebit?

361 1579 525 1645 Quis,
574 1576 732 1649 quod
781 1573 1045 1629 omnium
1096 1571 1381 1626 malorum
1432 1570 1847 1642 gravissimum
1894 1574 2007 1639 est,

360 1665 725 1723 eversionem
757 1662 953 1717 vultus
985 1659 1086 1714 Dei
1118 1664 1329 1714 natura
1359 1659 1516 1725 boni,
1552 1654 1877 1731 benigni,et
1895 1657 2007 1713 mi-

358 1754 692 1821 seri’cordis,
741 1768 856 1806 non
909 1749 1361 1805 reformidabit?
1409 1748 1691 1803 Universa
1739 1754 2007 1803 creatura

364 1862 481 1902 una
508 1842 871 1899 aversabitur
898 1844 955 1894 et
983 1839 1379 1893 exsecrabitur
1410 1854 1507 1893 eos
1535 1840 1632 1907 qui
1665 1854 1732 1893 ex
1762 1838 2009 1893 adversa

361 1942 419 1991 et
448 1933 708 2004 maligna
737 1935 930 1986 mente
960 1945 1087 1983 sese
1116 1928 1297 1983 tantis
1341 1926 1759 1998 complicavere
1791 1927 1964 1983 malis
1991 1944 2003 1994 ;

355 2027 518 2098 justc
549 2022 853 2092 indignata
885 2019 1163 2073 adversus
1189 2016 1341 2083 illos,
1376 2017 1530 2087 quod
1563 2032 1692 2071 sese
1721 2015 1867 2072 tales
1895 2034 2002 2088 ap-

363 2129 563 2187 parere
608 2109 994 2180 conspiciant,
1059 2123 1251 2161 coram
1302 2122 1366 2160 eo
1423 2107 1523 2175 qui
1581 2112 1791 2160 natura
1842 2105 2003 2160 solus

360 2210 512 2261 Deus
541 2206 598 2257 et
628 2199 935 2255 hominum
991 2195 1436 2250 amantissimus
1483 2199 1592 2249 est.
1627 2196 1767 2259 Quis
1797 2193 2001 2265 ingen-

360 2286 877 2349 tem-conscientiae
914 2285 1193 2356 pudorem
1244 2284 1506 2337 futurum
1558 2283 1616 2337 in
1664 2282 2001 2338 manifesta-

360 2383 514 2437 tione
561 2381 941 2440 secretorum,
992 2371 1359 2428 sustinebit?
1389 2372 1528 2436 Quis
1581 2371 1782 2426 ﬂetum
1833 2371 2002 2426 illum

357 2486 472 2526 non
517 2466 853 2528 tacendum,
903 2462 1187 2532 lacrymas
1219 2462 1485 2519 acerbas
1534 2460 1687 2526 illas,
1738 2461 2002 2516 dentium

357 2558 679 2620 fremitum,
714 2551 1279 2619 lamentationesque
1309 2566 1509 2605 eorum
1541 2550 1639 2620 qui
1695 2549 2002 2606 tormentis

355 2645 794 2707 cruciabuntur,
829 2642 962 2711 quis
994 2656 1192 2711 pcenas
1234 2654 1302 2693 ex
1350 2638 1705 2710 negligentia
1758 2643 1915 2694 ortas
1941 2638 2001 2692 in

356 2733 547 2792 medio
613 2731 784 2787 corde
832 2729 997 2796 sitas,
1047 2744 1176 2798 quae
1216 2730 1352 2797 jure
1400 2732 1458 2782 et
1508 2726 1714 2782 merito
1763 2727 2001 2782 combu-

356 2829 506 2888 rent.
557 2820 803 2878 tolerare
855 2814 1112 2889 poterit?
1162 2816 1304 2880 Quis
1372 2815 1722 2871 anxietatem
1796 2816 2000 2885 animi,

356 2930 422 2971 eo
478 2912 631 2985 quod
685 2907 846 2963 nulla
894 2906 973 2961 sit
1022 2906 1228 2959 futurae
1281 2921 1413 2975 spes
1482 2904 1844 2973 mutationis,
1897 2919 2011 2971 aui

352 3005 491 3059 finis
525 2998 801 3056 instantis
870 2993 1164 3065 supplicii,
1216 3010 1405 3064 neque
1456 2993 1574 3049 ulla
1637 3000 2003 3065 exspectetur

350 3093 626 3159 deinceps
672 3087 739 3141 ad
810 3085 1024 3138 bonam
1096 3081 1272 3137 vitam
1341 3083 1663 3150 conversio,
1729 3100 2003 3139 enarrare

349 3176 571 3251 queat?
604 3175 975 3229 Postremum
1008 3185 1264 3240 namque
1313 3175 1369 3225 et
1396 3170 1586 3225 solum
1636 3176 1725 3226 est
1754 3170 1999 3228 horren-

2184 864 2235 916 2.
2280 858 2376 919 Τίς
2428 859 2598 913 έκεῖνο
2648 862 2709 915 τὸ
2762 865 2867 936 πῦρ
2927 860 3129 936 ἐνέγκοι
3187 862 3523 934 μενόμενον;
3569 862 3651 924 τίς
3703 863 3764 918 οὗ

2114 951 2476 1017 καταπτήσσει
2536 948 2596 1001 τὸ
2654 948 2797 1020 ξένον
2849 949 3019 1004 ἐκεῖνο
3068 954 3164 1003 τοῦ
3217 949 3507 1021 σκώληκος
3548 950 3761 1024 θέαμας

2114 1035 2209 1098 Τίς
2260 1041 2356 1089 τοῦ
2428 1036 2652 1099 σκότους
2728 1037 2928 1092 ἐκείνου
2983 1042 3081 1092 τοῦ
3140 1038 3397 1114 ἐξωτέρου
3456 1040 3518 1093 τὸ
3576 1041 3760 1114 παχύν

2112 1145 2170 1177 τε
2228 1125 2369 1196 ὁμοῦ
2446 1124 2535 1179 καὶ
2616 1126 2779 1200 βαρὺν
2856 1127 3033 1203 φέρειν
3120 1124 3444 1199 δυνήσεται;
3504 1128 3593 1190 Τίς
3657 1150 3761 1201 μυ-

2114 1212 2358 1284 κώμενον
2435 1214 2526 1267 τὸν
2603 1218 2909 1288 τάρταρον,
2970 1215 3059 1269 καὶ
3136 1214 3195 1269 ἐκ
3266 1217 3538 1289 πυθμένος
3616 1217 3765 1289 αύτῷ

2118 1296 2569 1374 συμϐραζομένην
2619 1303 2718 1371 τὴν
2769 1297 2997 1358 ἄϐυσσον
3053 1304 3455 1374 ὑποστήσεται;
3501 1306 3596 1367 Τίς
3651 1311 3761 1361 τῶν

2115 1388 2201 1444 ἐπὶ
2246 1394 2406 1445 τοῦτο
2452 1393 2789 1466 τεταγμένων
2842 1391 3087 1468 ἀγγέλων
3136 1394 3198 1448 τὸ
3251 1392 3518 1470 βλοσυρόν
3559 1416 3618 1449 τε
3673 1397 3763 1450 καὶ

2117 1477 2281 1553 δριμὺ
2320 1484 2415 1533 τοῦ
2451 1478 2791 1554 βλέμματος,
2824 1483 3040 1537 καὶτοῦ
3069 1484 3367 1556 προσώπου
3414 1484 3476 1538 τὸ
3523 1485 3763 1562 κατηφὲς

2117 1567 2223 1643 οὐχ
2278 1569 2565 1643 ὑποτρέμει
2614 1566 2979 1642 δονούμενον;
3020 1570 3108 1633 Τίς
3155 1572 3218 1626 τὸ
3266 1573 3479 1627 πάντων
3530 1570 3765 1629 δεινότε-

2117 1676 2208 1731 ρον
2258 1661 2366 1711 τῶν
2414 1662 2613 1729 κακῶν,
2646 1659 2743 1726 τὴν
2794 1658 3143 1736 ἀποστροφὴν
3182 1664 3278 1715 τοῦ
3318 1662 3615 1736 προσώπου
3662 1666 3765 1717 τοῦ

2116 1744 2267 1821 φύσει
2316 1745 2491 1819 πράου
2543 1746 2630 1800 καὶ
2677 1746 3065 1823 φιλανθρώπου
3114 1753 3247 1804 Θεοῦ
3290 1749 3379 1805 καὶ
3414 1750 3763 1826 οἰκτίρμονος

2118 1835 2179 1889 ού
2247 1830 2674 1913 φοϐηθήσεται;
2746 1839 2963 1892 ’Ἅπασα
3023 1837 3192 1899 κτίσις
3272 1840 3764 1917 συναποστρέφεται

2036 1924 2203 1996 Βκαὶ
2269 1921 2613 1999 βδελύττεται
2682 1924 2809 1987 τοὺς
2865 1922 2953 1980 διὰ
3009 1926 3472 2003 φιλαπεχθήμονα
3525 1929 3759 2002 γνώμην

2114 2012 2331 2074 ἑαυτοὺς
2361 2012 2638 2074 τοσούτοις
2678 2019 2864 2075 κακοῖς
2916 2014 3351 2090 περιπείραντας,
3385 2016 3762 2092 ἀγανακτοῦσα

2110 2104 2224 2156 κατ’
2255 2101 2426 2156 αὐτῶν
2462 2099 2702 2169 ἐνδίκως,
2737 2102 2809 2164 ὡς
2842 2102 3119 2165 τοιούτους
3151 2104 3370 2166 ἑαυτοὺς
3405 2112 3633 2182 φανῆναι
3663 2108 3760 2161 τὸν

2113 2192 2264 2269 φύσει
2310 2212 2369 2245 τε
2414 2190 2502 2244 καὶ
2556 2191 2715 2262 μόνον
2767 2191 3147 2267 φιλάνθρωπον
3201 2193 3330 2249 Θεὸν
3371 2195 3762 2268 θεασαμένων;

2109 2281 2197 2342 Τίς
2228 2281 2325 2348 τὴν
2358 2280 2494 2335 κατὰ
2521 2276 2825 2350 συνείδησιν
2857 2280 3152 2356 ἀπέραντον
3188 2282 3453 2356 αἰσχύνην
3517 2282 3760 2355 μέλλου-

2114 2390 2205 2423 σαν
2240 2367 2445 2431 ἔσεσθαι
2482 2366 2569 2422 ἐπὶ
2598 2372 2666 2441 τῇ
2714 2370 3005 2445 φανερώσει
3058 2368 3164 2424 τῶν
3216 2376 3467 2445 κρυπτῶν
3524 2374 3765 2443 ὑποστή-

2113 2477 2297 2525 σεται;
2347 2457 2435 2518 Τίς
2493 2457 2583 2511 τὸν
2644 2456 2906 2533 ἀσίγητον
2964 2456 3246 2532 κλαυθμὸν
3305 2461 3395 2515 καὶ
3444 2461 3507 2516 τὸ
3565 2463 3765 2536 πικρὸν

2111 2546 2284 2601 έκεῖνο
2347 2544 2595 2621 δάκρυον,
2628 2546 2717 2599 καὶ
2772 2546 2863 2601 τὸν
2928 2548 3172 2622 βρυγμὸν
3217 2553 3325 2603 τῶν
3376 2547 3635 2622 ὀδόντων,
3666 2551 3761 2605 xui

2110 2636 2239 2696 τοὺς
2298 2633 2572 2696 κωκυτοὺς
2627 2640 2733 2688 τῶν
2789 2634 2839 2690 ἐν
2888 2641 3007 2697 ταῖς
3053 2637 3302 2712 βασάνοις
3332 2639 3696 2711 πιεζομένων,
3725 2642 3764 2708 ἣ

2109 2729 2215 2778 τῶν
2271 2724 2329 2778 ἐκ
2389 2730 2488 2793 τῆς
2548 2723 2802 2797 ἀμελείας
2876 2724 3079 2795 πόνων,
3138 2728 3274 2781 κατὰ
3347 2729 3514 2800 μέσης
3579 2729 3760 2783 αὐτῶν

2112 2813 2463 2885 ἐπικειμένων
2499 2820 2599 2882 τῆς
2644 2810 2887 2889 καρδίας,
2920 2815 3009 2868 καὶ
3068 2811 3374 2891 διασμύχον
3403 2836 3479 2878 ἀς
3534 2815 3763 2880 δικαίως

2111 2902 2306 2972 αὐτῶν,
2365 2902 2445 2964 τίς
2506 2899 2948 2974 δυνήσεται;Τίς
3005 2904 3103 2972 τὴν
3161 2904 3515 2979 ἐγγινομένη-θ
3570 2906 3760 2969 αὐτοῖς

2113 2990 2477 3067 στενοχωρίαν
2537 2990 2595 3045 ἐκ
2639 2996 2736 3045 τοῦ
2785 2992 2862 3064 μή
2913 2990 3151 3060 ἐλπίζειν
3197 2994 3527 3068 προθεσμίαν
3591 3016 3762 3067 μετα·

2109 3084 2406 3151 ποιήσεως,
2439 3080 2526 3134 καὶ
2554 3078 2711 3141 τέλος
2739 3086 2840 3148 τῆς
2890 3080 3235 3153 ἐπικειμένης
3281 3079 3577 3154 κολάσεως,
3615 3082 3765 3156 μηδὶ

2108 3173 2241 3244 πρὸς
2270 3170 2332 3224 τὸ
2363 3168 2520 3241 εύζῇν
2565 3167 2728 3223 πάλιν
2783 3163 3093 3241 μεταϐολήν
3154 3167 3488 3245 ἐκδέχεσθαι,
3520 3172 3554 3241 ἦ
3580 3193 3761 3247 προσ-

348 3269 490 3323 dum
523 3262 666 3318 illud
700 3258 961 3315 tribunal
992 3264 1047 3313 et
1069 3257 1293 3328 justius
1311 3274 1487 3329 quam
1522 3258 1877 3328 terribilius;
1911 3266 1995 3316 at-

2110 3256 2291 3329 δοκᾷν,
2324 3257 2545 3327 ἐξειπεῖν
2608 3257 2746 3312 ἐστιν
2798 3257 2980 3319 ἱκανός
3009 3277 3022 3327 ;
3056 3255 3377 3315 Τελευταῖον
3424 3260 3528 3336 γὰρ
3578 3260 3760 3317 ἐκεῖνο

348 3371 466 3427 que
496 3353 626 3407 ideo
676 3347 935 3405 terribile
974 3346 1387 3417 quiajustum,
1422 3351 1478 3401 et
1524 3348 1658 3417 quia
1698 3349 1859 3417 justo
1891 3366 1997 3405 suo

344 3441 576 3500 calculo
613 3438 811 3494 omnia
842 3436 901 3491 in
933 3452 995 3491 se
1027 3435 1437 3506 complectitur
1466 3436 1844 3501 saecula.Quis
1874 3439 2006 3508 eju-

342 3535 501 3591 latus
533 3538 590 3588 et
620 3529 872 3602 gemitus
891 3544 960 3582 ex
987 3527 1134 3583 215
1176 3527 1363 3582 medio
1395 3526 1587 3581 cordis
1614 3526 1849 3583 illorum
1882 3540 2005 3600 pro'

344 3624 516 3691 latos,
564 3619 830 3691 ipsisque
885 3615 1162 3671 medullis
1212 3615 1517 3685 hasrentes,
1574 3622 1748 3687 atque
1797 3619 2007 3673 acriter

343 3712 575 3769 viscera
612 3708 903 3763 rodentes.
940 3706 985 3758 si
1022 3703 1651 3775 consideret,lacrymis
1681 3710 2006 3775 temperare

345 3797 608 3873 poterit?
660 3796 801 3861 Quis
849 3796 1107 3850 lamenta
1168 3797 1225 3848 et
1274 3792 1447 3847 ﬂetus
1495 3794 1785 3862 ejusmodi
1836 3795 2001 3862 lerat,

352 3890 489 3961 quin
523 3887 582 3941 in
606 3884 902 3940 tristitiam
936 3881 1206 3952 cadat,(si
1224 3882 1560 3952 perpendat)
1579 3898 1846 3952 quamam
1871 3901 2003 3955 pro-

352 3978 542 4032 ferant
570 3974 653 4029 illi
688 3972 1038 4045 poenitentiae
1086 3969 1284 4036 verba,
1334 3975 1459 4024 tum
1511 3986 1578 4024 ea
1626 3970 1841 4040 quibus
1873 3988 2002 4028 sese

351 4064 604 4136 quisque
636 4062 931 4116 cruciatus
962 4059 1438 4129 alloquitur,tum
1473 4058 1737 4113 omnium
1772 4063 1838 4114 ad
1874 4078 1999 4115 om-

349 4168 454 4208 nes
479 4154 500 4205 ?
526 4152 686 4205 Tunc
714 4148 868 4202 enim
903 4164 1100 4203 revera
1132 4147 1380 4217 quisque
1395 4164 1635 4202 suorum
1670 4164 1890 4218 gnarus
1914 4158 2001 4205 est

347 4240 717 4302 delictorum,
753 4252 886 4290 cum
920 4252 1010 4290 res
1038 4240 1210 4305 prout
1240 4235 1296 4288 in
1332 4252 1394 4291 se
1424 4241 1563 4290 sunt
1595 4238 1787 4303 nudas,
1822 4244 2000 4310 atque

347 4327 506 4384 omni
539 4325 859 4397 cujuslibet
893 4323 1114 4379 fraudis
1146 4324 1566 4394 impedimento
1598 4342 1788 4380 vacuae
1819 4344 1997 4398 appa-

346 4416 596 4472 ruerint.

2107 3347 2196 3402 xui
2258 3346 2421 3419 μόνον
2484 3341 2710 3422 φοϐερὸν
2773 3343 3143 3421 δικαστήριον,
3172 3348 3263 3402 καὶ
3322 3345 3529 3403 δίκαιον
3585 3350 3759 3406 πλέον

2112 3438 2146 3505 ἢ
2177 3434 2299 3490 ὅσον
2358 3429 2639 3513 ἐπίφοϐον·
2673 3435 2768 3489 παὶ
2813 3432 2902 3489 διὰ
2945 3437 3007 3489 τὸ
3054 3437 3219 3510 τυχὸν
3253 3432 3505 3514 φοϐερὸν,
3539 3438 3621 3493 ὅτι
3678 3437 3761 3494 δί-

2112 3546 2288 3595 καιον,
2318 3524 2408 3579 καὶ
2438 3525 2499 3578 τὸ
2530 3522 2730 3585 πάντας
2764 3524 2936 3596 ἑαυτῷ
2965 3524 3100 3579 κατᾶ
3154 3525 3252 3593 τήν
3304 3522 3511 3581 δικαίαν
3569 3531 3755 3606 ψῆφον

2113 3612 2461 3668 ἐναποκλεῖον
2494 3610 2620 3673 τοὺς
2668 3611 2882 3673 αἰῶνας.
2915 3612 3010 3673 Τίς
3043 3613 3138 3675 τὰς
3188 3611 3430 3690 οἰμωγὰς
3483 3618 3572 3669 xui
3628 3617 3761 3679 τοὺς

2114 3702 2440 3778 στεναγμοὺς
2491 3701 2619 3764 τοὺς
2679 3701 2739 3756 ἐκ
2799 3701 2965 3776 μέσης
3054 3702 3229 3758 αὐτῶν
3286 3707 3764 3782 προσφερομένους

2111 3800 2210 3862 τῆς
2250 3789 2495 3867 καρδίας,
2523 3792 2613 3845 καὶ
2663 3790 2837 3846 αὐτῶν
2889 3794 3308 3865 καθαπτομένων
3351 3798 3458 3850 τῶν
3514 3795 3761 3868 μυελῶν,

2110 3881 2199 3936 xui
2265 3886 2473 3956 πικρῶς
2521 3880 2588 3935 τὰ
2634 3878 2921 3956 σπλάγχνα
2977 3878 3443 3954 καταδακνόντων,
3494 3884 3579 3940 ἐπὶ
3636 3890 3769 3942 νιιῦν

2112 3965 2407 4044 λαμϐάνων
2460 3966 2703 4041 δακρύων
2754 3968 3035 4044 ἐλεύθερος
3089 3970 3222 4027 εἶναι
3280 3968 3605 4043 δυνήσεταις
3657 3975 3762 4037 Τίς

2108 4060 2200 4114 τὸν
2233 4062 2427 4135 θρῆνον
2461 4057 2550 4112 καὶ
2579 4058 2670 4112 τὸν
2705 4056 3021 4135 ὀλοφυρμὸν
3052 4057 3261 4135 ἐνέγκοι
3289 4059 3463 4135 χωρίς
3521 4062 3610 4116 καὶ
3657 4070 3764 4133 τῆς

2112 4147 2192 4202 ἐπ’
2222 4147 2391 4216 αὐτῆς
2438 4146 2750 4223 κατηφείας,
2801 4146 2889 4200 καὶ
2944 4148 3058 4219 μεθ’
3098 4145 3227 4202 οτίων
3279 4150 3762 4227 προσφερομένους

2107 4241 2213 4290 τῶν
2268 4234 2623 4309 μεταμελείας
2672 4233 2851 4309 λόγων
2899 4240 3007 4290 τῶν
3055 4257 3114 4291 τε
3143 4237 3277 4313 πρὸς
3311 4238 3496 4292 ἑαυτὸν
3529 4239 3761 4295 ἑκάστου

2105 4330 2211 4380 τῶν
2272 4326 2682 4398 κολαζομένων,
2733 4324 2821 4378 καὶ
2876 4326 3089 4380 πάντων
3149 4327 3285 4400 πρὸς
3342 4326 3541 4390 πάντας
3570 4355 3585 4399 ;
3619 4330 3764 4386 Τότε

2104 4416 2205 4491 γὰρ
2263 4411 2483 4484 ἀληθῶς
2552 4412 2877 4489 ἐπιγνώμων
2951 4418 3059 4467 τῶν
3127 4415 3317 4469 ἐαυτοῦ
3400 4420 3761 4489 πταισμάτων

343 4504 667 4573 γαθέστηκεν
724 4498 971 4565 ἕκαστος,
1026 4496 1101 4552 ὅτ’
1160 4498 1218 4552 ἂν
1276 4496 1354 4575 ἐφ’
1411 4500 1611 4553 ἑαυτῶν
1666 4502 1840 4575 γυμνᾶ
1914 4510 2115 4580 φανῶσι
2190 4505 2257 4559 τὰ
2328 4503 2638 4578 πράγματα,
2697 4502 2785 4556 καὶ
2862 4502 3063 4564 παντὸς
3138 4501 3469 4577 κωλύματος
3540 4507 3758 4578 ἀπάτης

345 4593 618 4666 ἐλεύθερα.

414 4686 468 4740 3.
498 4685 733 4739 Justum
759 4677 1652 4749 estjudiciumtuum,Domine;
1688 4697 1794 4735 nos
1821 4682 1987 4754 quip-

2166 4685 2219 4739 3.
2253 4680 2439 4736 Δικαία
2470 4683 2502 4749 ἡ
2534 4680 2708 4756 κρίσις
2739 4701 2857 4749 σου,
2890 4681 2918 4735 ὁ
2949 4677 3096 4743 Θεός⁹
3131 4681 3387 4744 ἐκάλεσας
3432 4682 3532 4759 γὰρ
3576 4686 3758 4760 ἡμᾶς,

342 4789 412 4846 pe
440 4771 677 4841 vocasti,
713 4786 816 4824 nec
847 4768 1381 4838 obtemperavimus
1403 4766 1508 4821 tibi
1544 4783 1556 4821 ε
1589 4768 1764 4824 verba
1795 4770 1984 4825 fecisti

341 4864 528 4929 nobis,
578 4876 681 4916 nec
732 4858 1127 4925 attendimus;
1180 4856 1296 4911 imo
1351 4855 1511 4910 irrita
1576 4855 1823 4912 fecimus
1882 4863 1985 4914 tua

342 4950 605 5007 consilia.
660 4949 799 5004 Jure
848 4944 1082 5001 advenit
1144 4944 1314 4999 nobis
1366 4944 1627 5014 exitium,
1675 4945 1981 5016 pernicies,

338 5043 675 5111 tempestas,
708 5051 1001 5090 aerumna}.
1038 5038 1093 5087 et
1124 5033 1407 5088 obsessio.
1455 5033 1705 5104 Jamque
1736 5040 1790 5090 te
1824 5035 1983 5092 invo-

338 5145 562 5197 camus,
598 5143 702 5181 nec
742 5124 1021 5188 exaudis;
1058 5122 1519 5177 misericordiam
1572 5137 1640 5177 ex
1685 5128 1740 5178 te
1770 5126 1981 5195 quaeri-

340 5235 492 5287 mus,
524 5233 627 5271 nec
660 5214 1008 5268 invenimus.
1044 5210 1160 5264 Nos
1208 5211 1364 5264 enim
1414 5212 1511 5281 qui
1546 5212 1894 5281 sapientiam
1927 5220 1983 5270 et

339 5306 581 5362 verbum
614 5300 845 5358 Domini
881 5298 1010 5353 odio
1045 5297 1576 5369 habuimus,neque
1600 5300 1690 5354 Uei
1717 5302 1982 5360 consiliis

340 5397 604 5454 animum
638 5389 929 5446 voluimus
962 5386 1258 5450 adbibere,
1299 5387 1635 5455 bujusmodi
1666 5406 1734 5443 ex
1780 5397 1980 5448 nostro

337 5485 560 5542 semine
590 5480 814 5535 fructus
847 5475 1312 5546 decerpimus,ac
1348 5480 1546 5530 nostra
1576 5475 1869 5547 replemur
1897 5480 1981 5535 in-

335 5574 525 5633 sauia.
559 5570 673 5627 Nos
704 5567 922 5638 quippe
970 5563 1272 5619 excaecavit
1302 5562 1531 5619 fallacia
1580 5564 1730 5636 vitae,
1787 5584 1977 5640 neque

405 5699 516 5774 (87)
550 5693 770 5753 Στάσιν,

2092 4770 2181 4825 καὶ
2215 4770 2321 4846 οὐχ
2365 4769 2739 4842 ὑπηκούσαμεν
2788 4788 2908 4823 σουο
2940 4767 3140 4844 λόγους
3202 4768 3260 4825 δὲ
3291 4778 3555 4847 παρεῖχες
3587 4776 3755 4845 ἡμῖν,

2091 4860 2181 4914 καὶ
2214 4859 2275 4913 οὐ
2306 4858 2705 4933 προσέσχομεν·
2742 4857 3030 4933 τοιγαροῦν
3064 4857 3211 4914 ἀλλὰ
3256 4858 3489 4937 ἀκύρους
3529 4862 3758 4918 ἐποιοῦ-

2097 4969 2189 5019 μεν
2248 4949 2343 5010 τὰς
2402 4948 2498 5009 σᾶς
2559 4944 2783 5020 βουλάς.
2818 4945 3052 5010 Δικαίως
3100 4946 3263 5016 ἦλθεν
3317 4948 3393 5012 εἷς
3442 4952 3592 5022 ἡμᾶς
3641 4951 3752 5007 ἀπ..

2093 5035 2263 5090 ώλεια
2291 5037 2380 5090 καὶ
2413 5031 2638 5109 ὄλεθρος
2668 5034 2758 5088 xui
2783 5036 3027 5111 καταιγὶς
3058 5036 3147 5091 καὶ
3176 5036 3361 5111 θλίψις
3391 5039 3481 5093 καὶ
3512 5038 3752 5113 πολιορ-

2091 5124 2199 5181 κία.
2234 5124 2331 5179 Καὶ
2388 5128 2479 5178 νῦν
2537 5125 2701 5196 ἡμεῖς
2764 5121 3177 5197 ἐπικαλούμεθά
3226 5147 3303 5197 σε,
3337 5126 3427 5181 καὶ
3486 5126 3586 5182 οὐκ
3636 5128 3754 5184 εἷσ-

2090 5216 2327 5282 ακούεις,
2360 5214 2448 5267 καὶ
2495 5216 2761 5285 ζητοῦμεν
2811 5212 2957 5286 παρὰ
3004 5217 3123 5283 σοῦ,
3154 5214 3245 5269 καὶ
3291 5214 3399 5290 οὐχ
3428 5214 3755 5291 εὖρίσκομεν

2093 5299 2268 5363 ἔλεος.
2303 5302 2363 5354 Ol
2413 5300 2514 5375 γὰρ
2572 5302 2897 5373 μισήσαντες
2949 5302 3137 5379 σοφίαν
3190 5302 3278 5357 xui
3331 5301 3495 5379 λόγον
3548 5305 3754 5379 Κυρίου

2095 5392 2169 5461 μὴ
2220 5388 2644 5464 προσελόμενοι,
2697 5385 2838 5459 μηδὲ
2888 5387 3213 5461 θελήσαντες
3273 5396 3407 5447 Θεοῦ
3454 5392 3751 5470 προσέχειν

2095 5477 2316 5553 βουλὰς,
2348 5477 2633 5539 τοιούτους
2681 5474 2989 5551 δρεπόμεθα
3034 5479 3161 5542 τοὺς
3208 5483 3449 5555 καρποὺς
3496 5485 3604 5535 τῶν
3660 5482 3755 5538 oi-

2090 5567 2246 5623 κείων
2279 5565 2624 5643 σπερμάτων,
2659 5566 2749 5621 καὶ
2788 5574 2889 5639 τῆς
2940 5568 3140 5625 ἑαυτῶν
3190 5568 3373 5631 ἀνοίας
3421 5567 3762 5644 ἐμπιμπλά-
