2036 3105
161 159 225 191 593
705 160 837 192 SERMO
860 161 912 191 AD
935 160 1167 191 ANTIOCHUM
1191 160 1337 191 DUCEM.
1813 162 1872 193 594

163 226 244 262 μεθα·
262 224 453 264 ’Δπετύφλωσε
477 227 529 265 γὰρ
552 227 627 263 ἡμᾶς
647 227 664 262 ἠ
686 226 774 262 ἀπάτη
796 228 844 254 τοῦ
861 226 931 264 βίου,
947 227 984 254 κα

1049 227 1184 256 novimus
1200 228 1340 264 mysteria
1352 228 1471 262 Dei,nec
1482 227 1664 264 speravimus
1677 236 1797 264 prorsus
1808 238 1871 257 esse

161 270 215 298 οὐκ
242 268 360 308 ἔγνωμεν
389 271 525 308 μυστήρια
548 274 636 307 Θεοῦ,
663 270 725 300 οὐδὲ
750 272 845 308 μισθὸν
871 271 937 299 εἶναι
961 272 992 299 τὸ

161 314 281 342 σύνολον
298 314 452 352 ἠλπίσαμεν
478 313 630 352 ὁσιότητος·
646 317 691 344 καὶ
717 315 761 344 διὰ
784 319 864 344 τοῦτο
887 313 992 354 τρίϐοις

161 359 281 396 ἀνομίας
302 359 506 397 ἐνιπλήσθημεν
544 360 732 398 Διωδεύσαμεν
749 360 777 388 δὲ
796 358 907 398 τρίϐους
923 358 992 388 ἀϐά-

159 415 240 440 τους,
256 403 362 440 δηλαδῆ
377 408 427 440 τῆς
439 405 511 437 θείας
528 405 689 441 ἐπισκοπῆς·
705 406 754 440 τήν
770 405 798 433 δὲ
813 405 874 433 ὁδὸν
892 405 991 443 Κυρίου

160 448 214 477 οὒκ
228 447 360 487 ἔγνωμεν.
377 449 426 477 Καὶ
446 449 487 481 τίς
503 451 517 477 ὁ
540 450 661 481 πλοῦτος
687 451 716 481 ὃς
743 450 810 487 μετὰ
833 449 992 485 ἀλαζονείας

160 491 355 530 συμϐέϐληται
371 495 440 531 ἡμῖν
456 504 464 529 ;
483 494 621 531 παρῆλθεν
638 495 726 523 ἐκεῖνα
754 494 840 523 πάντα
862 495 899 526 ὡς
930 495 991 522 σκιά

157 537 208 566 καὶ
224 539 263 569 ὡς
288 538 405 576 ἀγγελία
430 540 648 577 ποιρατρέχουσα1
674 539 717 567 καὶ
740 540 777 570 ὡς
800 541 864 570 ναῦς
884 537 991 576 διερχο·

158 582 228 619 μένη
262 581 463 619 κυμαινόμενον
495 582 579 621 ὕδωρ,
606 585 640 618 ἧς
671 581 814 619 διαϐάσης,
842 583 891 611 ούκ
919 582 989 611 ἔστιν

156 626 241 664 ἴχνος
257 627 357 665 εὑρεῖν,
374 626 436 655 οὐδὲ
451 627 570 665 ἀτραπὸν
583 628 725 666 τροπαίως
743 628 826 661 αὐτῆς
849 628 875 655 ἐν
904 628 989 664 κύμα-

156 681 212 700 σιν.
230 672 266 700 ’Ἠ
291 672 328 702 ὡς
354 671 448 710 ὀρνέου
464 671 625 704 διατπάντος
649 672 723 712 ἀέρα,
740 671 816 700 οὐδὲν
839 672 988 710 εὑρίσκεται

154 717 311 753 τεκμήριον
337 717 458 754 πορείας.
484 717 624 755 Παρῆλθεν
651 718 737 745 έκεῖνα
751 718 847 753 πάντα,
862 719 942 744 τοῦτο
957 717 989 744 τὸ

157 762 212 797 πῦρ
230 761 299 797 ἡμῖν
318 760 427 799 ἀφέντα,
449 761 637 799 κληρονομίαν
661 762 698 793 εἷς
723 762 824 793 πάντας
848 760 990 798 διαμένου-

155 815 205 831 σαν
236 805 349 836 αἰῶνας.
374 805 470 833 Δικαία
484 806 503 841 ἡ
517 806 604 844 κρίσις
636 817 694 840 σου,
710 806 724 833 ὁ
740 806 813 837 Θεός·
839 808 923 834 ταῦτα
937 806 987 844 γὰρ

155 848 288 886 λέγοντες
318 848 448 877 οὐδέποτε
473 850 630 887 παυσόμεθα
660 850 774 878 λοιπόν·
806 850 987 887 ἐκαλούμιθα,

154 893 203 920 καὶ
219 892 275 931 οὐχ
305 894 489 931 ὑπηκούομεν·
518 894 743 931 ένουθετούμεθα,
772 895 817 922 καὶ
848 894 878 923 οὐ
902 905 988 932 προσ-

154 937 273 975 έχομεν.
291 938 356 976 Περὶ
372 938 475 967 τούτων
497 940 557 971 καθ’
580 940 693 974 ἑκάστην
716 940 821 977 ἡμέραν
845 938 985 967 ἐδιδασκό-

155 988 227 1018 μεθα
241 984 296 1010 τῶν
311 981 416 1019 δεινῶν,
440 983 483 1011 καὶ
509 986 726 1022 κατεφρονοῦμεν
748 986 802 1011 τῶν
819 983 983 1022 λεγομένων

153 1026 206 1054 οὐκ
234 1026 330 1054 ἐλύπει
357 1028 432 1064 ἡμᾶς
460 1028 522 1056 τότε
550 1028 598 1056 κᾶν
624 1029 720 1066 μικρὸν
744 1029 779 1056 τὰ
802 1029 864 1066 περὶ
882 1028 986 1056 τούτων

154 1070 282 1109 ῥήματα·
298 1071 356 1099 ἐπεὶ
372 1072 422 1100 οὐκ
437 1072 466 1100 ἂν
492 1071 617 1112 σφοδρῶς
642 1073 728 1105 οὕτως
752 1073 844 1101 ἐλύπει
860 1073 894 1101 τὰ
917 1073 985 1111 «pi.

154 1125 260 1153 γμαται
278 1115 365 1153 λῆρος
379 1117 447 1152 ἡμῖν
463 1116 602 1154 ἐνομίζετο
626 1118 660 1145 τὰ
673 1120 719 1145 νῦν
744 1118 824 1154 ἡμῶν
840 1118 986 1156 συνέχοντα

153 1160 208 1194 τήν
225 1161 310 1195 ζωήν.
342 1162 430 1189 Τοῦτο
456 1164 576 1200 συνεχῶς
606 1161 752 1199 ἔτιᾴδομεψ
782 1163 814 1190 Ὦ
835 1164 884 1197 τῆς
905 1161 985 1200 ρᾳθυ-

158 1204 226 1240 μίας
245 1205 252 1233 l
269 1203 292 1232 ὢ
314 1209 365 1240 τῆς
389 1205 515 1241 ἀπάτηςὲ
534 1205 556 1233 ὣ
578 1209 633 1234 τῶν
655 1209 745 1234 κακῶν
764 1206 958 1244 βουλευμάτων
977 1207 984 1235 l

156 1248 182 1276 ὢ
205 1251 263 1276 τῶν
289 1253 418 1286 πονηρῶν
449 1250 682 1289 συναλλαγμάτων
701 1252 707 1279 ι
723 1252 746 1287 ᾧ
774 1254 823 1279 τοῦ
847 1251 985 1288 θαύματος

154 1297 210 1328 τῆς
234 1293 279 1321 ἐπὶ
300 1294 408 1325 τούτοις
427 1297 475 1322 τοῦ
500 1298 565 1323 Θεοῦ
591 1294 694 1327 δικαίας
715 1296 830 1334 κρίσεως
854 1295 898 1323 καὶ
920 1296 986 1323 ἀπο-

155 1338 293 1377 φάσεωςί
317 1341 378 1370 Πῶς
404 1339 516 1368 ἑκάστου
538 1342 592 1367 τῶν
618 1340 759 1378 ἡμετέρων
781 1340 985 1379 ἁμαρτημάτων

155 1381 250 1414 εἴδους
266 1383 421 1422 πρόσφορον
435 1385 502 1421 ἡμῖν
519 1383 653 1417 ἀντέδωκε
670 1386 785 1422 βάσανον
802 1386 808 1413 !
826 1384 859 1412 δι’
874 1385 982 1423 οἰκτρὰν

154 1427 209 1464 γὰρ
225 1428 272 1454 καὶ
289 1427 459 1456 ἀπόπτυστον
484 1430 582 1467 σαρκὸς
603 1428 716 1464 ἠδονήν,
730 1430 830 1465 ταύτην
847 1429 919 1467 ἔχειν
934 1430 984 1464 τὴν

152 1469 275 1510 φοϐερὰν
292 1471 404 1504 δικαίως
425 1474 621 1511 κατεκρίθημεν
648 1474 763 1511 γέενναν·
779 1475 824 1502 τὸν
842 1474 922 1514 ζόφον
937 1474 982 1502 καὶ

151 1516 186 1544 τὸ
202 1517 304 1548 σκότος
317 1517 398 1545 τοῦτο
409 1517 492 1545 οῗκεῖν
508 1517 716 1556 κατεκρίθημεν.
733 1517 843 1553 Ἐπειδή
871 1519 980 1556 ἠγαπή-

153 1571 242 1597 σαμεν
257 1561 345 1589 πάντα
359 1562 393 1589 τὰ
407 1561 518 1600 αἰσχρὰ,
542 1562 587 1590 καὶ
612 1563 720 1590 πάντων
744 1563 816 1599 ὁμοῦ
829 1565 884 1591 τῶν
902 1563 980 1595 θείων

1047 272 1202 307 quamdam
1218 273 1381 300 sanctitatis
1397 273 1559 301 mercedem
1573 281 1579 300 :
1597 275 1774 308 quapropter
1784 274 1871 301 semi-

1047 316 1259 353 tisiniquitatis
1271 317 1372 353 repleti
1389 326 1504 345 sumus.
1515 318 1737 345 Ambulavimus
1749 327 1799 354 per
1809 319 1871 346 vias

1047 361 1222 395 inaccessas,
1239 362 1343 389 divinae
1360 361 1472 389 scilicet
1487 361 1661 394 visitationi,
1678 362 1752 389 viam
1774 365 1871 390 autem

1047 405 1161 433 Domini
1178 406 1388 441 ignoravimus.
1404 406 1510 442 Ecquaa
1524 406 1580 433 illa:
1596 406 1701 433 divitiae
1717 415 1790 442 quas
1805 415 1872 434 cum

1047 450 1214 486 arrogantia
1230 450 1504 478 accumulavimus?
1516 450 1579 478 Haec
1596 451 1692 478 omnia
1709 451 1792 486 quasi
1810 460 1873 478 um-

1046 494 1097 522 bra
1112 495 1255 522 transiere
1270 497 1297 522 et
1312 495 1394 530 quasi
1416 495 1551 522 nuntium
1569 496 1741 531 praeteriere,
1759 504 1871 523 necnon

1046 539 1130 575 quasi
1146 539 1228 567 navis
1253 540 1361 567 undam
1378 547 1482 567 secans
1506 540 1655 575 agitatam,
1674 549 1730 575 qua
1753 543 1871 576 preter-

1044 591 1155 619 gressa,
1173 583 1287 611 nullum
1313 588 1463 619 comparet
1476 584 1643 620 vestigium,
1660 584 1738 612 nulla
1765 585 1870 613 semita

1044 628 1073 656 in
1090 629 1228 656 ﬂuctibus
1252 628 1440 664 conspicitur.
1459 628 1508 656 Vel
1525 629 1601 656 sicut
1626 630 1686 655 avis
1702 638 1752 664 per
1772 638 1868 657 aerem

1043 673 1167 700 volantis
1179 672 1289 700 nullum
1302 672 1416 700 volatus
1427 673 1571 709 reperitur
1585 674 1714 707 signum.
1726 673 1791 701 Haec
1802 683 1868 702 om-

1044 717 1092 744 nia
1116 717 1267 752 transiere,
1290 717 1434 752 nobisque
1457 725 1509 753 pro
1534 717 1701 745 haereditate
1727 718 1869 753 reliquere

1043 761 1121 789 hunc
1132 762 1228 797 ignem
1241 770 1292 798 per
1303 761 1402 789 omnia
1409 761 1515 789 saecula
1526 763 1868 797 perdurenlem.Justum

1043 808 1088 833 est
1100 806 1245 841 judicium
1263 808 1358 839 tuum,
1377 808 1468 840 Deus;
1484 806 1545 833 haec
1565 807 1642 833 enim
1660 806 1776 833 dicendi
1793 816 1868 834 nun-

1043 858 1131 886 quam
1148 851 1285 886 deinceps
1301 850 1387 878 finem
1405 850 1546 878 faciemus
1564 858 1569 877 :
1585 851 1677 878 vocati
1698 859 1869 884 sumus,nec

1042 895 1320 931 obtemperavimus,
1337 895 1440 923 moniti
1465 895 1576 922 fuimus
1599 904 1650 922 nec
1675 896 1866 924 attendimus.

1042 940 1225 968 Docebamur
1249 939 1379 976 quotidie
1403 940 1573 975 hujusmodi
1591 941 1649 967 fore
1666 949 1822 971 mrumnas.
1839 943 1867 968 et

1040 984 1117 1011 dicta
1140 984 1312 1019 hujusmodi
1338 984 1583 1019 despiciebamus,
1599 993 1692 1019 neque
1716 985 1800 1012 nobis
1815 985 1865 1013 isti

1040 1037 1191 1057 sermones
1207 1029 1250 1056 vel
1266 1028 1421 1056 minimum
1445 1029 1584 1056 molestia:
1600 1029 1777 1062 efferebant;
1796 1030 1865 1064 quia

1041 1081 1093 1101 nec
1103 1073 1174 1109 ipsae
1185 1081 1231 1101 res
1247 1073 1331 1100 nobis
1347 1073 1505 1100 admodum
1523 1073 1651 1100 molesta:
1667 1076 1768 1100 erant:
1784 1082 1865 1110 nugs:

1040 1117 1214 1145 videbantur
1228 1117 1312 1145 nobis
1337 1126 1400 1145 esse
1415 1125 1478 1153 qua:
1489 1118 1552 1152 jam
1571 1120 1700 1145 nostram
1723 1121 1868 1153 occupant

1040 1162 1204 1190 vitam.Hoc
1214 1162 1348 1189 canimus
1360 1161 1478 1189 assidue
1490 1170 1496 1188 ε
1509 1161 1530 1189 Ο
1542 1162 1751 1198 negligentiam
1766 1162 1771 1188 ί
1785 1171 1800 1189 o
1814 1162 1866 1189 fal-

1040 1206 1145 1234 laciam
1158 1206 1164 1234 !
1177 1215 1193 1233 o
1203 1214 1292 1242 prava
1299 1206 1421 1234 consilia
1436 1205 1441 1233 !
1455 1214 1471 1234 ο
1482 1214 1586 1241 pravas
1597 1207 1843 1234 commutationes
1857 1207 1863 1234 l

1040 1259 1056 1279 ο
1073 1251 1249 1278 miraculum
1265 1250 1318 1278 hac
1333 1250 1363 1278 in
1377 1259 1408 1278 re
1419 1250 1492 1286 justi
1511 1251 1556 1278 Dei
1571 1251 1673 1284 judicii
1699 1260 1731 1278 ac
1748 1254 1865 1279 senten-

1038 1295 1085 1323 tiis
1098 1295 1103 1323 l
1117 1296 1178 1328 Quo
1196 1297 1278 1331 pacto
1294 1303 1345 1331 pro
1361 1295 1486 1330 singulis
1502 1298 1687 1330 peccatorum
1708 1296 1865 1331 generibus

1039 1348 1201 1376 congruum
1218 1339 1301 1368 nobis
1318 1339 1442 1367 reddidit
1464 1339 1625 1367 cruciatum
1642 1340 1647 1366 ι
1665 1341 1701 1367 ob
1725 1340 1863 1368 miseram

1037 1387 1066 1413 et
1076 1385 1271 1420 respuendum
1278 1383 1582 1419 voluptatem,inhanc
1591 1384 1749 1411 terribilem
1759 1385 1864 1419 gehen-

1038 1438 1106 1457 nam
1124 1429 1227 1456 merito
1242 1429 1373 1456 damnati
1389 1436 1493 1456 sumus
1510 1437 1517 1456 :
1534 1427 1593 1455 hrec
1610 1428 1713 1462 caligo,
1725 1428 1766 1455 has
1783 1431 1862 1456 tene-

1038 1474 1095 1501 brae
1111 1474 1140 1501 in
1157 1473 1340 1501 domicilium
1358 1473 1442 1500 nobis
1458 1472 1601 1508 deputata:
1619 1475 1698 1500 sunt.
1715 1473 1859 1504 Quoniam

1036 1518 1148 1546 scilicet
1158 1518 1283 1545 obscena
1295 1517 1393 1545 omnia
1404 1517 1672 1549 dileximus,divina
1682 1518 1756 1544 bona
1763 1518 1863 1545 omnia

1037 1562 1147 1599 pariter
1169 1562 1368 1598 despeximus,
1383 1561 1502 1597 illisque
1527 1562 1752 1596 anteposuimus
1775 1571 1862 1598 eque-

152 1605 268 1642 ἆγαθῶν
292 1607 555 1645 καταφρονήσαντες,
579 1607 612 1634 τὰ
639 1607 739 1635 ἱππικὰ
763 1608 807 1634 καὶ
829 1607 862 1635 τὰ
885 1608 983 1645 θέατρα

1040 1607 1122 1639 stris,
1139 1607 1262 1643 theatra,
1279 1607 1457 1639 venationes,
1474 1606 1581 1642 quibus
1598 1607 1626 1634 in
1642 1607 1729 1634 rebus
1755 1607 1862 1634 deamo-

153 1650 200 1678 κ.αέ
216 1650 252 1677 τὰ
265 1651 408 1689 κυνηγέσια
423 1652 656 1688 προετιμήσαμεν,
674 1652 701 1679 ἐν
718 1653 758 1682 οἷς
774 1650 912 1688 δαιμόνων
923 1651 985 1690 ἑχό-

153 1705 237 1733 ρευον
254 1694 352 1732 δῆμοι,
367 1697 411 1724 καὶ
434 1699 505 1724 πᾶσα
528 1697 585 1724 θεία
600 1697 725 1735 ἀγγέλων
742 1697 813 1732 ἀπῆν
827 1698 925 1725 σκοπιὰ
938 1697 984 1725 καὶ

154 1740 315 1777 ἐπίγνωσις.
330 1741 413 1768 ἝνΘα
426 1741 458 1768 τὸ
484 1741 532 1778 μέν
548 1741 646 1778 σεμνὸν
666 1743 714 1776 τῆς
730 1741 897 1780 εὐφροσύνης
912 1741 984 1769 πο)-

153 1784 218 1815 λοῑς
232 1782 410 1822 καθυϐρίζετο
426 1785 549 1822 τρόποις·
565 1786 596 1813 τὸ
621 1784 649 1813 δὲ
663 1789 714 1820 τῆς
738 1785 885 1817 ἀκολασίας
899 1785 983 1813 κακόν

152 1840 183 1857 τε
197 1829 246 1856 καὶ
264 1828 396 1867 βδελυρὸν
414 1829 582 1866 ἐσεμνύνετο.
600 1830 715 1862 Δικαίιυς
738 1833 785 1858 τοῦ
811 1831 899 1869 φωτὸς
913 1830 983 1858 ἐστε-

153 1876 264 1913 ρήμεθα
278 1878 337 1911 νῦν,
354 1875 396 1903 ὅτι
410 1876 478 1914 πρὸς
494 1875 572 1912 δόξαν
584 1878 633 1904 τοῦ
651 1876 835 1912 πεποιηκότος
851 1878 917 1905 Θεοῦ
932 1877 982 1911 τήν

152 1920 244 1947 κτίσιν
258 1920 327 1947 κατά
341 1920 392 1954 τὴν
416 1920 581 1958 πρόσκαιρον
606 1921 688 1956 ἡμῶν
711 1921 784 1955 ζωήν
809 1920 858 1948 οὐκ
873 1920 981 1948 ἐθεασά-

154 1963 304 2000 μεθα-ἀλλ’
315 1964 487 2001 ἐμολύναμεν
497 1965 560 1996 τοὺς
570 1964 729 2004 ὀφθαλμοὺς
738 1966 818 2002 ἡμῶν
828 1966 873 1993 καὶ
883 1965 917 1993 τὰ
925 1966 982 1992 ὦτα

151 2009 198 2035 καὶ
213 2008 354 2046 γλῶσσαν,
373 2009 480 2046 μᾶλλον
501 2008 530 2037 δὲ
552 2010 602 2044 τήν
628 2010 687 2038 κατ’
710 2010 800 2037 εἰκόνα
824 2011 891 2037 Θεοῦ
906 2020 981 2048 γεγε-

151 2053 278 2089 νημένην
294 2053 386 2090 ψυχὴν
403 2056 467 2081 πᾶσι
482 2056 540 2084 τοῖς
554 2056 594 2090 τῷ
606 2054 664 2090 Θεῷ
677 2054 852 2091 μισουμένοις
867 2053 981 2090 θεάμασι

151 2108 181 2124 τε
195 2097 241 2124 καὶ
257 2097 412 2135 ἀκροάμασι
434 2098 479 2125 καὶ
504 2097 618 2135 ῥήμασι,
633 2098 677 2126 καὶ
693 2101 755 2130 ταῖς
773 2099 831 2126 κατ’
846 2097 980 2133 ἀλλήλων

155 2142 318 2179 βασκανίαις
342 2141 522 2181 ἐφθείραμεν,
546 2143 584 2174 εἷς
610 2141 638 2170 δὲ
660 2143 707 2170 τὸν
731 2143 861 2180 τάρταρον
883 2145 980 2170 τοῦτον

152 2186 358 2226 ἁπερῥίφημεν,
383 2187 462 2222 πήξει
485 2186 529 2214 καὶ
555 2187 628 2224 βυθῷ
651 2187 709 2214 κατ’
733 2187 821 2214 αὐτῶν
844 2186 980 2224 τρυχόμε-

154 2240 196 2258 νοι
213 2229 320 2262 δεινῶς.
336 2230 449 2266 Ἐπειδή
465 2235 514 2265 τῆς
531 2231 579 2267 μὶν
595 2230 702 2268 ὑψηλῆς
727 2231 771 2258 καὶ
795 2234 848 2258 τῶν
866 2230 978 2267 ὑψηλῶν

152 2276 199 2302 καὶ
223 2275 304 2307 θείων
330 2275 477 2312 προξενοῦν
501 2276 751 2314 ταπεινοφροσύνης
781 2275 980 2313 προεκρίναμεν

152 2320 205 2353 τήν
233 2320 430 2358 ὑπερηφανίαν,
455 2320 499 2347 καὶ
523 2320 554 2347 τὸ
580 2323 630 2354 τῆς
657 2321 753 2354 ἀρετῆς
779 2319 868 2347 στενόν
892 2330 920 2347 τε
935 2320 981 2346 καὶ

152 2363 280 2392 σύντονον
305 2362 351 2391 διὰ
364 2365 414 2399 τήν
438 2366 489 2397 τῆς
515 2365 613 2401 σαρκὸς
639 2363 862 2402 ὑπερϐάλλουσαν
883 2364 980 2402 θρύψιν

151 2419 187 2436 το
201 2409 244 2436 καί
261 2407 380 2436 διάθεσιν
396 2408 589 2445 ἀπεωσάμεθα.

193 2473 217 2499 4.
232 2470 292 2499 Ποῦ
316 2474 362 2498 νῦν
491 2470 561 2499 ἐστιν
586 2472 603 2506 ἡ
629 2471 808 2510 ὑπερηφανία,
832 2471 877 2499 καὶ
936 2471 980 2499 διὰ

152 2516 205 2549 τήν
219 2516 329 2551 ἀλαζὼν
344 2517 411 2554 πρὸς
436 2516 538 2547 πάντας
563 2514 693 2552 διάθεσις,
717 2515 761 2543 καὶ
786 2516 803 2550 ἠ
819 2519 868 2551 τῆς
882 2517 978 2553 σαρκὸς

155 2559 305 2597 βλακώδης
319 2561 364 2588 καὶ
381 2559 543 2598 εὐδιάχυτος
568 2560 664 2598 θρύψις
681 2570 688 2594 ;
705 2561 738 2587 Ὢ
751 2563 801 2595 τῆς
826 2558 956 2592 ἀϐουλίας
973 2562 980 2590 l

152 2604 213 2632 ἆντῖ
225 2605 350 2643 γέλωτος
367 2606 502 2643 ἀκρατοῦς
515 2606 561 2633 καὶ
576 2605 625 2633 τοῦ
646 2605 796 2633 ἆκοκάστου
812 2605 901 2645 ψόφου
926 2608 981 2634 τῶν

154 2652 275 2686 παρειῶν
291 2650 306 2677 ὁ
324 2649 406 2688 βαρὺς
436 2650 517 2681 οὗτος
542 2649 664 2688 βρυγμός
688 2649 743 2677 ἐστι
766 2653 821 2678 τῶν
851 2649 980 2679 ὀδόντων.

153 2694 211 2728 τὴν
223 2697 279 2722 τῶν
296 2695 375 2727 θείων
390 2695 435 2722 καὶ
452 2695 595 2731 σωτηρίων
620 2694 711 2732 λόγων
736 2695 848 2729 ἀσκῆσαι
865 2695 981 2731 μάθησιν

156 2739 200 2775 μὴ
213 2739 403 2775 βουληθέντες,
419 2739 491 2768 ἀλλὰ
508 2741 592 2777 μέθης
616 2739 744 2777 ἀμετρίαν
769 2741 819 2772 τῆς
836 2738 880 2767 διὰ
895 2739 982 2777 λόγου

155 2783 230 2814 θείας
259 2786 478 2821 προτιμήσαντες
507 2785 633 2815 αἰνέσεως
651 2808 658 2820 ,
688 2783 782 2815 δεινῶς
809 2785 982 2821 κολαζόμεθα

153 2830 208 2855 νῦν
220 2831 271 2862 τῆς
293 2828 421 2866 γλώσσης
444 2828 514 2866 δίψει
539 2826 641 2868 φοϐερᾷ
657 2829 671 2846 ⁸
685 2827 820 2864 διακενῆς.
846 2829 937 2864 ’Ἄξιον
953 2827 982 2857 δὲ

1040 1661 1110 1680 num
1123 1653 1235 1680 chorea
1244 1652 1607 1687 versabantur,aberatque
1620 1652 1754 1679 universa
1766 1652 1865 1680 divina

1039 1697 1210 1734 angelorum
1228 1697 1389 1733 speculatio
1405 1699 1432 1724 et
1447 1697 1583 1732 cognitio.
1603 1697 1662 1724 Illic
1679 1698 1773 1732 proba:
1791 1697 1863 1724 loeti-

1038 1742 1084 1769 tiae
1100 1743 1227 1777 gravitas
1243 1741 1344 1769 multis
1354 1740 1595 1769 contumeliarum
1608 1741 1702 1768 modis
1718 1742 1864 1769 allicieba-

1038 1789 1105 1820 tur;
1123 1786 1355 1823 intemperantize
1377 1794 1444 1813 vero
1468 1786 1678 1813 exsecrandum
1706 1785 1815 1813 malum
1832 1788 1861 1813 in

1038 1832 1147 1859 honore
1160 1832 1304 1859 erat.Jure
1315 1840 1347 1859 ao
1360 1831 1532 1867 meritojam
1547 1830 1610 1857 lucc
1623 1830 1781 1865 privamur,
1792 1830 1862 1865 quia

1037 1878 1186 1904 creaturas
1197 1877 1232 1904 ad
1243 1876 1365 1912 gloriam
1377 1875 1535 1902 conditoris
1542 1873 1590 1902 Dei
1605 1874 1789 1909 contemplati
1804 1883 1861 1902 non

1037 1929 1142 1948 sumus
1156 1921 1185 1948 in
1202 1920 1261 1949 vita
1276 1923 1396 1953 nostra;
1413 1920 1460 1946 scd
1476 1919 1634 1955 polluimus
1651 1919 1860 1953 oculos,aures,

1036 1968 1065 1993 et
1081 1965 1211 2001 linguam
1227 1967 1367 1997 nostram,
1383 1963 1565 1998 maximeque
1581 1963 1712 1989 omnium
1730 1962 1858 1989 animam

1037 2010 1070 2037 ad
1088 2009 1312 2038 similitudinem
1327 2009 1377 2036 Dei
1393 2008 1498 2035 factam
1512 2007 1601 2034 nullis
1613 2015 1668 2033 non
1680 2007 1736 2034 Deo
1749 2007 1859 2042 perosis

1036 2053 1405 2090 spectaculis,rumoribus,
1414 2051 1720 2085 sermocinationibus,
1731 2051 1859 2086 invidiis,

1035 2098 1295 2125 obtrectationibus
1311 2097 1451 2124 adversus
1468 2096 1624 2132 proximos,
1643 2104 1699 2123 non
1717 2095 1859 2123 contami-

1036 2143 1181 2177 navimus,
1199 2144 1285 2178 atque
1302 2142 1329 2168 in
1345 2141 1425 2169 hunc
1442 2142 1582 2168 tartarum
1599 2140 1722 2174 conjecti
1739 2148 1859 2174 sumus;

1035 2186 1085 2214 ubi
1096 2186 1150 2214 loci
1163 2186 1307 2222 angustiis
1318 2187 1346 2213 et
1357 2185 1411 2212 hac
1424 2184 1622 2221 profunditate
1633 2185 1779 2219 voraginis
1794 2193 1859 2221 gra-

1034 2231 1108 2259 viter
1122 2231 1281 2266 afﬂigimur
1306 2230 1454 2266 :quoniam
1471 2228 1536 2257 ultae
1553 2229 1720 2261 humilitati,
1733 2238 1795 2264 quis
1811 2239 1858 2257 ex-

995 2285 1019 2317 D
1034 2275 1112 2304 celsa
1126 2277 1154 2303 et
1169 2274 1268 2302 divina
1291 2273 1438 2307 conciliat,
1455 2273 1638 2310 praetulimus
1664 2274 1832 2308 superbiam
1850 2283 1857 2309 ;

1035 2320 1208 2355 virtutisque
1225 2319 1376 2354 angustias
1391 2321 1419 2346 et
1428 2317 1695 2349 contentionem,ob
1711 2326 1858 2345 summam

1035 2365 1133 2393 carnis
1148 2364 1299 2392 mollitiem
1315 2363 1555 2399 voluptatemque
1573 2363 1803 2398 repudiavimus.

1072 2473 1097 2499 4.
1114 2464 1168 2499 Ubi
1179 2472 1242 2507 jam
1257 2472 1302 2499 est
1324 2473 1425 2498 nostra
1448 2469 1596 2505 superbia,
1614 2469 1663 2496 ubi
1688 2469 1735 2496 ille
1761 2472 1859 2497 noster

1036 2517 1208 2551 arrogantiae
1220 2524 1288 2552 erga
1298 2524 1401 2543 omnes
1413 2514 1545 2548 affectus,
1558 2514 1606 2540 ubi
1618 2514 1713 2541 carnis
1726 2514 1775 2541 illa
1787 2514 1859 2541 mol-

1036 2561 1112 2589 lities
1129 2561 1247 2589 sordida
1273 2562 1302 2588 et
1316 2558 1431 2588 effusa?
1447 2559 1469 2587 0
1489 2558 1768 2586 inconsiderantiam
1785 2558 1790 2585 !
1808 2567 1859 2595 pro

1036 2606 1230 2642 intemperata
1244 2605 1304 2633 risu
1321 2606 1348 2632 et
1363 2604 1471 2632 lascivo
1486 2611 1626 2640 genarum
1639 2604 1715 2631 216
1725 2603 1860 2640 strepitu,

1036 2651 1205 2687 grsvisjom
1228 2653 1271 2678 est
1297 2649 1406 2677 stridor
1429 2648 1570 2676 dentium.
1598 2648 1669 2680 Quia
1694 2648 1861 2675 divinorum

1037 2695 1270 2730 salutariumque
1287 2702 1455 2721 sermonum
1476 2692 1662 2728 disciplinam
1680 2693 1858 2727 respuimus,

1036 2740 1085 2767 sed
1105 2739 1327 2767 immoderatam
1341 2739 1509 2765 ebrietatem
1522 2736 1628 2764 divinis
1640 2736 1777 2764 laudibus
1789 2745 1859 2772 prae-

1036 2784 1202 2820 posuimus,
1215 2784 1275 2819 jam
1292 2784 1416 2819 graviter
1435 2781 1611 2813 cruciamur,
1627 2782 1696 2808 dum
1712 2781 1859 2809 horrenda

1037 2828 1085 2856 siti
1101 2827 1202 2864 lingua
1217 2830 1318 2856 nostra
1332 2826 1617 2861 exurescit.Dignum
1635 2834 1704 2853 sane
1718 2826 1783 2852 odio
1798 2827 1856 2851 Ira-

2025 2081 2028 2129 ί

2027 2177 2028 2247 l

2025 2302 2028 2391 ί

2025 2474 2028 2549 ι

2027 2732 2028 2789 l

2027 2887 2028 2931 ί

2025 2934 2028 2995 l
