2036 3105
165 177 222 215 595
747 182 779 211 s.
804 180 1065 211 ATHANASIUS.
1077 198 1115 202 —
1130 180 1285 217 SPURIA.
1812 181 1872 212 596

164 252 258 284 terno,
274 251 394 286 invidia,
419 249 485 278 dolo
511 249 581 278 item
603 251 630 277 et
655 248 801 285 hypocrisi
826 247 946 285 (quibus
962 249 989 274 et

1048 245 1154 273 καὶτοῦ
1183 247 1251 285 πρὸς
1278 246 1342 278 τοὺς
1368 246 1502 286 ἀδελφοὺς
1531 247 1613 283 ήμῶν
1640 246 1748 283 μίσους,
1772 246 1874 286 φθόνου

165 302 217 330 per
231 303 296 330 qua»
310 295 420 322 invi-lia
444 294 596 328 exoritur),
611 293 799 327 contumelia,
824 290 993 324 calumniis,

164 339 339 374 injuriarum
356 339 511 371 memoria,
529 338 692 370 mendacio,
708 337 850 374 parjurio,
865 337 994 364 fructum

166 383 362 420 decerpimus,
379 384 457 411 hunc
481 382 593 410 scilicet
611 390 739 410 vermem
764 381 815 417 qui
842 387 993 415 nunquam

166 428 302 459 moritur.
318 428 505 463 animamque
530 430 661 454 nostram
688 425 818 454 corrodit
843 425 945 453 intime
965 421 995 451 et

166 472 532 504 insatiabiliter.0uoniam
543 472 731 507 eorrupimus
740 470 891 499 cbaritatis
906 469 992 497 recli-

165 517 312 552 ‘tudinem,
328 519 489 545 tortuosam
506 520 534 543 et
549 516 699 551 obliquam
715 515 838 543 fecimus
854 513 946 549 illam,
960 521 994 541 ac

167 561 325 598 perodium
337 562 420 589 nobis
431 564 535 597 sponte
548 564 647 588 nostra
654 560 765 588 malum
774 559 857 587 illum
865 566 991 586 vermem

167 607 363 641 condidimus,
380 615 413 634 ac
429 606 556 642 pejorem
573 605 788 633 tortuositatom
804 612 855 639 per
871 603 992 631 menda-

167 651 247 679 cium
263 651 347 678 nobis
363 650 529 684 effudimus,
546 650 582 677 ob
596 658 684 685 quam
700 649 758 677 Deo
783 648 834 684 qui
854 650 950 675 rectus
965 649 994 675 et

168 695 278 732 probus
290 698 335 722 est
349 695 498 729 conjuncti
521 703 577 722 non
590 702 703 721 sumus.
722 694 786 728 Ipse
811 700 938 728 namque
953 692 994 720 ait

169 748 221 776 per
231 743 365 767 sanctum
379 739 549 774 prophetam
562 738 652 766 David
665 747 671 765 :
685 749 697 763 α
713 738 775 765 Non
787 736 909 765 adhaasit
921 735 993 764 mihi

169 792 219 812 cor
233 786 398 812 tortuosum
414 784 445 811 ⁷⁷.
464 795 477 807 ››
494 784 584 819 Digna
600 783 698 818 itaque
714 782 798 810 factis
822 781 991 817 recipimus,

169 829 325 865 potiusque
341 829 430 864 digna
453 828 567 856 consilii
583 831 610 855 et
626 827 748 855 alfectus
765 826 856 854 nostri
874 825 993 862 premis

170 873 335 901 referimus.
352 873 406 901 Pro
430 872 589 908 voluptatis
615 872 693 912 igne,
709 871 807 908 ignem
832 870 992 907 gehennae;

169 926 222 955 pro
247 918 374 945 tenebris
399 918 570 953 ignorantiae
594 919 622 944 et
646 915 765 944 fallacia;
786 918 991 964 temporanew,
1007 932 1030 964 Β

169 963 306 991 tenebras
321 965 487 995 aaternas,et
500 970 626 989 vermein
642 961 765 989 ultorem
777 960 827 996 qui
840 968 992 995 nunquam

169 1007 294 1035 moritur
308 1016 314 1040 ;
333 1015 383 1042 pro
398 1015 495 1034 verme
511 1006 561 1033 illo
576 1006 624 1040 qui
640 1014 691 1041 per
706 1005 807 1032 odium
829 1006 858 1033 et
872 1004 992 1032 menda-

169 1051 258 1085 cium,
275 1060 325 1079 cor
339 1051 491 1086 obliquum
509 1053 537 1078 et
552 1053 717 1078 tortuosum
742 1049 880 1083 reddidit,
893 1051 921 1076 et
941 1057 992 1084 pro

168 1104 309 1133 genarum
326 1096 432 1124 lascivo
453 1096 588 1130 strepitu,
603 1095 715 1122 ardoris
732 1093 812 1122 illius
836 1093 991 1129 strepitum

169 1141 385 1176 stridoremque
400 1140 532 1167 dentium
551 1148 557 1167 :
575 1148 625 1174 pro
641 1138 766 1166 elatione
781 1138 877 1166 inanis
894 1146 993 1174 super-

168 1185 234 1220 biai,
245 1188 273 1213 et
288 1194 339 1220 pro
349 1185 489 1212 effusione
500 1184 561 1217 illa,
574 1184 802 1219 absorptiouem,
815 1182 990 1210 immensam

167 1229 334 1265 voraginem
347 1232 376 1257 et
388 1229 441 1257 loci
453 1229 614 1264 angustias.
635 1228 771 1263 Denique,
789 1230 821 1254 ut
832 1236 890 1255 uno
905 1228 991 1255 verbo

168 1275 331 1310 dicam,pro
338 1273 460 1308 singulis
470 1277 573 1308 sponte
579 1273 614 1300 ad
621 1273 718 1300 missis
725 1272 820 1306 malis,
830 1280 990 1308 congruum

167 1317 237 1346 licet
251 1319 340 1346 invite
355 1318 533 1354 supplicium
550 1317 653 1345 merito
668 1317 789 1345 luimus.

201 1363 228 1390 5.
245 1363 267 1391 Ο
284 1363 433 1390 miseriam
445 1366 575 1390 nostram
589 1362 594 1388 l
608 1363 662 1389 heu
674 1361 771 1390 miseri
788 1369 852 1394 nos,
864 1362 914 1397 qui
929 1370 990 1389 car-

167 1407 213 1436 nis
227 1407 325 1443 ignem
340 1416 397 1435 non
413 1407 627 1443 exstinguimus
643 1408 768 1441 jejunio,
782 1406 901 1442 vigiliis,
917 1407 989 1435 divi-

166 1460 271 1480 norum
288 1451 471 1488 eloquiorum
498 1452 688 1479 meditatione
705 1459 711 1479 :
728 1451 837 1487 quibus
860 1452 948 1486 probe
963 1455 991 1479 et

166 1497 305 1525 facillime
322 1496 514 1531 restinguitur
529 1496 616 1531 ignis,
630 1500 659 1523 ut
676 1505 711 1524 ne
722 1495 775 1524 hoc
787 1495 924 1532 jamigne
932 1499 989 1524 tor-

167 1541 389 1574 reremus.Quid
401 1542 477 1576 quod
491 1550 546 1568 non
559 1541 745 1568 assuevimus
757 1540 864 1574 videre,
876 1541 988 1575 audire,

166 1584 245 1620 loqui
264 1587 425 1613 secundum
442 1588 597 1613 naturam:
618 1594 651 1612 ne
664 1586 726 1620 jam
742 1585 771 1612 in
794 1585 849 1613 hac
865 1585 990 1622 caligine

1047 301 1077 318 τι
1091 291 1135 318 καὶ
1151 289 1246 327 δόλου,
1271 292 1316 319 καὶ
1346 292 1513 330 ὑποκρίσεως
1543 291 1580 328 (ἐξ
1605 292 1642 318 ὧν
1671 291 1716 319 καὶ
1742 290 1777 318 δι’
1802 292 1839 318 ὧν
1859 292 1874 318 ὁ

1049 335 1171 374 φθόνος),
1187 334 1328 375 λοιέορίας
1352 347 1381 364 τε
1403 336 1448 364 καὶ
1465 335 1655 375 συκοφαντίας,
1676 336 1721 364 καὶ
1739 347 1872 373 μνησικα-

1047 379 1119 414 κίας,
1133 381 1179 408 καί
1195 380 1320 418 ψεύδους,
1345 381 1390 408 καὶ
1415 380 1556 419 ἐπιορκίας
1580 379 1734 419 δριπόμεθα
1756 381 1873 419 καρπὸν,

1047 427 1144 453 τοῦτον
1167 425 1213 453 τὸν
1236 425 1389 462 ἀκοίμητον
1410 425 1543 461 σκώληκα
1562 425 1595 453 τὸ
1622 426 1705 462 βάθος
1728 426 1809 462 ἡμῶν
1825 429 1875 460 τῆς

1048 471 1140 507 ψυχῆς
1165 469 1317 508 ἀκορὲπως
1336 469 1470 503 ἐσθίοντα.
1492 469 1604 505 Ἐπειδὴ
1629 472 1681 502 τῆς
1705 469 1814 508 ἀγάπης
1842 470 1874 498 τὸ

1048 513 1132 550 εὐθὶς,
1162 513 1361 553 διαφθείραντες
1389 514 1473 549 αὐτὴν
1489 538 1497 550 ,
1526 512 1763 552 ἐπαμόώσαμεν,
1791 515 1873 542 κακὸν

1048 557 1093 585 διὰ
1123 558 1218 595 μίσους
1247 558 1339 590 αὐτοῖς
1369 559 1492 587 ἑκούσιον
1521 558 1775 598 δημιουργήσαντες
1804 560 1875 587 σκώ-

1048 602 1130 638 ληκα,
1147 604 1192 631 καὶ
1208 603 1393 642 πονηροτέραν
1411 601 1589 641 σκαμϐότητα
1610 602 1655 631 διὰ
1673 603 1789 641 ψεύδους
1814 604 1875 642 ὀρύ-

1047 648 1150 683 ξαντες,
1167 647 1200 675 δι’
1216 649 1247 683 ἣν
1271 651 1310 684 τῷ
1331 651 1390 685 Θεῷ
1411 651 1449 685 τῷ
1474 649 1546 681 εὐθεῖ
1570 648 1615 676 καὶ
1641 648 1713 687 ὀρθῷ
1729 648 1783 686 οὐχ
1798 649 1874 684 ἠνώ-

1047 693 1145 729 θημεν.
1162 692 1250 724 Αὐτὸς
1264 694 1315 731 γὰρ
1332 693 1388 720 εἶπε
1409 692 1454 720 διὰ
1476 696 1524 721 τοῦ
1550 693 1629 731 ἁγίου
1644 691 1728 721 Δαϐὶδ
1743 696 1791 721 τοῦ
1808 704 1874 730 προ-

1047 738 1144 775 φήτου·
1163 750 1176 762 ι(
1193 737 1250 766 Οὐκ
1275 737 1414 772 ἐκοΛλήθη
1442 748 1488 774 μοι
1504 736 1603 774 καρδία
1624 735 1746 774 σκαμϐή.
1765 750 1778 763 u
1794 738 1874 773 ’Ἂξια

1045 784 1190 819 τοιγαροῦν
1210 781 1248 809 ὧν
1271 781 1422 819 ἐπράξαμεν
1445 779 1688 819 ἀπολαμϐάνομεν·
1713 780 1821 819 μᾶλλον
1844 781 1874 810 δὲ

1045 829 1095 860 τῆς
1112 826 1213 858 οἰκείας
1228 826 1296 854 κατά
1311 826 1437 864 πρόθεσιν
1454 825 1599 859 διαθέσεως
1616 825 1675 862 ἄξια
1701 826 1873 863 κομιζόμεθα

1046 870 1079 898 τὰ
1093 870 1230 908 ἐπίχειρα’
1247 871 1331 909 πυρὸς
1355 869 1459 906 ἡδονῆς
1480 873 1533 909 πῦρ
1550 872 1672 909 γεέννης,
1688 871 1733 898 καὶ
1757 870 1873 902 σκότους

1047 914 1157 951 ἀγνοίας
1186 915 1231 941 καὶ
1261 915 1365 949 ἀπάτης
1394 914 1561 952 προσκαίρου
1586 913 1682 946 σκότος
1698 914 1811 942 αἰώνιον
1826 915 1872 941 καὶ

1048 958 1179 994 σκώληκα
1193 957 1356 986 κολαστικόν
1370 969 1400 986 τε
1413 959 1458 986 καὶ
1482 959 1643 995 ἀκοίμητον·
1661 958 1804 994 σκώληκος
1818 960 1869 986 τοῦ

1047 1001 1092 1030 διὰ
1108 1003 1203 1040 μίσους
1218 1003 1262 1031 καὶ
1278 1002 1393 1040 ψεύδους
1406 1003 1457 1037 τήν
1470 1002 1582 1041 καρδίαν
1605 1002 1805 1034 σκολιώσαντος
1821 1004 1868 1031 καὶ

1047 1045 1272 1085 ηαμόώσαντος,
1297 1048 1342 1075 καὶ
1365 1045 1469 1087 ψόφους
1495 1049 1565 1085 (87')
1593 1050 1711 1086 παρειῶν
1728 1047 1871 1085 ἀσελγοῦς,

1049 1093 1205 1130 βράσματος
1221 1092 1308 1131 ψόφον
1330 1091 1375 1120 καί
1401 1091 1520 1120 ὀδόντων
1548 1093 1671 1131 βρυγμόν
1688 1102 1694 1108 ·
1718 1092 1763 1120 καὶ
1788 1092 1874 1129 ὕψους

1047 1136 1231 1176 ὑπερηφανίας
1248 1135 1363 1173 ματαίας
1389 1137 1434 1164 καί
1457 1135 1609 1175 διαχύσεως
1635 1137 1713 1165 πόσιν
1728 1136 1772 1164 καὶ
1790 1136 1874 1175 βάθος

1046 1182 1143 1220 ἁχανὶς
1157 1181 1203 1209 καὶ
1219 1181 1365 1217 στενότητα
1380 1181 1497 1218 πήξεως,
1513 1182 1557 1209 καὶ
1587 1180 1681 1213 ἁπλῶς
1696 1181 1792 1217 εἰπεῖν,
1808 1181 1871 1209 ὲκά-

1047 1236 1110 1253 στου
1124 1228 1179 1254 τῶν
1195 1226 1325 1253 ἑκουσίων
1340 1226 1421 1262 ἡμῶν
1436 1229 1526 1254 κακῶν
1551 1227 1601 1261 τὴν
1617 1226 1729 1254 ἑκάστου
1746 1236 1871 1265 προσφο-

1046 1271 1094 1308 ρὰν
1109 1271 1154 1298 καὶ
1170 1270 1296 1298 ἀκούσιον
1319 1271 1454 1309 τιμωρίαν
1480 1269 1591 1302 δικαίως
1618 1268 1869 1307 ἀντιλαμϐάνομεν.

1079 1362 1107 1390 5,
1122 1363 1154 1387 Ὠ
1167 1363 1217 1394 τῆς
1236 1357 1421 1395 ἐλεεινὸτητος
1446 1360 1526 1396 ἡμῶν
1544 1360 1550 1387 !
1566 1360 1640 1396 ἡμᾶς
1663 1358 1728 1391 τοὺς
1744 1358 1870 1396 ἀθλίους,

1047 1406 1084 1442 μὴ
1100 1402 1261 1432 κατασϐέσαι
1276 1404 1306 1431 τὸ
1333 1406 1385 1441 πῦρ
1409 1408 1459 1439 τῆς
1483 1404 1580 1442 σαρκὸς
1606 1403 1650 1431 διὰ
1671 1404 1799 1439 νηστείας
1825 1404 1873 1431 καὶ

1044 1449 1190 1487 ἀγρυπνίας
1205 1450 1312 1484 καὶτῆς
1327 1451 1381 1476 τῶν
1408 1448 1488 1476 θείων
1514 1447 1616 1486 λογίων
1633 1447 1761 1485 μελέτης,
1778 1447 1872 1476 καλῶν

1045 1493 1131 1522 ὄντων
1155 1494 1199 1522 καῖ
1230 1494 1357 1531 εὐμαρῶν
1385 1495 1436 1521 τοῦ
1460 1493 1545 1531 πυρὸς
1573 1491 1753 1531 σϐεστηρίων,
1768 1492 1872 1529 καὶμή

1044 1539 1133 1576 τούτῳ
1147 1542 1193 1567 νῦν
1208 1541 1247 1575 τῷ
1272 1538 1337 1577 πυρὶ
1359 1538 1562 1576 τηγανίζεσθαι.
1581 1537 1615 1566 Ti
1641 1538 1678 1574 μή
1703 1537 1772 1565 κατὰ
1793 1536 1871 1576 φύσιν

1047 1584 1111 1622 ὁρᾷν
1125 1583 1213 1611 τεκαὶ
1230 1583 1336 1611 ἀκούειν
1361 1582 1405 1610 καὶ
1428 1581 1523 1610 λαλεῖν
1547 1582 1598 1616 τήν
1624 1581 1748 1620 γλῶτταν
1773 1581 1872 1609 είθίσα-

167 1615 372 1665 οιίὶεεὶωοψιο
387 1629 502 1657 silentio
528 1615 720 1664 degeremus;
737 1629 787 1657 sed
814 1629 890 1663 luce,
905 1615 989 1658 ve'rbo

1049 1640 1109 1665 μεν,
1122 1627 1169 1656 ἵνα
1186 1629 1224 1665 μή
1249 1630 1344 1655 τοῦτον
1370 1625 1479 1665 ἔχωμεν
1504 1629 1549 1654 νῦν
1577 1626 1623 1654 τὸν
1654 1625 1736 1665 ζόφον
1759 1626 1804 1653 καὶ
1819 1626 1871 1660 τήν

167 1676 196 1701 et
210 1674 354 1709 sapientia
371 1674 499 1706 Dei,cum
516 1674 627 1701 sanctis
645 1682 697 1702 nos
712 1673 799 1702 etiam
816 1674 990 1708 frueremur,

167 1718 297 1745 divinam
313 1717 435 1753 gloriam
452 1718 695 1753 contemplantes,
705 1718 868 1751 audientes,
884 1727 990 1747 canen-

166 1763 211 1790 tes
221 1762 234 1789 7
248 1765 306 1789 Aut
320 1762 389 1797 quid
401 1765 445 1790 est
456 1763 532 1797 quod
545 1762 602 1789 odii
620 1762 771 1797 spontanei
787 1770 914 1791 vermem
925 1764 991 1792 cha-

166 1807 253 1834 ritate
269 1815 325 1834 non
341 1807 538 1838 enecavimus,
556 1807 625 1841 quid
652 1815 708 1834 non
733 1807 853 1834 veritate
870 1809 990 1836 menda-

164 1851 242 1879 cium
255 1851 416 1879 delevimus
425 1852 506 1886 Pjum
517 1854 594 1878 certe
605 1851 658 1878 hoc
670 1851 783 1879 ardenti
798 1859 894 1879 verme
905 1852 989 1880 liberi

163 1903 306 1929 essemus,
324 1904 435 1923 necnon
462 1895 582 1931 reliquis
598 1904 662 1931 quis
688 1895 835 1923 miseriam
858 1898 988 1925 nostram

162 1940 305 1968 distinent
321 1941 420 1968 vitam.
437 1941 555 1968 Justum
581 1942 624 1967 cst
640 1940 687 1967 Dei
701 1940 859 1975 judicium.
876 1940 988 1977 Nequa-

161 1992 250 2020 quam
266 1985 434 2013 invenimus
460 1986 536 2019 quod
563 1984 761 2020 qmesivimus,
785 1994 835 2012 nec
859 1985 989 2021 aperitur

161 2029 247 2056 nobis
258 2029 352 2064 janua
369 2029 447 2063 regni
474 2029 622 2056 mulorum.
642 2029 714 2061 Quia
739 2029 817 2057 enim
844 2030 987 2058 bonorum

158 2072 279 2107 januam
307 2073 389 2100 factis
416 2074 523 2100 nostris
550 2083 605 2100 non
633 2073 825 2109 pulsavimus,
843 2075 986 2103 bonorum

160 2119 336 2144 atomorum
366 2126 421 2143 non
452 2118 615 2152 accipimus
653 2119 879 2153 possessionem.
915 2121 988 2153 Quia

160 2161 291 2189 scientiis
305 2162 430 2197 gratiam
448 2163 582 2197 precibus
601 2171 656 2188 non
674 2162 887 2197 postulavimus
910 2164 986 2200 (nul-

158 2204 206 2233 lus
222 2206 329 2241 quippe
347 2206 429 2233 nobis
447 2207 499 2233 fuit
515 2206 677 2233 divinorum
695 2215 796 2240 amor;
813 2208 864 2235 sed
890 2211 987 2237 mente

158 2252 260 2278 nostra
272 2250 394 2277 terrenis
412 2250 533 2281 irretita.
553 2254 643 2278 totum
660 2251 749 2278 vitam
775 2254 906 2279 nostram
923 2261 984 2280 cor-

1048 1672 1200 1711 βαρυτάτην
1222 1673 1314 1710 σιγὴν,
1330 1670 1403 1700 ἀλλά
1425 1672 1470 1700 καὶ
1486 1672 1569 1707 ἡμεῖς
1593 1673 1643 1699 τοῦ
1658 1671 1747 1710 φωτὸς
1762 1670 1807 1698 καὶ
1822 1672 1872 1697 τοῦ

1045 1717 1129 1755 λόγου
1158 1717 1203 1745 καὶ
1230 1718 1280 1749 τῆς
1305 1715 1399 1755 σοφίας
1429 1718 1478 1744 τοῦ
1508 1717 1576 1743 Θεοῦ
1606 1715 1672 1752 μετὰ
1700 1718 1755 1742 τῶν
1785 1715 1871 1752 ἁγίων

1045 1761 1238 1798 ἀπολαύωμεν,
1255 1762 1291 1792 ὡς
1319 1764 1369 1796 τῆς
1398 1761 1471 1791 θείας
1497 1760 1640 1798 γενόμενοι
1669 1758 1749 1796 δόξης
1778 1760 1870 1787 θεαταί

1044 1807 1089 1834 καὶ
1106 1806 1233 1834 ἁκουσταὶ
1249 1805 1293 1833 καὶ
1310 1804 1450 1842 ὑμνῳδοῖς
1464 1806 1499 1833 Ἢ
1512 1804 1547 1832 δι’
1561 1805 1670 1842 ἀγάπης
1685 1805 1731 1832 τὸν
1747 1804 1871 1832 ἑκούσιον

1043 1854 1092 1879 τοῦ
1110 1851 1204 1887 μίσους
1230 1850 1415 1888 ἐνεκρώσαμεν
1446 1849 1588 1885 σκώληκα,
1603 1849 1649 1876 καὶ
1678 1848 1713 1877 δι’
1741 1848 1872 1884 ἀληθείας

1042 1896 1074 1923 τὸ
1089 1894 1187 1932 ψεῦδος
1212 1894 1380 1934 ἦιξανίσαμεν
1398 1904 1405 1929 ;
1422 1896 1468 1921 νῦν
1493 1893 1523 1921 ἂν
1539 1893 1636 1921 τούτου
1650 1892 1698 1921 τοῦ
1725 1894 1872 1921 καυστικοῦ

1043 1941 1246 1976 καθεστήκαμεν
1271 1938 1408 1977 ἐλεύθεροι
1434 1938 1588 1974 σκώληκος,
1614 1938 1660 1966 καὶ
1683 1941 1738 1966 τῶν
1763 1938 1872 1965 λοιπῶν

1042 1987 1089 2012 νῦν
1104 1984 1154 2012 ὅσα
1167 1984 1217 2018 τήν
1242 1984 1322 2020 ἡμῶν
1348 1983 1456 2021 συνέχει
1483 1982 1640 2018 δεινοτάτην
1667 1985 1751 2018 ζωήν.
1774 1982 1871 2010 Διγαία

1043 2030 1060 2064 ἡ
1076 2029 1164 2065 κρίσις
1179 2031 1227 2056 τοῦ
1243 2030 1319 2056 Θεοῦ.
1337 2027 1398 2065 Οὐχ
1415 2027 1575 2066 εὑρίσκομεν
1604 2027 1670 2065 ὅπερ
1687 2027 1869 2064 ἐζητήσαμεν,

1042 2074 1092 2102 οὐκ
1104 2073 1240 2111 ἀνοίγεται
1256 2074 1325 2109 ἡμῖν
1341 2072 1409 2111 θύρα
1423 2076 1472 2107 τῆς
1498 2071 1637 2110 βασιλείας
1656 2074 1709 2099 τῶν
1734 2071 1868 2109 οὐρανῶν.

1050 2117 1154 2153 Επειδή
1180 2119 1231 2156 γὰρ
1246 2119 1297 2152 τήν
1325 2117 1408 2156 θόραν
1422 2119 1476 2144 τῶν
1498 2118 1604 2155 ἀγαθῶν
1622 2115 1666 2144 διὰ
1681 2116 1803 2154 πράξεως
1819 2117 1870 2144 οὐκ

1041 2163 1231 2201 ἐκρούσαμεν,
1262 2162 1292 2190 οὗ
1322 2159 1501 2198 λαμϐάνομεν
1529 2163 1583 2189 τῶν
1613 2161 1730 2188 αἶ’ωνίων
1760 2161 1870 2199 ἀγαθῶν

1040 2209 1090 2242 τήν
1106 2207 1266 2236 ἁπόλαυσιν“
1283 2205 1377 2241 ἐπειδὴ
1394 2205 1428 2233 δι’
1444 2206 1530 2244 εὐχῆς
1552 2206 1602 2241 τήν
1630 2206 1712 2244 χάριν
1736 2207 1786 2240 τῆς
1799 2206 1872 2243 γνώ-

1041 2263 1110 2283 σεως
1135 2251 1185 2279 οὐκ
1207 2251 1358 2289 ᾐτήσαμεψ
1376 2249 1485 2286 (οὖδὲνα
1506 2250 1556 2289 γὰρ
1580 2252 1633 2278 τῶν
1649 2251 1729 2277 θείων
1753 2248 1870 2288 εῗχομεν

157 2294 313 2330 rupimus),
333 2294 380 2322 illa
397 2295 514 2330 quidem
532 2295 631 2322 omnia
656 2295 847 2330 transierunt,
865 2297 985 2325 verbum

1045 2295 1139 2335 ἔρωτα,
1165 2295 1248 2332 ἀλλὰ,
1270 2298 1328 2327 τοῖς
1352 2294 1460 2333 γηίνοις
1490 2295 1536 2322 τὸν
1568 2297 1629 2322 νοῦν
1659 2293 1870 2330 καταδήσαντες,

156 2341 254 2367 autem
270 2339 390 2367 ultionis
416 2339 555 2366 horumce
577 2340 724 2367 scelerum
741 2343 842 2368 manet
854 2340 885 2368 in
901 2343 984 2369 teter-

156 2391 239 2418 num,
256 2392 307 2411 nec
324 2392 452 2419 unqua’n
471 2384 639 2418 praeteribit.

1039 2344 1126 2369 πᾶσαν
1156 2341 1248 2371 αὐτοῖς
1276 2341 1345 2376 ἡμῖν
1373 2340 1424 2375 τὴν
1455 2340 1527 2374 ζωὴν
1555 2339 1790 2378 συνεφθείραμεψ)
1817 2340 1852 2366 κά

1039 2388 1115 2413 κεῖνα
1131 2385 1179 2421 μὶν
1194 2385 1281 2412 πάντα
1305 2386 1409 2412 καπνοῦ
1435 2383 1496 2419 δίκη
1522 2384 1699 2422 ἀφανισθὲν-ια
1714 2383 1867 2420 παρῆλθεν·

156 2427 171 2454 ὁ
191 2426 219 2454 δὶ
238 2431 288 2461 τῆς
309 2426 349 2454 ἐπ’
370 2427 460 2457 αὑτοῖς
481 2426 557 2462 δίκης
580 2426 662 2464 λόγος
686 2427 758 2464 μένει
779 2426 823 2455 διὰ
844 2429 943 2460 παντὸς
964 2429 1158 2468 ἁπαρόδευτος.

191 2473 217 2500 6.
236 2472 300 2500 Ηωο
318 2472 356 2499 illi
375 2482 440 2500 cum
467 2481 500 2500 ex
518 2473 602 2500 malis
628 2473 689 2500 suis
715 2473 801 2509 quasi
826 2474 983 2510 exemplari

156 2517 283 2552 quodam
300 2517 483 2550 edidicerint,
510 2526 574 2552 quas
592 2517 630 2544 sit
657 2518 762 2546 divinis
783 2519 906 2554 justitiaa
930 2520 984 2553 vis,

156 2562 332 2597 pmnitentes
350 2564 452 2588 mutuo
470 2562 682 2597 colloquentur.
694 2562 752 2598 Ego
767 2571 835 2591 vero
852 2563 903 2600 qui
918 2572 985 2592 sum

156 2606 369 2642 miser,quibus
387 2607 477 2633 fultus
495 2608 632 2641 operibus
649 2608 771 2642 sperabo
787 2608 823 2635 ab
839 2608 984 2636 horrenda

155 2650 227 2686 eripi
243 2651 431 2678 damnatione
443 2651 457 2678 ?
472 2652 542 2679 Cum
560 2660 669 2679 vacuus
687 2652 742 2680 sim
758 2653 839 2680 omni
865 2653 982 2687 virtute,

155 2696 233 2722 omni
251 2695 479 2728 scicntia,timeo
494 2704 528 2722 ne
541 2696 638 2730 ligatis
652 2697 789 2724 inanibus
801 2697 983 2733 pedibusque

154 2739 293 2775 projiciar
309 2740 337 2766 in
353 2742 460 2767 terram
485 2740 666 2767 tenebrosam
684 2743 712 2768 et
731 2740 934 2777 caliginosam,
951 2742 980 2770 in

190 2797 211 2814 7"
228 2796 302 2824 Psal.
321 2805 346 2831 c,
363 2797 389 2825 4.

190 2846 236 2882 (87
239 2846 261 2882 ‘)
276 2845 382 2884 Ψόφου.

1075 2476 1101 2503 6.
1119 2474 1170 2503 Καὶ
1186 2476 1269 2502 ταῦτα
1285 2475 1333 2510 μὶν
1350 2473 1448 2501 ἐκεῖνοι
1462 2476 1513 2507 τῆς
1527 2473 1599 2504 θείας
1626 2470 1800 2507 δικαιοσύνης
1819 2482 1868 2508 με-

1039 2519 1267 2555 ταμανθάνοντες,
1297 2517 1322 2554 ἐξ
1352 2518 1388 2545 ὧν
1419 2517 1555 2555 πάσχουσι
1580 2517 1630 2551 τήν
1657 2515 1773 2552 δόναμιν
1790 2539 1798 2552 ,
1830 2516 1869 2547 ὡς

1038 2564 1115 2600 τύπῳ
1142 2561 1313 2601 περιλαϐεῖν,
1337 2561 1475 2598 ἀλλήλοις
1510 2560 1739 2599 διαλεχθήσονται
1757 2582 1764 2589 .
1794 2561 1868 2598 Ἐγὼ

1039 2606 1068 2635 δὲ
1083 2607 1124 2638 τίς
1153 2607 1300 2645 γενόμενος
1326 2605 1422 2639 τάλας,
1448 2606 1518 2633 τίσιν
1543 2604 1714 2643 ἐρειδόμενος
1738 2604 1868 2643 πράξεσιν

1037 2650 1143 2679 ἰλπίσω
1164 2655 1213 2686 τῆς
1238 2648 1356 2690 φοϐερᾶς
1390 2650 1559 2688 ἐξαιρεθῆναι
1582 2649 1787 2688 κατακρίσεωςς
1812 2650 1868 2678 Πά-

1037 2707 1086 2732 σης
1118 2697 1216 2734 ἀρετῆς
1243 2695 1289 2723 καὶ
1314 2696 1402 2730 πάσης
1428 2695 1553 2733 γνώσεως
1582 2694 1712 2733 ἷιπάρχων
1744 2693 1863 2732 ἔρημος,

1037 2739 1146 2769 δέδοικα
1160 2742 1198 2777 μή
1214 2740 1298 2772 δεθεὶς
1313 2743 1408 2779 χεῖρας
1428 2739 1473 2767 καὶ
1487 2738 1573 2771 πόδας
1589 2739 1660 2778 ῥιφῶ
1675 2739 1712 2770 εἷς
1730 2742 1782 2776 γῆν
1794 2749 1861 2766 σκο-
