4072 6210
390 335 511 396 603

1553 335 1616 395 S.
1666 335 2191 396 ATHANASlUS.
2217 366 2295 380 —
2323 335 2635 400 SPURIA.

3677 339 3787 402 606

392 466 702 521 verborum
734 466 1068 523 testimonio
1098 466 1309 536 innixi,
1344 489 1366 518 ‹‹
1401 466 1714 524 Constituit
1753 467 2036 523 terminos

2169 464 2231 521 τό.
2277 491 2306 519 ‹‹
2365 470 2620 539 Ἐστησεν
2681 468 2803 545 ὅρια
2860 470 3025 526 ίθνῶν
3085 471 3222 525 κατᾶ
3275 470 3503 546 ἀριθμὸν
3552 468 3789 546 ἀγγέλων

392 556 652 627 gentium
678 558 849 627 juxta
879 574 1187 613 numerum
1220 557 1554 628 angelorum
1593 556 1687 612 Dei
1719 557 1783 611 ⁸ο.
1818 578 1845 607 ››

464 647 680 710 Οωεετ.
714 645 835 699 VII.
866 648 987 713 Qua
1018 645 1076 700 in
1125 663 1183 702 re
1214 646 1404 703 differt
1452 648 1785 703 daemonum
1832 650 2040 702 natura

395 751 428 790 a
462 738 667 789 natura
701 734 1043 807 angelorum
1074 736 1101 790 ?

469 825 638 879 Esse.
674 823 847 879 Nulla
877 830 965 879 est
999 830 1219 880 naturae
1258 826 1519 897 ipsorum
1561 824 1906 891 diil'erentia,
1939 824 2036 879 sed

393 911 731 980 voluntatis,
765 914 1262 985 quemadmodum
1296 914 1410 970 alia
1441 920 1529 970 est
1552 913 1698 985 justi
1730 912 2039 985 mens,alia

391 1003 732 1074 peccatoris.

467 1097 692 1159 Qumsr.
729 1093 865 1147 VIII.
901 1097 1051 1160 Quot
1079 1098 1217 1149 sunt
1249 1093 1479 1150 ordines
1508 1099 1565 1150 et
1596 1098 1740 1165 quot
1770 1096 1909 1149 sunt
1940 1110 2037 1148 an-

392 1182 654 1254 gelorum
688 1185 909 1237 naturae
941 1186 963 1237 ἓ

466 1272 634 1325 Rrer.
671 1271 795 1325 Una
825 1277 911 1326 est
943 1276 1170 1340 natura,
1204 1274 1707 1344 quemadmudum
1742 1277 1798 1327 ct
1844 1271 2031 1326 hemi-

393 1376 561 1417 num.
602 1363 674 1415 At
708 1377 909 1415 novem
946 1367 1085 1417 sunt
1115 1362 1443 1434 ordines,ut
1473 1361 1777 1434 theologia:
1800 1362 2029 1433 peritis-

392 1450 580 1503 simus
613 1450 780 1503 docet
813 1450 1141 1521 Dionysius,
1175 1452 1272 1522 qui
1324 1451 1666 1521 hujusmodi
1716 1454 1856 1506 sunt
1889 1468 1900 1505 :
1932 1468 2033 1505 an-

390 1537 523 1609 geli,
559 1538 913 1610 archangeli,
948 1539 1334 1611 principatus,
1368 1544 1717 1612 potestates,
1767 1540 2035 1609 virtutes,

392 1627 842 1695 dominationes,
877 1645 974 1683 sex
1007 1628 1115 1684 alis
1139 1629 1424 1684 instructa
1454 1630 1770 1700 seraphim,
1802 1628 2034 1683 multis-

394 1733 507 1788 que
537 1715 722 1771 oculis
752 1722 955 1772 ornata
987 1718 1291 1789 cherubin,
1322 1725 1379 1774 et
1409 1718 1621 1773 throni.
1685 1720 1759 1773 De
1791 1734 1905 1773 una
1936 1733 2033 1772 an-

391 1805 655 1878 gelorum
690 1807 1021 1861 substantia
1051 1806 1311 1879 loquitur
1340 1808 1515 1863 etiam
1547 1808 1860 1879 Gregorius
1889 1808 2032 1879 Nys-

392 1911 593 1951 scmus
625 1894 683 1949 in
716 1896 939 1951 decimo
990 1897 1239 1968 septimo
1285 1898 1474 1968 capite
1522 1896 1655 1952 libri
1686 1896 1776 1952 sui
1827 1896 1907 1952 De
1936 1896 2035 1951 bo-

396 1984 573 2039 mine.

468 2076 671 2140 Quae?
726 2074 814 2129 IX.
848 2077 998 2142 Quot
1028 2079 1164 2130 sunt
1195 2074 1325 2129 coeli
1358 2075 1435 2145 (4)
1471 2077 1493 2128 Ρ

468 2162 635 2216 Resp.
671 2163 830 2216 Multi
854 2163 959 2218 hac
990 2164 1060 2219 de
1092 2162 1413 2234 quaestione
1443 2162 2035 2234 deccrtant.Namque

390 2251 540 2308 liber
569 2252 809 2307 Genesis
840 2253 988 2309 duos
1036 2252 1211 2309 ccelos
1258 2258 1696 2309 commemorat.
1745 2257 1820 2306 At
1866 2252 2035 2306 divus

392 2341 613 2397 Paulus
660 2344 897 2397 tertium
954 2341 1164 2397 cmlum
1235 2343 1407 2397 novit.
1461 2340 1790 2407 Quinetiam
1860 2340 2034 2395 David

393 2432 679 2503 propheta
717 2435 990 2502 quartum
1045 2436 1333 2501 numerat,
1384 2447 1517 2486 cum
1569 2431 1663 2499 sit,
1700 2452 1727 2480 «
1778 2430 2037 2486 Laudato

391 2537 548 2587 eum,
583 2519 708 2575 cceli
743 2519 1040 2575 ccnlorum.
1090 2521 1398 2576 Sciendum
1451 2524 1646 2575 autem
1696 2523 1786 2575 est
1832 2517 2036 2575 existi-

391 2627 552 2665 mare
582 2627 679 2665 eos
712 2610 813 2680 qui
843 2609 1066 2674 dicunt,
1101 2614 1334 2681 raptum
1364 2609 1548 2665 fuisse
1566 2608 1810 2664 Paulum
1842 2607 1901 2662 in
1928 2612 2037 2662 ter-

390 2699 539 2753 tium
574 2699 801 2769 coelum,
828 2715 941 2754 non
975 2698 1034 2753 in
1068 2704 1185 2754 tres
1223 2698 1418 2770 ccelos,
1445 2700 1599 2771 quod
1652 2698 2034 2770 quemadmo-

390 2787 532 2842 dum
569 2788 876 2843 hominum
928 2792 1140 2843 natura
1187 2793 1243 2844 et
1291 2805 1444 2843 unus
1497 2787 1673 2843 homo
1717 2787 1933 2842 dicitur
1979 2790 2036 2842 et

392 2876 560 2931 multi
597 2877 865 2932 homines
898 2894 911 2931 :
948 2878 1028 2932 ita
1057 2882 1266 2932 natura
1304 2876 1580 2931 ccelorum
1621 2881 1679 2930 et
1708 2891 1891 2930 unum
1925 2891 2035 2929 co:-

393 2965 515 3020 lum
549 2967 702 3037 apud
724 2965 981 3021 divinam
996 2965 1357 3037 Scripturam
1380 2964 1678 3035 dicitur,et
1694 2962 1860 3020 multi
1887 2963 2035 3020 cmli.

464 3146 687 3209 Quzssr.
726 3146 794 3197 X.
847 3144 1223 3210 Quandonam
1264 3147 1323 3199 et
1352 3159 1531 3215 quare
1576 3141 1787 3199 cecidit
1834 3141 2037 3198 diabo-

2148 559 2303 613 θεοῦ.
2339 581 2366 607 )›

2222 646 2413 722 Ἐρώτ.
2450 648 2509 716 ζ’.
2541 646 2600 701 Τί
2632 645 3015 721 παρήλλακται
3068 650 3102 719 ἡ
3151 647 3304 703 οὐσία
3354 652 3481 702 τῶν
3518 645 3786 721 δαιμόνων

2147 740 2246 805 τῆς
2278 736 2462 799 οὐσίας
2487 740 2595 791 τῶν
2629 736 2875 813 ἀγγέλων
2899 756 2913 807 ;

2221 822 2410 880 ’Δπόκ.
2442 825 2505 881 ἸΙ
2539 823 2691 880 οὐσία
2720 825 2781 879 οὐ
2810 822 3215 900 παρήλλακται,
3270 823 3395 880 ἀλλ’
3448 827 3482 894 ἡ
3533 825 3781 902 προαίρε-

2148 932 2250 984 σις,
2284 910 2463 988 ὥσπερ
2494 916 2528 983 ἡ
2562 915 2758 990 γνώμη
2794 910 3001 969 δικαίου
3048 915 3136 968 καὶ
3170 913 3521 990 άμαρτωλοῦ.

2219 1092 2410 1164 Ἐρώτ.
2444 1093 2515 1148 π’.
2552 1090 2698 1148 Πόσα
2724 1094 2971 1169 τάγματα
2999 1092 3087 1148 καὶ
3118 1092 3281 1148 πόσαι
3314 1092 3488 1148 οὐσίαι
3540 1093 3784 1170 ἀγγέλων

2147 1178 2276 1233 εἰσίν
2308 1198 2322 1249 ;

2219 1268 2407 1324 ’Δπόκ.
2459 1268 2629 1326 Οὐσία
2682 1270 2798 1343 μία,
2851 1270 3030 1345 ὥσπερ
3085 1271 3172 1326 καὶ
3222 1271 3517 1345 ἀνθρώπων
3564 1271 3663 1345 μία
3690 1273 3786 1327 Τά-

2144 1378 2325 1432 γματα
2358 1356 2435 1428 δὲ,
2469 1359 2542 1420 ὡς
2576 1361 2603 1414 6
2651 1358 2825 1421 πολὺς
2872 1359 2924 1415 ἐν
2972 1359 3225 1437 θεολογίᾳ
3279 1359 3554 1422 Διονύσιός
3607 1382 3786 1438 φησιν,

2146 1446 2318 1517 ἐννέα,
2374 1447 2507 1522 ἅπερ
2570 1448 2673 1503 εἷσί
2730 1453 2916 1503 ταῦτα’
2970 1446 3215 1525 ἄγγελοι,
3284 1447 3649 1525 ἀρχάγγελοι,
3697 1448 3788 1525 ἀρ-

2144 1537 2264 1613 χαὶ,
2294 1536 2547 1609 ἐξουσίαι,
2597 1535 2873 1611 δυνάμεις,
2927 1537 3285 1614 κυριότητες,
3340 1538 3407 1592 τὰ
3462 1538 3792 1613 ἔξαπτὲρυγα

2144 1626 2401 1703 σεραφὶμ,
2431 1626 2499 1681 τὰ
2526 1626 2899 1701 πολυόμματα
2929 1622 3225 1703 χερουϐἶμ,
3256 1626 3345 1681 καὶ
3377 1628 3430 1681 οἱ
3460 1626 3647 1702 θρόνοι
3698 1629 3792 1699 (3).

2145 1714 2274 1791 Περὶ
2310 1722 2435 1788 μιᾶς
2486 1715 2672 1778 οὐσίας
2718 1714 2960 1792 ἀγγέλων
3011 1715 3101 1771 καὶ
3160 1717 3187 1770 6
3237 1716 3393 1791 ἅγιος
3427 1715 3731 1791 Γρηγόριος
3761 1717 3788 1769 ὁ

2144 1803 2357 1875 Νύσσης
2405 1802 2555 1881 λέγει
2610 1804 2685 1867 εἷς
2733 1806 2795 1862 τὸ
2842 1802 3289 1860 ἑπτακαιδέκατον
3332 1804 3628 1883 κεφάλαιον
3689 1809 3782 1859 τοῦ

2141 1892 2355 1962 Εἴςτὸν
2385 1892 2663 1971 ἄνθρωπον
2698 1892 2869 1970 λόγου
2900 1895 3087 1952 αὐτοῦ.

2216 2070 2408 2147 Ἐρώτ.
2444 2072 2506 2136 0'.
2541 2070 2705 2127 Πόσοι
2738 2069 2956 2148 οὐρανοί
2989 2070 3121 2126 εἰσιν
3151 2073 3269 2145 (4);

2216 2160 2406 2217 Ἀπόκ.
2466 2154 2898 2239 Ἀμφιϐάλλεται
2960 2158 3197 2222 πολλοῖς
3253 2160 3315 2215 τὸ
3373 2159 3637 2234 ἐρώτημα

2142 2251 2207 2308 Ἦ
2242 2251 2334 2323 μὲν
2369 2252 2472 2326 γὰρ
2510 2244 2699 2325 βίϐλος
2729 2257 2828 2319 τῆς
2860 2248 3120 2311 Γενέσεως
3159 2246 3254 2304 δύο
3302 2248 3563 2326 οὐρανοὺς
3617 2247 3784 2323 λέγει·

2146 2341 2173 2395 6
2206 2337 2262 2394 δὲ
2310 2339 2459 2415 ἅγιος
2508 2338 2723 2402 Παῦλος
2771 2339 2861 2393 καὶ
2908 2338 3090 2414 τρίτον
3138 2338 3361 2414 οὐρανὸν
3415 2335 3575 2397 εἶδεν.
3622 2339 3683 2395 Ὀ
3740 2335 3794 2392 δὲ

2142 2430 2433 2506 προφήτης
2465 2423 2652 2495 Δαϐὶδ,
2701 2427 2788 2483 καὶ
2832 2428 3084 2502 τέταρτον
3142 2427 3319 2503 λέγει,
3370 2427 3549 2491 καθώς
3613 2444 3790 2505 φησιν’

2145 2544 2173 2571 ‹‹
2206 2519 2415 2575 Αἰνεῖτε
2443 2517 2621 2589 αὐτὸν,
2656 2520 2707 2572 οἱ
2740 2516 2954 2585 οὐρανοὶ
2984 2522 3092 2573 τῶν
3126 2516 3389 2590 οὐρανῶν.
3424 2540 3452 2569 ››
3489 2516 3686 2572 Ἰστὲον
3733 2513 3786 2571 δὲ

2146 2607 2450 2683 λογίζεσθαι
2494 2610 2572 2681 (6)
2615 2606 2740 2669 τοὺς
2783 2606 3041 2682 λέγοντας
3073 2607 3148 2669 εἷς
3177 2607 3240 2662 τὸ
3268 2605 3448 2680 τρίτον
3480 2610 3579 2660 τοῦ
3632 2605 3791 2682 ούρα-

2144 2701 2264 2767 νοῦ,
2294 2696 2383 2751 καὶ
2433 2697 2531 2751 οὐκ
2580 2695 2655 2758 εἰς
2707 2702 2852 2771 τρεῖς
2883 2694 3147 2772 οὐρανοὺς
3178 2697 3485 2772 άρπαγῆναι
3514 2695 3610 2749 τὸν
3645 2697 3786 2771 ἁγιον

2144 2783 2385 2858 Παῦλον,
2418 2783 2522 2857 ὅτι,
2582 2785 2819 2860 καθάπερ
2878 2787 2913 2854 ἡ
2973 2783 3130 2862 φύσις
3176 2789 3284 2839 τῶν
3344 2784 3649 2857 ἀνθρώπων
3704 2782 3789 2837 καὶ

2146 2876 2222 2936 εἷς
2252 2873 2461 2950 λέγεται
2521 2871 2829 2948 ἄνθρωπος,
2880 2874 2968 2929 καὶ
3028 2871 3191 2928 πάλιν
3252 2870 3457 2929 πολλοὶ
3490 2873 3788 2947 ἄνθρωποι·

2147 2963 2290 3019 οὕτω
2341 2961 2428 3018 καὶ
2474 2964 2508 3033 ἠ
2554 2968 2659 3017 τῶν
2709 2961 2950 3037 οὐρανῶν
3005 2960 3185 3041 φύσις,
3215 2961 3307 3017 καὶ
3338 2962 3411 3024 εἷς
3445 2960 3677 3036 οὐρανὸς
3706 2960 3790 3014 καὶ

2146 3050 2351 3108 πολλοὶ
2381 3051 2601 3128 οὐρανοὶ
2634 3052 2686 3107 ἓν
2717 3055 2784 3126 τῇ
2817 3051 2932 3123 θείᾳ
2961 3055 3148 3128 Γραφῇ
3180 3050 3453 3127 λέγονται.

2221 3142 2413 3219 Ἐρώτ.
2449 3143 2500 3198 ι’.
2562 3136 2718 3213 Πότε,
2776 3141 2865 3196 καὶ
2923 3137 3014 3195 διὰ
3068 3141 3120 3195 τί
3151 3140 3390 3212 ἐξέπεσεν
3426 3140 3455 3194 6
3508 3133 3789 3208 διάϐολος,

391 3231 485 3286 lus
509 3231 536 3285 ‘I
566 3231 843 3286 Nonnulli
874 3231 1030 3287 enim
1062 3232 1592 3288 comminiscuntur
1617 3232 1784 3287 illum
1817 3231 2034 3287 idcirco

2169 3212 2489 3290 Ηυθεύονται
2515 3234 2616 3308 γάρ
2647 3212 2803 3301 τινες,
2849 3229 2955 3303 δτι,
3003 3228 3435 3304 καταδεξάμενο,
3483 3235 3794 3303 προσκυνῆ-

393 3320 694 3387 cecidisse,
729 3322 882 3392 quod
914 3322 1199 3377 Adamum
1235 3321 1413 3378 nollet
1442 3322 1702 3378 adorare.

466 3410 629 3464 Rnsr.
698 3409 1021 3465 Stultorum
1106 3410 1414 3466 hominum
1484 3415 1626 3467 sunt
1694 3408 2034 3482 hujusmodi

395 3499 590 3554 verba.
625 3500 928 3569 Siquidem
962 3499 1171 3554 cecidit
1202 3500 1493 3568 diabolus,
1525 3504 1839 3572 antequam
1883 3499 2034 3554 Ada-

397 3606 532 3645 mus
561 3593 734 3643 esset.
788 3589 1028 3645 Constat
1056 3605 1185 3645 vero
1233 3588 1450 3661 ipsum,
1504 3595 1565 3645 ut
1614 3593 1813 3645 narrat
1858 3589 2037 3645 Isaias

397 3678 704 3751 propheta,
738 3695 907 3733 suam
942 3683 1175 3751 propter
1205 3679 1539 3750 superbiam
1574 3678 1873 3746 cecidisse,
1921 3694 2040 3750 qua

397 3785 606 3838 nempe
652 3768 771 3821 haec
816 3785 1014 3823 secum
1061 3768 1372 3840 cogitabat,
1422 3790 1448 3819 ‹‹
1493 3773 1711 3824 Ponam
1761 3769 2036 3823 thronum

397 3875 593 3913 meum
622 3874 800 3929 supra
831 3859 1037 3929 nubes,
1083 3862 1139 3914 et
1168 3874 1266 3914 ero
1315 3858 1528 3914 similis
1579 3857 1878 3915 Altissimo
1908 3857 1973 3911 θί.
2010 3879 2038 3907 ››

472 3966 699 4028 Ουιιεετ.
735 3966 823 4021 ΧΙ.
858 3967 1035 4036 Cujus
1083 3969 1272 4035 gratia
1311 3966 1393 4021 illi
1444 3967 1734 4022 concessit
1773 3971 1928 4021 Deus
1979 3970 2043 4021 ut

400 4053 618 4107 bellum
654 4054 894 4109 inferret
913 4053 1112 4126 generi
1146 4054 1451 4110 hominum
1482 4055 1509 4110 ?

470 4142 640 4195 Itssr.
675 4146 893 4214 Nempe
925 4149 988 4198 ut
1017 4143 1117 4213 qui
1150 4144 1335 4199 Deum
1369 4144 1700 4215 diligerent,
1741 4144 2040 4217 consPieui

396 4229 605 4293 forent,
640 4236 695 4284 et
726 4231 827 4300 qui
859 4232 1256 4301 voluptatibus
1286 4240 1483 4288 essent
1512 4233 2041 4305 dediti,depreben-

399 4319 693 4373 derentur.
729 4318 899 4374 Nullo
943 4320 1102 4374 enim
1153 4320 1473 4375 obsistente
1528 4322 1882 4391 adversario,
1925 4322 2044 4378 veri

399 4408 616 4463 milites
644 4409 1017 4477 imperatoris
1044 4424 1158 4463 non
1193 4408 1900 4481 internoscuntur.ltaque
1923 4410 2044 4466 dia-

399 4497 569 4552 bolus
606 4515 782 4552 causa
825 4496 1102 4566 victoriae,
1136 4513 1481 4553 coronarum
1528 4504 1586 4553 et
1637 4500 1922 4555 bonorum
1972 4500 2045 4554 iis

400 4590 490 4640 est
513 4586 609 4657 qui
645 4586 898 4658 diligunt
926 4585 1135 4641 Deum.

470 4695 693 4757 Quass'r.
747 4692 865 4747 XII.
926 4695 1068 4748 Cum
1107 4693 1377 4748 diabolus
1443 4710 1474 4748 e
1521 4693 1681 4749 cmlis
1746 4696 2041 4764 ceciderit,

399 4782 691 4852 quomodo
725 4782 779 4835 in
812 4781 958 4837 libro
979 4782 1087 4838 Job
1115 4782 1401 4853 scriptum
1432 4786 1519 4838 est
1546 4783 1774 4839 venisse
1805 4784 2043 4856 angelos

399 4870 498 4923 Dei
532 4868 958 4923 utassisterent
990 4885 1183 4925 coram
1229 4869 1496 4938 Domino,
1546 4877 1603 4927 et
1650 4872 1951 4929 diabolum
1984 4875 2043 4929 in

402 4958 592 5013 medio
622 4958 884 5029 ipsorum
910 4957 1001 5012 '9?

471 5093 516 5128 ⁸ο
546 5094 711 5148 Deut.
746 5109 921 5162 xxxn,
956 5094 1011 5148 8.
1086 5095 1126 5129 "
1162 5095 1273 5150 Isa.
1306 5112 1419 5166 xxv,
1454 5095 1540 5150 14.
1618 5096 1664 5131 δ’
1694 5096 1825 5153 Job.
1859 5115 1898 5167 ι,
1929 5099 1983 5152 6.

471 5241 546 5310 (3)
574 5241 710 5294 Post
740 5255 939 5313 vocem
971 5238 1063 5293 καὶ
1094 5239 1145 5293 ot
1177 5238 1381 5313 θρόνοι,
1417 5242 1475 5295 in
1535 5242 1712 5299 editis
1769 5243 1893 5300 hac
1943 5244 2045 5300 ha-

396 5308 629 5386 bentur,
668 5311 793 5379 Περί
827 5308 884 5365 δὶ
911 5317 1012 5386 τῆς
1047 5317 1172 5383 μιᾶς
1206 5308 1411 5386 οὐσίας,
1467 5317 1603 5379 etc.,
1661 5332 1786 5386 quae
1836 5317 2050 5372 desunt

397 5383 456 5437 in
494 5401 635 5438 mss.
672 5386 787 5439 fere
815 5385 1111 5449 omnibus,
1146 5389 1201 5438 et
1230 5384 1502 5439 videntur
1532 5383 1849 5456 adjectitia.

471 5456 544 5526 (4)
580 5457 707 5531 Hcce
742 5457 984 5531 quastio
1018 5461 1106 5531 est
1153 5458 1306 5531 apud
1372 5457 1828 5531 Thcodoretum,
1877 5477 1940 5531 II,
1989 5461 2048 5515 in

404 5526 670 5593 Genesim,
709 5546 820 5582 non
851 5528 1020 5598 plane
1052 5527 1261 5583 similis
1294 5528 1353 5582 in
1384 5527 1680 5585 omnibus.

473 5601 548 5668 (5)
578 5599 714 5671 lieg.
750 5604 803 5671 3,
837 5598 1183 5671 ἐπερώτημα.

473 5666 548 5744 (ὃ)
574 5670 722 5741 Ilmc,
760 5666 1137 5747 λογίζεσθαιζ..
1173 5666 1409 5742 Παῦλον,
1442 5670 1659 5728 desunt
1691 5672 1749 5729 in
1804 5673 2046 5747 quibus-

2144 3342 2229 3376 σαι
2258 3321 2351 3376 τὸν
2386 3318 2583 3393 Ἀδὰμ,
2616 3318 2705 3375 διὰ
2730 3324 2895 3375 τοῦτο
2925 3319 3185 3390 ἐξέπεσεν.

2218 3410 2409 3466 Ἀπόκ.
2470 3408 2748 3488 Ἀφρόνων
2809 3410 2887 3483 (7)
2947 3407 3159 3485 ἀνδρῶν
3216 3409 3533 3463 τὰτοιαῦτα
3589 3407 3796 3483 τυγχά·

2144 3522 2294 3556 νουσι
2330 3498 2568 3577 ῥήματα.
2632 3500 2693 3556 Ὀ
2742 3499 2842 3575 γὰρ
2894 3493 3177 3567 διάϐολος,
3227 3495 3353 3573 πρὶν
3414 3497 3656 3573 γενέσθαι
3710 3496 3795 3551 τὸν

2143 3587 2322 3663 ’Δδὰμ
2350 3591 2448 3663 (8),
2482 3588 2708 3659 ἐξέπεσε.
2743 3585 3032 3663 Πρόδηλον
3056 3585 3133 3655 δὶ,
3161 3586 3247 3642 ’ὁτι
3281 3583 3370 3641 διὰ
3396 3587 3495 3654 τὴν
3521 3586 3798 3663 ὑπερηφα-

2145 3678 2259 3734 νίαν
2292 3678 2479 3749 αὐτοῦ,
2514 3675 2589 3739 ὣς
2622 3698 2781 3755 φησιν
2811 3674 3033 3739 Ἡσαΐας
3084 3678 3112 3731 6
3142 3677 3456 3753 προφήτης,
3506 3673 3801 3751 λογισάμε-

2145 3790 2260 3838 νος,
2293 3767 2377 3823 ὅτι
2409 3791 2437 3820 ι(
2468 3769 2628 3837 Θήσω
2656 3768 2747 3822 τὸν
2776 3765 2966 3840 θρόνον
3004 3786 3108 3840 μου
3146 3764 3233 3831 ἐπὶ
3281 3768 3388 3820 τῶν
3446 3766 3515 3837 (9)
3566 3763 3800 3843 νεφελῶν

2148 3859 2235 3914 καὶ
2264 3854 2457 3930 ἔσομαι
2492 3855 2684 3930 ὅμοιος
2712 3859 2790 3928 τῷ
2818 3854 3074 3930 Ὑψίστῳ.
3109 3878 3136 3906 ››

2221 3965 2414 4038 Ἐρώτ.
2452 3965 2538 4020 ια’.
2569 3963 2722 4024 Τίνος
2754 3960 2810 4017 δὲ
2839 3961 3000 4039 χάριν
3032 3960 3415 4037 συνεχώρησεν
3437 3959 3591 4033 αὐτῷ
3620 3962 3649 4015 6
3674 3960 3800 4019 Θεὸς

2150 4052 2413 4127 πολεμεῖν
2446 4054 2508 4108 τὸ
2540 4053 2692 4128 γένος
2725 4055 2836 4126 (10)
2866 4056 2975 4107 τῶν
3008 4051 3309 4126 ἀνθρώπων
3338 4070 3352 4119 ;

2224 4142 2412 4200 Ἀπόν,
2446 4143 2638 4203 ’Όπως
2669 4139 2760 4196 καὶ
2810 4142 2862 4195 οἱ
2915 4140 3233 4216 ἀγαπῶντες
3278 4139 3370 4194 τὸν
3414 4138 3545 4193 Θεὸν
3571 4157 3802 4214 φανερωο

2152 4234 2310 4301 ϐῶσι,
2384 4230 2473 4286 καὶ
2549 4230 2929 4307 προσκείμενοι
2985 4234 3103 4290 ταῖς
3155 4225 3381 4299 ἡδοναῖς
3439 4225 3801 4303 ἐλεγχθῶσιν.

2155 4318 2459 4379 Ἀντιδίκου
2486 4321 2586 4396 γὰρ
2624 4322 2698 4392 μή
2733 4316 3127 4394 προσκειμένου
3179 4318 3232 4371 οἱ
3274 4318 3491 4392 γνήσιοι
3543 4313 3805 4389 στρατιῶ-

2152 4431 2239 4466 ται
2276 4414 2371 4464 τοῦ
2405 4407 2673 4483 βασιλέως
2733 4407 2795 4462 οὐ
2854 4410 3228 4484 φανεροῦνται.
3288 4406 3351 4462 Ὁ
3409 4404 3501 4459 οὗν
3546 4398 3807 4462 διάϐολος

2155 4497 2359 4560 αῖτινος
2391 4497 2547 4567 νίκης
2592 4498 2680 4552 καὶ
2740 4497 3008 4574 στεφάνων
3061 4493 3267 4569 γίνεται
3316 4493 3406 4548 καὶ
3453 4498 3639 4566 τιμῶν
3696 4496 3807 4551 τοῖς

2069 4577 2117 4642 D
2148 4588 2393 4665 ἀγαπῶσι
2424 4587 2517 4641 τὸν
2545 4585 2695 4641 Θεόν.

2221 4695 2419 4770 Ἐρώτ.
2461 4694 2549 4769 ιβ’.
2583 4691 2848 4754 Πεσόντος
2898 4695 2991 4746 τοῦ
3025 4684 3287 4745 διαϐόλου
3318 4688 3377 4745 ἐκ
3399 4694 3507 4745 τῶν
3540 4689 3807 4765 οὐρανῶν,

2152 4787 2269 4845 πῶς
2301 4784 2603 4858 γέγραπται
2631 4780 2682 4836 ἐν
2714 4786 2795 4853 τῷ
2825 4774 2951 4835 Ἰὼϐ
2985 4781 3097 4853 (11)
3128 4776 3210 4833 ὅτι
3242 4778 3413 4847 ἦλθον
3469 4778 3523 4833 οἱ
3585 4776 3805 4854 ἄγγελοι

2151 4877 2248 4929 τοῦ
2278 4877 2410 4927 Θεοῦ
2439 4877 2778 4946 παραστῆναι
2809 4870 3039 4925 ἐνώπιον
3063 4866 3376 4942 Κυρίου,καὶ
3402 4868 3431 4922 6
3464 4862 3728 4928 διάϐολος
3751 4864 3802 4921 ἰν

2159 4964 2308 5037 μέσῳ
2337 4961 2517 5016 αὐτῶν
2543 4979 2555 5030 ;

2160 5245 2295 5300 dam
2329 5259 2473 5309 mss,

2250 5317 2306 5382 7)
2332 5310 2555 5389 Μωρῶν
2587 5309 2837 5389 ἀνδρῶν,
2856 5312 2972 5389 duo
3005 5309 3413 5389 manuscripti.

2331 5381 2457 5474 Igne
2484 5381 2891 5474 manpseripti,
2922 5381 3013 5466 τόν
3048 5381 3373 5474 ἄνθρωπξν.”

2339 5458 2583 5514 Palatin.
2618 5459 2672 5525 1,
2705 5454 2885 5510 ἐπάνω
2912 5456 3041 5530 τῶν.
3072 5454 3217 5524 Reg.
3255 5454 3309 5521 3,
3343 5454 3473 5508 ἅνω.

2232 5522 2341 5603 (10)
2373 5530 2620 5603 Quidam
2653 5522 2819 5603 mss,
2848 5530 2928 5603 τῷ
2962 5522 3129 5603 γένει.

2234 5589 2342 5671 (11)
2377 5589 2679 5671 ὗαὶειιιιιυε
2738 5589 3036 5671 1,’2,Ἀὲἰς
3086 5593 3183 5671 τὸν
3238 5589 3384 5671 ἰιῦᾷ
3447 5594 3629 5671 Paul_o_
3683 5594 3814 5671 post

2159 5660 2374 5747 Regius
2426 5675 2476 5747 1,
2517 5660 3031 5743 ἃναντίον’Κυ’ρίου.
3086 5668 3222 5741 Reg.
3267 5668 3322 5740 2,
3354 5660 3517 5722 ἔναντι
3583 5660 3805 5739 Κυρίου.
