4108 6210
504 341 618 404 6οἹ

1672 349 1734 408 S.
1783 343 2306 409 ATHANASIUS.
2332 375 2410 389 —
2440 346 2748 407 SPURIA.

3759 348 3855 411 608

506 482 564 534 et
604 478 910 551 inquirunt
959 480 1249 551 homines,
1300 498 1531 554 nempe,
1584 499 1708 553 quae
1760 497 1852 537 res
1901 480 1979 535 sit
2028 480 2154 552 ipsa

2271 476 2493 546 ζήτησίς
2524 497 2581 530 τε
2623 476 2713 531 καὶ
2762 471 3089 555 ἀμφιϐολία
3124 472 3272 551 λέγω
3326 472 3416 545 δὴ,
3447 473 3498 530 τί
3544 475 3661 530 αὐτὸ
3695 483 3852 552 χρῆμά

507 570 707 626 anima
746 571 1023 643 hominis,
1048 573 1202 628 unde
1247 574 1373 646 ipsa
1396 574 1453 628 in
1479 591 1719 646 corpore
1741 572 2155 642 constituatur,

507 661 880 731 quandonam
913 667 969 717 et
988 665 1282 733 quomodo
1305 669 1610 736 separatur
1632 663 1703 718 ab
1727 661 2158 732 homine,quid-

509 766 621 820 que
651 755 787 822 agat
819 768 1005 822 usque
1035 752 1106 806 ad
1138 756 1646 809 resurrectionem.
1680 753 1860 808 Nemo
1893 751 2046 807 enim
2091 766 2160 805 ex

508 839 758 893 mortuis
789 839 849 893 in
883 841 1170 895 mundum
1203 844 1444 897 veniens
1474 842 1595 898 haec
1619 839 2158 897 nobisrenuntiavit

508 933 609 983 ant
638 928 1023 985 confirmavit.
1059 932 1423 1003 Quapropter
1456 950 1487 987 a
1520 939 1621 987 tua
1651 930 1959 987 sanctitate
1994 929 2157 1001 ﬂagi-

504 1021 701 1072 tamus
737 1022 797 1071 ut
828 1018 1205 1088 quaestionem
1241 1020 1390 1075 hanc
1423 1021 1492 1076 de
1544 1022 1760 1091 anima,
1812 1018 2016 1074 multis
2065 1017 2156 1071 in-

503 1106 1013 1178 comprehensam,
1048 1125 1154 1163 nos
1186 1108 1326 1164 velis
1359 1111 1617 1165 edocere.

573 1213 746 1267 RESP.
808 1214 1070 1268 Hominis
1129 1215 1362 1283 quidem
1423 1216 1621 1272 anima
1674 1222 1765 1273 est
1823 1214 2158 1271 substantia

504 1300 861 1371 intelligens,
930 1302 1289 1374 incorporea,
1359 1305 1701 1373 invisibilis,
1773 1303 2158 1376 impassibilis

503 1389 877 1455 immortalis,
912 1392 1146 1463 fereque
1179 1393 1521 1461 angelorum
1552 1394 1863 1450 subtilitati
1918 1392 2155 1449 similis.

504 1479 818 1548 Nunquam
853 1485 1049 1535 tamen
1083 1481 1281 1537 anima
1312 1483 1422 1538 fuit
1452 1484 1717 1555 angelus,
1767 1488 1831 1538 ut
1883 1482 2162 1538 fabulan-

508 1573 604 1621 tur
653 1567 1027 1639 Origenistaa;
1082 1587 1186 1625 nec
1235 1576 1370 1628 ante
1419 1590 1663 1643 corpora
1708 1572 2002 1629 exsistunt
2030 1570 2159 1626 ani-

506 1674 633 1724 mae,
672 1661 737 1711 ut
784 1658 1121 1714 Manichmis
1167 1660 1399 1715 videtur
1445 1678 1457 1715 :
1510 1662 1612 1716 sed
1663 1660 2161 1732 quemadmodum

505 1746 699 1816 lapide.
746 1751 802 1801 et
847 1747 997 1803 ferro
1049 1748 1288 1817 collisis,
1341 1767 1409 1805 ex
1459 1757 1707 1822 utroque
1774 1752 1924 1819 ignis
1973 1749 2163 1805 nasci-

2268 564 2405 620 ἐστιν
2453 568 2487 636 ἡ
2547 567 2699 641 ψυχὴ
2753 570 2851 620 τοῦ
2901 564 3227 640 ἀνθρώπου;
3259 565 3346 619 καὶ
3381 564 3533 619 πόθεν
3584 563 3705 634 αὕτη
3756 588 3853 620 ουν-

2271 654 2474 710 ίσταται
2508 654 2558 709 ἐν
2586 660 2665 727 τῷ
2697 655 2908 727 σώματι
2938 681 2950 723 ;
2980 655 3071 708 καὶ
3101 654 3233 708 πότε
3262 653 3349 708 καὶ
3381 658 3497 715 πῶς
3526 657 3616 708 τοῦ
3647 656 3850 727 σώματος

2267 743 2721 821 χωρίζεται;καὶ
2769 743 2821 799 τί
2886 741 3050 818 μέχρι
3108 750 3209 812 τῆς
3262 743 3592 803 ἀναστάσεως
3644 741 3853 818 διαπράτ-

2263 854 2444 903 τεται;
2480 831 2656 892 οὐδεὶς
2708 835 2809 908 γὰρ
2861 831 2920 886 ὲκ
2965 836 3166 908 νεκρῶν
3220 830 3269 886 ἐν
3314 830 3393 903 τῷ
3437 831 3538 907 βίῳ
3567 829 3854 905 ἐπιδημήσας

2264 929 2433 979 ταῦτα
2480 925 2614 995 ἡμῖν
2667 920 3083 996 ἀπήγγειλεν,ἢ
3135 920 3490 975 ἐπιστώσατο·
3534 922 3620 975 Διὸ
3664 922 3729 982 ὡς
3764 929 3855 985 τοῖς

2266 1013 2503 1075 πολλοῖς
2549 1010 2930 1078 ἀκατάληπτον
2958 1011 3051 1065 τὸν
3095 1010 3349 1086 περὶτῆς
3389 1012 3569 1085 ψυχῆς
3616 1008 3756 1087 λόγον
3792 1009 3852 1065 δι-

2269 1099 2539 1177 δαχθῆναι
2571 1102 2935 1177 ἠρωτήσαμεν
2967 1101 3065 1170 τήν
3102 1100 3198 1168 σὴν
3235 1098 3514 1174 ἁγιότητα.

2342 1208 2534 1266 Ἀπόκ.
2593 1212 2651 1265 Ἠ
2716 1209 2809 1280 μὲν
2863 1212 2960 1262 τοῦ
3017 1206 3307 1282 ἀνθρώπου
3370 1206 3521 1280 ψυχή
3580 1204 3704 1261 ἐστιν
3742 1207 3858 1263 οὐσία

2268 1299 2445 1375 νοερὰ,
2474 1298 2786 1371 ἀσώματος,
2818 1298 3050 1366 ἀπαθής,
3084 1293 3351 1359 ἀθάνατος
3405 1296 3537 1364 (15)·
3578 1295 3634 1348 ού
3689 1296 3778 1367 μὴν
3817 1294 3859 1352 δὶ

2269 1387 2503 1465 ἄγγελός
2566 1408 2698 1442 ποτε
2752 1389 2816 1456 ἦν
2867 1388 2900 1455 ἡ
2962 1386 3242 1461 ψυχή,ὡς
3287 1385 3341 1439 οἱ
3373 1384 3733 1459 Ὠριγενιασταῖ
3782 1408 3857 1456 μυ-

2271 1478 2536 1543 θεύονται’
2571 1474 2694 1532 οὐδὲ
2725 1478 3172 1551 προϋπάρχουσιν
3228 1475 3281 1529 αἱ
3340 1473 3512 1548 ψυχαὶ
3567 1477 3665 1527 τῶν
3716 1475 3858 1546 σωμά-

2267 1589 2399 1639 των,
2461 1568 2534 1630 ὡς
2586 1568 2639 1621 ei
2696 1568 2997 1641 Μανιχαῖοι
3052 1562 3505 1637 δογματίζουσιν’
3554 1562 3669 1619 ἀλλ’
3718 1562 3855 1640 ὥσπερ

2270 1662 2365 1712 τοῦ
2425 1656 2580 1720 λίθου
2627 1654 2715 1710 καὶ
2763 1659 2858 1710 τοῦ
2908 1652 3137 1729 σιδήρου
3188 1653 3651 1729 συγκρουομένων,
3693 1650 3743 1706 ἐκ
3774 1657 3854 1708 τῶν

2272 1744 2592 1824 ἀμφοτέρων
2658 1744 2891 1799 τίκτεται
2967 1744 3027 1798 τὸ
3103 1740 3249 1819 πῦρ·
3314 1740 3459 1797 οὕτω
3514 1742 3599 1795 καὶ
3658 1739 3732 1794 ἐπὶ
3785 1744 3856 1808 τῆς

501 1840 636 1904 tur,
691 1835 774 1889 sic
823 1836 883 1890 in
932 1836 1041 1892 viri
1085 1843 1144 1893 et
1194 1839 1457 1894 mulieris
1524 1856 1883 1911 congressu,
1943 1854 2154 1911 corpus

2271 1839 2366 1891 τοῦ
2414 1832 2605 1909 ἀνδρὸς
2645 1834 2733 1888 καὶ
2781 1833 3035 1908 γυναικὸς
3086 1832 3413 1905 συμπλοκῆς
3460 1829 3735 1885 συνίσταται
3772 1834 3858 1903 (l6)

502 1929 559 1979 et
580 1924 777 1979 anima
798 1925 1173 1995 Deojubente
1193 1928 1655 1984 constituuntur.
1679 1929 1859 2000 quue
1881 1928 1987 1984 tibi
2019 1945 2149 2001 per-

501 2014 710 2069 suadet
759 2014 972 2070 Paulus
1021 2016 1341 2086 apostolus,
1393 2018 1493 2087 qui
1537 2018 1618 2072 ait
1669 2033 1682 2072 :
1739 2040 1767 2067 (κ
1810 2018 2150 2073 Seminatur

498 2118 711 2172 corpus
741 2103 1013 2173 animale,
1046 2106 1235 2177 surgit
1264 2122 1476 2177 corpus
1505 2105 1767 2177 spiritale
1794 2107 1858 2175 ⁸⁸,
1895 2128 1922 2156 ››
1955 2105 2151 2162 videli-

498 2198 589 2247 cet
614 2191 673 2246 in
705 2193 1146 2248 resurrectione.

569 2298 793 2361 Qumsr.
826 2298 993 2354 XVII.
1029 2299 1328 2356 Undenam
1371 2306 1594 2357 certum
1646 2302 1893 2357 habetur
1942 2304 2147 2359 mortis

498 2393 760 2458 tempore
791 2388 1049 2443 animum
1084 2406 1195 2444 non
1228 2390 1407 2444 simul
1439 2390 1584 2446 mori
1609 2408 1739 2446 cum
1774 2391 2146 2462 corpore?Sic

501 2475 659 2529 enim
696 2476 937 2547 quidam
971 2478 1305 2549 opinantur.

573 2581 745 2637 Rssr.
780 2582 877 2638 Dei
914 2584 1090 2640 Filius
1121 2590 1177 2640 et
1205 2586 1459 2643 Verbum
1489 2587 1660 2643 Jesus
1682 2587 1948 2644 Christus
1979 2604 2147 2660 aper-

502 2670 575 2725 tis
607 2671 798 2727 verbis
831 2690 936 2728 nos
966 2675 1134 2728 docet
1158 2679 1215 2729 et
1248 2675 1485 2730 mortale
1517 2692 1728 2747 corpus
1759 2678 1986 2742 esse,'et
2019 2675 2145 2729 ani-

508 2775 663 2815 mam
696 2761 1111 2818 immortalem.
1149 2786 1177 2815 «
1206 2764 1414 2837 Nolite,
1447 2788 1475 2815 «
1508 2764 1719 2837 inquit,
1757 2785 1785 2819 α
1814 2764 2021 2820 timere
2049 2783 2148 2821 eos

508 2851 608 2921 qui
633 2852 909 2907 occidunt
937 2868 1167 2925 corpus,
1196 2854 1452 2909 animam
1502 2859 1695 2909 autem
1736 2872 1849 2911 non
1901 2858 2151 2927 possunt

508 2939 766 2995 occidere
794 2942 859 2996 ⁸⁵.
891 2960 917 2991 n
955 2941 1116 2997 Certe
1143 2943 1518 2999 manifestum
1553 2944 1689 2998 inde
1720 2947 1807 2999 est
1846 2942 2148 2998 immorta-

506 3027 621 3084 lem
653 3045 779 3085 eam
811 3046 939 3086 esse
967 3035 1021 3085 et
1052 3048 1085 3086 a
1115 3031 1229 3087 Deo
1259 3031 1554 3088 exsistere.

579 3136 799 3199 Qums'r.
852 3138 1046 3194 XVIII.
1105 3161 1126 3188 ι
1184 3139 1392 3195 Fidelis
1440 3155 1633 3196 sermo
1679 3146 1737 3196 et
1779 3141 1936 3196 omni
1987 3157 2149 3197 acce-

2265 1928 2398 1982 Θεοῦ
2452 1922 2694 1979 κελεύσει
2751 1924 2909 1995 σῶμα
2964 1921 3053 1976 καὶ
3111 1923 3288 1996 ψυχή.
3346 1920 3447 1977 Καὶ
3501 1920 3710 1982 πειθέτω
3758 1920 3856 1972 σεὸ

2260 2016 2414 2089 ἅγιος
2445 2011 2781 2073 ’Δπὸστολος
2815 2011 3013 2086 λέγων·
3054 2034 3075 2061 ι
3116 2010 3400 2086 Σπείρεται
3443 2014 3595 2081 σῶμα
3638 2007 3856 2083 ψυχικόν·

2256 2102 2510 2178 ἐγείρεται
2560 2105 2719 2174 σῶμα
2766 2100 3150 2173 πνευματικὸν,
3181 2123 3209 2151 ››
3260 2094 3521 2170 δηλονότι
3566 2096 3614 2152 ἐν
3649 2100 3710 2170 τῇ
3753 2097 3849 2151 ἁνα-

2259 2193 2462 2248 στάσει.

2329 2300 2521 2374 Ἐρώτ.
2558 2300 2638 2367 ιζ’.
2676 2298 2837 2352 Πόθεν
2900 2294 2957 2351 δὲ
3002 2293 3172 2366 δῆλον
3224 2294 3307 2350 ὅτι
3364 2293 3414 2349 ἐν
3466 2298 3541 2365 τῷ
3569 2296 3730 2363 καιρῷ
3772 2295 3849 2345 τοῦ

2256 2389 2481 2443 θανάτου
2514 2387 2575 2442 οὐ
2607 2388 3030 2457 συναποθνήσκει
3068 2385 3202 2458 μετά
3227 2388 3328 2440 τοῦ
3359 2384 3660 2458 σώματοςή
3688 2382 3810 2454 ψυχή
3836 2399 3846 2445 ;

2256 2479 2407 2538 Τινὲς
2438 2477 2537 2553 γὰρ
2570 2476 2712 2531 οὕτω
2744 2476 3083 2548 νομίζουσιν.

2321 2582 2514 2639 ’Δπόκ.
2547 2584 2607 2640 Ὁ
2662 2587 2758 2637 τοῦ
2817 2586 2955 2636 Θεοῦ
3012 2582 3134 2643 Υἱὸς
3183 2579 3271 2634 καὶ
3328 2578 3501 2653 Λόγος
3530 2579 3634 2649 (17)
3674 2576 3843 2643 Ἰησοῦς

2257 2674 2285 2729 ὁ
2336 2674 2560 2748 Χριστὸς
2616 2676 2907 2749 προφανῶς
2958 2672 3105 2743 ἡμᾶς
3153 2666 3397 2723 διδάσκει
3436 2668 3497 2721 τὸ
3552 2665 3723 2732 θνητὸν
3770 2665 3843 2714 τοῦ

2258 2762 2530 2835 σώματος,
2560 2761 2649 2815 καὶ
2689 2761 2750 2815 τὸ
2799 2760 3053 2813 ἀθάνατον
3101 2765 3201 2827 τῆς
3250 2757 3520 2832 ἡμετέρας
3565 2758 3747 2828 ψυχῆς.
3775 2749 3839 2805 λέ-

2254 2870 2384 2928 γωνο
2422 2875 2449 2903 ‹‹
2468 2851 2558 2918 Μὴ
2593 2844 2873 2926 φοϐηθῆτε
2900 2848 3004 2903 ἀπὸ
3031 2852 3138 2902 τῶν
3167 2844 3587 2901 ἀποκτεινόντων
3616 2842 3670 2896 τὸ
3700 2844 3842 2928 σῶμα,

2255 2926 2356 3009 τὴν
2390 2936 2447 2994 δὲ
2476 2940 2659 3013 ψυχὴν
2697 2940 2772 3010 μὴ
2825 2935 3133 3009 δυναμένων
3186 2937 3516 2991 ἀποκτεῖναι.
3551 2954 3577 2983 »
3603 2926 3839 3005 Πρόδηλον

2261 3029 2334 3089 ὡς
2367 3027 2620 3087 ἀθάνατος
2649 3028 2761 3099 (18)
2792 3024 2880 3078 καὶ
2912 3024 3017 3078 ἀπὸ
3048 3026 3181 3078 Θεοῦ
3215 3021 3472 3098 ὑπάρχει.

2333 3134 2524 3211 Ἐρώτ,
2575 3134 2665 3203 ιη’.
2700 3155 2728 3185 ‹‹
2764 3132 2956 3192 Πιστὸς
2988 3130 3016 3184 ὁ
3048 3127 3212 3205 λόγος
3253 3132 3347 3184 καί
3399 3126 3567 3195 πάσης
3613 3119 3843 3211 ἀποδοχῆς

508 3224 704 3295 ptione
736 3226 948 3299 dignus
977 3228 1041 3285 ⁸⁸.
1078 3250 1106 3277 ››
1137 3230 1347 3285 Verum
1380 3246 1660 3302 quonam,
1711 3246 1929 3302 quasso,
1982 3231 2153 3286 modo

2268 3206 2436 3295 ἄξιος.
2474 3248 2501 3275 ι)
2533 3222 2684 3295 Ποίῳ
2716 3218 2774 3276 δὲ
2804 3222 2906 3296 ἄρα
2931 3217 3119 3296 τρόπῳ
3166 3220 3201 3288 ἡ
3252 3220 3408 3293 ψυχὴ
3458 3214 3722 3291 χωρίζεται
3764 3206 3843 3261 ἀπὸ

508 3314 708 3370 anima
736 3323 1045 3388 separatur
1073 3335 1106 3374 a
1136 3335 1375 3392 corpore
1399 3320 1427 3373 ‘I

580 3422 746 3477 RESP.
783 3423 1049 3480 Hominis
1078 3441 1292 3498 corpus
1323 3430 1588 3483 constare
1610 3426 1905 3482 credimus
1926 3442 1994 3482 ex
2016 3442 2156 3497 qua-

507 3516 640 3567 tuor
689 3512 1014 3582 elementis,
1072 3531 1278 3586 nempe
1323 3532 1391 3571 ex
1438 3515 1743 3587 sanguine,
1799 3514 2154 3587 phlegmate,

505 3600 751 3657 humore
784 3607 842 3657 et
871 3602 971 3658 bili
1008 3619 1019 3657 :
1054 3604 1196 3671 sive,
1243 3620 1312 3659 ex
1360 3603 1568 3673 calido,
1620 3604 1851 3675 frigido,
1901 3603 2053 3661 sicco
2102 3607 2159 3659 et

505 3690 771 3758 humido,
825 3692 881 3747 id
932 3698 1045 3762 est,
1094 3710 1163 3749 ex
1214 3696 1366 3766 igne,
1421 3711 1601 3766 aqua,
1655 3710 1813 3761 aere,
1862 3697 1919 3750 et
1981 3697 2154 3750 terra.

507 3781 770 3854 Namque
799 3784 1084 3855 Jsanguis,
1128 3781 1303 3839 veluti
1335 3783 1592 3839 calidum
1623 3790 1679 3839 et
1709 3782 1879 3839 vitale
1909 3781 2161 3839 elemen-

504 3876 653 3938 tum,
687 3888 756 3928 ex
786 3872 921 3944 igne
953 3875 1156 3944 utique
1186 3876 1275 3928 est
1308 3888 1319 3927 :
1354 3873 1569 3929 humor
1595 3888 1752 3941 vero,
1780 3876 1844 3928 ut
1875 3873 2022 3930 221
2054 3872 2158 3928 hu-

510 3961 727 4029 midus,
762 3967 852 4017 est
882 3963 953 4017 ab
990 3979 1165 4018 aere:
1199 3962 1333 4018 bilis
1384 3980 1537 4031 vero,
1590 3966 1653 4019 ut
1704 3962 1877 4029 sicca,
1930 3978 1962 4017 a
2008 3966 2161 4018 terra

505 4054 594 4104 est
645 4067 657 4104 :
705 4050 981 4123 phlegma
1026 4051 1274 4122 denique
1320 4056 1381 4107 ut
1430 4053 1729 4123 frigidum,
1763 4057 1853 4108 est
1880 4051 1953 4107 ab
1987 4068 2155 4122 aqua-

509 4136 610 4192 His
641 4143 912 4209 quatuor,
949 4157 1063 4195 non
1096 4157 1267 4196 secus
1298 4157 1363 4196 ac
1394 4147 1645 4212 quatuor
1675 4142 1882 4209 muris,
1941 4142 2161 4206 anima,

506 4230 694 4282 instar
742 4228 1051 4296 columbas,
1099 4231 1159 4284 in
1209 4231 1378 4285 domo
1428 4231 1687 4302 corporis
1742 4230 2021 4287 conclusa
2050 4234 2159 4286 est.

510 4317 693 4385 Igitur
724 4318 929 4372 mortis
959 4323 1239 4389 tempore,
1280 4319 1372 4373 Dei
1402 4320 1596 4387 jussu,
1623 4326 1875 4391 quatuor
1905 4319 2160 4375 elemen-

508 4406 585 4460 tis
616 4407 687 4461 ab
719 4406 964 4461 invicem
1000 4407 1458 4471 discedentibus,
1479 4414 1730 4478 quatuor
1753 4410 1905 4465 muri
1927 4411 2161 4490 domus,

514 4499 578 4549 ut
610 4495 689 4550 ita
719 4494 956 4565 dixeris,
987 4495 1407 4561 dissolvuntur,
1444 4497 1775 4567 receditque
1806 4500 1968 4555 intus
2016 4518 2157 4559 con-

2262 3319 2360 3370 τοῦ
2390 3313 2644 3385 σώματος
2669 3330 2682 3381 ;

2337 3419 2529 3475 Ἀπόκ.
2592 3419 2687 3473 Ἐκ
2756 3414 3024 3493 τεσσάρων
3100 3414 3388 3491 στοιχείων
3431 3407 3764 3493 ,πιστεύομεν
3793 3402 3839 3456 τὸ

2266 3513 2425 3583 σῶμα
2478 3512 2576 3563 τοῦ
2632 3491 2927 3583 ἀνθρώπου
2979 3504 3343 3559 συνίστασθαιι
3377 3500 3519 3590 λέγω
3548 3496 3681 3590 δὴ
3713 3491 3841 3590 eius.

2263 3621 2379 3669 τος,
2410 3598 2498 3654 καὶ
2530 3597 2867 3676 φλέγματος,
2896 3593 2985 3649 καὶ
3025 3598 3231 3670 χυμοῦ,
3263 3591 3356 3647 καὶ
3404 3589 3595 3667 χολῆς·
3623 3584 3762 3676 ἤγουν
3800 3584 3842 3633 ἐκ

2266 3691 2490 3765 θερμοῦ,
2521 3687 2611 3742 καὶ
2661 3689 2899 3761 ψυχροῦ,
2931 3684 3021 3739 καὶ
3069 3684 3256 3758 ξηροῦ,
3286 3682 3377 3737 καὶ
3424 3680 3596 3755 ὑγροῦ,
3621 3670 3840 3765 τουτέστιν

2268 3757 2335 3834 ἐκ,
2365 3757 2567 3853 πυρὸς,
2616 3757 2705 3830 καὶ
2741 3757 2966 3845 -ῦῦατος,
3011 3773 3101 3827 καὶ
3159 3772 3341 3847 ἀέρος,
3387 3768 3471 3823 καὶ
3527 3772 3638 3842 γῆς.
3666 3761 3728 3853 Te

2266 3869 2366 3944 γὰρ
2397 3845 2534 3940 αἶ’μα
2566 3864 2744 3939 ὥσπερ
2779 3863 2976 3940 θερμὸν
3009 3862 3096 3917 καὶ
3131 3860 3363 3930 ζωαικὸν
3412 3845 3841 3953 στοιχεῖον,¹ξῆλον

2269 3933 2351 4013 dri
2406 3933 2470 4011 ἐκ.
2507 3959 2604 4010 τοῦ
2652 3933 2908 4029 πῦρόςίό
2959 3948 3016 4005 δὶ
3063 3950 3263 4026 χυμὸς,
3297 3948 3371 4010 ὡς
3420 3945 3588 4022 ὑγρὸς,
3615 3933 3839 4033 πρόδηλον

2270 4047 2351 4102 ὅτι
2384 4046 2434 4117 ἐξ
2465 4045 2640 4120 ἀέρος’
2677 4046 2711 4113 ἡ
2733 4028 2801 4098 ίδέ
2831 4039 2980 4118 χολὴ
3015 4040 3089 4101 ὡς
3121 4038 3257 4114 ξηρᾶ
3285 4034 3558 4125 πρόδηλον
3611 4028 3725 4125 ἀπὸ.
3745 4028 3839 4125 γῆς·

2266 4137 2328 4192 τὸ
2361 4113 2665 4214 δὶϋφλεγμα
2697 4132 2769 4194 ὡς
2802 4113 3037 4206 ψῦχρὸν,
3071 4125 3301 4197 εὔδηλον
3337 4126 3387 4197 ἐξ
3414 4121 3612 4182 ὕδατος.
3643 4113 3725 4214 Καὶ
3752 4113 3844 4214 τού·

2266 4248 2381 4288 τοις
2413 4196 2528 4286 τόῖς
2574 4223 2852 4297 τέσσαρσιν
2911 4218 3092 4293 ὥσπερ
3148 4216 3239 4271 καὶ
3289 4216 3531 4287 τέσσαρσι
3578 4206 3765 4297 τοίχοις
3800 4196 3838 4251 ὶν

2270 4316 2405 4389 οἷ’κῳ
2434 4319 2529 4369 τοῦ
2561 4314 2813 4385 σώματος
2846 4306 2999 4379 δίκην
3030 4306 3176 4367 τινὸς
3219 4306 3529 4378 περιστερᾶς
3576 4287 3839 4387 ἀποκέκλεις

2269 4383 2387 4462 σταί
2417 4407 2451 4473 ’ἦ
2484 4383 2659 4479 ψυχῇ
2690 4401 2775 4472 Τῷ
2806 4403 2934 4473 γοῦν
2987 4399 3158 4471 καιρῷ
3210 4398 3338 4483 τοῦ-
3361 4392 3573 4483 θανάτου
3624 4383 3838 4483 ἐπιτροπῇ

2267 4500 2364 4551 τοῦ
2395 4497 2549 4565 Θεοῦ,
2587 4486 3026 4565 ὑποχωρούντων
3074 4484 3125 4554 ἐξ
3173 4480 3436 4553 ἀλλήλων
3483 4480 3579 4532 τῶν
3618 4480 3836 4563 nomipr

508 4583 672 4639 clusa
722 4585 996 4640 columba
1040 4585 1160 4639 sive
1202 4585 1421 4650 anima,
1455 4601 1521 4640 ac
1553 4586 1741 4657 primo
1772 4590 1987 4645 recedit
2017 4609 2154 4647 san-

2266 4581 2581 4657 στοιγείων,
2614 4580 2686 4640 ὡς
2718 4578 2777 4632 ἂν
2820 4574 3016 4646 εἴποις,
3049 4570 3365 4628 διαλύονται
3414 4569 3465 4622 οἱ
3507 4566 3723 4657 τεσσαρες
3764 4572 3835 4657 του

509 4674 640 4745 guis
672 4674 791 4730 sive
822 4673 1076 4729 calidum
1109 4680 1165 4729 et
1190 4675 1359 4729 vitale
1390 4672 1767 4729 elementum.
1801 4676 1944 4732 Hinc
1999 4696 2155 4735 mor-

507 4770 603 4819 tua
651 4780 896 4835 corpora
951 4762 1125 4818 bilem
1177 4768 1234 4818 et
1279 4761 1555 4833 phlegma
1586 4781 1653 4818 ac
1686 4765 1991 4821 humorem
2025 4774 2156 4840 post

505 4857 751 4908 mortem
783 4857 1037 4923 servant,
1071 4860 1131 4908 at
1160 4853 1510 4925 sanguinem
1543 4852 1772 4909 nullum
1804 4855 2043 4911 habent.

570 5187 616 5222 ⁸⁸
641 5187 663 5241 Ι
689 5187 818 5243 Cor.
849 5203 942 5254 xv,
974 5186 1063 5241 44.
1138 5186 1183 5221 ⁸⁸
1212 5185 1418 5242 Matth.
1449 5203 1506 5258 ι,
1538 5188 1630 5243 28.

571 5340 684 5413 (1.5)
736 5339 916 5405 Post,
977 5337 1236 5413 ἀθᾴνατρς
1272 5383 1285 5403 ,
1340 5339 1580 5413 quidam
1656 5339 1873 5413 habent
1949 5337 2143 5413 σχεδὸν

501 5409 667 5500 ρμοία
724 5413 981 5500 τῆςΙτῶν
1040 5408 1283 5482 ἀγγέλων
1344 5407 1699 5477 λεπτότητος.
1738 5412 1863 5466 Mox
1920 5407 2142 5483 11158.2,

546 5493 558 5521 ,
602 5504 610 5523 ,
681 5503 725 5523 η
770 5502 797 5511 -

519 5479 1071 5624 LfEt}?lctfiiaiiquidarn
1106 5552 1492 5624 manuscripti
1527 5552 1741 5608 rectius
1771 5570 1947 5624 quam
1979 5555 2143 5623 editi,

503 5626 601 5697 qui
636 5621 873 5681 habent}
909 5622 1245 5697 συνίστασθαι
1277 5621 1508 5676 κελεύει.

574 5699 683 5771 (17)
716 5702 974 5765 Quatuor
1006 5712 1172 5767 11188.,
1203 5696 1231 5749 ὁ
1260 5698 1355 5751 τοῦ
1386 5697 1615 5767 Χριστοῦ
1646 5693 1733 5749 καὶ
1791 5700 1924 5751 Θεοῦ
1981 5697 2141 5770 ἡμῶν

1705 5187 1750 5222 ⁸⁸
1779 5190 1804 5241 Ι
1832 5188 1976 5245 Tim.
2010 5206 2050 5259 ι,
2081 5188 2172 5245 45.

2266 4644 2419 4729 οἶκοῦ
2471 4675 2676 4745 τοῖχοι,
2707 4666 2796 4721 καὶ
2847 4666 3121 4739 ἀναχωρεῖ
3158 4664 3192 4729 ἡ
3246 4657 3394 4715 ἔνδον
3438 4644 3834 4742 ἀποκεκλεισμένο

2263 4740 2576 4836 περιστερὰ,
2588 4740 2775 4831 -ἤγουν
2806 4758 2841 4824 ἡ
2871 4754 3046 4829 ψυχή’
3079 4750 3168 4841 καί
3216 4754 3430 4841 πρῶτον
3605 4740 3833 4841 Mog???

2262 4854 2324 4908 τὸ
2354 4852 2513 4924 αἷμα,
2543 4847 2710 4924 ἤγουν
2742 4845 2802 4900 τὸ
2834 4843 3030 4919 θερμὸν
3076 4840 3167 4895 καὶ
3216 4838 3456 4909 ζωτικόν.
3486 4836 3630 4895 Ὅθεν
3670 4836 3725 4878 τά
3766 4838 3834 4916 νεῖ

2262 4942 2367 5017 κ·ρά
2420 4919 2649 5013 δώμαέα
2706 4931 2886 5011 χολὴν
2950 4932 3042 5004 μὲν
3104 4925 3293 5017 ἔχουσι
3354 4923 3481 5001 μετά
3531 4919 3722 4977 θάνατον
3764 4926 3830 4962 και

2264 5013 2486 5110 φλέγμα
2515 5028 2605 5083 καὶ
2637 5024 2843 5102 χυμὸν,
2877 5023 3012 5096 αἷμα
3041 5017 3099 5076 δὶ
3129 5017 3228 5074 οὐκ
3256 5013 3491 5093 ἔχουσιν.

2262 5336 2455 5411 Λόγοςο
2909 5396 2990 5411 ηε,
3299 5395 3311 5411 ε
3390 5393 3403 5407 ς
3472 5388 3541 5411 ,n:
3590 5376 3823 5411 Α-ἆηνηη-

2326 5382 2455 5479 ὲὶἑῖ
2492 5411 2611 5461 Duo
2670 5420 2838 5468 mss»
2899 5396 3157 5479 ἀθάνατον
3227 5395 3324 5479 καὶ.
3380 5388 3541 5479 imi?
3590 5382 3797 5479 δὲτέέἕῗὲ

2256 5460 2597 5535 σανῖ-Ἐὰἱίι.
2645 5460 2892 5541 Οοωῐιῇη
2923 5470 3183 5546 ἀθάνατος
3238 5467 3328 5546 καὶ
3375 5460 3818 5546 ἀπαθής

2440 5523 3033 5605 ”Ιῖεὶὶἶε.’ἇίιῖ1⁵οιέιι.
3068 5523 3124 5606 2,
3154 5523 3408 5600 ἀθάνατος
3461 5529 3541 5584 καὶ
3584 5523 3673 5617 ἀπὸ
3714 5523 3819 5571 Θεου

2256 5623 2510 5667 ιίπόονει-
2547 5621 2718 5667 Pnrrn
2769 5620 2973 5667 ausast.
3164 5614 3256 5667 20,
3303 5610 3390 5667 21,
3413 5605 3495 5667 22,
3523 5599 3606 5663 23,
3734 5586 3815 5643 ab-

2256 5623 2510 5698 ὑπάρχει.
2544 5621 2718 5676 Porro
2769 5620 2973 5689 quiest.
3027 5613 3119 5697 οΙςξ,
3164 5614 3256 5677 20,
3303 5613 3390 5693 ξι,
3413 5613 3495 5673 22,
3523 5613 3606 5684 ξιό..
3632 5613 3644 5648 ι

2252 5701 2392 5754 sunt
2421 5712 2454 5749 a
2482 5692 2664 5751 Palat.
2696 5694 2749 5761 2,
2774 5694 2832 5746 et
2855 5707 2889 5746 a
2919 5686 3208 5744 veteribus
3237 5683 3406 5742 editis
3432 5677 3644 5734 Latinis.
