4108 6210
259 358 394 417 613
1232 348 1747 425 ΟΠΛΕΞΤῘΟΝΕΞ
1789 352 1892 409 AD
1936 349 2397 412 ANTIOCHUM
2446 348 2739 411 DUCEM.
3571 357 3689 415 6M

255 488 501 562 στάχυς·
542 485 687 541 οὕτω
720 486 806 540 καὶ
840 486 867 539 6
898 486 1180 560 ἅνθρωπος
1224 484 1438 560 γέγονεν
1487 484 1589 537 ὑπὸ
1638 486 1735 536 τοῦ
1792 484 1926 536 Θεοῦ

2081 487 2205 538 atus
2238 500 2370 537 vero
2405 501 2505 556 per
2528 489 2771 539 mortem
2798 489 2849 539 et
2886 488 3035 538 terra
3066 484 3336 551 obrutus,
3373 486 3578 541 iterum
3608 489 3692 542 in-

258 575 561 655 φυλάττων
592 577 691 643 τήν
726 573 950 643 ἐντολὴν
985 574 1275 650 ἄφθαρτος·
1329 574 1439 627 εἶτα
1497 569 1585 625 διὰ
1642 578 1738 640 τῆς
1792 592 1924 647 παρ-

2081 578 2343 644 )rruptus
2378 573 2709 646 repullulat,
2745 572 2938 644 qualis
2964 574 3034 627 ab
3068 572 3235 629 initio
3260 580 3405 629 erat.

264 673 449 735 ακοῆς
477 658 787 739 συνετρίϐη,
815 664 902 717 καὶ
934 662 1119 738 γέγονε
1150 660 1401 739 φθαρτός’
1435 659 1788 736 σπειρόμενος
1821 657 1877 714 δὲ
1911 657 1999 715 διὰ
2028 665 2124 714 τοῦ
2155 662 2381 715 Θανάτου
2408 661 2495 715 καὶ
2525 660 2870 737 χωννύμενος
2914 660 2964 714 ἐν
3025 663 3092 734 τῇ
3150 665 3243 736 γῇ,
3304 657 3692 718 ἀναϐλαστάνει

278 753 469 828 ὥσπερ
503 755 569 823 ἦν
601 754 689 808 ἀπ’
720 751 898 829 ἀρχῆς
932 749 1219 829 ἄφθαρτος.

340 844 544 919 Ἐρώτ.
576 850 667 899 κε’.
697 846 840 914 Ἀρα
869 840 1279 896 ἐπισκέπτονται
1307 840 1400 894 τὸν
1449 840 1564 914 βίον
1616 840 1669 893 αἱ
1717 835 1924 914 προλα-

262 928 469 987 ϐοῦσαι
492 933 608 1004 (31)
635 935 744 984 τῶν
774 930 1075 1005 ἀνθρώπων
1108 928 1302 1003 ψυχαὶ,
1334 928 1368 997 ἢ
1401 926 1462 982 οὔ
1488 946 1501 995 ;

349 1021 553 1077 Ἀπόκ.
614 1017 906 1092 Οὐδαμῶς.
968 1024 1229 1076 ’Ἄκουσον
1306 1020 1409 1092 γὰρ
1483 1017 1579 1071 τοῦ
1651 1018 1935 1093 προφήτου

271 1106 453 1166 Δαϐἱδ
512 1110 634 1185 περὶ
695 1115 803 1163 τῶν
855 1108 1233 1165 τελευτώντων
1298 1107 1597 1182 ἀνθρώπων
1663 1104 1933 1181 λέγοντος’

2111 841 2342 905 Ουεετ.
2376 840 2543 897 XXV.
2578 841 2729 896 Num
2777 840 3081 896 hominum
3131 841 3361 908 animae,
3415 842 3514 913 qui
3567 847 3701 900 ante

2047 947 2154 985 nos
2178 931 2490 997 decedunt,
2523 931 2703 985 vitam
2737 930 2947 984 iterum
2980 929 3259 997 invisunt,
3296 932 3520 986 necne?

2038 1052 2049 1061 ν
2118 1020 2287 1075 Rasr.
2323 1020 2722 1092 Nequaquam.
2757 1019 2906 1073 Audi
2941 1019 3093 1073 enim
3131 1018 3472 1090 prephetam
3526 1021 3700 1075 Davi—

2048 1110 2181 1164 dem
2215 1110 2284 1164 de
2316 1108 2659 1164 hominibus
2694 1108 3079 1163 morientibus
3105 1109 3354 1163 aientem
3386 1105 3400 1162 ἐ
3438 1133 3458 1157 α
3498 1111 3700 1177 llomo,

269 1227 303 1251 ι(
339 1204 697 1273 Ἀνθρωπος,
767 1198 893 1251 ὡσεῖ
950 1193 1151 1273 χόρτος
1212 1198 1264 1250 αἱ
1323 1196 1523 1271 ἡμέραι
1578 1195 1764 1267 αὐτοῦ,
1810 1195 1937 1249 ὡσεὶ

270 1291 445 1350 ἄνθος
520 1293 618 1342 τοῦ
696 1288 868 1361 ἀγροῦ
943 1287 1117 1348 οὕτως
1193 1286 1485 1359 ἐξανθήσει.
1550 1286 1674 1341 ’Ότι
1726 1288 1940 1358 πνεῦμα

272 1376 509 1447 διῆλθεν
562 1375 612 1430 ἐν
668 1376 835 1447 αὐτῷ,
883 1374 973 1429 καὶ
1024 1375 1130 1449 οὐχ
1182 1375 1423 1450 ὑπάρξει,
1455 1374 1543 1428 καὶ
1577 1372 1675 1428 οὐκ
1706 1373 1940 1448 ἐπιγνώ-

271 1487 431 1521 σεται
462 1466 544 1521 ’ἐτι
575 1466 668 1520 τὸν
695 1464 862 1519 τόπον
894 1464 1079 1519 αὐτοῦ.
1118 1489 1144 1515 ››
1178 1464 1306 1540 Περὶ
1341 1460 1397 1518 δὲ
1442 1468 1549 1518 τῶν
1591 1466 1782 1538 ψυχῶν
1838 1466 1943 1517 τῶν

275 1556 455 1631 ἆγίων
488 1555 553 1609 οὗ
586 1555 698 1629 χρὴ
730 1549 1100 1632 ἀμφιϐάλλειν
1128 1555 1262 1627 (32).

353 1645 560 1719 Ἐρώτ.
593 1645 692 1707 κς¹.
727 1643 827 1697 Καὶ
859 1642 904 1697 εί
932 1646 1097 1697 ταῦτα
1130 1641 1295 1711 οὕτω,
1330 1644 1447 1703 πῶς
1488 1639 1857 1719 ἐπιφαίνονται
1892 1641 1943 1696 οἱ

276 1732 435 1808 ἅγιοι
470 1730 742 1793 πολλάκις
774 1731 823 1785 ἐν
856 1736 973 1793 τοῖς
1008 1731 1211 1786 ἑαυτῶν
1237 1734 1388 1792 ναοῖς
1419 1730 1510 1784 καὶ
1539 1735 1737 1806 σωροῖς
1763 1748 1777 1799 ;

359 1821 563 1878 Ἀπόκ.
612 1821 778 1875 Ξένον
840 1820 928 1875 καὶ
977 1817 1280 1896 παράδοξον
1334 1820 1398 1874 τὸ
1447 1817 1796 1895 ἐπερώτημα,
1858 1818 1945 1873 καὶ

288 1909 629 1977 πιστοτάτης
660 1912 843 1984 ψυχῆς
892 1905 1147 1980 δεόμενον
1198 1908 1273 1970 εἷς
1323 1906 1629 1983 ἀπόκρισιν,
1678 1909 1867 1980 *Ομως
1901 1907 1946 1961 εἰ

291 2004 529 2074 χωρεῖς,
563 1997 789 2051 ἄκουσον
827 1998 902 2069 μὴ
942 1995 1189 2065 ὀκλάζων
1219 2001 1297 2068 τῷ
1329 1996 1602 2071 λογισμῷ.
1657 1996 1724 2051 Αἱ
1756 1995 1807 2049 ἐν
1831 1999 1946 2057 τοῖς

290 2093 451 2147 ναοῖς
517 2086 607 2141 καὶ
667 2091 867 2159 σωροῖς
921 2090 1027 2140 τῶν
1090 2086 1254 2161 ἁγίων
1300 2085 1577 2159 γινόμεναι
1623 2084 1949 2146 ἐπισκιάσεις

294 2177 385 2230 καὶ
425 2174 679 2229 δπτασίαι
712 2173 773 2227 οὗ
806 2171 893 2228 διὰ
918 2178 1025 2228 τῶν
1077 2173 1270 2249 ψυχῶν
1320 2178 1426 2227 τῶν
1480 2174 1649 2247 ἁγίων
1695 2173 1950 2246 γίνονται,

296 2263 453 2318 ἀλλᾶ
508 2266 621 2334 (33)
668 2260 736 2316 δι’
788 2261 1037 2337 ἀγγέλων
1092 2262 1260 2337 ἁγίων
1319 2263 1949 2337 μετασχηματιζομὲνων

294 2354 375 2413 εἲς
404 2354 472 2406 τὸ
530 2350 673 2413 εἶδος
726 2356 835 2405 τῶν
891 2351 1080 2427 ἁγίων.
1144 2356 1265 2413 Πῶς
1324 2352 1446 2427 γὰρ,
1516 2350 1631 2405 είπὲ
1684 2372 1797 2423 μοι,
1859 2350 1955 2423 μία

295 2442 441 2497 οὖσα
471 2441 627 2515 ψυχὴ
657 2444 755 2494 τοῦ
790 2439 1054 2515 μακαρίου
1104 2440 1309 2515 Πὲτρου
1366 2440 1399 2509 ἦ
1462 2439 1681 2495 Παύλου
1737 2437 1955 2494 δύναται

296 2532 423 2585 κατ’
456 2528 623 2596 αὐτὴν
656 2530 754 2597 τήν
790 2530 962 2603 ῥοπὴν
995 2528 1047 2583 ἐν
1078 2532 1146 2602 τῇ
1184 2530 1371 2602 μνήμῃ
1417 2528 1582 2583 αὐτοῦ
1633 2529 1955 2607 ἐπιφανῆναι

298 2620 352 2675 ἐν
391 2618 611 2694 χιλίοις
643 2623 788 2678 ναοῖς
818 2617 1004 2686 αὐτοῦ’,
1034 2617 1085 2672 ἐν
1120 2616 1237 2690 ὅλῳ
1265 2616 1345 2689 τῷ
1372 2618 1565 2691 κόσμῳ
1590 2641 1603 2689 ς
1648 2623 1806 2672 τοῦτο
1854 2620 1956 2694 γὰρ

295 2706 432 2764 οὗτε
464 2706 695 2783 ἄγγελος
747 2708 820 2768 είς
872 2704 1089 2761 δύναται
1156 2707 1381 2776 ποιῆσαί
1434 2728 1584 2763 ποτε.
1642 2707 1827 2764 Μόνου
1856 2708 1957 2783 γὰρ

296 2802 402 2853 τοῦ
457 2801 591 2851 Θεοῦ
622 2795 762 2850 ἐστιν
795 2795 846 2849 ἐν
881 2793 998 2849 δυσὶ
1028 2794 1216 2857 τόποις
1245 2795 1334 2850 καὶ
1368 2794 1419 2850 ἐν
1466 2796 1583 2869 ὅλῳ
1636 2800 1716 2868 τῷ
1767 2793 1960 2869 κόσμῳ

303 2887 356 2941 ἐν
394 2884 536 2948 αὐτῆ
588 2887 657 2957 τῇ
924 2882 1280 2957 εὑρίσκεσθαι.
1339 2883 1486 2938 Ἐπεὶ
1542 2884 1632 2938 καὶ
1694 2884 1846 2939 αὑταὶ
1907 2885 1964 2939 αἰ.

303 2973 497 3050 νοεραί
533 2970 786 3045 δυνάμεις
813 2971 1285 3044 ἀπολιμπάνονται
1335 2974 1450 3043 (34)
1497 2973 1712 3034 πάντως
1760 2979 1859 3043 τῆς
1909 2972 1960 3027 ἐν

307 3062 572 3139 οὐρανοῖς
612 3058 950 3137 δοξολογίας,
1001 3060 1157 3130 ἡνίκα
1205 3058 1252 3115 δ’
1300 3062 1359 3115 ἂν
1405 3061 1847 3117 ἀποστέλλωνται
1890 3062 1965 3124 εἷς

312 3150 597 3206 διακονίαν
631 3150 715 3205 ἐπὶ
747 3157 845 3219 τῆς
874 3158 996 3227 γῆς.

392 3240 591 3313 Ἐρώτ.
624 3241 721 3308 κζ’.
754 3211 820 3296 Ti
860 3211 1096 3317 δἰαφὲρει
1142 3240 1176 3309 ἡ
1212 3211 1365 3294 cisia
1418 3244 1515 3294 τοῦ
1579 3239 1816 3315 ἀγγέλου
1869 3243 1967 3309 τῆς

311 3328 508 3389 οὐσίας
534 3336 637 3398 τῆς
666 3331 852 3402 ψυχῆς
882 3333 979 3382 τοῦ
1011 3328 1296 3403 ἀνθρώπου
1320 3347 1334 3399 ;

388 3417 583 3475 ’Δπόκ.
644 3419 803 3493 Τρεῖς
862 3416 1045 3479 οὐσίας
1100 3416 1518 3488 ἀκαταλήπτους
1566 3418 1713 3494 παρὰ
1758 3419 1963 3494 ἀνθρώ-

306 3528 442 3569 ποις
477 3506 813 3581 εὑρίσκομεν,
849 3506 908 3567 ἃς
942 3503 1117 3567 οὐδεὶς
1150 3504 1406 3580 οὐδαμῶς
1455 3504 1576 3562 οὔτε
1623 3504 1780 3576 εἶδεν,
1841 3508 1964 3564 οὔτε

310 3594 526 3658 ἰδέσθαι
559 3593 645 3648 ἐπὶ
678 3601 781 3669 γῆς
816 3592 1057 3663 δύναται,
1089 3595 1163 3657 ὡς
1197 3594 1318 3662 εἰσὶ,
1372 3594 1516 3671 λέγω
1567 3593 1634 3664 δὴ
1686 3602 1819 3652 Θεοῦ
1870 3598 1961 3652 καὶ

302 3684 559 3760 ἀγγέλων
591 3682 679 3736 καὶ
710 3687 923 3757 ψυχῶν
959 3682 1111 3756 ὅμως
1146 3683 1544 3760 στοχαζόμεθα,
1596 3684 1783 3759 ὅτιπερ
1837 3685 1961 3741 ὅσον

304 3771 558 3850 διαφέρει
585 3777 684 3840 τῆς
713 3769 946 3841 σελήνης
977 3773 1005 3825 6
1036 3770 1219 3840 ἣλιος,
1268 3778 1523 3827 τοσοῦτον
1569 3774 1823 3849 ὑπερέχει
1869 3775 1959 3830 καὶ

299 3860 844 3936 λαμπροφορεῖ
876 3862 910 3930 ἠ
950 3866 1058 3915 τῶν
1108 3859 1348 3937 ἀγγέλων
1410 3862 1563 3916 οὐσία
1615 3870 1713 3932 τῆς
1774 3862 1957 3926 οὐσίας

295 3956 412 4005 τῶι
448 3954 641 4024 ψυχῶν
675 3948 969 4023 ἀνθρώπων
980 3993 992 4003 .

380 4040 582 4113 Ἐρώτ.
616 4044 721 4107 κη’.
757 4038 853 4092 Καὶ
883 4043 999 4099 πῶς
1030 4039 1081 4092 0i
1109 4045 1384 4116 προφῆται
1434 4040 1708 4116 φαίνονται
1741 4040 1959 4096 πολλά-

304 4149 397 4189 κις
428 4125 635 4188 ἰδόντες
661 4128 749 4180 τὸν
784 4128 976 4203 Κύριον
1150 4148 1163 4198 ;

386 4216 584 4273 Ἀπόκ.
615 4215 760 4271 Μετὰ
797 4218 994 4278 πάντας
1040 4216 1165 4278 τοὺς
1218 4219 1499 4293 προφήτας
1551 4217 1641 4273 καί
1698 4221 1812 4291 μετ’
1870 4218 1962 4274 αὖ-

304 4308 414 4373 τῆν
466 4306 568 4372 τήν
618 4304 924 4381 ἐπιφάνειαν
972 4309 1069 4360 τοῦ
1118 4305 1351 4376 Χριστοῦ
1383 4306 1523 4361 εἶπεν
1557 4309 1585 4361 6
1639 4309 1792 4381 ἅγιος
1825 4304 1962 4363 ἀπό-

304 4392 517 4454 στολος
548 4394 636 4447 καὶ
672 4391 1063 4469 εὑαγγελιστής
1111 4394 1201 4448 καὶ
1248 4392 1505 4471 Θεολόγος
1553 4395 1828 4468 Ἰωάννης,
1877 4395 1959 4451 ὅτι

2049 1198 2203 1253 sicut
2235 1199 2432 1253 fenum
2465 1199 2591 1255 dies
2622 1199 2771 1269 ejus,
2805 1202 3087 1268 tanquam
3123 1196 3225 1252 llos
3256 1198 3376 1269 agri
3409 1198 3493 1252 sic
3543 1199 3702 1254 el'llo-

2050 1288 2218 1342 rebit.
2254 1287 2541 1351 Quoniam
2575 1288 2819 1359 spiritus
2850 1286 3223 1358 pertransivit
3258 1287 3314 1340 in
3348 1285 3467 1351 illo,
3500 1292 3555 1341 et
3589 1305 3702 1343 non

2051 1375 2372 1446 exsistet,et
2406 1392 2519 1431 non
2553 1381 2863 1448 cognoscet
2894 1374 3149 1447 amplius
3183 1373 3373 1429 locum
3408 1376 3701 1430 suum91.»

2051 1464 2132 1520 De
2162 1465 2475 1520 animabus
2509 1469 2701 1520 autem
2737 1466 3027 1535 iustorum
3074 1463 3221 1519 nihil
3271 1469 3359 1519 est
3404 1464 3708 1535 ambigen-

2051 1553 2215 1609 dum.

2130 1644 2359 1708 Quass'r.
2393 1641 2584 1697 XXVI.
2618 1642 2676 1697 Si
2722 1641 2843 1696 haec
2893 1642 2973 1696 ita
3022 1658 3084 1697 se
3128 1642 3366 1709 habent,
3414 1643 3707 1714 quomodo

2057 1748 2208 1803 saepe
2242 1732 2426 1787 sancti
2460 1732 2587 1786 suis
2619 1731 2675 1785 in
2705 1729 2941 1801 templis
2974 1735 3030 1784 et
3060 1730 3307 1784 tumulis
3340 1736 3665 1801 apparent?

2128 1821 2298 1875 Rssr.
2332 1820 2658 1891 Singularis
2690 1824 2745 1873 et
2778 1820 3067 1891 paradoxa
3097 1836 3237 1874 sane
3270 1821 3534 1891 quarstio,
3567 1822 3711 1876 lide-

2055 1909 2401 1981 lissimaque
2434 1910 2704 1980 indigens
2738 1908 2930 1962 anima
2966 1908 3031 1962 ad
3068 1910 3560 1979 respondendum.
3595 1911 3713 1965 Ta-

2060 2015 2191 2053 men
2226 1998 2274 2053 si
2307 1998 2491 2069 capis,
2548 1997 2683 2052 audi
2735 2014 2839 2051 nec
2890 1997 3112 2051 ratione
3160 1998 3414 2052 vaeilles.
3466 1998 3599 2061 Quae
3647 1998 3710 2053 in

2060 2088 2296 2158 templis
2345 2093 2399 2141 et
2446 2086 2696 2141 tumulis
2747 2091 3081 2141 sanctorum
3143 2086 3621 2142 adumbrationes
3653 2092 3713 2143 et

2062 2177 2314 2231 visiones
2349 2178 2516 2237 fiunt,
2558 2193 2671 2230 non
2725 2193 2825 2246 per
2872 2175 3099 2229 animas
3150 2180 3489 2229 sanctorum
3541 2177 3710 2246 ﬁunt,

2065 2266 2161 2320 sed
2200 2282 2301 2337 per
2331 2264 2569 2335 angelos
2601 2265 2697 2335 qui
2734 2264 2980 2318 formam
3017 2268 3353 2318 sanctorum
3380 2272 3711 2322 assumunt.

2066 2355 2366 2419 Quomodo
2419 2354 2599 2415 enim,
2654 2353 2745 2407 dic
2794 2353 2959 2415 mihi,
3011 2353 3161 2407 beati
3217 2354 3362 2409 Petri
3419 2354 3499 2409 vel
3553 2355 3717 2411 Pauli

2067 2443 2265 2499 anima
2296 2460 2411 2497 una
2442 2441 2629 2514 possit
2658 2458 2724 2496 eo
2748 2444 2858 2495 lem
2891 2448 3185 2496 momento
3207 2442 3263 2495 in
3296 2445 3577 2498 memoria
3599 2445 3719 2501 sive

2067 2536 2447 2588 monumento
2500 2531 2628 2600 ejus
2678 2546 2956 2601 apparere
3005 2531 3060 2584 in
3117 2530 3275 2584 mille
3325 2534 3451 2601 ejus
3486 2534 3718 2603 templis

2070 2638 2173 2694 per
2200 2625 2389 2675 totum
2422 2620 2652 2674 orbem?
2679 2618 2735 2673 id
2770 2619 2926 2673 enim
2958 2635 3061 2673 nec
3094 2636 3243 2673 unus
3270 2620 3515 2691 angelus
3546 2626 3723 2692 queat

2074 2726 2334 2781 unquam
2370 2713 2665 2781 praestare.
2703 2706 2897 2763 Solius
2930 2708 3219 2779 siquidem
3249 2708 3346 2762 Dei
3371 2714 3459 2763 est
3488 2711 3721 2767 duobus

2070 2796 2126 2852 in
2147 2797 2290 2851 locis
2314 2801 2370 2851 et
2390 2801 2511 2851 toto
2534 2796 2590 2849 in
2616 2796 2835 2849 mundo
2867 2796 3066 2849 eodem
3104 2801 3398 2850 momento
3431 2798 3670 2868 reperiri
3703 2815 3716 2854 :

2072 2886 2543 2957 quandoquidem
2578 2890 2634 2937 et
2660 2884 2796 2953 ipsa:
2843 2883 3231 2955 intelligentes
3283 2884 3525 2940 virtutes
3574 2888 3719 2942 deﬁ-

2074 2976 2239 3031 ciunt
2289 2973 2486 3028 omino
2540 2990 2572 3027 a
2605 2972 2911 3041 doxologia
2965 2988 3091 3043 quae
3124 2974 3181 3026 in
3216 2973 3377 3027 cmlis
3424 2979 3534 3042 est,
3583 2992 3717 3032 eum

2073 3063 2130 3118 in
2165 3062 2553 3117 ministerium
2588 3063 2646 3116 in
2676 3066 2891 3116 terram
2921 3061 3257 3116 mittuntur.

2148 3240 2302 3297 228
2330 3242 2556 3303 Qums'r.
2591 3239 2803 3294 XXVII.
2838 3239 2982 3303 Quid
3014 3240 3206 3295 dill'ert
3262 3241 3595 3297 substantia
3625 3259 3725 3298 an-

2075 3329 2185 3401 geli
2219 3330 2289 3384 ab
2322 3328 2580 3383 hominis
2612 3328 2984 3384 substantia?

2146 3419 2462 3473 Rsse.'l‘res
2494 3416 2821 3472 invenimus
2853 3418 3213 3475 substantias
3244 3437 3389 3491 quas
3420 3420 3594 3476 homo
3617 3436 3722 3477 ne-

2073 3509 2200 3582 quit
2231 3509 2741 3581 comprehendere,
2776 3526 3063 3581 nemoque
3095 3527 3355 3581 unquam
3388 3511 3551 3577 vidit,
3591 3527 3717 3582 quas

2074 3619 2177 3657 nec
2209 3602 2265 3657 in
2300 3606 2453 3656 terra
2486 3603 2732 3672 possunt
2778 3601 2981 3669 videri,
3036 3605 3099 3654 ut
3146 3606 3285 3655 sunt
3336 3617 3540 3671 nempe
3596 3602 3718 3671 Dei,

2072 3689 2410 3762 angelorum
2446 3696 2502 3745 et
2533 3689 2882 3744 animarum.
2902 3691 3164 3743 Attamen
3191 3689 3539 3759 conjicimus
3562 3689 3717 3760 quod

2072 3785 2358 3852 quantum
2388 3779 2578 3834 differt
2621 3778 2705 3833 sol
2754 3795 2786 3833 a
2834 3777 2993 3843 luna,
3046 3783 3274 3832 tantum
3326 3777 3620 3832 antecellit
3667 3781 3724 3831 et

2072 3868 2260 3940 magis
2292 3868 2550 3939 splendet
2583 3865 2927 3938 angelorum
2960 3867 3238 3936 essentia,
3271 3883 3447 3937 quam
3496 3866 3721 3922 anima-

2070 3975 2200 4013 rum
2236 3957 2540 4012 hominum
2572 3954 2847 4010 essentia.

2142 4049 2368 4112 Qums'r.
2388 4044 2674 4101 XXXVIII.
2696 4043 2995 4108 Quomodo
3032 4044 3318 4115 prophetae
3354 4062 3504 4116 saepe
3536 4044 3722 4100 Deum

2069 4135 2332 4189 videntes
2362 4133 2691 4206 apparent?

2139 4221 2308 4278 Rssr.
2342 4222 2482 4277 Post
2527 4220 2840 4293 prophetas
2890 4236 3094 4275 omnes
3146 4223 3459 4294 ipsumque
3508 4221 3726 4277 Christi

2069 4312 2381 4367 adventum
2434 4309 2578 4365 dixit
2610 4308 2933 4381 apostolus,
2966 4310 3438 4381 evangelistaque
3473 4316 3529 4364 et
3564 4310 3723 4364 theo-

2069 4401 2239 4473 logus
2290 4401 2567 4465 Joannes,
2618 4399 2767 4469 quod
2822 4416 2834 4452 :
2892 4421 2918 4447 ‹‹
2971 4398 3153 4452 Deum
3206 4416 3377 4453 nemo
3430 4398 3575 4453 vidit
3616 4415 3728 4452 un-

304 4510 331 4534 ει
372 4484 510 4537 Θεὸν
544 4479 721 4544 οὐδεὶς
781 4483 983 4557 ἑώρακε
1036 4483 1280 4540 πώποτε.
1339 4506 1367 4533 ››
1425 4483 1523 4538 Καὶ
1569 4482 1659 4538 ’ίνα
1689 4486 1955 4556 πιστώση-

2081 4490 2341 4561 quam”.
2380 4512 2406 4538 »
2455 4489 2615 4553 Quod
2670 4492 2733 4542 ut
2781 4486 3056 4542 credibile
3108 4488 3394 4554 redderet,
3444 4491 3724 4559 tanquam

300 4594 396 4627 ται
435 4572 509 4633 ὡς
563 4566 791 4649 οοόερὸν
850 4571 938 4625 καὶ
998 4571 1142 4641 ξένον
1200 4572 1262 4626 τὸ
1322 4571 1493 4647 ῥῆμα,
1546 4571 1819 4649 ἐπήγαγεν
1876 4574 1958 4630 ὅτι

306 4686 335 4711 α
371 4663 440 4717 Ὀ
470 4660 788 4735 Μονογενής
846 4660 873 4713 6
930 4658 1003 4713 ῶν
1064 4659 1117 4714 ἐν
1174 4666 1289 4722 τοῖς
1340 4660 1571 4724 κόλποις
1600 4668 1697 4717 τοῦ
1730 4666 1959 4737 Πατρὸς,

305 4749 523 4809 ἐκεῖνος
557 4747 912 4823 ἐξηγήσατο.»
945 4749 1105 4811 ’Όθεν
1137 4749 1225 4802 καὶ
1259 4750 1287 4803 6
1309 4751 1457 4825 ἅγιος
1487 4749 1793 4813 ἀπόστολος
1827 4757 1965 4807 Παῦ-

305 4838 413 4899 λός
448 4857 632 4914 φησιν.
671 4860 697 4887 ιι
726 4838 826 4893 "Ov
860 4834 990 4891 εἶδεν
1026 4834 1202 4898 οὐδεὶς
1235 4838 1683 4913 ἀνθρώπων,οὕτε
1706 4838 1835 4895 ἴδεῖν
1872 4838 1963 4895 δό-

302 4948 496 4981 ναται.
536 4950 557 4975 ι
592 4928 754 4979 ’Ὡστε
784 4922 960 4987 οὐδεὶς
994 4926 1293 5000 ἀνθρώπων
1329 4924 1542 4982 δύναται
1598 4934 1731 4983 Θεοῦ
1781 4928 1962 4984 οὐσίαν

304 5016 533 5090 γυμνὴν
600 5010 730 5068 ἷδεῖν
783 5011 1045 5087 οὐδαμοῢο
1096 5013 1263 5086 ἀλλὰ,
1309 5016 1443 5089 πρὸς
1491 5019 1588 5086 τήν
1619 5022 1726 5073 τῶν
1756 5019 1964 5095 ἀνθρώ-

2072 4579 2290 4651 aliquid
2326 4577 2695 4633 tremendum
2722 4581 2778 4631 et
2810 4576 3127 4647 singulare,
3164 4576 3419 4631 addidit:
3445 4599 3469 4625 «
3512 4576 3731 4647 Unige-

2073 4668 2231 4723 nitus
2262 4666 2361 4738 qui
2400 4671 2487 4721 est
2519 4666 2575 4720 in
2626 4665 2757 4720 sinu
2811 4667 3019 4729 Patris,
3071 4664 3193 4735 ipse
3242 4665 3527 4719 enarravit
3579 4665 3643 4719 '3.
3700 4683 3722 4713 ι

2075 4755 2237 4811 Unde
2268 4759 2323 4808 et
2356 4760 2601 4809 sanctus
2652 4753 2951 4825 apostolus
3002 4753 3216 4809 Paulus
3270 4754 3347 4808 ait
3400 4772 3413 4809 :
3468 4777 3494 4803 ‹‹
3546 4754 3727 4817 Quem

2076 4860 2246 4899 nemo
2278 4843 2587 4898 hominum
2626 4842 2769 4896 vidit
2800 4842 2886 4896 vel
2920 4842 3110 4897 videre
3145 4844 3426 4913 potest”
3452 4860 3507 4897 ;‹‹
3529 4847 3729 4912 Itaque

2076 4932 2276 4988 nullus
2310 4932 2485 4985 homo
2517 4931 2735 4985 nudam
2770 4930 2867 4985 Dei
2900 4930 3215 4985 essentiam
3252 4930 3439 5001 potuit
3480 4946 3726 4999 usquam

2073 5020 2290 5088 videre,
2342 5020 2442 5077 sed
2495 5036 2621 5073 sese
2670 5019 2825 5073 Deus
2872 5019 2943 5073 ad
2987 5018 3383 5075 inﬁrmitatem
3419 5019 3726 5074 horminum

383 5162 433 5197 ⁹¹
467 5159 621 5214 Psal.
654 5175 752 5224 cu,
784 5158 871 5223 15,
906 5160 989 5213 16.
1065 5158 1111 5194 ’9
1142 5160 1351 5217 Joann.
1386 5179 1424 5231 1,
1460 5164 1545 5217 18.
1622 5165 1666 5199 93
1698 5164 1843 5221 Ibid.
1921 5166 1992 5201 ’3‘
2022 5168 2044 5221 Ι
2077 5166 2229 5221 Tim.
2255 5182 2329 5233 v1,
2366 5166 2449 5218 16.

542 5300 972 5376 Quidam_mss_.
1004 5300 1058 5376 αἱ
1091 5297 1202 5354 ἐκεῖ
1230 5295 1625 5376 προλαϐοῦσαι.

543 5371 645 5449 Hi8
693 5370 895 5449 adjieit
940 5371 1156 5449 Pglqta
1185 5376 1239 5429 2.
1275 5370 1553 5449 Τνωρίζει
1612 5371 1727 5449 γὰρᾼ
1774 5374 1976 5430 ἅπαντα

313 5445 462 5517 μετὰ
490 5442 721 5519 θανάτου
738 5442 839 5519 ⁸ιιιαὶ
871 5441 923 5519 ἐν
936 5445 1017 5519 Ατῇ
1035 5441 1234 5519 *ἡμέρᾳ
1260 5450 1359 5519 τῆς
1384 5441 1636 5519 κρίσεωςξ
1688 5441 1975 5510 Ὀυωειίο-

310 5514 427 5598 pes
458 5531 633 5598 porro
674 5516 868 5598 '26‘et
895 5514 963 5568 27
996 5514 1213 5573 absunt
1242 5535 1276 5572 a
1306 5514 1487 5573 Palat.
1537 5521 1592 5582 2,
1622 5521 1679 5572 et
1708 5535 1741 5573 a
1769 5520 1975 5576 veteri-

314 5590 436 5643 bus
466 5586 645 5643 editis
674 5586 914 5641 Latinis.

391 5660 509 5731 (33)
541 5658 637 5715 Sic
669 5658 811 5730 Reg.
846 5658 896 5725 1,
928 5656 981 5711 3.
1014 5656 1076 5714 In
1109 5658 1281 5715 editis
1310 5655 1455 5711 ἀλλὰ
1483 5660 1666 5717 deest.

2155 5304 2269 5375 (34)
2298 5303 2383 5359 Ita
2434 5304 2469 5357 2
2501 5321 2669 5376 _mss.
2732 5303 2904 5376 Editi,
2953 5299 3448 5376 ἀπολαμϐάνονται.
3510 5304 3730 5361 Ibidem

2089 5372 2315 5451 ReSL:1v
2344 5379 2463 5451 “PR
2496 5374 2547 5451 ἐν
2578 5374 2826 5451 ορρανοῖς
2859 5372 3215 5451 δοξολογίαίς.

2302 5448 2483 5522 gelat.
2522 5449 2570 5516 1,
2605 5445 2996 5522 λαμπροτερεῖ.

2157 5519 2271 5586 (36)
2303 5518 2484 5574 Palat.
2518 5522 2574 5589 2,
2606 5518 2695 5573 τὸν
2721 5518 2868 5576 Θεόν.

2161 5590 2523 5663 Ουωειὶοίοοε
2557 5597 2753 5647 autem
2784 5594 2875 5661 29,
2907 5593 2997 5657 30,
3030 5593 3118 5647 31.
3148 5594 3243 5661 32,
3271 5593 3360 5659 33,
3395 5598 3452 5649 et
3497 5593 3588 5663 34,
3635 5591 3735 5647 ab-

2094 5666 2235 5717 sunt
2266 5678 2295 5715 a
2331 5662 2511 5719 Palat.
2542 5666 2598 5738 2,
2630 5667 2687 5719 et
2715 5680 2748 5719 a
2778 5663 3073 5721 veteribus
3097 5665 3269 5721 editis
3302 5665 3537 5720 Latinis.
