  <div class='ocr_page' id='page_1' title='image "/cluster/home/n/w/nwhite01/storage/ocr_20150623/28/hvd.32044052794351/314.png"; bbox 0 0 4108 6210; ppageno 0'>
   <div class='ocr_carea' id='block_1_1' title="bbox 298 296 428 356">
    <p class='ocr_par' dir='ltr' id='par_1_1' title="bbox 298 296 428 356">
     <span class='ocr_line' id='line_1_1' title="bbox 298 296 428 356; baseline -0.015 0"><span class='ocrx_word' id='word_1_1' title='bbox 298 296 428 356; x_wconf 80' lang='grc'>617</span> 
     </span>
    </p>
   </div>
   <div class='ocr_carea' id='block_1_2' title="bbox 1263 283 2780 358">
    <p class='ocr_par' dir='ltr' id='par_1_2' title="bbox 1263 283 2780 358">
     <span class='ocr_line' id='line_1_2' title="bbox 1263 283 2780 358; baseline -0.004 -8"><span class='ocrx_word' id='word_1_2' title='bbox 1263 288 1779 358; x_wconf 69' lang='grc' dir='ltr'>ΟΠΕΞἸῚΟΝΕΞ</span> <span class='ocrx_word' id='word_1_3' title='bbox 1826 288 1931 347; x_wconf 88' lang='lat' dir='ltr'>AD</span> <span class='ocrx_word' id='word_1_4' title='bbox 1976 285 2442 346; x_wconf 85' lang='lat' dir='ltr'>ANTIOCHUM</span> <span class='ocrx_word' id='word_1_5' title='bbox 2487 283 2780 347; x_wconf 83' lang='lat' dir='ltr'>DUCEM.</span> 
     </span>
    </p>
   </div>
   <div class='ocr_carea' id='block_1_3' title="bbox 3604 288 3726 348">
    <p class='ocr_par' dir='ltr' id='par_1_3' title="bbox 3604 288 3726 348">
     <span class='ocr_line' id='line_1_3' title="bbox 3604 288 3726 348; baseline 0.016 -2"><span class='ocrx_word' id='word_1_6' title='bbox 3604 288 3726 348; x_wconf 81' lang='grc'>618</span> 
     </span>
    </p>
   </div>
   <div class='ocr_carea' id='block_1_4' title="bbox 378 415 1979 500">
    <p class='ocr_par' dir='ltr' id='par_1_4' title="bbox 378 415 1962 500">
     <span class='ocr_line' id='line_1_4' title="bbox 378 415 1962 500; baseline -0.008 -17"><span class='ocrx_word' id='word_1_7' title='bbox 378 425 582 500; x_wconf 81' lang='grc' dir='ltr'>Ἑρώτ.</span> <span class='ocrx_word' id='word_1_8' title='bbox 617 422 718 495; x_wconf 85' lang='grc' dir='ltr'>λγ’.</span> <span class='ocrx_word' id='word_1_9' title='bbox 753 419 821 477; x_wconf 86' lang='grc' dir='ltr'>Τί</span> <span class='ocrx_word' id='word_1_10' title='bbox 853 417 910 474; x_wconf 69' lang='grc' dir='ltr'>δὲ</span> <span class='ocrx_word' id='word_1_11' title='bbox 940 423 1030 474; x_wconf 80' lang='grc' dir='ltr'>νῦν</span> <span class='ocrx_word' id='word_1_12' title='bbox 1073 415 1176 494; x_wconf 73' lang='grc' dir='ltr'>ἄρα</span> <span class='ocrx_word' id='word_1_13' title='bbox 1216 420 1279 472; x_wconf 86' lang='grc' dir='ltr'>τὸ</span> <span class='ocrx_word' id='word_1_14' title='bbox 1326 417 1479 496; x_wconf 74' lang='grc' dir='ltr'>ἔργον</span> <span class='ocrx_word' id='word_1_15' title='bbox 1531 417 1641 474; x_wconf 83' lang='grc' dir='ltr'>ἐκεῖ</span> <span class='ocrx_word' id='word_1_16' title='bbox 1685 423 1792 474; x_wconf 86' lang='grc' dir='ltr'>τῶν</span> <span class='ocrx_word' id='word_1_17' title='bbox 1824 437 1962 490; x_wconf 89' lang='grc' dir='ltr'>προ-</span> 
     </span>
    </p>
   </div>
   <div class='ocr_carea' id='block_1_5' title="bbox 2105 415 3731 500">
    <p class='ocr_par' dir='ltr' id='par_1_5' title="bbox 2150 417 3731 494">
     <span class='ocr_line' id='line_1_5' title="bbox 2150 417 3731 494; baseline 0.001 -20"><span class='ocrx_word' id='word_1_18' title='bbox 2150 419 2304 474; x_wconf 70' lang='lat'><strong>224</strong></span> <span class='ocrx_word' id='word_1_19' title='bbox 2333 419 2560 484; x_wconf 51' lang='lat' dir='ltr'>Quass&#39;r.</span> <span class='ocrx_word' id='word_1_20' title='bbox 2593 418 2783 474; x_wconf 86' lang='lat' dir='ltr'>XXIII.</span> <span class='ocrx_word' id='word_1_21' title='bbox 2819 417 2966 483; x_wconf 88' lang='lat' dir='ltr'>Quid</span> <span class='ocrx_word' id='word_1_22' title='bbox 3000 435 3154 474; x_wconf 90' lang='lat' dir='ltr'>nunc</span> <span class='ocrx_word' id='word_1_23' title='bbox 3187 419 3370 492; x_wconf 85' lang='lat' dir='ltr'>igitur</span> <span class='ocrx_word' id='word_1_24' title='bbox 3396 419 3516 478; x_wconf 89' lang='lat' dir='ltr'>illic</span> <span class='ocrx_word' id='word_1_25' title='bbox 3548 426 3731 494; x_wconf 87' lang='lat' dir='ltr'>agunt</span> 
     </span>
    </p>
   </div>
   <div class='ocr_carea' id='block_1_6' title="bbox 301 514 932 585">
    <p class='ocr_par' dir='ltr' id='par_1_6' title="bbox 301 514 932 585">
     <span class='ocr_line' id='line_1_6' title="bbox 301 514 932 585; baseline -0.016 -13"><span class='ocrx_word' id='word_1_26' title='bbox 301 515 669 577; x_wconf 77' lang='grc' dir='ltr'>απελθουσῶν</span> <span class='ocrx_word' id='word_1_27' title='bbox 697 514 892 585; x_wconf 86' lang='grc' dir='ltr'>ψυχῶν</span> <span class='ocrx_word' id='word_1_28' title='bbox 919 527 932 578; x_wconf 87' lang='grc'><strong>;</strong></span> 
     </span>
    </p>
   </div>
   <div class='ocr_carea' id='block_1_7' title="bbox 385 593 1964 674">
    <p class='ocr_par' dir='ltr' id='par_1_7' title="bbox 385 593 1964 674">
     <span class='ocr_line' id='line_1_7' title="bbox 385 593 1964 674; baseline -0.006 -15"><span class='ocrx_word' id='word_1_29' title='bbox 385 602 580 661; x_wconf 82' lang='grc' dir='ltr'>Ἀπόκ.</span> <span class='ocrx_word' id='word_1_30' title='bbox 617 601 785 674; x_wconf 75' lang='grc' dir='ltr'>Ψυχὴ</span> <span class='ocrx_word' id='word_1_31' title='bbox 822 602 1074 670; x_wconf 81' lang='grc' dir='ltr'>σώματος</span> <span class='ocrx_word' id='word_1_32' title='bbox 1128 593 1529 672; x_wconf 70' lang='grc' dir='ltr'>ἀπηλλαγμένη</span> <span class='ocrx_word' id='word_1_33' title='bbox 1591 595 1712 652; x_wconf 75' lang='grc' dir='ltr'>οὕτε</span> <span class='ocrx_word' id='word_1_34' title='bbox 1766 595 1964 670; x_wconf 80' lang='grc' dir='ltr'>ἀγαθόν</span> 
     </span>
    </p>
   </div>
   <div class='ocr_carea' id='block_1_8' title="bbox 307 685 1963 765">
    <p class='ocr_par' dir='ltr' id='par_1_8' title="bbox 307 685 1963 765">
     <span class='ocr_line' id='line_1_8' title="bbox 307 685 1963 765; baseline -0.005 -17"><span class='ocrx_word' id='word_1_35' title='bbox 307 714 361 748; x_wconf 90' lang='grc' dir='ltr'>τι</span> <span class='ocrx_word' id='word_1_36' title='bbox 396 691 525 748; x_wconf 71' lang='grc' dir='ltr'>οὔτε</span> <span class='ocrx_word' id='word_1_37' title='bbox 552 691 794 765; x_wconf 82' lang='grc' dir='ltr'>πονηρὸν</span> <span class='ocrx_word' id='word_1_38' title='bbox 829 686 1214 762; x_wconf 76' lang='grc' dir='ltr'>διαπράξασθαι</span> <span class='ocrx_word' id='word_1_39' title='bbox 1248 685 1490 746; x_wconf 69' lang='grc' dir='ltr'>δύναται.</span> <span class='ocrx_word' id='word_1_40' title='bbox 1523 688 1585 745; x_wconf 72' lang='lat' dir='ltr'>Ai</span> <span class='ocrx_word' id='word_1_41' title='bbox 1634 687 1738 762; x_wconf 81' lang='grc' dir='ltr'>γὰρ</span> <span class='ocrx_word' id='word_1_42' title='bbox 1797 686 1963 740; x_wconf 83' lang='grc' dir='ltr'>ὀπτα-</span> 
     </span>
    </p>
   </div>
   <div class='ocr_carea' id='block_1_9' title="bbox 310 774 1967 854">
    <p class='ocr_par' dir='ltr' id='par_1_9' title="bbox 310 774 1967 854">
     <span class='ocr_line' id='line_1_9' title="bbox 310 774 1967 854; baseline -0.004 -18"><span class='ocrx_word' id='word_1_43' title='bbox 310 781 448 854; x_wconf 72' lang='grc' dir='ltr'>σίαι,</span> <span class='ocrx_word' id='word_1_44' title='bbox 480 779 544 842; x_wconf 78' lang='grc' dir='ltr'>’ὰς</span> <span class='ocrx_word' id='word_1_45' title='bbox 604 776 866 854; x_wconf 70' lang='grc' dir='ltr'>βλέπουσί</span> <span class='ocrx_word' id='word_1_46' title='bbox 915 778 1026 849; x_wconf 79' lang='grc'>(43)</span> <span class='ocrx_word' id='word_1_47' title='bbox 1052 797 1193 838; x_wconf 87' lang='grc' dir='ltr'>τινες</span> <span class='ocrx_word' id='word_1_48' title='bbox 1251 775 1375 852; x_wconf 79' lang='grc' dir='ltr'>περὶ</span> <span class='ocrx_word' id='word_1_49' title='bbox 1429 781 1534 830; x_wconf 85' lang='grc' dir='ltr'>τῶν</span> <span class='ocrx_word' id='word_1_50' title='bbox 1596 775 1786 847; x_wconf 81' lang='grc' dir='ltr'>ἐκεῖσε,</span> <span class='ocrx_word' id='word_1_51' title='bbox 1819 774 1967 829; x_wconf 80' lang='grc' dir='ltr'>οἱκο-</span> 
     </span>
    </p>
   </div>
   <div class='ocr_carea' id='block_1_10' title="bbox 305 862 1962 943">
    <p class='ocr_par' dir='ltr' id='par_1_10' title="bbox 305 862 1962 943">
     <span class='ocr_line' id='line_1_10' title="bbox 305 862 1962 943; baseline -0.003 -19"><span class='ocrx_word' id='word_1_52' title='bbox 305 873 562 943; x_wconf 79' lang='grc' dir='ltr'>νομικῶς</span> <span class='ocrx_word' id='word_1_53' title='bbox 616 869 644 921; x_wconf 85' lang='grc' dir='ltr'>ὁ</span> <span class='ocrx_word' id='word_1_54' title='bbox 703 867 833 928; x_wconf 87' lang='grc' dir='ltr'>Θεὸς</span> <span class='ocrx_word' id='word_1_55' title='bbox 888 865 1083 926; x_wconf 78' lang='grc' dir='ltr'>ταύτας</span> <span class='ocrx_word' id='word_1_56' title='bbox 1156 862 1390 918; x_wconf 76' lang='grc' dir='ltr'>δείκνυσι</span> <span class='ocrx_word' id='word_1_57' title='bbox 1472 864 1608 938; x_wconf 84' lang='grc' dir='ltr'>πρὸς</span> <span class='ocrx_word' id='word_1_58' title='bbox 1675 862 1962 942; x_wconf 73' lang='grc' dir='ltr'>ὠφέλειαν.</span> 
     </span>
    </p>
   </div>
   <div class='ocr_carea' id='block_1_11' title="bbox 309 949 1966 1033">
    <p class='ocr_par' dir='ltr' id='par_1_11' title="bbox 309 949 1966 1033">
     <span class='ocr_line' id='line_1_11' title="bbox 309 949 1966 1033; baseline -0.004 -20"><span class='ocrx_word' id='word_1_59' title='bbox 309 963 520 1032; x_wconf 71' lang='grc' dir='ltr'>’Ὠσπερ</span> <span class='ocrx_word' id='word_1_60' title='bbox 567 957 669 1033; x_wconf 71' lang='grc' dir='ltr'>γὰρ</span> <span class='ocrx_word' id='word_1_61' title='bbox 721 957 758 1024; x_wconf 81' lang='grc' dir='ltr'><strong>ἡ</strong></span> <span class='ocrx_word' id='word_1_62' title='bbox 805 953 966 1028; x_wconf 75' lang='grc' dir='ltr'>λύρα,</span> <span class='ocrx_word' id='word_1_63' title='bbox 996 953 1082 1007; x_wconf 71' lang='grc' dir='ltr'>ἐὰν</span> <span class='ocrx_word' id='word_1_64' title='bbox 1134 953 1209 1025; x_wconf 76' lang='grc' dir='ltr'>μὴ</span> <span class='ocrx_word' id='word_1_65' title='bbox 1257 949 1360 1026; x_wconf 78' lang='grc' dir='ltr'>ἔχῃ</span> <span class='ocrx_word' id='word_1_66' title='bbox 1391 953 1480 1007; x_wconf 84' lang='grc' dir='ltr'>τὸν</span> <span class='ocrx_word' id='word_1_67' title='bbox 1514 951 1796 1028; x_wconf 79' lang='grc' dir='ltr'>κρούοντα,</span> <span class='ocrx_word' id='word_1_68' title='bbox 1829 951 1966 1027; x_wconf 77' lang='grc' dir='ltr'>ἀργὴ</span> 
     </span>
    </p>
   </div>
   <div class='ocr_carea' id='block_1_12' title="bbox 310 1040 1965 1124">
    <p class='ocr_par' dir='ltr' id='par_1_12' title="bbox 310 1040 1965 1124">
     <span class='ocr_line' id='line_1_12' title="bbox 310 1040 1965 1124; baseline -0.006 -20"><span class='ocrx_word' id='word_1_69' title='bbox 310 1051 508 1124; x_wconf 76' lang='grc' dir='ltr'>ὁρᾶται</span> <span class='ocrx_word' id='word_1_70' title='bbox 541 1047 630 1100; x_wconf 81' lang='grc' dir='ltr'>καὶ</span> <span class='ocrx_word' id='word_1_71' title='bbox 661 1043 956 1118; x_wconf 82' lang='grc' dir='ltr'>ἄπρακτος·</span> <span class='ocrx_word' id='word_1_72' title='bbox 988 1041 1132 1096; x_wconf 82' lang='grc' dir='ltr'>οὕτω</span> <span class='ocrx_word' id='word_1_73' title='bbox 1162 1040 1250 1096; x_wconf 84' lang='grc' dir='ltr'>καὶ</span> <span class='ocrx_word' id='word_1_74' title='bbox 1283 1044 1314 1111; x_wconf 78' lang='grc' dir='ltr'>ἡ</span> <span class='ocrx_word' id='word_1_75' title='bbox 1349 1042 1502 1116; x_wconf 81' lang='grc' dir='ltr'>ψυχή</span> <span class='ocrx_word' id='word_1_76' title='bbox 1537 1040 1628 1096; x_wconf 84' lang='grc' dir='ltr'>καὶ</span> <span class='ocrx_word' id='word_1_77' title='bbox 1671 1041 1734 1096; x_wconf 87' lang='grc' dir='ltr'>τὸ</span> <span class='ocrx_word' id='word_1_78' title='bbox 1787 1045 1965 1114; x_wconf 82' lang='grc' dir='ltr'>σῶμα,</span> 
     </span>
    </p>
   </div>
   <div class='ocr_carea' id='block_1_13' title="bbox 310 1127 1966 1208">
    <p class='ocr_par' dir='ltr' id='par_1_13' title="bbox 310 1127 1966 1208">
     <span class='ocr_line' id='line_1_13' title="bbox 310 1127 1966 1208; baseline -0.003 -17"><span class='ocrx_word' id='word_1_79' title='bbox 310 1137 365 1208; x_wconf 77' lang='grc' dir='ltr'><strong>ἐξ</strong></span> <span class='ocrx_word' id='word_1_80' title='bbox 419 1133 688 1206; x_wconf 74' lang='grc' dir='ltr'>ἀλλήλων</span> <span class='ocrx_word' id='word_1_81' title='bbox 731 1133 1097 1208; x_wconf 66' lang='grc' dir='ltr'>χωρισθέντα,</span> <span class='ocrx_word' id='word_1_82' title='bbox 1152 1129 1303 1186; x_wconf 77' lang='grc' dir='ltr'>οὐδὲν</span> <span class='ocrx_word' id='word_1_83' title='bbox 1355 1130 1639 1205; x_wconf 82' lang='grc' dir='ltr'>ἐνεργῆσαι</span> <span class='ocrx_word' id='word_1_84' title='bbox 1698 1127 1966 1187; x_wconf 67' lang='grc' dir='ltr'>δύνανται.</span> 
     </span>
    </p>
   </div>
   <div class='ocr_carea' id='block_1_14' title="bbox 306 1218 1968 1301">
    <p class='ocr_par' dir='ltr' id='par_1_14' title="bbox 306 1218 1968 1301">
     <span class='ocr_line' id='line_1_14' title="bbox 306 1218 1968 1301; baseline -0.004 -21"><span class='ocrx_word' id='word_1_85' title='bbox 306 1228 381 1284; x_wconf 74' lang='grc' dir='ltr'><strong>Αἱ</strong></span> <span class='ocrx_word' id='word_1_86' title='bbox 417 1229 552 1301; x_wconf 72' lang='grc' dir='ltr'>γοῦν</span> <span class='ocrx_word' id='word_1_87' title='bbox 585 1227 692 1278; x_wconf 82' lang='grc' dir='ltr'>τῶν</span> <span class='ocrx_word' id='word_1_88' title='bbox 727 1222 892 1298; x_wconf 79' lang='grc' dir='ltr'>ἁγίων</span> <span class='ocrx_word' id='word_1_89' title='bbox 929 1221 1124 1296; x_wconf 74' lang='grc' dir='ltr'>ψυχαὶ,</span> <span class='ocrx_word' id='word_1_90' title='bbox 1159 1220 1260 1275; x_wconf 84' lang='grc' dir='ltr'>ὑπὸ</span> <span class='ocrx_word' id='word_1_91' title='bbox 1309 1223 1403 1274; x_wconf 74' lang='grc' dir='ltr'>τοῦ</span> <span class='ocrx_word' id='word_1_92' title='bbox 1450 1219 1604 1294; x_wconf 77' lang='grc' dir='ltr'>ἁγίου</span> <span class='ocrx_word' id='word_1_93' title='bbox 1653 1218 1968 1293; x_wconf 74' lang='grc' dir='ltr'>ΣΙνεύματος</span> 
     </span>
    </p>
   </div>
   <div class='ocr_carea' id='block_1_15' title="bbox 311 1307 1968 1388">
    <p class='ocr_par' dir='ltr' id='par_1_15' title="bbox 311 1307 1968 1388">
     <span class='ocr_line' id='line_1_15' title="bbox 311 1307 1968 1388; baseline -0.005 -18"><span class='ocrx_word' id='word_1_94' title='bbox 311 1313 724 1388; x_wconf 72' lang='grc' dir='ltr'>ἐνεργούμεναι,</span> <span class='ocrx_word' id='word_1_95' title='bbox 760 1310 896 1384; x_wconf 80' lang='grc' dir='ltr'>μετᾶ</span> <span class='ocrx_word' id='word_1_96' title='bbox 941 1308 1186 1386; x_wconf 70' lang='grc' dir='ltr'>ἀγγέλων</span> <span class='ocrx_word' id='word_1_97' title='bbox 1240 1307 1290 1363; x_wconf 81' lang='grc' dir='ltr'>ἐν</span> <span class='ocrx_word' id='word_1_98' title='bbox 1349 1309 1509 1384; x_wconf 82' lang='grc' dir='ltr'>χώρᾳ</span> <span class='ocrx_word' id='word_1_99' title='bbox 1563 1308 1776 1378; x_wconf 81' lang='grc' dir='ltr'>ζώντων</span> <span class='ocrx_word' id='word_1_100' title='bbox 1839 1309 1968 1365; x_wconf 83' lang='grc' dir='ltr'>Θεὸν</span> 
     </span>
    </p>
   </div>
   <div class='ocr_carea' id='block_1_16' title="bbox 315 1397 1063 1476">
    <p class='ocr_par' dir='ltr' id='par_1_16' title="bbox 315 1397 1063 1476">
     <span class='ocr_line' id='line_1_16' title="bbox 315 1397 1063 1476; baseline -0.005 -18"><span class='ocrx_word' id='word_1_101' title='bbox 315 1400 554 1476; x_wconf 74' lang='grc' dir='ltr'>ὑμνοῦσι</span> <span class='ocrx_word' id='word_1_102' title='bbox 585 1401 677 1457; x_wconf 71' lang='grc' dir='ltr'>καὶ</span> <span class='ocrx_word' id='word_1_103' title='bbox 709 1397 1063 1475; x_wconf 77' lang='grc' dir='ltr'>ἀγάλλονται.</span> 
     </span>
    </p>
   </div>
   <div class='ocr_carea' id='block_1_17' title="bbox 390 1486 1973 1567">
    <p class='ocr_par' dir='ltr' id='par_1_17' title="bbox 390 1486 1973 1567">
     <span class='ocr_line' id='line_1_17' title="bbox 390 1486 1973 1567; baseline -0.002 -20"><span class='ocrx_word' id='word_1_104' title='bbox 390 1493 592 1567; x_wconf 85' lang='grc' dir='ltr'>Ἐρὼτ.</span> <span class='ocrx_word' id='word_1_105' title='bbox 626 1488 727 1547; x_wconf 82' lang='grc' dir='ltr'>λδ.</span> <span class='ocrx_word' id='word_1_106' title='bbox 761 1490 828 1546; x_wconf 76' lang='grc' dir='ltr'>Τί</span> <span class='ocrx_word' id='word_1_107' title='bbox 868 1487 998 1558; x_wconf 72' lang='grc' dir='ltr'>οὗν;</span> <span class='ocrx_word' id='word_1_108' title='bbox 1034 1487 1133 1542; x_wconf 80' lang='grc' dir='ltr'>οὐκ</span> <span class='ocrx_word' id='word_1_109' title='bbox 1183 1486 1525 1542; x_wconf 74' lang='grc' dir='ltr'>αἰσθάνονταί</span> <span class='ocrx_word' id='word_1_110' title='bbox 1573 1509 1716 1550; x_wconf 90' lang='grc' dir='ltr'>τινος</span> <span class='ocrx_word' id='word_1_111' title='bbox 1762 1487 1973 1563; x_wconf 79' lang='grc' dir='ltr'>εὐεργε-</span> 
     </span>
    </p>
   </div>
   <div class='ocr_carea' id='block_1_18' title="bbox 314 1574 1972 1653">
    <p class='ocr_par' dir='ltr' id='par_1_18' title="bbox 314 1574 1972 1653">
     <span class='ocr_line' id='line_1_18' title="bbox 314 1574 1972 1653; baseline -0.002 -17"><span class='ocrx_word' id='word_1_112' title='bbox 314 1584 442 1644; x_wconf 83' lang='grc' dir='ltr'>σίας</span> <span class='ocrx_word' id='word_1_113' title='bbox 494 1581 588 1635; x_wconf 84' lang='grc' dir='ltr'>καὶ</span> <span class='ocrx_word' id='word_1_114' title='bbox 630 1581 685 1634; x_wconf 69' lang='grc' dir='ltr'>αἱ</span> <span class='ocrx_word' id='word_1_115' title='bbox 729 1584 838 1634; x_wconf 89' lang='grc' dir='ltr'>τῶν</span> <span class='ocrx_word' id='word_1_116' title='bbox 888 1574 1235 1653; x_wconf 79' lang='grc' dir='ltr'>ἁμαρτωλῶν</span> <span class='ocrx_word' id='word_1_117' title='bbox 1285 1577 1482 1653; x_wconf 78' lang='grc' dir='ltr'>ψυχαὶ,</span> <span class='ocrx_word' id='word_1_118' title='bbox 1512 1577 1807 1651; x_wconf 69' lang='grc' dir='ltr'>γινομένων</span> <span class='ocrx_word' id='word_1_119' title='bbox 1842 1577 1972 1653; x_wconf 74' lang='grc' dir='ltr'>ὑπὲρ</span> 
     </span>
    </p>
   </div>
   <div class='ocr_carea' id='block_1_19' title="bbox 317 1665 1706 1744">
    <p class='ocr_par' dir='ltr' id='par_1_19' title="bbox 317 1665 1706 1744">
     <span class='ocr_line' id='line_1_19' title="bbox 317 1665 1706 1744; baseline -0.004 -18"><span class='ocrx_word' id='word_1_120' title='bbox 317 1671 501 1726; x_wconf 74' lang='grc' dir='ltr'>αὐτῶν</span> <span class='ocrx_word' id='word_1_121' title='bbox 532 1670 790 1740; x_wconf 77' lang='grc' dir='ltr'>συνάξεων</span> <span class='ocrx_word' id='word_1_122' title='bbox 824 1667 914 1722; x_wconf 85' lang='grc' dir='ltr'>καὶ</span> <span class='ocrx_word' id='word_1_123' title='bbox 947 1666 1180 1722; x_wconf 77' lang='grc' dir='ltr'>εὐποιῶν</span> <span class='ocrx_word' id='word_1_124' title='bbox 1213 1665 1302 1721; x_wconf 79' lang='grc' dir='ltr'>καὶ</span> <span class='ocrx_word' id='word_1_125' title='bbox 1333 1671 1657 1744; x_wconf 75' lang='grc' dir='ltr'>προσφορῶν</span> <span class='ocrx_word' id='word_1_126' title='bbox 1692 1684 1706 1737; x_wconf 84' lang='grc'>;</span> 
     </span>
    </p>
   </div>
   <div class='ocr_carea' id='block_1_20' title="bbox 391 1752 2055 1859">
    <p class='ocr_par' dir='ltr' id='par_1_20' title="bbox 391 1752 2055 1859">
     <span class='ocr_line' id='line_1_20' title="bbox 391 1752 2055 1859; baseline -0.002 -45"><span class='ocrx_word' id='word_1_127' title='bbox 391 1759 589 1814; x_wconf 49' lang='grc' dir='ltr'>’Διὶ-τάκ.</span> <span class='ocrx_word' id='word_1_128' title='bbox 624 1757 688 1812; x_wconf 80' lang='grc' dir='ltr'>Εἰ</span> <span class='ocrx_word' id='word_1_129' title='bbox 724 1759 799 1831; x_wconf 81' lang='grc' dir='ltr'>μή</span> <span class='ocrx_word' id='word_1_130' title='bbox 829 1777 970 1818; x_wconf 87' lang='grc' dir='ltr'>τινες</span> <span class='ocrx_word' id='word_1_131' title='bbox 1002 1755 1301 1832; x_wconf 78' lang='grc' dir='ltr'>εὐεργεσίας</span> <span class='ocrx_word' id='word_1_132' title='bbox 1336 1761 1589 1832; x_wconf 81' lang='grc' dir='ltr'>μετεῖχον</span> <span class='ocrx_word' id='word_1_133' title='bbox 1648 1752 1708 1810; x_wconf 80' lang='grc' dir='ltr'>ἐκ</span> <span class='ocrx_word' id='word_1_134' title='bbox 1753 1754 1973 1826; x_wconf 77' lang='grc' dir='ltr'>τούτου,</span> <span class='ocrx_word' id='word_1_135' title='bbox 2008 1792 2055 1859; x_wconf 75' lang='grc' dir='ltr'><strong>Β</strong></span> 
     </span>
     <span class='ocr_line' id='line_1_21' title="bbox 467 1842 1831 1859; baseline 0 0"><span class='ocrx_word' id='word_1_136' title='bbox 467 1848 489 1859; x_wconf 81' lang='grc'>.,</span> <span class='ocrx_word' id='word_1_137' title='bbox 568 1849 575 1859; x_wconf 95' lang='grc'><em>.</em></span> <span class='ocrx_word' id='word_1_138' title='bbox 681 1848 711 1859; x_wconf 82' lang='lat'>..</span> <span class='ocrx_word' id='word_1_139' title='bbox 1025 1842 1082 1859; x_wconf 56' lang='grc' dir='ltr'>κ-</span> <span class='ocrx_word' id='word_1_140' title='bbox 1124 1843 1137 1859; x_wconf 79' lang='lat'><strong>.</strong></span> <span class='ocrx_word' id='word_1_141' title='bbox 1413 1844 1426 1859; x_wconf 76' lang='grc' dir='ltr'>ι</span> <span class='ocrx_word' id='word_1_142' title='bbox 1607 1845 1651 1859; x_wconf 81' lang='lat'><strong>..</strong></span> <span class='ocrx_word' id='word_1_143' title='bbox 1676 1844 1765 1859; x_wconf 63' lang='grc' dir='ltr'>μ,</span> <span class='ocrx_word' id='word_1_144' title='bbox 1805 1843 1831 1859; x_wconf 85' lang='lat'>..</span> 
     </span>
    </p>
   </div>
   <div class='ocr_carea' id='block_1_21' title="bbox 320 1842 1974 1922">
    <p class='ocr_par' dir='ltr' id='par_1_21' title="bbox 320 1842 1974 1922">
     <span class='ocr_line' id='line_1_22' title="bbox 320 1842 1974 1922; baseline -0.003 -18"><span class='ocrx_word' id='word_1_145' title='bbox 320 1849 426 1905; x_wconf 66' lang='grc' dir='ltr'>οὐκ</span> <span class='ocrx_word' id='word_1_146' title='bbox 465 1848 524 1903; x_wconf 76' lang='grc' dir='ltr'>ἃν</span> <span class='ocrx_word' id='word_1_147' title='bbox 559 1849 610 1902; x_wconf 77' lang='grc' dir='ltr'>ἐν</span> <span class='ocrx_word' id='word_1_148' title='bbox 642 1848 711 1920; x_wconf 76' lang='grc' dir='ltr'>τῇ</span> <span class='ocrx_word' id='word_1_149' title='bbox 738 1842 1088 1922; x_wconf 76' lang='grc' dir='ltr'>προσκομιδῇ</span> <span class='ocrx_word' id='word_1_150' title='bbox 1118 1843 1254 1916; x_wconf 87' lang='grc' dir='ltr'>ἐμνη</span> <span class='ocrx_word' id='word_1_151' title='bbox 1269 1844 1581 1918; x_wconf 75' lang='grc' dir='ltr'>μονεύοντο.</span> <span class='ocrx_word' id='word_1_152' title='bbox 1607 1844 1765 1900; x_wconf 83' lang='grc' dir='ltr'>Ἀλλ’</span> <span class='ocrx_word' id='word_1_153' title='bbox 1794 1843 1974 1920; x_wconf 74' lang='grc' dir='ltr'>ὥσπερ</span> 
     </span>
    </p>
   </div>
   <div class='ocr_carea' id='block_1_22' title="bbox 321 1932 1974 2010">
    <p class='ocr_par' dir='ltr' id='par_1_22' title="bbox 321 1932 1974 2010">
     <span class='ocr_line' id='line_1_23' title="bbox 321 1932 1974 2010; baseline -0.004 -16"><span class='ocrx_word' id='word_1_154' title='bbox 321 1938 453 1994; x_wconf 65' lang='grc' dir='ltr'>ὅταν</span> <span class='ocrx_word' id='word_1_155' title='bbox 493 1933 802 2010; x_wconf 68' lang='grc' dir='ltr'>ἠᾶμπελος</span> <span class='ocrx_word' id='word_1_156' title='bbox 859 1935 1010 1990; x_wconf 81' lang='grc' dir='ltr'>ἀνθεῖ</span> <span class='ocrx_word' id='word_1_157' title='bbox 1066 1932 1168 2004; x_wconf 80' lang='grc' dir='ltr'>ἔξω</span> <span class='ocrx_word' id='word_1_158' title='bbox 1225 1934 1276 1988; x_wconf 81' lang='grc' dir='ltr'>ἐν</span> <span class='ocrx_word' id='word_1_159' title='bbox 1329 1938 1408 2006; x_wconf 83' lang='grc' dir='ltr'>τῷ</span> <span class='ocrx_word' id='word_1_160' title='bbox 1463 1934 1636 2010; x_wconf 80' lang='grc' dir='ltr'>ἀγρῷ,</span> <span class='ocrx_word' id='word_1_161' title='bbox 1669 1933 1974 1998; x_wconf 75' lang='grc' dir='ltr'>αῗσθάνεται</span> 
     </span>
    </p>
   </div>
   <div class='ocr_carea' id='block_1_23' title="bbox 322 2022 1974 2098">
    <p class='ocr_par' dir='ltr' id='par_1_23' title="bbox 322 2022 1974 2098">
     <span class='ocr_line' id='line_1_24' title="bbox 322 2022 1974 2098; baseline -0.002 -16"><span class='ocrx_word' id='word_1_162' title='bbox 322 2026 384 2083; x_wconf 81' lang='grc' dir='ltr'>δὲ</span> <span class='ocrx_word' id='word_1_163' title='bbox 442 2033 546 2096; x_wconf 82' lang='grc' dir='ltr'>τῆς</span> <span class='ocrx_word' id='word_1_164' title='bbox 605 2025 783 2098; x_wconf 80' lang='grc' dir='ltr'>ὀσμῆς</span> <span class='ocrx_word' id='word_1_165' title='bbox 837 2024 1000 2092; x_wconf 70' lang='grc' dir='ltr'>αὐτῆς</span> <span class='ocrx_word' id='word_1_166' title='bbox 1060 2024 1088 2077; x_wconf 90' lang='grc' dir='ltr'>ὁ</span> <span class='ocrx_word' id='word_1_167' title='bbox 1145 2022 1638 2096; x_wconf 71' lang='grc' dir='ltr'>ἀποκεκλεισμένος</span> <span class='ocrx_word' id='word_1_168' title='bbox 1687 2023 1855 2095; x_wconf 78' lang='grc' dir='ltr'>οἶνος,</span> <span class='ocrx_word' id='word_1_169' title='bbox 1885 2024 1974 2079; x_wconf 82' lang='grc' dir='ltr'>καὶ</span> 
     </span>
    </p>
   </div>
   <div class='ocr_carea' id='block_1_24' title="bbox 319 2112 1973 2190">
    <p class='ocr_par' dir='ltr' id='par_1_24' title="bbox 319 2112 1973 2190">
     <span class='ocr_line' id='line_1_25' title="bbox 319 2112 1973 2190; baseline -0.004 -16"><span class='ocrx_word' id='word_1_170' title='bbox 319 2122 579 2182; x_wconf 81' lang='grc' dir='ltr'>συνανθεῖ</span> <span class='ocrx_word' id='word_1_171' title='bbox 623 2118 711 2171; x_wconf 75' lang='grc' dir='ltr'>καὶ</span> <span class='ocrx_word' id='word_1_172' title='bbox 770 2113 948 2176; x_wconf 82' lang='grc' dir='ltr'>αὐτός·</span> <span class='ocrx_word' id='word_1_173' title='bbox 985 2113 1126 2169; x_wconf 81' lang='grc' dir='ltr'>οὕτω</span> <span class='ocrx_word' id='word_1_174' title='bbox 1184 2112 1290 2169; x_wconf 90' lang='grc' dir='ltr'>νόει</span> <span class='ocrx_word' id='word_1_175' title='bbox 1347 2113 1439 2168; x_wconf 77' lang='grc' dir='ltr'>καὶ</span> <span class='ocrx_word' id='word_1_176' title='bbox 1490 2113 1586 2176; x_wconf 80' lang='grc' dir='ltr'>τὰς</span> <span class='ocrx_word' id='word_1_177' title='bbox 1643 2117 1747 2168; x_wconf 84' lang='grc' dir='ltr'>τῶν</span> <span class='ocrx_word' id='word_1_178' title='bbox 1800 2115 1973 2190; x_wconf 85' lang='grc' dir='ltr'>ἁμαρ-</span> 
     </span>
    </p>
   </div>
   <div class='ocr_carea' id='block_1_25' title="bbox 319 2201 1975 2281">
    <p class='ocr_par' dir='ltr' id='par_1_25' title="bbox 319 2201 1975 2281">
     <span class='ocr_line' id='line_1_26' title="bbox 319 2201 1975 2281; baseline -0.003 -18"><span class='ocrx_word' id='word_1_179' title='bbox 319 2208 524 2264; x_wconf 82' lang='grc' dir='ltr'>τωλῶν</span> <span class='ocrx_word' id='word_1_180' title='bbox 555 2205 735 2281; x_wconf 75' lang='grc' dir='ltr'>ψυχὰς</span> <span class='ocrx_word' id='word_1_181' title='bbox 769 2205 1012 2279; x_wconf 74' lang='grc' dir='ltr'>μετέχειν</span> <span class='ocrx_word' id='word_1_182' title='bbox 1044 2201 1344 2280; x_wconf 82' lang='grc' dir='ltr'>εὐεργεσίας</span> <span class='ocrx_word' id='word_1_183' title='bbox 1399 2203 1545 2265; x_wconf 86' lang='grc' dir='ltr'>τινὸς</span> <span class='ocrx_word' id='word_1_184' title='bbox 1597 2202 1656 2258; x_wconf 79' lang='grc' dir='ltr'>ἐκ</span> <span class='ocrx_word' id='word_1_185' title='bbox 1701 2209 1798 2273; x_wconf 82' lang='grc' dir='ltr'>τῆς</span> <span class='ocrx_word' id='word_1_186' title='bbox 1843 2203 1975 2278; x_wconf 67' lang='grc' dir='ltr'>ὑπὲρ</span> 
     </span>
    </p>
   </div>
   <div class='ocr_carea' id='block_1_26' title="bbox 320 2292 1976 2371">
    <p class='ocr_par' dir='ltr' id='par_1_26' title="bbox 320 2292 1976 2371">
     <span class='ocr_line' id='line_1_27' title="bbox 320 2292 1976 2371; baseline -0.003 -18"><span class='ocrx_word' id='word_1_187' title='bbox 320 2297 508 2353; x_wconf 75' lang='grc' dir='ltr'>αὐτῶν</span> <span class='ocrx_word' id='word_1_188' title='bbox 567 2294 863 2371; x_wconf 71' lang='grc' dir='ltr'>γενομένης</span> <span class='ocrx_word' id='word_1_189' title='bbox 921 2292 1248 2366; x_wconf 72' lang='grc' dir='ltr'>ἀναιμάκτον</span> <span class='ocrx_word' id='word_1_190' title='bbox 1300 2292 1481 2357; x_wconf 78' lang='grc' dir='ltr'>θυσίας</span> <span class='ocrx_word' id='word_1_191' title='bbox 1554 2293 1644 2349; x_wconf 82' lang='grc' dir='ltr'>καὶ</span> <span class='ocrx_word' id='word_1_192' title='bbox 1710 2292 1976 2366; x_wconf 82' lang='grc' dir='ltr'>εὐποιίας,</span> 
     </span>
    </p>
   </div>
   <div class='ocr_carea' id='block_1_27' title="bbox 323 2380 1974 2459">
    <p class='ocr_par' dir='ltr' id='par_1_27' title="bbox 323 2380 1974 2459">
     <span class='ocr_line' id='line_1_28' title="bbox 323 2380 1974 2459; baseline -0.004 -17"><span class='ocrx_word' id='word_1_193' title='bbox 323 2388 402 2449; x_wconf 84' lang='grc' dir='ltr'>ὡς</span> <span class='ocrx_word' id='word_1_194' title='bbox 445 2385 609 2459; x_wconf 86' lang='grc' dir='ltr'>μόνος</span> <span class='ocrx_word' id='word_1_195' title='bbox 640 2383 915 2440; x_wconf 79' lang='grc' dir='ltr'>ἐπίσταται</span> <span class='ocrx_word' id='word_1_196' title='bbox 946 2382 1034 2438; x_wconf 78' lang='grc' dir='ltr'>καὶ</span> <span class='ocrx_word' id='word_1_197' title='bbox 1064 2380 1274 2437; x_wconf 78' lang='grc' dir='ltr'>κελεύει</span> <span class='ocrx_word' id='word_1_198' title='bbox 1306 2382 1334 2436; x_wconf 87' lang='grc' dir='ltr'>ὁ</span> <span class='ocrx_word' id='word_1_199' title='bbox 1365 2381 1580 2452; x_wconf 84' lang='grc' dir='ltr'>ζώντων</span> <span class='ocrx_word' id='word_1_200' title='bbox 1634 2383 1725 2438; x_wconf 80' lang='grc' dir='ltr'>καὶ</span> <span class='ocrx_word' id='word_1_201' title='bbox 1772 2386 1974 2457; x_wconf 83' lang='grc' dir='ltr'>νεκρῶν</span> 
     </span>
    </p>
   </div>
   <div class='ocr_carea' id='block_1_28' title="bbox 323 2472 1176 2546">
    <p class='ocr_par' dir='ltr' id='par_1_28' title="bbox 323 2472 1176 2546">
     <span class='ocr_line' id='line_1_29' title="bbox 323 2472 1176 2546; baseline -0.005 -14"><span class='ocrx_word' id='word_1_202' title='bbox 323 2475 683 2546; x_wconf 77' lang='grc' dir='ltr'>ἐξουσιαστὴς</span> <span class='ocrx_word' id='word_1_203' title='bbox 711 2473 800 2528; x_wconf 81' lang='grc' dir='ltr'>καὶ</span> <span class='ocrx_word' id='word_1_204' title='bbox 833 2472 964 2535; x_wconf 83' lang='grc' dir='ltr'>Θεὸς</span> <span class='ocrx_word' id='word_1_205' title='bbox 992 2473 1176 2544; x_wconf 86' lang='grc' dir='ltr'>ἡμῶν.</span> 
     </span>
    </p>
   </div>
   <div class='ocr_carea' id='block_1_29' title="bbox 403 2559 1980 2641">
    <p class='ocr_par' dir='ltr' id='par_1_29' title="bbox 403 2559 1980 2641">
     <span class='ocr_line' id='line_1_30' title="bbox 403 2559 1973 2587; baseline -0.013 0"><span class='ocrx_word' id='word_1_206' title='bbox 403 2567 415 2587; x_wconf 78' lang='grc' dir='ltr'>ι</span> <span class='ocrx_word' id='word_1_207' title='bbox 525 2564 538 2584; x_wconf 74' lang='grc' dir='ltr'>ι</span> <span class='ocrx_word' id='word_1_208' title='bbox 707 2564 719 2580; x_wconf 77' lang='grc' dir='ltr'>ι</span> <span class='ocrx_word' id='word_1_209' title='bbox 771 2564 792 2584; x_wconf 76' lang='grc' dir='ltr'>τ</span> <span class='ocrx_word' id='word_1_210' title='bbox 972 2559 996 2578; x_wconf 62' lang='grc' dir='ltr'><strong>κ</strong></span> <span class='ocrx_word' id='word_1_211' title='bbox 1138 2559 1150 2576; x_wconf 63' lang='grc' dir='ltr'>ε</span> <span class='ocrx_word' id='word_1_212' title='bbox 1318 2564 1345 2574; x_wconf 74' lang='grc' dir='ltr'>ι..</span> <span class='ocrx_word' id='word_1_213' title='bbox 1764 2559 1774 2575; x_wconf 78' lang='lat'>,</span> <span class='ocrx_word' id='word_1_214' title='bbox 1960 2559 1973 2578; x_wconf 87' lang='lat'>,</span> 
     </span>
     <span class='ocr_line' id='line_1_31' title="bbox 420 2559 1980 2641; baseline -0.004 -21"><span class='ocrx_word' id='word_1_215' title='bbox 420 2571 601 2641; x_wconf 82' lang='grc' dir='ltr'>Ερωτ.</span> <span class='ocrx_word' id='word_1_216' title='bbox 645 2561 740 2619; x_wconf 90' lang='grc' dir='ltr'>λε.</span> <span class='ocrx_word' id='word_1_217' title='bbox 793 2567 911 2637; x_wconf 87' lang='grc' dir='ltr'>Αρα</span> <span class='ocrx_word' id='word_1_218' title='bbox 967 2577 1190 2615; x_wconf 85' lang='grc' dir='ltr'>ουνατον</span> <span class='ocrx_word' id='word_1_219' title='bbox 1246 2581 1468 2636; x_wconf 88' lang='grc' dir='ltr'>γνωναι,</span> <span class='ocrx_word' id='word_1_220' title='bbox 1498 2559 1646 2621; x_wconf 89' lang='grc' dir='ltr'>τίνος</span> <span class='ocrx_word' id='word_1_221' title='bbox 1705 2579 1865 2636; x_wconf 86' lang='grc' dir='ltr'>χαριν</span> <span class='ocrx_word' id='word_1_222' title='bbox 1913 2581 1980 2614; x_wconf 89' lang='grc' dir='ltr'>ου</span> 
     </span>
    </p>
   </div>
   <div class='ocr_carea' id='block_1_30' title="bbox 326 2648 1979 2730">
    <p class='ocr_par' dir='ltr' id='par_1_30' title="bbox 326 2648 1979 2730">
     <span class='ocr_line' id='line_1_32' title="bbox 326 2648 1979 2730; baseline -0.004 -19"><span class='ocrx_word' id='word_1_223' title='bbox 326 2655 716 2730; x_wconf 72' lang='grc' dir='ltr'>συνεχώρησεν</span> <span class='ocrx_word' id='word_1_224' title='bbox 750 2652 780 2706; x_wconf 85' lang='grc' dir='ltr'>ὁ</span> <span class='ocrx_word' id='word_1_225' title='bbox 812 2652 941 2713; x_wconf 85' lang='grc' dir='ltr'>Θεὸς</span> <span class='ocrx_word' id='word_1_226' title='bbox 972 2651 1156 2725; x_wconf 78' lang='grc' dir='ltr'>ψυχήν</span> <span class='ocrx_word' id='word_1_227' title='bbox 1206 2670 1352 2710; x_wconf 87' lang='grc' dir='ltr'>τινος</span> <span class='ocrx_word' id='word_1_228' title='bbox 1394 2653 1502 2704; x_wconf 91' lang='grc' dir='ltr'>τῶν</span> <span class='ocrx_word' id='word_1_229' title='bbox 1553 2648 1663 2704; x_wconf 81' lang='grc' dir='ltr'>ἐκεῖ</span> <span class='ocrx_word' id='word_1_230' title='bbox 1713 2648 1979 2714; x_wconf 83' lang='grc' dir='ltr'>ἀπελθόν-</span> 
     </span>
    </p>
   </div>
   <div class='ocr_carea' id='block_1_31' title="bbox 323 2733 1982 2814">
    <p class='ocr_par' dir='ltr' id='par_1_31' title="bbox 323 2733 1982 2814">
     <span class='ocr_line' id='line_1_33' title="bbox 323 2733 1982 2814; baseline -0.004 -14"><span class='ocrx_word' id='word_1_231' title='bbox 323 2767 440 2800; x_wconf 86' lang='grc' dir='ltr'>των</span> <span class='ocrx_word' id='word_1_232' title='bbox 499 2741 810 2797; x_wconf 75' lang='grc' dir='ltr'>ἐπανελῦεῖν</span> <span class='ocrx_word' id='word_1_233' title='bbox 869 2739 1005 2814; x_wconf 87' lang='grc' dir='ltr'>πρὸς</span> <span class='ocrx_word' id='word_1_234' title='bbox 1061 2740 1232 2810; x_wconf 77' lang='grc' dir='ltr'>ἡμᾶς,</span> <span class='ocrx_word' id='word_1_235' title='bbox 1282 2739 1370 2792; x_wconf 83' lang='grc' dir='ltr'>καὶ</span> <span class='ocrx_word' id='word_1_236' title='bbox 1430 2733 1814 2811; x_wconf 72' lang='grc' dir='ltr'>διηγήσασθαι,</span> <span class='ocrx_word' id='word_1_237' title='bbox 1863 2744 1982 2801; x_wconf 83' lang='grc' dir='ltr'>πῶς</span> 
     </span>
    </p>
   </div>
   <div class='ocr_carea' id='block_1_32' title="bbox 328 2824 1979 2905">
    <p class='ocr_par' dir='ltr' id='par_1_32' title="bbox 328 2824 1979 2905">
     <span class='ocr_line' id='line_1_34' title="bbox 328 2824 1979 2905; baseline -0.002 -18"><span class='ocrx_word' id='word_1_238' title='bbox 328 2835 436 2888; x_wconf 69' lang='grc' dir='ltr'>εἰσι</span> <span class='ocrx_word' id='word_1_239' title='bbox 486 2833 554 2885; x_wconf 74' lang='grc' dir='ltr'>τὰ.</span> <span class='ocrx_word' id='word_1_240' title='bbox 600 2829 896 2905; x_wconf 78' lang='grc' dir='ltr'>πράγματα</span> <span class='ocrx_word' id='word_1_241' title='bbox 943 2827 996 2882; x_wconf 84' lang='grc' dir='ltr'>ἐν</span> <span class='ocrx_word' id='word_1_242' title='bbox 1041 2831 1119 2900; x_wconf 80' lang='grc' dir='ltr'>τῷ</span> <span class='ocrx_word' id='word_1_243' title='bbox 1167 2824 1269 2901; x_wconf 68' lang='grc' dir='ltr'>ᾅδῃ</span> <span class='ocrx_word' id='word_1_244' title='bbox 1322 2829 1451 2899; x_wconf 74' lang='grc'><strong>(44),</strong></span> <span class='ocrx_word' id='word_1_245' title='bbox 1481 2828 1571 2880; x_wconf 81' lang='grc' dir='ltr'>καὶ</span> <span class='ocrx_word' id='word_1_246' title='bbox 1602 2827 1743 2896; x_wconf 80' lang='grc' dir='ltr'>τίςὴ</span> <span class='ocrx_word' id='word_1_247' title='bbox 1776 2828 1979 2903; x_wconf 81' lang='grc' dir='ltr'>ἀνάγκη</span> 
     </span>
    </p>
   </div>
   <div class='ocr_carea' id='block_1_33' title="bbox 327 2920 907 2994">
    <p class='ocr_par' dir='ltr' id='par_1_33' title="bbox 327 2920 907 2994">
     <span class='ocr_line' id='line_1_35' title="bbox 327 2920 907 2994; baseline -0.01 -17"><span class='ocrx_word' id='word_1_248' title='bbox 327 2925 361 2992; x_wconf 78' lang='grc' dir='ltr'><strong>ἠ</strong></span> <span class='ocrx_word' id='word_1_249' title='bbox 399 2923 516 2976; x_wconf 80' lang='grc' dir='ltr'>ἐκεῖ</span> <span class='ocrx_word' id='word_1_250' title='bbox 549 2920 907 2994; x_wconf 44' lang='lat' dir='ltr'>excipias“;</span> 
     </span>
    </p>
   </div>
   <div class='ocr_carea' id='block_1_34' title="bbox 399 3005 1984 3082">
    <p class='ocr_par' dir='ltr' id='par_1_34' title="bbox 399 3005 1984 3082">
     <span class='ocr_line' id='line_1_36' title="bbox 399 3005 1984 3082; baseline -0.005 -14"><span class='ocrx_word' id='word_1_251' title='bbox 399 3011 597 3068; x_wconf 82' lang='grc' dir='ltr'>Ἀπόκ.</span> <span class='ocrx_word' id='word_1_252' title='bbox 631 3008 822 3077; x_wconf 84' lang='grc' dir='ltr'>Πολλή</span> <span class='ocrx_word' id='word_1_253' title='bbox 857 3006 1092 3070; x_wconf 77' lang='grc' dir='ltr'>ἐντεῦθεν</span> <span class='ocrx_word' id='word_1_254' title='bbox 1126 3007 1308 3076; x_wconf 81' lang='grc' dir='ltr'>πλάνη</span> <span class='ocrx_word' id='word_1_255' title='bbox 1344 3006 1396 3060; x_wconf 79' lang='grc' dir='ltr'>ἐν</span> <span class='ocrx_word' id='word_1_256' title='bbox 1437 3010 1517 3078; x_wconf 80' lang='grc' dir='ltr'>τῷ</span> <span class='ocrx_word' id='word_1_257' title='bbox 1563 3005 1668 3082; x_wconf 85' lang='grc' dir='ltr'>βίῳ</span> <span class='ocrx_word' id='word_1_258' title='bbox 1715 3007 1984 3063; x_wconf 83' lang='grc' dir='ltr'>τίκτεσθαι</span> 
     </span>
    </p>
   </div>
   <div class='ocr_carea' id='block_1_35' title="bbox 323 3093 1983 3175">
    <p class='ocr_par' dir='ltr' id='par_1_35' title="bbox 323 3093 1983 3175">
     <span class='ocr_line' id='line_1_37' title="bbox 323 3093 1983 3175; baseline -0.01 -18"><span class='ocrx_word' id='word_1_259' title='bbox 323 3097 558 3175; x_wconf 75' lang='grc' dir='ltr'>ἔμελλε.</span> <span class='ocrx_word' id='word_1_260' title='bbox 592 3095 803 3154; x_wconf 85' lang='grc' dir='ltr'>Πολλοὶ</span> <span class='ocrx_word' id='word_1_261' title='bbox 831 3097 934 3172; x_wconf 76' lang='grc' dir='ltr'>γὰρ</span> <span class='ocrx_word' id='word_1_262' title='bbox 976 3100 1082 3151; x_wconf 89' lang='grc' dir='ltr'>τῶν</span> <span class='ocrx_word' id='word_1_263' title='bbox 1135 3093 1410 3167; x_wconf 83' lang='grc' dir='ltr'>δαιμόνων</span> <span class='ocrx_word' id='word_1_264' title='bbox 1461 3093 1510 3149; x_wconf 84' lang='grc' dir='ltr'>ἐν</span> <span class='ocrx_word' id='word_1_265' title='bbox 1564 3096 1841 3170; x_wconf 71' lang='grc' dir='ltr'>σχήμασιν</span> <span class='ocrx_word' id='word_1_266' title='bbox 1892 3096 1983 3150; x_wconf 83' lang='grc' dir='ltr'>ἀν-</span> 
     </span>
    </p>
   </div>
   <div class='ocr_carea' id='block_1_36' title="bbox 328 3165 2059 3265">
    <p class='ocr_par' dir='ltr' id='par_1_36' title="bbox 328 3165 2059 3265">
     <span class='ocr_line' id='line_1_38' title="bbox 328 3165 2059 3265; baseline -0.002 -22"><span class='ocrx_word' id='word_1_267' title='bbox 328 3165 578 3265; x_wconf 74' lang='grc' dir='ltr'>θρώπων</span> <span class='ocrx_word' id='word_1_268' title='bbox 605 3191 714 3242; x_wconf 82' lang='grc' dir='ltr'>τῶν</span> <span class='ocrx_word' id='word_1_269' title='bbox 744 3165 1120 3259; x_wconf 72' lang='grc' dir='ltr'>κοιμηθέντων</span> <span class='ocrx_word' id='word_1_270' title='bbox 1177 3184 1326 3258; x_wconf 76' lang='grc' dir='ltr'>εἶχον</span> <span class='ocrx_word' id='word_1_271' title='bbox 1390 3184 1982 3259; x_wconf 84' lang='grc' dir='ltr'>μετασχηματίζεσθαι,</span> <span class='ocrx_word' id='word_1_272' title='bbox 2017 3165 2059 3232; x_wconf 78' lang='lat' dir='ltr'>C</span> 
     </span>
    </p>
   </div>
   <div class='ocr_carea' id='block_1_37' title="bbox 323 3271 1984 3350">
    <p class='ocr_par' dir='ltr' id='par_1_37' title="bbox 323 3271 1984 3350">
     <span class='ocr_line' id='line_1_39' title="bbox 323 3271 1984 3350; baseline -0.002 -18"><span class='ocrx_word' id='word_1_273' title='bbox 323 3279 422 3334; x_wconf 71' lang='grc' dir='ltr'>καὶ</span> <span class='ocrx_word' id='word_1_274' title='bbox 485 3273 722 3350; x_wconf 81' lang='grc' dir='ltr'>ἔμελλον</span> <span class='ocrx_word' id='word_1_275' title='bbox 777 3273 838 3329; x_wconf 77' lang='grc' dir='ltr'>ἐκ</span> <span class='ocrx_word' id='word_1_276' title='bbox 885 3278 1089 3349; x_wconf 81' lang='grc' dir='ltr'>νεκρῶν</span> <span class='ocrx_word' id='word_1_277' title='bbox 1147 3271 1437 3348; x_wconf 81' lang='grc' dir='ltr'>ἐγηγὲρθαι</span> <span class='ocrx_word' id='word_1_278' title='bbox 1514 3272 1708 3336; x_wconf 79' lang='grc' dir='ltr'>αὐτοὺς</span> <span class='ocrx_word' id='word_1_279' title='bbox 1789 3273 1984 3348; x_wconf 67' lang='grc' dir='ltr'>λέγειν,</span> 
     </span>
    </p>
   </div>
   <div class='ocr_carea' id='block_1_38' title="bbox 324 3358 1983 3438">
    <p class='ocr_par' dir='ltr' id='par_1_38' title="bbox 324 3358 1983 3438">
     <span class='ocr_line' id='line_1_40' title="bbox 324 3358 1983 3438; baseline -0.002 -17"><span class='ocrx_word' id='word_1_280' title='bbox 324 3367 423 3422; x_wconf 78' lang='grc' dir='ltr'>καὶ</span> <span class='ocrx_word' id='word_1_281' title='bbox 483 3363 670 3420; x_wconf 75' lang='grc' dir='ltr'>πολλὰ</span> <span class='ocrx_word' id='word_1_282' title='bbox 723 3360 894 3437; x_wconf 81' lang='grc' dir='ltr'>ψευδῆ</span> <span class='ocrx_word' id='word_1_283' title='bbox 957 3362 1248 3438; x_wconf 75' lang='grc' dir='ltr'>πράγματα</span> <span class='ocrx_word' id='word_1_284' title='bbox 1305 3360 1393 3416; x_wconf 81' lang='grc' dir='ltr'>καὶ</span> <span class='ocrx_word' id='word_1_285' title='bbox 1443 3358 1692 3434; x_wconf 81' lang='grc' dir='ltr'>δόγματα</span> <span class='ocrx_word' id='word_1_286' title='bbox 1722 3361 1844 3436; x_wconf 80' lang='grc' dir='ltr'>περὶ</span> <span class='ocrx_word' id='word_1_287' title='bbox 1875 3367 1983 3418; x_wconf 85' lang='grc' dir='ltr'>τῶν</span> 
     </span>
    </p>
   </div>
   <div class='ocr_carea' id='block_1_39' title="bbox 327 3448 1986 3529">
    <p class='ocr_par' dir='ltr' id='par_1_39' title="bbox 327 3448 1986 3529">
     <span class='ocr_line' id='line_1_41' title="bbox 327 3448 1986 3529; baseline -0.003 -18"><span class='ocrx_word' id='word_1_288' title='bbox 327 3458 449 3511; x_wconf 75' lang='grc' dir='ltr'>ἐκεῖ</span> <span class='ocrx_word' id='word_1_289' title='bbox 479 3454 633 3529; x_wconf 82' lang='grc' dir='ltr'>εἶχον</span> <span class='ocrx_word' id='word_1_290' title='bbox 664 3455 798 3525; x_wconf 81' lang='grc' dir='ltr'>ἡμῖν</span> <span class='ocrx_word' id='word_1_291' title='bbox 844 3450 1256 3528; x_wconf 71' lang='grc' dir='ltr'>ἐγκατασπεῖραι</span> <span class='ocrx_word' id='word_1_292' title='bbox 1305 3450 1440 3525; x_wconf 86' lang='grc' dir='ltr'>πρὸς</span> <span class='ocrx_word' id='word_1_293' title='bbox 1489 3451 1586 3518; x_wconf 76' lang='grc' dir='ltr'>τήν</span> <span class='ocrx_word' id='word_1_294' title='bbox 1633 3452 1790 3522; x_wconf 82' lang='grc' dir='ltr'>ἡμῶν</span> <span class='ocrx_word' id='word_1_295' title='bbox 1847 3448 1986 3506; x_wconf 78' lang='grc' dir='ltr'>πλά-</span> 
     </span>
    </p>
   </div>
   <div class='ocr_carea' id='block_1_40' title="bbox 327 3540 886 3614">
    <p class='ocr_par' dir='ltr' id='par_1_40' title="bbox 327 3540 886 3614">
     <span class='ocr_line' id='line_1_42' title="bbox 327 3540 886 3614; baseline -0.005 -13"><span class='ocrx_word' id='word_1_296' title='bbox 327 3568 433 3614; x_wconf 83' lang='grc' dir='ltr'>νην</span> <span class='ocrx_word' id='word_1_297' title='bbox 468 3542 558 3598; x_wconf 83' lang='grc' dir='ltr'>καὶ</span> <span class='ocrx_word' id='word_1_298' title='bbox 590 3540 886 3598; x_wconf 81' lang='grc' dir='ltr'>ἀπώλειαν.</span> 
     </span>
    </p>
   </div>
   <div class='ocr_carea' id='block_1_41' title="bbox 407 3627 1982 3711">
    <p class='ocr_par' dir='ltr' id='par_1_41' title="bbox 407 3627 1982 3711">
     <span class='ocr_line' id='line_1_43' title="bbox 407 3627 1982 3711; baseline -0.003 -22"><span class='ocrx_word' id='word_1_299' title='bbox 407 3636 526 3707; x_wconf 75' lang='grc'>(45)</span> <span class='ocrx_word' id='word_1_300' title='bbox 587 3632 780 3706; x_wconf 84' lang='grc' dir='ltr'>Ἑρώτ.</span> <span class='ocrx_word' id='word_1_301' title='bbox 839 3630 941 3694; x_wconf 84' lang='grc' dir='ltr'>λς’.</span> <span class='ocrx_word' id='word_1_302' title='bbox 1004 3627 1212 3685; x_wconf 82' lang='grc' dir='ltr'>Πολλοὶ</span> <span class='ocrx_word' id='word_1_303' title='bbox 1283 3627 1534 3703; x_wconf 77' lang='grc' dir='ltr'>λέγουσιν</span> <span class='ocrx_word' id='word_1_304' title='bbox 1594 3627 1676 3683; x_wconf 74' lang='grc' dir='ltr'>ὅτι</span> <span class='ocrx_word' id='word_1_305' title='bbox 1736 3630 1982 3711; x_wconf 64' lang='grc' dir='ltr'>συνέφερε</span> 
     </span>
    </p>
   </div>
   <div class='ocr_carea' id='block_1_42' title="bbox 313 3715 1979 3796">
    <p class='ocr_par' dir='ltr' id='par_1_42' title="bbox 313 3715 1979 3796">
     <span class='ocr_line' id='line_1_44' title="bbox 313 3715 1979 3796; baseline -0.002 -21"><span class='ocrx_word' id='word_1_306' title='bbox 313 3728 398 3795; x_wconf 80' lang='grc' dir='ltr'>τῷ</span> <span class='ocrx_word' id='word_1_307' title='bbox 457 3720 724 3796; x_wconf 72' lang='grc' dir='ltr'>ἀνθρώπῳ</span> <span class='ocrx_word' id='word_1_308' title='bbox 789 3718 1174 3795; x_wconf 76' lang='grc' dir='ltr'>προγινώσκειν</span> <span class='ocrx_word' id='word_1_309' title='bbox 1232 3718 1330 3786; x_wconf 79' lang='grc' dir='ltr'>τὴν</span> <span class='ocrx_word' id='word_1_310' title='bbox 1391 3715 1598 3793; x_wconf 69' lang='grc' dir='ltr'>ἡμέραν</span> <span class='ocrx_word' id='word_1_311' title='bbox 1657 3723 1757 3787; x_wconf 80' lang='grc' dir='ltr'>τῆς</span> <span class='ocrx_word' id='word_1_312' title='bbox 1816 3717 1979 3773; x_wconf 79' lang='grc' dir='ltr'>αὐτοῦ</span> 
     </span>
    </p>
   </div>
   <div class='ocr_carea' id='block_1_43' title="bbox 313 3812 612 3881">
    <p class='ocr_par' dir='ltr' id='par_1_43' title="bbox 313 3812 612 3881">
     <span class='ocr_line' id='line_1_45' title="bbox 313 3812 612 3881; baseline 0 -13"><span class='ocrx_word' id='word_1_313' title='bbox 313 3812 612 3881; x_wconf 76' lang='grc' dir='ltr'>τελευτῆς.</span> 
     </span>
    </p>
   </div>
   <div class='ocr_carea' id='block_1_44' title="bbox 393 3894 2072 3973">
    <p class='ocr_par' dir='ltr' id='par_1_44' title="bbox 393 3894 2072 3973">
     <span class='ocr_line' id='line_1_46' title="bbox 393 3894 2072 3973; baseline -0.004 -16"><span class='ocrx_word' id='word_1_314' title='bbox 393 3902 597 3958; x_wconf 76' lang='grc' dir='ltr'>³Δπόκ.</span> <span class='ocrx_word' id='word_1_315' title='bbox 646 3899 765 3953; x_wconf 77' lang='grc' dir='ltr'>Ἐὰν</span> <span class='ocrx_word' id='word_1_316' title='bbox 824 3897 998 3952; x_wconf 83' lang='grc' dir='ltr'>πάντα</span> <span class='ocrx_word' id='word_1_317' title='bbox 1035 3895 1173 3973; x_wconf 82' lang='grc' dir='ltr'>πρὸς</span> <span class='ocrx_word' id='word_1_318' title='bbox 1229 3894 1293 3950; x_wconf 86' lang='grc' dir='ltr'>τὸ</span> <span class='ocrx_word' id='word_1_319' title='bbox 1339 3895 1611 3970; x_wconf 71' lang='grc' dir='ltr'>συμφέρον</span> <span class='ocrx_word' id='word_1_320' title='bbox 1663 3897 1691 3951; x_wconf 89' lang='grc' dir='ltr'>ὁ</span> <span class='ocrx_word' id='word_1_321' title='bbox 1746 3896 1876 3959; x_wconf 85' lang='grc' dir='ltr'>Θεὸς</span> <span class='ocrx_word' id='word_1_322' title='bbox 1925 3895 1974 3951; x_wconf 85' lang='grc' dir='ltr'>ἐν</span> <span class='ocrx_word' id='word_1_323' title='bbox 2069 3915 2072 3918; x_wconf 52' lang='grc' dir='ltr'>ί</span> 
     </span>
    </p>
   </div>
   <div class='ocr_carea' id='block_1_45' title="bbox 316 3983 1975 4069">
    <p class='ocr_par' dir='ltr' id='par_1_45' title="bbox 316 3983 1975 4069">
     <span class='ocr_line' id='line_1_47' title="bbox 316 3983 1975 4069; baseline -0.004 -22"><span class='ocrx_word' id='word_1_324' title='bbox 316 3990 489 4069; x_wconf 61' lang='grc' dir='ltr'>σοφίᾳ</span> <span class='ocrx_word' id='word_1_325' title='bbox 519 3987 794 4058; x_wconf 73' lang='grc' dir='ltr'>ἐποίησεν,</span> <span class='ocrx_word' id='word_1_326' title='bbox 826 3983 951 4041; x_wconf 77' lang='grc' dir='ltr'>οὐδὶ</span> <span class='ocrx_word' id='word_1_327' title='bbox 979 3990 1141 4041; x_wconf 79' lang='grc' dir='ltr'>τοῦνο</span> <span class='ocrx_word' id='word_1_328' title='bbox 1172 3984 1424 4047; x_wconf 79' lang='grc' dir='ltr'>ἀσκόπως</span> <span class='ocrx_word' id='word_1_329' title='bbox 1461 3985 1594 4057; x_wconf 75' lang='grc' dir='ltr'>ἡμῖν</span> <span class='ocrx_word' id='word_1_330' title='bbox 1650 3984 1975 4060; x_wconf 61' lang='grc' dir='ltr'>ἀπέκρυψεν.</span> 
     </span>
    </p>
   </div>
   <div class='ocr_carea' id='block_1_46' title="bbox 313 4073 1977 4156">
    <p class='ocr_par' dir='ltr' id='par_1_46' title="bbox 313 4073 1977 4156">
     <span class='ocr_line' id='line_1_48' title="bbox 313 4073 1977 4156; baseline -0.004 -22"><span class='ocrx_word' id='word_1_331' title='bbox 313 4081 382 4137; x_wconf 77' lang='grc' dir='ltr'>ΕΞ</span> <span class='ocrx_word' id='word_1_332' title='bbox 446 4079 550 4156; x_wconf 69' lang='grc' dir='ltr'>γὰρ</span> <span class='ocrx_word' id='word_1_333' title='bbox 584 4075 974 4152; x_wconf 82' lang='grc' dir='ltr'>προεγίνωσκεν</span> <span class='ocrx_word' id='word_1_334' title='bbox 1037 4075 1064 4128; x_wconf 81' lang='grc' dir='ltr'>ὁ</span> <span class='ocrx_word' id='word_1_335' title='bbox 1117 4075 1404 4150; x_wconf 80' lang='grc' dir='ltr'>ἄνθρωπος</span> <span class='ocrx_word' id='word_1_336' title='bbox 1458 4074 1558 4143; x_wconf 77' lang='grc' dir='ltr'>τὴν</span> <span class='ocrx_word' id='word_1_337' title='bbox 1614 4073 1822 4148; x_wconf 71' lang='grc' dir='ltr'>ἡμέραν</span> <span class='ocrx_word' id='word_1_338' title='bbox 1878 4078 1977 4140; x_wconf 80' lang='grc' dir='ltr'>τῆς</span> 
     </span>
    </p>
   </div>
   <div class='ocr_carea' id='block_1_47' title="bbox 315 4159 1976 4238">
    <p class='ocr_par' dir='ltr' id='par_1_47' title="bbox 315 4159 1976 4238">
     <span class='ocr_line' id='line_1_49' title="bbox 315 4159 1976 4238; baseline -0.003 -15"><span class='ocrx_word' id='word_1_339' title='bbox 315 4170 522 4226; x_wconf 71' lang='grc' dir='ltr'>ἑαυτοῦ</span> <span class='ocrx_word' id='word_1_340' title='bbox 568 4165 846 4234; x_wconf 82' lang='grc' dir='ltr'>τελευτῆς,</span> <span class='ocrx_word' id='word_1_341' title='bbox 880 4162 1009 4220; x_wconf 74' lang='grc' dir='ltr'>ὅλον</span> <span class='ocrx_word' id='word_1_342' title='bbox 1055 4165 1148 4219; x_wconf 70' lang='grc' dir='ltr'>τὸν</span> <span class='ocrx_word' id='word_1_343' title='bbox 1204 4163 1319 4238; x_wconf 91' lang='grc' dir='ltr'>βίον</span> <span class='ocrx_word' id='word_1_344' title='bbox 1354 4161 1518 4217; x_wconf 69' lang='grc' dir='ltr'>αὐτοῦ</span> <span class='ocrx_word' id='word_1_345' title='bbox 1548 4159 1775 4236; x_wconf 80' lang='grc' dir='ltr'>ἔμελλεν</span> <span class='ocrx_word' id='word_1_346' title='bbox 1805 4161 1976 4226; x_wconf 83' lang='grc' dir='ltr'>ἀδεῶς</span> 
     </span>
    </p>
   </div>
   <div class='ocr_carea' id='block_1_48' title="bbox 315 4250 1974 4333">
    <p class='ocr_par' dir='ltr' id='par_1_48' title="bbox 315 4250 1974 4333">
     <span class='ocr_line' id='line_1_50' title="bbox 315 4250 1974 4333; baseline -0.004 -20"><span class='ocrx_word' id='word_1_347' title='bbox 315 4253 735 4333; x_wconf 71' lang='grc' dir='ltr'>ἐξαμαρτάνειν,</span> <span class='ocrx_word' id='word_1_348' title='bbox 767 4255 854 4309; x_wconf 83' lang='grc' dir='ltr'>καὶ</span> <span class='ocrx_word' id='word_1_349' title='bbox 886 4254 990 4330; x_wconf 85' lang='grc' dir='ltr'>πρὸ</span> <span class='ocrx_word' id='word_1_350' title='bbox 1018 4251 1114 4308; x_wconf 71' lang='grc' dir='ltr'>δύο</span> <span class='ocrx_word' id='word_1_351' title='bbox 1145 4250 1415 4314; x_wconf 73' lang='grc' dir='ltr'>πολλάκις</span> <span class='ocrx_word' id='word_1_352' title='bbox 1453 4253 1487 4321; x_wconf 69' lang='grc' dir='ltr'><strong>ἢ</strong></span> <span class='ocrx_word' id='word_1_353' title='bbox 1538 4257 1703 4328; x_wconf 90' lang='grc' dir='ltr'>τριῶν</span> <span class='ocrx_word' id='word_1_354' title='bbox 1754 4254 1974 4326; x_wconf 79' lang='grc' dir='ltr'>ἡμερῶν</span> 
     </span>
    </p>
   </div>
   <div class='ocr_carea' id='block_1_49' title="bbox 311 4338 1974 4416">
    <p class='ocr_par' dir='ltr' id='par_1_49' title="bbox 311 4338 1974 4416">
     <span class='ocr_line' id='line_1_51' title="bbox 311 4338 1974 4416; baseline -0.003 -16"><span class='ocrx_word' id='word_1_355' title='bbox 311 4354 424 4416; x_wconf 80' lang='grc' dir='ltr'>τῆς</span> <span class='ocrx_word' id='word_1_356' title='bbox 459 4341 650 4401; x_wconf 65' lang='grc' dir='ltr'>ἑαυτοῦ</span> <span class='ocrx_word' id='word_1_357' title='bbox 697 4342 955 4412; x_wconf 82' lang='grc' dir='ltr'>τελευτῆς</span> <span class='ocrx_word' id='word_1_358' title='bbox 1004 4338 1280 4397; x_wconf 73' lang='grc' dir='ltr'>ἐπιδοῦναι</span> <span class='ocrx_word' id='word_1_359' title='bbox 1331 4340 1490 4395; x_wconf 80' lang='grc' dir='ltr'>αὐτὸν</span> <span class='ocrx_word' id='word_1_360' title='bbox 1542 4340 1619 4402; x_wconf 72' lang='grc' dir='ltr'>εἷς</span> <span class='ocrx_word' id='word_1_361' title='bbox 1671 4341 1974 4414; x_wconf 81' lang='grc' dir='ltr'>μετάνοιαν,</span> 
     </span>
    </p>
   </div>
   <div class='ocr_carea' id='block_1_50' title="bbox 315 4429 1974 4508">
    <p class='ocr_par' dir='ltr' id='par_1_50' title="bbox 315 4429 1974 4508">
     <span class='ocr_line' id='line_1_52' title="bbox 315 4429 1974 4508; baseline -0.004 -17"><span class='ocrx_word' id='word_1_362' title='bbox 315 4433 564 4496; x_wconf 74' lang='grc' dir='ltr'>ἀκούσας</span> <span class='ocrx_word' id='word_1_363' title='bbox 591 4438 689 4488; x_wconf 72' lang='grc' dir='ltr'>τοῦ</span> <span class='ocrx_word' id='word_1_364' title='bbox 737 4436 870 4488; x_wconf 76' lang='grc' dir='ltr'>Θεοῦ</span> <span class='ocrx_word' id='word_1_365' title='bbox 927 4429 1015 4487; x_wconf 78' lang='grc' dir='ltr'>διὰ</span> <span class='ocrx_word' id='word_1_366' title='bbox 1069 4435 1168 4485; x_wconf 83' lang='grc' dir='ltr'>τοῦ</span> <span class='ocrx_word' id='word_1_367' title='bbox 1223 4431 1508 4508; x_wconf 78' lang='grc' dir='ltr'>προφήτου</span> <span class='ocrx_word' id='word_1_368' title='bbox 1567 4429 1836 4502; x_wconf 82' lang='grc' dir='ltr'>εἰπόντος,</span> <span class='ocrx_word' id='word_1_369' title='bbox 1893 4430 1974 4485; x_wconf 82' lang='grc' dir='ltr'>ὅτι</span> 
     </span>
    </p>
   </div>
   <div class='ocr_carea' id='block_1_51' title="bbox 2077 507 3043 580">
    <p class='ocr_par' dir='ltr' id='par_1_51' title="bbox 2077 507 3043 580">
     <span class='ocr_line' id='line_1_53' title="bbox 2077 507 3043 580; baseline -0.002 -16"><span class='ocrx_word' id='word_1_370' title='bbox 2077 507 2286 564; x_wconf 64' lang='lat' dir='ltr'>animis</span> <span class='ocrx_word' id='word_1_371' title='bbox 2318 525 2448 580; x_wconf 71' lang='lat' dir='ltr'>qua:</span> <span class='ocrx_word' id='word_1_372' title='bbox 2474 509 2597 579; x_wconf 87' lang='lat' dir='ltr'>jam</span> <span class='ocrx_word' id='word_1_373' title='bbox 2625 507 3043 564; x_wconf 82' lang='lat' dir='ltr'>decesserunt?</span> 
     </span>
    </p>
   </div>
   <div class='ocr_carea' id='block_1_52' title="bbox 2151 597 3729 670">
    <p class='ocr_par' dir='ltr' id='par_1_52' title="bbox 2151 597 3729 670">
     <span class='ocr_line' id='line_1_54' title="bbox 2151 597 3729 670; baseline 0.001 -18"><span class='ocrx_word' id='word_1_374' title='bbox 2151 598 2320 653; x_wconf 77' lang='lat' dir='ltr'>Resp.</span> <span class='ocrx_word' id='word_1_375' title='bbox 2351 597 2562 654; x_wconf 90' lang='lat' dir='ltr'>Anima</span> <span class='ocrx_word' id='word_1_376' title='bbox 2587 615 2827 670; x_wconf 89' lang='lat' dir='ltr'>corpore</span> <span class='ocrx_word' id='word_1_377' title='bbox 2885 597 3132 654; x_wconf 87' lang='lat' dir='ltr'>liberata</span> <span class='ocrx_word' id='word_1_378' title='bbox 3186 615 3293 654; x_wconf 87' lang='lat' dir='ltr'>nec</span> <span class='ocrx_word' id='word_1_379' title='bbox 3342 599 3562 654; x_wconf 89' lang='lat' dir='ltr'>bonum</span> <span class='ocrx_word' id='word_1_380' title='bbox 3623 615 3729 655; x_wconf 89' lang='lat' dir='ltr'>nec</span> 
     </span>
    </p>
   </div>
   <div class='ocr_carea' id='block_1_53' title="bbox 2077 686 3728 761">
    <p class='ocr_par' dir='ltr' id='par_1_53' title="bbox 2077 686 3728 761">
     <span class='ocr_line' id='line_1_55' title="bbox 2077 686 3728 761; baseline -0.001 -19"><span class='ocrx_word' id='word_1_381' title='bbox 2077 686 2300 742; x_wconf 85' lang='lat' dir='ltr'>malum</span> <span class='ocrx_word' id='word_1_382' title='bbox 2343 691 2534 759; x_wconf 86' lang='lat' dir='ltr'>potest</span> <span class='ocrx_word' id='word_1_383' title='bbox 2579 689 2803 744; x_wconf 83' lang='lat' dir='ltr'>eticere.</span> <span class='ocrx_word' id='word_1_384' title='bbox 2860 687 3006 743; x_wconf 91' lang='lat' dir='ltr'>Nam</span> <span class='ocrx_word' id='word_1_385' title='bbox 3048 686 3302 745; x_wconf 74' lang='lat' dir='ltr'>visiones</span> <span class='ocrx_word' id='word_1_386' title='bbox 3333 704 3482 761; x_wconf 84' lang='lat' dir='ltr'>quas</span> <span class='ocrx_word' id='word_1_387' title='bbox 3513 689 3582 743; x_wconf 91' lang='lat' dir='ltr'>de</span> <span class='ocrx_word' id='word_1_388' title='bbox 3611 686 3728 742; x_wconf 86' lang='lat' dir='ltr'>illis</span> 
     </span>
    </p>
   </div>
   <div class='ocr_carea' id='block_1_54' title="bbox 2077 774 3730 846">
    <p class='ocr_par' dir='ltr' id='par_1_54' title="bbox 2077 774 3730 846">
     <span class='ocr_line' id='line_1_56' title="bbox 2077 774 3730 846; baseline 0.001 -16"><span class='ocrx_word' id='word_1_389' title='bbox 2077 774 2318 846; x_wconf 91' lang='lat' dir='ltr'>quidam</span> <span class='ocrx_word' id='word_1_390' title='bbox 2350 777 2781 841; x_wconf 84' lang='lat' dir='ltr'>cernunt,Deus</span> <span class='ocrx_word' id='word_1_391' title='bbox 2813 777 2884 832; x_wconf 92' lang='lat' dir='ltr'>ad</span> <span class='ocrx_word' id='word_1_392' title='bbox 2916 781 3184 832; x_wconf 89' lang='lat' dir='ltr'>nostrum</span> <span class='ocrx_word' id='word_1_393' title='bbox 3213 777 3593 833; x_wconf 89' lang='lat' dir='ltr'>commodum</span> <span class='ocrx_word' id='word_1_394' title='bbox 3614 775 3730 832; x_wconf 84' lang='lat' dir='ltr'>dis-</span> 
     </span>
    </p>
   </div>
   <div class='ocr_carea' id='block_1_55' title="bbox 2079 865 3726 938">
    <p class='ocr_par' dir='ltr' id='par_1_55' title="bbox 2079 865 3726 938">
     <span class='ocr_line' id='line_1_57' title="bbox 2079 865 3726 938; baseline 0 -18"><span class='ocrx_word' id='word_1_395' title='bbox 2079 868 2302 936; x_wconf 82' lang='lat' dir='ltr'>pensat.</span> <span class='ocrx_word' id='word_1_396' title='bbox 2335 865 2840 931; x_wconf 83' lang='lat' dir='ltr'>Quemadmodum</span> <span class='ocrx_word' id='word_1_397' title='bbox 2872 865 3030 922; x_wconf 89' lang='lat' dir='ltr'>enim</span> <span class='ocrx_word' id='word_1_398' title='bbox 3061 865 3202 938; x_wconf 88' lang='lat' dir='ltr'>lyra,</span> <span class='ocrx_word' id='word_1_399' title='bbox 3237 867 3352 923; x_wconf 86' lang='lat' dir='ltr'>nisi</span> <span class='ocrx_word' id='word_1_400' title='bbox 3391 865 3726 938; x_wconf 79' lang='lat' dir='ltr'>pulsantem</span> 
     </span>
    </p>
   </div>
   <div class='ocr_carea' id='block_1_56' title="bbox 2077 953 3724 1026">
    <p class='ocr_par' dir='ltr' id='par_1_56' title="bbox 2077 953 3724 1026">
     <span class='ocr_line' id='line_1_58' title="bbox 2077 953 3724 1026; baseline 0 -16"><span class='ocrx_word' id='word_1_401' title='bbox 2077 953 2336 1025; x_wconf 89' lang='lat' dir='ltr'>aliquem</span> <span class='ocrx_word' id='word_1_402' title='bbox 2403 958 2574 1010; x_wconf 88' lang='lat' dir='ltr'>nacta</span> <span class='ocrx_word' id='word_1_403' title='bbox 2631 953 2826 1026; x_wconf 87' lang='lat' dir='ltr'>fuerit,</span> <span class='ocrx_word' id='word_1_404' title='bbox 2875 971 3023 1011; x_wconf 90' lang='lat' dir='ltr'>vana</span> <span class='ocrx_word' id='word_1_405' title='bbox 3069 960 3126 1010; x_wconf 87' lang='lat' dir='ltr'>et</span> <span class='ocrx_word' id='word_1_406' title='bbox 3173 955 3399 1011; x_wconf 80' lang='lat' dir='ltr'>inutilis</span> <span class='ocrx_word' id='word_1_407' title='bbox 3444 956 3724 1012; x_wconf 89' lang='lat' dir='ltr'>videtur:</span> 
     </span>
    </p>
   </div>
   <div class='ocr_carea' id='block_1_57' title="bbox 2079 1043 3725 1118">
    <p class='ocr_par' dir='ltr' id='par_1_57' title="bbox 2079 1043 3725 1118">
     <span class='ocr_line' id='line_1_59' title="bbox 2079 1043 3725 1118; baseline 0.001 -20"><span class='ocrx_word' id='word_1_408' title='bbox 2079 1043 2162 1099; x_wconf 87' lang='lat' dir='ltr'>sic</span> <span class='ocrx_word' id='word_1_409' title='bbox 2191 1043 2390 1100; x_wconf 89' lang='lat' dir='ltr'>anima</span> <span class='ocrx_word' id='word_1_410' title='bbox 2433 1049 2490 1100; x_wconf 89' lang='lat' dir='ltr'>et</span> <span class='ocrx_word' id='word_1_411' title='bbox 2535 1060 2748 1116; x_wconf 87' lang='lat' dir='ltr'>corpus</span> <span class='ocrx_word' id='word_1_412' title='bbox 2797 1048 2929 1116; x_wconf 89' lang='lat' dir='ltr'>post</span> <span class='ocrx_word' id='word_1_413' title='bbox 2974 1049 3243 1100; x_wconf 89' lang='lat' dir='ltr'>mutuam</span> <span class='ocrx_word' id='word_1_414' title='bbox 3295 1045 3725 1118; x_wconf 84' lang='lat' dir='ltr'>separationem</span> 
     </span>
    </p>
   </div>
   <div class='ocr_carea' id='block_1_58' title="bbox 2080 1131 3730 1206">
    <p class='ocr_par' dir='ltr' id='par_1_58' title="bbox 2080 1131 3730 1206">
     <span class='ocr_line' id='line_1_60' title="bbox 2080 1131 3730 1206; baseline 0.002 -20"><span class='ocrx_word' id='word_1_415' title='bbox 2080 1131 2228 1187; x_wconf 87' lang='lat' dir='ltr'>nihil</span> <span class='ocrx_word' id='word_1_416' title='bbox 2267 1137 2516 1205; x_wconf 86' lang='lat' dir='ltr'>possunt</span> <span class='ocrx_word' id='word_1_417' title='bbox 2557 1149 2747 1206; x_wconf 90' lang='lat' dir='ltr'>agere.</span> <span class='ocrx_word' id='word_1_418' title='bbox 2800 1137 3005 1206; x_wconf 78' lang='lat' dir='ltr'>Itaque</span> <span class='ocrx_word' id='word_1_419' title='bbox 3052 1138 3391 1190; x_wconf 89' lang='lat' dir='ltr'>sanctorum</span> <span class='ocrx_word' id='word_1_420' title='bbox 3439 1134 3647 1190; x_wconf 84' lang='lat' dir='ltr'>animae</span> <span class='ocrx_word' id='word_1_421' title='bbox 3697 1153 3730 1192; x_wconf 89' lang='lat' dir='ltr'>a</span> 
     </span>
    </p>
   </div>
   <div class='ocr_carea' id='block_1_59' title="bbox 2081 1221 3728 1296">
    <p class='ocr_par' dir='ltr' id='par_1_59' title="bbox 2081 1221 3728 1296">
     <span class='ocr_line' id='line_1_61' title="bbox 2081 1221 3728 1296; baseline 0.002 -18"><span class='ocrx_word' id='word_1_422' title='bbox 2081 1227 2283 1278; x_wconf 87' lang='lat' dir='ltr'>sancto</span> <span class='ocrx_word' id='word_1_423' title='bbox 2319 1221 2538 1294; x_wconf 80' lang='lat' dir='ltr'>Spiritu</span> <span class='ocrx_word' id='word_1_424' title='bbox 2570 1222 2822 1295; x_wconf 76' lang='lat' dir='ltr'>agitatae,</span> <span class='ocrx_word' id='word_1_425' title='bbox 2855 1239 2992 1280; x_wconf 93' lang='lat' dir='ltr'>cum</span> <span class='ocrx_word' id='word_1_426' title='bbox 3023 1223 3249 1296; x_wconf 83' lang='lat' dir='ltr'>angelis</span> <span class='ocrx_word' id='word_1_427' title='bbox 3278 1224 3335 1278; x_wconf 89' lang='lat' dir='ltr'>in</span> <span class='ocrx_word' id='word_1_428' title='bbox 3369 1225 3602 1296; x_wconf 87' lang='lat' dir='ltr'>regione</span> <span class='ocrx_word' id='word_1_429' title='bbox 3643 1225 3728 1281; x_wconf 88' lang='lat' dir='ltr'>vi-</span> 
     </span>
    </p>
   </div>
   <div class='ocr_carea' id='block_1_60' title="bbox 2079 1311 3523 1384">
    <p class='ocr_par' dir='ltr' id='par_1_60' title="bbox 2079 1311 3523 1384">
     <span class='ocr_line' id='line_1_62' title="bbox 2079 1311 3523 1384; baseline 0.001 -17"><span class='ocrx_word' id='word_1_430' title='bbox 2079 1311 2340 1368; x_wconf 88' lang='lat' dir='ltr'>ventium</span> <span class='ocrx_word' id='word_1_431' title='bbox 2370 1317 2552 1368; x_wconf 82' lang='lat' dir='ltr'>Deum</span> <span class='ocrx_word' id='word_1_432' title='bbox 2583 1311 2821 1384; x_wconf 84' lang='lat' dir='ltr'>hymnis</span> <span class='ocrx_word' id='word_1_433' title='bbox 2852 1311 3097 1370; x_wconf 88' lang='lat' dir='ltr'>laudant</span> <span class='ocrx_word' id='word_1_434' title='bbox 3125 1318 3180 1368; x_wconf 88' lang='lat' dir='ltr'>et</span> <span class='ocrx_word' id='word_1_435' title='bbox 3209 1313 3523 1370; x_wconf 83' lang='lat' dir='ltr'>exsultant.</span> 
     </span>
    </p>
   </div>
   <div class='ocr_carea' id='block_1_61' title="bbox 2155 1490 3734 1566">
    <p class='ocr_par' dir='ltr' id='par_1_61' title="bbox 2155 1490 3734 1566">
     <span class='ocr_line' id='line_1_63' title="bbox 2155 1490 3734 1566; baseline 0.003 -19"><span class='ocrx_word' id='word_1_436' title='bbox 2155 1490 2623 1556; x_wconf 60' lang='lat' dir='ltr'>Qums&#39;rXXXIV.</span> <span class='ocrx_word' id='word_1_437' title='bbox 2644 1491 2794 1559; x_wconf 82' lang='lat' dir='ltr'>Quid</span> <span class='ocrx_word' id='word_1_438' title='bbox 2825 1493 3006 1566; x_wconf 84' lang='lat' dir='ltr'>ergo?</span> <span class='ocrx_word' id='word_1_439' title='bbox 3035 1492 3352 1550; x_wconf 88' lang='lat' dir='ltr'>Nullumne</span> <span class='ocrx_word' id='word_1_440' title='bbox 3383 1493 3734 1551; x_wconf 84' lang='lat' dir='ltr'>beneﬁcium</span> 
     </span>
    </p>
   </div>
   <div class='ocr_carea' id='block_1_62' title="bbox 2086 1581 3738 1656">
    <p class='ocr_par' dir='ltr' id='par_1_62' title="bbox 2086 1581 3738 1656">
     <span class='ocr_line' id='line_1_64' title="bbox 2086 1581 3738 1656; baseline 0.001 -19"><span class='ocrx_word' id='word_1_441' title='bbox 2086 1581 2416 1653; x_wconf 88' lang='lat' dir='ltr'>percipiunt</span> <span class='ocrx_word' id='word_1_442' title='bbox 2445 1585 2816 1653; x_wconf 82' lang='lat' dir='ltr'>peccatorum</span> <span class='ocrx_word' id='word_1_443' title='bbox 2847 1582 3078 1651; x_wconf 66' lang='lat' dir='ltr'>animae,</span> <span class='ocrx_word' id='word_1_444' title='bbox 3110 1599 3246 1639; x_wconf 92' lang='lat' dir='ltr'>cum</span> <span class='ocrx_word' id='word_1_445' title='bbox 3275 1600 3379 1654; x_wconf 87' lang='lat' dir='ltr'>pro</span> <span class='ocrx_word' id='word_1_446' title='bbox 3411 1583 3557 1656; x_wconf 89' lang='lat' dir='ltr'>ipsis</span> <span class='ocrx_word' id='word_1_447' title='bbox 3587 1584 3738 1640; x_wconf 82' lang='lat' dir='ltr'>fiunt</span> 
     </span>
    </p>
   </div>
   <div class='ocr_carea' id='block_1_63' title="bbox 2086 1669 3262 1742">
    <p class='ocr_par' dir='ltr' id='par_1_63' title="bbox 2086 1669 3262 1742">
     <span class='ocr_line' id='line_1_65' title="bbox 2086 1669 3262 1742; baseline 0 -16"><span class='ocrx_word' id='word_1_448' title='bbox 2086 1686 2357 1742; x_wconf 74' lang='lat' dir='ltr'>synaxes,</span> <span class='ocrx_word' id='word_1_449' title='bbox 2386 1669 2782 1726; x_wconf 63' lang='lat' dir='ltr'>beneﬁcentiae</span> <span class='ocrx_word' id='word_1_450' title='bbox 2813 1675 2869 1726; x_wconf 92' lang='lat' dir='ltr'>et</span> <span class='ocrx_word' id='word_1_451' title='bbox 2897 1671 3262 1728; x_wconf 82' lang='lat' dir='ltr'>oblationes?</span> 
     </span>
    </p>
   </div>
   <div class='ocr_carea' id='block_1_64' title="bbox 2159 1758 3735 1833">
    <p class='ocr_par' dir='ltr' id='par_1_64' title="bbox 2159 1758 3735 1833">
     <span class='ocr_line' id='line_1_66' title="bbox 2159 1758 3735 1833; baseline 0.003 -18"><span class='ocrx_word' id='word_1_452' title='bbox 2159 1759 2331 1815; x_wconf 75' lang='lat' dir='ltr'>RESP.</span> <span class='ocrx_word' id='word_1_453' title='bbox 2365 1758 2491 1815; x_wconf 84' lang='lat' dir='ltr'>Nisi</span> <span class='ocrx_word' id='word_1_454' title='bbox 2522 1759 2657 1815; x_wconf 90' lang='lat' dir='ltr'>inde</span> <span class='ocrx_word' id='word_1_455' title='bbox 2683 1760 2934 1831; x_wconf 81' lang='lat' dir='ltr'>alicujus</span> <span class='ocrx_word' id='word_1_456' title='bbox 2964 1759 3279 1833; x_wconf 84' lang='lat' dir='ltr'>participes</span> <span class='ocrx_word' id='word_1_457' title='bbox 3318 1764 3516 1818; x_wconf 84' lang='lat' dir='ltr'>essent</span> <span class='ocrx_word' id='word_1_458' title='bbox 3561 1763 3735 1819; x_wconf 82' lang='lat' dir='ltr'>bene-</span> 
     </span>
    </p>
   </div>
   <div class='ocr_carea' id='block_1_65' title="bbox 2085 1848 3735 1917">
    <p class='ocr_par' dir='ltr' id='par_1_65' title="bbox 2085 1848 3735 1917">
     <span class='ocr_line' id='line_1_67' title="bbox 2085 1848 3735 1917; baseline 0.002 -14"><span class='ocrx_word' id='word_1_459' title='bbox 2085 1848 2224 1917; x_wconf 77' lang='lat' dir='ltr'>ficii,</span> <span class='ocrx_word' id='word_1_460' title='bbox 2256 1865 2374 1904; x_wconf 90' lang='lat' dir='ltr'>non</span> <span class='ocrx_word' id='word_1_461' title='bbox 2405 1864 2606 1904; x_wconf 92' lang='lat' dir='ltr'>eorum</span> <span class='ocrx_word' id='word_1_462' title='bbox 2640 1848 2861 1905; x_wconf 87' lang='lat' dir='ltr'>mentio</span> <span class='ocrx_word' id='word_1_463' title='bbox 2893 1849 3058 1905; x_wconf 80' lang='lat' dir='ltr'>ﬁeret</span> <span class='ocrx_word' id='word_1_464' title='bbox 3086 1850 3145 1904; x_wconf 90' lang='lat' dir='ltr'>in</span> <span class='ocrx_word' id='word_1_465' title='bbox 3177 1850 3488 1907; x_wconf 87' lang='lat' dir='ltr'>oblatione.</span> <span class='ocrx_word' id='word_1_466' title='bbox 3525 1851 3735 1908; x_wconf 86' lang='lat' dir='ltr'>Verum</span> 
     </span>
    </p>
   </div>
   <div class='ocr_carea' id='block_1_66' title="bbox 2085 1936 3738 2011">
    <p class='ocr_par' dir='ltr' id='par_1_66' title="bbox 2085 1936 3738 2011">
     <span class='ocr_line' id='line_1_68' title="bbox 2085 1936 3738 2011; baseline 0.002 -18"><span class='ocrx_word' id='word_1_467' title='bbox 2085 1937 2588 2008; x_wconf 85' lang='lat' dir='ltr'>quemadmodum</span> <span class='ocrx_word' id='word_1_468' title='bbox 2615 1936 2736 1993; x_wconf 90' lang='lat' dir='ltr'>vite</span> <span class='ocrx_word' id='word_1_469' title='bbox 2765 1937 2908 1994; x_wconf 86' lang='lat' dir='ltr'>foris</span> <span class='ocrx_word' id='word_1_470' title='bbox 2937 1938 2998 1993; x_wconf 92' lang='lat' dir='ltr'>in</span> <span class='ocrx_word' id='word_1_471' title='bbox 3029 1955 3167 2010; x_wconf 83' lang='lat' dir='ltr'>agro</span> <span class='ocrx_word' id='word_1_472' title='bbox 3199 1939 3560 2011; x_wconf 87' lang='lat' dir='ltr'>ﬂorescente,</span> <span class='ocrx_word' id='word_1_473' title='bbox 3608 1941 3738 2011; x_wconf 87' lang='lat' dir='ltr'>ejus</span> 
     </span>
    </p>
   </div>
   <div class='ocr_carea' id='block_1_67' title="bbox 2087 2027 3740 2102">
    <p class='ocr_par' dir='ltr' id='par_1_67' title="bbox 2087 2027 3740 2102">
     <span class='ocr_line' id='line_1_69' title="bbox 2087 2027 3740 2102; baseline 0.001 -19"><span class='ocrx_word' id='word_1_474' title='bbox 2087 2027 2334 2099; x_wconf 85' lang='lat' dir='ltr'>percipit</span> <span class='ocrx_word' id='word_1_475' title='bbox 2363 2027 2600 2083; x_wconf 89' lang='lat' dir='ltr'>odorem</span> <span class='ocrx_word' id='word_1_476' title='bbox 2631 2027 2830 2083; x_wconf 88' lang='lat' dir='ltr'>vinum</span> <span class='ocrx_word' id='word_1_477' title='bbox 2865 2028 3230 2096; x_wconf 88' lang='lat' dir='ltr'>conclusum,</span> <span class='ocrx_word' id='word_1_478' title='bbox 3256 2029 3553 2102; x_wconf 89' lang='lat' dir='ltr'>simulque</span> <span class='ocrx_word' id='word_1_479' title='bbox 3573 2030 3740 2086; x_wconf 84' lang='lat' dir='ltr'>ettlo-</span> 
     </span>
    </p>
   </div>
   <div class='ocr_carea' id='block_1_68' title="bbox 2087 2114 3742 2190">
    <p class='ocr_par' dir='ltr' id='par_1_68' title="bbox 2087 2114 3742 2190">
     <span class='ocr_line' id='line_1_70' title="bbox 2087 2114 3742 2190; baseline 0.003 -20"><span class='ocrx_word' id='word_1_480' title='bbox 2087 2116 2264 2171; x_wconf 88' lang='lat' dir='ltr'>rescit</span> <span class='ocrx_word' id='word_1_481' title='bbox 2295 2131 2308 2170; x_wconf 92' lang='lat'><strong>:</strong></span> <span class='ocrx_word' id='word_1_482' title='bbox 2342 2115 2428 2172; x_wconf 92' lang='lat' dir='ltr'>sic</span> <span class='ocrx_word' id='word_1_483' title='bbox 2475 2114 2740 2188; x_wconf 84' lang='lat' dir='ltr'>intelligo</span> <span class='ocrx_word' id='word_1_484' title='bbox 2787 2121 3159 2188; x_wconf 87' lang='lat' dir='ltr'>peccatorum</span> <span class='ocrx_word' id='word_1_485' title='bbox 3211 2117 3439 2174; x_wconf 86' lang='lat' dir='ltr'>animas</span> <span class='ocrx_word' id='word_1_486' title='bbox 3486 2117 3742 2190; x_wconf 89' lang='lat' dir='ltr'>alicujus</span> 
     </span>
    </p>
   </div>
   <div class='ocr_carea' id='block_1_69' title="bbox 2087 2204 3742 2279">
    <p class='ocr_par' dir='ltr' id='par_1_69' title="bbox 2087 2204 3742 2279">
     <span class='ocr_line' id='line_1_71' title="bbox 2087 2204 3742 2279; baseline 0.002 -19"><span class='ocrx_word' id='word_1_487' title='bbox 2087 2204 2398 2276; x_wconf 81' lang='lat' dir='ltr'>participes</span> <span class='ocrx_word' id='word_1_488' title='bbox 2460 2221 2591 2261; x_wconf 87' lang='lat' dir='ltr'>esse</span> <span class='ocrx_word' id='word_1_489' title='bbox 2654 2205 2943 2279; x_wconf 78' lang='lat' dir='ltr'>beneﬁcii,</span> <span class='ocrx_word' id='word_1_490' title='bbox 2994 2222 3065 2263; x_wconf 84' lang='lat' dir='ltr'>ex</span> <span class='ocrx_word' id='word_1_491' title='bbox 3103 2207 3410 2264; x_wconf 87' lang='lat' dir='ltr'>incruento</span> <span class='ocrx_word' id='word_1_492' title='bbox 3457 2207 3742 2265; x_wconf 72' lang='lat' dir='ltr'>sacriﬁcio</span> 
     </span>
    </p>
   </div>
   <div class='ocr_carea' id='block_1_70' title="bbox 2089 2293 3744 2370">
    <p class='ocr_par' dir='ltr' id='par_1_70' title="bbox 2089 2293 3744 2370">
     <span class='ocr_line' id='line_1_72' title="bbox 2089 2293 3744 2370; baseline 0.004 -22"><span class='ocrx_word' id='word_1_493' title='bbox 2089 2297 2148 2349; x_wconf 91' lang='lat' dir='ltr'>et</span> <span class='ocrx_word' id='word_1_494' title='bbox 2175 2293 2558 2350; x_wconf 80' lang='lat' dir='ltr'>beneﬁcentia</span> <span class='ocrx_word' id='word_1_495' title='bbox 2588 2310 2692 2364; x_wconf 93' lang='lat' dir='ltr'>pro</span> <span class='ocrx_word' id='word_1_496' title='bbox 2721 2294 2866 2366; x_wconf 82' lang='lat' dir='ltr'>ipsis</span> <span class='ocrx_word' id='word_1_497' title='bbox 2895 2296 3069 2366; x_wconf 85' lang='lat' dir='ltr'>facta,</span> <span class='ocrx_word' id='word_1_498' title='bbox 3093 2300 3158 2351; x_wconf 93' lang='lat' dir='ltr'>ut</span> <span class='ocrx_word' id='word_1_499' title='bbox 3185 2296 3348 2352; x_wconf 88' lang='lat' dir='ltr'>solus</span> <span class='ocrx_word' id='word_1_500' title='bbox 3379 2298 3539 2354; x_wconf 90' lang='lat' dir='ltr'>novit</span> <span class='ocrx_word' id='word_1_501' title='bbox 3567 2301 3624 2353; x_wconf 89' lang='lat' dir='ltr'>et</span> <span class='ocrx_word' id='word_1_502' title='bbox 3644 2298 3744 2370; x_wconf 90' lang='lat' dir='ltr'>ju-</span> 
     </span>
    </p>
   </div>
   <div class='ocr_carea' id='block_1_71' title="bbox 2090 2381 3744 2456">
    <p class='ocr_par' dir='ltr' id='par_1_71' title="bbox 2090 2381 3744 2456">
     <span class='ocr_line' id='line_1_73' title="bbox 2090 2381 3744 2456; baseline 0.003 -17"><span class='ocrx_word' id='word_1_503' title='bbox 2090 2383 2190 2439; x_wconf 90' lang='lat' dir='ltr'>bet</span> <span class='ocrx_word' id='word_1_504' title='bbox 2217 2381 2479 2438; x_wconf 89' lang='lat' dir='ltr'>vivorum</span> <span class='ocrx_word' id='word_1_505' title='bbox 2507 2387 2566 2438; x_wconf 90' lang='lat' dir='ltr'>et</span> <span class='ocrx_word' id='word_1_506' title='bbox 2615 2387 2983 2440; x_wconf 89' lang='lat' dir='ltr'>mortuorum</span> <span class='ocrx_word' id='word_1_507' title='bbox 3032 2386 3383 2456; x_wconf 86' lang='lat' dir='ltr'>dominator,</span> <span class='ocrx_word' id='word_1_508' title='bbox 3436 2387 3590 2444; x_wconf 90' lang='lat' dir='ltr'>Deus</span> <span class='ocrx_word' id='word_1_509' title='bbox 3640 2403 3744 2444; x_wconf 87' lang='lat' dir='ltr'>no-</span> 
     </span>
    </p>
   </div>
   <div class='ocr_carea' id='block_1_72' title="bbox 2091 2477 2231 2528">
    <p class='ocr_par' dir='ltr' id='par_1_72' title="bbox 2091 2477 2231 2528">
     <span class='ocr_line' id='line_1_74' title="bbox 2091 2477 2231 2528; baseline -0.007 0"><span class='ocrx_word' id='word_1_510' title='bbox 2091 2477 2231 2528; x_wconf 88' lang='lat' dir='ltr'>ster.</span> 
     </span>
    </p>
   </div>
   <div class='ocr_carea' id='block_1_73' title="bbox 2164 2560 3744 2637">
    <p class='ocr_par' dir='ltr' id='par_1_73' title="bbox 2164 2560 3744 2637">
     <span class='ocr_line' id='line_1_75' title="bbox 2164 2560 3744 2637; baseline 0.002 -19"><span class='ocrx_word' id='word_1_511' title='bbox 2164 2563 2390 2627; x_wconf 74' lang='lat' dir='ltr'>Qua-:s&#39;r.</span> <span class='ocrx_word' id='word_1_512' title='bbox 2424 2560 2633 2617; x_wconf 86' lang='lat' dir='ltr'><strong>XXXV.</strong></span> <span class='ocrx_word' id='word_1_513' title='bbox 2669 2561 2819 2619; x_wconf 85' lang='lat' dir='ltr'>Num</span> <span class='ocrx_word' id='word_1_514' title='bbox 2850 2562 3033 2635; x_wconf 86' lang='lat' dir='ltr'>igitur</span> <span class='ocrx_word' id='word_1_515' title='bbox 3063 2564 3250 2635; x_wconf 89' lang='lat' dir='ltr'>possit</span> <span class='ocrx_word' id='word_1_516' title='bbox 3273 2565 3409 2622; x_wconf 87' lang='lat' dir='ltr'>sciri</span> <span class='ocrx_word' id='word_1_517' title='bbox 3442 2583 3619 2637; x_wconf 89' lang='lat' dir='ltr'>quam</span> <span class='ocrx_word' id='word_1_518' title='bbox 3670 2567 3744 2623; x_wconf 92' lang='lat' dir='ltr'>ob</span> 
     </span>
    </p>
   </div>
   <div class='ocr_carea' id='block_1_74' title="bbox 2091 2650 3742 2726">
    <p class='ocr_par' dir='ltr' id='par_1_74' title="bbox 2091 2650 3742 2726">
     <span class='ocr_line' id='line_1_76' title="bbox 2091 2650 3742 2726; baseline 0.002 -19"><span class='ocrx_word' id='word_1_519' title='bbox 2091 2668 2331 2708; x_wconf 84' lang='lat' dir='ltr'>causam</span> <span class='ocrx_word' id='word_1_520' title='bbox 2359 2667 2473 2706; x_wconf 89' lang='lat' dir='ltr'>non</span> <span class='ocrx_word' id='word_1_521' title='bbox 2503 2651 2771 2723; x_wconf 86' lang='lat' dir='ltr'>permisit</span> <span class='ocrx_word' id='word_1_522' title='bbox 2786 2650 2940 2708; x_wconf 88' lang='lat' dir='ltr'>Deus</span> <span class='ocrx_word' id='word_1_523' title='bbox 2955 2653 3212 2709; x_wconf 87' lang='lat' dir='ltr'>animam</span> <span class='ocrx_word' id='word_1_524' title='bbox 3237 2654 3487 2726; x_wconf 87' lang='lat' dir='ltr'>alicujus</span> <span class='ocrx_word' id='word_1_525' title='bbox 3516 2671 3742 2722; x_wconf 89' lang='lat' dir='ltr'>eorum,</span> 
     </span>
    </p>
   </div>
   <div class='ocr_carea' id='block_1_75' title="bbox 2093 2740 3746 2814">
    <p class='ocr_par' dir='ltr' id='par_1_75' title="bbox 2093 2740 3746 2814">
     <span class='ocr_line' id='line_1_77' title="bbox 2093 2740 3746 2814; baseline 0.001 -18"><span class='ocrx_word' id='word_1_526' title='bbox 2093 2741 2195 2812; x_wconf 91' lang='lat' dir='ltr'>qui</span> <span class='ocrx_word' id='word_1_527' title='bbox 2261 2740 2402 2796; x_wconf 87' lang='lat' dir='ltr'>illuc</span> <span class='ocrx_word' id='word_1_528' title='bbox 2449 2740 2868 2808; x_wconf 87' lang='lat' dir='ltr'>discesserunt,</span> <span class='ocrx_word' id='word_1_529' title='bbox 2928 2740 3116 2798; x_wconf 88' lang='lat' dir='ltr'>redire</span> <span class='ocrx_word' id='word_1_530' title='bbox 3160 2743 3232 2798; x_wconf 88' lang='lat' dir='ltr'>ad</span> <span class='ocrx_word' id='word_1_531' title='bbox 3282 2760 3410 2808; x_wconf 89' lang='lat' dir='ltr'>nos,</span> <span class='ocrx_word' id='word_1_532' title='bbox 3460 2743 3746 2814; x_wconf 88' lang='lat' dir='ltr'>nobisque</span> 
     </span>
    </p>
   </div>
   <div class='ocr_carea' id='block_1_76' title="bbox 2094 2829 3744 2904">
    <p class='ocr_par' dir='ltr' id='par_1_76' title="bbox 2094 2829 3744 2904">
     <span class='ocr_line' id='line_1_78' title="bbox 2094 2829 3744 2904; baseline 0.001 -19"><span class='ocrx_word' id='word_1_533' title='bbox 2094 2845 2368 2885; x_wconf 82' lang='lat' dir='ltr'>enarrare</span> <span class='ocrx_word' id='word_1_534' title='bbox 2399 2829 2690 2901; x_wconf 89' lang='lat' dir='ltr'>quomodo</span> <span class='ocrx_word' id='word_1_535' title='bbox 2737 2844 2800 2884; x_wconf 89' lang='lat' dir='ltr'>se</span> <span class='ocrx_word' id='word_1_536' title='bbox 2849 2845 2942 2884; x_wconf 90' lang='lat' dir='ltr'>res</span> <span class='ocrx_word' id='word_1_537' title='bbox 2984 2829 3240 2887; x_wconf 88' lang='lat' dir='ltr'>habeant</span> <span class='ocrx_word' id='word_1_538' title='bbox 3295 2832 3452 2904; x_wconf 88' lang='lat' dir='ltr'>apud</span> <span class='ocrx_word' id='word_1_539' title='bbox 3504 2832 3744 2900; x_wconf 80' lang='lat' dir='ltr'>inferos,</span> 
     </span>
    </p>
   </div>
   <div class='ocr_carea' id='block_1_77' title="bbox 2096 2918 2866 2990">
    <p class='ocr_par' dir='ltr' id='par_1_77' title="bbox 2096 2918 2866 2990">
     <span class='ocr_line' id='line_1_79' title="bbox 2096 2918 2866 2990; baseline -0.003 -16"><span class='ocrx_word' id='word_1_540' title='bbox 2096 2935 2292 2989; x_wconf 74' lang='lat' dir='ltr'>quaeve</span> <span class='ocrx_word' id='word_1_541' title='bbox 2325 2918 2401 2974; x_wconf 90' lang='lat' dir='ltr'>sit</span> <span class='ocrx_word' id='word_1_542' title='bbox 2433 2918 2512 2974; x_wconf 88' lang='lat' dir='ltr'>ibi</span> <span class='ocrx_word' id='word_1_543' title='bbox 2547 2918 2866 2990; x_wconf 86' lang='lat' dir='ltr'>angustia?</span> 
     </span>
    </p>
   </div>
   <div class='ocr_carea' id='block_1_78' title="bbox 2169 3007 3749 3067">
    <p class='ocr_par' dir='ltr' id='par_1_78' title="bbox 2169 3007 3749 3067">
     <span class='ocr_line' id='line_1_80' title="bbox 2169 3007 3749 3067; baseline 0.003 -6"><span class='ocrx_word' id='word_1_544' title='bbox 2169 3008 2340 3062; x_wconf 80' lang='lat' dir='ltr'>Resp.</span> <span class='ocrx_word' id='word_1_545' title='bbox 2375 3007 2596 3062; x_wconf 86' lang='lat' dir='ltr'>Multus</span> <span class='ocrx_word' id='word_1_546' title='bbox 2629 3008 2764 3064; x_wconf 90' lang='lat' dir='ltr'>inde</span> <span class='ocrx_word' id='word_1_547' title='bbox 2793 3024 2953 3063; x_wconf 89' lang='lat' dir='ltr'>error</span> <span class='ocrx_word' id='word_1_548' title='bbox 2981 3008 3039 3063; x_wconf 90' lang='lat' dir='ltr'>in</span> <span class='ocrx_word' id='word_1_549' title='bbox 3083 3009 3202 3066; x_wconf 89' lang='lat' dir='ltr'>vita</span> <span class='ocrx_word' id='word_1_550' title='bbox 3253 3010 3523 3067; x_wconf 85' lang='lat' dir='ltr'>oriretur.</span> <span class='ocrx_word' id='word_1_551' title='bbox 3571 3011 3749 3067; x_wconf 88' lang='lat' dir='ltr'>Nam-</span> 
     </span>
    </p>
   </div>
   <div class='ocr_carea' id='block_1_79' title="bbox 2095 3095 3750 3168">
    <p class='ocr_par' dir='ltr' id='par_1_79' title="bbox 2095 3095 3750 3168">
     <span class='ocr_line' id='line_1_81' title="bbox 2095 3095 3750 3168; baseline 0.002 -16"><span class='ocrx_word' id='word_1_552' title='bbox 2095 3113 2212 3168; x_wconf 92' lang='lat' dir='ltr'>que</span> <span class='ocrx_word' id='word_1_553' title='bbox 2241 3095 2410 3151; x_wconf 84' lang='lat' dir='ltr'>multi</span> <span class='ocrx_word' id='word_1_554' title='bbox 2445 3097 2742 3153; x_wconf 64' lang='lat' dir='ltr'>daemones</span> <span class='ocrx_word' id='word_1_555' title='bbox 2770 3103 3012 3168; x_wconf 87' lang='lat' dir='ltr'>possent</span> <span class='ocrx_word' id='word_1_556' title='bbox 3041 3103 3410 3155; x_wconf 91' lang='lat' dir='ltr'>mortuorum</span> <span class='ocrx_word' id='word_1_557' title='bbox 3442 3100 3750 3156; x_wconf 90' lang='lat' dir='ltr'>hominum</span> 
     </span>
    </p>
   </div>
   <div class='ocr_carea' id='block_1_80' title="bbox 2096 3187 3753 3258">
    <p class='ocr_par' dir='ltr' id='par_1_80' title="bbox 2096 3187 3753 3258">
     <span class='ocr_line' id='line_1_82' title="bbox 2096 3187 3753 3258; baseline 0.003 -17"><span class='ocrx_word' id='word_1_558' title='bbox 2096 3187 2316 3242; x_wconf 82' lang='lat' dir='ltr'>formas</span> <span class='ocrx_word' id='word_1_559' title='bbox 2345 3201 2671 3253; x_wconf 89' lang='lat' dir='ltr'>assumere,</span> <span class='ocrx_word' id='word_1_560' title='bbox 2705 3203 2885 3258; x_wconf 88' lang='lat' dir='ltr'>seque</span> <span class='ocrx_word' id='word_1_561' title='bbox 2914 3202 2983 3243; x_wconf 77' lang='lat' dir='ltr'>ex</span> <span class='ocrx_word' id='word_1_562' title='bbox 3015 3188 3262 3245; x_wconf 86' lang='lat' dir='ltr'>mortuis</span> <span class='ocrx_word' id='word_1_563' title='bbox 3283 3188 3562 3246; x_wconf 86' lang='lat' dir='ltr'>excitatos</span> <span class='ocrx_word' id='word_1_564' title='bbox 3591 3205 3753 3246; x_wconf 86' lang='lat' dir='ltr'>asse-</span> 
     </span>
    </p>
   </div>
   <div class='ocr_carea' id='block_1_81' title="bbox 2095 3273 3748 3350">
    <p class='ocr_par' dir='ltr' id='par_1_81' title="bbox 2095 3273 3748 3350">
     <span class='ocr_line' id='line_1_83' title="bbox 2095 3273 3748 3350; baseline 0.002 -20"><span class='ocrx_word' id='word_1_565' title='bbox 2095 3292 2312 3342; x_wconf 88' lang='lat' dir='ltr'>verare,</span> <span class='ocrx_word' id='word_1_566' title='bbox 2348 3273 2612 3346; x_wconf 82' lang='lat' dir='ltr'>falsaque</span> <span class='ocrx_word' id='word_1_567' title='bbox 2639 3275 2824 3331; x_wconf 89' lang='lat' dir='ltr'>multa</span> <span class='ocrx_word' id='word_1_568' title='bbox 2855 3277 3133 3348; x_wconf 88' lang='lat' dir='ltr'>dogmata</span> <span class='ocrx_word' id='word_1_569' title='bbox 3160 3281 3219 3334; x_wconf 88' lang='lat' dir='ltr'>et</span> <span class='ocrx_word' id='word_1_570' title='bbox 3247 3295 3342 3334; x_wconf 86' lang='lat' dir='ltr'>res</span> <span class='ocrx_word' id='word_1_571' title='bbox 3371 3278 3444 3334; x_wconf 89' lang='lat' dir='ltr'>de</span> <span class='ocrx_word' id='word_1_572' title='bbox 3474 3277 3570 3334; x_wconf 88' lang='lat' dir='ltr'>his</span> <span class='ocrx_word' id='word_1_573' title='bbox 3621 3294 3748 3350; x_wconf 70' lang='lat' dir='ltr'>quas</span> 
     </span>
    </p>
   </div>
   <div class='ocr_carea' id='block_1_82' title="bbox 2094 3363 3746 3440">
    <p class='ocr_par' dir='ltr' id='par_1_82' title="bbox 2094 3363 3746 3440">
     <span class='ocr_line' id='line_1_84' title="bbox 2094 3363 3746 3440; baseline 0.002 -21"><span class='ocrx_word' id='word_1_574' title='bbox 2094 3363 2175 3420; x_wconf 88' lang='lat' dir='ltr'>ibi</span> <span class='ocrx_word' id='word_1_575' title='bbox 2207 3365 2378 3430; x_wconf 85' lang='lat' dir='ltr'>ﬁunt,</span> <span class='ocrx_word' id='word_1_576' title='bbox 2409 3365 2580 3421; x_wconf 89' lang='lat' dir='ltr'>nobis</span> <span class='ocrx_word' id='word_1_577' title='bbox 2611 3381 2907 3438; x_wconf 85' lang='lat' dir='ltr'>spargere,</span> <span class='ocrx_word' id='word_1_578' title='bbox 2937 3383 3066 3438; x_wconf 85' lang='lat' dir='ltr'>quae</span> <span class='ocrx_word' id='word_1_579' title='bbox 3097 3367 3332 3424; x_wconf 88' lang='lat' dir='ltr'>errandi</span> <span class='ocrx_word' id='word_1_580' title='bbox 3363 3373 3420 3424; x_wconf 87' lang='lat' dir='ltr'>et</span> <span class='ocrx_word' id='word_1_581' title='bbox 3464 3367 3746 3440; x_wconf 87' lang='lat' dir='ltr'>pereundi</span> 
     </span>
    </p>
   </div>
   <div class='ocr_carea' id='block_1_83' title="bbox 2095 3454 2713 3511">
    <p class='ocr_par' dir='ltr' id='par_1_83' title="bbox 2095 3454 2713 3511">
     <span class='ocr_line' id='line_1_85' title="bbox 2095 3454 2713 3511; baseline 0.002 -2"><span class='ocrx_word' id='word_1_582' title='bbox 2095 3454 2266 3511; x_wconf 89' lang='lat' dir='ltr'>nobis</span> <span class='ocrx_word' id='word_1_583' title='bbox 2295 3471 2474 3509; x_wconf 83' lang='lat' dir='ltr'>causa</span> <span class='ocrx_word' id='word_1_584' title='bbox 2503 3454 2713 3510; x_wconf 82' lang='lat' dir='ltr'>forent.</span> 
     </span>
    </p>
   </div>
   <div class='ocr_carea' id='block_1_84' title="bbox 2163 3630 3740 3698">
    <p class='ocr_par' dir='ltr' id='par_1_84' title="bbox 2163 3630 3740 3698">
     <span class='ocr_line' id='line_1_86' title="bbox 2163 3630 3740 3698; baseline 0.002 -12"><span class='ocrx_word' id='word_1_585' title='bbox 2163 3630 2388 3698; x_wconf 62' lang='lat' dir='ltr'>Qums&#39;r.</span> <span class='ocrx_word' id='word_1_586' title='bbox 2418 3631 2660 3688; x_wconf 84' lang='lat' dir='ltr'><strong>XXXVI.</strong></span> <span class='ocrx_word' id='word_1_587' title='bbox 2697 3632 2866 3688; x_wconf 91' lang='lat' dir='ltr'>Multi</span> <span class='ocrx_word' id='word_1_588' title='bbox 2898 3633 3103 3690; x_wconf 88' lang='lat' dir='ltr'>dicunt</span> <span class='ocrx_word' id='word_1_589' title='bbox 3147 3634 3288 3690; x_wconf 89' lang='lat' dir='ltr'>utile</span> <span class='ocrx_word' id='word_1_590' title='bbox 3333 3633 3558 3690; x_wconf 92' lang='lat' dir='ltr'>homini</span> <span class='ocrx_word' id='word_1_591' title='bbox 3610 3649 3740 3689; x_wconf 90' lang='lat' dir='ltr'>esse</span> 
     </span>
    </p>
   </div>
   <div class='ocr_carea' id='block_1_85' title="bbox 2088 3720 2935 3792">
    <p class='ocr_par' dir='ltr' id='par_1_85' title="bbox 2088 3720 2935 3792">
     <span class='ocr_line' id='line_1_87' title="bbox 2088 3720 2935 3792; baseline 0 -16"><span class='ocrx_word' id='word_1_592' title='bbox 2088 3735 2380 3792; x_wconf 75' lang='lat' dir='ltr'>pramosse</span> <span class='ocrx_word' id='word_1_593' title='bbox 2410 3721 2564 3778; x_wconf 87' lang='lat' dir='ltr'>diem</span> <span class='ocrx_word' id='word_1_594' title='bbox 2594 3720 2688 3777; x_wconf 91' lang='lat' dir='ltr'>sui</span> <span class='ocrx_word' id='word_1_595' title='bbox 2719 3721 2935 3778; x_wconf 90' lang='lat' dir='ltr'>obitus.</span> 
     </span>
    </p>
   </div>
   <div class='ocr_carea' id='block_1_86' title="bbox 2158 3898 3736 3970">
    <p class='ocr_par' dir='ltr' id='par_1_86' title="bbox 2158 3898 3736 3970">
     <span class='ocr_line' id='line_1_88' title="bbox 2158 3898 3736 3970; baseline -0.001 -15"><span class='ocrx_word' id='word_1_596' title='bbox 2158 3903 2328 3955; x_wconf 68' lang='lat' dir='ltr'>lisse.</span> <span class='ocrx_word' id='word_1_597' title='bbox 2363 3898 2422 3955; x_wconf 93' lang='lat' dir='ltr'>Si</span> <span class='ocrx_word' id='word_1_598' title='bbox 2452 3899 2604 3955; x_wconf 86' lang='lat' dir='ltr'>Deus</span> <span class='ocrx_word' id='word_1_599' title='bbox 2652 3898 2849 3954; x_wconf 88' lang='lat' dir='ltr'>omnia</span> <span class='ocrx_word' id='word_1_600' title='bbox 2895 3898 2956 3954; x_wconf 89' lang='lat' dir='ltr'>in</span> <span class='ocrx_word' id='word_1_601' title='bbox 3007 3898 3300 3970; x_wconf 86' lang='lat' dir='ltr'>sapientia</span> <span class='ocrx_word' id='word_1_602' title='bbox 3344 3899 3416 3954; x_wconf 88' lang='lat' dir='ltr'>ad</span> <span class='ocrx_word' id='word_1_603' title='bbox 3465 3903 3736 3956; x_wconf 85' lang='lat' dir='ltr'>nostrum</span> 
     </span>
    </p>
   </div>
   <div class='ocr_carea' id='block_1_87' title="bbox 2087 3987 3736 4060">
    <p class='ocr_par' dir='ltr' id='par_1_87' title="bbox 2087 3987 3736 4060">
     <span class='ocr_line' id='line_1_89' title="bbox 2087 3987 3736 4060; baseline -0.001 -15"><span class='ocrx_word' id='word_1_604' title='bbox 2087 3988 2466 4045; x_wconf 88' lang='lat' dir='ltr'>commodum</span> <span class='ocrx_word' id='word_1_605' title='bbox 2511 3987 2669 4054; x_wconf 74' lang='lat' dir='ltr'>fecit,</span> <span class='ocrx_word' id='word_1_606' title='bbox 2721 3991 2876 4043; x_wconf 90' lang='lat' dir='ltr'>certe</span> <span class='ocrx_word' id='word_1_607' title='bbox 2925 4004 3115 4059; x_wconf 89' lang='lat' dir='ltr'>neque</span> <span class='ocrx_word' id='word_1_608' title='bbox 3164 3988 3388 4060; x_wconf 88' lang='lat' dir='ltr'>absque</span> <span class='ocrx_word' id='word_1_609' title='bbox 3425 3989 3647 4045; x_wconf 89' lang='lat' dir='ltr'>ratione</span> <span class='ocrx_word' id='word_1_610' title='bbox 3679 3988 3736 4044; x_wconf 92' lang='lat' dir='ltr'>id</span> 
     </span>
    </p>
   </div>
   <div class='ocr_carea' id='block_1_88' title="bbox 2086 4077 3738 4135">
    <p class='ocr_par' dir='ltr' id='par_1_88' title="bbox 2086 4077 3738 4135">
     <span class='ocr_line' id='line_1_90' title="bbox 2086 4077 3738 4135; baseline 0 -1"><span class='ocrx_word' id='word_1_611' title='bbox 2086 4077 2256 4134; x_wconf 90' lang='lat' dir='ltr'>nobis</span> <span class='ocrx_word' id='word_1_612' title='bbox 2277 4077 2608 4133; x_wconf 85' lang='lat' dir='ltr'>occultavit.</span> <span class='ocrx_word' id='word_1_613' title='bbox 2643 4077 2789 4135; x_wconf 83' lang='lat' dir='ltr'>Nam</span> <span class='ocrx_word' id='word_1_614' title='bbox 2830 4077 2880 4133; x_wconf 92' lang='lat' dir='ltr'>si</span> <span class='ocrx_word' id='word_1_615' title='bbox 2928 4077 3105 4133; x_wconf 92' lang='lat' dir='ltr'>homo</span> <span class='ocrx_word' id='word_1_616' title='bbox 3155 4077 3312 4133; x_wconf 89' lang='lat' dir='ltr'>diem</span> <span class='ocrx_word' id='word_1_617' title='bbox 3361 4095 3478 4134; x_wconf 81' lang='lat' dir='ltr'>suae</span> <span class='ocrx_word' id='word_1_618' title='bbox 3531 4078 3738 4134; x_wconf 88' lang='lat' dir='ltr'>mortis</span> 
     </span>
    </p>
   </div>
   <div class='ocr_carea' id='block_1_89' title="bbox 2086 4166 3740 4240">
    <p class='ocr_par' dir='ltr' id='par_1_89' title="bbox 2086 4166 3740 4240">
     <span class='ocr_line' id='line_1_91' title="bbox 2086 4166 3740 4240; baseline 0.001 -19"><span class='ocrx_word' id='word_1_619' title='bbox 2086 4169 2423 4239; x_wconf 73' lang='lat' dir='ltr'>praenossct,</span> <span class='ocrx_word' id='word_1_620' title='bbox 2457 4182 2659 4222; x_wconf 89' lang='lat' dir='ltr'>secure</span> <span class='ocrx_word' id='word_1_621' title='bbox 2690 4182 2792 4237; x_wconf 90' lang='lat' dir='ltr'>per</span> <span class='ocrx_word' id='word_1_622' title='bbox 2828 4170 3010 4222; x_wconf 88' lang='lat' dir='ltr'>totam</span> <span class='ocrx_word' id='word_1_623' title='bbox 3065 4166 3243 4222; x_wconf 88' lang='lat' dir='ltr'>vitam</span> <span class='ocrx_word' id='word_1_624' title='bbox 3291 4173 3576 4240; x_wconf 89' lang='lat' dir='ltr'>peccaret,</span> <span class='ocrx_word' id='word_1_625' title='bbox 3629 4183 3740 4223; x_wconf 71' lang='lat' dir='ltr'>saa-</span> 
     </span>
    </p>
   </div>
   <div class='ocr_carea' id='block_1_90' title="bbox 2086 4254 3742 4328">
    <p class='ocr_par' dir='ltr' id='par_1_90' title="bbox 2086 4254 3742 4328">
     <span class='ocr_line' id='line_1_92' title="bbox 2086 4254 3742 4328; baseline 0.001 -19"><span class='ocrx_word' id='word_1_626' title='bbox 2086 4255 2338 4327; x_wconf 90' lang='lat' dir='ltr'>piusque</span> <span class='ocrx_word' id='word_1_627' title='bbox 2358 4255 2588 4312; x_wconf 88' lang='lat' dir='ltr'>duobus</span> <span class='ocrx_word' id='word_1_628' title='bbox 2614 4254 2703 4311; x_wconf 88' lang='lat' dir='ltr'>vel</span> <span class='ocrx_word' id='word_1_629' title='bbox 2729 4255 2916 4311; x_wconf 89' lang='lat' dir='ltr'>tribus</span> <span class='ocrx_word' id='word_1_630' title='bbox 2949 4259 3082 4312; x_wconf 89' lang='lat' dir='ltr'>ante</span> <span class='ocrx_word' id='word_1_631' title='bbox 3111 4259 3357 4312; x_wconf 88' lang='lat' dir='ltr'>mortem</span> <span class='ocrx_word' id='word_1_632' title='bbox 3388 4255 3596 4311; x_wconf 89' lang='lat' dir='ltr'>diebus</span> <span class='ocrx_word' id='word_1_633' title='bbox 3626 4272 3742 4328; x_wconf 61' lang='lat' dir='ltr'>pae-</span> 
     </span>
    </p>
   </div>
   <div class='ocr_carea' id='block_1_91' title="bbox 2085 4343 3742 4416">
    <p class='ocr_par' dir='ltr' id='par_1_91' title="bbox 2085 4343 3742 4416">
     <span class='ocr_line' id='line_1_93' title="bbox 2085 4343 3742 4416; baseline 0.001 -17"><span class='ocrx_word' id='word_1_634' title='bbox 2085 4343 2396 4400; x_wconf 88' lang='lat' dir='ltr'>nitentiam</span> <span class='ocrx_word' id='word_1_635' title='bbox 2427 4343 3144 4416; x_wconf 89' lang='lat' dir='ltr'>amplecteretur,propter</span> <span class='ocrx_word' id='word_1_636' title='bbox 3173 4344 3297 4400; x_wconf 64' lang='lat' dir='ltr'>haec</span> <span class='ocrx_word' id='word_1_637' title='bbox 3321 4344 3422 4400; x_wconf 86' lang='lat' dir='ltr'>Dei</span> <span class='ocrx_word' id='word_1_638' title='bbox 3442 4345 3620 4400; x_wconf 88' lang='lat' dir='ltr'>verba</span> <span class='ocrx_word' id='word_1_639' title='bbox 3644 4361 3742 4416; x_wconf 89' lang='lat' dir='ltr'>per</span> 
     </span>
    </p>
   </div>
   <div class='ocr_carea' id='block_1_92' title="bbox 2086 4432 3742 4506">
    <p class='ocr_par' dir='ltr' id='par_1_92' title="bbox 2086 4432 3742 4506">
     <span class='ocr_line' id='line_1_94' title="bbox 2086 4432 3742 4506; baseline 0 -18"><span class='ocrx_word' id='word_1_640' title='bbox 2086 4432 2430 4506; x_wconf 90' lang='lat' dir='ltr'>prophetam</span> <span class='ocrx_word' id='word_1_641' title='bbox 2463 4433 2674 4490; x_wconf 85' lang='lat' dir='ltr'>aientis</span> <span class='ocrx_word' id='word_1_642' title='bbox 2707 4451 2720 4489; x_wconf 91' lang='lat'><strong>:</strong></span> <span class='ocrx_word' id='word_1_643' title='bbox 2755 4456 2775 4484; x_wconf 75' lang='grc' dir='ltr'>ε</span> <span class='ocrx_word' id='word_1_644' title='bbox 2814 4442 2876 4489; x_wconf 86' lang='lat' dir='ltr'>1n</span> <span class='ocrx_word' id='word_1_645' title='bbox 2909 4451 3020 4504; x_wconf 88' lang='lat' dir='ltr'>quo</span> <span class='ocrx_word' id='word_1_646' title='bbox 3053 4437 3108 4490; x_wconf 90' lang='lat' dir='ltr'>te</span> <span class='ocrx_word' id='word_1_647' title='bbox 3136 4433 3432 4504; x_wconf 88' lang='lat' dir='ltr'>invenero,</span> <span class='ocrx_word' id='word_1_648' title='bbox 3464 4432 3525 4488; x_wconf 91' lang='lat' dir='ltr'>in</span> <span class='ocrx_word' id='word_1_649' title='bbox 3547 4433 3656 4489; x_wconf 90' lang='lat' dir='ltr'>hoc</span> <span class='ocrx_word' id='word_1_650' title='bbox 3685 4437 3742 4488; x_wconf 87' lang='lat' dir='ltr'>te</span> 
     </span>
    </p>
   </div>
   <div class='ocr_carea' id='block_1_93' title="bbox 320 4518 1979 4603">
    <p class='ocr_par' dir='ltr' id='par_1_93' title="bbox 320 4518 1976 4598">
     <span class='ocr_line' id='line_1_95' title="bbox 320 4518 1976 4598; baseline -0.001 -21"><span class='ocrx_word' id='word_1_651' title='bbox 320 4552 345 4577; x_wconf 83' lang='grc' dir='ltr'>ι</span> <span class='ocrx_word' id='word_1_652' title='bbox 387 4525 480 4581; x_wconf 79' lang='grc' dir='ltr'>Ἐν</span> <span class='ocrx_word' id='word_1_653' title='bbox 541 4523 588 4595; x_wconf 83' lang='grc' dir='ltr'>ᾦ</span> <span class='ocrx_word' id='word_1_654' title='bbox 641 4521 782 4598; x_wconf 70' lang='grc' dir='ltr'>εὕρω</span> <span class='ocrx_word' id='word_1_655' title='bbox 835 4519 992 4591; x_wconf 77' lang='grc' dir='ltr'>σε,ἐν</span> <span class='ocrx_word' id='word_1_656' title='bbox 1053 4518 1241 4592; x_wconf 78' lang='grc' dir='ltr'>ἐκείνῳ</span> <span class='ocrx_word' id='word_1_657' title='bbox 1293 4521 1384 4574; x_wconf 80' lang='grc' dir='ltr'>καὶ</span> <span class='ocrx_word' id='word_1_658' title='bbox 1438 4523 1606 4592; x_wconf 83' lang='grc' dir='ltr'>κρινῶ</span> <span class='ocrx_word' id='word_1_659' title='bbox 1667 4539 1743 4576; x_wconf 89' lang='grc' dir='ltr'>σε.</span> <span class='ocrx_word' id='word_1_660' title='bbox 1787 4544 1816 4570; x_wconf 74' lang='grc' dir='ltr'>ι)</span> <span class='ocrx_word' id='word_1_661' title='bbox 1876 4519 1976 4574; x_wconf 83' lang='grc' dir='ltr'>Καὶ</span> 
     </span>
    </p>
   </div>
   <div class='ocr_carea' id='block_1_94' title="bbox 2105 4518 3743 4603">
    <p class='ocr_par' dir='ltr' id='par_1_94' title="bbox 2112 4521 3743 4594">
     <span class='ocr_line' id='line_1_96' title="bbox 2112 4521 3743 4594; baseline 0.001 -18"><span class='ocrx_word' id='word_1_662' title='bbox 2112 4521 2378 4578; x_wconf 91' lang='lat' dir='ltr'>udicabo.</span> <span class='ocrx_word' id='word_1_663' title='bbox 2413 4545 2435 4576; x_wconf 75' lang='grc' dir='ltr'>ι</span> <span class='ocrx_word' id='word_1_664' title='bbox 2473 4523 2545 4578; x_wconf 90' lang='lat' dir='ltr'>Et</span> <span class='ocrx_word' id='word_1_665' title='bbox 2575 4539 2708 4578; x_wconf 85' lang='lat' dir='ltr'>vero</span> <span class='ocrx_word' id='word_1_666' title='bbox 2739 4539 2868 4594; x_wconf 69' lang='lat' dir='ltr'>quae</span> <span class='ocrx_word' id='word_1_667' title='bbox 2891 4523 3041 4594; x_wconf 91' lang='lat' dir='ltr'>jam,</span> <span class='ocrx_word' id='word_1_668' title='bbox 3092 4539 3311 4594; x_wconf 63' lang='lat' dir='ltr'>quaso,</span> <span class='ocrx_word' id='word_1_669' title='bbox 3362 4521 3585 4578; x_wconf 90' lang='lat' dir='ltr'>homini</span> <span class='ocrx_word' id='word_1_670' title='bbox 3637 4538 3743 4577; x_wconf 86' lang='lat' dir='ltr'>su-</span> 
     </span>
    </p>
   </div>
   <div class='ocr_carea' id='block_1_95' title="bbox 315 4606 1978 4686">
    <p class='ocr_par' dir='ltr' id='par_1_95' title="bbox 315 4606 1978 4686">
     <span class='ocr_line' id='line_1_97' title="bbox 315 4606 1978 4686; baseline -0.003 -17"><span class='ocrx_word' id='word_1_671' title='bbox 315 4613 463 4669; x_wconf 78' lang='grc' dir='ltr'>ποῖα</span> <span class='ocrx_word' id='word_1_672' title='bbox 496 4613 715 4685; x_wconf 83' lang='grc' dir='ltr'>λοιπὸν,</span> <span class='ocrx_word' id='word_1_673' title='bbox 748 4610 864 4666; x_wconf 64' lang='grc' dir='ltr'>εἶπέ</span> <span class='ocrx_word' id='word_1_674' title='bbox 898 4631 1012 4685; x_wconf 81' lang='grc' dir='ltr'>μοι,</span> <span class='ocrx_word' id='word_1_675' title='bbox 1046 4611 1232 4685; x_wconf 81' lang='grc' dir='ltr'>χάρις,</span> <span class='ocrx_word' id='word_1_676' title='bbox 1258 4606 1352 4663; x_wconf 65' lang='grc' dir='ltr'>*ίνα</span> <span class='ocrx_word' id='word_1_677' title='bbox 1383 4609 1568 4664; x_wconf 65' lang='grc' dir='ltr'>ἑκατὸν</span> <span class='ocrx_word' id='word_1_678' title='bbox 1610 4608 1804 4686; x_wconf 75' lang='grc' dir='ltr'>φόνους</span> <span class='ocrx_word' id='word_1_679' title='bbox 1855 4630 1978 4664; x_wconf 88' lang='grc' dir='ltr'>ποι-</span> 
     </span>
    </p>
   </div>
   <div class='ocr_carea' id='block_1_96' title="bbox 317 4695 1979 4776">
    <p class='ocr_par' dir='ltr' id='par_1_96' title="bbox 317 4695 1979 4776">
     <span class='ocr_line' id='line_1_98' title="bbox 317 4695 1979 4776; baseline -0.002 -20"><span class='ocrx_word' id='word_1_680' title='bbox 317 4707 468 4776; x_wconf 71' lang='grc' dir='ltr'>τςσῃς</span> <span class='ocrx_word' id='word_1_681' title='bbox 511 4703 862 4776; x_wconf 77' lang='grc' dir='ltr'>καταφρονῶν</span> <span class='ocrx_word' id='word_1_682' title='bbox 915 4704 1011 4754; x_wconf 70' lang='grc' dir='ltr'>τοῦ</span> <span class='ocrx_word' id='word_1_683' title='bbox 1061 4698 1332 4769; x_wconf 83' lang='grc' dir='ltr'>Θεοῦ,καί</span> <span class='ocrx_word' id='word_1_684' title='bbox 1393 4695 1486 4753; x_wconf 70' lang='grc' dir='ltr'>δύο</span> <span class='ocrx_word' id='word_1_685' title='bbox 1544 4698 1754 4772; x_wconf 68' lang='grc' dir='ltr'>ἡμερας</span> <span class='ocrx_word' id='word_1_686' title='bbox 1816 4699 1979 4771; x_wconf 89' lang='grc' dir='ltr'>μόνον</span> 
     </span>
    </p>
   </div>
   <div class='ocr_carea' id='block_1_97' title="bbox 314 4789 1006 4864">
    <p class='ocr_par' dir='ltr' id='par_1_97' title="bbox 314 4789 1006 4864">
     <span class='ocr_line' id='line_1_99' title="bbox 314 4789 1006 4864; baseline -0.004 -19"><span class='ocrx_word' id='word_1_687' title='bbox 314 4797 438 4849; x_wconf 82' lang='grc' dir='ltr'>τῶν</span> <span class='ocrx_word' id='word_1_688' title='bbox 471 4795 652 4845; x_wconf 72' lang='grc' dir='ltr'>κακῶν</span> <span class='ocrx_word' id='word_1_689' title='bbox 687 4789 1006 4864; x_wconf 68' lang='grc' dir='ltr'>ἡσυχάσῃς;</span> 
     </span>
    </p>
   </div>
   <div class='ocr_carea' id='block_1_98' title="bbox 397 4875 1981 4955">
    <p class='ocr_par' dir='ltr' id='par_1_98' title="bbox 397 4875 1981 4955">
     <span class='ocr_line' id='line_1_100' title="bbox 397 4875 1981 4955; baseline -0.003 -21"><span class='ocrx_word' id='word_1_690' title='bbox 397 4881 603 4955; x_wconf 82' lang='grc' dir='ltr'>Ἐρώτ.</span> <span class='ocrx_word' id='word_1_691' title='bbox 664 4876 766 4947; x_wconf 76' lang='grc' dir='ltr'>λζ.</span> <span class='ocrx_word' id='word_1_692' title='bbox 823 4877 976 4939; x_wconf 80' lang='grc' dir='ltr'>Τίνος</span> <span class='ocrx_word' id='word_1_693' title='bbox 1034 4876 1198 4953; x_wconf 84' lang='grc' dir='ltr'>χάριν</span> <span class='ocrx_word' id='word_1_694' title='bbox 1257 4877 1307 4931; x_wconf 81' lang='lat' dir='ltr'>o&#39;t</span> <span class='ocrx_word' id='word_1_695' title='bbox 1365 4875 1674 4952; x_wconf 79' lang='grc' dir='ltr'>Χριστιανοὶ</span> <span class='ocrx_word' id='word_1_696' title='bbox 1744 4896 1981 4950; x_wconf 84' lang='grc' dir='ltr'>προσκυ-</span> 
     </span>
    </p>
   </div>
   <div class='ocr_carea' id='block_1_99' title="bbox 317 4962 1982 5042">
    <p class='ocr_par' dir='ltr' id='par_1_99' title="bbox 317 4962 1982 5042">
     <span class='ocr_line' id='line_1_101' title="bbox 317 4962 1982 5042; baseline -0.004 -16"><span class='ocrx_word' id='word_1_697' title='bbox 317 4974 531 5042; x_wconf 71' lang='grc' dir='ltr'>νοῦμεν</span> <span class='ocrx_word' id='word_1_698' title='bbox 588 4967 725 5023; x_wconf 77' lang='grc' dir='ltr'>κατὰ</span> <span class='ocrx_word' id='word_1_699' title='bbox 781 4965 1070 5036; x_wconf 69' lang='grc' dir='ltr'>ἀνατολὰς,</span> <span class='ocrx_word' id='word_1_700' title='bbox 1101 4967 1189 5021; x_wconf 84' lang='grc' dir='ltr'>καὶ</span> <span class='ocrx_word' id='word_1_701' title='bbox 1244 4965 1296 5020; x_wconf 87' lang='grc' dir='ltr'>τί</span> <span class='ocrx_word' id='word_1_702' title='bbox 1356 4962 1557 5036; x_wconf 68' lang='grc' dir='ltr'>δήποτε</span> <span class='ocrx_word' id='word_1_703' title='bbox 1609 4967 1720 5040; x_wconf 77' lang='grc'>(46)</span> <span class='ocrx_word' id='word_1_704' title='bbox 1765 4965 1816 5019; x_wconf 68' lang='grc' dir='ltr'>οἱ</span> <span class='ocrx_word' id='word_1_705' title='bbox 1848 4967 1982 5023; x_wconf 85' lang='grc' dir='ltr'>Ἰου-</span> 
     </span>
    </p>
   </div>
   <div class='ocr_carea' id='block_1_100' title="bbox 321 5055 882 5127">
    <p class='ocr_par' dir='ltr' id='par_1_100' title="bbox 321 5055 882 5127">
     <span class='ocr_line' id='line_1_102' title="bbox 321 5055 882 5127; baseline -0.011 -11"><span class='ocrx_word' id='word_1_706' title='bbox 321 5059 484 5116; x_wconf 79' lang='grc' dir='ltr'>δαῖοι</span> <span class='ocrx_word' id='word_1_707' title='bbox 515 5059 652 5112; x_wconf 73' lang='grc' dir='ltr'>κατᾶ</span> <span class='ocrx_word' id='word_1_708' title='bbox 679 5055 839 5111; x_wconf 84' lang='grc' dir='ltr'>νότον</span> <span class='ocrx_word' id='word_1_709' title='bbox 869 5075 882 5127; x_wconf 87' lang='grc'><strong>;</strong></span> 
     </span>
    </p>
   </div>
   <div class='ocr_carea' id='block_1_101' title="bbox 403 5139 1981 5220">
    <p class='ocr_par' dir='ltr' id='par_1_101' title="bbox 403 5139 1981 5220">
     <span class='ocr_line' id='line_1_103' title="bbox 403 5139 1981 5220; baseline -0.006 -15"><span class='ocrx_word' id='word_1_710' title='bbox 403 5146 600 5205; x_wconf 78' lang='grc' dir='ltr'>Ἀπόκ.</span> <span class='ocrx_word' id='word_1_711' title='bbox 635 5144 712 5204; x_wconf 78' lang='grc' dir='ltr'>Οὐ</span> <span class='ocrx_word' id='word_1_712' title='bbox 746 5145 844 5218; x_wconf 85' lang='grc' dir='ltr'>μία</span> <span class='ocrx_word' id='word_1_713' title='bbox 875 5144 1102 5219; x_wconf 79' lang='grc' dir='ltr'>ὁμοί.αή</span> <span class='ocrx_word' id='word_1_714' title='bbox 1145 5143 1269 5220; x_wconf 86' lang='grc' dir='ltr'>περὶ</span> <span class='ocrx_word' id='word_1_715' title='bbox 1323 5142 1519 5198; x_wconf 73' lang='grc' dir='ltr'>τούτου</span> <span class='ocrx_word' id='word_1_716' title='bbox 1566 5139 1835 5216; x_wconf 76' lang='grc' dir='ltr'>ἀπόδειξις</span> <span class='ocrx_word' id='word_1_717' title='bbox 1892 5141 1981 5198; x_wconf 86' lang='grc' dir='ltr'>καὶ</span> 
     </span>
    </p>
   </div>
   <div class='ocr_carea' id='block_1_102' title="bbox 324 5227 1980 5311">
    <p class='ocr_par' dir='ltr' id='par_1_102' title="bbox 324 5227 1980 5311">
     <span class='ocr_line' id='line_1_104' title="bbox 324 5227 1980 5311; baseline -0.004 -17"><span class='ocrx_word' id='word_1_718' title='bbox 324 5233 649 5311; x_wconf 77' lang='grc' dir='ltr'>ἀπόκρισις.</span> <span class='ocrx_word' id='word_1_719' title='bbox 707 5234 936 5309; x_wconf 82' lang='grc' dir='ltr'>Ἐτέρως</span> <span class='ocrx_word' id='word_1_720' title='bbox 983 5233 1083 5308; x_wconf 79' lang='grc' dir='ltr'>γὰρ</span> <span class='ocrx_word' id='word_1_721' title='bbox 1128 5230 1412 5295; x_wconf 81' lang='grc' dir='ltr'>Ἰουδαίοις</span> <span class='ocrx_word' id='word_1_722' title='bbox 1469 5227 1864 5306; x_wconf 72' lang='grc' dir='ltr'>ἀπολογητέον,</span> <span class='ocrx_word' id='word_1_723' title='bbox 1890 5232 1980 5287; x_wconf 80' lang='grc' dir='ltr'>καὶ</span> 
     </span>
    </p>
   </div>
   <div class='ocr_carea' id='block_1_103' title="bbox 405 5408 1896 5560">
    <p class='ocr_par' dir='ltr' id='par_1_103' title="bbox 405 5408 1896 5560">
     <span class='ocr_line' id='line_1_105' title="bbox 405 5408 1896 5560; baseline -0.003 -90"><span class='ocrx_word' id='word_1_724' title='bbox 405 5414 524 5560; x_wconf 53' lang='lat' dir='ltr'>E43)</span> <span class='ocrx_word' id='word_1_725' title='bbox 557 5413 642 5470; x_wconf 90' lang='lat' dir='ltr'>Ita</span> <span class='ocrx_word' id='word_1_726' title='bbox 671 5411 914 5486; x_wconf 86' lang='lat' dir='ltr'>quidam</span> <span class='ocrx_word' id='word_1_727' title='bbox 948 5429 1091 5496; x_wconf 71' lang='lat' dir='ltr'>mss.</span> <span class='ocrx_word' id='word_1_728' title='bbox 1127 5411 1278 5468; x_wconf 88' lang='lat' dir='ltr'>Editi</span> <span class='ocrx_word' id='word_1_729' title='bbox 1309 5427 1465 5496; x_wconf 67' lang='lat' dir='ltr'>vero,</span> <span class='ocrx_word' id='word_1_730' title='bbox 1498 5409 1559 5472; x_wconf 79' lang='grc' dir='ltr'>’ὰς</span> <span class='ocrx_word' id='word_1_731' title='bbox 1593 5408 1896 5500; x_wconf 67' lang='grc' dir='ltr'>βλέπομεν.</span> 
     </span>
     <span class='ocr_line' id='line_1_106' title="bbox 433 5480 1873 5560; baseline -0.003 -17"><span class='ocrx_word' id='word_1_732' title='bbox 433 5487 501 5543; x_wconf 67' lang='grc'>44</span> <span class='ocrx_word' id='word_1_733' title='bbox 537 5491 661 5542; x_wconf 85' lang='lat' dir='ltr'>Duo</span> <span class='ocrx_word' id='word_1_734' title='bbox 692 5488 1104 5560; x_wconf 68' lang='lat' dir='ltr'>manuscript],</span> <span class='ocrx_word' id='word_1_735' title='bbox 1135 5480 1464 5560; x_wconf 74' lang='grc' dir='ltr'>ἐπαναλυσαι</span> <span class='ocrx_word' id='word_1_736' title='bbox 1510 5502 1647 5558; x_wconf 85' lang='grc' dir='ltr'>προς</span> <span class='ocrx_word' id='word_1_737' title='bbox 1703 5503 1873 5556; x_wconf 82' lang='grc' dir='ltr'>ημας,</span> 
     </span>
    </p>
   </div>
   <div class='ocr_carea' id='block_1_104' title="bbox 433 5480 1994 5558">
    <p class='ocr_par' dir='ltr' id='par_1_104' title="bbox 433 5480 1994 5558">
     <span class='ocr_line' id='line_1_107' title="bbox 433 5480 1994 5558; baseline -0.006 -15"><span class='ocrx_word' id='word_1_738' title='bbox 433 5480 516 5543; x_wconf 62' lang='grc' dir='ltr'>ιε’</span> <span class='ocrx_word' id='word_1_739' title='bbox 537 5491 661 5542; x_wconf 86' lang='lat' dir='ltr'>Duo</span> <span class='ocrx_word' id='word_1_740' title='bbox 689 5480 1104 5558; x_wconf 76' lang='lat' dir='ltr'>manuscripti,</span> <span class='ocrx_word' id='word_1_741' title='bbox 1135 5480 1464 5558; x_wconf 75' lang='grc' dir='ltr'>ἐπαναλῢσαι</span> <span class='ocrx_word' id='word_1_742' title='bbox 1510 5480 1647 5558; x_wconf 79' lang='grc' dir='ltr'>πρὸς</span> <span class='ocrx_word' id='word_1_743' title='bbox 1703 5480 1873 5556; x_wconf 78' lang='grc' dir='ltr'>ἡμᾶς,</span> <span class='ocrx_word' id='word_1_744' title='bbox 1904 5480 1994 5537; x_wconf 84' lang='grc' dir='ltr'>καὶ</span> 
     </span>
    </p>
   </div>
   <div class='ocr_carea' id='block_1_105' title="bbox 333 5553 1259 5706">
    <p class='ocr_par' dir='ltr' id='par_1_105' title="bbox 333 5553 1259 5706">
     <span class='ocr_line' id='line_1_108' title="bbox 333 5553 1259 5633; baseline -0.006 -18"><span class='ocrx_word' id='word_1_745' title='bbox 333 5553 434 5630; x_wconf 69' lang='grc' dir='ltr'>8ιὴ</span> <span class='ocrx_word' id='word_1_746' title='bbox 477 5560 713 5628; x_wconf 79' lang='grc' dir='ltr'>ήσασοαι</span> <span class='ocrx_word' id='word_1_747' title='bbox 762 5555 899 5630; x_wconf 81' lang='grc' dir='ltr'>πρὸς</span> <span class='ocrx_word' id='word_1_748' title='bbox 931 5553 1196 5633; x_wconf 64' lang='grc' dir='ltr'>ὠῴέλειαν</span> <span class='ocrx_word' id='word_1_749' title='bbox 1227 5555 1259 5624; x_wconf 79' lang='grc' dir='ltr'>ἡ</span> 
     </span>
     <span class='ocr_line' id='line_1_109' title="bbox 412 5580 1255 5706; baseline -0.005 -18"><span class='ocrx_word' id='word_1_750' title='bbox 412 5580 529 5706; x_wconf 59' lang='lat'>(15)</span> <span class='ocrx_word' id='word_1_751' title='bbox 561 5634 698 5688; x_wconf 67' lang='lat' dir='ltr'>Hac</span> <span class='ocrx_word' id='word_1_752' title='bbox 723 5629 968 5701; x_wconf 61' lang='lat' dir='ltr'>quaestio</span> <span class='ocrx_word' id='word_1_753' title='bbox 999 5629 1163 5686; x_wconf 85' lang='lat' dir='ltr'>deest</span> <span class='ocrx_word' id='word_1_754' title='bbox 1193 5628 1255 5685; x_wconf 90' lang='lat' dir='ltr'>in</span> 
     </span>
    </p>
   </div>
   <div class='ocr_carea' id='block_1_106' title="bbox 1313 5558 1412 5611">
    <p class='ocr_par' dir='ltr' id='par_1_106' title="bbox 1313 5558 1412 5611">
     <span class='ocr_line' id='line_1_110' title="bbox 1313 5558 1412 5611; baseline 0.03 -4"><span class='ocrx_word' id='word_1_755' title='bbox 1313 5558 1412 5611; x_wconf 89' lang='grc' dir='ltr'>ῶν.</span> 
     </span>
    </p>
   </div>
   <div class='ocr_carea' id='block_1_107' title="bbox 1271 5577 1554 5686">
    <p class='ocr_par' dir='ltr' id='par_1_107' title="bbox 1271 5577 1554 5686">
     <span class='ocr_line' id='line_1_111' title="bbox 1271 5577 1412 5629; baseline 0.014 -21"><span class='ocrx_word' id='word_1_756' title='bbox 1271 5577 1387 5629; x_wconf 83' lang='grc' dir='ltr'>μων</span> <span class='ocrx_word' id='word_1_757' title='bbox 1397 5596 1412 5611; x_wconf 82' lang='grc' dir='ltr'><strong><em>ο</em></strong></span> 
     </span>
     <span class='ocr_line' id='line_1_112' title="bbox 1288 5626 1554 5686; baseline -0.011 0"><span class='ocrx_word' id='word_1_758' title='bbox 1288 5626 1469 5686; x_wconf 84' lang='lat' dir='ltr'>Palat.</span> <span class='ocrx_word' id='word_1_759' title='bbox 1499 5629 1554 5683; x_wconf 88' lang='lat'>2.</span> 
     </span>
    </p>
   </div>
   <div class='ocr_carea' id='block_1_108' title="bbox 667 5755 1421 5822">
    <p class='ocr_par' dir='ltr' id='par_1_108' title="bbox 667 5755 1421 5822">
     <span class='ocr_line' id='line_1_113' title="bbox 667 5755 1421 5822; baseline -0.003 -3"><span class='ocrx_word' id='word_1_760' title='bbox 667 5757 936 5821; x_wconf 73' lang='grc' dir='ltr'>ΡΑτιιοι..</span> <span class='ocrx_word' id='word_1_761' title='bbox 985 5758 1095 5820; x_wconf 80' lang='lat' dir='ltr'>Gn.</span> <span class='ocrx_word' id='word_1_762' title='bbox 1144 5755 1421 5822; x_wconf 79' lang='lat' dir='ltr'><strong>XXVIII.</strong></span> 
     </span>
    </p>
   </div>
   <div class='ocr_carea' id='block_1_109' title="bbox 2093 4610 3746 4684">
    <p class='ocr_par' dir='ltr' id='par_1_109' title="bbox 2093 4610 3746 4684">
     <span class='ocr_line' id='line_1_114' title="bbox 2093 4610 3746 4684; baseline 0 -17"><span class='ocrx_word' id='word_1_763' title='bbox 2093 4616 2354 4683; x_wconf 86' lang='lat' dir='ltr'>peresset</span> <span class='ocrx_word' id='word_1_764' title='bbox 2399 4610 2606 4684; x_wconf 86' lang='lat' dir='ltr'>gratia,</span> <span class='ocrx_word' id='word_1_765' title='bbox 2656 4612 2702 4667; x_wconf 88' lang='lat' dir='ltr'>si</span> <span class='ocrx_word' id='word_1_766' title='bbox 2755 4616 3087 4682; x_wconf 85' lang='lat' dir='ltr'>contempto</span> <span class='ocrx_word' id='word_1_767' title='bbox 3125 4617 3236 4667; x_wconf 86' lang='lat' dir='ltr'>Deo</span> <span class='ocrx_word' id='word_1_768' title='bbox 3267 4615 3502 4668; x_wconf 91' lang='lat' dir='ltr'>centum</span> <span class='ocrx_word' id='word_1_769' title='bbox 3536 4627 3746 4684; x_wconf 89' lang='lat' dir='ltr'>perpe-</span> 
     </span>
    </p>
   </div>
   <div class='ocr_carea' id='block_1_110' title="bbox 2092 4699 3745 4773">
    <p class='ocr_par' dir='ltr' id='par_1_110' title="bbox 2092 4699 3745 4773">
     <span class='ocr_line' id='line_1_115' title="bbox 2092 4699 3745 4773; baseline 0 -18"><span class='ocrx_word' id='word_1_770' title='bbox 2092 4705 2278 4756; x_wconf 88' lang='lat' dir='ltr'>trares</span> <span class='ocrx_word' id='word_1_771' title='bbox 2309 4699 2648 4771; x_wconf 88' lang='lat' dir='ltr'>homicidia,</span> <span class='ocrx_word' id='word_1_772' title='bbox 2671 4701 2940 4772; x_wconf 85' lang='lat' dir='ltr'>duosque</span> <span class='ocrx_word' id='word_1_773' title='bbox 2969 4703 3198 4757; x_wconf 90' lang='lat' dir='ltr'>tantum</span> <span class='ocrx_word' id='word_1_774' title='bbox 3233 4717 3334 4773; x_wconf 90' lang='lat' dir='ltr'>per</span> <span class='ocrx_word' id='word_1_775' title='bbox 3361 4701 3487 4757; x_wconf 85' lang='lat' dir='ltr'>dies</span> <span class='ocrx_word' id='word_1_776' title='bbox 3518 4717 3552 4756; x_wconf 88' lang='lat' dir='ltr'>a</span> <span class='ocrx_word' id='word_1_777' title='bbox 3573 4699 3745 4756; x_wconf 89' lang='lat' dir='ltr'>malis</span> 
     </span>
    </p>
   </div>
   <div class='ocr_carea' id='block_1_111' title="bbox 2094 4789 2406 4846">
    <p class='ocr_par' dir='ltr' id='par_1_111' title="bbox 2094 4789 2406 4846">
     <span class='ocr_line' id='line_1_116' title="bbox 2094 4789 2406 4846; baseline -0.003 -2"><span class='ocrx_word' id='word_1_778' title='bbox 2094 4806 2356 4846; x_wconf 87' lang='lat' dir='ltr'>cessares</span> <span class='ocrx_word' id='word_1_779' title='bbox 2377 4789 2406 4842; x_wconf 77' lang='lat' dir='ltr'>‘I</span> 
     </span>
    </p>
   </div>
   <div class='ocr_carea' id='block_1_112' title="bbox 2163 4877 3747 4950">
    <p class='ocr_par' dir='ltr' id='par_1_112' title="bbox 2163 4877 3747 4950">
     <span class='ocr_line' id='line_1_117' title="bbox 2163 4877 3747 4950; baseline 0 -16"><span class='ocrx_word' id='word_1_780' title='bbox 2163 4881 2391 4944; x_wconf 77' lang='grc' dir='ltr'>Οωεετ.</span> <span class='ocrx_word' id='word_1_781' title='bbox 2416 4877 2676 4935; x_wconf 89' lang='lat' dir='ltr'><strong>XXXVII.</strong></span> <span class='ocrx_word' id='word_1_782' title='bbox 2702 4877 2881 4949; x_wconf 90' lang='lat' dir='ltr'>Cujus</span> <span class='ocrx_word' id='word_1_783' title='bbox 2911 4881 3098 4950; x_wconf 80' lang='lat' dir='ltr'>gratia</span> <span class='ocrx_word' id='word_1_784' title='bbox 3144 4895 3251 4935; x_wconf 90' lang='lat' dir='ltr'>nos</span> <span class='ocrx_word' id='word_1_785' title='bbox 3281 4877 3596 4935; x_wconf 82' lang='lat' dir='ltr'>Christiani</span> <span class='ocrx_word' id='word_1_786' title='bbox 3626 4894 3747 4935; x_wconf 84' lang='lat' dir='ltr'>ver-</span> 
     </span>
    </p>
   </div>
   <div class='ocr_carea' id='block_1_113' title="bbox 2093 4967 3748 5034">
    <p class='ocr_par' dir='ltr' id='par_1_113' title="bbox 2093 4967 3748 5034">
     <span class='ocr_line' id='line_1_118' title="bbox 2093 4967 3748 5034; baseline 0.001 -10"><span class='ocrx_word' id='word_1_787' title='bbox 2093 4984 2195 5024; x_wconf 79' lang='lat' dir='ltr'>sus</span> <span class='ocrx_word' id='word_1_788' title='bbox 2264 4968 2548 5024; x_wconf 87' lang='lat' dir='ltr'>orientem</span> <span class='ocrx_word' id='word_1_789' title='bbox 2616 4968 2954 5034; x_wconf 90' lang='lat' dir='ltr'>adoramus,</span> <span class='ocrx_word' id='word_1_790' title='bbox 3017 4972 3075 5024; x_wconf 90' lang='lat' dir='ltr'>et</span> <span class='ocrx_word' id='word_1_791' title='bbox 3135 4967 3321 5024; x_wconf 70' lang='lat' dir='ltr'>Judaei</span> <span class='ocrx_word' id='word_1_792' title='bbox 3386 4985 3590 5026; x_wconf 86' lang='lat' dir='ltr'>versus</span> <span class='ocrx_word' id='word_1_793' title='bbox 3639 4986 3748 5025; x_wconf 87' lang='lat' dir='ltr'>au-</span> 
     </span>
    </p>
   </div>
   <div class='ocr_carea' id='block_1_114' title="bbox 2097 5057 2338 5113">
    <p class='ocr_par' dir='ltr' id='par_1_114' title="bbox 2097 5057 2338 5113">
     <span class='ocr_line' id='line_1_119' title="bbox 2097 5057 2338 5113; baseline -0.004 -1"><span class='ocrx_word' id='word_1_794' title='bbox 2097 5061 2288 5113; x_wconf 88' lang='lat' dir='ltr'>strum</span> <span class='ocrx_word' id='word_1_795' title='bbox 2313 5057 2338 5111; x_wconf 66' lang='grc' dir='ltr'><strong><em>Ἰ</em></strong></span> 
     </span>
    </p>
   </div>
   <div class='ocr_carea' id='block_1_115' title="bbox 2165 5143 3758 5218">
    <p class='ocr_par' dir='ltr' id='par_1_115' title="bbox 2165 5143 3758 5218">
     <span class='ocr_line' id='line_1_120' title="bbox 2165 5143 3758 5218; baseline 0.003 -17"><span class='ocrx_word' id='word_1_796' title='bbox 2165 5147 2335 5201; x_wconf 72' lang='lat' dir='ltr'>Resp.</span> <span class='ocrx_word' id='word_1_797' title='bbox 2371 5145 2495 5202; x_wconf 82' lang='lat' dir='ltr'>Non</span> <span class='ocrx_word' id='word_1_798' title='bbox 2524 5145 2726 5202; x_wconf 89' lang='lat' dir='ltr'>eadem</span> <span class='ocrx_word' id='word_1_799' title='bbox 2759 5143 3042 5202; x_wconf 80' lang='lat' dir='ltr'>similiave</span> <span class='ocrx_word' id='word_1_800' title='bbox 3073 5145 3180 5202; x_wconf 90' lang='lat' dir='ltr'>hac</span> <span class='ocrx_word' id='word_1_801' title='bbox 3210 5147 3281 5204; x_wconf 91' lang='lat' dir='ltr'>de</span> <span class='ocrx_word' id='word_1_802' title='bbox 3313 5163 3373 5203; x_wconf 85' lang='lat' dir='ltr'>re</span> <span class='ocrx_word' id='word_1_803' title='bbox 3416 5148 3610 5206; x_wconf 86' lang='lat' dir='ltr'>danda</span> <span class='ocrx_word' id='word_1_804' title='bbox 3662 5165 3758 5218; x_wconf 64' lang='lat' dir='ltr'>est</span> 
     </span>
    </p>
   </div>
   <div class='ocr_carea' id='block_1_116' title="bbox 2095 5234 3749 5308">
    <p class='ocr_par' dir='ltr' id='par_1_116' title="bbox 2095 5234 3749 5308">
     <span class='ocr_line' id='line_1_121' title="bbox 2095 5234 3749 5308; baseline 0.003 -18"><span class='ocrx_word' id='word_1_805' title='bbox 2095 5235 2359 5308; x_wconf 88' lang='lat' dir='ltr'>probatio</span> <span class='ocrx_word' id='word_1_806' title='bbox 2406 5239 2462 5290; x_wconf 91' lang='lat' dir='ltr'>et</span> <span class='ocrx_word' id='word_1_807' title='bbox 2509 5234 2834 5306; x_wconf 89' lang='lat' dir='ltr'>responsio.</span> <span class='ocrx_word' id='word_1_808' title='bbox 2869 5235 3052 5292; x_wconf 78' lang='lat' dir='ltr'>Aliter</span> <span class='ocrx_word' id='word_1_809' title='bbox 3077 5236 3233 5292; x_wconf 91' lang='lat' dir='ltr'>enim</span> <span class='ocrx_word' id='word_1_810' title='bbox 3265 5242 3356 5295; x_wconf 91' lang='lat' dir='ltr'>est</span> <span class='ocrx_word' id='word_1_811' title='bbox 3384 5237 3749 5296; x_wconf 79' lang='lat' dir='ltr'>satisfacien-</span> 
     </span>
    </p>
   </div>
   <div class='ocr_carea' id='block_1_117' title="bbox 2173 5408 3750 5483">
    <p class='ocr_par' dir='ltr' id='par_1_117' title="bbox 2173 5408 3750 5483">
     <span class='ocr_line' id='line_1_122' title="bbox 2173 5408 3750 5483; baseline 0.004 -18"><span class='ocrx_word' id='word_1_812' title='bbox 2173 5411 2285 5482; x_wconf 80' lang='grc'>(46)</span> <span class='ocrx_word' id='word_1_813' title='bbox 2316 5409 2404 5466; x_wconf 90' lang='lat' dir='ltr'>Sic</span> <span class='ocrx_word' id='word_1_814' title='bbox 2438 5411 2468 5466; x_wconf 80' lang='grc'><strong>4</strong></span> <span class='ocrx_word' id='word_1_815' title='bbox 2501 5427 2644 5483; x_wconf 86' lang='lat' dir='ltr'>mss.</span> <span class='ocrx_word' id='word_1_816' title='bbox 2680 5412 2748 5483; x_wconf 91' lang='lat' dir='ltr'>I_n_</span> <span class='ocrx_word' id='word_1_817' title='bbox 2788 5411 3167 5483; x_wconf 8' lang='lat' dir='ltr'>editisqvero,</span> <span class='ocrx_word' id='word_1_818' title='bbox 3197 5412 3249 5466; x_wconf 79' lang='grc' dir='ltr'>τί</span> <span class='ocrx_word' id='word_1_819' title='bbox 3304 5408 3509 5483; x_wconf 79' lang='grc' dir='ltr'>δήποτε</span> <span class='ocrx_word' id='word_1_820' title='bbox 3565 5417 3750 5474; x_wconf 82' lang='lat' dir='ltr'>deest.</span> 
     </span>
    </p>
   </div>
   <div class='ocr_carea' id='block_1_118' title="bbox 2106 5478 3754 5612">
    <p class='ocr_par' dir='ltr' id='par_1_118' title="bbox 2106 5478 3754 5612">
     <span class='ocr_line' id='line_1_123' title="bbox 2106 5478 3754 5612; baseline 0.005 -73"><span class='ocrx_word' id='word_1_821' title='bbox 2106 5478 2233 5612; x_wconf 44' lang='lat' dir='ltr'>illi:</span> <span class='ocrx_word' id='word_1_822' title='bbox 2261 5483 2424 5552; x_wconf 89' lang='lat' dir='ltr'>editi,</span> <span class='ocrx_word' id='word_1_823' title='bbox 2458 5482 2534 5540; x_wconf 80' lang='grc' dir='ltr'>Οὐ</span> <span class='ocrx_word' id='word_1_824' title='bbox 2571 5481 2668 5556; x_wconf 84' lang='grc' dir='ltr'>μία</span> <span class='ocrx_word' id='word_1_825' title='bbox 2699 5478 2776 5555; x_wconf 79' lang='grc' dir='ltr'>δέ,</span> <span class='ocrx_word' id='word_1_826' title='bbox 2809 5485 2913 5542; x_wconf 92' lang='lat' dir='ltr'>sed</span> <span class='ocrx_word' id='word_1_827' title='bbox 2945 5480 3001 5538; x_wconf 65' lang='grc' dir='ltr'><strong>δέ</strong></span> <span class='ocrx_word' id='word_1_828' title='bbox 3031 5478 3195 5543; x_wconf 82' lang='lat' dir='ltr'>deest</span> <span class='ocrx_word' id='word_1_829' title='bbox 3223 5486 3283 5543; x_wconf 91' lang='lat' dir='ltr'>in</span> <span class='ocrx_word' id='word_1_830' title='bbox 3314 5478 3572 5546; x_wconf 78' lang='lat' dir='ltr'>maxime</span> <span class='ocrx_word' id='word_1_831' title='bbox 3591 5493 3754 5562; x_wconf 87' lang='lat' dir='ltr'>parte</span> 
     </span>
    </p>
   </div>
   <div class='ocr_carea' id='block_1_119' title="bbox 3353 5758 3435 5822">
    <p class='ocr_par' dir='ltr' id='par_1_119' title="bbox 3353 5758 3435 5822">
     <span class='ocr_line' id='line_1_124' title="bbox 3353 5758 3435 5822; baseline 0.061 -5"><span class='ocrx_word' id='word_1_832' title='bbox 3353 5758 3435 5822; x_wconf 80' lang='grc'>20</span> 
     </span>
    </p>
   </div>
  </div>
