4108 6210
265 354 380 412 621

1230 346 1746 420 ΟΙΠΕΞΤΙΟΝΕΞ
1791 346 1892 406 AD
1939 343 2404 407 ANTIOCHUM
2448 344 2745 406 DUCEM.

3569 353 3688 414 622

259 482 495 557 κλόγων
528 479 708 544 θυσίαν
750 484 865 551 Θεῷ
893 484 1248 555 προσαγαγεῖν
1279 479 1615 551 νομίζοντες,
1645 480 1744 546 τὴν
1779 476 1924 532 ἀναί-

2044 482 2099 532 et
2126 478 2486 533 irrationalia
2513 477 2793 533 animalia
2825 483 2936 535 Deo
2965 496 3028 534 se
3077 479 3430 538 sacriﬁcium
3475 485 3681 542 oii'erre

265 593 478 646 μακτον
527 570 708 624 θυσίαν
763 574 1004 644 Χριστοῦ
1051 568 1401 644 ἀνατρέπουσι
1451 567 1539 621 καὶ
1594 564 1925 642 βδελύσσον-

258 680 374 716 ται·
424 659 568 714 οὕτω
617 658 809 720 πάντες
862 659 913 712 οἱ
959 660 1058 726 τήν
1113 659 1281 733 σάρκα
1326 655 1774 731 περιτεμνόμενοι
1823 655 1922 721 τήν

261 751 647 823 πνευματικὴν
694 749 1025 822 περιτομὴν,
1073 743 1244 822 ἤγουν
1293 747 1356 800 τὸ
1415 746 1568 820 ἅγιον
1624 743 1923 819 βάπτισμα,

261 837 592 913 λοιδοροῦσι
665 838 756 891 καὶ
834 835 1304 914 ἀποστρέφονται·
1365 833 1455 888 καὶ
1541 831 1706 888 πάλιν
1784 829 1924 886 ἄλλο

261 927 491 1000 ὅμοιον.
526 926 641 984 Οὐκ
669 925 719 980 ἐν
750 930 830 997 τῷ
856 924 1012 997 νόμῳ
1043 925 1071 978 6
1094 924 1324 1000 Χριστὸς
1362 924 1453 977 τὸν
1489 916 1744 976 διάϐολον
1797 940 1925 973 κατι

260 1019 487 1091 ἤργησε
530 1015 617 1070 καὶ
662 1019 791 1076 τοὺς
839 1011 1121 1086 δαίμονας,
1155 1009 1280 1066 οὐδὲ
1321 1011 1377 1065 ἐν
1418 1009 1566 1082 αὐτῷ
1610 1009 1709 1077 τὴν
1745 1028 1923 1077 σωτη-

260 1106 387 1179 ρίαν
423 1105 734 1181 εἰργάσατο·
767 1101 894 1156 ἀλλ’
926 1100 980 1156 ἐν
1026 1105 1106 1172 τῷ
1153 1104 1388 1175 σταυρῷ.
1419 1101 1579 1161 "00w
1625 1097 1794 1181 νόμον
1831 1096 1926 1168 μὲν

261 1196 510 1269 ὁρῶντες
563 1194 614 1246 oi
663 1190 912 1264 δαίμονες
963 1189 1026 1244 οὐ
1075 1189 1365 1264 τρέμουσιν
1426 1184 1554 1240 οὐδὲ
1607 1180 1921 1262 φοϐοῦνται·

259 1284 501 1356 σταυρὸν
537 1279 595 1335 δὲ
624 1279 897 1341 πολλάκις
929 1280 1162 1353 ὁρῶντες
1217 1277 1476 1353 τρέμουσι
1524 1276 1613 1329 καὶ
1663 1272 1923 1350 φεύγουσι

258 1373 353 1425 καί
388 1374 784 1446 καταργοῦνται
816 1369 904 1423 καὶ
937 1366 1246 1422 διώκονται.

338 1461 541 1535 Ἐρώτ.
597 1457 700 1522 λθ’,
751 1461 862 1515 Τοῦ
911 1460 1044 1512 Θεοῦ
1088 1455 1178 1510 διὰ
1223 1459 1328 1510 τῶν
1373 1457 1666 1532 προφητῶν
1720 1448 1926 1525 ἐπιτρέ-

263 1569 496 1620 ποντος,
535 1549 612 1621 μή
661 1552 976 1621 προσκυνεῖν
1033 1543 1414 1620 χειροποίητα,
1473 1539 1560 1595 διὰ
1601 1539 1654 1594 τί
1683 1559 1927 1615 προσκυ-

263 1643 470 1711 νοῦμεν
523 1636 736 1698 εἰκόνας
793 1635 881 1690 καὶ
941 1635 1192 1710 σταυρὸν,
1250 1632 1376 1709 ἔργα
1432 1630 1695 1686 τεκτόνων
1753 1629 1922 1704 ὑπάρ-

265 1748 468 1802 χοντα,
501 1727 680 1788 καθὼς
709 1724 799 1779 καὶ
827 1726 895 1778 τὰ
927 1721 1128 1778 εἴδωλα
1155 1722 1514 1799 τυγχάνουσιν
1551 1721 1662 1791 (53)
1696 1736 1710 1785 ;

2036 567 2417 634 arbitrantur,
2451 567 2824 623 incruentum
2865 569 3080 624 Christi
3127 570 3487 651 sapriﬁcium
3519 590 3678 629 ever-

2035 659 2168 709 tunt
2195 660 2251 710 et
2299 655 2717 710 abominantur
2768 674 2779 710 :
2827 657 2909 712 ita
2951 673 3157 714 omnes
3210 659 3312 730 qui
3359 676 3534 716 carne
3566 663 3680 718 cir-

2035 742 2844 814 cumciduntur,spiritualem
2877 745 3384 804 circumcisionem
3415 749 3534 805 sive
3557 767 3686 806 san-

2035 835 2193 887 ctum
2227 831 2518 903 baptisma
2549 833 2908 888 contumelia
2935 835 3203 891 afﬁciunt
3230 843 3288 892 et
3317 846 3681 894 aversantur.

2037 919 2207 974 Aliud
2239 936 2445 976 rursus
2475 921 2820 976 simile.Non
2852 921 2911 976 in
2938 922 3062 995 lege
3083 923 3353 980 Christus
3382 926 3685 982 diabolum

2033 1012 2090 1064 et
2115 1009 2408 1064 daemones
2436 1009 2771 1080 prostravit,
2824 1025 3014 1082 neque
3058 1012 3116 1066 in
3165 1028 3235 1068 ea
3285 1013 3538 1070 salutem
3591 1019 3681 1071 est

2034 1102 2344 1168 operatus;
2379 1098 2479 1153 sed
2502 1098 2560 1152 in
2593 1114 2782 1153 cruce.
2816 1097 2981 1154 Unde
3026 1099 3214 1172 legem
3258 1102 3549 1159 daemones
3597 1105 3679 1158 vi-

2035 1187 2257 1253 dentes,
2287 1203 2403 1241 non
2453 1190 2716 1242 tremunt
2757 1202 2860 1242 nec
2913 1189 3165 1256 timent;
3200 1206 3430 1246 crucem
3482 1196 3678 1248 autem

2035 1291 2186 1346 saepe
2217 1279 2519 1330 cernentes
2549 1280 2811 1331 tremunt
2847 1277 3200 1349 abeuntque,
3233 1285 3682 1350 prosternuntur

2034 1368 2091 1418 et
2121 1366 2419 1435 fugantur.

2105 1455 2320 1516 Qums'r.
2354 1453 2596 1508 ΧΧΧΙΧ.
2631 1453 2777 1510 Cum
2826 1456 2978 1510 Deus
3028 1471 3131 1527 per
3174 1458 3488 1528 prophetas
3535 1475 3680 1529 pra:-

2035 1541 2214 1613 cipiat
2242 1558 2312 1598 ne
2345 1559 2520 1614 opera
2552 1559 2730 1598 manu
2770 1542 2923 1599 facta
2951 1545 3284 1616 adoremus,
3334 1563 3438 1602 cur
3466 1546 3681 1618 imagi-

1984 1645 1988 1648 ’
2036 1646 2139 1685 nes
2169 1637 2224 1685 et
2254 1646 2487 1686 crucem
2518 1631 2856 1699 adoramus,
2907 1648 3036 1703 quae
3079 1640 3221 1689 sunt
3269 1651 3447 1707 opera
3496 1636 3681 1692 artiﬁ-

2034 1735 2190 1786 cum,
2222 1735 2338 1774 non
2371 1735 2539 1775 secus
2571 1736 2635 1775 ac
2667 1721 2797 1791 ipsa
2825 1721 2982 1776 idola
3004 1721 3031 1776 ?

341 1815 546 1872 Ἀπόκ.
583 1814 705 1890 Οὐχ
753 1815 826 1875 ὡς
873 1811 1025 1874 θεοὺς
1065 1813 1475 1885 προσκυνοῦμεν
1503 1808 1598 1869 τὰς
1632 1806 1840 1866 εἰκόνας
1873 1804 1925 1858 οἱ

448 1904 459 1916 ι
599 1905 612 1916 ι
723 1901 734 1916 1
919 1903 930 1916 ι
981 1901 994 1916 Ι
1112 1900 1126 1916 ο
1190 1896 1319 1916 ηπκκ
1482 1915 1490 1916 κ
1564 1894 1694 1916 ’ἸἿΧ
1763 1893 1922 1916 νκῙν.-..

2115 1809 2286 1864 Rssr.
2319 1808 2436 1864 Nos
2474 1810 2677 1864 ﬁdeles
2723 1810 2965 1866 minime
3008 1812 3320 1869 adoramus
3368 1814 3679 1886 imagines,

264 1904 481 1959 πιστοί·
549 1905 624 1976 μὴ
681 1901 930 1978 γένοιτοί
965 1901 1040 1963 ὡς
1082 1900 1133 1954 οἱ
1190 1896 1492 1968 Ἕλληνες’
1553 1894 1699 1951 ἀλλὰ
1758 1893 1924 1965 μόνον

261 1995 366 2062 τήν
404 1991 593 2067 σχέσιν
647 1990 734 2045 καί
784 1991 882 2058 τὴν
941 1989 1154 2064 ἀγάπην
1212 1993 1313 2056 τῆς
1371 1989 1558 2060 ψυχῆς
1606 1985 1765 2056 ἡμῶν
1823 1987 1926 2049 τῆς

265 2084 408 2158 πρὸς
455 2083 552 2136 τὸν
603 2086 925 2156 χαρακτῆρα
970 2085 1069 2147 τῆς
1117 2076 1323 2138 εἰκόνος
1375 2073 1736 2152 ἐμφανίζομεν
1791 2073 1921 2158 (54)’

264 2157 391 2235 ὅθεν
433 2167 706 2230 πολλάκις
734 2173 832 2222 τοῦ
862 2173 1209 2243 χαρακτῆρος
1248 2163 1606 2230 λειανθέντος,
1640 2163 1714 2222 ὡς
1764 2157 1922 2230 ξύλον

265 2261 442 2335 ἀργὸν
505 2257 700 2313 λοιπὸν
761 2259 860 2326 τὴν
918 2277 1050 2310 ποτε
1099 2254 1278 2310 εἰκόνα
1323 2253 1566 2325 καίομεν.
1609 2250 1710 2306 Καὶ
1743 2247 1923 2321 ὥσπερ

263 2343 470 2403 Ἰακὼϐ
507 2345 730 2420 μέλλων
757 2345 1010 2416 τελευτᾷν
1046 2344 1131 2399 ἐπὶ
1162 2342 1224 2398 τὸ
1255 2344 1418 2415 ἄκρον
1444 2348 1544 2410 τῆς
1592 2335 1814 2416 ῥάϐδου,
1847 2341 1925 2408 τῷ

260 2438 477 2513 Ἰωσήφ
537 2434 955 2511 προσεκύνησεν,
1017 2433 1078 2488 οὐ
1131 2434 1231 2500 τὴν
1293 2427 1493 2507 ῥάϐδον
1539 2432 1742 2500 τιμῶν,
1779 2424 1926 2513 ἀλλὰ

260 2527 360 2580 τὸν
419 2511 623 2594 ταῦτην
679 2523 999 2598 κατέχοντα’
1058 2520 1202 2576 οὕτω
1256 2521 1345 2575 καὶ
1404 2521 1456 2574 οἱ
1512 2517 1694 2572 πιστοὶ
1745 2515 1806 2569 οὐ
1854 2511 1924 2568 δι’

262 2613 457 2690 ἕτερόν
489 2634 608 2668 τινα
637 2611 839 2688 τρόπον
869 2611 962 2672 τὰς
997 2610 1205 2672 εἰκόνας
1235 2608 1605 2681 ἀσπαζόμεθα,
1639 2605 1685 2660 εἰ
1718 2605 1794 2677 μή
1836 2601 1925 2657 διὰ

264 2704 445 2767 πόθον
479 2701 556 2756 ὧν
587 2700 971 2779 ἐμφανίζομεν·
1016 2704 1177 2754 τοῦτο
1226 2703 1506 2759 ποιοῦντες
1550 2698 1686 2768 (55),
1719 2694 1792 2754 ὡς
1831 2692 1920 2746 καὶ

264 2794 512 2866 πατέρας
554 2791 643 2844 καὶ
693 2789 885 2866 φίλους
935 2789 1300 2861 ἀσπαζόμεθαο
1356 2787 1534 2850 καθὼς
1578 2784 1668 2839 καὶ
1712 2784 1764 2838 οἱ
1792 2788 1920 2837 Ἰου-

264 2880 421 2936 δαῖοί
452 2901 585 2934 ποτε
611 2879 705 2940 τὰς
733 2883 830 2932 τοῦ
856 2877 1030 2950 νόμου
1076 2875 1310 2948 πλάκας,
1342 2877 1432 2930 καὶ
1476 2875 1543 2930 τὰ
1574 2873 1668 2928 δύο
1719 2892 1920 2948 χερου-

265 2967 376 3043 ὃὲμ
405 2971 475 3023 τά
505 2974 684 3043 χρυσᾶ
711 2967 801 3021 καὶ
845 2969 912 3020 τά
960 2965 1177 3041 γλυπτὰ
1206 2965 1588 3042 προσεκύνουν,
1623 2961 1683 3017 οὐ
1711 2965 1918 3034 τιμῶν-

261 3081 355 3121 τες
387 3059 489 3126 τήν
521 3054 619 3112 τοῦ
650 3056 807 3118 λίθου)
836 3056 924 3110 καὶ
956 3055 1192 3131 χρυσίου
1224 3055 1402 3126 φύσιν,
1435 3052 1580 3109 ἀλλὰ
1625 3053 1716 3106 τὸν
1755 3054 1922 3104 ταῦτα

263 3147 634 3222 ἐπιτρέψαντα
689 3144 932 3220 γενέσθαι
995 3143 1210 3218 Κύριον.
1265 3146 1333 3201 Οἱ
1391 3141 1448 3198 δὲ
1496 3141 1548 3212 ἐξ
1603 3137 1921 3208 ἀλαζονείας

2040 1903 2322 1970 tanquam
2367 1899 2526 1966 deos,
2579 1905 2644 1954 ut
2688 1899 2937 1971 gentiles
2971 1917 2985 1956 :
3018 1901 3212 1957 absit!
3268 1904 3369 1958 sed
3418 1908 3680 1959 tantum-

2037 1987 2210 2044 modo
2241 1988 2512 2043 aﬂ'ectum
2544 1994 2601 2042 et
2625 2004 2886 2044 amorem
2917 1989 3124 2046 animm
3155 1998 3365 2047 nostrae
3394 2008 3533 2064 erga
3563 1993 3683 2048 ima

2035 2077 2189 2148 ginis
2220 2077 2468 2132 formam
2516 2077 2942 2148 signiﬁcamus.
2992 2080 3381 2144 Quamobrem
3432 2080 3686 2153 plerum-

2037 2182 2168 2236 que,
2202 2165 2399 2220 ablata
2429 2171 2487 2220 et
2517 2165 2708 2222 deleta
2754 2166 2961 2238 ﬁgura,
3001 2170 3060 2223 id
3109 2171 3262 2240 quod
3296 2170 3434 2226 olim
3483 2171 3679 2242 imago

2035 2254 2166 2319 fuit,
2201 2257 2266 2308 ut
2296 2253 2502 2308 inutile
2534 2253 2760 2324 lignum
2796 2256 3220 2313 comburimus.
3275 2266 3354 2314 Ac
3401 2260 3686 2330 quemad-

2036 2342 2274 2397 modum
2305 2341 2484 2397 Jaoob
2527 2341 2867 2411 moriturus,
2910 2345 2970 2399 in
3028 2352 3286 2402 extrema
3332 2348 3495 2420 virga
3523 2353 3684 2404 Jose-

2036 2430 2216 2502 phum
2267 2430 2547 2497 adoravit,
2601 2447 2715 2486 non
2765 2433 2989 2504 virgam
3039 2436 3359 2507 bonorans,
3409 2439 3510 2494 sed
3541 2453 3677 2494 eum

2034 2519 2132 2590 qui
2163 2520 2387 2591 virgam
2411 2519 2647 2574 tenebat
2679 2537 2693 2588 ;
2728 2521 2809 2575 ita
2838 2528 2895 2576 et
2943 2523 3142 2579 lideles
3191 2542 3307 2581 non
3357 2526 3470 2583 alio
3502 2528 3676 2583 modo

2031 2608 2319 2680 imagines
2347 2610 2838 2675 veneramur,nisi
2871 2612 2943 2667 ob
2978 2617 3244 2669 nostrum
3277 2632 3417 2688 erga
3445 2633 3543 2672 eos
3577 2617 3674 2671 de-

2032 2698 2335 2764 siderium,
2370 2713 2620 2768 quorum
2651 2698 2904 2770 efﬁgiem
2934 2702 3318 2773 exprimimus
3351 2721 3363 2758 :
3400 2705 3458 2760 id
3490 2722 3558 2760 ea
3579 2723 3675 2762 ra-

2029 2787 2187 2842 tione
2218 2790 2476 2856 agentes,
2511 2801 2628 2857 qua
2656 2787 2740 2842 vel
2771 2787 3006 2856 liberos,
3036 2790 3123 2846 vel
3155 2799 3424 2862 parentes
3452 2801 3509 2852 et
3529 2797 3671 2853 ami-

2031 2893 2127 2931 cos
2159 2874 2488 2930 salutamus
2523 2891 2536 2929 :
2569 2877 3066 2945 quemadmodum
3097 2880 3282 2937 Judaei
3332 2883 3470 2940 olim
3522 2887 3670 2943 duas

2032 2964 2176 3033 legis
2202 2964 2725 3035 tabulas,duosque
2754 2965 3058 3022 cherubim
3090 2985 3297 3028 aureos
3326 2977 3384 3028 et
3415 2976 3673 3048 sculptos

2033 3051 2373 3120 adorabant,
2423 3069 2540 3106 non
2587 3051 2779 3123 ipsam
2824 3053 3037 3127 lapidis
3085 3057 3173 3114 vel
3221 3061 3348 3116 auri
3398 3067 3675 3120 naturam

2033 3141 2408 3209 honorantes,
2441 3141 2539 3195 sed
2571 3141 2886 3197 Dominum
2919 3145 3020 3216 qui
3052 3147 3164 3202 ista
3186 3150 3368 3219 jussit
3395 3152 3542 3208 ﬁeri.
3566 3154 3676 3218 Qui

265 3234 744 3311 ἀποστρεφόμενοι
821 3239 1139 3308 προσκυνεῖν
1225 3235 1316 3288 τὸν
1393 3233 1618 3304 σταυρὸν
1687 3228 1776 3283 καὶ
1832 3228 1926 3288 τὰς

2044 3246 2167 3285 vero
2202 3246 2314 3300 pra:
2345 3229 2623 3300 superbia
2652 3246 2882 3286 crucem
2913 3239 2972 3288 et
3019 3217 3354 3294 sanctorum
3388 3239 3678 3313 imagines

268 3326 482 3384 εἰκόνας
513 3327 649 3396 (56),
700 3321 997 3398 λεγέτωσαν
1051 3322 1101 3376 οἰ
1151 3322 1374 3392 ἀνόητοι
1421 3326 1538 3382 πῶς
1592 3323 1734 3394 μῦρα
1783 3314 1926 3370 πολ-

269 3415 435 3475 λάκις
469 3407 699 3468 ἔϐλυσαν
733 3412 786 3466 αἳ
818 3412 962 3487 ἅγιαι
1014 3407 1236 3477 εἰκόνες,
1271 3411 1490 3482 δυνάμει
1535 3407 1734 3482 Κυρίου
1768 3424 1781 3475 ;
1811 3409 1928 3465 πῶς

274 3504 445 3579 βέλος
505 3500 764 3574 δεξαμένη
823 3501 1037 3576 ἄψυχος
1095 3501 1296 3570 στήλη,
1329 3501 1402 3562 ὡς
1460 3498 1769 3570 ἐνσώματος
1826 3492 1928 3571 φό-

275 3614 361 3655 σις
415 3593 530 3664 (57)
589 3592 723 3661 αἷμα
771 3587 1087 3664 παραδόξως
1137 3589 1386 3666 ἐξήγαγεν
1422 3608 1436 3658 ;
1467 3593 1585 3650 πῶς
1635 3586 1693 3641 ἐκ
1737 3587 1928 3659 σωρῶν

275 3683 370 3738 καὶ
407 3679 680 3754 λειψάνων
709 3679 797 3733 καὶ
832 3678 1053 3733 εἰκόνων
1098 3678 1368 3740 πολλάκις
1415 3675 1666 3750 δαίμονες
1701 3675 1932 3750 βοῶντες

280 3769 679 3826 ἀπελαύνονται
712 3787 725 3836 ;
754 3766 841 3822 ’ίνα
891 3766 949 3822 δὲ
994 3767 1120 3829 τοὺς
1161 3767 1393 3846 ἄφρονας
1445 3765 1782 3841 ἐπιτρέψωμεν
1843 3760 1931 3816 ἐπὶ

277 3860 502 3926 πλεῖον,
555 3857 780 3912 ἄκουσον
815 3852 978 3932 λόγον
1025 3856 1084 3911 ἐκ
1129 3858 1373 3933 πατέρων
1416 3858 1576 3929 ἡμῶν
1607 3851 1934 3928 διηγηθέντα

277 3950 410 4023 περὶ
439 3946 673 4007 εἰκόνος.
709 3946 830 4002 ’Ότι
864 3945 915 4000 ἐν
949 3944 1354 4022 Ἱεροσολύμοις
1382 3945 1490 3999 τινὶ
1530 3947 1636 3998 τῶν
1685 3941 1932 4010 ἀσκητῶν

279 4036 562 4092 ἐπετίθετο
609 4034 698 4088 καὶ
751 4031 1054 4110 διηνώχλει
1086 4036 1113 4088 6
1144 4035 1383 4110 πονηρὸς
1439 4031 1649 4106 δαίμων
1684 4033 1814 4102 (58).
1849 4031 1932 4083 Ἐν

286 4132 392 4200 μ.ιᾷ
421 4123 516 4180 οῦν
567 4123 808 4202 φαίνεται
858 4122 1005 4197 αὐτῷ
1055 4123 1240 4186 αἰταῖς
1289 4121 1441 4198 ὄψεσι
1489 4123 1551 4177 τὸ
1588 4125 1819 4193 πνεῦμα,
1855 4118 1940 4174 λέ-

283 4239 425 4292 γων,
459 4213 566 4278 ὅτι,
601 4213 687 4268 ἐὰν
715 4211 872 4287 θέλῃς
899 4211 989 4267 ’ίνα
1023 4215 1098 4286 μή
1132 4235 1188 4268 σε
1217 4213 1468 4286 πολεμῶ,
1507 4214 1581 4281 μὴ
1627 4210 1942 4287 προσκυνή-

286 4326 385 4380 σῃς
414 4305 516 4372 τήν
549 4301 730 4358 εἰκόνα
775 4303 998 4374 ταύτην,
1049 4304 1138 4357 καὶ
1182 4302 1476 4381 ἀφίσταμαι
1523 4302 1629 4356 ἀπὸ
1678 4304 1792 4354 σοῦ.
1845 4301 1943 4354 Ἦν

288 4394 348 4450 δὲ
401 4396 436 4462 ἡ
487 4391 648 4446 εἰκὼν
694 4398 794 4460 τῆς
843 4391 994 4468 άγίας
1049 4391 1314 4447 Θεοτόκου
1361 4394 1494 4466 (59).
1547 4391 1676 4445 Εἶτα
1719 4389 1772 4444 τί
1817 4409 1943 4464 φασι

285 4485 433 4558 πρὸς
463 4485 633 4535 ταῦτα
683 4481 735 4534 οἱ
784 4479 1162 4556 ἐπιτρέποντες
1213 4482 1288 4553 μὴ
1341 4485 1659 4556 προσκυνεῖν
1687 4477 1814 4539 τοὺς
1847 4497 1948 4552 χα-

2037 3320 2276 3374 adorare
2308 3318 2626 3389 refugiunt,
2659 3319 2861 3375 dicant
2890 3322 3056 3377 stulti
3087 3329 3380 3396 quomodo
3403 3346 3516 3386 non
3549 3348 3680 3388 raro

2037 3424 2066 3463 e
2118 3407 2300 3463 sacris
2349 3407 2729 3478 imaginibus,
2800 3409 2892 3464 Dei
2944 3411 3179 3484 virtute,
3236 3419 3531 3474 manarint
3580 3437 3682 3476 un-

2039 3496 2300 3569 guenta?
2330 3497 2624 3566 quomodo
2656 3496 2982 3555 inanimata
3028 3506 3225 3558 statua
3267 3505 3379 3561 telo
3411 3510 3683 3565 confossa

2040 3585 2413 3657 sanguinem,
2445 3583 2605 3640 velut
2635 3601 2911 3658 corporea
2942 3593 3529 3659 natura,mirabiliter
3548 3613 3682 3668 pro-

2039 3672 2301 3730 fuderit?
2326 3673 2612 3742 quomode
2642 3675 2910 3743 tumulis,
2944 3677 3206 3749 reliquiis
3236 3686 3295 3736 et
3326 3683 3683 3754 imaginibus

2042 3779 2192 3833 saepe
2221 3763 2517 3817 daemones
2556 3762 2876 3820 clamantes
2925 3767 3337 3838 expellantur?
3369 3776 3440 3828 Ut
3484 3780 3682 3831 autem

2042 3853 2283 3906 insanos
2314 3851 2499 3919 magis
2527 3851 3123 3924 confundamus,audi
3144 3873 3475 3917 sermonem
3507 3879 3684 3934 quem

2045 3944 2240 4013 patres
2267 3937 2448 3993 noslri
2479 3937 2549 3993 de
2581 3940 2833 4008 quadam
2867 3940 3123 4013 imagine
3155 3954 3554 4005 narraverunt.
3587 3952 3684 4008 Je-

2047 4028 2356 4099 rosolymis
2387 4027 2620 4082 cuidam
2654 4033 2856 4083 ascetae
2897 4029 3289 4091 insidiabatur
3316 4042 3374 4093 et
3403 4039 3689 4098 molestus

2047 4123 2172 4172 erat
2203 4115 2394 4170 malus
2420 4115 2939 4179 dmmon.Quodam
2965 4120 3117 4176 236
3147 4123 3329 4193 igitur
3358 4126 3451 4182 die
3473 4129 3524 4182 ei
3544 4129 3693 4202 ipsis

2051 4205 2237 4262 oculis
2265 4205 2556 4258 videndus
2587 4210 2828 4275 apparet
2858 4207 3102 4276 spiritus
3126 4212 3287 4268 aiens
3321 4230 3334 4268 ε
3369 4215 3429 4270 Si
3462 4217 3602 4273 velis
3627 4222 3693 4275 ut

2052 4299 2108 4349 te
2139 4310 2253 4349 non
2283 4292 2649 4363 impugnem,
2684 4293 2802 4349 noli
2851 4293 3002 4351 hanc
3051 4299 3291 4356 adorare
3347 4301 3692 4378 imaginem,

2054 4387 2112 4439 et
2141 4400 2173 4438 a
2203 4385 2258 4437 te
2277 4379 2595 4436 discedam.
2611 4381 2748 4436 Erat
2759 4387 2952 4439 autem
2973 4391 3187 4442 sanctas
3206 4389 3461 4461 Deiparaa
3484 4393 3696 4466 imago.

2056 4470 2203 4536 Quid
2255 4469 2326 4525 ad
2376 4468 2497 4523 haec
2531 4468 2844 4524 dicendum
2879 4471 3096 4529 habent
3135 4475 3171 4530 ii
3214 4478 3315 4548 qui
3362 4487 3700 4540 sanctorum

289 4577 573 4648 ρακτῆρας
648 4573 756 4624 τῶν
827 4569 998 4644 ἁγίων
1034 4614 1048 4637 ,
1110 4569 1306 4645 οὕσπερ
1368 4568 1436 4624 δι’
1495 4570 1801 4640 ὑπόμνησιν
1854 4566 1931 4620 κα

2056 4559 2281 4630 effigies
2312 4562 2509 4613 vetant
2557 4559 2820 4623 adorare,
2872 4576 3021 4631 quas
3075 4566 3368 4621 memoriae
3414 4569 3700 4626 duntaxat

290 4661 466 4734 μόνον
502 4659 858 4732 ἐκτυποῦμεν,
888 4659 978 4714 καὶ
1011 4659 1074 4715 οὐ
1103 4657 1171 4714 δι’
1202 4656 1384 4736 ἕτερον
1433 4654 1634 4735 τρόπον
1672 4678 1684 4727 ;
1717 4657 1804 4711 καὶ
1852 4655 1944 4710 οὕ-

287 4771 372 4804 τω
438 4749 538 4820 μὲν
590 4748 714 4822 περὶ
773 4747 990 4803 εἰκόνων
1051 4745 1141 4803 διὰ
1201 4749 1450 4825 βραχέων
1511 4748 1693 4824 λόγος.
1743 4747 1841 4800 Τὸν
1893 4743 1950 4800 δὲ

292 4839 532 4912 σταυρὸν
562 4835 870 4910 πρόδηλον,
906 4835 988 4892 ὅτι
1038 4834 1125 4892 διὰ
1171 4839 1261 4893 τὸν
1313 4837 1681 4915 σταυρωθέντα
1721 4837 1770 4891 έν
1804 4834 1950 4906 αὐτῷ

291 4927 536 5003 Χριστὸν
566 4930 976 4999 προσκυνοῦμεν
1006 4929 1058 4982 oi
1088 4927 1271 4982 πιστοὶ
1302 4928 1390 4982 καί
1422 4926 1790 5000 ἀσπαζόμεθα.

377 5107 576 5183 Ἐρώτ.
612 5107 686 5179 μ’.
736 5104 965 5174 Οὐκοῦν,
1004 5103 1192 5176 ἐπειδή
1245 5107 1334 5162 καὶ
1386 5105 1462 5168 εἰς
1515 5102 1635 5160 ὄνον
1666 5105 1694 5158 ὁ
1727 5101 1957 5177 Χριστὸς

530 5231 670 5306 Beg.
693 5233 749 5297 2,
780 5233 836 5298 3,
865 5231 1142 5306 τυγχάνει.

381 5299 498 5374 (54)
530 5299 1028 5387 Ιιαῖρδιιυεοτὶβζὶ
1059 5304 1323 5387 quidam.
1356 5305 1508 5387 Editi
1541 5321 1696 5374 vero,
1731 5299 1956 5381 ἐμφανί-

305 5371 501 5449 {opm}
533 5379 624 5449 καὶ
655 5371 858 5449 ὥσπερ,
891 5371 1130 5449 omissis
1160 5375 1426 5448 reliquis.

381 5441 498 5518 '(55)
529 5446 623 5523 Sic
655 5441 919 5523 manusc.
970 5447 1231 5520 quidam.
1277 5441 1427 5504 Editi
1475 5465 1626 5516 vero,
1682 5441 1964 5523 ἐμφανιζό-

311 5528 453 5591 μεθα
481 5521 646 5591 τοῦτο
679 5521 980 5579 ποιοῦντες.

385 5591 501 5680 ς56)
706 5591 740 5644 2
765 5596 822 5646 et
852 5592 906 5659 3,
956 5589 1165 5652 εἱκόιας
1208 5594 1316 5645 τῶν
1353 5589 1540 5680 ᾇγίων.
1572 5592 1642 5648 Ει
1687 5591 1861 5665 infra,
1909 5588 1964 5642 ai

311 5660 486 5736 ἁγίων
520 5660 741 5721 εἰκόνες.

2056 4663 2379 4717 causa,non
2411 4645 2585 4701 aliam
2600 4647 2672 4701 ob
2705 4648 2992 4704 rationem
3015 4651 3304 4710 efﬁcimus
3324 4654 3352 4709 Ἰ
3369 4662 3561 4728 Atque
3580 4659 3704 4716 haec

2060 4737 2295 4809 quidem
2331 4735 2579 4790 breviter
2626 4735 2696 4791 de
2741 4736 3102 4808 imaginibus
3152 4742 3306 4798 dicta
3354 4746 3492 4801 sint.
3540 4747 3704 4810 Quod

2063 4831 2257 4883 autem
2291 4841 2397 4880 nos
2421 4822 2624 4880 ﬁdeles
2655 4841 2886 4881 crucem
2915 4828 3234 4888 adoramus
3263 4837 3321 4888 et
3351 4834 3702 4908 salutamus,

2065 4913 2443 4970 manifestum
2473 4916 2562 4967 est
2589 4910 2648 4967 id
2679 4930 2786 4970 nos
2816 4931 2986 4986 agere
3015 4922 3252 4990 propter
3271 4921 3572 4981 Christum
3604 4926 3708 4997 qui

2066 5006 2126 5060 in
2157 5020 2226 5059 ea
2252 5003 2464 5058 afﬁxus
2494 5006 2602 5057 est.

2141 5095 2364 5158 Quass'r.
2397 5090 2510 5145 XL.
2545 5091 2730 5161 Igitur
2761 5109 2894 5147 cum
2944 5094 3213 5154 Christus
3264 5116 3498 5173 quoque
3544 5103 3710 5162 asino

2123 5219 2254 5312 ’(57)
2312 5217 2396 5272 Ita
2446 5216 2685 5288 quidam
2744 5233 2885 5274 mss.
2949 5220 3098 5276 Editi
3157 5239 3289 5281 vero
3323 5267 3336 5294 ,
3393 5222 3446 5279 ἐν
3501 5226 3714 5301 σώματι

2071 5309 2253 5435 φυῖἕθ)
2288 5359 2427 5431 Reg.
2461 5361 2512 5430 3,
2547 5357 2575 5410 6
2607 5358 2867 5434 πορνικὸς
2899 5357 3129 5435 δαίμων.

2145 5450 2253 5520 (59)
2277 5449 2422 5523 Reg.‘
2465 5451 2518 5503 2.
2564 5448 2720 5523 Εἶχε,
2749 5445 2806 5502 δὲ
2857 5451 2891 5519 ἡ
2943 5450 3101 5507 εἰκὼν
3128 5453 3220 5508 τὸν

2073 5515 2522 5601 ἁγίαςβεοτόκου
2559 5515 2890 5594 βαστάζοντα
2916 5525 3004 5578 τὸν
3056 5526 3248 5601 Κύριον

2073 5591 2326 5669 Χριστόν.

3313 5459 3589 5532 αρακτῆρα
3616 5464 3717 5526 τῆς

3339 5532 3455 5600 μῶν
3509 5531 3718 5599 Ἰησοῦν
