4108 6210
400 323 517 383 623

1575 324 1639 381 S.
1687 319 2202 381 ATHANASlUS.
2228 354 2301 364 —
2334 323 2639 384 SPURIA.

3702 332 3829 388 624

406 453 705 515 insederit,
740 453 1022 511 debemus
1054 453 1231 511 etiam
1263 454 1459 510 asinos
1492 452 1748 511 salutare
1782 470 1847 509 ac
1876 469 2019 509 vene

2158 450 2485 525 ἐπεκάθισεν,
2522 451 2814 531 ὀφείλομεν
2868 453 3061 509 λοιπὸν
3111 454 3360 518 καὶτοὺς
3400 452 3555 520 ὅνους
3585 457 3821 529 ἀσπάζε-

404 543 519 599 rari
554 546 577 599 Ρ
606 547 735 600 Haec
766 544 927 636 enim
955 545 1124 601 nobis
1156 544 1441 616 objiciunt
1470 544 1657 602 ,Ιοόωὶ
1689 548 1746 600 et
1778 543 2045 616 gentiles.

475 722 645 780 Esse.
676 728 802 781 Non
832 725 891 783 in
924 724 1088 782 asino
1120 724 1383 781 Christus
1415 722 1714 781 diabolum
1747 727 1805 779 et
1831 724 2047 780 ἀωωο-

406 828 510 869 nes
540 813 769 883 devicit,
803 830 993 886 neque
1023 815 1083 870 in
1113 831 1178 871 eo
1210 813 1461 872 salutem
1493 818 1581 870 est
1620 818 1920 885 operatus,
1946 812 2047 868 sed

404 900 467 957 in
496 918 687 960 cruce.
713 904 873 961 Unde
904 921 1036 961 cum
1091 905 1289 961 asinos
1332 904 1534 961 vident
1586 904 1900 972 daemones,
1932 918 2046 958 non

403 994 666 1049 tremunt
696 1011 801 1050 nec
852 994 1172 1051 formidant
1207 1012 1218 1048 :
1250 999 1310 1050 at
1369 1011 1503 1049 cum
1544 1010 1777 1049 crucem
1826 992 2045 1063 vident,

403 1096 555 1153 saepe
582 1087 863 1153 tremunt,
896 1084 1155 1152 horrent,
1187 1087 1534 1140 sternuntur
1564 1099 1630 1140 ac
1661 1084 1959 1155 fugantur.

470 1263 694 1325 Quzssr.
727 1262 859 1318 XLI.
893 1264 1017 1329 Qua
1064 1263 1135 1318 de
1178 1279 1358 1318 causa
1401 1278 1508 1318 nos
1566 1260 1769 1317 ﬁdeles
1820 1276 2041 1329 omnes,

400 1365 620 1415 cruces,
652 1351 865 1406 Christi
896 1351 1085 1407 crucis
1125 1350 1435 1422 imagines,
1489 1350 1827 1422 effingimus
1861 1367 1873 1403 :
1908 1366 2043 1405 san-

399 1442 501 1492 ctae
550 1444 744 1495 autem
788 1442 916 1511 ejus
962 1440 1193 1509 lanceae,
1244 1440 1555 1496 arundinis
1601 1438 1859 1511 spongiae
1901 1438 2044 1495 ima-

396 1526 562 1596 gines
594 1545 706 1585 non
737 1529 1027 1585 efﬁcimus
1048 1530 1075 1583 τε
1108 1529 1237 1585 Hac
1267 1528 1425 1584 enim
1458 1544 1621 1599 teque
1652 1533 1792 1585 sunt
1839 1531 2043 1585 saneta

399 1632 464 1672 ac
494 1634 634 1674 crux
664 1618 813 1690 ipsa.

466 1711 638 1762 Rssr.
672 1708 874 1764 Crucis
905 1709 1154 1780 ﬁguram
1197 1724 1263 1764 ex
1292 1708 1524 1765 duobus
1560 1708 1739 1780 lignis
1771 1708 2040 1780 compin-

2158 543 2275 597 σθαι
2308 544 2420 616 (60)
2454 562 2468 611 ;
2496 548 2664 598 Τοῦτο
2692 543 2792 620 γὰρ
2820 544 2955 618 πρὸς
2984 547 3131 618 ἡμᾶς
3165 544 3409 624 λέγουσιν
3446 548 3498 602 οἱ
3531 546 3815 605 Ἰουδαίων

2158 631 2247 686 καὶ
2277 630 2563 703 Ἐλλήνων
2596 631 2809 697 παῖδες.

2231 718 2422 779 Ἀπόκ.
2456 722 2571 781 Ούκ
2600 722 2649 777 ἐν
2684 728 2761 795 τῷ
2791 718 2897 796 ὄνῳ
2926 724 3018 780 τὸν
3060 720 3321 781 διάϐολον
3356 727 3384 783 ὁ
3414 728 3649 803 Χριστὸς
3678 750 3818 784 κατ-

2156 812 2368 886 ήργησε
2396 812 2484 866 καὶ
2514 812 2642 875 τοὺς
2686 810 2967 887 δαίμονας,
3017 812 3141 870 οὐδὲ
3184 814 3234 869 ἐν
3284 816 3432 889 αύτῷ
3480 818 3579 887 τήν
3627 840 3819 889 σωτη-

2158 898 2271 972 ρίαν
2306 899 2612 975 εἰργάσατο,
2662 901 2791 958 ἀλλ’
2837 902 2888 958 ἐν
2935 908 3015 976 τῷ
3062 910 3295 981 σταυρῷ.
3328 909 3480 970 Ὅθεν
3512 902 3671 970 ὅνους
3707 910 3815 980 μὲν

2157 989 2388 1063 ὁρῶντες
2432 992 2485 1044 οἱ
2534 988 2787 1063 δαίμονες
2839 991 2899 1047 οὐ
2946 992 3260 1068 τρέμουσιν,
3311 993 3436 1051 οὐδὲ
3484 992 3814 1074 φοϐοῦνταιο

2156 1078 2382 1154 σταυρὸν
2412 1076 2468 1134 δὲ
2496 1078 2771 1144 πολλάκις
2825 1082 3055 1157 ὁρῶντες
3104 1084 3363 1158 τρέμουσι
3412 1085 3502 1141 καὶ
3551 1087 3817 1165 φρίττου-

2155 1188 2206 1221 σι
2236 1170 2371 1240 (61),
2403 1168 2493 1223 καὶ
2522 1173 2910 1246 καταργοῦνται
2942 1171 3033 1226 καὶ
3064 1169 3373 1232 διώκονται.

2225 1258 2419 1332 Ἐρώτ.
2456 1260 2562 1330 μα’.
2592 1260 2746 1321 Τίνος
2779 1257 2835 1314 δέ
2866 1262 3029 1337 χάριν
3065 1262 3115 1315 οἱ
3147 1264 3331 1318 πιστοὶ
3383 1266 3609 1327 ἅπαντες
3643 1286 3816 1320 σταυ-

2154 1345 2280 1420 ροὺς
2316 1348 2410 1419 μὲν
2440 1348 2759 1411 ἀντιτύπους
2808 1354 2906 1404 τοῦ
2956 1356 3188 1427 σταυροῦ
3217 1356 3313 1407 τοῦ
3342 1354 3578 1428 Χριστοῦ
3608 1360 3816 1410 ποιοῦς-

2155 1456 2273 1508 μεν,
2303 1438 2402 1504 τῆς
2436 1433 2494 1491 δὲ
2537 1437 2686 1513 ἁγίας
2735 1437 2900 1494 αὐτοῦ
2952 1435 3192 1514 λὸγχης,
3224 1442 3260 1509 ἢ
3308 1446 3404 1496 τοῦ
3456 1441 3733 1516 καλάμου,
3770 1446 3810 1512 ἢ

2149 1528 2246 1578 τοῦ
2278 1524 2539 1601 σπόγγου.
2572 1527 2828 1581 ἀντίτυπα
2860 1526 2922 1583 οὐ
2953 1529 3417 1603 κατασκευάζομεν
3448 1551 3461 1601 ;
3496 1534 3666 1607 ’Ἅγια
3695 1533 3811 1607 γὰρ

2151 1614 2251 1670 εἷσι
2282 1616 2371 1670 καὶ
2402 1621 2569 1671 ταῦτα
2597 1616 2732 1672 καθὰ
2761 1618 2851 1673 καὶ
2882 1620 2909 1673 ὁ
2942 1621 3189 1696 σταυρός.

2220 1708 2280 1762 ,Α
2326 1704 2352 1761 ὁ
2522 1706 2535 1725 \
2675 1707 2689 1725 κ
2844 1713 2866 1723 ν
3134 1714 3159 1724 υ
3256 1709 3271 1729 Ι
3538 1712 3553 1731 Ι
3663 1711 3677 1730 Ι

2283 1727 2321 1760 π
2356 1727 2407 1761 κ.
2467 1710 2573 1763 Τον
2635 1729 2729 1780 μεν
2774 1729 2871 1763 του
2928 1730 3162 1785 σταυρου
3211 1730 3377 1766 τυπον
3405 1711 3465 1765 ἐκ
3494 1708 3590 1766 δυο
3620 1711 3809 1784 ξυλων

394 1795 610 1867 gimus,
645 1813 824 1869 quam
853 1798 1189 1854 adoramus.
1219 1801 1361 1853 Cum
1391 1814 1525 1853 vero
1556 1798 1689 1868 quis
1709 1797 2023 1853 inﬁdelium

2149 1795 2500 1857 συνάπτοντες
2549 1802 2982 1871 προσκυνοῦμεν.
3016 1799 3204 1854 Ἡνίκα
3257 1797 3313 1855 δέ
3369 1822 3451 1863 τις
3499 1803 3634 1875 ἡμῖν
3690 1806 3808 1857 τῶν

395 1885 564 1941 nobis
588 1886 936 1957 exprobrare
957 1886 1277 1958 velit,quod
1308 1886 1537 1959 lignum
1561 1888 2036 1958 adoremus,pos-

394 1991 603 2030 sumus
650 1976 765 2031 duo
815 1975 975 2047 ligna
1017 1976 1379 2048 disjungere,
1425 1975 1734 2047 crucisque
1783 1978 2036 2048 ﬁguram

390 2062 727 2131 dissolvere,
760 2069 936 2137 atque
966 2070 1031 2121 ut
1059 2082 1223 2120 mera
1255 2065 1411 2137 ligna
1441 2070 1708 2137 reputare
1743 2082 1755 2120 :
1784 2065 2037 2136 indeque

392 2152 615 2208 infideli
647 2155 998 2225 persuadere
1037 2173 1144 2211 nos
1174 2172 1290 2210 non
1339 2154 1568 2227 lignum
1618 2154 1900 2222 venerari,
1935 2155 2035 2210 sed

392 2242 581 2297 crucis
613 2244 886 2315 ﬁguram.
922 2246 1080 2301 Idem
1111 2249 1308 2301 autem
1341 2261 1506 2314 agere
1552 2261 1667 2299 non
1717 2260 2036 2317 possumus

392 2330 452 2385 in
484 2330 704 2403 lancea,
734 2334 1023 2389 arundine
1054 2340 1157 2391 aut
1188 2332 1456 2406 spongia.

462 2513 685 2577 Qums'r.
719 2513 884 2570 XLII.
919 2510 1221 2569 Undenam
1263 2516 1488 2569 certum
1536 2515 1626 2567 est
1669 2512 2035 2568 Christiano-

391 2617 521 2656 rum
562 2602 740 2658 ﬁdem
773 2608 1049 2675 praestare
1096 2602 1226 2659 aliis
1259 2601 1534 2659 omnibus
1577 2618 1703 2672 quae
1734 2602 1844 2657 sub
1891 2601 2034 2657 coelo

389 2692 574 2746 sunt?
602 2691 907 2763 Siquidem
938 2693 1084 2749 ﬁdes
1114 2693 1307 2747 omnis
1338 2707 1401 2747 se
1430 2690 1650 2746 caeteris
1667 2691 1853 2763 magis
1876 2690 2033 2762 piam

387 2796 516 2836 esse
546 2781 860 2837 existimat.

458 2869 631 2925 Rssr.
667 2870 848 2926 Multa
878 2870 987 2927 hac
1016 2871 1087 2926 de
1116 2886 1177 2925 re
1206 2869 1406 2927 liceret
1435 2869 1643 2933 dicere,
1692 2868 2033 2941 prolixaque

390 2962 480 3013 est
527 2959 993 3016 Christianorum
1058 2959 1192 3014 ﬁdei
1261 2959 1544 3031 probatio.
1594 2961 1868 3014 Attamen
1917 2960 2032 3015 duo

387 3049 652 3117 quaedam
685 3050 855 3121 signa
884 3050 1040 3121 apud
1085 3066 1193 3105 nos
1245 3049 1539 3113 videntur,
1590 3065 1717 3119 qua:
1769 3053 2030 3104 nostram

388 3135 730 3206 religionem
763 3138 982 3210 Deique
1012 3154 1150 3211 erga
1176 3155 1282 3194 nos
1314 3154 1572 3192 amorem
1604 3140 1662 3192 et
1686 3138 2027 3209 praesidium

2147 1884 2383 1940 ἀπίστων
2436 1883 2792 1960 ἐγκαλέσειεν,
2844 1888 2920 1949 ὡς
2979 1886 3139 1960 ξύλον
3194 1893 3653 1965 προσκυνοῦντας,
3706 1888 3811 1945 δυο

2144 1976 2350 2047 νάμεθα
2402 1975 2467 2029 τὰ
2512 1972 2608 2029 δύο
2659 1974 2792 2045 ξύλα
2840 1976 3193 2051 χωρίσαντες,
3228 1978 3319 2031 καὶ
3366 1978 3458 2032 τὸν
3508 1978 3677 2034 τύπον
3703 1983 3813 2034 τοῦ

2146 2069 2375 2138 σταυροῦ
2407 2061 2776 2131 διαλύσαντες,
2825 2066 2899 2126 ὡς
2949 2066 3088 2142 ἀργὰ
3133 2069 3299 2120 ταῦτα
3344 2069 3591 2141 ἡγεῖσθαι
3643 2067 3813 2138 ξύλα,

2144 2154 2351 2209 καὶτὸν
2403 2152 2625 2209 ἄπιστον
2678 2157 2793 2224 (62)
2844 2160 3051 2225 πεῖσαι,
3102 2153 3184 2210 ὅτι
3235 2154 3297 2209 οὐ
3345 2156 3408 2211 τὸ
3458 2154 3616 2228 ξύλον
3649 2152 3811 2211 σεϐό-

2148 2253 2301 2315 μεθα,
2334 2240 2480 2297 ἀλλά
2505 2243 2596 2297 τὸν
2627 2246 2724 2297 τοῦ
2756 2247 2987 2319 σταυροῦ
3033 2242 3223 2298 τύπον.
3258 2245 3381 2299 Ἐπὶ
3414 2242 3470 2300 δὲ
3513 2244 3729 2320 λόγχης
3765 2248 3806 2315 ἢ

2142 2329 2416 2405 καλάμου,
2470 2332 2505 2400 ἢ
2565 2331 2855 2408 σπόγγου,
2911 2336 3072 2388 τοῦτο
3128 2339 3354 2403 ποιῆσαι
3510 2332 3678 2405 δεῖξαι
3735 2336 3805 2391 οὗ

2145 2419 2436 2494 δυνάμεθα.

2213 2514 2326 2585 (63)
2354 2510 2546 2587 Ἐρώτ.
2584 2512 2695 2586 μβ’.
2728 2512 2902 2575 Πύθεν
2951 2508 3145 2583 δῆλον,
3191 2512 3273 2567 ὅτι
3322 2518 3567 2588 κρεῖττον
3617 2516 3804 2584 πάσης

2140 2606 2241 2669 τῆς
2277 2601 2363 2654 ὑπ’
2405 2600 2631 2676 οὐρανὸν
2680 2599 2911 2663 πίστεως
2961 2601 3013 2654 οἱ
3060 2601 3371 2674 Χριστιανοὶ
3418 2603 3741 2675 πιστεύομεν
3780 2623 3799 2673 ;

2142 2694 2294 2743 Πᾶσα
2313 2688 2414 2763 γὰρ
2438 2690 2618 2751 πίστις
2646 2684 3021 2764 εὐσεϐέστέραν
3050 2689 3242 2760 ἑαυτὴν
3277 2689 3412 2745 εἶναι
3439 2691 3651 2765 νομίζει
3682 2697 3796 2747 τῶν

2144 2776 2350 2833 λοιπῶν
2382 2777 2636 2835 πίστεων.

2212 2867 2405 2924 Ἀπόκ.
2456 2866 2638 2930 Πολὺς
2686 2869 2714 2922 ὁ
2758 2867 2881 2941 περὶ
2925 2868 3121 2923 τούτου
3173 2865 3359 2944 λόγος,
3407 2868 3495 2922 καὶ
3548 2871 3792 2945 μακρὰὴ

2141 2961 2473 3030 Χριστιανῶν
2508 2958 2618 3031 (64)
2648 2956 2881 3018 πίστεως
2910 2953 3193 3018 ἀπόδοσις.
3227 2959 3421 3030 ’Όμως
3455 2955 3511 3012 δέ
3543 2954 3641 3012 δύο
3669 2960 3795 3013 τινὰ

2141 3046 2369 3121 ὁρῶντες
2401 3051 2604 3120 σημεῖα
2631 3047 2757 3122 παρ’
2799 3048 2958 3119 ἡμῖν,
3004 3046 3105 3114 τήν
3159 3046 3323 3117 ἡμῶν
3377 3042 3646 3102 εὐσέϐειαν
3699 3049 3793 3102 καὶ

2137 3136 2236 3204 τὴν
2266 3140 2363 3190 τοῦ
2394 3141 2527 3191 Θεοῦ
2558 3137 2690 3211 πρὸς
2722 3138 2870 3208 ἡμᾶς
2920 3136 3132 3209 ἀγάπην
3184 3134 3274 3189 καὶ
3324 3136 3528 3205 σκέπην
3562 3134 3793 3214 ἐμφανί-

384 3203 703 3281 deelarant.
739 3203 1001 3283 Prim-um
1032 3203 1142 3298 est,
1176 3228 1331 3299 quod
1361 3227 1434 3281 ab
1464 3225 1633 3281 initio
1663 3203 1858 3282 saeculi
1890 3228 2023 3283 nul-

2147 3229 2318 3294 ζοντα’
2367 3230 2582 3302 πρῶτον
2632 3226 2748 3299 μὲν,
2799 3223 2880 3279 ὅτι
2943 3222 3049 3300 οὐχ
3103 3224 3419 3298 εὑρίσκομεν
3468 3226 3559 3280 ἀπ’
3604 3226 3791 3301 ἆρχίς

385 3312 504 3368 lam
535 3319 767 3385 gentem
800 3316 1070 3372 novimus
1101 3316 1173 3371 ab
1201 3316 1477 3371 omnibus
1519 3314 1653 3370 aliis
1682 3318 1886 3371 tandiu
1919 3318 2029 3373 im-

386 3408 707 3474 pugnatam
756 3406 1029 3477 gentibus
1077 3421 1183 3460 nec
1240 3404 1509 3471 deletam,
1574 3410 1783 3475 praeter
1841 3405 2027 3462 solam

386 3491 603 3546 Christi
631 3493 828 3561 ﬁdem,
864 3510 989 3563 quae
1020 3509 1162 3548 sane
1192 3508 1307 3547 non
1347 3490 1527 3546 deleri
1572 3508 1686 3546 non
1718 3494 2025 3564 potuisset,

386 3580 458 3636 ab
490 3580 763 3637 omnibus
787 3584 930 3637 adeo
962 3583 1307 3653 impugnata
1336 3580 1627 3653 gentibus,
1661 3580 1775 3635 nisi
1818 3599 2029 3638 manus

384 3669 617 3727 Domini
647 3689 774 3728 eam
805 3677 1093 3728 servasset
1122 3677 1178 3727 et
1207 3674 1464 3727 servaret
1500 3669 1820 3740 quominus
1871 3671 2028 3727 dele-

382 3768 561 3820 retur.
596 3764 860 3819 Alterum
887 3768 995 3831 est,
1048 3762 1203 3833 quod
1255 3758 1453 3815 nullus
1502 3759 1817 3830 imperator
1858 3760 2029 3815 Chri-

381 3854 709 3910 stianorum
742 3852 1006 3909 barbaris
1054 3866 1317 3923 unquam
1361 3853 1610 3904 mortem
1658 3849 1910 3905 traditus
1940 3859 2028 3906 est

381 3943 650 4014 quamvis
700 3948 791 3998 tot
832 3948 1033 4014 gentes
1078 3940 1391 4011 imperium
1446 3940 1872 4009 oppugnarent.
1902 3938 2023 3994 Imo

377 4048 493 4086 non
525 4031 713 4087 solum
746 4033 1158 4102 imperatorem
1192 4028 1522 4100 Opprimere
1544 4043 1659 4081 non
1691 4027 2021 4097 valuerunt,

374 4121 477 4176 sed
510 4137 613 4176 nec
645 4121 773 4191 ejus
804 4120 1121 4191 imaginem
1147 4137 1215 4173 ex
1245 4117 1529 4187 nummis,
1563 4133 1696 4171 cum
1730 4133 1898 4172 cruce
1925 4118 2021 4172 de-

372 4208 511 4279 lere,
564 4209 698 4265 licet
743 4209 1010 4264 nonnulli
1060 4207 1293 4280 tyranni
1340 4207 1396 4261 id
1465 4206 1833 4261 tentaverint.
1903 4211 2019 4263 Nec

371 4299 527 4353 enim
559 4298 857 4353 existimes
886 4303 1120 4352 tenuem
1170 4300 1228 4351 et
1273 4296 1447 4349 vilem
1492 4312 1613 4349 rem
1648 4295 1821 4350 istam
1865 4311 2015 4351 esse.

369 4387 490 4443 Nisi
524 4386 682 4441 enim
708 4387 883 4440 ﬁdem
917 4390 1179 4440 nostram
1214 4401 1329 4454 pra:
1366 4381 1497 4438 aliis
1517 4383 1793 4439 omnibus
1815 4383 2019 4456 elegis-

366 4483 456 4533 set
484 4476 636 4531 Deus
667 4480 724 4531 et
754 4474 1270 4544 dilexisset,ipsam
1292 4473 1535 4526 minime
1560 4474 1780 4543 absque
1801 4474 2016 4530 damno

2141 3315 2335 3377 αἰῶνος
2367 3314 2514 3379 ἔθνος
2552 3315 2654 3369 ὑπὸ
2702 3312 2916 3369 πάντων
2966 3313 3131 3367 ἐθνῶν
3181 3312 3495 3389 πολεμηθὲν
3527 3313 3613 3369 ἐπὶ
3647 3316 3790 3391 χρό-

2138 3425 2262 3466 νους
2291 3405 2724 3478 τοσούτους
2772 3404 2860 3458 καὶ
2910 3404 2986 3476 μή
3041 3401 3371 3481 ἐξαλειφθὲν,
3404 3404 3449 3457 εί
3500 3407 3576 3476 μή
3614 3408 3785 3478 μόνον

2136 3502 2234 3560 τήν
2268 3498 2362 3547 τοῦ
2417 3495 2652 3567 Χριστοῦ
2709 3492 2908 3565 πίστιν,
2939 3491 3060 3561 ἥτις
3118 3491 3217 3547 οὐκ
3268 3498 3330 3547 ἄν
3359 3490 3566 3565 ἔμεινεν
3599 3496 3784 3566 ἀνεξά-

2139 3580 2385 3650 λειπτος,
2419 3581 2591 3644 οὕτως
2621 3582 2724 3637 ὑπὸ
2770 3583 2985 3636 πάντων
3028 3587 3135 3636 τῶν
3182 3581 3347 3636 ἐθνῶν
3379 3582 3781 3658 πολεμηθεῖσα,

2138 3671 2181 3725 εἷ
2236 3672 2310 3743 μὴ
2361 3671 2484 3747 χεὶρ
2534 3671 2733 3747 Κυρίου
2785 3668 3104 3750 διεφύλαττε
3147 3671 3237 3725 καὶ
3296 3670 3551 3749 φυλάττει
3610 3673 3784 3745 αὐτὴν

2136 3759 2554 3831 ἆνεξάλειπτον·
2609 3759 2854 3835 δεύτερον
2905 3757 3003 3833 δὲ,
3056 3758 3241 3836 ὅτιπερ
3295 3758 3471 3824 οὐδεὶς
3524 3763 3787 3838 βασιλεὺς

2134 3851 2467 3925 Χριστιανῶν
2523 3843 2815 3925 βαρϐάροις
2865 3848 2999 3903 ποτέ
3054 3845 3328 3922 παρεδόθη
3390 3848 3469 3911 εἰς
3529 3849 3785 3924 θάνατον,

2133 3938 2311 3993 καίτοι
2358 3939 2630 3994 τοσούτων
2678 3938 2841 4003 ἐθνῶν
2891 3938 2953 3993 τὸ
2998 3936 3277 4013 βασίλειον
3323 3937 3783 4013 πολεμησάντων.

2132 4027 2207 4085 Οὐ
2239 4023 2400 4100 μόνον
2436 4025 2491 4083 δὲ
2517 4029 2608 4083 τὸν
2646 4026 2890 4102 βασιλέα,
2917 4024 3064 4082 ἀλλὰ
3093 4023 3217 4082 οὐδὲ
3243 4027 3345 4097 τήν
3374 4026 3569 4083 ἐαυτοῦ
3600 4029 3788 4086 εἰκόνα

2131 4116 2190 4171 ἐκ
2216 4121 2313 4171 τοῦ
2344 4117 2678 4191 νομίσματος
2731 4118 3065 4191 καταργῆσαι
3117 4114 3210 4170 σὺν
3240 4120 3319 4189 τῷ
3368 4123 3583 4193 σταυρῴ
3628 4118 3789 4195 ἴσχυ-

2128 4227 2243 4277 σαν,
2298 4207 2489 4282 καίπερ
2546 4210 2707 4261 τινῶν
2764 4206 3036 4279 τυράννων
3109 4209 3271 4261 τοῦτο
3338 4203 3779 4279 δοκιμασάντων.

2126 4297 2214 4364 Μὴ
2246 4297 2346 4371 γὰρ
2377 4294 2538 4369 ψιλόν
2568 4316 2627 4350 τε
2655 4294 2743 4350 καὶ
2792 4293 3005 4357 εὐτελές
3057 4315 3142 4349 σοι
3189 4301 3417 4371 πρᾶγμα
3444 4299 3609 4351 τοῦτο
3642 4297 3779 4355 εἶναι

2124 4387 2380 4458 νομισθῇ.
2443 4384 2503 4440 Εἰ
2566 4386 2641 4458 μὴ
2700 4384 2800 4462 γὰρ
2863 4385 2994 4458 ὑπὲρ
3051 4385 3224 4448 πάσας
3278 4384 3373 4448 τὰς
3421 4386 3632 4450 πίστεις
3679 4390 3780 4458 τὴν

2124 4474 2390 4549 ἡμετέραν
2440 4476 2467 4529 ὁ
2527 4474 2655 4537 Θεὸς
2728 4472 3000 4545 ἐξελέξατο
3060 4474 3149 4530 καὶ
3207 4475 3444 4551 ἠγάπσεν
3478 4520 3493 4547 ,
3554 4477 3657 4532 ούκ
3715 4478 3773 4533 ἂν

365 4574 423 4624 et
451 4566 712 4631 vulnere,
741 4565 966 4620 medias
996 4564 1149 4617 inter
1177 4566 1381 4632 gentes
1438 4560 1709 4631 luporum
1760 4562 2004 4633 similes,

2147 4563 2281 4631 ηὐτήν
2313 4563 2413 4618 ἁνὰ
2448 4562 2606 4637 μέσον
2634 4567 2742 4617 τῶν
2791 4561 2953 4618 ἐθνῶν
2988 4564 3060 4624 ὡς
3109 4560 3290 4619 λύκων
3335 4562 3505 4621 ὄντων
3536 4563 3775 4643 ἐφύλατ-

362 4660 669 4716 servasset.
720 4656 1005 4711 Praeterea
1052 4669 1168 4708 non
1218 4651 1421 4707 debuit
1467 4650 1803 4723 permittere
1853 4659 2005 4711 Deus

360 4748 565 4804 falsam
598 4747 795 4813 fidem,
828 4748 961 4815 post
986 4741 1447 4797 incarnationem
1496 4739 1624 4794 Filii
1655 4742 1747 4795 sui
1800 4747 1857 4797 et
1902 4743 1999 4798 Dei

358 4838 542 4893 nostri
573 4834 807 4891 Domini
832 4834 971 4888 Jesu
1001 4831 1236 4897 Christi,
1270 4847 1371 4902 per
1423 4847 1627 4885 omnes
1658 4835 1822 4884 terrae
1855 4832 2003 4888 ﬁnes

355 4923 837 4981 dominari.Unde
868 4922 976 4977 hoe
1007 4921 1203 4992 ipsum
1237 4920 1390 4991 quod
1428 4921 1485 4972 in
1507 4917 1782 4973 omnibus
1814 4921 1999 4991 genti-

354 5014 464 5069 bus
493 5012 780 5068 creditum
813 5011 889 5065 sit
932 5009 1144 5064 Christi
1194 5006 1595 5079 Evangelium,
1638 5012 1861 5063 eertum
1910 5013 2000 5063 est

351 5106 764 5174 argumentum
792 5116 907 5154 non
939 5098 1109 5153 aliam
1146 5096 1300 5168 piam
1333 5113 1461 5151 esse
1486 5096 1660 5150 ﬁdem
1694 5096 1803 5151 sub
1830 5097 1993 5153 caelo.

2113 4672 2198 4705 τεν
2226 4646 2445 4720 ἀϐλαϐῆ
2472 4672 2531 4706 τε
2560 4652 2648 4707 καὶ
2697 4653 2960 4727 ἄτρωτον.
3009 4650 3163 4721 Πλὴν
3220 4650 3347 4709 οὐδὲ
3396 4651 3602 4727 ἔμελλε
3651 4677 3775 4732 συγο

2111 4746 2314 4816 χωρεῖν
2376 4741 2403 4793 ὁ
2462 4741 2587 4802 Θεὸς
2636 4738 3060 4814 πεπλανημένην
3116 4741 3296 4798 πίστιν
3357 4742 3765 4820 κατακυριεύειν

2114 4831 2249 4902 μετά
2276 4831 2375 4898 τὴν
2410 4831 2677 4905 σάρκωσιν
2725 4835 2821 4885 τοῦ
2869 4832 2997 4886 Υἱοῦ
3049 4830 3215 4886 αὐτοῦ
3261 4832 3353 4887 καῖ
3404 4837 3539 4888 Θεοῦ
3580 4835 3768 4905 ἡμῶν,

2105 4922 2203 4972 τοῦ
2262 4918 2459 4994 Κυρίου
2513 4924 2694 4989 Ἰησοῦ
2750 4924 2991 4993 Χριστοῦ
3047 4919 3135 4975 ἐπὶ
3206 4922 3380 4976 πάντα
3433 4923 3500 4976 τὰ
3559 4922 3767 4998 πέρατα

2104 5012 2204 5075 τῆς
2234 5014 2353 5081 γῆς.
2387 5009 2545 5071 "005v
2578 5009 2667 5063 καὶ
2699 5008 2828 5063 αὐτὸ
2857 5013 3040 5080 τοῦτο,
3071 5011 3133 5065 τὸ
3184 5010 3235 5064 ἐν
3283 5016 3411 5065 πᾶσι
3440 5016 3559 5072 τοῖς
3588 5008 3765 5067 ἔθνεσι

2103 5098 2452 5165 πιστευθῆναι
2508 5097 2573 5152 τὸ
2626 5096 2961 5175 Εὐαγγέλιον
3018 5102 3115 5154 τοῦ
3170 5104 3425 5176 Χριστοῦ,
3488 5101 3768 5176 μαρτυρία

350 5188 486 5244 ἐστὶν
521 5185 777 5262 ἀψευδὴς,
812 5184 892 5240 ὅτι
944 5184 1041 5239 ούκ
1088 5181 1227 5238 ἔστιν
1282 5183 1426 5254 ἄλλη
1476 5182 1655 5245 πίστις
1682 5179 1905 5252 εὐσεϐὴς
1938 5184 1990 5239 ἐν
2026 5188 2097 5257 τῇ
2132 5185 2220 5239 ὑπ’
2251 5184 2500 5260 οὐρανόν.

417 5317 525 5386 (60)
559 5313 962 5386 Hzecqnazstio
1012 5313 1171 5386 deest
1221 5310 1289 5386 in
1331 5309 1505 5386 Basil.
1540 5308 1902 5386 lbid._Pal_at.
1935 5312 1990 5377 2,

344 5370 547 5441 Λοὶιπὸν
596 5370 834 5457 έπεῖἐῖς
884 5382 1061 5457 ον-ονο
1104 5382 1333 5457 Χριστὸς
1382 5381 1645 5451 ἐκάθισεν,
1696 5370 1989 5457 ὀφείλομεν

343 5459 431 5512 καὶ
461 5458 587 5512 τοῦς
621 5455 776 5517 ὅνους
806 5454 1126 5509 ἀστάνεσθαι
1154 5452 1355 5507 ”Ατόκ

566 5499 586 5518 -ι
898 5495 909 5507 ι
954 5492 978 5523 ε
1136 5498 1148 5510 .
1271 5492 1283 5505 δ
1354 5494 1372 5523 ξ.

414 5532 527 5599 (61)
556 5531 823 5599 Quidam,
852 5520 1017 5597 1118s.,
1069 5526 1297 5599 σταυρὸν
1350 5521 1406 5578 δὲ
1454 5524 1683 5591 ὁρῶντες
1730 5520 1989 5599 τρέμουσι

343 5598 431 5658 καὶ
463 5600 720 5677 φεύγουσι
743 5598 829 5654 καὶ
863 5619 980 5677 κατἒ

416 5663 523 5749 (eis)
559 5663 734 5730 Palat.
773 5675 823 5737 ι,
876 5668 1223 5726 amissam
1271 5669 1433 5719 ταῦτα
1486 5663 1657 5741 ῥίψαν
1688 5665 1775 5719 καὶ
1825 5684 1986 5721 xm-

2104 5315 2363 5380 πατῆσαι,
2394 5310 2484 5364 καὶ
2513 5311 2605 5365 τὸν
2639 5308 2732 5366 ἄπ.

2175 5384 2287 5464 (ββ)
2313 5386 2568 5464 Quaestio
2609 5385 2729 5441 haec
2777 5385 2943 5442 abest
2973 5403 3007 5444 a
3036 5384 3216 5442 Palat.
3250 5386 3286 5440 2
3316 5390 3372 5444 et
3398 5402 3429 5442 ι
3459 5387 3759 5447 veteribus

2103 5454 2277 5509 aditis
2312 5456 2547 5511 Latinis.

2431 5529 2672 5605 quidam
2704 5546 2848 5585 mss.
2882 5529 3056 5601 Editi,
3085 5527 3299 5605 nymph
3319 5528 3676 5605 Χριστιανῶν.

2170 5598 2282 5688 (65)
2311 5598 2405 5656 Sic
2436 5598 2693 5659 maxima
2720 5617 2857 5675 pars
2889 5598 3236 5673 mss.'Editi,
3279 5598 3378 5657 ἒπῖ
3397 5600 3625 5675 χρόνοις
3655 5623 3750 5658 τοο

2096 5685 2331 5731 σουτοις.
