4108 6210
330 376 466 436 625

1300 374 1812 446 ΟΠίΕΞΤΙΟΝΕΞ
1857 374 1960 431 AD
2005 373 2471 434 ANTIOCHUM
2516 375 2810 437 DUCEM.

3640 383 3756 442 626

584 506 775 581 Ἐρώτ.
816 507 922 582 μγῖ
956 506 1053 561 Καὶ
1102 503 1147 560 εἰ
1194 503 1363 560 ταῦτα
1420 503 1591 567 οὕτως
1645 502 1782 579 ἔχει,
1816 505 1932 564 πῶς

2177 504 2403 567 Ουεετ.
2437 506 2636 563 XLIII.
2670 508 2730 561 Si
2762 507 2840 563 ita
2871 524 2963 563 res
2995 508 3192 575 habet,
3232 524 3336 563 cur
3360 509 3606 567 Satanas
3638 530 3752 569 non

332 601 584 657 Σατανᾶς
624 596 686 649 οὐ
718 593 918 651 διεῖλεν
952 592 1129 665 ἄλλην
1171 595 1348 650 πίστιν
1401 594 1487 650 ἐπὶ
1529 598 1631 669 γῆς
1681 592 1757 655 εἷς
1806 592 1994 647 τοσαύ-

325 705 432 746 τας
468 684 723 760 αἱρέσεις,
758 684 802 738 εἷ
837 686 914 757 μὴ
943 686 1042 753 τήν
1075 689 1182 739 τῶν
1218 686 1587 759 Χριστιανῶν;

407 774 602 830 Ἀπόκ.
635 774 723 835 Ὠς
750 769 1129 847 ἀντικειμένην
1161 772 1309 846 αὐτῷ
1348 771 1607 843 δηλονότι
1655 773 1744 826 καὶ
1794 791 1990 846 καταρ-

327 866 537 937 γοῦσαν
592 861 775 920 αὐτόν.
810 862 945 919 Ποία
990 863 1114 939 γάρ,
1165 862 1282 917 εἷπὲ
1334 884 1448 934 μοι,
1484 861 1703 938 φροντῗς
1748 861 1781 929 ἢ
1839 862 1991 935 μερι-

332 971 450 1022 μνα
496 956 578 1024 τῷ
625 956 858 1022 Σατανᾷ,
889 949 1201 1018 Ἰουδαίους,
1231 952 1267 1020 ἢ
1317 950 1672 1027 Σαμαρείτας,
1704 951 1739 1019 ἢ
1773 948 1990 1020 Ἕλλη-

325 1060 428 1101 νας
480 1039 820 1115 πολεμῆσαι,
869 1042 903 1109 ἢ
970 1040 1180 1116 μερίσαι
1231 1040 1305 1101 εἷς
1356 1040 1586 1116 αἱρέσεις
1643 1041 1733 1094 καὶ
1780 1038 1987 1100 πίστεις

326 1125 674 1207 διαφόρους;
718 1136 889 1185 Πᾶσαι
938 1131 1038 1206 γὰρ
1090 1130 1241 1185 αὗται
1283 1130 1446 1185 αὐτοῦ
1504 1130 1628 1199 εἶσι,
1679 1131 1768 1183 καὶ
1822 1126 1988 1183 οὖδα-

328 1223 455 1291 μῶς
486 1221 516 1274 6
546 1226 787 1283 Σατανᾶς
817 1221 879 1275 τὸ
909 1220 1100 1276 ἑαυτοῦ
1129 1219 1385 1293 πολεμεῖ,
1422 1217 1565 1275 ἀλλὰ
1592 1218 1659 1273 τὰ
1685 1224 1781 1273 τοῦ
1830 1221 1983 1273 Θεοῦ.

320 1310 491 1363 "QG-ts
548 1314 631 1381 τῷ
683 1307 1010 1385 βουλομένῳ
1056 1309 1144 1364 καὶ
1201 1308 1440 1364 ἐντεῦθέν
1488 1307 1597 1363 ἐστι
1649 1313 1858 1381 μαθεῖν,
1901 1306 1983 1361 ὅτι

320 1395 427 1451 οὐκ
460 1394 603 1452 ἔστιν
637 1397 790 1474 ὲτέρα
818 1398 995 1460 πίστις
1025 1393 1248 1466 εὐσεϐὴς
1295 1397 1381 1453 ἐπὶ
1430 1399 1528 1465 τῆς
1580 1399 1682 1471 γῆς
1730 1393 1903 1466 ἄλλη,
1938 1395 1980 1451 εί

322 1487 403 1557 μή
439 1485 583 1559 μόνη
616 1489 651 1557 ἡ
687 1487 760 1549 είς
792 1487 1047 1563 Χριστόν.

392 1577 512 1648 (67)
568 1577 763 1651 Ἐρώτ.
827 1574 931 1649 μδ’.
994 1574 1144 1649 Ποίῳ
1199 1573 1256 1629 δὲ
1310 1576 1514 1650 τρόπῳ·
1570 1574 1826 1647 πείσομεν
1886 1576 1977 1630 τὸν

316 1661 555 1736 ἰδιώτην
605 1666 697 1721 καὶ
749 1661 1039 1741 βάρϐαρον,
1073 1664 1155 1720 ὅτι
1208 1665 1340 1741 ὑπὲρ
1387 1664 1559 1726 πάσας
1608 1664 1701 1726 τὰς
1748 1663 1977 1738 αἱρέσεις

314 1754 351 1822 ἡ
386 1752 663 1823 καθολική
696 1753 991 1825 Ἐκκλησία
1036 1757 1135 1824 τὴν
1186 1752 1351 1829 ὀρθὴν
1394 1752 1569 1807 πίστιν
1603 1751 1742 1829 ἔχει,
1776 1754 1864 1808 καὶ
1913 1751 1975 1807 οὐ

314 1840 625 1919 σφάλλεται
650 1862 664 1913 ;

386 1930 592 1990 Ἀπὸκ.
633 1932 701 1989 Οἱ
736 1934 812 2006 μὴ
846 1930 1135 2006 δυνάμενοι
1168 1934 1390 2008 Γραφῶν
1434 1953 1495 1986 τε
1539 1932 1628 1986 καὶ
1688 1929 1974 2006 δογμάτων

313 2015 600 2093 ἀκρίϐειαν
662 2023 753 2077 καὶ
816 2020 977 2097 βάθος
1036 2023 1256 2076 ἀκοῦσαι
1308 2021 1547 2076 ἐντεῦθεν
1591 2021 1653 2075 τὸ
1689 2022 1850 2093 μόνον
1882 2021 1973 2075 καὶ

312 2106 538 2171 εὐσεϐὲς
614 2114 728 2183 (68)
795 2118 896 2180 τῆς
972 2110 1274 2180 καθολικῆς
1347 2112 1584 2184 Χριστοῦ
1649 2108 1971 2181 Ἐκκλησίας

312 2201 661 2270 πιστωθῆναι
695 2200 995 2279 ὀφείλουσιυ
1031 2197 1179 2275 λέγω
1237 2197 1303 2268 δὴ
1354 2198 1413 2254 ἐκ
1470 2202 1569 2254 τοῦ
1627 2198 1800 2254 πάντα
1845 2200 1971 2262 τοὺς

310 2289 625 2364 σωτηρίους
677 2290 767 2343 καὶ
812 2289 1028 2362 τιμίους
1068 2295 1177 2344 τῶν
1226 2291 1463 2365 Χριστοῦ
1493 2287 1828 2362 παθημάτων
1878 2289 1969 2344 τό-

307 2398 455 2439 πους
504 2382 574 2451 τῇ
624 2377 894 2453 καθολικῇ
946 2378 1035 2433 καὶ
1099 2375 1377 2453 ὀρθοδόξῳ
1434 2380 1594 2451 ἡμῶν
1647 2377 1821 2433 πίστει
1877 2378 1968 2433 καί

307 2465 618 2537 Ἐκκλησία
677 2468 779 2521 ὑπὸ
837 2472 968 2522 Θεοῦ
1043 2465 1353 2542 δωρηθῆναι
1427 2466 1516 2521 καὶ
1576 2474 1963 2537 πιστευθῆναι·

304 2553 466 2629 λέγω
497 2553 566 2625 δὴ
595 2558 696 2625 τὴν
726 2557 991 2633 Ναζαρὲθ,
1032 2554 1156 2611 ἔνθα
1203 2557 1232 2611 ὁ
1283 2556 1511 2633 Χριστὸς
1561 2554 1611 2610 ἐν
1639 2558 1775 2630 ἡμῖν
1809 2556 1966 2629 ἐσκή-

302 2662 472 2698 νωσε·
521 2645 623 2712 τήν
684 2643 961 2719 Βηθλεὲμ,
1009 2642 1133 2709 ἔνθα
1177 2645 1313 2701 κατὰ
1358 2644 1527 2721 σάρκα
1582 2644 1802 2719 ἐτέχθη·
1861 2648 1959 2715 τὴν

303 2732 482 2804 Σιὼν,
516 2729 639 2788 ἔνθα
684 2735 786 2803 τήν
836 2734 1106 2810 σωτηρίαν
1160 2738 1238 2807 τῷ
1293 2733 1487 2807 κόσμῳ
1532 2734 1833 2809 εἰργάσατο·
1867 2736 1958 2790 τὸν

304 2818 616 2894 Ἰορδάνην,
675 2820 799 2885 ἔνθα
854 2822 948 2877 τὸν
1004 2820 1183 2895 Ἀδὰμ.
1235 2822 1566 2877 ἀνεκαίνισε·
1625 2824 1688 2878 τὸ
1741 2819 1955 2900 Θαϐὼρ,

301 2908 437 2973 ἔνθα
494 2913 593 2979 τὴν
652 2917 758 2967 τῶν
817 2912 1058 2989 οὐρανῶν
1124 2911 1400 2987 βασιλείαν
1454 2911 1835 2988 προετύπωσε·
1896 2916 1957 2968 τὸ

297 3003 416 3055 τῶν
451 2999 683 3056 Ἐλαιῶν
745 2999 893 3077 ὅρος,
927 3000 1045 3065 ὅθεν
1105 3002 1239 3076 πρὸς
1287 3002 1380 3056 τὸν
1432 3003 1644 3077 Πατέρα
1702 3001 1752 3057 ἐν
1801 3002 1958 3079 οὐρα-

300 3095 425 3150 νοῖς
480 3089 573 3166 ἀφ’
628 3093 785 3163 ἡμῶν
845 3090 1196 3161 ἀνελήλυθεν.
1248 3090 1456 3166 Οὕσπερ
1527 3092 1763 3154 ἅπαντας
1827 3093 1954 3156 τοὺς

298 3178 476 3233 αὐτοῦ
523 3180 709 3255 ἁγίους
758 3181 847 3235 καὶ
898 3176 1222 3253 σεϐασμίους
1270 3179 1472 3243 τόπους
1524 3180 1624 3236 οὐκ
1652 3181 1770 3247 εἲκῆ
1828 3180 1953 3238 οὐδὲ

303 3266 485 3341 μάτην
556 3272 626 3342 τῇ
694 3266 960 3343 καθολικῇ
1020 3268 1318 3341 Ἐκκλησία
1392 3269 1752 3327 ἐνεπίστευσεν
1801 3273 1951 3346 (69)·

299 3355 435 3411 ἀλλ’
467 3358 543 3418 ὡς
569 3353 916 3433 εὐσεϐεστέρᾳ
944 3357 1199 3430 δηλονότι
1257 3359 1348 3414 καὶ
1404 3359 1705 3431 τιμιωτέρᾳ
1746 3362 1953 3416 πάντων

300 3445 396 3501 ἐπὶ
444 3451 552 3501 τῶν
593 3448 757 3524 ἁγίων
805 3448 952 3525 παρὰ
997 3454 1339 3524 Χριπιανοῖς
1393 3448 1813 3523 ὀνομαζομένων
1873 3452 1958 3506 πί-

296 3556 474 3591 στεων
521 3536 611 3591 καὶ
660 3535 985 3607 ἐκκλησιῶν.
1029 3537 1126 3592 Καὶ
1172 3536 1352 3612 ὥσπερ
1406 3537 1658 3611 βασιλεὺς
1693 3539 1819 3603 τοὺς
1870 3562 1956 3595 τι-

300 3624 469 3695 μίους
500 3624 664 3680 αὐτοῦ
719 3622 815 3681 τοῦ
872 3625 1139 3681 παλατίου
1195 3647 1459 3688 κοιτωνας
1510 3628 1599 3682 καὶ
1650 3629 1956 3706 θησαυροὺς

290 3718 416 3775 τοῖς
449 3715 790 3790 πιστοτέροις
822 3714 1037 3770 πάντων
1075 3720 1184 3771 τῶν
1228 3717 1510 3793 ὑπουργῶν
1562 3718 1725 3773 αὐτοῦ
1776 3718 1953 3795 ἐγχει-

294 3802 437 3877 ρίζει
494 3824 555 3857 τε
602 3804 691 3858 καὶ
740 3805 1000 3860 πιστεύει·
1036 3804 1178 3860 οὕτω
1225 3804 1312 3859 καὶ
1360 3807 1387 3860 6
1437 3807 1671 3879 Χριστὸς
1721 3807 1811 3862 ἀπ’
1860 3810 1953 3885 ἀρ-

292 3898 413 3967 χῆς
464 3899 566 3961 τῆς
624 3894 925 3967 παρουσίας
983 3894 1146 3949 αὐτοῦ
1203 3898 1272 3968 τῇ
1328 3894 1597 3969 καθολικῇ
1659 3894 1956 3970 Ἐκκλησία

290 3980 426 4042 τοὺς
458 3977 788 4054 σεϐασμίους
835 3982 1000 4039 αὐτοῦ
1046 3980 1248 4046 τόπους
1298 3982 1619 4042 ἐπίστευσεν.
1652 3985 1714 4040 Εἰ
1765 3983 1821 4040 δὲ
1870 3984 1955 4042 λέ-

290 4090 383 4143 γει
432 4071 463 4124 6
520 4068 592 4124 δι’
624 4071 856 4134 ἐναντίας
886 4075 1019 4145 (70),
1057 4072 1137 4128 ὅτι
1188 4072 1445 4149 βασιλικῇ
1496 4071 1771 4149 τυραννίδι
1825 4076 1951 4129 τού-

289 4180 423 4220 τους
482 4162 813 4237 κατέχομεν,
849 4163 1163 4234 μανθανέτω
1219 4163 1247 4217 6
1300 4167 1571 4230 τοιοῦτοςτ
1619 4162 1829 4238 ὅτιπερ,
1862 4166 1950 4220 καὶ

298 4243 596 4323 βαρϐάρων
624 4248 894 4312 πολλάκις
924 4253 1023 4321 τὴν
1076 4250 1442 4322 Παλαιστίνην
1494 4248 1947 4328 παραλαϐόντων,

291 4336 357 4392 οὐ
412 4338 766 4414 συνεχώρησε
807 4341 1037 4416 Χριστὸς
1087 4340 1215 4403 τοὺς
1265 4341 1455 4397 ἑαυτοῦ
1501 4341 1702 4404 τόπους
1747 4343 1946 4419 αἱρετι-

288 4432 413 4488 κοῖς
444 4430 557 4500 (71)
591 4426 985 4501 παραδοθῆναι.
1020 4428 1210 4500 Ἀλλὰ,
1244 4430 1338 4485 κᾶν
1372 4431 1506 4506 πρὸς
1561 4430 1738 4506 βραχὺ
1786 4437 1946 4488 τοῦτο
2005 4482 2016 4495 ,

2105 593 2279 649 aliam
2314 595 2487 651 ﬁdem
2518 595 2578 651 in
2610 600 2762 652 terra
2792 596 2991 651 divisit
3028 596 3089 652 in
3120 600 3206 652 tot
3240 598 3513 665 haereses,
3546 606 3757 672 printer

2103 682 2287 739 solam
2321 684 2786 741 Christianorum
2822 687 2994 741 fidem
3026 690 3048 741 Ξ)

2174 773 2343 827 Rasr.
2377 773 2523 837 Quia
2555 774 2779 830 scilicet
2810 776 2923 847 ipsi
2955 776 3320 845 adversatur,
3354 778 3594 850 vimque
3625 782 3750 851 ejus

2100 860 2324 916 irritam
2360 863 2531 933 plane
2578 864 2793 920 reddit.
2856 869 3050 937 Ecqua
3099 866 3253 920 enim
3306 884 3466 934 cura,
3516 870 3748 937 amabo,

2101 951 2249 1007 227
2282 956 2507 1007 Satanze
2538 958 2692 1008 esset
2719 953 2970 1023 Judzeos,
3002 956 3322 1011 Samarites
3352 961 3453 1011 aut
3500 959 3748 1027 gentiles

2099 1040 2398 1096 adoriendi
2435 1047 2535 1097 aut
2576 1042 2634 1096 in
2684 1043 2935 1099 haereses
2988 1048 3044 1099 et
3091 1045 3279 1100 varias
3333 1047 3475 1101 fides
3525 1048 3744 1102 discin-

2098 1129 2320 1185 dendi?
2348 1132 2443 1186 Has
2475 1132 2632 1187 enim
2666 1133 2737 1187 ad
2770 1133 2964 1204 ipsum
2999 1134 3309 1203 pertinent,
3344 1150 3448 1191 nec
3479 1152 3741 1208 unquam

2094 1221 2338 1274 Satanas
2370 1236 2436 1275 ea
2468 1238 2593 1291 qua:
2625 1226 2762 1276 sunt
2792 1223 2919 1291 ejus
2952 1222 3282 1294 impugnat,
3318 1224 3417 1278 sed
3468 1240 3589 1295 qua:
3639 1227 3740 1281 Dei

2095 1312 2251 1363 sunt.
2286 1310 2567 1375 Quocirca
2598 1311 2733 1366 inde
2763 1312 3014 1382 quisque
3045 1313 3233 1383 possit
3261 1313 3502 1384 discere,
3566 1314 3737 1371 aliam

2093 1396 2251 1467 piam
2285 1398 2459 1454 ﬁdem
2492 1399 2550 1454 in
2582 1400 2755 1455 terris
2786 1400 3006 1455 nullam
3040 1416 3189 1469 esse,
3224 1406 3437 1473 praeter
3465 1418 3596 1459 eam
3621 1419 3737 1474 qua

2091 1485 2149 1539 in
2182 1486 2480 1542 Christum
2512 1489 2827 1544 credimus.

2162 1576 2629 1638 QU.EST.XL1V.
2682 1579 2945 1641 Quanam
3018 1579 3241 1635 ratione
3311 1581 3443 1635 rudi
3510 1580 3734 1637 homini

2088 1666 2147 1718 et
2191 1665 2438 1721 barbaro
2496 1669 2920 1738 persuademus
2994 1668 3343 1724 catholicam
3414 1670 3731 1727 Ecclesium

2086 1770 2201 1824 prae
2234 1755 2510 1812 omnibus
2541 1756 2861 1812 hmresibus
2894 1762 3113 1813 rectam
3148 1759 3316 1814 Iidem
3349 1759 3585 1828 habere,
3621 1779 3727 1817 nec

2005 1870 2053 1936 B
2084 1857 2279 1936 errare
2297 1844 2326 1898 ‘I

2156 1932 2327 1989 RESP.
2374 1934 2481 1997 Qui
2535 1934 2972 2007 Scripturarum
3025 1940 3080 1991 et
3137 1936 3481 2007 dogmatum
3552 1955 3723 1996 accu-

2082 2025 2270 2077 ratam
2319 2029 2375 2078 et
2422 2024 2772 2093 profundam
2819 2024 3290 2097 explanationem
3338 2027 3544 2084 audire
3608 2046 3725 2086 non

2082 2115 2349 2183 possunt,
2407 2112 2543 2167 inde
2602 2114 2870 2185 persuasi
2923 2115 3136 2170 debent
3185 2130 3313 2172 esse
3362 2118 3435 2173 de
3486 2118 3725 2192 integri-

2081 2203 2197 2256 tate
2226 2205 2283 2257 et
2312 2201 2551 2257 veritate
2578 2202 2875 2259 catholicas
2905 2203 3121 2260 Christi
3171 2205 3464 2276 Ecclesiae,
3516 2224 3725 2279 nempe

2078 2289 2187 2345 hoc
2255 2306 2323 2346 ex
2387 2292 2598 2363 capite,
2674 2293 2833 2364 quod
2911 2292 3192 2350 salutaria
3253 2300 3310 2351 et
3394 2299 3725 2354 veneranda

2076 2378 2292 2436 Christi
2346 2381 2690 2452 passionum
2739 2382 2887 2452 loca,
2940 2384 3238 2441 catholicae
3291 2390 3349 2441 et
3389 2388 3721 2443 orthodoxze

2076 2472 2284 2525 nostrae
2342 2470 2475 2526 fidei
2530 2475 2587 2526 et
2637 2471 2903 2529 Ecclesia:
2954 2491 2987 2529 a
3036 2478 3149 2531 Deo
3200 2476 3415 2531 donata
3483 2477 3602 2533 sint
3666 2483 3723 2533 et

2073 2557 2331 2615 credita:
2367 2575 2579 2632 nempe
2608 2561 2898 2618 Nazareth
2952 2563 3052 2619 ubi
3100 2564 3368 2620 Christus
3426 2589 3452 2615 «
3488 2565 3717 2622 habita-

2070 2646 2152 2701 vit
2183 2648 2240 2701 in
2274 2649 2442 2703 nobis
2472 2650 2515 2683 σε
2543 2672 2562 2698 ι
2592 2666 2605 2717 ;
2657 2650 3019 2717 Bethlehem,
3068 2652 3168 2708 ubi
3218 2655 3543 2711 secundum
3593 2671 3713 2711 car-

2070 2752 2199 2791 nem
2230 2742 2403 2793 natus
2435 2742 2556 2806 est;
2618 2738 2777 2804 Sion,
2842 2740 2939 2794 ubi
2990 2740 3240 2797 salutem
3296 2744 3517 2799 mundo
3566 2760 3708 2816 ope-

2069 2828 2229 2880 ratus
2289 2831 2416 2893 est;
2482 2827 2777 2898 Jordauis,
2852 2829 2952 2883 ubi
3015 2830 3304 2885 Adamum
3377 2834 3705 2902 renovavit;

2066 2915 2316 2982 Thabor,
2344 2916 2443 2971 ubi
2466 2916 2745 2973 oculorum
2788 2933 3030 2989 regnum
3066 2920 3498 2992 praeﬁguravit;
3534 2938 3704 2979 mons

2067 3004 2386 3072 Olivarum,
2440 3007 2595 3060 unde
2640 3006 2696 3061 in
2766 3006 2939 3062 coclos
3008 3008 3079 3062 ad
3156 3013 3411 3081 Patrem,
3462 3029 3495 3067 a
3538 3012 3708 3067 nobis

2065 3092 2344 3149 ascendit.
2398 3096 2531 3160 Quae
2584 3095 2783 3151 omnia
2833 3100 3036 3152 sancta
3086 3100 3143 3153 et
3193 3101 3523 3156 veneranda
3580 3103 3708 3173 ejus

2066 3182 2193 3239 loca
2234 3200 2349 3239 non
2397 3186 2612 3239 temere
2659 3201 2763 3239 nec
2818 3185 3035 3242 frustra
3083 3187 3381 3243 catholicae
3440 3189 3708 3246 Ecclesiae

2069 3272 2447 3339 concredidit,
2498 3273 2599 3328 sed
2646 3280 2727 3340 ut,
2779 3274 2938 3328 omni
2989 3274 3102 3330 alia
3148 3276 3261 3331 fide
3311 3282 3367 3333 et
3432 3279 3711 3349 Ecclesia,

2067 3361 2223 3416 inter
2252 3361 2613 3417 Christianos
2646 3368 3009 3434 nuncupata,
3045 3362 3149 3435 piae
3204 3366 3393 3438 magis
3433 3372 3489 3422 et
3537 3368 3713 3424 hono-

2068 3451 2290 3506 ratiori.
2324 3454 2402 3505 Ac
2434 3452 2936 3521 quemadmodum
2969 3452 3291 3523 imperator
3321 3456 3579 3525 pretiosa
3608 3475 3713 3530 pa-

2068 3539 2191 3595 latii
2220 3540 2311 3596 sui
2344 3539 2613 3597 cubicula
2642 3540 3071 3612 thesaurosque
3100 3544 3413 3598 committit
3443 3549 3500 3599 et
3530 3548 3715 3603 credit

2068 3627 2330 3685 omnium
2362 3644 2601 3684 suorum
2634 3629 3044 3686 ministrorum
3078 3630 3442 3687 ﬁdelioribus
3470 3651 3483 3687 :
3517 3633 3599 3688 ita
3657 3639 3715 3691 et

2065 3717 2333 3773 Christus
2364 3718 2435 3772 ab
2484 3718 2650 3774 initio
2698 3719 2789 3774 sui
2845 3720 3152 3790 adventus,
3202 3722 3533 3776 veneranda
3583 3724 3711 3793 ejus

2065 3807 2290 3863 scilicet
2318 3806 2463 3875 loca,
2488 3806 2785 3863 catholici'e
2810 3807 3076 3863 Ecclesiae
3125 3809 3503 3864 concredidit.
3547 3813 3710 3876 Quod

2062 3897 2111 3952 si
2145 3896 2518 3952 adversarius
2549 3896 2899 3968 respondeat
2928 3913 3032 3951 nos
3065 3901 3350 3968 potestate
3406 3899 3709 3968 tyrannica

2062 3986 2163 4041 illa
2186 3984 2506 4058 possidere,
2531 3986 2717 4040 discat
2739 3984 2834 4039 ille
2858 3986 3036 4057 quod,
3064 3985 3297 4041 etiamsi
3338 3987 3705 4044 Palaestinam

2061 4092 2214 4147 saepe
2235 4074 2467 4130 barbari
2500 4074 2933 4145 occupaverint,
2965 4090 3081 4130 non
3112 4075 3381 4146 permisit
3407 4076 3706 4147 {Christus

2060 4182 2168 4221 sua
2200 4164 2324 4220 loca
2378 4163 2526 4218 tradi
2579 4162 2889 4218 haereticis.
2942 4163 3100 4226 Quod
3151 4164 3263 4219 etsi
3307 4163 3363 4218 id
3413 4166 3484 4220 ad
3533 4166 3705 4222 breve

2059 4260 2292 4325 tempus
2315 4256 2707 4317 tentaverunt,
2747 4252 2859 4309 cito
2891 4270 3097 4308 rursus
3133 4252 3418 4309 catholica
3448 4254 3706 4312 Ecclesia

2058 4344 2218 4416 ipsos
2248 4342 2462 4414 abegit,
2496 4358 2612 4397 non
2644 4358 2817 4399 secus
2849 4358 2915 4399 ac
2948 4359 3154 4415 porcos
3183 4359 3217 4398 τι
3246 4344 3468 4400 sanctis
3490 4345 3703 4400 Christi

2057 4433 2156 4490 Dei
2187 4431 2373 4488 nostri
2407 4431 2631 4488 aedibus
2665 4436 2722 4487 et
2752 4432 2919 4488 locis.

288 4516 678 4591 ἐπεχείρησαν,
711 4518 989 4590 συντόμως
1046 4516 1210 4573 πάλιν
1270 4522 1305 4589 ἡ
1363 4518 1630 4589 καθολική
1663 4520 1961 4594 Ἐκκλησία
2015 4521 2240 4584 τούτους
2299 4517 2611 4591 ἀπεδίωξεν,
2661 4520 2736 4582 ὡς
2790 4518 3015 4597 χοίρους
3071 4526 3179 4577 τῶν
3239 4522 3407 4598 ἁγίων
3464 4526 3701 4597 Χριστοῦ

283 4609 388 4661 τοῦ
420 4611 557 4661 Θεοῦ
587 4609 748 4679 ἡμῶν
780 4604 960 4662 αὐλῶν
991 4607 1078 4663 καὶ
1110 4608 1313 4666 τόπων.

364 4696 561 4770 Ἐρώτ.
628 4704 731 4768 με’.
782 4702 893 4752 Ποῦ
940 4697 1223 4772 ἐπέτρεψεν
1276 4700 1303 4753 6
1362 4699 1491 4755 Θεὸς
1536 4705 1653 4763 τοῖς
1713 4701 1950 4757 ἀποστό-

2130 4706 2356 4769 Ουλεετ.
2394 4701 2552 4757 XLV.
2605 4701 2854 4757 Ubinam
2896 4703 3170 4775 praecepit
3218 4704 3373 4759 Deus
3422 4704 3701 4775 apostolis

286 4782 413 4844 λοις
470 4785 819 4859 Χριστιανοὺς
902 4785 1188 4859 ὀνομάζειν
1266 4785 1393 4849 τοὺς
1461 4789 1810 4853 πιστεύοντας
1867 4795 1947 4863 τῷ

286 4874 553 4946 Χρωτῷς

366 4962 555 5019 Ἀπόκ.
603 4963 686 5018 Ἐν
740 4967 859 5026 ταῖς
920 4962 1145 5038 Πράξεσι
1202 4967 1308 5021 τῶν
1361 4965 1679 5022 ἀποστόλων
1741 4966 1939 5023 ἀκούο-

290 5071 416 5124 μεν,
476 5050 557 5107 ὅτι
623 5050 675 5107 ἐν
731 5052 1042 5128 Ἀντιοχείᾳ
1112 5053 1301 5131 γέγονε
1374 5060 1591 5131 πρῶτος
1666 5076 1951 5143 χρηματι;

362 5213 406 5248 ⁸⁸
433 5213 601 5269 Joan.
638 5230 679 5283 ι,
714 5213 799 5267 14.
877 5213 920 5248 ⁹⁹
950 5213 1069 5269 Act.
1099 5229 1178 5283 xx,
1208 5216 1298 5272 26.

362 5361 869 5438 (66)_Q_uzes_tiones
912 5364 1122 5438 {3,611,
1176 5367 1264 5437 45,
1304 5367 1391 5422 46.
1440 5367 1527 5434 47,
1571 5368 1658 5435 48,
1709 5369 1797 5436 49,
1846 5369 1938 5438 50,

280 5437 349 5519 ξι
379 5441 444 5519 et
470 5436 577 5517 .52,
622 5434 841 5490 absunt
872 5451 906 5489 a
932 5434 1115 5493 Palat.
1156 5439 1210 5501 2,
1247 5434 1312 5493 et
1350 5455 1382 5493 a
1424 5440 1717 5495 veteribus
1767 5434 1939 5496 editis

287 5509 910 5652 ι’ῗὲξίερυωεῐὶο-Ιιωρ
958 5578 1120 5635 abest
1150 5596 1183 5635 a
1212 5580 1395 5636 Palat.
1431 5582 1455 5636 1
1485 5600 1497 5648 ;
1531 5586 1591 5638 at
1638 5582 1938 5652 responsio

284 5642 553 5707 minime.
588 5653 725 5706 Post
757 5642 1028 5724 βάρϐαρον
1072 5652 1214 5724 Reg.
1260 5655 1315 5721 2,
1368 5642 1564 5723 habet,
1593 5654 1680 5707 καὶ
1730 5642 1935 5730 ἆγράμ-

290 5742 459 5795 ματον
470 5766 483 5779 .

2058 4793 2421 4849 Christianos
2452 4790 2746 4864 appellare
2777 4808 2874 4847 eos
2907 4791 3006 4862 qui
3038 4791 3264 4849 Christo
3296 4793 3595 4849 credunt?

2124 4972 2295 5027 Βεερ.
2331 4970 2604 5042 Legimus
2634 4970 2692 5025 in
2724 4968 2961 5025 Actibus
3005 4970 3406 5041 apostolorum
3454 4973 3518 5039 99,
3563 4988 3697 5029 ora-

2051 5059 2249 5117 culum
2275 5059 2463 5132 primo
2494 5059 2715 5115 editum
2736 5073 2865 5115 esse
2899 5058 3239 5130 Antiochiae,
3259 5060 3379 5117 sive
3400 5060 3503 5117 Dei
3539 5077 3695 5119 reve-

2125 5372 2231 5442 (68)
2264 5369 2487 5443 Reg._2,
2516 5368 2579 5420 τὸ
2613 5365 2843 5443 ᾅμωμον
2896 5369 2983 5443 καὶ
3031 5366 3266 5443 ἀκριϐὲς.
3331 5375 3483 5430 lnfro
3544 5376 3699 5430 idem

2051 5438 2227 5517 quem
2260 5438 2585 5517 sequimur,
2620 5440 2677 5517 ἐκ
2705 5438 2800 5517 τοῦ
2834 5442 3050 5504 πάντας.
3082 5438 3255 5517 Editi,
3297 5445 3423 5508 τοὺς
3472 5446 3693 5509 πάντας.

2123 5514 2235 5584 (69)
2264 5509 2402 5569 'l‘res
2435 5529 2601 5581 mss,
2633 5509 2957 5584 ἐπίστευσεν.

2121 5582 2234 5656 (ΤΟ)
2266 5586 2446 5641 Palat.
2484 5586 2533 5653 1,
2569 5584 2595 5637 6
2628 5582 2887 5646 ἐναντίος.

2120 5659 2231 5729 (71)
2267 5659 2349 5733 Ita
2402 5656 2626 5733 Reg._2,_
2657 5659 2710 5728 3,
2744 5666 2812 5733 e_t_
2853 5659 3028 5733 Basil.
3065 5660 3163 5733 qui
3202 5660 3261 5717 in
3306 5660 3414 5718 hac
3454 5678 3689 5733 respon-

2049 5728 2220 5786 sione
2241 5729 2411 5801 plane
2441 5728 2677 5786 desinit.
2712 5729 2884 5801 Edit.,
2914 5731 3000 5783 καὶ
3032 5728 3199 5806 sil—pst.
