4108 6210
393 366 507 426 62⁸1

1537 364 1599 423 8.
1648 362 2173 425 A'I‘HANASIUS.
2208 394 2285 406 —
2313 362 2626 425 SPURIA.

3685 363 3823 422 628

394 497 670 553 lationem
702 494 985 567 apostolis
1019 495 1471 567 praecipientem,
1495 500 1559 551 ut
1586 512 1690 551 nos
1726 492 2046 552 Christiani

2177 492 2295 563 τμὸς
2329 495 2464 565 (72),
2493 490 2659 568 ἤγουν
2718 492 3058 567 ἀποκάλυψις
3115 497 3270 562 Θεοῦ,
3301 497 3417 555 τοῖς
3474 492 3821 555 ἀποστόλοις

401 585 865 642 nominaremur.
915 585 1197 647 Quocirca
1243 585 1554 657 diligenter
1601 585 1864 640 advertat
1916 582 2043 653 qui-

402 689 634 744 cunque
664 674 731 727 ad
768 672 1215 744 Christum§vult
1245 675 1538 741 accedere,
1588 690 1819 730 omnem
1871 673 2044 727 {idem

400 764 460 818 in
483 762 653 817 terris
685 762 920 817 nomine
948 762 1200 833 alicujus
1224 763 1480 818 hominis
1503 761 2048 835 appellari.Scilicet

400 851 688 907 aSimone
711 850 1031 905 Simoniani
1068 853 1364 919 dicuntur,
1410 870 1443 907 a
1477 852 1767 907 Marcione
1804 850 2045 906 Marcio-

400 941 557 1009 nitas,
592 941 663 995 ab
693 939 826 994 Aric
858 941 1077 1007 Ariani,
1112 944 1169 995 et
1200 940 1547 996 Eunomiani
1579 944 1815 1013 prepter
1852 940 2045 994 Euno-

402 1031 609 1085 mium.
642 1033 739 1083 Hae
772 1045 977 1085 omnes
1010 1034 1337 1100 caeterzsque
1366 1031 1532 1099 ﬁdes,
1565 1047 1689 1100 quis
1740 1029 2048 1084 hominum

403 1117 645 1175 nomina
675 1118 889 1188 ferunt,
922 1123 1096 1189 atque
1128 1119 1211 1173 ita
1241 1123 1476 1190 propter
1502 1118 1634 1174 illos
1655 1117 2047 1191 appellantur,

403 1223 521 1263 non
554 1212 695 1261 sunt
722 1206 849 1273 Dei,
883 1223 1071 1277 neque
1102 1213 1253 1263 Deus
1286 1207 1343 1262 in
1373 1207 1489 1263 illis
1520 1212 1627 1263 est.
1663 1208 1809 1264 Nam
1843 1208 1892 1263 si
1950 1203 2051 1261 Dei

405 1300 564 1363 sunt,
590 1312 694 1350 cur
720 1294 1025 1351 hominum
1059 1296 1397 1353 nominibus
1430 1296 1801 1369 appellantur
1829 1302 1886 1351 et
1914 1296 2052 1351 insi-

405 1383 737 1457 gniuntur?
767 1384 1044 1441 Gloriatio
1076 1386 1256 1458 igitur
1284 1386 1700 1458 gloriationum
1733 1386 1844 1441 erit
1886 1384 2055 1441 nobis

407 1473 694 1529 catholica
724 1473 1003 1545 Ecclesia,
1038 1478 1187 1530 utet
1236 1475 1391 1547 quod
1437 1474 1752 1531 Christiani
1802 1473 2055 1529 dicimur

407 1567 465 1619 et
490 1562 882 1630 nominamur,
917 1568 980 1618 ut
1009 1564 1108 1635 qui
1142 1581 1255 1619 non
1290 1564 1364 1620 ab
1396 1564 1738 1621 hominibus
1789 1563 2055 1620 nomine-

410 1669 567 1720 mur,
600 1652 701 1708 sed
732 1669 767 1708 a
794 1652 911 1708 Deo
942 1651 1372 1709 illuminemur.

483 1833 705 1929 QII-EST.
734 1831 923 1929 XPVI.
958 1833 1099 1929 Quis
1129 1838 1264 1891 ante
1303 1849 1507 1890 omnes
1547 1836 1730 1889 Deum
1780 1832 1840 1887 in
1889 1833 2060 1889 terris
2090 1862 2139 1929 Β

414 1920 739 1977 nominavit
767 1922 952 1977 Deum
975 1922 1002 1976 ?

488 2011 659 2065 Raso.
694 2011 1003 2067 Diabolum
1036 2029 1165 2069 esse
1197 2012 1575 2069 manifesmm
1616 2017 1723 2083 est,
1775 2032 1910 2071 cum
1956 2014 2062 2069 sci-

413 2098 550 2154 licet
581 2100 652 2154 ad
686 2101 862 2156 Evam
887 2101 1028 2155 dixit
1058 2118 1070 2157 :
1107 2124 1133 2150 ‹‹
1165 2101 1315 2165 Quid
1346 2101 1493 2157 dixit
1523 2103 1686 2159 vobis
1721 2108 1873 2160 Deus
1902 2108 1969 2159 ut
1997 2120 2066 2158 ex

417 2188 579 2244 omni
600 2188 782 2261 ligno,
805 2190 959 2261 quod
986 2195 1075 2246 est
1094 2190 1151 2245 in
1177 2191 1468 2262 paradiso,
1490 2193 1839 2248 comedatis‘
1858 2194 1886 2248 ’ἲ
1905 2216 1932 2244 ››
1951 2193 2065 2248 Nec

418 2293 553 2333 vero
586 2278 643 2332 id
678 2278 943 2335 mireris:
979 2296 1232 2350 namque
1263 2296 1396 2334 cum
1428 2280 1697 2337 diabolus
1729 2283 1905 2338 fuerit
1924 2282 2063 2337 olim

422 2364 691 2438 angelus,
725 2370 865 2422 tunc
896 2385 1074 2439 supra
1102 2368 1397 2423 hominem
1432 2368 1736 2424 scientiam
1768 2370 1993 2425 habuit.

495 2474 722 2536 Qums'r.
754 2474 966 2530 XLVII.
997 2475 1247 2530 Ubinam
1276 2491 1410 2531 vero
1442 2476 1781 2548 paradisum
1804 2478 2066 2532 dicemus

421 2561 593 2617 esse?
625 2560 736 2619 Alii
766 2562 925 2618 enim
953 2563 1359 2636 Jerosolymis,
1391 2564 1491 2619 alii
1514 2565 1573 2619 in
1596 2565 1757 2620 caelis
1779 2581 1912 2621 eum
1938 2583 2067 2621 esse

422 2652 609 2707 aiunt.

494 2742 664 2798 Resp.
698 2744 878 2799 Nemo
909 2744 1121 2800 horum
1153 2762 1284 2800 vere
1314 2744 1510 2799 sentit.
1546 2745 1690 2800 Nam
1724 2745 1878 2817 quod
1905 2745 2067 2801 Jero-

419 2831 664 2903 solymis
696 2834 1005 2903 paradisus
1038 2850 1152 2888 non
1185 2833 1279 2899 sit,
1330 2838 1575 2888 testatur
1621 2833 1809 2887 Adam
1861 2834 1959 2904 qui
2007 2834 2065 2887 in

423 2922 577 2977 228
637 2921 896 2977 Calvario
936 2923 1112 2992 jacet.
1156 2924 1391 2978 Certum
1439 2926 1635 2977 autem
1689 2926 1778 2977 est
1823 2939 1959 2977 eum
2008 2923 2067 2977 in

415 3010 691 3081 paradiso
723 3011 1022 3083 sepultum
1056 3030 1168 3067 non
1202 3012 1402 3079 fuisse,
1438 3011 1538 3067 sed
1570 3015 1731 3067 extra
1769 3028 1903 3066 eum
1952 3012 2067 3081 eje-

414 3104 575 3154 ctum
609 3116 756 3154 esse.
792 3102 955 3167 Quod
989 3107 1181 3155 autem
1216 3100 1525 3172 paradisus
1556 3117 1670 3155 non
1695 3100 1773 3155 sit
1802 3100 1860 3154 in
1883 3099 2065 3167 cmlis,

406 3190 661 3241 testatur
677 3188 979 3258 Scriptura
996 3205 1123 3260 quae
1147 3189 1251 3255 ait,
1275 3211 1301 3237 ‹‹
1329 3190 1397 3243 Et
1418 3188 1702 3259 plantavit
1725 3192 1876 3244 Deus
1898 3205 2061 3260 para-

410 3273 609 3329 disum
633 3276 693 3329 in
724 3276 882 3331 Edeu
914 3278 984 3330 ad
1018 3278 1300 3332 orientem
1325 3278 1366 3331 ².
1403 3300 1429 3326 ››
1466 3278 1965 3347 Docemuritaque
1984 3278 2056 3332 ab

409 3361 633 3417 oriente
664 3364 946 3419 universas
976 3370 1141 3419 terraa
1171 3382 1299 3420 esse
1326 3365 1687 3436 paradisum.
1723 3365 1868 3420 Hinc
1912 3366 2057 3421 scri-

412 3450 563 3505 bunt
592 3452 852 3508 acsurati
883 3452 1145 3509 historici
1176 3454 1355 3524 hujus
1389 3455 1469 3509 rei
1501 3471 1681 3509 causa
1737 3454 2060 3526 fragrantia

412 3544 676 3596 aromata
704 3558 906 3597 versus
935 3542 1246 3597 orientales
1280 3544 1399 3598 sive
1434 3543 1663 3598 Indicas
1694 3547 1888 3614 partes
1908 3545 2058 3599 exsi-

410 3633 584 3701 stere,
621 3636 819 3702 utpote
852 3647 981 3703 quae
1012 3632 1285 3703 paradiso
1316 3632 1438 3687 sint
1486 3632 1817 3688 viciniores.
1870 3635 2058 3704 Atque

407 3727 470 3773 ut
502 3719 707 3789 palmes
740 3736 934 3777 mares
966 3720 1194 3792 palmas
1226 3721 1475 3777 feminas
1506 3723 1823 3793 proximas,
1858 3725 2056 3777 vento-

407 3824 542 3863 rum
575 3809 952 3881 aspiratione,
986 3809 1412 3881 contingentes,
1446 3826 1545 3866 eas
1595 3810 1875 3865 fecundas
1926 3812 2056 3866 red-

411 3897 598 3953 dunt:
632 3899 716 3955 sic
747 3899 1069 3972 fragrantia
1115 3916 1243 3970 quis
1286 3916 1355 3955 ex
1400 3898 1693 3970 paradiso,
1745 3903 2053 3954 ventorum

411 3986 637 4053 afﬂatu,
686 3987 822 4055 exit,
868 3989 1105 4043 arbores
1149 3988 1411 4045 locorum
1463 3988 1697 4045 illorum
1750 3988 2056 4045 viciniores

410 4075 739 4145 fragrantes
769 4077 965 4132 efﬁcit.

484 4341 708 4403 Quasr.
742 4342 980 4399 XLVIII.
1030 4344 1365 4399 Dicimusne
1416 4344 1762 4415 paradisum
1813 4362 2056 4420 corrup-

412 4430 559 4485 tioni
592 4430 907 4487 obnoxium
941 4448 1093 4499 esse,
1127 4449 1199 4487 an
1231 4431 1635 4505 incorruptum
1658 4435 1686 4488 ‘I

484 4519 653 4575 RESP.
686 4520 884 4590 Neque
914 4522 1276 4592 corruptioni
1297 4522 1613 4576 obnoxium
1641 4524 1914 4590 dicimus,
1940 4543 2055 4596 quo

2153 580 2513 655 ἐπιτρέπουσα
2553 580 2834 637 καλεῖσθαι
2890 585 3035 655 ἡμᾶς
3096 585 3468 656 Χριστιανοὺς.
3506 586 3597 638 Διὸ
3651 584 3814 658 ἀκριο

2155 664 2267 731 ϐὡς
2296 672 2607 746 γινωσκέτω
2640 672 2668 725 6
2697 677 2776 743 τῷ
2807 674 3023 747 Χριστῷ
3070 671 3388 747 προσελθεῖν
3441 672 3809 747 βουλόμενος,

2156 756 2239 812 ὅτι
2287 765 2430 813 πᾶσα
2476 759 2655 822 πίστις
2706 760 2793 814 ἐπὶ
2828 768 2932 835 γῆς
2965 760 3039 815 εἷς
3073 756 3245 833 ὄνομα
3276 762 3564 837 ἀνθρώπου
3598 763 3815 835 ὀνομα-

2159 848 2377 919 ζομένη·
2416 848 2556 923 λέγω
2588 847 2655 918 δὴ
2690 850 2793 903 άπὸ
2836 847 3087 922 Σίμωνος
3141 850 3495 922 Σιμωνιανοὶ,
3551 853 3639 906 καὶ
3695 853 3814 907 ἀπὸ

2158 936 2479 1011 Μαρκίωνος
2536 939 2934 1014 Μαρκιωνιταὶ,
2992 940 3081 993 καὶ
3160 939 3263 993 ἀπὸ
3321 939 3538 1015 Ἀρείου
3596 943 3817 1016 ’Δρεια-

2156 1024 2263 1094 vei,
2294 1026 2384 1080 καὶ
2417 1024 2486 1080 δι’
2518 1027 2782 1101 Εὐνόμιον
2814 1027 3161 1101 Εὐνομιανοί·
3196 1030 3351 1083 αὗται
3398 1036 3564 1084 πᾶσαι
3612 1031 3698 1085 καὶ
3757 1032 3816 1085 αἱ

2160 1112 2370 1187 λοιπαὶ,
2418 1114 2471 1169 αῖ
2517 1116 2647 1171 εἷ’σιν
2700 1116 2996 1194 ἀνθρώπων
3051 1116 3308 1191 ὀνοματα,
3358 1118 3447 1174 καὶ
3491 1118 3564 1173 δι’
3612 1120 3820 1182 αὐτοὺς

2161 1202 2334 1265 οὕτως
2367 1204 2765 1278 ὀνομαζόμεναι
2798 1204 3027 1276 πίστεις,
3064 1205 3161 1261 οὐκ
3203 1205 3304 1261 εἶ’σὶ
3352 1212 3449 1263 τοῦ
3494 1214 3649 1281 Θεοῦ,
3683 1209 3821 1265 οὐδὲ

2163 1294 2191 1347 6
2221 1294 2347 1356 Θεὸς
2382 1293 2431 1347 ἐν
2462 1294 2667 1357 αὐταῖς.
2702 1294 2764 1350 Et
2803 1296 2903 1371 γὰρ
2953 1300 3046 1350 τοῦ
3091 1301 3223 1351 Θεοῦ
3275 1298 3398 1369 εἶσι,
3448 1298 3593 1360 τίνος
3647 1299 3819 1376 χάριν

2163 1384 2461 1458 ἀνθρώπων
2491 1383 2748 1457 ὀνόμασιν
2782 1384 3141 1457 ὀνομάζονταί
3182 1407 3239 1441 τε
3278 1384 3368 1441 καί
3413 1387 3772 1460 σεμνύνονται
3807 1408 3822 1457 ;

2164 1472 2440 1547 Καύχημα
2478 1474 2656 1527 τοίνυν
2701 1476 2835 1547 ἡμῖν
2883 1473 2991 1529 ἐστι
3042 1475 3415 1550 καυχημάτων
3457 1478 3489 1545 ἡ
3542 1476 3823 1545 καθολικὴ

2166 1561 2482 1633 Ἐκκλησία,
2554 1564 2641 1618 καὶ
2716 1565 2777 1618 τὸ
2852 1563 3207 1638 κηρύττεσθαι
3284 1566 3374 1619 καὶ
3452 1566 3824 1639 ὀνομάζεσθαι

2166 1651 2502 1726 Χριστιανοὶ,
2564 1652 2637 1713 ὡς
2700 1654 2773 1726 μὴ
2834 1654 2981 1729 παρᾶ
3037 1653 3325 1728 ἀνθρώπου
3404 1655 3824 1728 ὀνομασθέντες,

2166 1738 2293 1794 ἀλλ’
2325 1740 2428 1794 ὑπὸ
2457 1744 2553 1795 τοῦ
2584 1744 2717 1796 Θεοῦ
2748 1741 3119 1819 φωτισθέντες.

2240 1830 2352 1903 (73)
2383 1830 2578 1903 Ἐρώτ.
2637 1838 2741 1903 μς’.
2790 1830 2889 1893 Τίς
2946 1832 3051 1907 πρὸ
3118 1830 3329 1886 πάντων
3378 1832 3629 1906 ὠνόμασε
3682 1834 3824 1889 Θεὸν

2170 1918 2260 1973 τὸν
2295 1918 2421 1973 Θεὸν
2454 1917 2541 1974 ἐπὶ
2570 1927 2669 1995 γῆς
2698 1940 2710 1990 ς

2245 2008 2438 2065 Ἀπόκ.
2490 2007 2797 2085 Πρόδηλον,
2856 2008 2940 2064 ὅτι
2988 2011 3015 2063 6
3069 2004 3348 2082 διάϐολος,
3398 2009 3485 2065 ὅτε
3533 2012 3668 2087 πρὸς
3715 2016 3826 2083 τήν

2173 2092 2311 2153 Εὕαν
2373 2092 2546 2171 ἔλεγε’
2581 2097 2698 2151 «Τί
2754 2098 2835 2152 ὅτι
2886 2099 3029 2153 εἶπεν
3078 2100 3203 2171 ὑμῖν
3250 2101 3278 2153 6
3323 2099 3471 2166 Θεὸς,
3517 2100 3621 2155 ἀπὸ
3684 2124 3832 2155 tra-

2172 2186 2262 2245 τὸς
2325 2185 2488 2255 ξῦλου
2540 2190 2635 2240 τοῦ
2690 2186 2741 2241 ἐν
2798 2192 2877 2258 τῷ
2931 2184 3239 2261 παραδείσῳ
3284 2194 3496 2265 φαγεῖν,
3528 2214 3555 2240 ››
3597 2192 3685 2244 καὶ
3744 2192 3828 2262 μὴ

2174 2276 2449 2349 θαυμάσῃς
2509 2280 2687 2330 τοῦτο’
2724 2277 2959 2351 ἄγγελος
3014 2276 3114 2352 γάρ
3174 2272 3247 2330 ὥν
3300 2298 3439 2345 ,ποτε
3478 2280 3505 2332 6
3538 2275 3829 2349 διάϐολος,

2177 2363 2292 2438 εἶχε
2324 2369 2522 2437 γνῶσιν
2558 2366 2687 2439 ὑπὲρ
2720 2365 2811 2419 τὸν
2840 2364 3121 2441 ἄνθρωπον
3152 2366 3290 2422 τότε.

2249 2472 2442 2544 Ἐρώτ.
2479 2474 2583 2544 μζ.
2617 2474 2727 2527 Ποῦ
2761 2472 2990 2545 θέλομεν
3025 2471 3222 2546 λέγειν,
3254 2472 3335 2528 ὅτι
3382 2473 3517 2528 ἔστιν
3570 2477 3598 2529 6
3648 2477 3828 2550 παρά-

2178 2557 2352 2623 δεισος
2385 2582 2397 2631 ;
2431 2563 2496 2618 Οἱ
2528 2562 2622 2634 μὶν
2654 2562 2752 2637 γάρ
2804 2584 2984 2639 φασιν,
3017 2562 3098 2617 ὅτι
3148 2562 3200 2617 ἐν
3251 2563 3631 2638 Ἰερουσαλὴμ,
3666 2568 3716 2619 οἱ
3769 2563 3831 2620 δὲ

2176 2648 2226 2704 ἐν
2262 2650 2534 2726 οὐρανοῖς.

2250 2738 2439 2797 Ἀπόκ.
2473 2742 2586 2813 (74)
2643 2737 2785 2795 Οὐδὲ
2843 2742 2920 2802 εἷς
2976 2744 3082 2794 τῶν
3144 2738 3241 2795 δύο
3294 2739 3524 2811 ἀληθής.
3576 2744 3681 2799 Καὶ
3740 2743 3831 2799 δτι

2182 2830 2276 2901 μὲν
2311 2829 2409 2883 οὐκ
2469 2828 2518 2883 ἐν
2568 2828 2930 2905 Ἰερουσαλήμ
2976 2829 3116 2885 ἐστιν
3166 2832 3194 2884 6
3236 2828 3559 2904 παράδεισος
3620 2853 3831 2908 μαρτυ-

2179 2923 2260 2992 ρεῖ
2298 2918 2326 2971 6
2358 2916 2533 2990 Ἀδάμ
2572 2920 2599 2972 ὁ
2645 2918 2695 2972 ἐν
2748 2923 2825 2989 τῷ
2882 2918 3089 2994 Κρανίῳ
3131 2919 3398 2993 κείμενος.
3448 2918 3698 2991 Εὔδηλον
3744 2920 3829 2993 δὲ,

2177 3006 2260 3062 δτι
2294 3006 2391 3061 οὐκ
2436 3006 2487 3061 ἐν
2537 3012 2614 3079 τῷ
2655 3006 2965 3082 παραδείσῳ
2998 3007 3188 3084 ἐτάφη,
3223 3007 3349 3064 ἀλλ’
3378 3004 3667 3081 ἐξεϐλήθη.
3700 3014 3829 3068 ’Ὁτι

2178 3094 2235 3151 δὲ
2268 3096 2366 3151 οὐκ
2397 3096 2491 3169 (ἐν)
2525 3097 2780 3173 οὐρανοῖς
2827 3097 2966 3151 ἐστιν
3027 3099 3055 3152 6
3113 3095 3437 3171 παράδεισος
3496 3107 3760 3176 μαρτυρεῖ
3791 3105 3827 3170 ἠ

2178 3188 2362 3263 Γραφή
2425 3185 2680 3260 λέγουσα.
2708 3211 2735 3238 ‹‹
2770 3186 2870 3244 Καὶ
2930 3186 3207 3264 ἐφύτευσεν
3242 3188 3270 3241 ὁ
3311 3189 3439 3249 Θεὸς
3497 3188 3826 3264 παράδεισον

2173 3272 2224 3327 ἐν
2258 3271 2426 3345 Ἑδὲμ.
2454 3275 2590 3328 κατὰ
2618 3273 2904 3336 ἀνατολάς.
2940 3298 2969 3326 ιο
2999 3272 3247 3329 Διδάσκεὶ
3297 3275 3387 3329 οῦν
3438 3278 3606 3349 ἡμᾶς,
3642 3276 3725 3331 ὅτι
3748 3304 3751 3307 λ
3775 3279 3826 3349 ἐξ

2170 3360 2451 3416 ἀνατολῶν
2508 3362 2687 3432 πάσης
2742 3367 2840 3427 τῆς
2896 3370 2997 3438 γῆς
3049 3363 3189 3418 ἐστιν
3220 3365 3246 3417 ὁ
3277 3362 3630 3440 παράδεισος.
3664 3368 3822 3424 ’Ὸθεν

2166 3450 2321 3528 φασὶν
2367 3451 2633 3523 ἱστορικοί
2680 3473 2819 3513 τινες
2867 3448 3109 3528 ἀκριϐεῖς
3166 3450 3357 3514 παῖδες
3389 3458 3522 3528 (75),
3559 3456 3643 3509 ὅτι
3695 3456 3824 3509 τοῦ-

2165 3561 2262 3594 του
2306 3539 2466 3615 χάριν
2517 3543 2691 3595 πάντα
2741 3542 2808 3595 τὰ
2854 3538 3031 3612 εὐώδη
3063 3545 3168 3595 τῶν
3204 3542 3507 3616 ἀρωμάτων
3569 3544 3692 3617 περὶ
3758 3545 3827 3599 τά

2167 3629 2624 3705 ἀνατολικώτερα,
2678 3628 2841 3704 ἤγουν
2885 3630 2951 3684 τὰ
3000 3628 3197 3687 Ἰνδικὰ
3254 3634 3414 3707 μὲρη,
3481 3634 3820 3708 ὑπάρχουσιν

2169 3719 2241 3779 ὡς
2283 3719 2652 3794 πλησιόχωρα
2708 3718 3050 3795 τυγχάνοντα
3122 3725 3219 3775 τοῦ
3303 3719 3652 3796 παραδείσου.
3714 3724 3818 3777 Καὶ

2167 3806 2346 3883 ὥσπερ
2380 3808 2616 3885 φοίνικες
2651 3810 2866 3884 ἄρσενες
2922 3808 3049 3870 τοὺς
3108 3807 3509 3879 πλησιάζοντας
3566 3812 3819 3888 φοίνικας

2168 3895 2440 3966 θηλυκοὺς
2470 3900 2538 3970 τῇ
2579 3900 2717 3969 πνοῇ
2764 3902 2871 3952 τῶν
2923 3897 3134 3971 ἀνεμων
3196 3894 3647 3972 συμϐιϐάζοντες,
3680 3922 3821 3977 καρ-

2165 3986 2440 4062 ποφόρους
2488 3987 2606 4059 (76)
2636 3990 2905 4041 ποιοῦσιν
2958 3985 3099 4041 οὕτω
3151 3984 3218 4056 δὴ
3264 3988 3353 4042 καὶ
3398 3987 3457 4043 ἐκ
3504 3995 3601 4044 τοῦ
3649 4011 3823 4066 παρια-

2166 4071 2345 4128 δείσου
2392 4079 2459 4148 τῇ
2506 4079 2614 4130 τῶν
2665 4075 2876 4147 ἀνέμων
2926 4080 3069 4150 πνοῇ
3120 4075 3318 4131 εὐωδία
3364 4076 3695 4154 ἐξερχομένη
3749 4082 3821 4134 τὰ

2164 4162 2519 4240 πλησιώτερα
2576 4165 2687 4219 τίν
2744 4165 2915 4220 ἐκεῖσε
2970 4165 3152 4220 τόπων
3204 4163 3392 4241 δένδρα
3448 4167 3815 4242 ἀρωματίζιιν

2164 4272 2331 4308 ποιιι.

2236 4343 2429 4418 Ἐρώτ.
2467 4345 2579 4415 μη’.
2632 4344 2875 4417 ΦΟαρτὸν
2940 4341 3033 4415 μὲν
3094 4364 3265 4420 φαμεν
3323 4345 3413 4399 τὸν
3463 4344 3816 4423 παράδεισον,

2092 4486 2103 4497 ,
2234 4429 2502 4507 ἄφθαρτον
2531 4453 2545 4495 ;

2238 4521 2430 4577 ’Δπόκ,
2463 4519 2595 4575 Οῦτε
2626 4520 2856 4598 φθαρτὸν
2888 4520 3045 4575 αὐτὸν
3090 4519 3323 4595 λὲγομεν
3376 4524 3509 4578 κατᾶ
3557 4528 3657 4593 τὴν
3706 4531 3815 4580 τῶν

412 4608 585 4663 modo
618 4614 829 4664 nostras
853 4611 1089 4665 arbores
1103 4617 1159 4664 et
1177 4610 1400 4665 fructus
1431 4612 1736 4681 putredine
1756 4618 1815 4667 et
1844 4615 2053 4668 vermi-

2177 4612 2287 4684 παρ’
2337 4612 2496 4682 ἡμῶν
2544 4614 2721 4687 φυτῶν
2773 4630 2831 4663 τε
2878 4610 2967 4664 καὶ
3007 4616 3228 4685 καρπῶν
3263 4615 3423 4685 σῆψιν
3476 4614 3566 4667 καὶ
3600 4615 3821 4685 σκωλή-

415 4698 527 4752 bus
554 4704 1029 4768 corrumpuntur.
1076 4699 1189 4754 Nec
1236 4698 1374 4753 item
1424 4716 1628 4755 rursus
1676 4701 2053 4773 incorruptus

412 4784 585 4856 plane
606 4791 713 4850 est,
750 4789 929 4841 futuri
962 4786 1158 4842 saeculi
1192 4805 1305 4843 non
1339 4787 1592 4859 amplius
1639 4793 2053 4847 veterascentis

404 4874 862 4946 incorruptione.
897 4875 1112 4932 Verum
1146 4878 1193 4932 si
1225 4892 1358 4931 cum
1396 4877 1610 4932 nostris
1661 4879 1948 4935 fructibus
1995 4886 2053 4937 et

407 4963 597 5019 hortis
628 4971 1020 5036 comparatur,
1052 4966 1209 5020 omni
1243 4966 1613 5038 corruptione
1644 4968 1911 5040 superior
1931 4976 2048 5028 est:

406 5058 467 5107 at
497 5054 545 5109 si
578 5070 713 5109 cum
747 5052 933 5126 gloria
974 5056 1305 5111 futurorum
1356 5056 1643 5113 bonorum
1695 5058 2048 5131 conferatur,

478 5235 495 5269 ¹
529 5233 670 5290 Gen.
706 5250 789 5303 III,
825 5235 875 5289 1.
952 5234 973 5268 ²
1002 5234 1143 5290 Gen.
1178 5252 1241 5305 II,
1272 5235 1326 5289 8.

619 5416 708 5487 l__ta
751 5412 991 5487 quidam
1042 5428 1184 5487 mss.
1209 5411 1370 5487 ΔΕάίίὶ
1414 5428 1570 5487 vero,
1601 5414 2043 5487 Χριστιανισμός,

479 5484 587 5553 (73)
623 5484 753 5571 Ilaec
773 5483 1027 5571 qiisastio
1054 5483 1296 5571 inferius
1329 5483 1577 5571 habetur
1597 5483 1747 5571 inn-ter
1778 5483 2047 5571 quastio-

407 5569 511 5609 nes
544 5557 912 5629 posteriores.
948 5555 1091 5629 Ibid.
1124 5573 1268 5629 mss.
1305 5556 1565 5629 quidam,
1600 5557 1726 5610 Θεὸν
1758 5555 1847 5611 τὸν
1894 5558 2042 5629 Θεόν,

406 5630 577 5680 recte.
615 5631 675 5680 In
709 5627 902 5691 editis,
924 5626 1013 5679 τὸν
1046 5626 1196 5691 Θεόν,
1229 5626 1431 5683 semel.

477 5698 590 5767 (74)
626 5699 750 5753 Haec
780 5699 1104 5757 atteruntur
1133 5702 1204 5758 ab
1253 5702 1556 5772 Anonymo
1582 5700 1912 5759 Ravennate
1940 5719 2045 5775 per

2162 4721 2270 4753 κων
2329 4699 2597 4768 ποιότητα
2630 4718 2642 4731 ⁸

2697 4695 2819 4753 οὔτε
2899 4700 3005 4770 μὴν
3089 4701 3262 4770 πάντη
3321 4700 3484 4756 πάλιν
3540 4702 3813 4781 ἄφθαρτον

2161 4791 2295 4843 κατὰ
2350 4790 2447 4857 τὴν
2509 4792 2605 4843 τοῦ
2668 4787 2968 4860 μέλλοντος
3019 4788 3220 4851 αἰῶνος
3251 4791 3568 4867 ἀφθαρσίαν,
3602 4794 3693 4847 καὶ
3751 4794 3817 4849 οῦ

2161 4880 2456 4952 γινομένην
2515 4876 2842 4934 παλαίωσιν.
2903 4876 3079 4933 Ἀλλά
3144 4879 3282 4954 πρὸς
3344 4882 3437 4953 μὲν
3498 4882 3628 4945 τοὺς
3686 4886 3816 4959 παρ’

2160 4969 2294 5039 ἡμῖν
2348 4966 2591 5041 καρπούς
2645 4988 2704 5021 τε
2762 4968 2851 5021 καὶ
2929 4965 3285 5041 παραδείσους
3361 4972 3536 5040 πάσης
3604 4974 3813 5049 φθορᾶς

2154 5056 2298 5143 ἐστιν
2335 5055 2696 5132 ὑψηλότερος
2731 5057 2864 5128 πρὸς
2895 5054 2953 5112 δὲ
2979 5058 3076 5125 τήν
3112 5054 3267 5128 δόξαν
3326 5063 3430 5114 τῶν
3490 5058 3812 5133 μελλόντων

2154 5414 2223 5471 D.
2257 5412 2559 5469 Placidum
2593 5413 2917 5470 Poroheron
2951 5413 3127 5482 edito,
3161 5430 3216 5483 p.
3254 5413 3338 5468 14.

2224 5487 2337 5555 (75)
2370 5490 2457 5562 Ita
2488 5485 2726 5553 quidam
2761 5502 2904 5541 mss.
2934 5485 3086 5540 Editi
3118 5501 3274 5552 vero,
3305 5484 3592 5558 ἱστορικῶν
3654 5488 3813 5562 ἀκρι-

2154 5552 2263 5609 ϐῶν
2296 5552 2502 5616 παῖδες.

2226 5630 2341 5701 (76)
2373 5630 2506 5702 Reg.
2540 5630 2599 5698 2,
2629 5630 3087 5703 καρποφοροῦσιν.
