4108 6210
318 391 447 454 629

1281 392 1796 466 QUIESTIONES
1841 389 1944 449 AD
1990 389 2444 449 ANTIOCHUM
2497 385 2789 449 DUCEM.

3620 385 3741 445 630

319 525 570 599 ἀγαθῶν,
603 526 679 580 ὧν
712 525 999 604 ὀφθαλμὸς
1029 524 1127 581 οὐκ
1158 522 1287 594 εἶδε,
1338 523 1426 579 καὶ
1461 523 1552 587 οὖς
1605 522 1706 579 οὐκ
1758 519 1957 592 ἤκουσε

2094 538 2218 594 qua
2240 519 2446 577 oculus
2470 537 2583 576 non
2603 519 2656 576 vi
2675 519 2878 588 lit,nec
2892 517 3050 574 auris
3066 515 3419 584 audivit,nee
3442 516 3501 572 in
3523 516 3737 572 corbo-

320 616 471 670 πάνυ
502 613 706 691 ἐλαχύς
737 614 846 671 ἐστι
878 615 966 670 καὶ
996 613 1324 671 πιστεύεται.

399 705 596 780 Ἐρώτ.
633 707 740 777 μθ’.
921 703 1096 761 Πόσον
1130 703 1329 780 χρόνον
1364 703 1414 759 ἐν
1447 699 1756 778 παραδείσῳ
1786 700 1980 771 ἐποίη-

324 812 414 848 σεν
451 794 479 848 6
513 791 695 867 Ἀδάμ
716 813 730 863 ;

398 882 595 941 Ἀπόκ.
649 877 1168 962 Ἀμφιϐαλλόμενον
1210 887 1326 944 τοῖς
1373 882 1632 958 πατράσιν
1685 881 1976 956 ἠρώτησας

316 966 656 1045 πρόϐλημα.
717 973 780 1026 Οἱ
837 971 1065 1047 μὲνγὰρ
1125 993 1279 1049 φασιν
1335 971 1686 1044 ἑξαμηνιαῖον
1748 969 1975 1045 χρόνον,

319 1060 376 1113 οἱ
408 1057 471 1114 δὶ
527 1059 774 1115 πλείονα·
835 1059 998 1116 ἄλλοι
1053 1058 1112 1115 δὶ
1165 1060 1423 1122 τοσαύτας
1485 1059 1627 1136 ὥρας
1660 1058 1750 1114 καὶ
1786 1059 1973 1132 μόνον,

317 1147 456 1210 ὅσας
487 1150 515 1203 6
576 1149 774 1225 Κύριος
822 1149 874 1204 ἐν
922 1155 1001 1222 τῷ
1047 1147 1194 1223 ξύλῳ
1239 1153 1337 1204 τοῦ
1386 1154 1619 1222 σταυροῦ
1651 1147 1974 1217 πεποίηκεν,

313 1238 456 1312 ὅπερ
506 1237 666 1310 οἶμαι
713 1237 1074 1316 ἀληθέστερον
1130 1241 1288 1293 εἶναι·
1344 1235 1518 1315 ἕτεροι
1575 1235 1633 1293 δὲ
1680 1236 1827 1292 ἐννέα
1882 1235 1972 1291 καὶ

319 1328 494 1400 μόνον
527 1327 672 1404 ὥρας
702 1336 951 1399 ποιῆσαι.

391 1418 594 1493 Ἐρώτ.
627 1419 690 1473 ν’.
725 1423 834 1492 (78)
866 1419 926 1473 Τί
959 1415 1017 1474 δὲ
1063 1419 1130 1488 ἦν
1177 1419 1280 1495 ἄρα
1325 1419 1388 1474 τὸ
1441 1415 1622 1490 ξύλον,
1672 1416 1723 1488 ἐξ
1771 1415 1833 1472 οὗ
1879 1415 1970 1470 τὸν

313 1507 530 1581 καρπὸν
565 1502 756 1584 ἔφαγεν
789 1509 818 1562 6
849 1505 1062 1580 Ἀδάμ;

388 1596 592 1652 Ἀπόκ.
639 1594 778 1654 Οὐδὲ
833 1596 884 1651 ἐν
942 1597 1122 1670 τούτῳ
1192 1598 1496 1676 συμφώνως
1572 1595 1848 1671 εἰρήκασιν
1921 1598 1974 1650 οἱ

315 1687 584 1759 Πατέρες·
645 1687 735 1740 καὶ
794 1683 1039 1750 δικαίως.
1118 1688 1289 1763 Ὅπερ
1357 1687 1459 1763 γὰρ
1518 1688 1551 1755 ἡ
1612 1685 1729 1740 Θεία
1786 1686 1970 1763 Γραφὴ

311 1773 583 1836 ἑκουσίως
640 1775 984 1851 ἀπέκρυψεν,
1043 1773 1219 1838 οὐδεὶς
1278 1775 1414 1830 κατὰ
1469 1769 1744 1850 ἀκρίϐειαν
1805 1773 1970 1830 εἶπεῖν

2088 611 2266 668 minis
2299 611 2715 677 accenderunt,
2734 608 2898 664 valde
2930 607 3168 663 inferior
3188 610 3242 662 et
3265 610 3354 662 est
3374 610 3431 661 et
3460 607 3736 662 creditur.

2157 701 2383 766 Qums'r.
2438 700 2620 755 XLIX.
2673 699 2968 763 Quantum
3012 696 3292 769 temporis
3352 695 3410 750 in
3461 697 3735 767 paradiso

2085 791 2306 847 mansit
2335 791 2521 845 Adam
2540 789 2568 844 ?

2156 882 2323 937 ﬁsse.
2359 881 2500 935 Rem
2535 879 2605 934 de
2637 895 2752 950 qua
2783 893 2897 932 non
2930 875 3308 932 consentiunt
3353 875 3557 931 Patres
3607 891 3738 946 pro-

2083 972 2274 1042 ponis.
2307 969 2416 1024 Alii
2448 968 2602 1024 enim
2637 984 2737 1023 sex
2767 983 3023 1034 menses,
3056 964 3150 1020 alii
3184 964 3409 1020 diutius
3451 964 3739 1020 mansisse

2081 1059 2444 1127 existimant,
2464 1057 2562 1112 alii
2593 1061 2678 1112 tot
2709 1057 3029 1128 horas(nec
3051 1054 3332 1126 amplius)
3364 1058 3508 1126 quot
3537 1054 3729 1109 Domi—

2079 1165 2195 1204 nus
2246 1149 2304 1203 in
2353 1148 2512 1219 ligno
2557 1147 2748 1203 crucis
2789 1145 3027 1211 mansit,
3063 1145 3215 1216 quod
3254 1144 3508 1200 arbitror
3538 1145 3730 1201 verius

2080 1253 2230 1294 esse.
2265 1241 2338 1294 At
2369 1236 2466 1293 alii
2499 1253 2632 1292 vero
2665 1251 2869 1291 novem
2905 1239 3132 1290 tantum
3164 1233 3359 1290 horas.

2149 1417 2376 1480 Omns'r.
2411 1416 2473 1472 L.
2509 1414 2688 1480 Quale
2718 1413 2945 1486 lignum
2970 1412 3098 1479 fuit,
3124 1413 3296 1483 cujus
3328 1413 3558 1470 fructus
3587 1413 3733 1468 Ada-

2082 1522 2214 1561 mus
2247 1504 2544 1562 comedit?

2147 1599 2318 1651 Rsse.
2353 1595 2468 1649 Nec
2498 1595 2607 1649 hac
2638 1594 2694 1649 iu
2724 1609 2785 1648 re
2815 1591 3188 1648 consentiunt
3236 1591 3454 1663 Patres,
3507 1595 3564 1648 et
3608 1609 3727 1649 me-

2077 1685 2390 1750 rito.Quod
2422 1683 2580 1739 enim
2614 1682 2810 1739 divina
2840 1682 3143 1754 Scriptura
3165 1685 3371 1754 sponte
3394 1681 3727 1751 occultavit,

2077 1791 2249 1830 nemo
2279 1773 2567 1845 exquisite
2596 1773 2786 1846 potuit
2815 1771 3027 1828 dicere.
3049 1771 3210 1826 Unde
3231 1770 3328 1825 alii
3351 1771 3527 1827 ﬁcum
3549 1772 3729 1829 fuisse

309 1861 563 1939 ἴσχυσεν.
621 1866 780 1929 ’Ὀθεν
837 1865 888 1920 οἱ
948 1865 1043 1938 μὲν
1071 1869 1233 1920 σῦκον
1285 1863 1419 1920 εἶναί
1463 1885 1592 1943 φασι
1618 1864 1710 1919 τὸν
1743 1863 1957 1939 καρπὸντ

2084 1863 2249 1920 illum
2284 1865 2541 1958 fructum
2559 1865 2802 1934 putant:
2824 1861 2922 1917 alii
2946 1861 3202 1916 fructum
3224 1859 3547 1931 spiritalem
3572 1863 3729 1934 (78'),

308 1951 485 2008 ἄλλοι
519 1949 579 2008 δὲ
605 1956 708 2022 τήν
735 1961 836 2024 τῆς
869 1953 1007 2016 Εὔας
1041 1954 1288 2029 θεωρίαν.
1333 1959 1490 2009 Δοκεῖ
1532 1951 1589 2008 δὲ
1634 1974 1742 2008 τισι
1799 1950 1970 2025 μηδα-

313 2045 442 2112 μῶς
477 2037 811 2118 βεϐρωκέναι
866 2045 954 2099 τὸν
1005 2041 1187 2116 Ἀδάμ
1231 2043 1284 2098 ἐν
1329 2048 1410 2116 τῷ
1446 2040 1776 2119 παραδείσῳ.
1811 2047 1966 2104 Ἴσως

310 2126 371 2184 δὲ
404 2132 436 2185 ὁ
465 2137 683 2203 πρῶτος
709 2133 1071 2208 ἀληθέστερος
1105 2130 1358 2208 ὑπάρχει,
1394 2134 1422 2188 6
1465 2136 1563 2187 τοῦ
1617 2129 1803 2204 σύκου,
1851 2132 1966 2204 (79)

308 2216 407 2274 διὰ
436 2220 499 2275 τὸ
527 2226 644 2283 τοῖς
677 2219 913 2292 φύλλοις
943 2223 1108 2278 αὐτοῦ
1139 2221 1214 2284 εἰς
1247 2223 1447 2292 σκὲπην
1503 2222 1806 2298 χρήσασθαι
1836 2218 1966 2282 τοὺς

305 2310 690 2385 προπάτορας,
722 2308 922 2366 καὶδιὰ
950 2312 1012 2366 τὸ
1041 2313 1140 2380 τὴν
1186 2318 1352 2380 συκῆν
1401 2309 1618 2387 ὕστερον
1679 2309 1781 2365 ὑπὸ
1837 2311 1966 2385 Χρι-

303 2401 445 2451 στοῦ
502 2405 908 2473 καταραθεῖσαν.
969 2401 1053 2473 (Ὀ
1106 2397 1164 2454 δὲ
1221 2399 1273 2454 ἐν
1329 2399 1504 2475 ἁγίοις
1579 2396 1854 2474 Ἰσίδωρος
1936 2401 1964 2454 ὁ

302 2484 714 2556 Πηλουσιώτης
745 2487 797 2543 ἐν
826 2492 896 2562 τῇ
928 2493 1268 2562 πεντηκοστῇ
1301 2487 1466 2543 αὐτοῦ
1513 2489 1704 2562 πρώτῃ
1755 2487 1963 2543 ἐπιστο-

302 2571 382 2646 λῇ
417 2595 607 2651 φησιν,
639 2577 723 2631 ’ὁτι
755 2582 916 2632 σῦκον
969 2578 1060 2650 ἦν,
1087 2577 1138 2649 ἐξ
1171 2573 1234 2631 οὗ
1272 2577 1328 2631 οἱ
1373 2578 1712 2651 προπάτορες
1765 2573 1962 2654 ἔφαγον

298 2662 540 2738 καρπόν·
574 2665 664 2719 καὶ
693 2664 781 2720 ὅτι
813 2667 918 2722 ἀπὸ
951 2665 1195 2742 ἀρχαίων
1224 2665 1492 2742 γερόντων
1533 2665 1772 2742 ἐγνώσθη
1815 2665 1962 2739 αὐτῷ

298 2756 521 2822 τοῦτο.)

377 2842 580 2916 Ἐρώτ.
641 2845 739 2900 να’.
800 2842 901 2898 Καὶ
957 2843 1003 2900 εἰ
1074 2846 1152 2918 μή
1228 2839 1439 2920 παρέϐη
1500 2845 1528 2899 6
1587 2842 1781 2919 Ἀδὰμ,
1841 2850 1958 2907 πῶς

300 2925 545 3003 ἔμελλεν
597 2931 843 3007 γενέσθαι
891 2935 920 2988 6
972 2933 1089 3010 βίος
1120 2939 1226 2990 τῶν
1257 2935 1556 3010 ἀνθρώπων
1589 2934 1678 2990 καὶ
1727 2935 1790 2990 τὸ
1820 2933 1961 3005 πλῆ-

298 3020 398 3082 θος
427 3065 442 3088 ,

376 3109 575 3167 Ἀπόκ.
607 3108 868 3168 Ἠδύνατο
917 3114 946 3168 6
995 3111 1145 3188 λόγῳ
1193 3113 1597 3187 συστησάμενος
1650 3112 1714 3168 τὸ
1743 3112 1957 3178 πλῆθος

296 3204 415 3254 τῶν
446 3198 720 3274 ἀγγέλων,
763 3200 937 3274 τιμίῳ
981 3203 1089 3256 τινὶ
1137 3202 1226 3257 καὶ
1273 3206 1493 3278 καθαρῷ
1523 3201 1709 3277 τρόπῳ
1761 3204 1958 3273 συστή-

2078 1952 2177 2008 alii
2197 1943 2328 2008 Eva?
2346 1951 2922 2022 contemplationem.
2947 1947 3462 2019 Nonnullisletiam
3502 1949 3729 2007 videtur

2077 2041 2226 2098 nihil
2269 2042 2327 2096 in
2361 2041 2630 2114 paradiso
2663 2040 2986 2096 comedisse
3014 2039 3296 2094 Adamus.
3329 2039 3498 2095 Forte
3527 2043 3724 2097 tamen

2074 2131 2266 2187 verior
2289 2136 2379 2187 est
2411 2130 2603 2202 prima
2629 2129 2920 2186 sententia
2949 2145 3075 2199 qua:
3101 2128 3276 2184 ﬁcum
3308 2128 3492 2185 fuisse
3521 2130 3722 2186 defen-

2079 2221 2336 2293 dit,quia
2359 2220 2584 2277 scilicet
2614 2219 2792 2290 hujus
2825 2217 2981 2275 foliis
3013 2219 3102 2275 usi
3135 2223 3275 2274 sunt
3305 2219 3479 2291 primi
3510 2236 3720 2292 paren-

2074 2313 2164 2367 tes
2193 2310 2265 2366 ad
2296 2326 2358 2366 se
2389 2310 2725 2380 tegendum,
2749 2313 2804 2364 et
2833 2308 2988 2380 quod
3023 2311 3224 2380 postea
3253 2308 3401 2365 ﬁcus
3429 2328 3462 2364 a
3489 2310 3718 2367 Christo

2073 2399 2382 2456 maledicta
2413 2400 2603 2455 fuerit.
2629 2399 2896 2470 (Sanctus
2929 2402 3124 2454 autem
3144 2397 3406 2455 Isidorus
3427 2399 3723 2456 Pclusiota

2070 2489 2132 2544 in
2161 2487 2652 2561 quinquagesima
2682 2487 2872 2559 prima
2899 2487 3086 2560 ipsius
3116 2487 3384 2560 epistola,
3418 2489 3498 2543 ait
3541 2489 3718 2546 ﬁcum

2070 2577 2271 2647 fuisse,
2305 2579 2475 2650 cujus
2505 2578 2758 2634 fructum
2791 2577 2965 2649 primi
2998 2582 3267 2648 parentes
3314 2578 3712 2648 comederunt,

2069 2669 2341 2741 quodque
2370 2667 2428 2722 id
2460 2668 2532 2724 ab
2563 2666 2827 2738 antiquis
2855 2666 3097 2723 senibus
3123 2666 3456 2737 audiverit.)

2141 2844 2367 2908 Quass'r.
2401 2845 2672 2902 LI.Porro
2691 2843 2739 2901 si
2755 2845 2938 2900 Adam
2973 2859 3086 2900 non
3105 2843 3516 2916 praevaricatus
3537 2847 3714 2912 esset,

2069 2933 2274 3006 quales
2303 2935 2552 2990 debebat
2581 2951 2710 2991 esse
2739 2933 3049 2990 hominum
3080 2933 3194 2990 vita
3221 2937 3279 2990 et
3309 2932 3671 2989 multitudo?

2141 3113 2308 3168 Rasp.
2361 3113 2589 3168 Poterat
2635 3116 2818 3178 Deus,
2868 3111 2970 3184 qui
3036 3111 3208 3167 verbo
3275 3110 3716 3167 multitudinem

2072 3201 2412 3274 angelorum
2444 3206 2755 3268 creaverat,
2789 3201 3117 3257 venerando
3165 3201 3423 3272 quodam
3470 3205 3527 3256 et
3571 3219 3716 3272 puro

299 3291 494 3343 σασθαι
554 3287 769 3359 πλῆθος
828 3289 1016 3365 γένους
1072 3261 1610 3366 ἀνθρώπων.ι’ὶινξς
1671 3261 1729 3346 δέ
1776 3312 1954 3368 φασιν,

2084 3292 2242 3347 nodo
2266 3291 2705 3348 multitudinem
2731 3291 2977 3347 humani
2992 3289 3223 3363 generis
3245 3290 3716 3354 creare.0uidam

296 3377 412 3445 δτι,
442 3382 544 3432 τοῦ
571 3383 702 3434 Θεοῦ
753 3378 908 3454 ἄρσεν
965 3379 1053 3435 καὶ
1103 3379 1244 3450 θῆλυ
1294 3381 1646 3451 ποιήσαντος,
1697 3377 1954 3452 εὕδηλον,

295 3466 387 3522 δτι
420 3469 513 3543 γιά
543 3469 940 3545 σπερμογονίας
973 3464 1251 3540 ἐϐουλήθη
1293 3472 1321 3524 6
1369 3475 1500 3531 Θεὸς
1541 3470 1604 3524 τὸ
1649 3468 1797 3544 γένος
1846 3473 1952 3524 τῶν

295 3556 610 3631 ἀνθρώπων
674 3559 1058 3629 συστήσασθαι.
1107 3562 1303 3631 ’Όμως
1353 3555 1410 3613 δὲ
1441 3559 1540 3613 οὐκ
1563 3554 1835 3628 ἠϐούλετο
1869 3557 1956 3613 διὰ

295 3653 606 3720 παρακοῆς,
642 3644 784 3702 ἀλλὰ
816 3649 952 3720 μετὰ
976 3655 1145 3721 τιμῆς
1177 3649 1419 3722 γενέσθαι
1448 3651 1631 3705 τοῦτο.

376 3736 575 3807 Ἐρώτ.
602 3731 702 3794 νϐ’.
737 3737 834 3790 Διὰ
856 3735 908 3791 τί
940 3733 998 3792 δὲ
1025 3741 1094 3811 τῇ
1145 3731 1353 3811 ἐϐδόμῃ
1385 3737 1412 3791 6
1461 3735 1590 3798 Θεὸς
1632 3737 1730 3805 τήν
1780 3736 1950 3792 κτίσιν

297 3821 544 3879 ἒτὰλεσεν
568 3843 583 3893 ;

374 3913 571 3970 ’Δπόκ.
634 3915 719 3969 Ἐν
773 3919 853 3988 τῷ
907 3914 1126 3989 ἀριθμῷ
1194 3915 1293 3984 τήν
1366 3911 1562 3970 δεκάδα
1634 3914 1949 3989 εὑρίσκομεν

295 4003 587 4077 πλήρωμα
632 4005 831 4066 παντὸς
887 4005 1144 4082 ἀριθμοῦ.
1197 4003 1316 4060 Ἐὰν
1363 4004 1464 4080 γὰρ
1513 4003 1588 4066 εἷς
1618 4004 1716 4072 τήν
1756 4001 1953 4060 δεκάδα

294 4087 643 4164 διακαλάϐης,
701 4091 866 4148 πάλιν
913 4091 1109 4157 εὐθέως
1161 4091 1236 4155 εἰς
1285 4093 1381 4162 τὴν
1436 4089 1644 4165 μονάδα
1691 4092 1948 4168 ὑποστρέ-

294 4202 442 4259 φεις.
476 4181 647 4236 Ἑπτὰ
679 4181 767 4236 οὖν
798 4182 888 4236 καὶ
917 4188 1062 4258 τρεῖς
1095 4181 1236 4237 ἐστιν
1286 4183 1313 4236 6
1362 4179 1735 4257 πληρὲστατος
1797 4183 1948 4258 ἀριθ-

296 4270 428 4342 μός.
460 4270 561 4324 Καὶ
589 4270 786 4324 τούτου
817 4271 978 4347 χάριν
1011 4271 1065 4325 αἱ
1096 4270 1230 4326 ἑπτά
1254 4269 1356 4326 εἰσι
1384 4273 1481 4340 τῆς
1525 4269 1772 4334 κτίσεως’
1823 4271 1856 4340 ἡ
1893 4268 1950 4326 δὲ

292 4358 424 4433 ἁγία
448 4357 610 4432 Τριὰς
640 4358 907 4420 ἄκτιστος.

371 4445 566 4522 Ἐρώτ.
599 4453 695 4522 νγ’.
728 4445 922 4517 Πολλή
951 4467 1032 4508 τις
1058 4448 1205 4524 παρὰ
1232 4451 1338 4502 τῶν
1380 4445 1605 4503 πολλῶν
1656 4449 1949 4518 καθέστηκε

293 4557 555 4606 σητησις,
585 4533 707 4589 τίνα
737 4532 818 4590 δεῖ
863 4537 1274 4608 προτάττεσθαι,
1307 4535 1453 4611 λέγω
1508 4533 1574 4605 δή
1606 4537 1704 4606 τήν
1738 4537 1945 4610 ἡμέραν

2063 3396 2196 3436 vero
2229 3382 2414 3452 aiunt,
2446 3398 2579 3436 cum
2611 3387 2760 3437 Deus
2788 3381 3085 3437 hominem
3117 3380 3447 3436 masculum
3471 3385 3527 3436 et
3549 3380 3714 3435 femi-

2065 3487 2203 3526 nam
2238 3471 2599 3542 l'ecerit,inde
2631 3470 2854 3526 clarum
2884 3487 3012 3527 esse
3046 3471 3228 3526 Deum
3252 3469 3508 3526 voluisse
3530 3469 3715 3524 homi-

2064 3575 2205 3614 num
2223 3575 2408 3631 genus
2429 3559 2803 3632 generatione
2825 3561 3418 3631 procreare.Attamen
3443 3559 3498 3613 id
3523 3558 3714 3614 noluit

2063 3664 2164 3720 per
2195 3649 2651 3704 inobedientiam
2684 3649 2830 3718 ﬁeri,
2864 3650 2963 3706 sed
2997 3665 3128 3704 cum
3163 3648 3401 3703 honore.

2133 3737 2359 3800 Qua-ser.
2394 3737 2513 3792 LII.
2546 3740 2730 3804 Quare
2759 3739 2853 3793 die
2877 3737 3129 3809 septima
3158 3742 3309 3792 Deus
3353 3735 3708 3791 creationem

2061 3826 2302 3898 perfecit
2315 3826 2344 3880 ?

2132 3915 2306 3970 ﬁsse.
2343 3914 2498 3970 Inter
2529 3931 2803 3970 numeros
2835 3913 3141 3969 denarium
3183 3929 3491 3969 numerum
3545 3930 3706 3984 repe-

2059 4002 2247 4060 rimus
2277 4019 2406 4058 esse
2435 4004 2628 4059 omnis
2655 4003 2883 4058 numeri
2913 4001 3426 4074 complementum.
3461 4000 3518 4056 Si
3551 4002 3706 4056 enim

2059 4093 2130 4148 ad
2163 4092 2470 4147 donarium
2503 4108 2814 4147 numerum
2845 4091 3168 4158 deveneris,
3193 4090 3393 4146 statim
3423 4107 3630 4146 rursus
3649 4091 3708 4145 in

2058 4182 2343 4238 unitatem
2376 4181 2762 4253 redis.Itaque
2793 4181 3161 4252 septenarius
3191 4187 3250 4236 et
3278 4186 3479 4236 ternus
3512 4196 3714 4236 nume-

2057 4287 2180 4342 rus,
2235 4270 2702 4341 perfectissimus
2756 4275 2862 4326 est.
2925 4271 3142 4326 Idcirco
3199 4269 3566 4342 septenarius
3623 4275 3714 4326 est

2058 4359 2392 4416 creationis.
2421 4364 2488 4415 At
2519 4363 2724 4416 sancta
2753 4359 3010 4415 Trinitas
3041 4364 3130 4415 est
3160 4359 3439 4414 inereata.

2131 4449 2280 4504 229
2297 4451 2524 4515 Quas'r.
2535 4449 2653 4503 LIII
2666 4447 2865 4503 .Valde
2879 4448 3030 4502 inter
3041 4447 3259 4504 multos
3273 4446 3516 4518 quaestio
3530 4447 3707 4519 agite-

2056 4541 2495 4609 tur,quemnam
2529 4537 2717 4608 priore
2749 4537 2872 4593 loco
2904 4537 3186 4592 collocare
3209 4541 3708 4608 oporteat,nempe

289 4625 402 4698 πρὸ
429 4631 533 4693 τῆς
563 4624 774 4694 νυκτὸς,
831 4626 865 4693 ἣ
910 4625 1008 4693 τὴν
1058 4625 1223 4679 νύκτα
1268 4626 1376 4701 πρὸ
1413 4629 1510 4691 τῆς
1543 4625 1791 4699 ἡμὲραςς
1824 4627 1941 4681 Ἐάν

2084 4626 2207 4682 .iem
2240 4631 2373 4682 ante
2405 4631 2658 4693 noctem,
2686 4631 2788 4682 aut
2819 4631 3048 4683 noctem
3079 4630 3214 4682 ante
3246 4625 3445 4680 diem?
3475 4626 3622 4680 Nam
3653 4625 3703 4682 si

288 4715 395 4788 γὰρ
450 4711 690 4786 εἶ’πωμεν
720 4715 820 4782 τὴν
853 4715 1061 4788 ἡμέραν
1091 4714 1458 4790 προτιρεύειν,
1499 4714 1797 4789 εὑρίσκεται
1830 4713 1944 4769 λοι-

287 4803 395 4856 πὸν
426 4803 456 4856 ὁ
489 4803 717 4873 Χριστὸς
750 4801 802 4856 ἐν
831 4797 1087 4875 σαϐϐάτῳ
1117 4804 1366 4866 ἀναστάς.
1399 4804 1460 4859 Ἦ
1487 4803 1589 4880 γὰρ
1626 4802 1717 4874 νὺξ
1765 4801 1940 4875 ἐκείνη

286 4896 389 4948 τοῦ
419 4885 693 4946 σαϐϐάτου
719 4893 806 4962 ἦν,
838 4892 974 4947 κατὰ
990 4892 1080 4947 τὸν
1113 4891 1278 4967 λόγον
1313 4893 1555 4956 Μωσέως
1585 4896 1683 4948 τοῦ
1713 4914 1942 4969 συγγρα-

288 4985 437 5062 φέως
470 4989 571 5052 τῆς
602 4981 990 5055 κοσμοποιίας.

364 5073 553 5130 Ἀπόκ.
588 5073 732 5128 Κατὰ
766 5073 858 5145 μὶν
895 5072 985 5127 τὸν
1019 5074 1217 5128 σκοπὸν
1266 5073 1356 5128 καὶ
1406 5070 1572 5149 λόγον
1616 5072 1707 5127 τὸν
1755 5073 1940 5148 λὲγον-

285 5185 378 5236 τα,
410 5162 496 5217 ὅτι
527 5164 673 5217 εἶπεν
708 5163 736 5216 6
762 5159 891 5223 Θεὸς
921 5163 1029 5231 πρὸ
1059 5161 1295 5232 πάντων,
1328 5186 1358 5214 ‹‹
1399 5164 1690 5234 Γενηθήτω
1738 5165 1877 5240 φῶς,
1909 5186 1938 5214 ››

281 5249 598 5328 πρόδηλον,
630 5249 715 5305 ὅτι
763 5252 797 5320 ἠ
843 5248 1025 5326 ἡμέρα
1068 5252 1379 5327 προτερεύει
1424 5253 1538 5326 (80)
1585 5257 1687 5322 τῆς
1723 5252 1936 5314 νυκτός.

358 5361 475 5433 ('77)
507 5360 637 5433 Haec
669 5357 912 5433 quaestio
943 5357 1106 5414 deest
1138 5359 1196 5414 in
1228 5359 1392 5431 prius
1421 5359 1626 5429 editis;
1661 5359 1762 5415 sed
1795 5359 1940 5432 legi-

281 5431 384 5491 tur
411 5433 475 5487 in
506 5431 863 5503 quibusdam
894 5445 1038 5486 mss.

359 5504 475 5577 (‘78)
507 5501 655 5561 Huic
685 5501 896 5558 similis
946 5507 1036 5558 est
1077 5501 1322 5574 quaestio
1368 5501 1440 5556 26
1487 5501 1832 5558 Theodoreti
1883 5503 1943 5558 in

288 5577 498 5721 ϐϐῗξέςί)
530 5646 824 5721 Interpres
855 5644 1100 5721 videtur
1127 5641 1377 5721 legisse:
1425 5639 1588 5721 άλλοι
1634 5638 1720 5721 δὶ-
1735 5642 1938 5718 καρπὸν

296 5713 712 5794 πνευματικόν,’
739 5733 868 5790 qua
897 5717 1112 5776 desunt
1141 5713 1214 5774 in'
1232 5720 1392 5775 textu
1420 5713 1638 5774 Graeco.
1679 5713 1833 5772 Eni-1‘.

2053 4717 2305 4775 dicimus
2336 4718 2487 4773 diem
2523 4717 2741 4788 primas
2765 4734 3068 4787 occupare,
3092 4716 3412 4790 reperietur
3435 4715 3702 4772 Christus

2051 4808 2294 4865 sabbato
2334 4805 2744 4863 resurrexisse.
2793 4807 2914 4861 Nox
2959 4806 3116 4861 enim
3164 4805 3265 4862 illa
3314 4805 3542 4861 sabbati
3591 4810 3698 4876 est,

2051 4897 2213 4967 iuxta
2242 4896 2419 4953 verba
2447 4895 2664 4968 Moysis
2695 4894 3004 4970 creationis
3037 4895 3243 4952 mundi
3273 4894 3600 4967 scriptoris.

2122 5075 2293 5132 Resp.
2325 5076 2408 5131 Ex
2435 5091 2609 5147 scopo
2640 5079 2696 5131 et
2725 5074 2916 5130 verbis
2948 5074 3164 5146 quibus
3195 5081 3467 5131 narratur
3514 5075 3700 5132 Deum

2049 5168 2182 5221 ante
2232 5165 2431 5220 omnia
2478 5163 2716 5234 dixisse,
2751 5162 2928 5219 «Fiat
2969 5163 3087 5233 lux,
3123 5185 3150 5214 »
3183 5165 3562 5238 perspicuum
3593 5170 3698 5235 est,

2048 5253 2204 5310 diem
2235 5257 2369 5311 ante
2400 5257 2627 5310 noctem
2659 5268 2807 5310 esse.
2831 5253 2980 5311 Nam
3010 5255 3260 5312 tenebris
3290 5254 3425 5324 illae,
3449 5272 3576 5327 qua
3607 5273 3704 5313 su-

2125 5361 2237 5433 (79)
2265 5361 2392 5417 Haec
2427 5361 2497 5416 ad
2530 5361 2703 5436 ﬁnem
2739 5377 2927 5432 usque
2959 5364 3358 5435 responsionis
3389 5381 3454 5419 ex
3479 5364 3615 5436 Reg.
3641 5382 3701 5432 ιι,

2051 5431 2366 5505 desumpta
2397 5437 2556 5488 sunt.
2600 5431 2732 5505 Quae
2788 5431 2957 5505 porro
3012 5431 3081 5490 de
3130 5437 3352 5491 Isidoro
3402 5431 3697 5501 dicun'tur,

2051 5504 2351 5560 noluimus
2402 5522 2433 5561 a
2479 5504 2704 5578 caeteris
2740 5504 3060 5578 seiungere
3107 5511 3163 5561 et
3211 5510 3281 5562 ad
3314 5509 3498 5562 imum
3533 5524 3700 5578 repo-

2050 5592 2208 5642 nere,
2244 5579 2344 5650 sed
2381 5578 2611 5633 uncinis
2643 5576 3012 5650 inclusimus,
3044 5595 3179 5634 nam
3211 5579 3508 5650 adjeclitia
3537 5576 3695 5635 sunt.

2132 5649 2242 5721 (80)
2275 5649 2414 5721 Reg.
2446 5655 2501 5718 2,
2542 5646 2830 5722 πρωτεύει,
2862 5649 2955 5706 hic
2987 5646 3042 5706 et
3073 5650 3244 5707 infra.
