4080 6206
329 405 443 465 631

1496 412 1560 473 8.
1608 407 2131 472 ATHANASIUS.
2150 442 2225 451 —
2256 407 2539 470 SPURIA
2555 452 2569 467 .

3626 410 3760 468 632

334 554 439 608 pra
469 539 747 610 abyssum
779 543 963 610 erant,
996 557 1107 595 nox
1137 542 1398 597 nondum
1444 541 1747 614 appellatis
1795 542 1982 607 erant,
2012 598 2013 603 η

2147 538 2164 591 5
2196 536 2297 613 γὰρ
2330 537 2516 598 στότος
2546 537 2715 593 ἐκεῖνο
2744 537 2806 593 τὸ
2839 536 3014 592 ἐπάνω
3044 544 3145 607 τῆς
3182 532 3421 591 ἀϐύσσου
3469 536 3627 592 οῦπω
3677 539 3754 607 ἧν

337 643 443 683 nec
475 645 509 683 a
533 628 674 684 luna
702 632 760 684 et
790 629 1082 685 sideribus
1111 630 1491 687 duodecimve
1508 632 1666 687 horis
1685 630 1985 686 dimensae.

338 718 505 773 Haud
538 718 714 772 dubie
746 734 881 789 ergo
913 718 1013 773 lux
1043 721 1310 775 tenebras
1338 722 1647 777 antecedit.
1682 721 1989 776 Verumta-

342 823 474 863 men
508 822 582 862 ne
612 807 839 878 possint
868 809 1051 862 Judaei
1084 809 1253 865 nobis
1282 810 1474 865 dicere
1502 810 1800 866 Christum
1848 806 1990 863 Sab-

2099 626 2396 700 ὀνομασθὶν
2426 626 2536 697 νὺξ,
2596 624 2718 682 οὔτε
2770 627 2873 682 ὑπὸ
2922 627 3161 697 σελήνης
3208 626 3297 681 καὶ
3346 626 3608 702 ἀστέρων,
3654 628 3756 683 καί

2099 713 2308 770 δώδεκα
2338 716 2493 791 ὡρῶν
2531 715 2922 793 μετρούμενον.
2968 710 3392 793 Ἀναμφιϐὅλως
3423 714 3516 770 οῦν
3539 719 3602 771 τὸ
3634 722 3757 795 φῶς

2098 806 2411 880 προτερεύει
2442 809 2539 860 τοῦ
2572 804 2818 866 σκότους.
2851 805 3051 879 ’Ὸμῶς
3097 804 3185 859 ’ἱνα
3237 806 3311 879 μὴ
3369 804 3561 880 εὕρωσι
3618 808 3767 881 πρὸς

342 898 477 953 bato
529 896 917 952 resurrexisse
946 914 958 951 :
994 898 1208 953 idcirco
1260 915 1461 955 eorum
1491 916 1594 955 ora
1623 900 1786 971 prius
1817 898 1991 953 obtu-

2147 900 2248 966 μᾶς
2283 894 2461 969 λέγειν
2494 893 2768 950 Ἰουδαίων
2800 892 3012 967 παῖδες,
3041 892 3122 949 ὅτι
3155 893 3207 949 ἐν
3258 889 3514 967 σαϐϐάτῳ
3558 895 3759 965 ἀνέστη

342 986 509 1053 ravit,
540 984 663 1055 lege
688 985 806 1041 illis
838 986 975 1042 data
1006 991 1070 1042 ut
1098 1004 1391 1060 avespera
1419 988 1574 1045 diem
1613 989 1853 1045 Sabbati
1902 987 1990 1042 in-

343 1076 638 1132 choarent.

417 1256 644 1319 Quzssr.
679 1252 811 1308 LIV.
846 1253 961 1308 Cur
990 1270 1127 1327 ergo
1159 1270 1285 1311 eam
1327 1256 1398 1311 ob
1450 1270 1573 1311 rem
1623 1254 1791 1311 nobis
1839 1255 1996 1311 Deus

342 1342 524 1416 jussit
554 1342 921 1399 Dominicam
955 1360 988 1398 a
1015 1359 1257 1417 vespera
1286 1345 1513 1401 sabbati
1542 1344 1764 1401 ordiri?

425 1521 728 1577 Rssr.Non
762 1536 889 1576 eam
916 1522 989 1577 ob
1019 1537 1140 1578 rem
1178 1539 1190 1579 :
1223 1524 1323 1579 sed
1356 1523 1495 1595 quia
1524 1524 1678 1579 Deus
1703 1526 1909 1595 gentes
1924 1526 2002 1578 ex

352 1610 695 1683 ignorantiae
725 1610 982 1666 tenebris
1003 1615 1061 1666 et
1090 1628 1157 1667 ex
1187 1614 1396 1669 umbra
1427 1611 1574 1685 legis
1604 1613 1665 1668 in
1690 1612 1882 1668 lucem
1914 1628 2002 1667 co-

355 1700 636 1773 gnitionis
666 1699 855 1769 Dei,et
879 1700 1175 1772 Evangelii
1204 1702 1791 1758 vocavit.Admodum
1821 1701 2003 1773 igitur

353 1794 745 1862 congruenter
800 1806 921 1845 suae
978 1791 1423 1847 resurrectionis
1481 1792 1634 1847 diem
1682 1808 1716 1847 a
1762 1807 2005 1864 vespera

2102 986 2131 1039 6
2184 984 2435 1060 Χριστὸς,
2493 983 2690 1039 τούτου
2756 986 2919 1061 χάριν
2964 984 3427 1061 προαπεφίμωσεν
3480 986 3676 1047 αὐτοὺς
3730 986 3763 1040 6

2102 1076 2252 1143 Θεὸς,
2313 1075 2683 1145 νομοθετήσας
2726 1074 2815 1129 καὶ
2866 1073 3049 1137 αὐτοῖς
3096 1075 3184 1151 ἀφ’
3236 1073 3459 1148 ἑσπέρας
3490 1074 3763 1150 ἄργεσθαι

2102 1171 2203 1233 τῆς
2236 1164 2451 1238 ἡμέρας
2474 1167 2571 1218 τοῦ
2604 1158 2873 1218 σαϐϐάτου
2905 1166 3040 1237 (81).

2178 1252 2368 1327 Ἐρώτ.
2402 1248 2495 1307 νδ’.
2543 1250 2602 1305 Τί
2655 1251 2747 1306 οὗν
2796 1252 2991 1306 τούτου
3036 1250 3196 1327 χάριν
3240 1252 3331 1306 καὶ
3381 1251 3516 1324 ἡμῖν
3562 1252 3591 1305 6
3621 1253 3767 1314 Θεὸς

2106 1340 2424 1418 προσέταξεν
2458 1339 2546 1418 ἀφ’
2575 1339 2796 1415 ἑσπέρας
2827 1343 2923 1395 τοῦ
2968 1335 3237 1395 σαϐϐάτου
3286 1340 3621 1415 ἀπάρχεσθαι
3651 1348 3768 1410 τῆς

2106 1436 2400 1506 Κυριακῆς.

2182 1518 2373 1575 Ἀπόκ.
2405 1521 2516 1592 (82)
2550 1518 2628 1575 Οὐ
2657 1518 2852 1573 τούτου
2906 1518 3090 1594 χάρινο
3136 1516 3263 1574 ἀλλ’
3305 1516 3494 1587 ἐπειδὴ
3543 1520 3570 1572 ὁ
3624 1520 3768 1579 Θεὸς

2108 1607 2174 1663 τὰ
2204 1604 2329 1678 ἔθνη
2364 1607 2423 1662 ἐκ
2448 1610 2545 1662 τοῦ
2578 1607 2801 1668 σκότους
2827 1609 2925 1676 τῆς
2973 1606 3260 1683 ἀγνωσίασ,
3318 1606 3407 1662 καὶ
3455 1614 3556 1676 τῆς
3601 1612 3763 1667 σκιᾶς

2108 1702 2205 1755 τοῦ
2236 1698 2407 1771 νόμοτ
2438 1696 2513 1759 εἷς
2542 1696 2605 1753 τὸ
2637 1703 2749 1775 φῶς
2795 1701 2892 1766 τῆς
2922 1698 3244 1774 θεογνωσίας
3275 1699 3363 1754 καὶ
3393 1702 3488 1753 τοῦ
3519 1698 3765 1774 Εὐάγγε-

2114 1788 2234 1844 λίου
2267 1786 2505 1845 ἐκάλεσε.
2540 1787 2886 1863 Πρεπόττως,
2919 1788 3022 1862 ἄρα
3066 1788 3202 1861 ἡμῖν
3246 1789 3345 1856 τὴν
3392 1788 3770 1859 ἀναπάσιμον

354 1878 627 1951 praecepit
653 1877 907 1950 incipere
930 1882 987 1934 et
1016 1878 1088 1934 ad
1118 1878 1308 1936 lucem
1341 1878 1815 1936 desinerc.Valde
1844 1879 2000 1935 enim

2147 1877 2275 1932 ύτοῦ
2305 1876 2515 1953 ἡμέρας
2543 1876 2631 1955 ἀφ’
2661 1877 2888 1953 ἂσπέρας
2918 1878 3175 1951 ἄρχεσθαι
3225 1878 3315 1931 καὶ
3371 1876 3447 1937 εἷς
3498 1880 3615 1954 φῶς
3668 1897 3766 1931 τεο

355 1967 671 2023 dedccebat
701 1968 1059 2039 minimeque
1089 1970 1437 2026 conveniens
1464 1974 1610 2039 erat,
1643 1969 1767 2025 dies
1792 1968 2007 2025 Christi

2147 1965 2389 2021 nouella:
2420 1964 2763 2041 προσέταξεν.
2797 1966 3061 2039 Ἀπρεπὲς
3106 1966 3207 2041 γὰρ
3250 1966 3317 2034 ἦν
3369 1964 3457 2020 καὶ
3515 1966 3769 2039 ἀνάρμο-

355 2057 472 2113 veri
510 2056 753 2111 luminis
785 2075 818 2112 a
842 2057 972 2114 luce
1001 2058 1256 2131 incipere
1286 2063 1343 2115 et
1374 2060 1429 2114 in
1465 2063 1693 2115 noctem
1726 2075 1791 2115 ac
1842 2062 2004 2114 tene-

357 2149 495 2202 bras
527 2146 816 2202 desinere.

431 2326 658 2389 Quaes'r.
695 2324 802 2379 LV.
835 2325 1025 2389 Quare
1053 2324 1329 2382 vicesima
1357 2326 1561 2398 quinta
1588 2326 1810 2382 mensis
1857 2326 2007 2381 Mar-

363 2416 451 2486 tii,
486 2419 552 2470 ut
581 2417 790 2470 vocant
820 2414 1088 2486 Romani,
1111 2414 1379 2472 Christus
1400 2416 1457 2471 in
1485 2421 1647 2472 utero
1669 2415 1929 2488 Virginis
1949 2416 2007 2471 in

364 2504 540 2561 terris
570 2502 899 2559 habitavit?

428 2596 599 2650 lisse.
633 2593 779 2659 Quia
808 2592 1033 2649 scilicet
1065 2592 1170 2649 hac
1202 2594 1330 2666 ipsa
1372 2594 1464 2650 die
1513 2595 1664 2651 Deus
1718 2595 1790 2650 ab
1840 2594 2009 2649 initio

356 2685 648 2741 Adamum
703 2682 990 2738 formavit.
1042 2682 1205 2738 Unde
1243 2688 1300 2739 et
1329 2700 1527 2740 mense
1559 2684 1656 2740 illo
1686 2684 1922 2739 arbores
1955 2687 2012 2737 et

358 2774 573 2846 plantae
603 2787 807 2827 omnes
840 2787 945 2826 nec
977 2789 1089 2827 non
1136 2772 1436 2838 animalia,
1483 2774 1553 2828 ad
1606 2774 1903 2828 fructuum
1954 2775 2011 2828 et

359 2862 540 2935 prolis
570 2861 1051 2934 ﬁprocreationem
1103 2866 1535 2932 permoventur,
1568 2866 1850 2934 tanquam
1883 2877 2011 2934 qua:

360 2970 393 3009 a
424 2952 540 3008 Deo
569 2955 709 3005 tunc
738 2950 1022 3021 temporis
1054 2949 1213 3005 fuere
1243 2956 1456 3007 creata.

428 3044 661 3107 Qumsr.
696 3039 837 3094 LVI.
872 3039 1216 3111 Cujusmodi
1256 3044 1422 3096 erant
1471 3039 1724 3113 pellicem
1775 3039 2009 3109 tunicae,

362 3147 509 3203 quas
541 3134 694 3185 Deus
724 3129 946 3185 Adamo
976 3132 1033 3183 et
1063 3132 1184 3183 Evas
1216 3129 1391 3184 fecit?

434 3220 604 3273 Rssr.
659 3216 773 3270 Alii
820 3216 1024 3272 volunt
1071 3234 1139 3272 ex
1186 3216 1341 3273 foliis
1389 3219 1663 3274 arborum
1714 3222 2012 3275 contextas

2114 2077 2237 2111 στον
2270 2055 2375 2110 ἀπὸ
2406 2055 2583 2133 φωτὸς
2615 2052 2899 2131 ἄρχεσθαι,
2928 2055 3016 2109 καὶ
3049 2054 3123 2116 εἷς
3156 2054 3341 2123 νύκτα,
3366 2054 3454 2108 καὶ
3504 2055 3579 2115 εἷς
3630 2055 3769 2108 σκό-

2115 2165 2209 2200 τος
2269 2143 2598 2220 καταλήγειν
2657 2145 2752 2206 τὰς
2811 2145 3046 2219 Χριστοῦ
3100 2148 3197 2199 τοῦ
3260 2141 3525 2213 ἀληθινοῦ
3582 2144 3775 2219 φωτὸς

2115 2235 2349 2310 ἡμέρας·

2189 2326 2383 2399 Ἐρώτ.
2416 2329 2502 2381 νε’.
2536 2322 2696 2384 Τίνος
2741 2321 2901 2397 χάριν
2950 2326 3019 2396 τῇ
3070 2320 3241 2377 εἰκάδι
3291 2324 3510 2397 πέμπτῃ
3547 2326 3647 2375 τοῦ
3677 2322 3773 2377 λεο

2116 2415 2348 2491 γομένου
2376 2413 2523 2489 παρὰ
2550 2412 2832 2484 Ῥωμαίων
2862 2411 3103 2487 Μαρτίου
3160 2413 3329 2485 μηνὸς
3362 2412 3389 2466 6
3435 2412 3670 2486 Χριστὸς
3711 2411 3773 2465 ἐν

2116 2506 2185 2577 τῇ
2222 2504 2403 2578 μήτρᾳ
2438 2508 2537 2571 τῆς
2574 2502 2845 2576 Παρθένου
2876 2501 2962 2555 ἐπὶ
2994 2508 3098 2576 γῆς
3128 2498 3429 2571 ἐσκήνωσεν
3459 2520 3471 2567 ;

2191 2592 2382 2650 Ἀπόκ.
2437 2589 2658 2660 Ἐπειδὴ
2690 2590 2743 2645 έν
2778 2590 2912 2664 αὐτῇ
2937 2593 3006 2665 τῇ
3039 2590 3219 2664 ἡμέρᾳ
3246 2591 3332 2644 ἀπ’
3360 2589 3538 2664 ἀρχῆς
3570 2590 3597 2643 6
3629 2588 3765 2650 Θεὸς

2116 2682 2207 2737 τὸν
2242 2678 2420 2754 Ἀδὰμ
2449 2678 2699 2737 ἔπλασεν.
2752 2682 2907 2743 Ὅθεν
2953 2679 3043 2733 καὶ
3091 2683 3168 2750 τῷ
3209 2679 3340 2751 μηνῖ
3372 2677 3557 2749 ἐκείνῳ
3587 2679 3767 2732 πάντα

2116 2772 2183 2826 τὰ
2212 2768 2422 2845 δένδρα,
2452 2769 2543 2824 καὶ
2574 2771 2629 2823 αἱ
2665 2768 2904 2843 βοτάναι,
2934 2769 3114 2824 καὶτὰ
3145 2772 3254 2837 ζῶα
3284 2768 3359 2829 εἷς
3388 2766 3763 2843 καρποφορίαν

2117 2860 2205 2915 καὶ
2236 2857 2577 2933 τεκνογονίαν
2604 2861 2902 2927 κινοῦνται,
2947 2858 3022 2919 ὡς
3079 2861 3157 2929 τῷ
3202 2860 3377 2929 καιρῷ
3429 2856 3611 2928 tum.
3660 2856 3765 2910 ὑπό

2116 2954 2214 3005 τοῦ
2245 2952 2378 3004 Θεοῦ
2409 2947 2695 3022 γενόμενα.

2193 3038 2385 3115 Ἐρώτ.
2413 3038 2507 3100 νς’.
2539 3037 2652 3110 (83)
2684 3037 2901 3093 Ὀποῖοι
2930 3036 3066 3105 ἦσαν
3092 3036 3143 3089 οἱ
3165 3032 3254 3109 δερ
3264 3034 3477 3107 μάτινοι
3508 3039 3764 3110 χιτῶνες,

2121 3127 2214 3189 οὕς
2245 3127 2272 3181 ὁ
2304 3126 2431 3188 Θεὸς
2460 3129 2540 3197 τῷ
2563 3122 2739 3197 Ἀδὰμ
2768 3126 2857 3178 καὶ
2889 3128 2957 3197 τῇ
2992 3122 3101 3180 Εὕα
3128 3122 3457 3194 πεποίηκεν;

2196 3214 2388 3272 Ἀπόκ.
2422 3216 2533 3289 (84)
2562 3215 2629 3273 Οἱ
2664 3213 2759 3286 μέν
2806 3234 2963 3291 φασιν
3015 3212 3073 3267 ἐκ
3123 3212 3347 3291 φύλλων
3397 3210 3651 3288 δένδρων·
3716 3213 3769 3267 οἱ

362 3306 577 3363 fuisse:
599 3305 697 3361 alii
729 3321 963 3360 carnem
996 3310 1258 3361 nostram
1289 3306 1397 3362 has
1427 3322 1555 3363 esse
1586 3306 1817 3363 tunicas
1847 3308 2009 3363 dixe-

2147 3307 2183 3361 ἱὲ
2212 3304 2374 3361 πάλιν
2406 3305 2506 3373 τήν
2539 3305 2709 3378 σάρκα
2733 3304 2894 3375 ἡμῶν
2924 3301 3149 3365 τούτους
3178 3301 3305 3364 τοὺς
3346 3307 3579 3377 χιτῶνας
3632 3303 3767 3356 εἶναι

364 3414 425 3453 re
458 3414 471 3451 :
504 3394 635 3451 aliis
660 3398 853 3450 autem
885 3394 1076 3450 visum
1112 3398 1221 3462 est,
1255 3396 1355 3466 qui
1386 3399 1443 3451 et
1482 3395 1674 3452 verius
1724 3397 2009 3465 sentiunt,

364 3499 562 3542 revera
592 3483 863 3555 pelliceas
890 3482 1069 3539 fuisse
1100 3482 1333 3540 illorum
1366 3482 1618 3539 tunicas.

436 3664 660 3729 Qums'r.
692 3662 857 3720 LVII.
892 3664 1035 3719 Cum
1068 3661 1268 3718 nullus
1299 3662 1606 3719 hominum
1634 3667 1902 3720 mortuus
1932 3681 2017 3721 θεν

368 3758 476 3821 set,
508 3754 805 3809 undenam
839 3751 1053 3807 Cainus
1084 3750 1289 3807 didicit
1311 3752 1551 3808 Abelem
1583 3753 1884 3809 occidere?

441 3842 917 3915 Rssr.{Diaholus
948 3842 1060 3914 ipsi
1081 3841 1140 3897 in
1163 3841 1409 3897 sommis
1439 3842 2017 3914 ostendit,quomodo

371 3935 607 3989 fratrem
643 3936 830 3988 morte
861 3932 1133 3988 afﬁceret.

444 4020 1125 4085 QumsrLVIlLQuinam
1158 4024 1323 4075 erant
1355 4019 1457 4074 ﬁlii
1486 4020 1719 4092 Dei,qui
1754 4022 2024 4077 viderunt

374 4129 441 4168 ac
473 4115 854 4182 sumpserunt
882 4111 1033 4166 ﬁlias
1064 4110 1413 4166 hominum?

449 4200 617 4254 Rssr.
638 4198 768 4253 Filii
799 4198 1124 4254 Seth.Nam
1158 4200 1501 4272 incorporea
1531 4205 1741 4257 natura
1770 4218 1875 4257 nec
1906 4218 2025 4257 cor-

376 4306 518 4363 pora
548 4291 726 4353 amat,
762 4305 866 4343 nec
895 4304 1029 4343 cum
1063 4288 1413 4344 mulieribus
1441 4289 1869 4345 commiscelur.

448 4378 675 4441 Qums'r.
708 4376 844 4432 LIX.
880 4376 993 4431 Cur
1020 4377 1174 4432 Deus
1205 4377 1386 4449 Moysi
1432 4378 1490 4431 in
1540 4379 1685 4434 rubo
1734 4379 2024 4451 apparuit,

380 4486 492 4525 non
528 4467 639 4523 alio
670 4466 728 4521 in
760 4466 1043 4521 arbusto?

452 4557 879 4622 RESp.Quidam
912 4556 1273 4625 respondent
1306 4572 1545 4610 causam
1568 4560 1789 4622 esse,ut
1814 4571 1881 4611 ex
1901 4557 2029 4627 eius

2123 3397 2423 3473 εἰρήκασιν·
2466 3391 2613 3464 ἔδοξε
2665 3391 2722 3448 δε
2771 3394 2995 3469 ἑτέροις,
3042 3398 3156 3455 τοῖς
3215 3392 3302 3447 καὶ
3360 3392 3766 3464 ἀληθεστέρως,

2124 3486 2176 3542 έν
2211 3484 2442 3556 ἀληθείᾳ
2468 3484 2709 3561 χιτῶνας
2740 3480 3091 3557 δερματίνους
3119 3482 3251 3537 εἶναι
3294 3481 3423 3543 τοὺς
3471 3485 3579 3536 τῶν
3636 3502 3769 3556 προ-

2122 3574 2374 3652 πατόρων
2404 3576 2663 3650 χιτῶνας.

2194 3666 2386 3737 Ἐρώτ.
2417 3665 2512 3733 νζ’.
2548 3665 2659 3736 (85)
2689 3660 2850 3723 Τινὸς
2880 3659 3031 3716 οὔπω
3058 3657 3180 3716 τὸτε
3227 3660 3613 3730 ἀποθανάντος,
3674 3656 3774 3714 πὸ-

2128 3767 2213 3819 θεν
2243 3753 2434 3828 ἔμαθεν
2469 3753 2496 3807 ὁ
2528 3754 2661 3809 Κάϊν
2695 3755 2949 3830 φονεῦσαι
2978 3751 3068 3806 τὸν
3101 3745 3272 3806 Ἅϐελ
3300 3767 3313 3818 ;

2200 3842 2395 3899 ’Arcdx.
2427 3843 2489 3898 Ὁ
2522 3836 2779 3901 διάϐολος
2811 3839 2957 3911 αύτῷ
2986 3841 3100 3894 κατ’
3131 3838 3260 3915 ύναρ
3319 3835 3580 3908 ὑπέδειξε,
3627 3837 3775 3910 ποέῳ

2128 3933 2318 4008 τρόπῳ
2351 3932 2652 3995 θανατῶσαι
2682 3928 2773 3983 τὸν
2801 3925 3034 4004 ἀδελφόν

2203 4021 2395 4094 Ἐρώτο
2429 4021 2530 4089 νηῒ
2566 4020 2677 4091 (87)
2706 4017 2853 4078 Τίνες
2882 4020 3017 4086 ἦσαν
3050 4018 3100 4071 οι
3132 4017 3240 4070 υἱοὶ
3300 4018 3412 4089 (88)
3466 4013 3562 4069 τος,
3620 4021 3782 4083 θεοῦ,

2135 4113 2185 4166 οἱ
2221 4108 2427 4171 ἰδόντες
2457 4108 2547 4162 καὶ
2579 4102 2838 4168 λαϐόντες
2867 4106 2962 4168 τὰς
2995 4107 3285 4181 θυγατέρας
3316 4108 3421 4159 τῶν
3455 4105 3783 4180 ἀνθρώπων;

2206 4198 2396 4255 ’Δπόκ.
2430 4199 2497 4255 Οἱ
2544 4197 2654 4251 υἱοὶ
2700 4200 2815 4251 ’τοῦ
2874 4197 3001 4266 Ζήθ.
3045 4195 3257 4263 Ἐπεὶή
3292 4195 3579 4267 ἀσώματος
3627 4196 3789 4271 φύσις

2138 4288 2260 4343 οὕτε
2291 4285 2559 4359 σωμάτων
2588 4286 2702 4361 ἐρᾷ,
2737 4282 2859 4339 οὔτε
2884 4284 3090 4360 γυναιξὶ
3122 4282 3509 4356 συμπλέκεται.

2208 4377 2406 4451 ’Λρώτ.
2439 4377 2532 4432 νϐ’.
2568 4374 2663 4429 Διά
2690 4373 2741 4429 τί
2774 4373 2823 4428 ἐν
2862 4372 3007 4448 βάτω
3058 4372 3211 4451 ὤφθη
3263 4374 3392 4434 Θεὸς
3442 4376 3521 4444 τῷ
3579 4373 3784 4444 Μωσῇ,

2138 4468 2225 4523 καὶ
2260 4467 2357 4521 οὐκ
2386 4466 2437 4521 έν
2467 4467 2632 4540 ἑτέρῳ
2662 4469 2849 4543 φυτῴς

2213 4556 2405 4612 Ἀπὸκ.
2443 4557 2510 4612 Οἱ
2546 4554 2639 4628 μέν
2674 4574 2855 4631 φασιν,
2895 4552 2985 4607 ’ἶνα
3020 4554 3094 4626 μὴ
3155 4551 3455 4622 δυνηθῶσιν
3518 4548 3786 4628 Ἐϐραίων

382 4648 540 4721 ligno
572 4645 955 4702 simulacrum
992 4661 1106 4699 non
1138 4648 1377 4715 possent
1397 4643 2013 4699 HebraaiefficercAlii:

2147 4643 2325 4707 παῖδες
2386 4641 2615 4699 εἴδωλον
2666 4649 2889 4711 ποιῆσαι
2951 4641 3009 4697 ἐκ
3063 4646 3159 4697 τοῦ
3218 4640 3381 4714 ξύλου
3442 4640 3787 4715 αὐτῆς

382 4742 575 4793 autem
598 4736 828 4791 videtur
855 4736 1034 4790 Deum
1059 4734 1166 4788 hoc
1188 4735 1337 4789 facto
1361 4733 1847 4805 pra-signiﬁcasse
1880 4749 1941 4789 se
1972 4734 2031 4789 in

385 4826 625 4898 spinosa
654 4840 825 4879 carne
856 4826 1055 4877 nostra
1083 4838 1211 4877 esse
1232 4822 1938 4893 incarnandum,eamque
1960 4823 2033 4879 ob

387 4931 509 4971 rem
542 4914 601 4969 in
635 4911 975 4984 hujusmodi
1008 4911 1249 4967 arbusto
1281 4910 1463 4983 Moysi
1492 4911 1855 4983 apparuisse.

423 5094 573 5183 ~(81)
604 5093 743 5164 Reg.
777 5093 833 5157 2,
867 5090 957 5167 ἀφ’
1014 5087 1237 5163 ἑσπέρας
1268 5094 1368 5158 τῆς
1398 5095 1739 5163 παρασκευῆς
1772 5088 2032 5165 ἄρχεσθαι

386 5186 573 5307 τηῗέὲ)
605 5235 749 5291 Huic
779 5233 1085 5307 quzestioni
1108 5233 1322 5307 similia
1343 5235 1610 5307 quaedam
1629 5233 1921 5307 habentur
1952 5234 2036 5288 in-

392 5304 479 5364 fra
508 5304 565 5363 in
600 5304 1175 5378 interpretationibus
1207 5304 1469 5361 Parabol.
1517 5306 1825 5377 Scriptura:
1857 5322 2032 5378 sacrae

392 5377 859 5452 queestione_57.
919 5377 1094 5452 Paulo
1144 5384 1273 5447 post
1328 5378 1563 5452 quidam
1616 5395 1757 5452 mss.
1818 5377 2030 5452 καὶτῆς

393 5446 543 5511 σίκιᾶς
574 5454 670 5503 τοῦ
700 5448 889 5521 νόμου.
922 5449 1067 5505 Editi
1097 5446 1249 5516 vcro,
1310 5448 1398 5501 καὶ
1459 5446 1519 5501 ἐκ
1546 5452 1642 5501 τοῦ
1671 5448 1861 5520 νόμου,
1919 5450 2033 5504 Ini-

394 5528 863 5665 Πυῶὧθίόιξξθεῐὶο
900 5592 990 5665 55.
1016 5593 1139 5665 jam
1169 5592 1259 5658 56,
1292 5590 1457 5647 abest
1488 5607 1521 5645 a
1550 5590 1671 5646 Pal.
1702 5594 1758 5661 2,
1789 5594 1846 5647 et
1875 5608 1908 5647 a
1934 5608 2031 5649 ve-

396 5664 620 5723 teribus
652 5665 873 5721 Latinis
902 5664 1093 5720 editis.

467 5739 580 5809 (84)
611 5738 738 5794 Haec
770 5736 885 5793 fere
918 5735 1089 5793 habet
1116 5733 1527 5806 Theodoretus,
1562 5737 1765 5806 quaest.
1825 5734 1913 5806 39,
1972 5736 2028 5789 in

2145 4732 2339 4795 ἄλλοις
2369 4731 2424 4787 δὲ
2456 4731 2624 4799 δοκεῖ,
2681 4732 2764 4785 ’ὁτι
2817 4727 3238 4807 προδιαγράφων
3297 4730 3326 4783 ὁ
3355 4731 3505 4799 Θεὸς,
3536 4728 3619 4783 ὅτι
3654 4728 3792 4802 μέλ-

2142 4823 2223 4879 λει
2284 4822 2335 4877 ἐν
2391 4827 2460 4896 τῇ
2538 4818 2934 4893 ἐξακανθησάσῃ
3001 4822 3161 4892 ἡμῶν
3224 4821 3548 4893 σαρκοῦσθαι
3611 4818 3793 4894 φύσει,

2140 4912 2333 4967 τούτου
2368 4910 2526 4987 χάριν
2562 4909 2614 4965 έν
2646 4908 2725 4982 τῷ
2752 4907 2988 4982 τοιούτῳ
3038 4912 3187 4986 φυτῷ
3232 4903 3388 4986 ὤφθη
3448 4908 3528 4980 τῷ
3586 4909 3789 4972 Μωῆσ.

2144 5093 2328 5150 Cenes.
2366 5090 2554 5162 iisque
2584 5088 2774 5145 multa
2802 5089 3023 5162 adjicit.

2216 5165 2327 5232 (85)
2358 5156 2524 5219 Hune
2552 5156 2919 5232 locumcitat
2946 5156 3184 5215 Michael
3216 5159 3446 5232 Glycas,
3476 5177 3529 5232 ρ,
3559 5160 3684 5216 119.

2216 5177 2327 5232 ίδδ)
2358 5177 2524 5219 nunc
2552 5177 2744 5217 locum
2776 5177 2919 5217 citat
2946 5177 3184 5215 Michael
3216 5177 3446 5232 utycas,

2216 5236 2329 5307 (86)
2364 5234 2550 5307 Palat.
2586 5236 2647 5307 2,
2673 5231 2820 5307 ποίῳ
2848 5252 3039 5306 τροπῳ
3079 5230 3319 5307 φονεύσει
3349 5230 3441 5307 τὸν
3509 5228 3558 5286 δ.

2360 5306 2503 5387 Yide
2531 5303 2891 5387 Theodoreti
2912 5303 3118 5387 qlutes‘t'.
3153 5303 3220 5355 47
3254 5306 3312 5359 in
3338 5303 3525 5360 Cenes.

2237 5372 2325 5447 88)
2358 5378 2606 5450 Quidam
2641 5394 2807 5442 mss.,
2843 5376 2893 5428 Ol
2925 5372 3175 5450 ἄγγελοι.

2358 5442 2541 5533 Ρὲιδὶῖ
2575 5451 2627 5533 ἓ)
2662 5442 2982 5533 ποιῇσίξκιηνξί
3011 5442 3199 5533 ’ξύλων
3249 5446 3466 5533 αὐτ-ἧς’
3491 5442 3688 5533 ’Ἀέλτλ
3736 5442 3792 5499 δὲ

2143 5514 2229 5575 ὅτι
2260 5514 2487 5594 ἔμελ-λεν
2521 5521 2549 5574 6
2582 5514 2811 5594 Χριστὸς
2846 5514 3148 5594 βλάστῆσαι
3180 5514 3237 5570 ἐκ
3289 5524 3389 5594 τῆς
3442 5514 3788 5594 ἀκανθώδους

2143 5587 2316 5670 3’}va
2336 5590 2563 5670 φύσεως,
2622 5587 3050 5670 @ﬁtou‘jﬁpw‘
3084 5587 3239 5670 ὣφθη
3298 5588 3358 5643 έκ
3400 5594 3468 5662 τῇ
3506 5590 3655 5664 βάτῳ
3709 5593 3790 5659 τῷ

2144 5608 2303 5663 ημων
2336 5608 2563 5670 φυσεως,
2622 5610 2816 5645 τουτου
2873 5610 3032 5665 γαριν
3084 5608 3239 5717 (uim)

2144 5666 2342 5737 Μωσῇ.
2381 5664 2599 5721 Ibidem
2636 5664 2775 5737 Reg.
2806 5664 2860 5735 3,
2892 5662 3132 5731 ἀκανθησ
3168 5682 3251 5734 σῃ.
