4080 6206
435 340 553 401 635
1598 358 1661 419 S.
1712 364 2237 427 ATHANASIUS.
2264 400 2342 411 —-
2375 366 2683 430 SPURIA.
2866 442 2875 449 ,
3712 383 3810 445 636

440 492 541 546 per
569 477 885 535 Jercmiam
916 498 1123 539 rursus
1152 486 1429 545 dixitnon
1448 490 1528 548 ita
1544 495 1801 566 amplius
1824 496 2072 552 futurum

2205 493 2554 573 δὲἹερεμίου
2610 504 2707 555 τοῦ
2763 505 3048 582 προφήτου
3103 504 3264 561 πάλιν
3327 505 3559 582 εἷ’ρηκεν,
3602 509 3675 565 ὅτι
3729 512 3809 568 οὒκ

438 581 600 633 esse;
637 568 737 622 sed
773 569 874 638 qui
899 573 1217 630 comederit
1249 593 1391 634 uvas
1420 581 1677 651 acerbas,
1711 585 1916 641 dentes
1965 587 2072 657 eju:

444 657 678 679 ιιι...κΛ-,-.
733 657 1028 679 -ιἰ’ὶ.ξ--.Ί-
1105 663 1117 679 ι
1175 664 1219 679 νγ
1575 672 1621 679 Α..
1682 671 1693 679 .
1740 677 1745 679 .
1944 674 1957 679 -
1999 676 2019 679 -

2204 568 2474 643 ἔσταιτοῦ
2506 588 2706 646 λοιποῦ
2738 568 2934 655 οὕτως’
2966 593 3093 650 ἀλλ’
3125 594 3269 658 ὅστις
3301 598 3447 673 φάγῃ
3494 597 3614 661 τοῦς
3657 594 3811 679 ὄμφα-

444 657 681 725 stupore
731 657 1070 717 afﬁciendos
1102 663 1140 716 ‘.
1174 664 1305 721 Haec
1338 685 1543 726 rursus
1565 671 1858 729 Christum
1892 674 1962 730 ad
1989 676 2072 731 Jul

3258 657 3262 658 ⁷
3313 657 3323 673 l
3390 657 3401 673 ι
3424 657 3447 672 ι’
3601 657 3610 661 ”
3690 657 3700 673 ⁸
3737 657 3745 679 Ι

2200 696 2317 749 κας,
2351 677 2514 733 αὐτοῦ
2570 681 2621 733 oi.
2679 678 2892 744 ὀδόντες
2948 680 3372 755 ὠμοδιάσουσιν.
3438 687 3713 762 ’Δκοῦομεν
3763 690 3807 747 ὅὶ

441 742 598 798 daeos
627 744 918 803 dicentem
945 752 1222 809 audimus
1258 773 1270 810 :
1304 780 1329 805 ‹‹
1365 762 1548 814 Amen
1581 761 1709 817 dico
1758 764 1942 830 vobis,
1992 781 2072 819 ve-

2199 763 2366 823 πάλιν
2422 773 2519 823 τοῦ
2568 775 2806 846 Χριστοῦ
2864 773 2998 848 πρὸς
3059 770 3355 837 Ἰουδαίους
3415 773 3684 852 λὲγοντος,
3723 779 3807 853 ὅτι,

442 830 603 886 nient
657 834 999 906 iniquitates
1048 847 1280 911 patrum
1314 851 1639 904 vestrorum
1687 868 1865 923 super
1911 870 2072 920 vos,t

2622 830 2632 846 .
2908 830 2917 848 ε
2985 830 2994 834 -
3341 830 3354 837 ν
3462 830 3504 851 νε
3589 830 3684 852 "‘1
3730 830 3806 853 "'l

2204 856 2382 928 Ἀμὴν
2454 856 2600 933 λέγω
2677 860 2844 932 ὑμῖν,
2904 859 3281 918 ἐπελεύσονται
3339 864 3395 918 a't
3461 864 3669 938 ἀνομίαι
3716 872 3806 942 (98)

439 921 726 991 sanguine
753 924 895 980 Abel
920 929 1089 997 justi,
1120 948 1303 1003 usque
1329 936 1397 989 ad
1431 938 1779 1010 sanguinem
1801 941 2072 996 Zacharia

439 1007 537 1028 ηπ,
576 1011 613 1028 η
758 1012 770 1028 ,
804 1013 813 1022 .
1353 1024 1361 1028 .
1432 1024 1442 1028 -

2276 921 2284 928 υ
2341 921 2350 925 -
2531 921 2541 933 ι
2713 921 2722 932 1
2832 921 2842 932 ι
3561 921 3571 938 1
3722 921 3805 942 ι⁷⁷1

2200 948 2306 998 τῶν
2366 946 2611 1021 πατέρων
2666 948 2817 1021 ὑμῶν
2894 948 2974 1028 ἐφ’
3034 951 3211 1024 ὑμᾶς,
3273 953 3381 1007 ἀπὸ
3453 958 3548 1008 τοῦ
3613 954 3806 1028 αἳματος

438 1007 540 1063 ﬁlii
574 1011 1068 1086 Barachiaa,qucm
1103 1021 1398 1079 occidistis
1429 1007 1579 1080 inter
1608 1028 1893 1100 templum
1926 1036 1981 1084 ct
2008 1029 2072 1085 al

2504 1007 2513 1021 '
2703 1007 2712 1021 ι
2934 1007 2943 1028 ι
3069 1007 3078 1024 ι
3161 1007 3211 1021 ἰ
3469 1007 3472 1008 ν
3533 1007 3536 1008 ν
3619 1007 3805 1028 νντΓν---τ

2199 1029 2367 1090 Ἅϐελ
2425 1040 2522 1090 τοῦ
2576 1034 2786 1092 δικαίου
2836 1035 2938 1101 ἓως
2994 1044 3091 1095 τοῦ
3140 1039 3371 1114 α’ίματος
3427 1043 3685 1118 Ζαχαρίου
3728 1053 3806 1101 τοῦ

432 1100 556 1152 tare
586 1100 621 1152 ⁵.
659 1122 687 1148 ››
726 1100 883 1158 Unde
913 1104 1048 1160 licet
1077 1110 1385 1181 conjicere,
1437 1116 1591 1186 apud
1643 1115 1908 1173 inﬁdeles
1957 1136 2072 1190 pec-

2929 1100 2933 1101 ν
3202 1100 3212 1114 ,
3358 1100 3367 1103 -
3502 1100 3539 1118 η
3576 1100 3584 1117 ,
3792 1100 3799 1101 κ

2200 1123 2320 1177 υἱοῦ
2394 1126 2713 1201 Βαραχίου,
2767 1127 2824 1182 ’ὸν
2886 1126 3198 1206 ἐφονεύσατε
3278 1130 3477 1203 μεταξὺ
3549 1138 3640 1187 τοῦ
3704 1141 3811 1190 ναοῦ

433 1192 562 1242 cata
591 1195 900 1259 parentum
931 1193 1249 1266 impiorum
1279 1200 1336 1254 in
1370 1202 1521 1258 ﬁlios
1543 1222 1845 1276 perversos
1867 1207 2063 1263 induci

2197 1211 2285 1265 καὶ
2341 1216 2438 1267 τοῦ
2498 1214 2901 1292 θυσιαστηρίου.
2956 1220 3112 1281 Ὅθεν
3170 1219 3528 1295 στοχάζεσθαι
3582 1224 3705 1297 χρὴ,
3742 1224 3807 1279 ὅτι

432 1293 547 1331 non
578 1277 635 1331 in
679 1279 863 1336 bonos
915 1300 926 1336 :
983 1289 1041 1339 at
1088 1289 1240 1358 apud
1299 1290 1521 1361 fideles,
1573 1301 1841 1351 sanctum
1892 1298 2072 1369 bapti-

2742 1277 2770 1292 η
3034 1277 3048 1281 _
3273 1277 3307 1295 Α
3362 1277 3379 1288 ,
3448 1277 3468 1284 ν
3588 1277 3631 1297 Ν
3676 1277 3705 1294 η

2197 1298 2285 1353 ἐπὶ
2337 1301 2431 1374 μὲν
2490 1307 2595 1357 τῶν
2656 1303 3041 1379 ἀπίστων
3074 1304 3361 1383 ἐπάγονται
3422 1309 3667 1383 ἁμαρτίαι
3720 1333 3806 1367 πα-

431 1382 560 1420 sma
608 1384 789 1438 puros
838 1388 945 1427 nos
994 1376 1187 1432 reddit
1237 1380 1306 1434 ab
1339 1382 1498 1436 omni
1531 1382 1843 1457 iniquitate
1873 1403 2072 1457 paren-

2193 1389 2365 1464 τέρων
2418 1386 2626 1445 ἀσεϐῶν
2676 1391 2763 1446 ἐπὶ
2795 1376 2945 1456 υἱοὺς
2976 1376 3253 1471 πονηρούς
3310 1395 3377 1450 οὐ
3435 1376 3545 1473 γὰρ.
3582 1398 3799 1474 ἀγαθούς’

430 1459 579 1510 tum.
2196 1459 2283 1533 ἐπὶ
2318 1475 2374 1533 δὲ
2402 1483 2509 1534 τῶν
2543 1486 2748 1536 πιστῶν
2778 1482 2841 1537 τὸ
2871 1482 3021 1561 ἅγιον
3059 1459 3339 1561 βάπτισμα
3392 1459 3655 1563 καθάρίζει

2194 1566 2301 1622 ἀπὸ
2330 1567 2507 1639 πάσης
2536 1578 2950 1646 προπατορικῆς
2984 1573 3269 1647 ἁμαρτίας.

2266 1658 2457 1734 Ἐρώτ.
2492 1660 2590 1730 ξη’.
2624 1659 2782 1722 Τινὲς
2814 1683 2939 1735 φασι
2972 1660 3244 1725 πολλάκις
3282 1661 3536 1735 τελευτᾷν
3569 1667 3720 1735 νήπια
3744 1670 3804 1739 (1)

2194 1743 2283 1801 διὰ
2311 1745 2511 1822 γονέων
2547 1749 2830 1823 ἁμαρτίαςο
2866 1750 2967 1826 ἄρα
2998 1751 3169 1814 οὕτως
3204 1751 3386 1822 ἐστίν;

2263 1834 2456 1892 Ἀπόκ.
2490 1837 2578 1905 Μὴ
2611 1837 2822 1912 γένοιτο
2852 1839 2985 1894 εἶναι
3014 1844 3176 1895 τοῦτο
3211 1840 3389 1904 οὕτως
3417 1844 3429 1898 !

2265 1924 2461 1999 Ἐρώτ.
2494 1925 2586 1995 ξθ’.
2622 1925 2776 1990 Γίνος
2832 1927 2993 2003 χάριν
3042 1930 3213 2001 νήπια
3271 1935 3612 1986 τελευτῶσιν·
3656 1930 3801 2006 ’ἕτεροι

2194 2009 2251 2067 δὲ
2301 2013 2680 2089 ὑπεργηρῶσι;
2712 2015 2801 2070 καὶ
2849 2012 3009 2083 πόθεν
3060 2019 3204 2081 τινες
3260 2021 3356 2092 μὲν
3398 2016 3799 2096 δικαιοπραγοῦν-

2190 2121 2277 2163 τες
2326 2102 2560 2178 γίνονται
2610 2100 2881 2178 ὀλιγόὸιοι
3070 2109 3212 2170 τινες
3273 2106 3332 2163 δὲ
3376 2114 3800 2184 κακοπραγοῦντες

2192 2188 2554 2267 πολυχρόνιοι
2584 2191 2927 2249 τελευτῶσιν·
2950 2194 3112 2251 ἄλλοι
3147 2194 3203 2252 δὲ
3232 2196 3430 2273 ἀγαθοὶ
3462 2198 3681 2273 γίνονται
3709 2199 3800 2287 ita:

2192 2300 2310 2334 κνοι
2339 2280 2427 2335 καὶ
2458 2280 2706 2352 πένητες·
2735 2279 2913 2357 ἕτεροι
2945 2281 3001 2339 δὲ
3045 2280 3252 2349 ἀσεϐεῖς
3306 2284 3604 2342 εὐτεκνοῦσί
3640 2306 3692 2342 τε
3726 2292 3799 2339 καί

2193 2368 2325 2444 εὖπρ
2334 2374 2550 2445 αγοῦσιν
2580 2390 2595 2440 ;

2264 2459 2451 2516 Ἀπόκ.
2488 2459 2673 2523 Πολὺς
2706 2461 2733 2515 6
2764 2462 2889 2533 περὶ
2917 2460 3124 2517 τούτων
3162 2466 3271 2517 τῶν
3321 2468 3419 2520 τοῦ
3462 2468 3590 2521 Θεοῦ
3632 2463 3795 2539 κρεμά-

2188 2551 2297 2602 των
2331 2547 2497 2625 λόγος
2526 2549 2615 2603 καὶ
2648 2549 3052 2621 ἀκατάληπτος.
3086 2553 3282 2625 ’Όμως
3314 2552 3387 2615 ὡς
3419 2552 3476 2608 ἐκ
3518 2557 3617 2608 τῶν
3664 2553 3797 2629 ἁγίων

2189 2641 2415 2716 Γραφῶν
2472 2635 3019 2714 καταλαμϐανόμεθα,
3055 2640 3312 2716 λέγομεν,
3364 2641 3547 2717 ὅτιπερ
3598 2642 3659 2696 τὰ
3707 2645 3793 2695 τῶν

2186 2733 2391 2783 πιστῶν
2441 2730 2613 2799 νήπια
2643 2729 2741 2785 οὐκ
2770 2728 2821 2802 ἐξ
2852 2731 3156 2806 ἁμαρτιῶν,
3187 2728 3337 2786 ἀλλά
3381 2730 3640 2793 πολλάκις
3684 2730 3793 2805 πρὸς

499 1633 721 1697 Quaasr.
749 1638 984 1696 LXVIII.
1012 1644 1261 1708 Quidam
1291 1647 1457 1704 aiunt
1490 1667 1640 1723 saepe
1668 1651 1922 1710 infantes
1952 1673 2085 1727 pro-

426 1726 555 1793 pter
583 1733 897 1796 parentum
926 1740 1163 1803 peccata
1195 1738 1343 1792 mori
1378 1754 1391 1795 :
1426 1757 1567 1796 num
1601 1740 1656 1796 id
1684 1759 1888 1798 verum
1921 1744 2047 1800 est?

503 1814 676 1869 lisse.
709 1817 875 1873 Absit
900 1819 958 1874 id
988 1820 1071 1876 ita
1098 1826 1260 1880 esse!

499 1904 725 1967 Qums'r.
773 1906 955 1964 LXIX.
1008 1911 1123 1967 Cur
1175 1913 1354 1986 igitur
1398 1917 1651 1976 infantes
1700 1922 2081 1979 moriuntur:

427 1989 525 2046 alii
558 2010 688 2049 vero
714 2003 1289 2059 consenescunt70ur
1310 2005 1448 2062 item
1471 2009 1711 2080 quidam
1730 2011 1894 2081 juste
1914 2029 2085 2085 agen-

424 2081 534 2141 tes.
595 2083 763 2140 breve
796 2091 1028 2160 tempus
1064 2092 1264 2149 vivunt
1299 2114 1311 2151 :
1346 2096 1445 2151 alii
1475 2114 1608 2153 vero
1641 2100 1791 2156 male
1822 2107 2082 2173 agentes,

427 2167 672 2242 longaevi
705 2176 1080 2235 moriuntur?
1108 2186 1221 2237 Cur
1251 2185 1389 2241 item
1423 2186 1520 2242 alii
1553 2188 1689 2243 boni
1742 2167 1965 2261 absque
2013 2167 2083 2246 li?

422 2256 581 2315 beris
632 2264 688 2316 et
726 2262 929 2337 inopes
960 2272 1099 2324 sunt
1132 2286 1144 2325 :
1180 2270 1277 2326 alii
1310 2280 1505 2329 autem
1533 2274 1701 2348 impii
1736 2256 1953 2334 multos
1984 2278 2083 2335 ha-

420 2346 564 2403 bent
592 2349 827 2419 liberos,
863 2360 920 2411 et
949 2357 1195 2415 feliciter
1226 2362 1489 2434 degunt?

497 2439 855 2499 RsertIulta
881 2445 952 2502 de
983 2446 1075 2503 his
1107 2449 1208 2505 Dei
1231 2452 1476 2522 judiciis
1500 2460 1741 2526 possent
1766 2457 2082 2529 disputari,

425 2543 677 2597 quorum
705 2532 905 2605 utique
927 2536 1076 2592 ratio
1100 2539 1303 2611 nequit
1324 2544 2085 2620 comprehendi.Tamen,ut

426 2632 496 2671 ex
525 2622 746 2677 sanctis
777 2622 1093 2695 Scripturis
1119 2629 1500 2703 percipimus,
1535 2636 1964 2705 respondemus
2013 2638 2080 2692 fi-

425 2706 647 2763 delium
698 2709 955 2769 infantes
988 2732 1104 2771 non
1140 2717 1212 2773 ob
1243 2724 1553 2790 parentum
1584 2728 1841 2797 peccata,
1870 2727 1973 2781 sed
2007 2728 2079 2782 ad

426 2812 629 2854 eorum
662 2803 1135 2861 emendationem
1167 2824 1320 2879 saepe
1350 2810 1499 2865 mori
1535 2828 1547 2867 :
1583 2829 1701 2884 qua
1744 2812 1806 2868 in
1855 2832 1915 2871 re
1964 2816 2078 2872 duo

425 2884 579 2942 Deus
630 2898 902 2960 procurat
930 2892 1104 2964 bona,
1141 2913 1322 2951 unum
1356 2899 1614 2970 quidem,
1650 2908 1715 2958 ut
1744 2903 1877 2974 puri
1907 2905 2079 2961 dece-

428 2975 653 3044 dentes,
704 2978 953 3036 salutem
1003 2982 1122 3040 illic
1171 2995 1607 3060 consequantur
1651 3008 1665 3046 :
1716 2992 1864 3049 forte
1918 2994 2076 3051 enim

430 3065 568 3134 quia
616 3067 944 3137 improbam
996 3074 1234 3130 omnino
1284 3076 1463 3133 vitam
1518 3080 1704 3136 acturi
1757 3088 1943 3149 erant,
1975 3100 2075 3140 eos

426 3156 578 3209 Deus
607 3155 1044 3228 dispensatione
1076 3166 1331 3235 quadam
1354 3172 1522 3224 antea
1542 3171 1941 3242 eripuit;aliud
1969 3191 2072 3229 au-

424 3245 542 3297 tem
570 3245 789 3302 bonum
823 3253 932 3317 est,
961 3255 1024 3305 ut
1050 3251 1161 3323 ipsi
1194 3259 1463 3325 parentes
1492 3239 1876 3331 sapientiores
1906 3263 2068 3320 ﬁant:
2103 3239 2146 3308 α

425 3330 575 3388 forte
604 3349 735 3389 vero
764 3340 826 3390 ut
871 3340 1198 3410 pecuniam,
1249 3361 1427 3415 quam
1477 3330 1824 3407 testamento
1872 3351 2072 3409 liberis

428 3420 620 3477 daturi
653 3429 843 3490 erant,
876 3426 933 3481 in
966 3446 1252 3501 pauperes
1282 3434 1557 3507 deinceps
1587 3438 1911 3495 insumunt.
1965 3442 2070 3497 De-

426 3510 604 3582 nique
625 3512 739 3569 alia
760 3515 933 3585 plane
955 3519 1024 3573 de
1044 3537 1221 3576 causa
1246 3523 1413 3579 nobis
1436 3526 1685 3583 occulta.
1706 3532 1773 3583 Et
1793 3530 1915 3584 haec
1936 3530 2071 3601 qui-

425 3601 557 3656 dem
577 3604 727 3673 quod
743 3604 814 3659 ad
828 3606 1087 3663 ﬁdelium
1103 3609 1357 3668 infantes
1371 3617 2072 3689 spectat.lmprohiautem

423 3689 691 3748 homines
717 3693 863 3750 forte
889 3695 1104 3753 idcirco
1129 3700 1405 3758 fortunati
1429 3712 1587 3774 sunt,
1606 3705 1849 3763 feliciter
1869 3720 2069 3783 agunt,

423 3784 481 3835 et
510 3780 723 3838 liberos
756 3783 1003 3854 habent;
1041 3790 1194 3859 quod
1229 3792 1495 3863 quaedam
1528 3812 1705 3867 parva
1736 3798 1889 3854 bona
1909 3780 2068 3873 iege-

422 3871 558 3937 rint,
595 3890 845 3944 quorum
878 3878 1207 3934 mercedem
1240 3879 1335 3936 hic
1367 3883 1514 3939 231
1551 3885 1854 3958 recipiant,
1888 3894 1953 3945 ut
1978 3871 2070 3946 di-

419 3976 521 4017 ves
552 3962 649 4016 ille
680 3964 751 4019 ad
784 3982 957 4035 quem
989 3966 1110 4021 haec
1139 3968 1296 4025 dicta
1324 3979 1465 4027 sunt
1496 3991 1508 4028 :
1535 3975 1895 4033 «Recordare
1916 3981 2067 4049 quod

421 4051 709 4122 receperis
740 4053 893 4109 bona
925 4066 1024 4110 tua
1054 4056 1113 4111 in
1144 4057 1260 4113 vita
1288 4065 1391 4116 tua
1418 4063 1456 4114 δ.
1492 4085 1521 4112 ››
1554 4063 1671 4120 Hoc
1702 4072 1808 4137 est,
1834 4067 2067 4139 plenam

422 4142 753 4195 mercedem
782 4144 1068 4200 bonorum
1101 4163 1228 4217 quae
1260 4150 1452 4222 egisti,
1482 4155 1813 4226 percepisti.
1843 4158 2068 4214 [Erum-

421 4229 546 4283 nosi
578 4234 776 4286 autem
803 4231 895 4286 hic
930 4241 1069 4289 sunt
1098 4236 1177 4307 pii
1210 4244 1266 4292 et
1294 4241 1479 4295 sancti
1509 4243 1640 4312 viri,
1675 4255 1758 4313 ut,
1793 4263 1896 4319 per
1924 4249 2067 4304 affli-

422 4318 673 4374 ctionem
705 4322 976 4390 peccatis,
1012 4330 1073 4378 ut
1104 4325 1376 4395 Lazarus,
1403 4335 1657 4403 purgati,
1680 4318 1805 4390 illic
1829 4337 2067 4394 demum

425 4424 559 4463 cum
589 4410 715 4480 ipso
747 4410 1139 4467 consolatione
1168 4416 1629 4485 perfruantur.Si
1662 4424 1818 4479 enim
1838 4449 1865 4476 «
1889 4444 2067 4497 quem

422 4497 615 4570 diligit
646 4498 943 4568 Dominus,
976 4502 1212 4573 corripit
1240 4506 1257 4538 ⁷
1288 4523 1299 4559 :
1334 4528 1361 4555 ››
1383 4508 1525 4577 quid
1555 4510 1736 4581 igitur
1766 4517 2066 4583 perturba-

2187 2819 2567 2894 σωφρονισμὸν
2597 2823 2704 2873 τῶν
2755 2820 2953 2895 γονέων
3006 2818 3322 2875 τελευτῶσι·
3359 2818 3454 2876 δύο
3507 2819 3667 2896 ἀγαθά
3711 2818 3788 2874 τοῦ

2185 2910 2319 2962 Θεοῦ
2350 2904 2401 2961 ἐν
2432 2908 2611 2980 τούτῳ
2658 2910 3194 2985 πραγματευομένου,
3224 2908 3283 2964 ἓν
3345 2911 3465 2983 μὲν,
3515 2908 3671 2978 ὅπως,
3713 2928 3789 2962 κα-

2185 2995 2322 3072 θαρά
2352 2996 2676 3066 ἀπελθόντα,
2706 2999 2977 3071 σωτηρίας
3019 2996 3130 3053 ἐκεῖ
3177 2998 3495 3075 ἐντύχωσιν⁸
3542 2998 3660 3060 ἴσως
3706 2996 3785 3072 γὰρ

2182 3083 2265 3140 δτι
2296 3085 2432 3140 πάνυ
2461 3087 2696 3163 πονηρὸν
2751 3086 2867 3163 βίον
2916 3090 3070 3157 ζῆσαι
3119 3086 3418 3162 μέλλοντα,
3465 3087 3785 3159 οἰκονομικῶς

2184 3175 2212 3229 6
2245 3175 2373 3237 Θεὸς
2404 3177 2751 3250 προήρπασεν
2784 3175 2934 3231 αὐτά·
2952 3174 3197 3252 δεύτερον
3233 3174 3314 3247 δὲ,
3334 3176 3479 3239 ὅπως
3506 3176 3589 3231 καὶ
3618 3176 3663 3230 oi
3688 3172 3785 3227 τοῦ-

2182 3284 2290 3320 των
2348 3269 2525 3340 γονεῖς
2596 3266 3021 3343 σωφρονέστεροι
3078 3265 3339 3341 γίνωνται
3373 3283 3387 3299 °
3450 3264 3571 3327 ἴσως
3621 3262 3671 3318 δὲ
3712 3260 3785 3315 ’ίνα

2180 3352 2247 3408 τὰ
2274 3356 2349 3427 (3)
2379 3359 2495 3415 τοῖς
2541 3354 2745 3416 τεκνοις
2799 3352 3069 3427 μέλλοντα
3116 3354 3254 3409 κατά
3304 3353 3558 3426 διαθήκας
3599 3351 3783 3420 δοθῆναι

2181 3443 2444 3517 χρήματα
2494 3441 2570 3503 εἷς
2627 3442 2887 3518 πτωχοὺς
2947 3439 3139 3497 λοιπὸν
3193 3440 3558 3513 δαπανηθῶσι.
3599 3440 3781 3499 Πάντως

2182 3526 2356 3584 δὲκαὶ
2387 3530 2522 3585 κατὰ
2551 3528 2691 3586 ἄλλο
2748 3535 2920 3606 κρῖμα
2976 3532 3111 3605 ἡμῖν
3175 3531 3422 3608 ὑπάρχον
3469 3528 3674 3599 ἄδηλον.
3703 3526 3780 3581 Καὶ

2181 3616 2323 3674 οὕτω
2357 3619 2451 3691 μὶν
2484 3618 2607 3691 περὶ
2659 3622 2858 3673 πιστῶν
2904 3618 3116 3689 νηπίων
3151 3618 3341 3694 λόγος.
3377 3618 3697 3692 Εὐπραγοῦσι
3735 3612 3779 3668 δὶ

2178 3708 2268 3763 καὶ
2316 3707 2591 3763 εὐθυνοῦσι
2636 3708 2723 3762 καὶ
2774 3706 3104 3763 εὐτεκνοῦσιν
3151 3707 3340 3785 ἄνδρες
3389 3708 3628 3783 πονηροὶ,
3674 3702 3776 3763 ἴσως

2177 3799 2298 3854 τινά
2331 3798 2495 3873 μικρὰ
2523 3797 2691 3873 ἀγαθά
2716 3793 2842 3873 ἔργα
2872 3799 2950 3871 (4)
2978 3800 3328 3870 ποιήσαντες,
3359 3798 3445 3855 καὶ
3478 3798 3679 3859 ἐνταῦθα
3701 3794 3775 3849 τὸν

2182 3889 2368 3961 μισθὸν
2399 3887 2570 3943 αὐτῶν
2602 3882 3107 3961 ἀπολαμϐάνοντες,
3141 3889 3213 3951 ὡς
3249 3891 3278 3945 6
3311 3888 3565 3949 πλούσιος
3608 3884 3776 3942 ἐκεῖνος

2178 3979 2206 4033 ὁ
2236 3978 2489 4039 ἀκούσας’
2523 4002 2551 4029 ‹‹
2600 3979 2884 4047 Μνήσθητι
2937 3976 3018 4031 ὅτι
3065 3974 3335 4041 ἀπέλαϐες
3381 3980 3447 4033 τά
3492 3974 3649 4051 ἀγαθά
3699 3993 3774 4025 σου

2178 4066 2229 4121 ἐν
2273 4069 2340 4140 τῇ
2395 4066 2506 4141 ζωῇ
2549 4083 2663 4121 σου·
2704 4089 2733 4117 ››
2762 4064 3059 4137 τουτέστιν,
3095 4065 3424 4143 ἐπληρώθης
3482 4067 3566 4121 τὸν
3619 4061 3774 4135 μισθὸν

2174 4160 2281 4211 τῶν
2314 4157 2529 4231 ἀγαθῶν
2575 4151 2770 4231 ἔργων,
2804 4156 2877 4209 ὧν
2930 4153 3180 4232 ἔπραξας.
3222 4158 3582 4231 Δυσπραγοῦσι
3631 4148 3681 4205 δὲ
3706 4147 3771 4202 εὖ·

2177 4240 2365 4307 λαϐεῖς
2396 4244 2485 4298 καὶ
2516 4242 2659 4299 ὅσιοι
2695 4242 2939 4317 ἐνταῦθα,
2970 4243 3142 4315 ὅπως,
3176 4241 3266 4298 διὰ
3311 4251 3408 4314 τῆς
3466 4243 3680 4315 θλίψεως
3704 4257 3776 4291 κα-

2177 4333 2535 4409 θαρισθὲντες,
2569 4333 2644 4396 ὡς
2675 4335 2702 4388 ὁ
2734 4332 2979 4409 Λάζαρος
3020 4337 3125 4388 τῶν
3180 4330 3329 4388 ἰδίων
3381 4334 3657 4429 ἁμαρτιῶν3
3686 4324 3773 4429 ἐκρεῖ

2177 4422 2370 4480 λοιπὸν
2426 4420 2645 4484 τελείως
2699 4421 2791 4476 σὺν
2834 4421 2980 4495 αὖτῷ
3028 4421 3470 4499 παρακληθῶσιν.
3502 4420 3559 4475 Εἰ
3601 4417 3691 4494 γὰρ
3728 4417 3772 4467 ὃν

2178 4513 2355 4589 ἀγαπᾷ
2415 4511 2610 4586 Κύριος
2662 4509 2925 4578 παιδεύει,
2984 4511 3035 4565 τί
3094 4511 3289 4568 λοιπὸν
3352 4504 3603 4587 θορυῦεἶς,
3656 4504 3769 4578 όρῶν

423 4587 527 4655 ris,
560 4587 660 4658 qui
686 4593 919 4646 sanctos
952 4590 1108 4645 vides
1140 4592 1350 4649 misere
1383 4596 1679 4667 degentes,
1730 4602 1917 4659 malos
1966 4622 2067 4660 au-

2188 4587 2361 4677 ὶγίους
2412 4600 2462 4656 ἐν
2516 4598 2843 4677 δυσπραγίᾳ,
2875 4595 3087 4663 ἀσεϐεῖς
3138 4597 3197 4655 δὲ
3246 4600 3296 4656 ἐν
3348 4596 3597 4676 εὐπραγία
3638 4590 3771 4682 ὑηάρξ

423 4681 539 4731 tem
572 4676 816 4733 feliciter
843 4684 1103 4751 agentes,
1138 4698 1204 4736 ac
1236 4682 1390 4738 velut
1421 4702 1627 4757 porcos
1656 4691 1729 4744 ad
1761 4693 2064 4749 mactatio-

426 4783 558 4821 nem
592 4767 715 4839 igni
756 4773 968 4824 aeterno
1014 4770 1313 4843 saginatos
1361 4779 1417 4830 et
1445 4785 1851 4847 praeparatos?
1914 4781 2071 4837 Nihil

422 4872 558 4927 ergo
606 4860 663 4912 te
711 4857 945 4930 amplus
995 4861 1321 4918 conturbet.
1372 4864 1486 4920 Nec
1528 4864 1685 4922 enim
1714 4867 1810 4923 hic
1839 4874 2069 4927 tantum

419 4945 752 5002 consistunt
772 4963 901 5018 qua:
922 4949 993 5005 ad
1018 4966 1124 5005 nos
1145 4954 1549 5023 spectant,sed
1576 4955 1813 5014 omnino
1836 4976 2071 5017 necesse

421 5040 510 5090 est
539 5052 638 5091 eos
669 5037 769 5107 qui
801 5036 1117 5110 salvantur,
1150 5057 1252 5113 per
1282 5042 1503 5100 multas
1533 5044 1939 5105 tribulationes
1978 5050 2068 5106 in-

419 5124 581 5195 gredi
616 5123 675 5179 in
710 5141 954 5197 regnum
983 5125 1391 5185 coelorum.Ilic
1414 5130 1569 5187 enim
1590 5132 1705 5190 Deo
1723 5138 1810 5192 est
1832 5152 2069 5209 scopus,

2176 4710 2398 4766 χοντας,
2427 4692 2516 4745 καὶ
2548 4690 2623 4753 ὡς
2655 4688 2879 4765 χοίρους
2931 4691 3028 4787 εἰς.
3049 4692 3258 4787 σφαγὴν
3311 4687 3389 4787 τιῖρ
3440 4686 3642 4787 αἷῖυνίῳ,
3663 4686 3766 4787 πρρέ

2179 4778 2554 4853 σιτιζομένους
2585 4779 2674 4834 καὶ
2705 4778 3195 4853 ἐτοιμαζομὲνους;
3230 4778 3420 4834 λοιπὸν
3452 4777 3537 4871 οῦν
3585 4774 3651 4847 μὴ
3693 4771 3767 4871 θος

2180 4864 2369 4945 Ρυϐθῦ⁹
2424 4871 2499 4943 (5)
2551 4868 2612 4924 οὗ
2669 4870 2768 4945 γὰρ
2829 4869 2995 4944 μέχρι
3053 4872 3160 4924 τῶν
3219 4866 3436 4924 ἐνταῦθα
3480 4863 3671 4920 ’ίσταται

2178 4943 2437 5035 ἦμὲτερα,
2473 4956 2618 5014 ἀλλά
2650 4943 2974 5021 δεῖίπάντως
3001 4957 3128 5023 τοὺς
3160 4959 3495 5055 σωζομένους
3532 4951 3616 5055 διὰ
3656 4943 3767 5055 πολ·

2179 5045 2290 5102 λῶν
2321 5046 2555 5121 θλίψεων
2599 5046 2855 5111 εἰσελθεῖν
2908 5046 2984 5110 είς
3030 5047 3128 5116 τήν
3182 5046 3449 5124 βασιλείαν
3494 5046 3592 5099 τῶν
3636 5045 3767 5124 0691-

2176 5140 2306 5195 νῶν.
2342 5138 2554 5200 Σκοπὸς
2598 5137 2698 5214 γὰρ
2748 5135 2903 5198 οὗτός
2944 5134 3055 5191 ἐστι
3100 5122 3191 5210 τῷ*
3227 5140 3362 5210 Θεῷ,
3386 5135 3446 5191 τὸ
3474 5130 3651 5189 πάντας
3692 5122 3768 5178 ἀν·

490 5269 512 5303 ⁴
539 5270 752 5324 Jerem.
785 5287 939 5336 xm,
968 5271 1058 5327 30.
1136 5273 1157 5307 ⁵
1186 5274 1390 5332 Matth.
1424 5292 1587 5345 xxm,
1617 5279 1705 5335 35.
1783 5283 1805 5318 ⁶
1834 5281 1973 5337 Luc.
2004 5298 2121 5355 xvr,
2150 5282 2242 5339 25.
2318 5285 2338 5319 "
2369 5283 2532 5339 Prov.
2567 5300 2649 5349 ιιι,
2685 5284 2770 5339 12.

634 5412 755 5487 puo
788 5430 927 5487 mss.
944 5455 957 5480 ,
977 5414 1264 5487 ἀμαρτίαι.

511 5412 580 5465 98
635 5412 755 5468 Ι)υο
788 5430 957 5480 mss.,
986 5414 1264 5487 ἁμαρτίαι.

490 5412 602 5553 ί99ί
632 5484 772 5555 Reg.
799 5487 855 5551 2,
889 5484 1155 5551 ἀπίστων,
1186 5487 1307 5554 alii,
1337 5480 1699 5547 ἀϐαπτίστων.

491 5554 571 5629 (1)
602 5556 695 5629 Sic
726 5554 866 5626 Reg.
900 5560 952 5611 2.
986 5558 1158 5623 Editi,
1191 5559 1373 5629 πιστᾲ,
1406 5560 1596 5629 νήπια,
1647 5564 1843 5622 minus
1883 5571 2059 5625 recte.

596 5627 687 5681 Sic
720 5644 891 5707 [1135.“
915 5630 1061 5684 Editi
1122 5648 1271 5707 vero,
1322 5627 1828 5707 81x_ott07tpayoﬁvuc
1888 5637 2063 5695 πολυ-

420 5696 637 5771 χρόνιοι
666 5699 1012 5774 τελευτῶσιν,
1046 5696 1285 5761 omissis
1318 5696 1697 5777 quibusdam.

2242 5424 2444 5497 (3)ASio
2476 5443 2621 5482 mss.
2657 5426 2717 5481 In
2765 5424 2941 5482 editis
2985 5442 3089 5497 pro
3131 5422 3244 5495 ἵνα,
3292 5421 3399 5491 καί,
3437 5424 3491 5477 et
3536 5417 3760 5476 inferius,

2170 5493 2558 5578 pr9-;89‘0ﬁvat,
2583 5498 2767 5578 βῆναι,
2799 5493 3032 5578 legitur.
3107 5568 3124 5578 _
3230 5493 3249 5578 Ἴ,
3288 5566 3299 5578 ι

2266 5570 2316 5636 4)
2347 5563 2442 5625 ιω
2462 5563 2701 5642 quidam
2734 5563 2903 5637 mssT,
2933 5563 3068 5642 ἔργα
3092 5568 3258 5642 deest
3285 5563 3549 5642 in_sditis.
3585 5628 3616 5642 η

2264 5623 2320 5703 5’)
2350 5623 2538 5699 ,πόειΞῖ
2546 5623 2991 5715 C—hiiyvsfhomil.
3011 5623 3188 5713 '1,adi
3198 5623 3467 5712 populum
3496 5623 3762 5688 Antiocho-

2175 5727 2337 5771 num.
