4080 6206
75 127 380 269 μιν

304 364 438 425 637

1269 364 1782 439 QUESTIONES
1826 366 1926 426 AD
1970 365 2434 428 ANTIOCHUM
2480 364 2774 427 DUCEM.

3602 353 3722 414 638

304 499 573 573 θρώπους
605 509 868 570 σωθηναι,
899 498 987 552 καὶ
1018 497 1096 561 εἱς
1152 498 1437 573 ἐπίγνωσιν
1466 497 1725 569 ἀληθείας
1766 496 1963 563 ἐλθεῖν,

2095 516 2288 556 )mues
2317 499 2585 556 homines
2615 499 2805 555 salvos
2838 495 2961 552 ﬁeri
2991 500 3047 551 et
3075 494 3134 549 in
3184 490 3541 565 agnitionem
3573 487 3723 543 veri-

308 587 518 663 Διόπερ
549 585 639 641 καί
688 591 804 649 τοῖς
868 588 960 659 μὲν
1014 586 1369 662 ἁμαρτωλοῖς
1425 586 1696 649 πολλάκις
1759 608 1965 662 μακρο-

313 677 551 753 χρονίαν
584 676 867 753 χαρίζεται
896 678 994 749 (6),
1026 676 1279 755 ἀφορμὴν
1338 678 1520 739 αὐτοῖς
1581 675 1763 740 διδοὺς
1827 676 1963 751 πρὸς

314 767 636 840 μετάνοιαν,
695 763 844 827 ὅπως
904 765 1002 820 nil:
1061 766 1135 827 ὡς
1186 767 1238 820 οἱ
1284 765 1405 841 περὶ
1434 767 1533 835 τὴν
1568 763 1853 836 ἑνδεκάτην
1912 764 1964 820 ἐν

314 855 483 931 βάλει
516 856 706 930 γήρως
737 853 1117 930 ἐπιστρέψωσι·
1149 854 1278 917 τοὺς
1319 853 1376 910 δὲ
1414 853 1654 919 δικαίους
1698 853 1969 917 πολλάκις

310 942 741 1018 δλιγοχρονίους
774 942 1019 1019 ἀρπάζει’
1047 941 1139 997 ’ίνα
1173 945 1272 1017 μὴ,
1304 944 1379 1006 ὥς
1411 965 1571 1023 φησιν
1596 946 1624 999 6
1675 944 1968 1017 Σολομὼν,

308 1034 348 1102 ἠ
380 1030 549 1087 κακία
576 1029 786 1106 ἀλλάξῃ
817 1035 892 1103 (7)
944 1031 1150 1087 σύνεσιν
1198 1031 1396 1104 αὐτῶν,
1428 1035 1463 1104 ἢ
1510 1031 1672 1098 δόλος
1721 1033 1971 1109 ἀπατήσῃ

308 1122 513 1197 ψυχὴν
541 1119 744 1190 αὐτῶν,
772 1118 1145 1183 τελειωθέντες
1175 1120 1227 1176 ἐν
1260 1120 1435 1197 ὀλίγῳ
1464 1121 1788 1198 ἐπλήρωσαν
1835 1122 1971 1199 χρό-

309 1232 452 1272 νους
492 1210 758 1285 μακρούς.
792 1211 1015 1284 Ἀρεστὴ
1047 1211 1149 1285 γὰρ
1180 1211 1250 1280 ἦν
1280 1210 1462 1284 Κυρίῳ
1492 1212 1526 1281 ἡ
1559 1213 1714 1286 ψυχὴ
1774 1212 1970 1268 αὑτῶν.

395 1389 597 1465 Ἑρώτ.
629 1396 695 1445 κ’.
728 1387 794 1446 Τί
851 1388 986 1457 οὗνς
1036 1386 1229 1451 Οὐδεὶς
1284 1393 1393 1444 τῶν
1450 1388 1502 1444 ἐν
1532 1387 1675 1463 τῶδε
1729 1394 1808 1463 τῷ
1870 1389 1977 1465 βίῳ

313 1474 859 1552 ταλαιπωρησάντων
919 1476 1219 1553 εἰσέρχεται
1284 1476 1395 1533 ἐκεῖ
1451 1476 1526 1541 εἷς
1580 1479 1678 1548 τήν
1739 1477 1973 1554 γὲενναν,

316 1564 450 1622 οὔτε
481 1568 592 1639 μὴν
625 1566 789 1622 πάλιν
820 1587 902 1628 τις
931 1571 1038 1621 τῶν
1072 1566 1520 1643 εὐημερησάντων
1572 1566 1680 1623 ὧδε
1736 1568 1975 1644 εἰσέρχε-

312 1677 417 1711 ται
448 1655 564 1711 ἰκεῖ
593 1655 672 1718 εἷς
699 1656 800 1725 τήν
836 1655 1113 1731 βασιλείαν
1145 1661 1253 1711 τῶν
1286 1655 1528 1732 οὐρανῶν
1560 1659 1672 1732 (8);

403 1745 600 1802 ’Arréx.
634 1744 754 1802 Ναί.
788 1745 854 1803 Οἱ
907 1746 1001 1819 μὶν
1050 1746 1150 1821 γὰρ
1207 1750 1315 1800 τῶν
1373 1745 1675 1822 ἀνθρώπων
1732 1746 1976 1823 ἥμαρτον

2071 589 2211 645 tatis
2239 590 2455 646 venire.
2490 589 2635 645 Hinc
2665 602 2817 660 saspe
2856 582 3261 658 peccatoribus
3307 580 3549 650 longum
3579 592 3718 632 con-

2072 678 2226 733 cedit
2258 684 2511 750 tempus,
2539 679 2902 735 occasionem
2933 674 3051 729 illis
3079 674 3149 727 ad
3180 669 3582 744 pmnitentiam
3616 666 3717 720 tri-

2074 767 2282 837 buens,
2317 774 2381 823 ut
2412 768 2643 835 saltem,
2674 765 2833 822 velut
2863 764 2961 837 qui
2994 764 3064 818 ad
3100 763 3299 817 horam
3345 754 3721 812 undecimam

2072 861 2379 923 venerunt,
2412 858 2471 911 in
2502 861 2762 912 extrema
2794 856 3093 911 senectute
3140 849 3578 906 convertantur.
3610 843 3719 900 Ju-

2077 950 2202 1002 stos
2232 963 2402 1017 porro
2432 963 2584 1018 saepe
2616 950 2746 1018 post
2767 946 2939 1000 breve
2970 942 3096 996 vitae
3118 944 3353 1010 tempus
3384 932 3722 1006 abripit,ne,

2077 1041 2145 1090 ut
2173 1037 2255 1091 ait
2282 1034 2810 1102 Salomon,malitia
2831 1035 3020 1088 mutet
3046 1028 3411 1085 intellectum
3433 1024 3720 1097 ipsorum,

2082 1128 2183 1179 aut
2212 1124 2381 1180 dolus
2412 1123 2663 1196 decipiat
2693 1139 2895 1179 eorum
2928 1120 3209 1177 animam.
3245 1140 3273 1166 α
3316 1108 3723 1171 Consummati

2082 1212 2142 1267 in
2175 1213 2355 1283 brevi,
2387 1212 2763 1284 expleverunt
2812 1216 3078 1283 tempora
3124 1206 3299 1276 longa
3336 1204 3377 1258 ³.
3431 1223 3460 1253 ν
3510 1199 3730 1256 Placite

2083 1301 2241 1358 enim
2272 1309 2396 1358 erat
2424 1302 2671 1358 Domino
2702 1301 2901 1357 anima
2931 1300 3212 1371 ipsorum.

2156 1396 2370 1456 Qums'r.
2418 1391 2577 1446 LXX.
2634 1391 2781 1457 Quid
2833 1386 3017 1461 ergo?
3048 1387 3229 1442 Nemo
3278 1397 3479 1439 eorum
3523 1377 3625 1451 qui
3668 1378 3729 1431 in

2085 1480 2195 1537 hac
2224 1482 2340 1537 vita
2368 1480 2773 1536 calamitosum
2800 1480 3023 1535 ducunt
3043 1475 3222 1532 vitam
3253 1471 3393 1528 illuc
3422 1470 3482 1526 in
3514 1466 3732 1541 gehen-

2087 1586 2223 1627 nam
2256 1570 2607 1641 ingreditur?
2636 1570 2894 1625 Nemone
2923 1568 3062 1623 item
3096 1564 3330 1620 illorum
3363 1560 3465 1633 qui
3496 1558 3592 1613 hic
3614 1557 3730 1612 for-

2086 1663 2289 1715 tunate
2320 1659 2539 1717 vivunt.
2572 1656 2897 1731 ingreditur
2926 1656 2983 1711 in
3017 1670 3264 1727 regnum
3296 1645 3621 1707 caelorum?

2165 1754 2334 1805 Resp.
2366 1749 2464 1803 Est
2494 1764 2633 1804 sane
2664 1748 2765 1804 ita.
2797 1746 2904 1801 Alii
2938 1745 3094 1800 enim
3127 1742 3381 1816 graviter
3409 1736 3733 1795 admodum

321 1834 568 1911 μεγάλα,
598 1834 689 1889 καὶ
742 1831 1132 1905 ἐπαιδεύθησαν
1182 1832 1290 1889 ὦδε
1339 1835 1526 1911 μικρὰ,
1583 1837 1674 1891 καὶ
1725 1836 1980 1892 ὑπόκειν-

510 1924 522 1942 ι
703 1922 718 1941 φ
786 1927 811 1939 ..
1069 1929 1131 1942 _..
1295 1923 1309 1940 .
1401 1922 1415 1942 ,
1468 1924 1482 1942 ς
1588 1926 1612 1942 ν
1712 1924 1727 1942 ς
1811 1932 1846 1942 ..
1891 1923 1948 1942 τι,

2095 1842 2499 1912 peccaverunt,
2525 1840 2580 1893 et
2610 1852 2820 1909 parum
2854 1834 2948 1890 hic
2979 1838 3118 1889 sunt
3167 1828 3461 1901 castigati,
3493 1826 3735 1882 debent-

2375 1927 2387 1938 ο
2502 1925 2579 1942 σιμ
2764 1927 2777 1937 -
2819 1927 2830 1936 -
2909 1928 2921 1942 ι
2960 1923 2972 1942 9
3050 1920 3368 1942 n_1-_.!a:_
3400 1916 3592 1942 ut)---
3624 1916 3712 1942 ιιι-ι

318 1944 420 1979 ται
448 1924 668 1985 πάντως
699 1922 811 1977 ἐκεῖ
836 1929 1246 2000 τιμωρηθῆναι,
1279 1923 1356 1986 ὡς
1397 1922 1485 1979 ἐπὶ
1543 1926 1648 1979 τῶν
1708 1924 1760 1981 ἐν
1808 1923 1978 1981 Σοδό-

326 2034 460 2086 μοις
524 2011 862 2087 εὐρίσκομεν·
925 2012 977 2067 οἱ
1040 2009 1098 2067 δὶ
1154 2011 1318 2068 πάλιν
1378 2015 1725 2089 προσήγαγον
1758 2013 1837 2087 τῷ
1867 2019 1982 2087 Θεῴ

317 2103 612 2175 καμάτους
668 2099 936 2172 πολλοὺς,
1009 2100 1274 2176 μετέσχον
1328 2099 1386 2156 δὲ
1436 2100 1657 2157 ἐνταῦθα
1693 2101 1983 2178 εὐημερίας

327 2198 538 2266 μικρᾶς
571 2192 671 2264 (9),
700 2190 790 2245 καὶ
840 2189 1118 2245 ἀπόκειται
1158 2189 1340 2252 αὐτοῖς
1398 2188 1591 2246 λοιπὸν
1642 2194 1678 2262 ἡ
1736 2192 1985 2267 βασιλεία

322 2279 442 2335 τῶν
494 2279 767 2354 οὐρανῶν,
825 2279 899 2341 ὡς
949 2280 1000 2333 οἱ
1056 2279 1180 2352 περὶ
1239 2274 1488 2353 Ἀϐραὰμ
1542 2280 1631 2334 καὶ
1690 2285 1838 2350 Νῶε,
1893 2281 1983 2335 καὶ

327 2365 700 2442 Μελχισεδὲκ·
735 2365 900 2422 ἄλλοι
930 2364 1177 2441 ἥμαρτον
1201 2365 1411 2436 πολλὰ,
1439 2368 1529 2423 καὶ
1589 2363 1780 2424 ἔπαθον
1829 2367 1980 2424 οὐδὲν

326 2455 523 2521 ἐνθάδε
551 2457 815 2532 πονηρὸν,
848 2456 924 2511 ὡς
956 2456 984 2509 6
1014 2457 1279 2518 πλούσιος
1312 2457 1340 2510 6
1396 2457 1532 2512 κατὰ
1580 2457 1671 2513 τὸν
1715 2457 1984 2535 Λάζαρον,

324 2547 428 2601 καὶ
461 2545 772 2601 ὑπόκεινται
805 2544 916 2600 ἐκεῖ
941 2546 1011 2610 τῆ
1058 2546 1273 2600 πάντων
1324 2544 1688 2623 χαλεπωτέρᾳ
1740 2545 1984 2603 κολάσει*

330 2636 522 2710 ἕτεροι
551 2632 610 2690 δὲ
638 2633 865 2705 ἐξῆλθον
917 2632 1007 2689 διὰ
1052 2634 1180 2690 Θεὸν
1232 2633 1283 2689 ἐν
1318 2633 1436 2708 ὅλῳ
1466 2640 1545 2709 τῷ
1573 2636 1760 2713 χρόνῳ
1789 2636 1841 2691 ἐν
1878 2659 1985 2710 μη-

332 2724 550 2786 λωταῖς
626 2723 715 2778 καὶ
790 2722 1018 2798 αἰγείοις
1088 2720 1339 2799 δέρμασι,
1397 2726 1575 2795 πάσης
1635 2725 1986 2788 ἀπολαύσεως

330 2813 581 2890 ἐπιγείου
629 2812 1049 2885 ἀποταξάμενοι,
1103 2810 1157 2867 οἵ
1210 2812 1299 2867 καὶ
1352 2813 1610 2886 μειζόνων
1652 2816 1800 2890 παρά
1854 2819 1988 2870 Θεοῦ

332 2902 563 2978 δωρεῶν
626 2903 757 2978 ὑπὲρ
816 2900 1014 2964 πάντας
1072 2902 1364 2973 ἀξιοῦνται·
1429 2902 1592 2959 ἄλλοι
1651 2900 1709 2959 δὲ
1738 2904 1984 2979 ἥμαρτον

325 2998 415 3066 τῷ
445 2997 564 3064 Θεῷ
597 2996 831 3068 μερικῶς
880 2994 1014 3065 (10),
1062 2991 1153 3045 καὶ
1201 2990 1591 3062 ἐπαιδεύθησαν
1639 2992 1800 3064 ἀξίως
1856 2994 1987 3069 ὑπὲρ

331 3085 413 3137 ὧν
443 3079 718 3157 ἥμαρτον,
748 3080 840 3135 καί
872 3078 1252 3155 ἐλυτρώθησαν
1304 3079 1413 3138 ἐκεῖ
1457 3089 1559 3152 τῆς
1616 3082 1838 3138 αἰωνίου
1893 3104 1989 3139 κο-

333 3170 574 3243 λάσεως,
606 3170 683 3231 ὡς
715 3171 744 3224 6
772 3170 998 3244 πτωχὸς
1030 3171 1298 3246 Λάζαρος.
1336 3173 1496 3225 Ὥστε
1545 3166 1632 3225 διὰ
1670 3176 1780 3227 τῶν
1834 3171 1986 3248 εἰρη-

2088 1944 2200 2000 que
2230 1927 2467 1983 omnino
2500 1925 2617 1981 illic
2639 1927 2834 1998 puniri
2866 1928 2929 1979 ut
2958 1923 3018 1979 in
3050 1920 3370 1979 Sodomitis
3400 1916 3595 1971 videre
3623 1916 3736 1969 est.

2090 2017 2202 2072 Alii
2236 2033 2443 2071 rursus
2476 2015 2693 2072 multos
2725 2014 2953 2070 labores
2986 2018 3098 2068 Deo
3129 2010 3485 2074 obtulerunt,
3520 2021 3736 2077 parvae-

2091 2121 2203 2178 que
2235 2104 2529 2161 felicitatis
2558 2104 2652 2161 hic
2693 2105 2855 2160 fuere
2902 2102 3235 2175 participes,
3287 2099 3504 2172 quibus
3534 2094 3736 2166 utique

2093 2211 2340 2268 regnum
2389 2193 2667 2250 cmlorum
2719 2197 3078 2249 reservatum
3145 2194 3254 2257 est,
3304 2191 3369 2243 ut
3412 2183 3730 2249 Abraham,

2091 2285 2211 2340 Noe
2239 2289 2299 2339 et
2327 2282 2726 2339 Melchisedec.
2760 2282 2872 2338 Alii
2901 2282 3155 2338 multum
3210 2278 3611 2352 peccaverunt,
3645 2274 3733 2329 ni-

2092 2372 2294 2444 hilque
2324 2373 2420 2428 hic
2451 2373 2890 2428 incommodum
2923 2370 3184 2443 perpessi
3210 2370 3435 2424 suntut
3456 2363 3617 2421 dives
3638 2361 3737 2417 ille

2094 2463 2194 2534 qui
2226 2463 2287 2518 in
2319 2462 2564 2519 historia
2591 2461 2789 2519 Lazari
2838 2463 3197 2516 memoratur
3224 2459 3265 2524 θ,
3297 2456 3535 2526 illicque
3574 2451 3737 2508 subi-

2095 2552 2216 2608 turi
2246 2557 2386 2608 sunt
2415 2553 2807 2622 asperrimum
2830 2550 3096 2607 omnium
3111 2540 3611 2619 supplicium.Alii
3636 2557 3739 2597 au-

2094 2645 2213 2697 tem
2248 2657 2348 2713 per
2376 2643 2560 2696 totam
2592 2640 2769 2695 vitam
2804 2643 3040 2711 propter
3069 2637 3254 2692 Deum
3294 2633 3654 2690 circuierunt
3679 2628 3738 2684 in

2096 2729 2332 2786 melotis
2361 2734 2416 2785 et
2447 2727 2697 2802 pellibus
2743 2726 2998 2798 caprinis
3032 2728 3097 2793 ¹⁰,
3127 2724 3287 2781 omni
3319 2729 3551 2778 terrena
3578 2717 3740 2776 volu-

2096 2823 2255 2891 ptate
2284 2818 2671 2889 rejecta,quos
2700 2815 3086 2889 amplioribus
3106 2815 3279 2869 donis
3308 2811 3425 2867 illic
3447 2814 3599 2866 Deus
3621 2822 3736 2879 prae

2096 2906 2318 2963 czeteris
2348 2908 2624 2962 omnibus
2653 2906 3013 2977 dignabitur.
3044 2902 3155 2959 Alii
3185 2918 3318 2958 vero
3348 2901 3407 2956 in
3460 2904 3641 2954 Deum
3672 2912 3742 2951 ex

2098 3001 2260 3068 parte
2292 3001 2694 3068 peccaverunt,
2730 3001 2807 3062 et,
2843 3000 2905 3050 ut
2936 2994 3334 3060 merebantur,
3355 3006 3459 3062 pro
3488 2985 3743 3060 peccatis

2098 3086 2391 3142 emendati
2422 3089 2580 3153 sunt,
2614 3090 2788 3156 atque
2816 3083 3048 3139 aeternis
3072 3080 3383 3139 tormentis
3428 3080 3569 3135 sunt
3594 3075 3743 3132 libe-

2098 3174 2231 3241 rati,
2266 3173 2350 3229 uti
2408 3191 2628 3246 pauper
2658 3174 2929 3229 Lazarus.
2954 3172 3112 3228 Unde
3141 3186 3211 3225 ex
3240 3166 3532 3241 praedictis
3563 3163 3745 3220 disci-

338 3260 525 3334 μένων
582 3258 876 3332 ἐμάθομεν,
928 3257 1011 3312 ὅτι
1070 3260 1121 3313 οἱ
1175 3259 1266 3332 μὲν
1326 3264 1431 3314 τῶν
1481 3258 1781 3335 ἀνθρώπων
1834 3246 1980 3316 κάκεῖ

2101 3280 2234 3319 mus
2278 3264 2423 3319 alios
2474 3269 2531 3317 et
2582 3262 2700 3318 illic
2730 3267 2789 3317 et
2833 3260 2929 3317 hic
2977 3259 3170 3332 puuiri
3200 3276 3219 3314 :
3253 3256 3399 3314 alios
3465 3270 3600 3311 vero
3649 3252 3745 3308 hic

332 3349 429 3404 καὶ
456 3345 566 3404 ὧδε
592 3345 939 3417 κολάζονταιο
974 3347 1027 3402 οἱ
1080 3344 1137 3402 δὲ
1182 3344 1289 3402 ὧδε
1347 3348 1435 3404 καὶ
1496 3348 1677 3421 μόνον,
1738 3348 1902 3405 ἄλλοι
1934 3348 1980 3406 δὲ

2101 3353 2422 3408 duntaxat:
2456 3351 2603 3407 alios
2634 3356 2829 3407 autem
2862 3350 2953 3405 hic
2973 3348 3215 3405 minime
3248 3345 3465 3420 puniri,
3500 3344 3601 3400 sed
3624 3342 3743 3398 illic

337 3436 451 3493 ῶδε
486 3438 583 3510 μὲν
618 3434 896 3510 οὐδαμῶς,
953 3434 1063 3490 ἐκεῖ
1120 3432 1177 3490 δὲ
1214 3434 1517 3510 ὀδυνηρῶς.
1550 3441 1753 3512 Ὥσπερ
1810 3438 1900 3493 καὶ
1927 3439 1980 3494 τὲ

2096 3441 2367 3515 graviter.
2401 3441 2474 3497 Ut
2517 3448 2573 3496 et
2601 3458 2632 3497 e
2679 3439 3002 3507 contrario,
3029 3437 3126 3516 alii
3160 3438 3253 3493 hic
3297 3441 3355 3492 et
3404 3433 3524 3489 illic
3572 3431 3742 3488 bonis

340 3525 589 3581 ἐναντίον
619 3527 753 3599 (11)’
788 3526 870 3579 δτι
898 3526 949 3579 o't
985 3524 1078 3597 μὶν
1122 3524 1212 3579 καὶ
1268 3524 1490 3580 ἐνταῦθα
1545 3526 1636 3581 καὶ
1693 3525 1803 3583 ἐκεῖ
1853 3528 1988 3582 ἀπο-

339 3614 628 3671 λαύουσιν·
689 3615 742 3668 οἱ
800 3611 857 3669 δὲ
910 3612 1131 3669 ἐνταῦθα
1189 3613 1283 3688 μὶν
1343 3612 1620 3689 οὐδαμῶς,
1680 3614 1806 3671 ἀλλ’
1858 3616 1988 3686 ἐκεῖ,

335 3707 499 3767 Ἴσως
525 3702 584 3759 δὲ
610 3723 750 3766 τινες
798 3704 887 3757 καὶ
942 3706 1050 3758 τῶν
1109 3702 1330 3759 ἐνταῦθα
1386 3703 1474 3759 καὶ
1527 3708 1634 3759 τῶν
1686 3704 1797 3760 ἐκεῖ
1851 3705 1987 3761 ἀπο-

337 3795 658 3849 πίπτουσιν
719 3790 827 3848 ὧδε
889 3792 984 3865 μὲν
1045 3789 1113 3846 δι’
1171 3791 1670 3868 ἀνθρωπαρέσκειαν
1746 3815 1986 3850 κακοπα-

334 3887 624 3954 θήσαντες,
654 3880 742 3936 καί
772 3879 862 3936 διὰ
915 3886 1077 3937 τοῦτο
1134 3886 1242 3937 τῶν
1306 3878 1416 3937 ἐκεῖ
1472 3882 1682 3956 ἀγαθῶν
1741 3883 1992 3939 ἐκπεσόν-

330 3993 444 4035 τες.
500 3977 589 4026 Δεῖ
651 3971 831 4026 τοίνυν
900 3970 1099 4033 πάντας
1168 3970 1302 4033 τοὺς
1376 3966 1609 4034 εὐσεϐεῖς
1689 3980 1988 4045 συμπαθεῖς

330 4062 651 4125 ἐπίστασθαι
736 4054 994 4134 ἀκριϐῶς,
1072 4058 1258 4135 ὅτιπερ
1346 4060 1411 4116 οὐ
1491 4061 1650 4130 μόνον
1721 4062 1853 4138 ὑπὲρ
1911 4061 1984 4120 ὧν

330 4149 566 4224 ἔπραξαν
631 4150 937 4204 ὑπόκεινται
996 4147 1330 4221 συμπάθειαν
1388 4149 1463 4211 εἷς
1506 4149 1632 4213 τοὺς
1693 4148 1987 4223 δεομένους

331 4237 719 4312 ἐπιδείξασθαι,
769 4237 916 4294 ἀλλὰ
969 4237 1059 4292 καὶ
1119 4238 1249 4311 ὑπὲρ
1310 4237 1522 4294 πάντων
1582 4240 1655 4294 ὧν
1717 4239 1904 4303 αὐτοῖς
1957 4242 1986 4297 6

328 4330 464 4391 Θεὸς
500 4325 814 4403 ἐδωρήσατο
844 4327 1076 4403 ἀγαθῶν.
1109 4326 1186 4385 Οὐ
1236 4328 1340 4403 γὰρ
1386 4325 1469 4382 δεῖ
1514 4333 1726 4405 μετρεῖν
1784 4330 1852 4384 τὰ
1907 4326 1985 4384 δι-

328 4416 561 4490 δόμενα,
594 4414 741 4472 ἀλλᾶ
795 4416 863 4471 τά
924 4415 1029 4471 ὑπὸ
1086 4420 1182 4471 τοῦ
1239 4420 1372 4471 Θεοῦ
1428 4418 1564 4490 ἡμῖν
1624 4418 1981 4493 χαριζόμενα’

331 4510 539 4580 μήπως
572 4505 662 4560 καὶ
696 4505 828 4577 ὑπὲρ
855 4503 1031 4559 αὐτῶν
1079 4509 1187 4559 τῶν
1246 4509 1342 4559 τοῦ
1401 4510 1536 4561 Θεοῦ
1593 4504 1810 4583 δωρεῶν
1866 4507 1985 4581 κρί-

2100 3532 2503 3604 perfruuntur,
2535 3530 2633 3586 alii
2666 3529 2762 3585 hic
2794 3528 3058 3595 minime,
3083 3527 3182 3583 sed
3217 3525 3532 3581 illic.Forte
3562 3522 3737 3577 etiam

2101 3620 2366 3677 nonnulli
2392 3624 2449 3675 et
2477 3620 2574 3675 hic
2601 3624 2659 3674 et
2696 3618 2818 3673 illic
2866 3619 3024 3673 omni
3074 3615 3369 3686 voluptate
3411 3613 3738 3684 privantur,

2100 3710 2200 3781 qui
2236 3724 2443 3780 nempe
2473 3708 2566 3763 hic
2596 3711 2661 3763 ut
2690 3707 2986 3779 placerent
3016 3703 3377 3771 hominibus,
3424 3699 3577 3756 mala
3605 3703 3743 3755 sunt

2100 3798 2381 3871 perpessi,
2433 3804 2487 3853 et
2531 3797 2604 3852 ob
2651 3797 2803 3851 hanc
2845 3811 3080 3850 causam
3133 3792 3249 3847 illic
3296 3804 3529 3862 quoque
3576 3787 3743 3843 bonis

2098 3889 2456 3944 exciderunt.
2492 3887 2695 3956 Itaque
2734 3900 2937 3938 omnes
2991 3882 3119 3952 pios
3173 3877 3551 3935 condolentes
3594 3876 3743 3932 scire

2099 3992 2339 4033 necesse
2368 3980 2476 4039 est.
2511 3991 2624 4030 non
2669 3978 2861 4029 solum
2917 3972 3126 4027 debere
3176 3986 3278 4040 pro
3310 3967 3403 4022 his
3451 3982 3577 4037 qua)
3609 3981 3736 4035 ege-

2097 4072 2235 4122 runt
2263 4082 2325 4121 se
2356 4063 2729 4120 condolentes
2759 4078 2896 4132 erga
2925 4059 3257 4131 indigentes
3305 4055 3598 4121 exhibere,
3633 4054 3734 4109 sed

2096 4160 2154 4212 et
2184 4171 2286 4226 pro
2316 4153 2594 4209 omnibus
2624 4151 2790 4207 bonis
2823 4166 2950 4221 quas
2982 4148 3100 4204 illis
3130 4145 3367 4203 donavit
3419 4148 3589 4200 Deus.
3622 4143 3737 4199 Nec

2094 4244 2251 4299 enim
2287 4242 2478 4297 metiri
2526 4245 2751 4312 Oportet
2783 4256 2909 4311 qua;
2961 4238 3018 4292 in
3068 4254 3352 4309 pauperes
3399 4237 3734 4304 erogantur,

2094 4333 2194 4389 sed
2224 4332 2523 4387 attendere
2552 4346 2618 4385 ea
2639 4346 2673 4385 a
2705 4329 2817 4385 Deo
2862 4327 3031 4383 nobis
3078 4324 3303 4391 donari,
3358 4340 3431 4379 ne
3460 4323 3606 4378 forte
3637 4337 3740 4392 pro

2095 4422 2241 4494 ipsis
2289 4420 2389 4475 Dei
2439 4419 2610 4475 donis
2677 4417 3035 4473 horrendum
3086 4416 3406 4471 subeamus
3446 4411 3737 4481 judicium

2094 4512 2255 4582 Saepe
2307 4510 2463 4565 enim
2520 4514 2576 4563 et
2626 4507 2822 4576 dignis
2874 4510 2931 4561 et
2980 4505 3341 4576 peecatoribs
3384 4501 3539 4556 Deus
3588 4500 3739 4553 divi-

328 4616 463 4668 ματι
551 4588 771 4673 φοϐερῷ
862 4592 1246 4666 ὑποτέσωμεν.
1335 4592 1614 4657 Πολλάκις
1695 4596 1796 4671 γὰρ
1894 4596 1980 4651 καὶ

2095 4600 2203 4656 tias
2238 4599 2513 4668 impertit,
2547 4601 2610 4652 ut
2640 4596 2871 4651 illarum
2919 4611 3027 4666 ope
3077 4597 3308 4665 peccata
3356 4608 3464 4647 sua
3490 4589 3734 4644 eleemo~

326 4684 563 4761 ἀναξίοις
592 4682 681 4739 καὶ
724 4684 1077 4759 ἁμαρτωλοῖς
1129 4682 1157 4737 ὁ
1206 4683 1335 4745 Θεὸς
1384 4682 1619 4738 πλοῦτον
1680 4684 1979 4759 χαρίζεται,

320 4772 417 4828 ’ίνα
449 4772 520 4829 δι’
551 4773 717 4828 αὐτοῦ
766 4771 816 4827 ἐν
875 4770 1273 4843 ὲλεημοσύναις
1314 4771 1412 4834 τὰς
1460 4771 1662 4827 ἑαυτῶν
1719 4775 1980 4850 ἁμαρτίας

326 4862 726 4932 ἀποπλύνωσι,
782 4860 871 4916 καὶ
930 4859 1323 4935 ἐξαλείψωσιν.
1374 4859 1804 4935 Έλεημοσύναις
1855 4863 1981 4939 γὰρ,

328 4953 494 5032 φησὶν
522 4954 558 5023 ἡ
592 4950 706 5006 θεία
736 4950 945 5027 Γραφὴ,
977 4948 1428 5026 ἀποκαθαίρονται
1454 4950 1731 5026 ἁμαρτίαι.

400 5042 582 5117 Ερώτ.
617 5040 718 5097 οα’.
748 5037 808 5092 Τί
840 5037 1069 5111 θέλομεν
1105 5036 1283 5113 λέγειν
1312 5038 1435 5116 περὶ
1465 5042 1572 5094 τῶν
1624 5038 1873 5119 ἐξαίφνης
1898 5062 1982 5097 τε-

327 5130 677 5193 λευτώντων,
707 5129 741 5197 ἢ
769 5127 1246 5202 κρημνιζομένων,
1279 5129 1313 5196 ἣ
1343 5128 1445 5183 ὑπὸ
1493 5125 1679 5183 ἄλλων
1721 5129 1983 5185 τοιούτων

329 5218 577 5283 θανάτων
608 5216 758 5273 τὲλει
787 5220 890 5271 τοῦ
925 5214 1049 5291 βίου
1079 5217 1387 5292 χρωμένων
1412 5234 1426 5286 ;

2091 4690 2254 4762 synis
2283 4688 2543 4744 abluant.
2582 4683 3171 4757 Elcemosyniscnim,
3207 4680 3399 4753 inquit
3428 4679 3732 4749 Scriptura

2092 4776 2305 4844 divina,
2339 4779 2573 4846 peccata
2605 4782 2929 4844 purgantur
2962 4774 2976 4807 ¹

2168 5042 2395 5104 qussr.
2443 5040 2627 5096 LXXI.
2661 5040 2807 5103 Quid
2841 5038 3155 5095 dicendum
3186 5041 3271 5092 est
3305 5037 3375 5091 de
3406 5035 3478 5091 iis
3509 5036 3608 5105 qui
3641 5050 3741 5090 su-

2098 5131 2219 5189 bito
2255 5131 2607 5197 moriuntur,
2640 5135 2741 5185 aut
2765 5125 3320 5200 praecipitanturyel
3345 5124 3527 5182 simili
3562 5127 3749 5180 morte

2025 5224 2034 5235 ‘
2100 5219 2443 5276 intereunt?

399 5392 422 5426 ⁸
454 5389 593 5463 Sep.
628 5404 707 5458 IV,
742 5387 829 5442 11.
905 5386 929 5421 ⁸
954 5386 1091 5442 Luc.
1123 5403 1240 5454 xvr,
1271 5388 1358 5443 20.
1440 5386 1482 5421 ¹⁰
1513 5384 1688 5443 Hebr.
1717 5402 1798 5458 x1,
1827 5386 1915 5443 37.
1996 5388 2037 5425 η
2068 5386 2221 5444 Eccl.
2256 5387 2342 5455 ui,
2373 5387 2462 5443 33.

400 5562 481 5634 (6)
512 5560 657 5634 Bes-
688 5561 747 5627 2.
775 5559 829 5626 3»
865 5553 1109 5634 μηροὺς
1138 5555 1394 5634 χρένριῖς-

401 5625 484 5704 ζἹ)
514 5625 789 5688 ὃὶὄωεε.
816 5625 988 5685 Εόἰιῖ
1009 5625 1436 5704 νβι-οζίάλλάζγι.

404 5699 485 5779 (8)
514 5705 608 5761 ιιο.
637 5718 783 5793 mss.
812 5727 828 5775 ε
856 5704 964 5758 τῶν
997 5699 1243 5774 οὐρανῶν
1275 5699 1437 5761 deest
1466 5701 1527 5760 in
1558 5701 1755 5760 editis.

2171 5560 2250 5702 £9)
2282 5558 2420 5631 Reg.
2451 5559 2511 5622 2,
2544 5561 2773 5640 μακρᾷς.
2808 5558 2962 5614 Editi
2993 5572 3125 5614 vero
3160 5562 3380 5630 μικρᾶς.

2199 5632 2279 5700 10)
2314 5631 2401 5685 Ita
2431 5646 2576 5688 mss.
2611 5630 2759 5686 Edlti
2790 5644 2945 5702 vero,
2981 5631 3271 5702 μετρικῶς.
3371 5699 3380 5702 _

2199 5630 2279 5700 10)
2314 5630 2401 5685 Ita
2431 5646 2576 5688 mss.
2611 5630 2759 5686 Editi
2790 5644 2945 5702 vero,
2981 5631 3271 5702 μετρικῶς.

2169 5698 2288 5775 (11)
2316 5705 2411 5761 Sic
2441 5703 2582 5775 Reg.
2614 5703 2669 5760 3.
2700 5701 2853 5759 Editi
2884 5698 3040 5772 vero,
3069 5698 3176 5758 τῶν
3205 5698 3479 5757 ιναθτίων.
