4072 6210
328 342 447 402 639

1495 344 1560 403 S.
1611 340 2137 402 ATHANASIUS.
2160 373 2235 384 -——
2266 340 2576 403 SPURIA.

3619 340 3743 401 640

402 476 571 531 Rasr.
602 476 763 539 Quod
794 475 916 530 haec
963 476 1186 532 incerta
1239 476 1357 531 sint
1385 480 1443 531 et
1491 475 1601 530 soli
1655 480 1766 531 Deo
1816 478 1977 543 nota,

2164 472 2354 530 Ἀπύκ.
2388 475 2509 532 Ὅτι
2548 475 2641 548 μὶν
2676 471 2856 545 ἄδηλα
2879 473 2946 529 τὰ
2987 477 3210 529 τοιαῦτα
3256 472 3346 528 καὶ
3406 473 3523 546 Θεῷ
3585 474 3738 547 μόνῳ

330 583 445 621 non
478 568 567 620 est
597 564 1039 637 ambigendum.
1088 567 1359 621 Attamen
1412 580 1547 620 cum
1598 564 1751 619 dicat
1783 564 1982 619 Domi-

333 672 445 710 nus
480 671 493 709 :
529 677 556 704 cr
591 654 737 717 Quid
774 655 930 708 enim
954 655 981 708 ‘2
1008 656 1096 709 An
1150 656 1349 709 decem
1398 653 1482 708 illi
1529 658 1588 709 et
1635 657 1762 709 octo
1802 670 1984 725 supra

333 761 480 816 quos
509 744 717 799 cecidit
755 743 936 799 turris
971 743 1210 811 Siloam,
1242 743 1432 815 magis
1463 747 1798 815 peccatores
1815 746 1983 797 erant

333 838 540 905 praeter
570 849 772 887 omnes
803 832 1136 887 habitantes
1177 833 1236 887 in
1291 831 1617 888 Jerusalem
1637 832 1665 875 τ’
1694 831 1820 887 Non
1853 830 1982 886 dico

332 922 545 976 vobis”
582 939 592 975 :
629 942 656 971 ››
689 920 825 976 inde
856 921 1143 975 discimus
1166 938 1280 976 non
1304 937 1509 977 omnes
1530 921 1629 992 qui
1652 920 1819 992 impii
1845 924 1985 975 sunt

338 1015 395 1067 et
440 1010 648 1081 iniqui,
706 1011 974 1065 acerbam
1025 1016 1272 1065 mortem
1324 1011 1477 1067 232
1523 1011 1703 1067 obire.
1755 1009 1982 1065 Etenim

330 1100 459 1156 Johi
496 1100 774 1164 ﬁliorum,
810 1100 906 1170 qui
933 1100 1082 1170 justi
1116 1100 1515 1170 erant,acerba
1545 1114 1705 1156 mors
1734 1099 1982 1170 fuit.lgi-

332 1193 430 1244 tur
459 1188 581 1242 hazc
615 1189 729 1242 duo
779 1188 1063 1243 debemus
1094 1187 1467 1256 concludere,
1519 1188 1648 1259 pios
1692 1188 1982 1254 homines,

336 1277 437 1349 qui
470 1278 675 1331 acerba
709 1280 892 1332 morte
922 1276 1291 1346 interierunt,
1326 1277 1445 1331 leve
1493 1276 1730 1348 aliquod
1777 1277 1985 1331 vitium

336 1366 634 1432 habuisse,
670 1380 853 1436 eoque
880 1365 1158 1421 liberatos
1188 1381 1337 1432 esse,
1368 1365 1520 1421 malo
1538 1365 1985 1436 bujusmodiin-

335 1456 534 1523 teritu,
569 1460 633 1509 ut
664 1454 988 1524 majoribus
1017 1470 1150 1511 vere
1192 1455 1515 1511 honoribus
1565 1454 1728 1527 digni
1768 1458 1985 1511 essent.

338 1546 397 1599 ld
430 1544 605 1600 etiam
639 1544 850 1610 evenit,
886 1548 951 1599 ut
984 1561 1112 1614 nos,
1145 1544 1266 1600 hec
1293 1545 1579 1615 videntes,
1612 1544 1886 1601 meliores
1911 1544 1989 1600 ef-

334 1635 621 1698 ficiamur,
647 1635 819 1703 juxta
846 1633 963 1689 haec
999 1634 1177 1689 verba
1214 1652 1226 1688 :
1263 1656 1292 1683 «
1326 1634 1386 1689 Si
1419 1635 1624 1705 justus
1663 1634 1756 1688 vix
1799 1632 1987 1689 salva-

337 1724 677 1796 tur,impius
709 1727 765 1778 et
796 1727 1068 1795 peccator
1087 1722 1188 1777 ubi
1220 1724 1512 1795 parebunt
1544 1722 1629 1777 13?
1659 1746 1679 1773 ι
1707 1722 1989 1778 Similiter

2088 562 2319 637 γνωστὰ,
2349 562 2410 618 οὐ
2445 561 2526 619 δεῖ
2556 560 2946 643 ἀμφιϐάλλειν.
2986 566 3177 637 Ὅμως
3233 567 3329 618 τοῦ
3386 561 3589 637 Κυρίου
3648 563 3740 619 λέ·

2090 672 2302 727 γοντος·
2333 676 2363 703 ‹‹
2391 654 2451 707 Τί
2480 654 2580 729 γὰρ
2613 656 2664 709 οἱ
2697 652 2824 709 δέκα
2863 652 2952 708 καὶ
3007 653 3171 724 ὀκτὼ,
3229 651 3310 730 ἰφ’
3366 648 3458 714 οῦς
3515 654 3543 708 6
3602 653 3739 727 πύρ-

2089 762 2183 817 γος
2206 745 2304 795 τοῦ
2338 741 2573 817 Σιλωὰμ
2627 740 2833 810 ἔπεσεν,
2884 740 3335 819 ἁμαρτωλότεροι
3390 743 3530 812 ἦσαν
3595 742 3741 817 παρὰ

2090 832 2288 893 πάντας
2344 830 2470 894 τοὺς
2523 837 2907 895 κατοικοῦντας
2979 831 3030 887 έν
3112 831 3513 907 Ἰερουσαλήμ;
3576 829 3741 907 Οὖχῖν

2093 919 2240 995 λέγω
2273 920 2417 994 ὑμῖν·
2454 945 2483 973 ››
2518 921 2877 995 μανθάνομεν,
2937 920 3021 976 ὅτι
3078 920 3140 975 ού
3197 919 3392 983 πάντες
3452 919 3571 975 ὅσοι
3622 920 3748 975 ἀσε-

2094 1004 2207 1072 ϐεῖς
2238 1012 2273 1080 ἢ
2325 1008 2502 1065 ἄδικοι
2552 1011 2900 1087 τυγχάνουσι,
2948 1015 3129 1085 πικρῷ
3190 1011 3398 1083 Θανάτῳ
3452 1008 3746 1065 τελευτῶν-

2090 1119 2178 1161 τες
2207 1100 2630 1171 ἀποθνήσκουσι.
2664 1099 2767 1157 Καὶ
2799 1100 2902 1176 γὰρ
2952 1101 3003 1154 οἱ
3059 1097 3250 1161 παῖδες
3302 1103 3404 1154 τοῦ
3458 1094 3603 1168 Ἰὼϐ,
3662 1096 3742 1153 δί-

2094 1208 2237 1243 καιοι
2270 1186 2442 1257 ὄντες,
2497 1188 2727 1245 ἐλεεινὸν
2756 1190 3039 1263 ὑπέμειναν
3078 1188 3323 1253 θάνατον.
3374 1187 3581 1246 Οὐκοῦν
3644 1184 3741 1242 δύο

2091 1282 2259 1332 ταῦτα
2289 1281 2399 1349 (12)
2458 1280 2605 1352 ἡμᾶς
2665 1278 2752 1333 ἐπὶ
2794 1278 3000 1334 τούτων
3052 1280 3163 1354 χρὴ
3216 1277 3592 1353 στοχάζεσθαι·
3655 1276 3741 1333 ὅτι

2093 1367 2148 1422 οἱ
2182 1367 2276 1440 μὲν
2321 1363 2591 1438 εὐλαϐεῖς,
2624 1368 2815 1442 πικρὸν
2855 1366 3291 1438 ἀποθνήσκοντες
3341 1365 3585 1439 θάνατον,
3648 1387 3740 1439 μι-

2093 1457 2220 1530 κρόν
2252 1478 2306 1511 τι
2336 1455 2626 1531 ἐλάττωμα
2654 1457 2961 1529 ἐκέκτηντο,
2994 1458 3084 1512 καὶ
3116 1456 3297 1529 τούτῳ
3355 1455 3742 1532 έλυτρώθησαν

2096 1545 2155 1600 ἐκ
2211 1552 2310 1614 τῆς
2368 1545 2625 1617 τοιαύτης
2684 1552 2925 1622 πονηρᾶς
2994 1545 3277 1615 τελευτῆς,
3327 1543 3421 1601 ’ίνα
3476 1544 3742 1618 μειζόνων

2096 1633 2316 1702 ἀληθῶς
2343 1639 2522 1709 τιμῶν
2554 1636 2842 1707 ἀξιωθῶσι.
2876 1637 3080 1691 Λοιπὸν
3114 1634 3171 1691 δὲ
3202 1629 3375 1701 ὅπως,
3428 1635 3516 1689 καὶ
3575 1634 3750 1706 ἡμεῖς

2095 1724 2325 1799 ὁρῶντες
2380 1727 2836 1802 σωφρονισθῶμεν
2892 1724 3029 1779 κατὰ
3081 1725 3172 1779 τὸν
3233 1722 3517 1799 είρημένον
3552 1722 3741 1799 λόγον·

333 1831 467 1870 vero
499 1819 555 1869 et
587 1817 921 1885 peccatores
953 1830 1087 1869 cum
1119 1813 1411 1884 ejusmodi
1456 1815 1703 1868 mortem
1753 1812 1986 1885 patiun-

2104 1834 2132 1864 ‹‹
2162 1812 2227 1868 Εἰ
2257 1813 2285 1867 6
2317 1809 2523 1875 δίκαιος
2558 1812 2720 1886 μόλις
2759 1816 3010 1884 σώζεται,
3062 1814 3090 1868 6
3137 1808 3361 1883 ἀσεϐής,
3417 1813 3513 1867 καὶ
3564 1811 3742 1886 ἆμαρ-

336 1910 450 1973 tur,
486 1902 724 1957 omnino
758 1902 895 1957 inde
942 1901 1201 1973 aliquam
1260 1901 1723 1957 misericordiam
1781 1916 1982 1958 conse-

337 1996 619 2066 quuntur.
656 1992 758 2056 Qui
790 1991 930 2047 item
963 1991 1083 2047 ha3c
1112 1991 1598 2063 vident,aliquam
1629 1991 1766 2047 inde
1796 1990 1980 2063 perci-

336 2084 509 2155 piunt
556 2080 883 2147 utilitatem,
937 2085 1170 2152 raptum
1232 2084 1469 2153 repente
1526 2083 1831 2136 cernentes
1878 2096 1983 2138 nec

336 2172 671 2244 opinantem
707 2168 1028 2225 ohminem.
1061 2170 1223 2236 Quod
1272 2170 1322 2225 si
1354 2170 1609 2225 infantes
1639 2184 1705 2225 eo
1756 2185 1986 2241 quoque

340 2262 510 2317 modo
561 2260 914 2329 moriuntur,
964 2276 1038 2315 ne
1085 2262 1427 2330 ostupescas
1468 2275 1483 2315 :
1534 2274 1791 2329 namque
1837 2257 1985 2313 nihil

341 2350 427 2405 illi
459 2350 741 2405 damnum
773 2348 910 2404 inde
938 2348 1365 2421 perpetiuntur,
1397 2365 1502 2405 nec
1541 2348 1599 2403 id
1628 2347 1747 2403 illis
1778 2346 1988 2404 accidit

341 2438 644 2511 proprium
678 2438 750 2493 ob
789 2440 1117 2509 peccatum,
1149 2438 1251 2493 sed
1284 2441 1350 2492 ut
1396 2437 1662 2509 ipsorum
1713 2440 1986 2509 parentes

342 2528 611 2584 meliores
661 2531 717 2581 et
767 2526 1126 2599 religiosiore
1161 2526 1463 2593 sevadant,
1515 2540 1723 2598 nempe
1773 2525 1988 2581 intelli-

341 2622 543 2689 gentes
575 2634 684 2673 sua
708 2624 941 2689 propter
964 2620 1202 2689 peccata
1231 2617 1378 2672 mori
1410 2617 1675 2688 ipsorum
1708 2615 1983 2670 infantes.

343 2706 623 2761 Caeterum
657 2705 714 2761 in
747 2706 840 2761 his
872 2706 1148 2762 omnibus
1180 2705 1522 2762 meminisse
1553 2708 1779 2777 oportet
1807 2703 1988 2774 hujus

346 2796 572 2851 Domini
626 2796 781 2850 vocis
820 2812 832 2851 :
883 2818 905 2845 α
956 2796 1082 2851 Duo
1130 2812 1396 2866 passeres
1439 2812 1569 2851 asse
1613 2797 1888 2861 veneunt,
1933 2796 1991 2848 et

349 2902 500 2940 unus
532 2902 598 2940 ex
625 2883 741 2938 illis
791 2901 907 2940 non
952 2886 1121 2941 cadet
1158 2900 1335 2957 super
1380 2889 1596 2940 terram
1654 2884 1783 2939 sine
1820 2885 1991 2938 Patre

348 2992 474 3031 meo
508 2976 606 3044 qui
639 2975 697 3028 in
731 2974 891 3029 caelis
922 2978 1011 3030 est
1041 2976 1086 3009 2⁸
1121 2992 1135 3043 ;
1170 2996 1197 3023 ιι
1231 2979 1287 3030 et
1315 2975 1470 3047 quod
1501 2973 1709 3040 nostri,
1736 2971 1992 3044 quiﬁde—

345 3064 430 3119 les
456 3080 686 3133 sumus,
719 3080 925 3120 omnes
954 3063 1149 3136 capilli
1180 3064 1360 3136 capiti
1390 3064 1682 3120 numerati
1714 3066 1873 3118 sunt.

2091 1899 2271 1963 τωλὸς
2346 1906 2454 1956 ποῦ
2519 1908 2800 1980 φανεῖταις
2875 1901 3152 1979 Ὡσαύτως
3210 1899 3269 1956 δὲ
3322 1901 3412 1955 καὶ
3471 1919 3518 1957 0:
3575 1902 3755 1975 ἆμαρ-

2092 1989 2288 2057 τωλοὶ,
2317 1990 2593 2053 τοιούτοις
2639 1990 2884 2054 θανάτοις
2935 1992 3378 2061 ἀποθνήσκοντες,
3426 1990 3644 2051 πάντως
3692 1987 3749 2043 ἐν

2090 2078 2270 2152 τούτῳ
2330 2084 2556 2155 μερικοῦ
2612 2083 2729 2153 (1ἠ)
2788 2080 2978 2144 ἐλέους
3035 2080 3418 2157 τυγχάνουσιν.
3482 2080 3632 2152 Ἅμα
3689 2075 3752 2133 ὃὶ

2094 2166 2261 2223 πάλιν
2296 2167 2384 2223 καὶ
2417 2170 2468 2224 o't
2496 2171 2725 2246 ὁρῶντες
2756 2168 3024 2248 ὠφέλειάν
3070 2190 3189 2224 τινα
3218 2169 3564 2242 κομίζονται,
3618 2165 3748 2242 βλέ-

2100 2278 2287 2319 ποντες
2314 2255 2461 2335 ἄφνω
2519 2259 2910 2335 ἁρπαζόμενον,
2964 2259 3039 2322 ὡς
3088 2256 3187 2313 οὐκ
3231 2255 3367 2329 οἵδε,
3396 2257 3487 2312 τὸν
3546 2255 3750 2331 ἄνθρω-

2098 2367 2223 2401 πον.
2256 2348 2322 2404 Εἰ
2356 2344 2413 2403 δὲ
2442 2349 2531 2402 καὶ
2580 2350 2749 2420 νήπια
2796 2347 2939 2404 οὕτω
2986 2351 3325 2419 θανατοῦται,
3388 2346 3464 2420 μὴ
3524 2340 3750 2419 θαμεη-

2096 2436 2218 2511 θῇς.
2245 2436 2393 2492 Αύτὰ
2426 2438 2519 2510 μὲν
2551 2438 2655 2513 γὰρ
2686 2436 2746 2492 ἐκ
2774 2437 2968 2492 τούτου
3018 2434 3173 2492 οὐδὲν
3233 2430 3565 2506 ἐϐλάϐησαν.
3622 2434 3751 2489 οὗτε

2097 2522 2166 2579 δι’
2198 2525 2399 2580 οἰκείαν
2463 2525 2728 2604 ἁμαρτίαν
2785 2530 2945 2582 τοῦτο
3004 2525 3351 2581 πεπόνθασιν
3407 2522 3535 2579 ἀλλ’
3595 2522 3749 2585 ὅπως

2095 2614 2188 2669 καὶ
2245 2614 2297 2669 οἱ
2354 2613 2528 2669 αὐτῶν
2584 2621 2763 2691 γονεῖς
2822 2614 3270 2694 σωφρονέστεροι,
3346 2615 3381 2683 ἣ
3456 2611 3547 2668 καὶ
3605 2612 3752 2668 εὗσε-

2099 2698 2343 2780 6έστεροι
2387 2705 2662 2778 γίνωνται·
2716 2704 3087 2779 ἐννοούμενοι,
3138 2704 3323 2777 ὅτιπερ
3367 2699 3456 2757 διὰ
3503 2701 3599 2763 τὰς
3660 2700 3755 2756 αύ-

2098 2796 2205 2847 τῶν
2263 2792 2490 2865 ἀνομίας
2549 2796 2662 2869 (14)
2712 2794 2856 2849 οὕτω
2910 2795 2977 2849 τὰ
3032 2793 3207 2849 αὐτῶν
3266 2793 3492 2863 τέθνηκε
3555 2793 3749 2861 νήπια·

2100 2882 2292 2955 ’Όμως
2320 2881 2409 2937 ἐπὶ
2466 2890 2596 2938 πᾶσι
2660 2885 2877 2946 τούτοις
2927 2883 3009 2939 δεῖ
3057 2883 3255 2938 ἐννοεῖν
3285 2883 3385 2950 τὴν
3412 2885 3512 2937 τοῦ
3546 2879 3755 2956 Κυρίου

2100 2972 2287 3049 φωνὴν
2338 2972 2436 3041 τὴν
2499 2971 2785 3048 λέγουσαν’
2844 2971 2927 3028 ὅτι
2983 2993 3013 3027 α
3061 2972 3165 3027 Δύο
3211 2970 3465 3045 στρουθία
3491 2968 3754 3045 ἀσσαρίου

2100 3059 2390 3133 πωλεῖται,
2443 3064 2532 3117 καὶ
2578 3059 2633 3117 ἓν
2687 3062 2737 3134 ἐξ
2786 3062 2960 3118 αὐτῶν
3011 3060 3074 3117 ού
3102 3066 3343 3117 πεσεῖται
3374 3059 3461 3115 ἐπὶ
3517 3065 3620 3128 τῆς
3648 3065 3751 3132 γῆς

350 3147 468 3204 ἄνευ
498 3153 593 3203 τοῦ
627 3148 834 3221 Πατρός
871 3172 976 3222 μου
1023 3155 1121 3207 τοῦ
1151 3149 1203 3206 ἐν
1233 3149 1503 3223 οὐρανοῖς⁸
1535 3151 1626 3205 καὶ
1657 3150 1737 3205 ὅτι
1770 3152 1932 3223 ἡμῶν
1958 3151 2067 3204 τῶν
2115 3154 2321 3206 πιστῶν
2353 3150 2443 3206 καὶ
2474 3152 2528 3205 αἱ
2556 3152 2741 3229 τρίχες
2772 3155 2871 3222 τῆς
2901 3149 3147 3227 κεφαλῆς
3176 3156 3340 3205 πᾶσαι
3372 3148 3752 3224 ἠριθμημέναι

348 3241 701 3315 ὑπάρχουσιν.

417 3331 643 3393 Ουίεετ.
680 3329 895 3385 LXXII.
941 3330 1143 3387 Multis
1174 3332 1231 3386 in
1263 3335 1420 3387 terra
1476 3330 1826 3404 degentibus
1873 3332 1991 3387 tre-
2021 3328 2066 3396 C

348 3421 561 3475 menda
590 3420 714 3474 visa
744 3421 884 3473 sunt
912 3418 1034 3475 haec
1064 3420 1293 3476 Domini
1322 3420 1499 3477 verba
1532 3438 1546 3476 :
1580 3444 1600 3470 α
1637 3420 1820 3476 Omne
1858 3435 1991 3492 pec-

349 3512 541 3565 catum
576 3513 631 3562 et
660 3507 1031 3580 blasphemia
1058 3509 1388 3566 remittetur
1407 3510 1842 3567 hominibus.Et
1870 3510 1995 3582 qui-

353 3616 579 3669 cunque
613 3598 823 3653 dixerit
851 3598 1092 3654 verbum
1125 3603 1328 3655 contra
1379 3599 1614 3667 Filium,
1664 3600 1996 3655 remittetur

350 3688 400 3745 ei
436 3704 447 3744 :
484 3687 584 3759 qui
619 3690 813 3742 autem
833 3686 1306 3744 dixeritverbum
1330 3692 1530 3745 contra
1550 3689 1831 3761 Spiritum
1865 3706 1997 3745 san-

349 3782 650 3847 ctum,non
686 3776 1017 3843 remittetur
1043 3777 1095 3832 ei
1126 3794 1316 3850 neque
1335 3779 1394 3835 in
1425 3778 1536 3835 hoc
1565 3779 1775 3835 saeculo
1806 3792 1996 3850 neque

349 3869 409 3923 in
442 3869 638 3923 futuro
672 3868 735 3921 ⁵⁸.
774 3889 796 3916 ι

428 3960 593 4014 Rasp.
628 3959 968 4028 Eapropter,
1019 3971 1225 4013 omnes
1275 3956 1507 4013 divinus
1545 3957 1859 4030 Apostolus
1907 3958 1997 4014 his

360 4049 632 4104 admonet
661 4045 853 4101 verbis
887 4062 900 4100 :
940 4064 967 4098 α
997 4045 1220 4102 Littera
1245 4048 1477 4118 occidit,
1520 4047 1774 4120 Spiritus
1799 4052 1997 4103 autem

357 4136 607 4192 vivifical
646 4136 706 4189 ιθ.
732 4155 758 4187 ιι
786 4134 966 4190 Multa
995 4135 1287 4207 siquidem
1320 4137 1654 4193 divinarum
1671 4138 1999 4210 Scriptura-

359 4242 490 4283 rum
523 4226 650 4280 loca
682 4225 729 4278 si
763 4224 1088 4280 secundum
1112 4242 1345 4282 carnem
1379 4225 1803 4300 intelligamus,
1824 4229 1883 4283 in
1909 4243 2003 4284 ne-

362 4316 568 4371 fandas
636 4313 1035 4385 blasphemias
1102 4313 1439 4387 incidimus,
1492 4317 1827 4388 cujusmodi
1866 4322 2005 4374 sunt

364 4404 536 4461 nobis
568 4420 723 4458 nunc
747 4406 1156 4475 proponuntur
1182 4404 1417 4459 Domini
1446 4406 1641 4473 verba,
1675 4422 1803 4478 quae
1832 4406 1883 4463 si
1915 4423 2004 4463 se-

362 4495 620 4549 cundum
651 4493 843 4548 nudas
872 4491 1155 4548 dictiones
1176 4493 1557 4565 excipiamus,
1588 4512 1701 4551 non
1731 4495 1923 4552 solum
1946 4496 2005 4553 in

364 4585 646 4641 nefandas
676 4581 1004 4639 dilabemur
1035 4581 1436 4654 cogitationes,
1469 4584 1571 4639 sed
1604 4585 1782 4641 etiam
1812 4587 2003 4659 ipsum

2177 3329 2370 3405 Ἐρώτ.
2403 3332 2505 3405 οβ’.
2558 3328 2803 3392 Πολλοῖς
2855 3332 2964 3403 (15)
3011 3333 3119 3384 τῶν
3172 3326 3259 3383 ἐπὶ
3290 3332 3394 3403 γῆς
3451 3319 3688 3404 φοϐερὸς
3725 3326 3755 3380 6

2098 3422 2196 3473 τοῦ
2253 3418 2451 3496 Κυρίου
2512 3418 2672 3495 λόγος
2727 3416 3095 3490 καθέστηκεν,
3149 3416 3207 3472 ὅν
3280 3433 3433 3495 φησγ
3494 3438 3524 3466 ‹‹
3600 3419 3757 3468 Πᾶσα

2103 3510 2340 3586 ἁμαρτία
2408 3513 2498 3567 καὶ
2579 3510 2904 3589 βλασφημία
2976 3510 3297 3587 ἀφεθήσεται
3374 3512 3493 3568 τοῖς
3550 3506 3759 3580 ἀνθρώ-

2101 3620 2247 3661 ποις“
2279 3620 2309 3653 η
2340 3601 2453 3673 καὶ,
2486 3624 2514 3652 ‹‹
2544 3602 2643 3662 “Ος
2676 3598 2723 3655 δ’
2778 3600 2837 3654 ἃν
2885 3598 3008 3674 εἶσι-ῃ
3055 3597 3220 3673 λόγον
3279 3596 3415 3651 κατᾶ
3468 3597 3565 3649 τοῦ
3622 3592 3755 3648 Υίοῦ

2103 3689 2426 3768 ἀφεθήσεται
2485 3689 2651 3762 αὐτῷ·
2703 3688 2761 3751 ὅς
2821 3686 2868 3743 8’
2925 3688 2984 3743 ἂν
3058 3683 3186 3762 εἷ’πῃ
3246 3684 3409 3759 λόγον
3466 3685 3601 3739 κατὰ
3656 3686 3758 3736 τοῦ

2105 3779 2418 3853 Πνεύματος
2463 3783 2561 3834 τοῦ
2622 3776 2805 3854 ἁγίου,
2853 3777 2952 3833 ούκ
2996 3776 3319 3854 ἀφεθήσεται
3371 3773 3517 3829 αὑτῶ
3548 3768 3675 3827 οὐδὲ
3704 3771 3761 3825 έν

2104 3873 2183 3942 τῷ
2215 3872 2305 3923 νῦν
2340 3869 2518 3941 αἰῶνι,
2552 3864 2677 3923 οὐδὲ
2707 3867 2759 3921 ἐν
2789 3870 2868 3939 τῷ
2903 3864 3187 3940 μέλλοντι.
3224 3887 3251 3915 ››

2179 3958 2368 4016 Ἀπόκ.
2403 3957 2500 4013 Διὰ
2520 3961 2681 4012 τοῦτο
2710 3960 2960 4031 παραινεῖ
3011 3959 3171 4009 πᾶσιν
3221 3954 3249 4007 6
3294 3954 3439 4014 θεῖος
3491 3951 3760 4009 Ἀπόστο-

2109 4048 2205 4111 λος
2257 4047 2451 4122 λέγων,
2534 4047 2619 4101 ’ὁτι
2690 4070 2720 4098 ‹‹
2776 4046 2848 4100 Τὸ
2907 4045 3140 4121 γράμμα
3196 4041 3518 4109 ἀποστείνει,
3574 4040 3638 4094 τὸ
3697 4036 3757 4093 δὲ

2109 4142 2329 4211 Πνεῦμα
2372 4140 2649 4207 ζωοποιεῖ.
2707 4159 2734 4187 ››
2780 4132 2971 4191 Πολλὰ
3016 4132 3120 4208 γὰρ
3167 4136 3273 4186 τῶν
3322 4129 3477 4185 θείων
3528 4132 3758 4206 Γραφῶν

2111 4227 2199 4284 ἐὰν
2231 4227 2366 4283 κατὰ
2391 4228 2455 4281 τὸ
2501 4224 2730 4302 γράμμα
2774 4226 3084 4297 νοήσωμεν,
3135 4220 3210 4284 εἷς
3268 4220 3536 4293 ἀθέσμους
3595 4216 3766 4293 βλασ-

2112 4318 2321 4396 φημίας
2378 4315 2719 4389 ἐμπίπτομεν
2780 4315 2914 4388 (16)’
2975 4311 3102 4396 οἷόν,
3150 4309 3263 4366 ἐστι
3314 4308 3405 4363 καὶ
3433 4306 3497 4396 τθ
3545 4305 3765 4396 προκεί-

2117 4394 2274 4478 μενον
2310 4404 2444 4477 ἡμῖν
2501 4407 2594 4458 νῦν
2641 4407 2739 4457 τοῦ
2788 4401 2986 4477 Κυρίου
3036 4394 3247 4476 λὸγιον,
3299 4396 3453 4472 ὅπερ,
3486 4395 3574 4451 ἐὰν
3628 4394 3769 4449 κατὰ

2115 4495 2279 4571 ξηροῦ
2310 4495 2545 4568 (17>τὰς
2573 4493 2743 4564 λέξεις
2784 4486 3124 4564 έκλάϐωμεν,
3175 4488 3237 4544 ού
3291 4486 3454 4563 μόνον
3508 4486 3583 4548 είς
3643 4485 3767 4549 ἄθε-

2120 4584 2307 4658 μίτους
2365 4582 2572 4644 ἐννοίας
2628 4581 3050 4659 περιπίπτομεν,
3105 4576 3251 4633 ἀλλὰ
3304 4576 3394 4633 καὶ
3451 4575 3610 4631 αὐτὸν
3669 4575 3764 4629 τὸν

364 4676 676 4730 Dominum
712 4671 1068 4744 reperiemus
1095 4671 1208 4727 sibi
1239 4672 1352 4744 ipsi
1403 4674 1717 4729 adversari.
1742 4676 1991 4748 Namqut

2118 4674 2312 4750 Κύριον
2375 4672 2777 4746 ἐναντιούμενον
2838 4671 3011 4742 ἑαυτῷ
3076 4666 3609 4768 εὑρίσκομεν..Ἐῂ
3662 4665 3767 4740 γάρ

367 4765 414 4821 si
451 4783 472 4813 α
508 4764 846 4835 quicunque
868 4761 1077 4818 dixerit
1096 4762 1339 4817 verbum
1363 4767 1566 4819 contra
1583 4764 1795 4820 Filium
1819 4765 2010 4822 homi-

364 4856 477 4923 nis,
512 4854 847 4910 remittetur
875 4852 949 4919 ei,
1002 4873 1031 4902 »
1063 4853 1356 4924 quomodo
1406 4852 1562 4909 idem
1611 4853 1792 4911 Filius
1842 4854 2007 4927 dixit,

2124 4790 2145 4818 ι
2178 4767 2277 4826 Ὃς
2308 4762 2354 4819 δ’
2404 4762 2461 4818 ἂν
2519 4761 2640 4836 εἴπῃ
2696 4759 2858 4838 λόγον
2916 4758 3052 4815 κατὰ
3105 4761 3207 4813 τοῦ
3263 4757 3391 4812 Υἱοῦ
3440 4754 3767 4834 ἀφεθήσεται

2118 4856 2283 4929 αὐτῷ,
2318 4876 2347 4905 ››
2378 4856 2496 4915 πῶς
2546 4850 2705 4914 αὐτὸς
2754 4852 2782 4906 6
2826 4850 2950 4913 Υἱὸς
2991 4850 3158 4904 εἶπεν·
3186 4871 3217 4900 ‹‹
3265 4847 3329 4904 Ὁ
3358 4843 3773 4921 ἀπαρνούμενός

365 4969 392 4995 ‹‹
428 4945 535 5012 Qui
572 4960 663 4998 me
694 4941 991 5015 negaverit
1019 4958 1215 4998 coram
1246 4942 1844 5017 hominibus,negabo
1872 4962 1991 5003 cun

2124 4966 2190 5020 με
2258 4943 2561 5019 ἔμπροσθεν
2621 4940 2943 5016 ἀνθρώπων,
3003 4937 3388 5014 ἀπαρνήσομαι
3445 4933 3606 4991 αὑτὸν
3667 4929 3773 5007 ἔμε

366 5050 560 5090 coram
596 5031 821 5104 angelis
848 5031 949 5089 Dei
978 5033 1020 5068 1⁷
1040 5032 1068 5087 ?
1099 5054 1128 5082 ››
1160 5032 1226 5088 Et
1255 5049 1480 5105 rursus,
1516 5035 1566 5092 si
1610 5052 1784 5094 omne
1813 5054 2013 5111 pecca-

440 5153 484 5187 n
506 5152 655 5227 Luc.
691 5167 815 5216 XIII,
847 5150 899 5221 4,
1004 5151 1048 5188 ¹³
1081 5151 1101 5205 Ι
1132 5150 1283 5208 Petr.
1316 5168 1391 5225 ιν,
1420 5152 1507 5209 18.
1585 5154 1632 5192 ¹⁴
1661 5155 1867 5227 Matth,
1901 5174 1958 5225 x,
1988 5166 1991 5207 ὲ

2187 5153 2229 5191 ⁸⁸
2262 5150 2467 5208 Matth.
2508 5165 2610 5220 xu,
2641 5148 2732 5219 31,
2763 5145 2855 5203 32.
2933 5146 2977 5183 ¹⁶
3007 5144 3055 5203 ΙΙ
3119 5146 3247 5201 Cor.
3296 5159 3383 5212 III,
3412 5142 3469 5199 6.
3549 5142 3596 5180 ¹⁷
3628 5141 3769 5197 Luc.

362 5241 462 5291 κη,
495 5226 548 5279 9.

2120 5036 2347 5114 προσθεν
2403 5036 2508 5089 τῶν
2567 5029 2808 5108 ἀγγέλων
2853 5031 2951 5084 τοῦ
2998 5031 3170 5102 θεοῦ,
3225 5048 3255 5079 ››
3302 5024 3393 5081 καὶ
3432 5022 3622 5097 πάλιν,
3682 5022 3772 5078 ἐὰν

440 5343 551 5414 (12)
586 5340 677 5395 Sic
711 5355 853 5414 mss.
897 5336 1050 5414 Editi
1079 5353 1255 5414 vero,_
1296 5337 1399 5392 Λιά
1444 5343 1630 5397 ταῦτα.
1683 5343 1842 5400 Infra
1897 5345 2013 5403 duo
2123 5342 2330 5414 Script.
2367 5354 2567 5414 sacrae,
2600 5352 2761 5414 num.
2795 5333 3111 5414 139,de‘qua
3142 5346 3202 5386 re
3231 5329 3361 5414 vide
3399 5327 3774 5414 Admpnitio-

369 5406 544 5479 1115's.;
577 5411 767 5485 πικρὸν
805 5406 1163 5485 ὑπομένοντες
1192 5408 1443 5485 θάνατον,

442 5482 821 5573 (“13)”lt‘adUO'
851 5483 990 5573 Reg.
1024 5486 1112 5573 μζιῦ
1137 5482 1415 5573 ϐάίτῒξζηέκ
1444 5483 1666 5573 ετούτρυ
1732 5491 2012 5563 μετρικοῦ.

375 5549 759 5621 ΙΠίΤξίίίάΟῐη,
793 5554 866 5627 ὡς
898 5549 996 5607 ούκ
1027 5549 1195 5627 οἶδεν.
1226 5554 1394 5627 Editi,
1429 5555 1502 5617 ὡς
1533 5553 1701 5613 οἶδεν.

443 5633 556 5703 (14)
588 5635 719 5703 βεδε·
752 5630 805 5697 ‘3.
840 5623 1125 5703 ἀμοιρῖίας-

447 5696 559 5775 (15⁷)
590 5696 720 5756 nam
743 5696 1249 5773 quastiOhabetur
1268 5701 1540 5773 superius
1562 5701 1621 5759 in
1639 5703 2016 5762 Testimoniis

2124 5397 2279 5471 οθωῖ
2343 5411 2499 5467 Infra
2552 5397 2724 5479 editi,
2784 5397 2925 5479 diu.“
2970 5397 3131 5477 λόγον
3190 5401 3350 5479 κατὰ.
3378 5403 3473 5479 τοῦ
3524 5397 3777 5479 Ιξνεύ-μα-

2121 5506 2237 5554 τος,
2271 5488 2404 5552 etc.,
2457 5472 2721 5537 omissis'
2759 5472 2982 5549 multis,
3042 5472 3172 5548 quae
3218 5491 3286 5531 ex
3314 5474 3509 5547 Regiis
3541 5472 3779 5529 duobus

2125 5556 2555 5631 supplevjmus.

2198 5616 2311 5707 (1‘9)
2339 5627 2498 5707 -Bea-
2532 5626 2557 5680 1
2594 5627 2653 5707 et
2680 5624 2735 5694 ἓν
2765 5616 3194 5707 sesama“-
3241 5685 3256 5707 .

2198 5629 2291 5697 (16
2362 5629 2498 5700 Reg.
2532 5629 2557 5680 1
2594 5629 2653 5680 et
2680 5629 2735 5694 2,
2768 5629 3194 5695 περιπίπτομεν.
3365 5685 3375 5700 ο

2197 5629 2311 5773 (ni
2339 5698 2426 5757 Ita
2455 5699 2570 5756 duo
2594 5696 2730 5768 Reg.
2765 5693 2918 5753 Editi
2948 5707 3101 5763 vero,
3131 5685 3265 5745 κατὰ
3294 5686 3463 5760 ἀξιαν.
