2036 3105
129 148 183 178 641

597 144 854 182 ΟΠᾸΞΞΤΙΟΝΕΘ
877 145 929 175 AD
952 144 1185 176 ANTIOCHUM
1209 146 1357 176 DUCEM.

1770 148 1831 178 642

130 216 203 241 πᾶσα
225 211 344 250 ἁμαρτία
368 211 413 239 καὶ
445 210 606 250 βλασφημία
631 210 793 250 ἀφεθήσεται
821 212 879 240 τοῖς
908 210 952 236 ἀν-

1016 212 1075 238 tum
1088 212 1117 239 et
1131 211 1315 247 blasphemia
1325 213 1492 240 remittetur
1502 211 1831 248 hominibus,quomodo

131 258 261 295 Θρώποις,
276 259 334 287 πῶς
350 256 395 284 καὶ
412 256 478 294 ὑπὲρ
497 256 583 294 ἀργοῦ
609 255 695 293 λόγου
719 253 868 292 ἀπολογίαν
898 253 954 281 δώ-

130 311 231 338 σομεν;
247 300 305 332 πῶς
321 301 336 328 6
351 299 441 339 λέγων
454 302 495 336 τῷ
508 299 620 339 ἀδελφῷ
642 299 736 335 αὐτοῦ,
751 299 842 335 Μωρὶ,
858 297 955 336 ἔνοχος

132 344 205 374 ἔσται
220 345 258 377 εἰς
271 346 321 380 τήν
343 345 451 383 γέενναν
475 346 524 372 τοῦ
553 344 656 381 πυρός;
672 346 731 375 πῶς
761 344 775 371 6
803 342 955 374 ἀπόστολος

132 390 241 421 Παῦλός
271 400 347 428 φησι-
374 402 389 416 α
419 389 464 423 Μὴ
493 387 642 424 πλανᾶσθε,
667 386 728 416 οὔτε
756 389 863 425 πόρνοι,
895 385 956 414 οὔτε

134 434 242 473 μοιχοὶ,
258 432 319 462 οὔτε
341 433 472 470 μαλακοὶ,
497 431 558 461 οὕτε
583 432 705 470 μέθυσοι,
729 431 790 460 οὔτε
819 430 954 469 λοίδοροι,

134 479 273 518 βασιλείαν
287 480 354 507 Θεοῦ
369 477 633 515 κληρονομήσουσι;
650 488 665 504 ››
681 477 733 506 Καὶ
755 477 778 505 εἰ
800 479 884 504 ταῦτα
908 475 955 503 οὕ-

132 535 184 556 τως
213 523 283 562 ἔχει,
297 526 358 556 πῶς
387 522 496 558 λοιπὸν,
511 522 571 550 sint
596 532 654 559 μοι,
669 525 742 550 πᾶσα
765 521 882 559 ἁμαρτία
911 520 955 548 καὶ

133 568 297 608 βλασφημία
311 568 474 606 ἀφεθήσεται
488 570 548 598 τοῖς
562 567 716 604 ἀνθρώποις
728 576 736 601 ;
748 566 798 594 Καὶ
813 566 856 594 ἐὰν
872 564 954 593 πάλιν

131 613 214 642 τοῦτο
242 613 354 649 ἀληθὲς,
384 611 429 640 διὰ
454 612 481 641 τί
506 611 603 639 λοιπὸν
633 610 788 649 ἐγκαλεῖται
817 611 831 637 6
861 609 957 642 ἅθλιος

133 658 285 696 Ὦριγᾶνης,
300 656 380 689 τέλος
402 657 544 693 κηρύττων
572 659 624 691 τῆς
652 655 792 686 κολάσεως
817 654 883 682 εἶναι
911 654 956 682 καὶ

133 702 310 741 συγχώρησιν
327 702 416 737 πάσης
445 700 578 739 ἁμαρτίας
600 699 733 739 γενέσθαι,
749 699 795 727 καὶ
815 702 873 730 τοῖς
899 697 955 726 δαί-

134 758 198 784 μοσι
224 746 270 774 καὶ
297 749 356 778 τοῖς
371 746 526 784 ἀνθρώποις
553 745 626 783 παρά
654 743 841 780 θεοῦςΠάλιν
861 742 890 772 δὶ
911 743 957 772 καὶ

133 791 174 820 ἐὰν
191 793 213 826 ἡ
229 791 269 823 εἷς
292 791 323 819 τὸ
348 793 455 827 Πνεῦμα
477 790 509 818 τὸ
532 791 608 828 ἅγιον
640 788 801 828 βλασφημία
825 788 875 816 οὐκ
899 787 957 826 ἕχεὶ

134 837 311 875 συγχώρησιν
337 834 381 863 διὰ
408 834 562 872 μετανοίας,
575 834 602 862 τί
628 833 761 873 μέμφεται
776 834 794 869 ἠ
810 832 959 868 Ἐκκλησία

134 881 258 909 Ναῦατον
273 881 329 917 (18)
351 877 576 916 ἆποϐαλλόμενον
600 879 650 914 τήν
681 878 822 916 μετάνοιαν
835 887 842 913 ;
867 878 905 907 Τὸ
931 876 960 904 δὲ

134 925 333 963 φωτεινότερον
362 924 407 952 καὶ
437 922 660 959 δυσκατάληπτον
692 923 778 951 ἐκεῖνό
807 922 877 950 ἐστιν
891 932 897 940 ·
918 921 959 950 ὅτι

133 970 161 1001 ὃς
176 969 205 997 δ’
220 970 251 997 ἂν
264 968 325 1007 εἷ’τιῃ
340 968 424 1006 λόγον
440 969 507 996 κατὰ
521 971 569 996 τοῦ
594 968 658 996 Υἱοῦ
683 969 844 1007 ἀφεθήσεται
875 967 958 1004 αὐτῷ·

134 1015 205 1043 ὥστε
221 1013 340 1043 ἐλάττων
355 1013 426 1042 ἐστὶν
440 1014 454 1041 6
474 1014 535 1045 Πὸς
550 1013 623 1051 παρὰ
642 1013 674 1040 τὸ
695 1014 805 1049 Πνεῦμα
826 1011 858 1040 τὸ
883 1012 959 1049 ἅγιον

134 1060 176 1087 καὶ
193 1060 240 1087 τὸν
258 1059 363 1096 Πατέρα
376 1059 442 1095 (19).
451 1058 500 1086 Καὶ
513 1058 541 1086 τί
556 1056 653 1085 λοιπὸν
667 1054 883 1093 ἀποϐαλλόμεθα
896 1055 961 1088 τοὺς

136 1103 276 1142 μυσαροῦς
293 1102 459 1140 Ἀρειανοὺς,
473 1102 537 1134 τοὺς
561 1101 767 1140 σμικρύνοντας,
780 1101 826 1129 καὶ
849 1098 962 1129 καταϐι-

135 1146 269 1184 ϐἁζοντας
282 1148 327 1176 τὸν
345 1148 407 1177 Υἱὸν
426 1148 496 1186 παρὰ
513 1147 545 1175 τὸ
572 1149 701 1184 Πνεῦμα;
717 1149 780 1178 Πῶς
809 1145 855 1174 οῦν
870 1147 884 1174 6
899 1146 961 1177 Υἱὸς

136 1195 223 1231 Λέγει·
254 1193 308 1229 ὅτι,
335 1205 350 1219 ι(
380 1193 453 1230 Ἐγὼ
481 1191 526 1220 καὶ
551 1192 566 1219 6
595 1192 688 1229 Πατὴρ
716 1189 744 1219 ἓν
767 1191 858 1228 ἐσμεν
875 1191 961 1227 nacti,

137 1251 149 1264 ιι
162 1240 195 1268 Ὁ
214 1238 254 1275 μή
269 1239 358 1274 τιμῶν
370 1237 416 1265 τὸν
443 1237 505 1264 Υἱὸν
531 1236 563 1264 οὗ
585 1238 654 1273 τιμᾷ
671 1236 718 1264 τὸν
742 1235 866 1274 Πατὲρα;
883 1247 898 1262 ››
913 1235 963 1263 Καὶ

134 1280 220 1312 πάλιν
249 1284 296 1310 νῦν
326 1292 417 1321 φησιν,
433 1280 474 1309 ὅτι
491 1293 505 1307 ‹‹
520 1284 567 1313 ⁸ος
584 1280 607 1309 δ’
631 1280 661 1309 ἂν
692 1279 754 1318 εἴπῃ
782 1279 864 1318 λόγον
894 1279 963 1308 κατᾶ

135 1331 182 1356 τοῦ
216 1328 289 1355 Ποῦ.
319 1327 479 1366 «φοϐήσεται
506 1325 580 1362 αὐτῷ
605 1327 705 1364 ν’Δρα
728 1324 786 1360 οὖν,
814 1325 872 1353 εἶπέ
904 1335 962 1361 μοι,

137 1372 320 1410 συνεχωρήθη
345 1372 363 1406 ἡ
386 1370 424 1402 εἰς
446 1371 491 1398 τὸν
518 1370 580 1398 Υῖὸν
609 1369 771 1409 βλασφημία
798 1370 962 1408 Ἀρειανοῖς,

136 1418 179 1446 καὶ
212 1419 407 1454 Σιμωνιανοῖς,
431 1416 477 1444 καὶ
504 1418 709 1450 Φωτεινιανοῖς,
738 1416 784 1443 καὶ
813 1412 964 1443 Σαϐελλια-

135 1465 204 1497 νοῖς,
220 1461 267 1489 καὶ
294 1463 353 1492 τοῖς
381 1459 492 1492 λοιποῖς
520 1463 584 1488 πᾶσι
608 1463 666 1491 τοῖς
691 1459 730 1491 εἲς
743 1460 793 1495 τὴν
821 1462 870 1488 τοῦ
899 1459 963 1487 Υἱοῦ

137 1508 276 1545 eripui-wn
308 1505 558 1544 βλασφημήσας-ως
574 1506 682 1543 ’Λπαγε
703 1505 754 1539 τῆς
782 1505 914 1536 ἀτοπίαςῐ
940 1505 963 1533 εἰ

135 1552 184 1589 γὰρ
202 1551 217 1578 6
233 1550 323 1588 λέγων
337 1550 382 1578 τὸν
396 1548 513 1589 ἀδελφὸν
540 1549 634 1585 αὐτοῦ,
649 1550 741 1588 Μωρὲ,
768 1548 864 1588 ἔνοχός
892 1549 963 1578 ἐστιν

1009 257 1038 283 et
1053 255 1087 283 de
1103 255 1196 283 otioso
1213 256 1300 284 verbo
1324 256 1466 284 rationem
1491 264 1596 284 sumus
1621 257 1763 285 reddituri
1789 258 1832 285 u'?

1009 300 1155 334 quomodo
1170 300 1221 336 qui
1237 300 1308 329 dicit
1323 301 1405 329 fratri
1419 301 1626 336 ευο,ιῈεῐιιο,››
1634 310 1701 329 reus
1715 302 1770 329 erit
1785 310 1832 338 ge-

1009 344 1112 372 hennae
1127 345 1205 381 ignis
1220 346 1263 373 "P
1278 345 1424 381 quomodo
1439 346 1509 373 item
1525 346 1681 381 Apostolus
1696 346 1746 382 ait,
1754 358 1768 371 ‹‹
1778 346 1835 374 No-

1009 388 1059 417 lite
1074 398 1171 418 errare
1188 399 1195 418 :
1212 398 1306 426 neque
1322 391 1581 427 fornicarii,neque
1598 391 1836 428 adulteri,neque

1011 434 1126 468 molles,
1142 443 1236 472 neque
1251 435 1369 470 ebriosi,
1386 444 1478 471 neque
1494 435 1630 464 maledici
1643 444 1766 472 regnum
1783 436 1834 465 Dei

1010 479 1203 515 possidebunt
1217 480 1262 508 ²⁰Ϋ
1276 491 1291 506 n
1306 481 1373 513 Quis
1388 480 1413 508 si
1429 480 1469 507 ita
1484 488 1516 507 se
1531 480 1649 516 habent,
1675 482 1833 516 quomodo,

1011 531 1120 559 quaeso,
1146 532 1233 552 omne
1257 527 1409 560 peccatum
1431 526 1460 552 et
1475 524 1656 560 blasphemia
1672 526 1836 554 remittetur

1010 567 1203 597 hominibus?
1216 570 1298 601 Quod
1314 569 1338 598 si
1352 577 1454 597 verum
1469 571 1524 603 est,
1541 577 1594 597 cur
1604 570 1666 604 jam
1682 570 1836 605 reprehens

1012 612 1090 640 ditur
1122 612 1222 641 infelix
1249 613 1387 650 Origenes
1421 614 1596 649 praedicasse
1618 614 1751 641 futurum
1781 614 1834 642 ali-

1011 657 1127 693 quando
1156 658 1294 694 supplicii
1310 658 1411 692 ﬁnem,
1426 658 1600 693 veniamque
1616 659 1712 686 omnis
1728 659 1837 694 peccati

1010 703 1075 729 tum
1092 701 1262 730 hominibus
1278 705 1341 730 tum
1358 702 1541 730 daemonibus
1563 702 1654 730 Deum
1679 711 1836 731 concessu-

999 745 1098 789 .rum?
1127 747 1157 774 Si
1181 747 1251 775 item
1274 747 1458 783 blasphemia
1481 747 1512 774 in
1536 747 1677 783 Spiritum
1701 751 1837 776 sanctum

1011 792 1125 819 veniam
1143 791 1254 820 nullam
1270 792 1441 828 poenitentia
1463 792 1586 827 obtinet,
1612 793 1681 828 quid
1707 794 1840 829 queritur

1013 835 1142 863 Ecclesia
1156 836 1301 864 Novatum
1318 836 1519 872 pcenitentiam
1535 837 1690 872 rejecisse?
1701 837 1776 865 Illud
1791 846 1841 865 nu-

1013 882 1074 908 tem
1088 880 1243 909 obscurius
1258 883 1285 909 et
1300 881 1451 909 difﬁcilius
1467 881 1614 909 intellectu
1630 885 1682 916 est,
1692 882 1838 918 quod,qui

1014 924 1118 953 dixerit
1134 925 1254 953 verbum
1268 928 1371 954 contra
1385 925 1502 960 Filium,
1519 926 1679 954 remittitur
1691 928 1726 962 ei,
1743 927 1783 955 ita
1807 930 1840 955 ut

1014 969 1105 998 Filius
1127 969 1248 998 inferior
1262 970 1395 998 videatur
1409 979 1473 998 esse
1486 970 1608 1006 Spiritui
1625 975 1726 999 sancto
1743 974 1771 999 et
1789 973 1839 1000 Pa-

1013 1013 1062 1042 tri.
1087 1014 1162 1047 Quid
1183 1022 1252 1050 ergo
1277 1015 1404 1042 nefarios
1427 1015 1550 1043 Arianos
1575 1015 1767 1051 detestamur,
1789 1017 1840 1052 qui

1015 1058 1121 1086 Filium
1135 1058 1240 1086 volunt
1253 1067 1317 1087 esse
1332 1059 1475 1087 minorem
1491 1062 1520 1087 et
1536 1059 1701 1088 inferiorem
1717 1061 1841 1096 Spiritu?

1016 1103 1072 1131 Cur
1086 1103 1177 1131 Filius
1191 1104 1254 1139 ipse
1272 1104 1404 1140 ait,«Ego
1418 1106 1447 1132 et
1461 1104 1548 1132 Pater
1562 1113 1654 1132 unum
1670 1114 1774 1134 sumus
1785 1107 1805 1123 ²¹
1815 1116 1840 1135 ε»

1015 1150 1054 1182 et,
1072 1158 1086 1172 ‹‹
1100 1148 1154 1180 Qui
1170 1156 1227 1176 non
1244 1148 1418 1176 honorificat
1442 1148 1559 1184 Filium,
1586 1157 1644 1177 non
1670 1150 1842 1179 honoriﬁcat

1016 1194 1131 1220 Patrem
1148 1193 1193 1220 "P
1207 1203 1222 1218 ι)
1238 1192 1388 1224 Quomodo
1403 1200 1471 1229 ergo
1486 1193 1564 1221 idem
1579 1196 1677 1222 tamen
1693 1203 1769 1223 nunc
1789 1196 1839 1230 ait,

1019 1247 1031 1261 ι
1056 1236 1111 1269 Qui
1135 1236 1241 1265 dixerit
1262 1237 1384 1265 verbum
1409 1239 1512 1265 contra
1535 1237 1651 1273 Filium,
1677 1240 1842 1268 remittetur

1016 1281 1066 1310 ei?
1090 1292 1104 1306 »
1128 1281 1212 1315 Nam,
1237 1281 1352 1317 amabo,
1378 1281 1562 1318 blasphemia
1586 1282 1616 1310 in
1641 1283 1747 1311 Filium
1772 1293 1840 1312 con-

1017 1327 1125 1354 donata
1148 1328 1194 1354 est
1215 1326 1343 1359 Arianis,
1367 1326 1556 1360 Simonianis,
1579 1327 1772 1362 Photinianis,
1790 1330 1841 1356 Sa-

1017 1370 1162 1405 bellianis,
1179 1370 1350 1406 cmterisque
1364 1371 1501 1399 omnibus
1524 1371 1573 1407 qui
1590 1372 1789 1407 blasphemiae
1812 1374 1841 1401 in

1019 1416 1095 1444 233
1116 1415 1223 1443 Christi
1256 1415 1487 1443 incarnationem
1502 1416 1708 1451 protulerunt?
1731 1418 1841 1454 Apage,

1017 1460 1047 1488 id
1067 1461 1239 1489 absurdum.
1264 1460 1338 1488 Nam
1363 1461 1388 1488 si
1415 1461 1440 1489 is
1473 1461 1523 1497 qui
1558 1461 1640 1489 fratri
1673 1471 1726 1490 suo
1760 1463 1841 1497 dicit,

1018 1516 1032 1531 «
1048 1505 1146 1539 Fatue,
1169 1516 1184 1531 ››
1208 1513 1276 1533 reus
1297 1507 1342 1533 est
1365 1505 1504 1541 gehennae
1533 1505 1610 1542 ignis
1628 1515 1634 1534 :
1652 1507 1780 1542 qualem,
1796 1508 1843 1535 dic

1018 1549 1092 1577 mihi
1116 1549 1146 1577 in
1175 1549 1339 1586 gehennam
1368 1549 1508 1586 gehennae
1535 1551 1705 1586 projicietur
1729 1552 1764 1586 is,
1791 1552 1841 1588 qui

137 1584 174 1627 ξιξ
204 1596 256 1630 τήν
274 1584 392 1632 *γέενναν
418 1584 476 1622 τοῦ.
491 1595 589 1632 πυρὸς,
615 1593 653 1626 εἷς
677 1584 755 1622 ποίαν
779 1584 888 1630 λοιπὸν,
905 1595 962 1623 εῗπὲ

1018 1595 1076 1622 Deo
1100 1602 1154 1622 suo
1177 1584 1258 1629 dicit,
1284 1584 1395 1630 Greate,
1420 1596 1448 1622 et
1463 1603 1521 1623 non
1535 1584 1667 1629 Fili—Dei,
1684 1596 1734 1624 sed
1750 1584 1843 1632 serve,

139 1651 198 1677 μοι,
219 1639 326 1679 γέενναν
354 1639 464 1676 γεέννης
495 1638 662 1677 βληθήσεται
692 1639 706 1666 ὁ
727 1637 815 1677 λέγων
839 1641 879 1675 τῷ
908 1642 966 1676 Θεῷ

139 1685 233 1713 αὐτοῦ’
251 1684 350 1713 Κτιστὶ
373 1685 439 1721 (20),
468 1683 513 1711 καὶ
540 1683 617 1721 οὐχὶ,
642 1683 686 1711 Υἱὲ
713 1686 762 1711 τοῦ
788 1685 864 1719 Θεοῦ,
895 1683 967 1712 ἀλλὰ

141 1729 234 1765 δοῦλε,
250 1728 297 1756 καί
326 1728 454 1766 ὖπουργὶ,
478 1728 523 1756 καὶ
552 1727 648 1766 μικρὴ
663 1727 712 1756 Καὶ
741 1727 776 1762 εἰ,
800 1727 874 1759 ὅστις
903 1727 966 1766 εἴπῃ

142 1775 225 1813 λόγον
254 1773 324 1801 κατᾶ
336 1775 385 1800 τοῦ
413 1773 488 1806 Υἱοῦ,
510 1772 670 1812 ἀφεθήσεται
698 1772 782 1808 αὐτῷ,
798 1775 858 1804 πῶς
887 1772 968 1804 αὐτὸς

139 1820 153 1846 6
168 1820 232 1851 Υἱὸς
254 1818 338 1851 εἶπεν,
354 1817 396 1844 ὅτι
409 1818 440 1846 Ὁ
457 1818 494 1854 μὴ
519 1817 634 1855 τρώγων
662 1827 715 1853 μου
735 1817 785 1851 τὴν
812 1816 905 1855 σάρκαι
922 1817 968 1844 καὶ

138 1864 224 1892 πίνων
243 1873 298 1900 μου
312 1862 344 1890 τὸ
359 1863 440 1899 αἷμα,
455 1861 505 1889 οὐκ
528 1860 586 1899 ἔχει
615 1862 687 1896 ζωὴν
711 1861 841 1896 αἱώνιον;
858 1863 916 1894 πῶς
939 1860 968 1889 δὲ

138 1908 250 1937 δύναταί
266 1918 307 1939 τις
323 1906 461 1945 ἀτιμάζων
484 1906 530 1934 τὸν
552 1906 626 1940 Υἱὸν,
641 1908 723 1943 τιμᾷν
745 1907 777 1934 τὸ
801 1905 911 1943 Ηνεῦμα
935 1907 967 1934 τὸ

138 1954 235 1992 ἄγιον;
268 1953 282 1980 6
306 1952 358 1990 γὰρ
386 1951 526 1988 ἀτιμάζων
555 1952 611 1987 (21)
636 1950 682 1978 τὸν
709 1950 771 1978 Υἱὸν
812 1949 897 1986 δῆλον
925 1951 966 1979 ὅτι

138 1999 298 2036 ἀηρνεῖται
326 1996 358 2024 τὸ
390 1996 540 2034 βάπτισμα·
556 1996 570 2023 6
589 1994 620 2023 δὲ
648 1995 679 2022 τὸ
710 1994 850 2033 βάπτισμα
877 1995 966 2033 ἀπαρ-

138 2042 273 2079 νούμενος
301 2040 388 2076 δῆλον
415 2039 458 2068 ὅτι
479 2040 512 2068 τὸ
539 2042 649 2076 Πνεῦμα
661 2040 693 2067 τὸ
709 2040 782 2078 ἅγιον
808 2038 965 2068 ἀποδύεται.

137 2088 192 2115 Καὶ
207 2087 300 2124 ὥσπερ
318 2085 362 2113 ἐπὶ
376 2087 426 2113 τοῦ
454 2085 585 2120 αἰσθητοῦ
613 2084 708 2120 ἡλίου,
724 2083 767 2112 ἐὰν
788 2084 839 2119 τήν
863 2085 967 2121 θερμήν

138 2131 155 2166 ἧ
170 2137 223 2167 τήν
239 2131 336 2159 ἀκτῖνα
349 2130 432 2158 αὐτοῦ
459 2126 637 2167 καθυϐρίσῃς,
653 2128 692 2160 εἰς
719 2128 786 2164 ὅλην
811 2130 861 2164 τήν
887 2129 965 2168 φύσιν

136 2179 186 2204 τοῦ
203 2176 287 2211 ἡλίου
304 2176 322 2210 ἠ
338 2172 417 2213 ὕϐρις
432 2173 583 2212 ἀνατρέχεν
600 2173 671 2201 οὕτω
686 2172 731 2201 καὶ
748 2173 791 2201 ἐπὶ
815 2175 863 2201 τοῦ
890 2183 966 2212 τρισ-

138 2221 224 2257 ηλίου
251 2224 303 2255 τῆς
331 2219 406 2258 ἁγίας
434 2217 551 2257 Τριάδος
580 2218 669 2256 φωτὸς
697 2217 742 2245 καὶ
776 2221 920 2256 φωστῆρος
947 2219 964 2253 ἠ

1022 1638 1156 1667 minister
1170 1640 1199 1667 et
1213 1640 1321 1674 parve?
1335 1639 1368 1666 Et
1382 1638 1407 1666 si
1423 1639 1474 1675 qui
1490 1639 1596 1667 dixerit
1610 1641 1730 1669 verbum
1744 1644 1844 1669 contra

1022 1683 1139 1717 Filium,
1157 1683 1321 1712 remittetur
1335 1683 1371 1717 ei,
1389 1684 1536 1719 quomodo
1559 1684 1622 1721 ipse
1645 1686 1735 1714 Filius
1761 1687 1844 1721 dixit,

1024 1728 1094 1762 «Qui
1110 1736 1169 1756 non
1183 1728 1342 1756 manducet
1356 1736 1451 1756 meam
1464 1737 1648 1763 carnem,ncc
1659 1730 1733 1758 bibit
1746 1739 1843 1758 meum

1022 1773 1269 1808 sanguinem,non
1284 1772 1403 1801 habebit
1415 1773 1505 1801 vitam
1519 1775 1656 1801 aeternam
1664 1774 1787 1806 ²³ἲυουἱε
1797 1783 1846 1802 ve-

1022 1826 1054 1845 ro
1065 1817 1170 1845 Filium
1183 1817 1480 1853 spernens,Spiritum
1493 1820 1627 1845 sanctum
1641 1819 1745 1853 poterit
1757 1819 1846 1846 hono-

1022 1861 1152 1898 rare?qui
1163 1863 1261 1890 autem
1271 1861 1377 1889 Filium
1388 1861 1590 1897 spernit,certe
1604 1862 1749 1897 baptisma
1760 1865 1848 1899 negat

1021 1906 1094 1934 ille:
1117 1909 1147 1934 at
1168 1906 1219 1942 qui
1243 1906 1391 1942 baptisma
1422 1908 1517 1941 negat,
1545 1907 1672 1941 profecto
1704 1907 1846 1943 Spiritum

1022 1953 1157 1979 sanctum
1182 1950 1273 1978 exuit.
1296 1953 1338 1978 Ac
1361 1950 1610 1986 quemadmodum
1633 1950 1659 1977 in
1677 1950 1737 1978 sole
1752 1952 1848 1979 sensi-

1022 1995 1085 2029 bili,
1101 1995 1125 2023 si
1141 1995 1205 2030 ejus
1221 1994 1347 2022 calorem
1364 1994 1407 2022 vel
1423 1994 1522 2022 radios
1538 1995 1676 2022 conviciis
1693 1996 1781 2023 velles
1804 1996 1848 2024 la-

1021 2048 1145 2075 cessere,
1171 2039 1340 2074 hujusmodi
1356 2039 1465 2075 injuria
1477 2039 1507 2066 in
1522 2041 1616 2067 totum
1631 2039 1721 2067 solem
1738 2040 1846 2068 recide-

1021 2087 1074 2121 ret,
1091 2084 1132 2112 ita
1146 2084 1177 2111 in
1192 2082 1300 2119 triplici
1315 2083 1366 2111 illo
1381 2082 1442 2112 sole
1458 2086 1566 2111 sanctae
1582 2084 1747 2117 Trinitatis,
1760 2085 1847 2112 lumi-

1020 2130 1066 2158 nis
1081 2132 1110 2157 et
1124 2128 1291 2161 luminaria,
1307 2128 1332 2155 si
1348 2128 1414 2163 quis
1431 2136 1519 2155 unam
1535 2128 1707 2164 hypostasin
1725 2129 1852 2165 ἱεοοωὶο

1020 2175 1070 2203 nia
1081 2173 1199 2208 afﬁciet,
1215 2181 1249 2200 ea
1262 2172 1397 2208 impietas
1411 2174 1500 2200 totam
1517 2172 1728 2208 plenitudinem
1746 2173 1850 2201 divini-

1021 2219 1094 2247 tatis
1109 2217 1241 2246 offendit.
1262 2217 1335 2250 Quid
1363 2216 1451 2252 igitur
1472 2219 1517 2244 est
1543 2218 1619 2253 quod
1646 2217 1788 2246 Dominus
1812 2219 1849 2246 ad

136 2268 188 2299 τῆς
205 2267 260 2303 (22)
278 2267 343 2302 pnite
369 2264 540 2294 ὑποστάσεως
566 2263 661 2299 ἀτιμία
689 2262 788 2294 παντὸς
814 2265 863 2290 τοῦ
890 2262 962 2299 πλη-

1017 2264 1133 2293 Judeeos
1158 2262 1208 2295 ait,
1234 2261 1313 2297 quod
1338 2269 1425 2289 omne
1452 2264 1604 2296 peccatum
1621 2265 1649 2289 et
1665 2263 1850 2299 blasphemia

138 2311 268 2348 ρώματος
283 2313 335 2345 τῆς
356 2308 485 2344 θεότητός
513 2308 568 2335 ἐστι
599 2307 771 2346 βλασφημία.
787 2307 817 2335 Τί
846 2307 893 2335 οῦν
909 2307 964 2336 ἐστι

135 2355 169 2383 τὸ
199 2354 252 2383 ὗπϐ
275 2356 324 2382 τοῦ
353 2353 453 2390 Κυρίου
480 2353 549 2391 πρὸς
573 2351 718 2382 Ἰουδαίους
747 2351 908 2390 λεγόμενον,
924 2351 966 2380 ὅτι

137 2402 214 2427 πᾶσι
237 2398 357 2436 ἁμαρτία
384 2398 430 2426 κὶα
460 2396 621 2436 βλασφημία
650 2397 811 2435 ἀφεθήσεται
836 2399 894 2428 τοῖς
924 2397 968 2424 ἆν-

137 2445 274 2482 θρώποις,
289 2444 334 2471 καὶ
363 2443 393 2474 ὃς
423 2441 491 2470 δ’ἃν
520 2441 582 2479 εἴπῃ
611 2441 693 2480 λόγον
720 2441 789 2468 κατὰ
815 2440 863 2468 τοῦ
892 2441 967 2478 Υἱοῦ,

137 2488 301 2526 ἀφεθήσεται
330 2487 458 2523 αὐτῷ-ὂς
474 2485 498 2514 δ’
522 2486 551 2514 ἂν
582 2484 644 2523 εἴτι-ῃ
670 2485 739 2513 κατά
767 2487 816 2512 τοῦ
847 2485 970 2523 Πνεύμα-

140 2566 203 2628 δί’
220 2564 321 2609 Matth.
337 2572 389 2598 xii,
405 2563 451 2591 36.

178 2708 239 2774 $492
253 2708 328 2745 Post,
343 2708 389 2738 καὶ
416 2711 462 2738 τὸν
492 2709 607 2747 Πατέρα,
628 2712 697 2754 Reg.
714 2710 732 2736 2
755 2711 784 2738 et
847 2708 967 2754 habent,

210 2757 227 2773 τ
259 2747 355 2774 λοιπὸν
379 2743 594 2774 ἀποϐαλλόμιθα
616 2755 681 2774 τους
708 2754 843 2774 μυσαοους
866 2745 967 2774 Αρεια-

141 2743 190 2790 ιιαὲ
210 2743 238 2773 τί
259 2743 355 2791 λιειτέδν
379 2743 970 2792 “eameaEWErmeiijéPsr:

142 2782 225 2818 νοὺς,
249 2782 312 2814 τοὺς
350 2777 546 2818 σμικρύνοντάς
568 2777 630 2809 Qui
666 2777 900 2815 καταϐιϐἄζονταέ
923 2779 969 2807 τὸν

142 2817 211 2846 τεὸν
227 2819 297 2858 παρά
310 2818 342 2846 τὸ
354 2819 483 2855 Euippe;
499 2818 549 2846 Καὶ
576 2819 637 2850 πῶς
652 2817 666 2845 ὁ
681 2816 755 2848 Υἱός.
771 2818 836 2852 Quae
863 2823 917 2845 nec
940 2816 971 2845 in

178 2675 228 2711 (48
253 2676 322 2712 Reg.
336 2676 366 2711 2,
381 2670 515 2703 Νάϐατον.

178 2676 239 2773 ei
253 2710 515 2773 caesae

509 2563 530 2581 ¹⁹
546 2562 650 2591 Matth.
665 2571 692 2598 v,
705 2563 752 2591 20.
799 2563 822 2580 ²⁰
838 2563 850 2589 Ι
864 2561 929 2590 Cor.
944 2568 983 2597 vt,
1000 2561 1044 2589 10.

1021 2307 1187 2336 remittetur
1200 2305 1383 2339 hominibus,
1400 2307 1438 2339 et,
1456 2305 1506 2341 qui
1522 2306 1627 2334 dixerit
1644 2308 1764 2335 verbum
1780 2316 1849 2336 con-

1020 2355 1066 2380 tra
1081 2350 1368 2384 Filium,remittetur
1383 2350 1409 2378 ei
1424 2358 1430 2377 :
1446 2350 1500 2385 qui
1516 2353 1614 2378 autem
1632 2352 1736 2379 dixerit
1752 2353 1852 2380 adver-

1021 2405 1073 2425 sus
1087 2395 1228 2432 Spiritum
1244 2397 1379 2422 sanctum
1396 2402 1455 2421 non
1470 2395 1636 2423 remittetur
1650 2397 1685 2430 ei,
1704 2405 1797 2432 neque
1818 2396 1849 2423 in

1022 2439 1159 2477 praesenti
1182 2438 1288 2466 saeculo
1313 2446 1405 2474 neque
1429 2438 1459 2465 in
1483 2438 1605 2467 futuro?
1620 2441 1737 2468 Attenta
1753 2443 1850 2468 mente

1023 2485 1188 2517 audiamus,
1206 2490 1258 2510 nec
1274 2490 1416 2510 erremus.
1432 2482 1591 2518 Christum,
1609 2487 1674 2519 post
1690 2485 1850 2520 inexplica-

1101 2560 1123 2578 ²¹
1139 2559 1225 2587 Josn.
1241 2566 1269 2593 x,
1285 2558 1329 2585 30.
1386 2558 1410 2575 ²²
1424 2558 1509 2586 Joan.
1525 2567 1554 2592 v,
1569 2560 1613 2587 23.
1671 2562 1692 2577 ³³
1708 2561 1792 2588 Joan.
1809 2568 1849 2592 νι,

1023 2671 1110 2699 editis
1125 2671 1306 2705 comparent,
1330 2677 1381 2697 nee
1406 2677 1494 2705 supra
1516 2669 1545 2698 in
1570 2671 1751 2699 Testimonia
1775 2671 1850 2699 Scri-

1025 2706 1194 2744 pturzretubi
1211 2706 1270 2733 haec
1286 2708 1426 2744 leguntur
1440 2714 1522 2744 num.
1538 2707 1583 2735 49.

1061 2743 1118 2776 (20)
1135 2743 1194 2769 Duo
1209 2750 1295 2775 11186.,
1310 2740 1452 2769 κλειστὸν...
1473 2741 1566 2776 υἱὸν...
1583 2740 1681 2769 δοῦλον
1698 2746 1752 2770 etc.

1060 2775 1116 2815 (2i)
1132 2778 1182 2815 §ie
1197 2785 1269 2815 mss.
1287 2777 1356 2815 duo.
1372 2777 1460 2815 Editi,
1475 2776 1490 2803 6
1504 2775 1592 2815 δεάγ.

1060 2812 1117 2852 (22)
1132 2814 1204 2850 Reg.
1220 2813 1248 2848 2,
1265 2812 1354 2852 φωτὸς
1368 2812 1413 2840 καὶ
1428 2812 1589 2851 μυστηρίου,
1607 2813 1623 2848 ἠ
1639 2815 1700 2847 τῆς.
