2036 3105
187 177 245 206 643

770 171 799 200 S.
824 168 1084 199 ATHANASIUS.
1098 185 1135 190 -—
1155 168 1312 200 SPURIA.

1832 172 1892 202 644

186 242 275 270 bilem
291 239 592 275 unionem,duplicem
607 245 682 270 esse,
698 245 803 272 nempe
818 244 851 263 ex
861 235 1007 263 divinitate

1067 243 1114 264 τος
1136 236 1185 261 τοῦ
1210 234 1300 271 ἁγίου⁷
1316 235 1366 262 οὐκ
1385 235 1545 274 ἆφεθησεται
1567 235 1640 271 αύτῷ
1664 234 1725 263 οὔτε
1748 236 1774 262 ἐν
1789 236 1830 272 τῷ
1843 238 1890 263 νῦν

187 289 215 314 et
231 285 415 313 humanitate
431 286 575 316 constare.
592 290 681 310 sacrm
697 281 782 309 nobis
795 280 924 308 clamant
936 279 1012 307 Scri-

187 334 279 367 ptura
296 338 303 357 ζ
322 338 389 357 nam
410 341 420 354 ι
437 328 566 356 Verbum
582 336 648 354 caro
665 328 773 354 factum
788 327 833 353 est
857 325 889 351 ".
915 334 929 349 ››
954 324 1014 351 Ita-

186 384 243 411 que
257 375 343 402 Verbi
361 373 543 401 divinitatem
559 371 694 399 Christus
710 370 773 406 ipse
787 369 928 405 Spiritum
945 376 1013 396 san-

185 423 264 448 ctum
283 416 671 454 appellal,quemadmodum
685 415 721 443 ad
729 414 943 442 Samaritanam
960 412 1011 440 ait:

187 476 201 490 ‹‹
218 465 295 492 Deus
308 463 436 499 Spiritus
450 465 510 490 est:
521 462 542 479 ²⁶
552 472 566 485 ι)
581 469 666 488 suam
676 462 774 488 autem
788 458 1012 490 humanitatem,

185 509 289 537 Filium
316 508 444 535 hominis
469 514 573 534 rursus
597 504 737 541 appellat,
760 502 1011 539 quemadmodum

184 553 253 580 alibi
267 554 302 579 de
319 553 434 587 propria
449 558 535 578 carne
550 550 591 577 ait
607 558 613 576 ι
631 560 645 574 ‹‹
662 549 744 576 Nunc
761 548 943 583 gloriﬁcatus
967 547 1012 573 est

185 598 275 625 Filius
292 596 418 624 hominis
432 596 463 623 ³⁵.
475 605 490 620 ››
500 594 593 630 igitur
606 593 711 625 Judaei,
721 593 771 628 qui
787 592 879 620 Deum
896 598 1013 626 semper

181 642 368 670 oll‘endehant
383 643 410 667 ot
426 638 617 675 blasphemiis
628 635 1011 672 insectabantur,duplicem

179 688 320 714 adversus
331 686 478 713 Christum
492 683 703 711 commiserunt
715 681 928 717 blasphemiam
941 689 947 707 :
960 679 1009 708 alii

178 732 254 759 enim
273 738 389 758 carnem
405 730 468 764 ejus
484 728 544 755 sivo
554 727 660 755 Filium
670 726 799 754 hominis
807 724 1010 757 oﬁ'endebant,

180 776 236 804 rati
252 775 422 810 prophetam
437 773 536 809 ipsum
552 779 616 800 esse
633 779 690 798 non
707 772 806 798 autem
821 770 915 797 Deum
928 777 934 796 ε
947 768 1009 803 qui-

181 823 237 848 bus
253 819 367 847 veniam
385 818 474 845 dedit.
491 816 643 853 Siquidem
659 814 776 843 initium
793 812 1010 850 praedicationis

182 863 448 897 erat,nondumque
463 863 578 896 poterat
595 859 725 887 mundus
740 858 832 886 Deum
847 857 931 885 illum
948 864 1009 884 cre-

182 909 249 936 dere
264 907 314 943 qui
331 907 417 934 homo
433 905 601 942 apparebat.
620 905 691 931 Hinc
705 902 840 931 Christus
862 902 913 935 ait,
938 901 1009 934 Qui-

181 960 297 988 cunque
313 950 417 979 dixerit
431 949 553 977 verbum
568 949 670 976 contra
684 947 789 975 Filium
805 944 1009 981 hominis,sive

180 1000 280 1026 contra
296 1004 412 1031 corpus,
438 994 604 1022 remittetur
627 993 662 1020 ei.
688 992 786 1019 Audeo
811 991 890 1018 enim
914 989 1009 1017 dicere

181 1049 276 1077 neque
292 1042 372 1076 ipsos
388 1041 486 1067 beatos
501 1039 565 1073 ejus
576 1036 738 1072 discipulos
747 1036 903 1072 perfectam
914 1034 1009 1070 ipsius

183 1086 346 1114 divinitatis
371 1084 511 1112 habuisse
535 1082 742 1118 cognitionem,
766 1081 857 1108 donec
881 1079 1008 1114 Spiritus

183 1133 303 1159 sanctus
319 1130 365 1156 die
382 1127 602 1156 Pentecostesin
611 1134 660 1153 eos
677 1125 800 1161 illapsus
813 1123 1008 1152 esseet.Nam-

183 1183 241 1211 qua
255 1175 344 1202 etiam
360 1175 426 1209 post
441 1170 684 1200 resurrectionem
700 1169 750 1197 alii
765 1168 849 1196 illum
872 1167 1009 1195 viderunt

184 1224 212 1248 et
229 1220 404 1251 adorarunt;
422 1216 543 1253 quidam
559 1218 657 1243 autem
674 1214 892 1246 dubitaverunt,
908 1215 937 1240 at
950 1220 1007 1240 non

183 1264 291 1292 idcirco
326 1263 404 1290 fuere
428 1260 627 1289 condemnati.
653 1259 705 1292 Qui
738 1261 835 1286 autem
869 1257 1008 1285 adversus

183 1308 327 1344 Spiritum
345 1308 480 1334 sauctum
501 1305 684 1341 proferebant
709 1301 923 1339 blasphemiam
948 1300 1008 1329 sive

184 1354 326 1381 adversus
344 1351 451 1379 Christi
467 1349 660 1383 divinitatem,
678 1356 744 1376 cum
761 1355 864 1382 nempe
878 1346 940 1374 haec
964 1345 1007 1373 di-

135 1399 138 1402 ’
182 1400 282 1426 cercnt
299 1406 304 1424 :
323 1408 336 1421 ‹‹
356 1397 384 1422 ln
411 1393 561 1423 Beelzebul
585 1393 717 1429 principe
740 1392 905 1419 daemonum
928 1390 1009 1425 ejicit

183 1441 327 1470 dminonia
341 1441 363 1457 ³⁷
381 1449 386 1467 ;
404 1452 416 1464 ιι
433 1439 479 1467 his
495 1438 535 1466 ait
551 1447 557 1466 :
576 1449 589 1463 ι(
607 1437 669 1466 Non
685 1437 849 1465 remittetur
870 1443 964 1470 neque
978 1434 1006 1462 in

182 1485 319 1522 praesenti
337 1484 441 1512 smculo
458 1491 550 1519 neque
572 1483 602 1510 in
627 1482 734 1509 futuro.
761 1493 771 1506 ι
798 1480 1007 1508 Verumtamen

183 1530 398 1559 observandum
424 1531 468 1557 est
492 1528 639 1556 Christum
657 1535 714 1555 non
730 1526 846 1560 dixisse,
863 1525 912 1561 qui
930 1524 1007 1552 blus-

183 1575 316 1611 phcrnias
334 1573 498 1609 protulerit,
515 1574 543 1600 et
555 1572 646 1608 egerit
661 1571 874 1607 pmnitentiam,
889 1569 931 1597 illi
950 1577 1007 1597 non

183 1608 362 1653 remittetur,
392 1617 441 1645 sed
464 1617 515 1653 qui
530 1616 730 1652 blasphemiae
746 1615 865 1651 profert,
882 1614 942 1642 sive
957 1613 1005 1650 qui
1022 1608 1043 1642 C

180 1665 209 1692 in
228 1662 419 1698 blasphemiis
440 1663 616 1697 perseverat.
633 1659 752 1688 Nullum
774 1659 852 1687 enim
869 1660 913 1686 est
938 1666 1004 1694 pec-

181 1711 278 1736 catum
293 1707 370 1742 quod
388 1715 444 1733 non
460 1706 603 1733 condonet
618 1705 695 1732 Deus
709 1704 746 1732 iis
761 1704 808 1739 qui
821 1703 965 1731 sinceram
977 1704 1006 1731 et

182 1753 300 1789 dignam
317 1754 407 1787 agunt
423 1749 635 1787 pmnitentiam.

219 1887 332 1918 Qumsr.
352 1884 493 1912 LXXXIII.
509 1883 581 1916 Quid
593 1891 661 1919 ergo
671 1883 685 1910 Τ
697 1882 853 1912 Veniamne
866 1881 1005 1917 pceniten-

182 1931 223 1959 tia
238 1931 263 1958 is
279 1930 469 1965 consequitur
484 1928 533 1964 qui
550 1928 699 1956 Christum
715 1929 812 1963 negat,
829 1929 855 1954 et
868 1925 1004 1962 blasphe-

182 1975 273 2003 miam
290 1975 318 2002 in
335 1974 474 2010 Spiritum
493 1974 628 2000 sanctum
645 1971 773 2009 profert?

217 2020 303 2047 Rssr.
319 2019 386 2045 'I‘ria
400 2018 587 2053 baptismate,
612 2025 677 2052 quae
705 2015 827 2053 quodvis
851 2017 1004 2052 peccatum

180 2063 295 2099 expiare
310 2063 432 2098 possint,
448 2062 525 2089 Deus
539 2064 650 2089 natura:
665 2061 818 2089 hominum
835 2060 981 2089 concessit
996 2068 1002 2087 :

182 2116 286 2143 nempe
302 2116 394 2142 aqum,
412 2107 522 2142 proprii
537 2106 690 2142 sanguinis
704 2114 755 2142 per
771 2106 954 2141 martyrium.
976 2107 1005 2133 et

180 2153 299 2180 tertium
319 2161 368 2187 per
383 2152 535 2187 lacrymas,
557 2159 608 2186 per
630 2150 706 2186 quod
732 2152 855 2186 purgata
879 2152 923 2178 est
945 2157 1004 2177 me-

181 2197 271 2225 retrix
285 2197 316 2223 ’⁸.
334 2198 398 2231 lpsc
415 2196 484 2223 item
505 2196 672 2223 sanctorum
698 2193 895 2229 apostolorum
922 2202 1003 2230 cory-

181 2241 280 2275 phaeus
306 2243 408 2267 Petrus
431 2239 503 2267 fusis
523 2240 588 2275 post
604 2238 788 2274 negationem
804 2238 941 2274 lacrymis
957 2247 1004 2266 ac-

181 2288 283 2320 ceptus
300 2286 342 2311 est
357 2287 384 2311 ct
399 2286 541 2311 servatus.
558 2282 639 2314 Quod
655 2282 678 2309 si
695 2282 800 2309 Christi
823 2283 939 2318 negatio
961 2290 1004 2310 re-

182 2329 317 2361 mittitur,
334 2337 390 2355 non
407 2330 506 2355 autem
519 2327 647 2363 Spiritus
663 2325 757 2354 sancti
774 2326 899 2362 negatio,
911 2326 1007 2362 sequi.

181 2376 229 2401 tur
242 2375 274 2400 ut
288 2373 379 2400 Filius
395 2372 515 2399 inferior
529 2371 568 2399 sit
577 2371 684 2407 Spiritu
701 2372 811 2398 sancto.
829 2370 905 2398 Audi
921 2379 1006 2407 porro

180 2418 336 2453 Scriptura:
353 2417 568 2448 testimonium,
585 2423 637 2443 nec
662 2415 777 2443 credere
801 2415 916 2443 dubites
941 2414 1006 2442 nul-

180 2462 242 2489 lum
259 2462 383 2497 quodvis
401 2464 552 2497 peccatum
567 2469 643 2494 esse,
658 2460 736 2495 quod
754 2459 802 2487 Dei
819 2459 1007 2487 clementiam

183 2506 289 2534 vincat.
307 2507 383 2534 234
401 2506 447 2533 Sic
463 2505 552 2541 igitur
566 2505 644 2533 Deus
659 2504 788 2540 loquitur
803 2513 854 2540 per
873 2504 1007 2532 Ezechie-

181 2550 239 2578 lcm
257 2551 430 2586 prophetam
453 2558 459 2577 :
486 2561 499 2574 «
526 2550 596 2577 Vivo
620 2558 684 2585 ego,
710 2549 781 2577 dicit
805 2549 957 2582 Dominus,
983 2549 1009 2576 si

182 2595 248 2631 quis
274 2595 361 2623 homo
375 2594 475 2623 omnia
488 2594 586 2622 fecerit
600 2597 731 2630 peccata.
746 2594 903 2630 ipsumque
918 2594 948 2621 in
959 2594 1009 2630 ju-

1067 278 1145 305 αίῶνι
1176 277 1238 306 οὔτε
1266 279 1291 306 ἐν
1320 282 1360 315 τῷ
1386 279 1534 316 μὲλλοντις
1552 282 1696 318 Νουνεχῶς
1718 280 1891 316 ἀκούσωμεν,

1066 322 1110 349 καὶ
1129 323 1166 358 μή
1194 322 1387 360 πλανηοῶμεν.
1405 324 1498 351 Διττὸν
1524 324 1592 351 εἶναι
1612 324 1657 351 τὸν
1681 325 1795 361 Χριστὸν
1825 327 1892 361 μετά

1066 367 1115 401 τήν
1132 366 1266 405 ἄφραστον
1295 366 1490 407 hmo-moniti
1518 369 1551 403 δὴ
1581 368 1610 396 ἐκ
1639 368 1767 404 θεότητος
1796 369 1842 396 καὶ
1866 369 1891 406 ἐξ

1067 410 1286 448 ἀνθρωπότητος,
1302 412 1329 439 αἱ
1344 413 1413 449 ἱεραὶ
1429 413 1497 449 ἡμῖν
1519 410 1649 440 διαϐοῶσι
1666 412 1779 452 Γραφαί·
1797 426 1812 440 α
1828 414 1859 442 Ὁ
1876 426 1890 439 1)

1065 455 1116 493 γὰρ
1131 468 1145 481 (ι
1162 455 1251 493 Λόγος
1282 457 1345 493 σὰρξ
1374 456 1487 494 ἐγένετο.
1511 469 1525 483 n
1548 458 1601 491 Τὴν
1630 460 1695 495 γοῦν
1725 460 1774 485 τοῦ
1802 457 1890 496 Λόγου

1066 499 1181 535 θεότητα
1209 501 1223 527 ὁ
1252 501 1332 532 αὐτὸς
1358 501 1474 539 Χριστὸς
1503 503 1613 538 Πνεῦμα
1642 502 1719 539 ἅγιον
1751 502 1891 539 ὀνομάζει,

1065 544 1134 571 καθά
1158 544 1203 572 καὶ
1229 545 1297 581 πρὸς
1321 545 1371 579 τήν
1398 548 1560 581 Σαμαρεῖτιν
1577 544 1681 583 ἔλεγεν,
1697 545 1738 573 ὅτι
1752 549 1863 583 Πνεῦμα
1877 548 1890 574 ὁ

1065 589 1148 619 Θεός’
1177 590 1226 623 τὴν
1255 588 1284 616 δὲ
1313 590 1509 627 ἀνθρωπότητα
1541 590 1624 617 αὐτοῦ
1654 591 1715 618 Υἳὸν
1744 591 1890 628 ἀνθρώπου

1064 632 1156 660 πάλιν’
1173 634 1263 665 καθὼς
1278 634 1323 661 καὶ
1338 634 1466 671 ἀλλαχοῦ
1480 635 1604 672 περὶτῆς
1619 633 1691 666 ἰδίας
1715 635 1796 663 αὐτοῦ
1828 646 1891 673 σαρ-

1065 677 1112 708 κός
1137 688 1214 716 φησι³
1231 691 1245 704 ιι
1269 681 1320 705 Νῦν
1347 677 1475 715 ἐδοξάσθη
1502 680 1516 706 ὁ
1542 680 1603 710 Υἱὸς
1624 682 1673 707 τοῦ
1701 679 1855 718 ἀνθρώπου.
1874 692 1888 706 »

1064 722 1099 750 Οἱ
1115 722 1162 749 οὖν
1173 722 1214 749 ἀεὶ
1230 723 1269 759 τῷ
1284 725 1342 759 θεῷ
1356 724 1572 760 προσκρούοντες
1586 725 1631 751 καὶ
1656 723 1884 763 βλασφημοῦντες

1065 765 1193 794 Ἰουδαῖοι
1222 766 1315 802 διττὴν
1342 768 1411 805 πρὸς
1438 768 1483 795 τὸν
1513 768 1628 806 Χριστὸν
1644 769 1693 803 τὴν
1711 768 1887 808 βλασφημίαν

1063 810 1217 846 ἐκέκτηντοο
1234 812 1261 839 οἱ
1292 812 1340 849 μὶν
1368 814 1403 849 τῇ
1433 813 1510 850 σαρκί
1535 812 1629 849 αὐτοῦ,
1652 812 1736 850 ἤγουν
1764 816 1804 849 τῷ
1835 814 1889 849 fit}:

1062 858 1111 882 τοῦ
1132 855 1288 892 ἀνθρώπου,
1311 856 1525 894 προσκόπτοντες
1541 858 1597 894 (23)
1621 859 1766 897 προφήτην
1795 857 1887 893 αὐτὸν,

1064 899 1127 927 ἀλλ’
1142 899 1173 927 οὐ
1197 900 1261 928 Θεὸν
1287 901 1353 928 εἶναι
1381 901 1549 938 νομίζοντες,
1577 902 1619 932 οἷς
1646 902 1691 929 καὶ
1722 903 1887 940 συγγνώμην

1064 942 1172 972 ἔδωκεν.
1189 945 1278 983 ’Δρχῆ
1308 945 1358 983 γὰρ
1385 946 1420 980 ἧν
1448 948 1496 973 τοῦ
1523 945 1711 984 κηρύγματος,
1736 947 1781 974 καί
1810 946 1888 975 οὔπω

1064 988 1193 1026 ἐχώρειὸ
1209 990 1312 1026 κόσμος
1337 990 1402 1017 Θεὸν
1431 990 1566 1018 πιστεύειν
1595 991 1759 1028 φαινόμενον
1782 991 1889 1029 ἄνθρω-

1063 1043 1124 1061 πον.
1141 1034 1187 1061 Διὸ
1202 1033 1247 1061 καί
1263 1045 1342 1073 φησιν
1360 1035 1373 1062 ὁ
1389 1035 1516 1072 Χριστὸς,
1532 1034 1574 1064 ὅτι
1588 1036 1638 1066 Ὃς
1655 1034 1678 1063 δ’
1694 1037 1724 1063 ἂν
1752 1035 1815 1072 εἴπῃ
1841 1036 1889 1063 λό-

1061 1088 1108 1115 γον
1122 1079 1190 1105 κατᾶ
1198 1081 1247 1106 τοῦ
1263 1079 1326 1106 Γὶοῦ
1341 1082 1389 1106 τοῦ
1403 1079 1558 1117 ἀνθρώπου.
1573 1079 1657 1117 ἤγουν
1673 1082 1722 1107 τοῦ
1749 1081 1886 1117 σώματος⁷

1063 1123 1223 1161 ἀφεθήσεται
1252 1123 1406 1160 atroci).
1423 1123 1528 1160 Τολμῶ
1557 1125 1609 1162 γὰρ
1639 1124 1739 1163 λέγειν,
1754 1125 1796 1152 ὅτι
1824 1124 1888 1152 οὐδὲ

1063 1167 1138 1194 αὐτοὶ
1155 1169 1181 1194 οἱ
1198 1168 1325 1206 μακάριοι
1340 1168 1422 1196 αὐτοῦ
1440 1169 1558 1205 μαθηταὶ
1573 1169 1605 1197 τὸ
1624 1169 1730 1197 τέλειον
1752 1170 1814 1206 περί
1835 1173 1886 1205 τῆς

1062 1212 1144 1240 αὑτοῦ
1165 1212 1293 1248 θεότητος
1319 1213 1393 1251 εἶχον
1423 1213 1561 1252 φρόνημα,
1577 1211 1630 1245 ἕως
1657 1213 1689 1241 τὸ
1718 1216 1827 1251 Πνεῦμα
1855 1215 1886 1241 τὸ

1063 1257 1139 1294 ἅγιον
1155 1257 1246 1288 τ’ὂτοῖς
1270 1259 1304 1294 τῇ
1333 1260 1507 1295 Πεντηκοστῇ
1536 1257 1721 1298 ἔπειροίτησεν.
1738 1259 1814 1286 Ἐπεὶ
1841 1258 1887 1286 καὶ

1064 1302 1131 1337 μετᾶ
1144 1302 1193 1336 τήν
1210 1302 1352 1329 ἀνάστασιν
1369 1303 1395 1329 οἱ
1413 1303 1459 1338 μὶν
1482 1301 1584 1334 ἰδόντες
1609 1302 1688 1330 αύτόν
1718 1303 1887 1341 προσεκύνη-

1062 1357 1121 1382 σκν,
1137 1347 1162 1373 οἱ
1191 1345 1220 1373 δὲ
1251 1345 1402 1381 ἐδίστασαν,
1417 1346 1480 1374 ἀλλ’
1496 1346 1545 1374 οὐκ
1568 1347 1598 1374 ἐκ
1617 1347 1715 1375 τούτου
1730 1347 1888 1385 κατεκρίθη-

1063 1401 1119 1417 σαν·
1137 1392 1163 1417 οἱ
1179 1389 1207 1418 δὲ
1224 1391 1261 1421 εἷς
1275 1391 1306 1418 τὸ
1322 1393 1429 1428 Πνεῦμα
1443 1391 1474 1419 τό
1490 1392 1576 1429 ἅγιον,
1592 1391 1678 1428 ἤγουν
1694 1392 1732 1422 εἷς
1760 1393 1811 1426 τὴν
1836 1394 1886 1419 τοῦ

1062 1436 1179 1473 Χριττοῦ
1209 1435 1332 1471 θεότητα,
1352 1435 1577 1475 βλασφημοῦντες
1606 1437 1651 1463 καὶ
1683 1435 1819 1474 λέγοντες,
1844 1436 1886 1464 ὅτι

1062 1493 1074 1505 α
1094 1481 1136 1508 'Ev
1154 1477 1320 1514 Βεελζεϐοὺλ
1334 1479 1374 1517 τῷ
1389 1480 1502 1518 ἄρχοντι
1517 1483 1571 1508 τῶν
1589 1479 1725 1517 δαιμόνων
1756 1478 1886 1508 ἐκϐάλλει

1060 1524 1094 1552 τὰ
1122 1523 1261 1561 δαιμόνια,
1285 1537 1298 1550 n
1323 1524 1442 1560 τούτοις,
1471 1525 1563 1564 φησὶν,
1593 1537 1605 1550 α
1636 1525 1693 1552 Οὐκ
1722 1525 1884 1563 ἀφεθήσεται

1061 1567 1123 1596 οὐδὲ
1139 1568 1164 1596 ἐν
1177 1569 1217 1605 τῷ
1232 1571 1278 1596 νῦν
1294 1568 1371 1596 αἶ’ὦνι
1400 1568 1463 1597 οὐδέ
1489 1569 1514 1597 ἐν
1545 1571 1584 1605 τῷ
1613 1568 1753 1605 μέλλοντι.
1771 1580 1784 1595 ››
1807 1569 1883 1604 Ηλήν

1062 1614 1265 1651 σημειώσασθαι
1292 1614 1360 1651 χρὴ,
1375 1613 1416 1641 ὅτι
1446 1614 1495 1641 οὐκ
1519 1615 1590 1641 εἶπεν
1606 1614 1620 1641 ὁ
1646 1614 1759 1651 Χριστὸς
1775 1615 1830 1650 (25)
1845 1616 1886 1650 τῷ

1062 1658 1289 1698 βλασφημήσαντι
1323 1659 1368 1686 καὶ
1399 1659 1603 1695 μετανοήσαντι⁷
1632 1657 1681 1685 οὐκ
1709 1658 1884 1697 ἀφεθήσεται,

1061 1703 1133 1730 ἀλλὰ
1159 1705 1198 1739 τῷ
1223 1702 1441 1741 βλασφημοῦντι,
1457 1702 1543 1741 ἤγουν
1566 1705 1606 1739 τῷ
1628 1702 1653 1729 ἐν
1668 1705 1702 1735 τῆ
1722 1702 1886 1742 βλασφημίᾳ

1059 1747 1226 1783 ἐπιμένοντι.
1247 1746 1411 1785 Ἐπειδήπερ
1434 1747 1483 1774 οὐκ
1506 1745 1575 1774 ἔστιν
1607 1746 1725 1784 ἁμαρτία
1752 1747 1882 1785 ἀσυγχώ-

1060 1803 1141 1831 ρητος
1157 1792 1229 1830 παρὰ
1243 1794 1300 1819 Θεῶ
1316 1791 1341 1819 ἒν
1357 1794 1416 1823 τοῖς
1441 1792 1521 1823 ὁσίως
1546 1791 1591 1819 καὶ
1615 1792 1673 1819 κατ’
1696 1791 1768 1826 ἀξίαν
1801 1802 1882 1828 μετα-

1058 1848 1174 1865 νοουσιν.

1094 1881 1243 1919 Ἐρώτησις
1267 1884 1314 1918 ογ¹.
1330 1879 1363 1908 Τί
1387 1879 1453 1916 οῦνς
1470 1878 1527 1918 ἔχει
1554 1881 1646 1919 ἄφεσιν
1667 1878 1711 1907 διὰ
1740 1879 1884 1915 μετανοίας

1059 1926 1133 1953 ὁτὸν
1164 1925 1281 1963 Χριστὸν
1311 1925 1486 1963 ἀρνούμενος,
1514 1926 1559 1952 καὶ
1591 1924 1762 1964 βλασφημῶν
1788 1924 1827 1955 είς
1851 1924 1884 1951 τὸ

1058 1971 1169 2006 Πνεῦμα
1182 1970 1213 1997 τὸ
1229 1970 1303 2007 ἅγιον
1315 1979 1323 2004 ;

1094 2015 1268 2053 Ἀπόκρισις.
1300 2015 1368 2052 Τρία
1408 2015 1578 2052 βαπτίσματα
1611 2016 1759 2053 καθαρτικὰ
1793 2015 1884 2050 πάσης

1059 2059 1116 2090 οἵας
1134 2058 1235 2095 δήποτε
1251 2059 1383 2097 ἁμαρτίας
1397 2060 1411 2086 ὁ
1427 2060 1491 2091 θεὸς
1506 2061 1540 2096 τῇ
1556 2059 1632 2098 φύσει
1645 2061 1699 2086 τῶν
1728 2059 1882 2097 ἀνθρώπων

1059 2103 1225 2142 ἐδωρήσατο”
1243 2103 1314 2142 λέγω
1331 2103 1360 2131 δὶ
1373 2104 1403 2131 τὸ
1420 2103 1527 2138 ὕδατος,
1543 2103 1588 2131 καὶ
1603 2103 1685 2131 πάλιν
1700 2104 1731 2131 τὸ
1747 2102 1793 2131 διὰ
1816 2114 1884 2142 μαρ-

1057 2149 1150 2186 τυρίου
1167 2150 1223 2185 (26)
1238 2150 1286 2175 τοῦ
1302 2147 1373 2175 ἰδίου
1387 2147 1514 2185 α’ίματος,
1531 2148 1575 2175 καὶ
1599 2148 1689 2186 τρίτον
1705 2149 1736 2175 τὸ
1765 2147 1810 2175 διὰ
1840 2148 1885 2176 δα-

1058 2192 1160 2229 κρύων,
1185 2192 1222 2223 είς
1245 2191 1311 2229 ὅπερ
1336 2192 1381 2220 καὶ
1405 2193 1422 2227 ἠ
1448 2193 1534 2229 πόρνη
1561 2192 1732 2230 ἐκαθαρίσθη.
1753 2192 1834 2227 Ηλήν
1856 2191 1885 2220 δὶ

1057 2237 1103 2264 καὶ
1118 2237 1198 2268 αὐτὸς
1214 2237 1227 2264 ὁ
1244 2239 1391 2276 κορυφαῖος
1405 2239 1458 2264 τῶν
1484 2238 1569 2275 ἁγίων
1594 2236 1754 2265 ἀποστόλων
1783 2238 1886 2274 Πέτρος

1061 2282 1128 2318 μετά
1151 2282 1202 2315 τήν
1225 2280 1347 2319 ἄρνησιν,
1363 2280 1483 2312 κλαύσας
1507 2279 1677 2319 προσεδέχθη
1708 2282 1753 2308 καὶ
1783 2282 1885 2316 ἐσώθη.

1060 2325 1120 2353 Ἐὰν
1139 2324 1168 2352 δὲ
1183 2326 1200 2359 ἡ
1217 2327 1264 2352 τοῦ
1288 2326 1406 2362 Χριστοῦ
1434 2324 1546 2362 ἄρνησις
1574 2324 1633 2363 ἔχει
1661 2326 1852 2364 συγχώρησιν,
1867 2326 1886 2360 ἠ

1061 2368 1088 2397 δὲ
1103 2372 1151 2396 τοῦ
1167 2369 1244 2406 ἁγίου
1261 2369 1418 2405 Πνεύματος
1439 2369 1487 2397 οὐκ
1510 2368 1579 2407 ἔχει’
1606 2369 1755 2408 εὑρίσκεται
1787 2369 1885 2398 λοιπὸν

1061 2414 1075 2441 ὁ
1099 2414 1159 2444 Υἱὸς
1188 2413 1306 2441 ἐλάττων
1333 2416 1381 2441 τοῦ
1411 2414 1487 2451 ἁγίου
1515 2414 1682 2450 umme.
1698 2415 1832 2442 ’Ἄκουσον
1858 2413 1889 2442 δὲ

1061 2459 1105 2486 καὶ
1127 2461 1259 2497 γραφικῆς
1276 2458 1436 2495 μαρτυρίας,
1452 2459 1497 2486 καὶ
1526 2459 1651 2493 πείσθητι
1676 2459 1714 2495 μὴ
1740 2460 1808 2486 εἶναι
1838 2459 1888 2493 τὴν

1063 2501 1119 2530 οἹαν
1136 2502 1238 2537 δήποτε
1253 2502 1384 2540 ἁμαρτίαν
1409 2506 1524 2531 νικῶσαν
1551 2503 1600 2537 τήν
1625 2505 1673 2530 τοῦ
1697 2505 1766 2530 Θεοῦ
1790 2503 1888 2542 φιλανθ

1063 2547 1183 2585 θρωπίαν
1210 2547 1288 2584 Λέγει
1306 2546 1350 2574 οὖν
1368 2548 1382 2575 ὁ
1398 2548 1462 2578 Θεὸς
1487 2546 1530 2575 διὰ
1559 2550 1607 2575 τοῦ
1635 2549 1780 2586 προφήτου
1811 2549 1887 2582 Ἰεζε‹

1063 2593 1128 2626 κιήΛ
1159 2591 1255 2622 οὕτως·
1273 2603 1287 2617 ‹‹
1302 2593 1344 2619 Ζῶ
1372 2591 1436 2628 ἐγὼ,
1468 2591 1541 2629 λέγει
1569 2594 1678 2629 Κύριος,
1704 2591 1758 2626 ὅτι,
1774 2592 1819 2619 ἐὰν
1846 2602 1888 2623 τις

218 2680 241 2697 ²⁴
253 2679 336 2709 Joan.
355 2689 374 2713 ι,
391 2680 434 2707 14.
473 2680 496 2697 ³⁸
510 2680 595 2708 Joan.
612 2687 650 2714 IV,
665 2679 711 2707 24.
749 2679 771 2696 ⁵⁸
784 2678 868 2707 Joan.
884 2687 946 2713 xm,
962 2678 1007 2707 31.

1063 2678 1067 2695 ¹
1084 2678 1188 2707 Matth.
1203 2687 1255 2713 xu,
1271 2679 1316 2706 24.
1355 2678 1377 2694 ³⁸
1394 2679 1461 2705 Luc.
1477 2686 1527 2711 νιι,
1543 2678 1588 2706 37.

220 2765 336 2807 (23)_I_ta
365 2766 425 2807 due
451 2764 650 2807 ftegiiL‘E‘diti
678 2772 755 2807 vero,
783 2763 1005 2801 προσπίπτοντες.

184 2799 250 2830 Mox
267 2799 366 2833 iidem,
383 2799 805 2837 ἐνόμιζοντΕὰίιὶηνομίζοντνες.

218 2810 250 2830 ox
267 2810 366 2833 naem,
383 2810 519 2837 ενομιςον.
536 2810 625 2834 nam,
637 2810 668 2826 νο
696 2810 805 2834 ιςοντες.

218 2837 275 2876 (24)
292 2837 333 2865 Ita
349 2838 436 2871 iidem
454 2836 536 2874 Regii
551 2837 569 2864 2
583 2838 611 2864 et
626 2836 652 2865 3.
671 2810 702 2865 ii:
726 2836 812 2866 editis
835 2836 906 2872 haec,
923 2834 1007 2874 ἤγουν

1096 2765 1145 2791 τοῦ
1160 2764 1287 2794 σώματος
1302 2762 1384 2790 αὐτοῦ
1397 2763 1514 2791 desunt.

1063 2800 1120 2836 (25)
1136 2800 1179 2828 Ita
1193 2798 1250 2828 duo
1267 2799 1360 2836 Regii.
1372 2799 1456 2836 Editi
1470 2807 1549 2836 vero,
1566 2798 1580 2826 ὁ
1595 2798 1673 2836 Θεός.

1134 2835 1205 2873 Reg.
1218 2836 1246 2873 3,
1261 2834 1421 2874 μαρτυρίου.
1436 2835 1524 2870 Editi,
1541 2834 1698 2874 μαρτυρίας.
