2036 3105
204 160 257 190 651

786 159 820 191 S.
841 158 1101 191 ATHANASIUS.
1118 176 1156 183 —
1171 157 1325 191 SPUHIA.

1849 155 1907 189 652

205 226 322 263 paribus
352 227 509 262 erogantur
533 227 671 261 poterunt
690 225 837 254 orationes
863 233 1023 262 pauperum

1083 223 1192 257 λωθῶσι
1209 226 1350 263 χρήματα,
1368 224 1493 253 δύνανται
1509 225 1537 253 αἱ
1550 226 1604 253 τῶν
1622 225 1744 260 πενήτων
1765 224 1844 262 εὐχαὶ
1866 224 1904 259 τῷ

206 272 297 299 Deum
314 271 429 306 placare
445 271 496 306 qui
526 271 575 303 ait,
606 282 616 295 ι
636 270 730 298 Facite
751 270 833 299 vobis
861 270 969 298 amicos
993 279 1027 298 ex

206 324 375 344 mammona
390 315 554 351 iniquitatis
567 315 600 342 ἰ.
619 326 633 340 ι)
649 315 729 347 Quod
745 315 770 343 si
787 315 915 351 pecunia:
931 315 986 343 illa;
996 315 1026 343 in

205 363 343 396 sumptus
359 359 514 388 saeculares
529 360 748 395 impendantur,
766 360 877 388 clarum
893 363 939 388 est
953 361 1025 389 duo-

206 404 394 440 busjudiciis
411 405 451 432 ita
466 405 586 440 agentes
605 404 745 433 obnoxios
767 413 842 438 esse,
867 405 1027 441 voluptatis

205 449 315 477 scilicet
329 452 358 476 et
372 448 452 476 furti.

241 495 355 526 Ουιεετ.
372 493 538 521 LXXXVIII.
568 493 703 522 Potestne
733 493 918 531 eleemosyna
940 502 1027 522 omne

205 538 358 566 hominum
376 540 526 573 peccatum
542 537 648 573 delere,
665 538 779 566 necne?

241 582 323 610 Resp.
341 582 390 610 Est
406 585 552 617 peccatum
569 585 597 610 et
612 585 782 617 peccatum:
799 585 844 611 est
858 583 927 611 item
952 583 1026 612 elee-

207 635 328 663 mcsyna
344 629 372 654 et
387 627 580 663 eleemosyna.
609 627 695 654 Verbi
720 628 825 663 gratia,
851 628 876 656 si
902 628 1026 663 proximi

204 671 381 707 injuriarum
398 671 568 699 memoriam
584 671 756 704 retinemus,
772 673 961 700 manifestum
983 675 1028 701 est

206 718 356 743 sexcentas
372 715 572 752 eleemosynas
586 715 702 743 veniam
711 716 796 744 nobis
809 725 866 745 non
878 725 965 753 posse
976 717 1026 745 ob-

205 760 308 794 tinere,
326 760 382 787 nisi
399 768 452 787 nos
468 767 585 796 quoque
600 759 682 788 fratri
698 762 797 789 nostro
825 761 1027 790 remiserimus

206 805 314 841 debita,
340 805 591 840 quemadmodum
624 804 666 832 ait
696 804 851 834 Dominus.
884 806 1027 835 Priaterea

205 848 285 877 aliud
302 851 346 877 est
362 849 386 876 si
402 849 468 884 quis
482 858 499 877 a
514 848 705 877 fornicatione
719 849 876 885 desistens,
903 850 1026 880 eleemo-

205 902 308 930 synam
325 894 429 927 faciat;
447 893 537 928 aliud,
553 893 578 922 si
594 893 661 929 quis
673 893 702 921 in
714 897 1027 931 peccatoperseverans
1043 910 1066 943 B

205 938 234 965 in
252 946 393 974 pauperes
409 939 448 965 sit
460 937 600 966 liberalis.
616 937 680 966 Alia
697 939 834 967 similiter
848 948 960 969 merces
984 944 1029 969 est

206 983 349 1019 agricola},
374 983 423 1018 qui
451 991 485 1010 ex
508 982 626 1019 proprio
652 983 760 1012 sudore
793 984 1027 1013 misericordiam

205 1030 353 1061 exerceat;
372 1027 428 1054 alia
444 1027 595 1063 principis,
611 1027 661 1063 qui
678 1035 712 1055 ex
727 1028 812 1056 donis
827 1032 856 1056 et
880 1030 1027 1065 proventi-

207 1073 261 1101 bus
278 1073 493 1107 eleemosynam
509 1072 645 1107 prmbeat.
662 1072 786 1108 Insuper
800 1073 857 1101 alia
881 1077 926 1102 est
953 1075 1027 1103 ratio

205 1117 270 1152 ejus
285 1117 334 1152 qui
352 1125 385 1144 ex
402 1116 519 1152 propria
533 1115 696 1152 indigentia
717 1116 860 1153 largitur;
883 1118 941 1146 alia
963 1120 1027 1155 ejus

206 1162 253 1197 qui
270 1169 303 1189 ex
319 1161 519 1194 abundantia;
535 1160 592 1189 alia
606 1161 670 1196 ejus
687 1161 733 1188 cui
754 1170 800 1190 res
823 1162 923 1190 alienae
945 1172 1027 1191 com-

208 1206 304 1233 missae
320 1208 400 1240 sunt,
411 1208 442 1232 ut
453 1213 501 1233 eas
515 1204 695 1241 pauperibus
706 1206 873 1234 distribuat.
889 1207 947 1235 Nec
959 1217 1027 1237 vero

207 1251 234 1278 id
251 1250 358 1282 solum,
376 1251 426 1277 sed
442 1250 528 1277 etiam
545 1249 570 1277 is
587 1249 636 1285 qui
653 1249 682 1277 in
710 1250 806 1279 medio
834 1251 941 1280 saeculo
964 1261 1027 1281 ver-

206 1298 298 1329 satur,
316 1295 447 1329 nihilque
460 1294 540 1322 aliud
557 1294 615 1322 Deo
632 1303 683 1330 pro
698 1295 761 1323 suis
782 1296 909 1331 peccatis
931 1299 1027 1332 potest

205 1340 319 1372 offerre,
335 1339 519 1375 clcemosyna
533 1341 685 1375 purgatur.
701 1340 737 1366 At
760 1340 810 1375 qui
832 1342 1026 1370 monasticam

205 1385 293 1412 vitam
310 1384 472 1419 proﬁtetur,
489 1385 605 1411 tenetur
620 1383 821 1419 perfectiorem
836 1385 950 1414 vivendi
961 1395 1027 1415 mo-

205 1430 275 1457 dum
292 1429 376 1455 inire.
393 1428 598 1456 Verumtamen
614 1428 639 1455 si
660 1427 844 1465 eleemosyna
872 1430 1026 1459 Nabucho-

204 1473 390 1505 donosorem,
408 1472 457 1507 qui
478 1472 550 1499 adeo
572 1472 683 1507 impius
704 1476 776 1506 erat,
802 1475 898 1509 potuit
914 1475 1025 1510 justiﬁ-

204 1525 271 1545 care
284 1526 290 1545 :
308 1517 437 1552 profecto
453 1525 561 1553 magna
574 1519 602 1544 et
616 1517 791 1553 gravissima
805 1521 923 1554 peccata
949 1520 1026 1549 delet

203 1561 397 1597 eleemosyna.
422 1560 584 1589 Audiamus
604 1561 683 1589 enim
713 1566 849 1591 sanctum
875 1563 1023 1592 Danielem

202 1605 237 1633 ad
254 1605 351 1641 ipsum
368 1606 534 1633 dicentem:
554 1617 565 1630 ι
583 1605 650 1639 Rex,
666 1606 822 1635 consilium
838 1616 937 1636 meum
961 1608 1023 1645 pla-

202 1652 266 1677 ceat
280 1650 349 1677 tibi:
367 1652 485 1685 peccata
498 1652 550 1678 tua
564 1650 757 1687 eleemosynis
773 1652 892 1687 redime,
910 1656 940 1681 et
966 1654 1022 1681 ini-

203 1694 329 1730 quitates
344 1696 410 1721 tuas
422 1693 630 1722 misericordiis
640 1695 694 1730 pa'u
701 1703 800 1730 perum
808 1696 830 1713 ⁴²
842 1707 866 1723 ››.
875 1697 909 1724 Et
920 1706 1023 1726 rursus

203 1738 300 1766 divina
314 1739 478 1773 Scriptura:
496 1749 511 1763 (ι
526 1737 718 1774 Eleemosyna
733 1739 886 1768 abscondit
906 1744 1023 1776 peccata

203 1784 348 1819 magna“.
361 1796 374 1807 ››
383 1783 416 1810 Et
426 1783 548 1811 iterum:
561 1794 575 1807 ‹‹
589 1783 787 1820 Quiintelligit
798 1793 887 1820 super
896 1794 1021 1822 egenum

201 1829 229 1855 et
244 1836 412 1863 pauperem,
438 1827 466 1854 in
495 1827 541 1855 die
571 1826 649 1855 mala
677 1827 812 1856 liberabit
836 1837 902 1857 eum
927 1830 1024 1859 Domi-

202 1881 257 1899 nus
273 1872 304 1905 “,
317 1883 330 1897 ››
346 1872 373 1899 id
386 1875 429 1899 est
445 1871 491 1899 die
501 1871 618 1907 judicii,
630 1880 696 1907 qua:
707 1880 811 1908 nempe
820 1875 1022 1909 peccatoribus

201 1917 278 1944 mala
300 1920 355 1949 est,
378 1916 510 1952 intelligo
534 1916 656 1952 scilicet,
684 1917 762 1944 diem
786 1918 885 1946 (sterni
912 1920 1023 1956 suppli-

200 1970 247 1988 Cll.

235 2005 348 2037 Quaes'r.
374 2005 512 2033 LXXXIX.
537 2005 661 2038 Quidam
685 2006 750 2034 ausi
774 2009 844 2034 sunt
880 2008 1022 2043 perfectos

201 2049 405 2077 misericordes
423 2051 522 2078 beatos
546 2050 641 2086 magis
665 2051 835 2087 prtedioare,
859 2060 949 2088 quam
972 2061 1021 2081 eos

200 2094 249 2129 qui
266 2094 357 2121 edunt
370 2094 523 2122 miracula.

236 2138 318 2166 Resp.
336 2138 397 2165 Non
415 2147 430 2165 ο
446 2138 552 2175 seipsia
567 2139 655 2167 talem
672 2140 817 2175 protulere
831 2141 1019 2178 sententiam,

200 2183 250 2210 sed
266 2184 394 2218 profecto
410 2183 568 2211 audierunt
592 2183 747 2211 Dominum
772 2185 915 2213 dicentem
932 2195 938 2214 :
958 2198 969 2212 α
988 2189 1020 2215 In

199 2227 253 2255 hoc
268 2231 444 2262 cognoscent
460 2234 562 2254 omnes
578 2227 655 2262 quod
673 2227 808 2263 discipuli
824 2229 880 2256 mei
905 2230 986 2262 estis,
1005 2241 1019 2255 υ

1081 271 1139 305 Θεῷ
1165 269 1380 306 ἐξευμενίσασθαι
1408 270 1453 298 τὸν
1486 270 1614 297 εἴπόντα·
1641 282 1655 295 ι(
1682 270 1817 304 Ποιήσατε
1843 269 1902 304 ὑμῖν

1081 312 1177 352 φίλους
1193 313 1223 341 ἐκ
1236 316 1284 341 τοῦ
1301 318 1442 351 μαμμωνᾶ
1458 316 1506 349 τῆς
1523 313 1638 345 ἀδικίας.
1657 326 1671 340 ι)
1687 314 1719 341 Et
1735 312 1764 340 δὲ
1780 314 1818 344 εἱς
1842 312 1904 348 ἡδο-

1080 358 1128 389 νάς
1154 359 1210 395 (29)
1238 368 1310 390 τινας
1343 359 1472 396 βιωτιχὰς
1501 357 1698 394 δαπανηθῶσιν,
1719 356 1835 393 εὔδηλον
1864 357 1903 384 ὅτι

1082 401 1141 429 δυσὶ
1157 402 1284 441 κρίμασιν
1301 403 1326 430 οἱ
1349 406 1430 430 τοῦτο
1455 405 1596 434 ποιοῦντες
1622 402 1815 437 ὑποπίπτουσι,
1832 400 1902 439 λέγω

1082 445 1115 481 δὴ
1132 446 1235 483 ἡδονῆς
1248 447 1292 475 καὶ
1308 447 1424 483 κλοπῆς.

1118 492 1216 529 Ἐρώτ.
1239 493 1296 528 πη¹.
1322 492 1422 530 Ἰσχύει
1450 491 1623 529 ἐλεημοσύνη
1657 495 1741 519 πᾶσαν
1773 491 1902 529 ἁμαρτίαν

1081 536 1224 574 ἀνθρώπου
1239 536 1387 574 ἐξαλεῖψαι,
1399 537 1417 572 ἢ
1434 536 1465 565 ού
1478 547 1484 571 ;

1117 581 1231 619 Ἀπόκρ.
1260 584 1350 609 Ἔστιν
1382 581 1500 620 ἁμαρτία
1527 582 1572 609 καὶ
1602 580 1737 620 ἁμαρτία·
1762 580 1806 608 καὶ
1835 579 1902 607 ἔστιν

1081 624 1253 662 ἐλεημοσύνη
1270 626 1313 653 καὶ
1331 625 1515 663 ἐλεημοσύνη.
1535 626 1600 655 Οἷύν
1620 636 1645 653 τι
1671 625 1753 663 λέγωο
1770 624 1814 653 ἐὰν
1836 636 1901 661 μνη-

1082 670 1203 698 σικακίαν
1232 668 1340 708 ἔχωμεν
1368 672 1436 708 πρὸς
1464 672 1510 698 τόν
1541 670 1670 707 πλησίον,
1698 669 1839 708 πρόδηλον
1864 669 1904 697 δτι

1084 715 1176 753 μυρίαι
1204 714 1386 752 ἐλεημοσύναι
1417 715 1447 743 οὐ
1477 718 1664 754 συγχωροῦσιν
1694 714 1833 752 ἠμῖν,ἐᾶιν
1867 715 1902 751 μὴ

1081 759 1204 798 ἀφίωμεν
1220 760 1265 787 καὶ
1281 761 1361 796 ἡμεῖς
1379 762 1419 796 τῷ
1440 759 1550 800 ἀδελφῷ
1571 761 1651 796 ἡμῶν
1674 760 1707 787 τὰ
1731 758 1904 796 ὀφειλήματα

1082 803 1174 839 αὐτοῦ,
1190 804 1257 832 κατᾶ
1284 805 1330 832 τὸν
1355 807 1404 832 τοῦ
1433 805 1531 842 Κυρίου
1555 804 1650 842 λόγον.
1668 803 1753 832 Πάλιν
1775 814 1806 831 τε
1833 802 1902 831 ἄλλο

1082 848 1149 883 ἐστὶ,
1165 848 1335 886 παυσάμενόν
1349 860 1407 877 τινα
1431 849 1566 887 πορνείας,
1585 852 1673 877 ποιεῖν
1703 847 1903 885 ἐλεημοσύνην,

1081 893 1126 920 καὶ
1153 891 1245 931 ἕτερόν
1270 893 1325 922 ἐστι
1347 896 1388 930 τῷ
1410 895 1546 931 ἱσταμένῳ
1569 893 1595 921 ἐν
1623 896 1657 930 τῇ
1681 893 1802 932 ἁμαρτίᾳ
1831 892 1904 920 οὕτω

1082 937 1211 976 παρέχειν
1227 941 1285 969 τοῖς
1301 939 1407 974 πένησι.
1424 939 1473 966 Καὶ
1489 937 1572 969 ἄλλος
1591 937 1673 966 πάλιν
1699 937 1713 965 ὁ
1740 937 1834 974 μισθὸς
1857 935 1904 964 τοῦ

1081 982 1233 1020 γεωπόνου,
1256 982 1281 1019 ἐξ
1312 981 1384 1010 ἰδίου
1413 981 1529 1021 ἱδρῶτος
1553 985 1696 1014 ποιοῦντος
1725 982 1904 1019 συμπάθειαν,

1081 1027 1126 1054 καὶ
1138 1026 1229 1065 ἕτερος
1244 1028 1258 1054 ὁ
1272 1029 1320 1055 τοῦ
1335 1026 1468 1065 ἄρχοντος
1483 1030 1532 1055 τοῦ
1554 1027 1607 1055 ἀπὸ
1631 1026 1727 1065 δώρων
1752 1026 1796 1054 καὶ
1819 1037 1905 1064 προσ-

1083 1070 1152 1098 όδων
1167 1071 1346 1109 παρέχοντος.
1363 1072 1436 1110 Πρὸς
1459 1071 1566 1103 τούτοις
1583 1070 1668 1102 ἄλλος
1683 1071 1698 1098 ὁ
1714 1071 1743 1099 ἐκ
1757 1073 1805 1098 τοῦ
1830 1071 1904 1098 ὑστε-

1083 1116 1205 1153 ρήματος
1221 1114 1324 1150 διδοὺς,
1339 1116 1384 1143 καὶ
1400 1115 1486 1147 ἄλλος
1512 1117 1526 1143 ὁ
1551 1116 1581 1143 ἐκ
1600 1118 1649 1143 τοῦ
1677 1115 1903 1153 περισσεύματος·

1082 1160 1127 1187 καὶ
1141 1159 1232 1197 ἕτερος
1251 1161 1265 1188 ὁ
1290 1162 1508 1199 χειροχρήστης,
1525 1161 1538 1188 ὁ
1562 1160 1596 1188 τὰ
1619 1159 1752 1198 ἀλλότρια
1779 1159 1905 1187 πιστευό-

1083 1215 1164 1241 μενος
1194 1205 1238 1233 ἐπὶ
1263 1206 1294 1233 τὸ
1320 1204 1456 1233 διαδοῦναι
1482 1208 1540 1237 τοῖς
1563 1205 1686 1240 πένησιν.
1707 1205 1743 1232 Οὐ
1768 1205 1852 1240 μόνον
1878 1203 1905 1231 δὲ

1080 1251 1172 1286 τοῦτο,
1188 1249 1251 1277 ἀλλ’
1265 1249 1306 1277 ὅτι
1323 1250 1337 1277 ὁ
1354 1250 1401 1286 μὲν
1418 1249 1444 1277 ἐν
1473 1250 1548 1287 μὲσῳ
1565 1251 1614 1277 τοῦ
1637 1250 1742 1286 κόσμου
1773 1250 1903 1287 ὑπάρχων

1084 1293 1167 1331 μηδὲν
1184 1293 1254 1322 ἄλλο
1275 1292 1422 1331 δυνάμενος
1448 1297 1507 1330 Θεῷ
1532 1294 1597 1331 ὑπὲρ
1621 1296 1674 1321 τῶν
1700 1295 1795 1322 ἑαυτοῦ
1822 1304 1902 1321 πται-

1081 1339 1190 1375 σμάτων
1229 1342 1420 1377 προσαγαγεῖν,
1448 1338 1602 1377 καθαίρεται
1640 1337 1675 1366 δι’
1702 1338 1903 1375 ἐλεημοσύνης.

1080 1384 1108 1410 ⁸0
1124 1382 1153 1410 δὲ
1167 1383 1211 1411 τὸν
1230 1384 1339 1421 μονήρη
1359 1383 1417 1420 βίον
1445 1383 1644 1421 μετερχόμενος
1668 1383 1820 1410 ἀπαιτεῖται
1848 1393 1904 1418 μει-

1082 1427 1190 1465 ζοτέραν
1226 1427 1287 1455 τινὰ
1314 1427 1454 1455 πολιτείαν
1485 1426 1657 1462 ἐνδείξασθαι.
1686 1428 1783 1463 "Optio:
1807 1426 1832 1454 εί
1860 1427 1906 1454 τὸν

1080 1469 1324 1510 Ναϐουχοδονόσορ
1353 1472 1398 1499 τὸν
1426 1474 1550 1499 τοιοῦτον
1563 1469 1645 1506 ἀσεϐῆ
1664 1470 1772 1509 ἴσχυσεν
1786 1471 1803 1506 ἡ
1824 1470 1906 1505 ἐλεη-

1082 1516 1186 1552 μοσύνη
1216 1515 1369 1549 δικαιῶσαι,
1387 1515 1491 1554 μεγάλα
1515 1516 1552 1547 ὡς
1576 1515 1687 1551 ἀληθῶς
1716 1514 1761 1542 καὶ
1792 1514 1905 1542 δυσίατα

1080 1561 1264 1598 ἁμαρτήματα
1301 1559 1335 1587 δι’
1364 1560 1549 1597 ἐλεημοσύνης
1580 1559 1774 1598 ἐξαλείφονται.
1805 1559 1905 1588 Ἀκού-

1081 1615 1170 1641 σωμεν
1194 1604 1244 1643 γὰρ
1267 1603 1316 1632 τοῦ
1341 1605 1417 1642 ἁγίου
1442 1604 1545 1639 Δανιὴλ
1565 1605 1633 1642 πρὸς
1655 1604 1734 1631 αὐτὸν
1763 1603 1904 1642 λὲγοντος·

1081 1660 1092 1674 ι
1107 1648 1233 1683 Βασιλεῖ),
1250 1649 1267 1684 ἠ
1286 1649 1373 1687 βουλή
1402 1659 1454 1686 μου
1477 1649 1598 1687 ἀρεσάτω
1622 1658 1675 1676 σοι’
1695 1649 1742 1679 τὰς
1766 1648 1903 1687 ἁμαρτίας

1078 1704 1125 1721 σου
1139 1693 1164 1721 ἐν
1187 1693 1383 1730 ἐλεημοσύναις
1409 1692 1617 1731 λύτρωσαι,καὶ
1642 1694 1690 1724 τὰς
1719 1692 1824 1724 ἀδικίας
1855 1703 1902 1720 σου

1076 1738 1102 1766 ἐν
1119 1738 1273 1775 οἰκτιρμοῖς
1296 1739 1431 1773 πενήτων.
1449 1750 1463 1763 ››
1479 1739 1527 1765 Καὶ
1552 1737 1636 1766 πάλιν
1665 1738 1681 1773 ἡ
1712 1737 1769 1769 θεία
1793 1738 1902 1776 Γραφή-

1077 1795 1091 1809 ‹‹
1115 1782 1304 1819 Ἐλεημοσύνη
1332 1781 1447 1820 καλύψει
1477 1782 1610 1820 ἁμαρτίας
1641 1782 1772 1819 μεγάλας.
1805 1795 1820 1808 ››
1852 1781 1904 1810 Καὶ

1076 1827 1170 1855 πάλιν·
1188 1839 1202 1853 ‹‹
1217 1827 1248 1855 Ὁ
1263 1827 1360 1854 συνιὼν
1376 1826 1420 1854 ἐπὶ
1435 1827 1546 1865 πτωχὸν
1562 1827 1607 1854 καὶ
1631 1827 1745 1862 πένητα,
1758 1827 1783 1853 ἐν
1811 1827 1906 1863 ἡμέρᾳ

1076 1874 1183 1909 πονηρᾷ
1211 1871 1317 1910 ῥύσεται
1347 1871 1426 1899 αὐτὸν
1454 1872 1468 1899 ὁ
1498 1871 1595 1910 Κύριος
1612 1881 1618 1887 ·
1650 1883 1664 1897 ››
1691 1871 1816 1899 τουτέστι
1855 1875 1906 1905 τῆς

1075 1915 1191 1954 κρίσεως
1206 1916 1325 1954 (πονηρὰ
1337 1917 1389 1954 γὰρ
1405 1916 1521 1954 ὑπάρχει
1537 1918 1595 1947 τοῖς
1611 1915 1812 1954 ἁμαρτωλοῖς),
1829 1915 1907 1953 λὲγω

1077 1959 1110 1994 δή
1126 1964 1176 1995 τῆς
1189 1960 1302 1987 αἰωνίου
1317 1959 1469 1991 κολάσεως.

1113 2005 1210 2043 Ἐρώτ.
1233 2008 1286 2037 πθ’.
1313 2004 1485 2041 Ἐτόλμησάν
1504 2015 1574 2035 τινες
1600 2003 1745 2043 μακαρίσαι
1770 2004 1838 2036 τοὺς
1863 2014 1908 2032 τε-

1076 2049 1169 2081 λείους
1185 2049 1337 2086 ἐλεήμονας
1354 2049 1419 2086 ὑπὲρ
1432 2049 1495 2080 τοὺς
1510 2051 1655 2081 ποιοῦντας
1670 2052 1781 2086 σημεῖα.

1112 2138 1208 2166 Ἀπόκ.
1226 2138 1283 2167 Οὐχ
1297 2138 1341 2177 ἀφ’
1358 2138 1458 2166 ἑαυτῶν
1484 2139 1533 2173 τὴν
1555 2138 1683 2174 τοιαύτην
1709 2140 1801 2177 ψῆφον
1831 2138 1908 2177 εἰρή-

1074 2193 1162 2218 κασιν,
1179 2182 1252 2211 ἀλλὰ
1266 2182 1373 2214 πάντως
1394 2185 1443 2210 τοῦ
1468 2186 1597 2220 Σωτῆρος
1622 2183 1744 2214 εἷπόντος
1768 2183 1910 2211 ἀκούσαν-

1073 2238 1128 2262 τες,
1158 2227 1199 2255 ὅτι
1228 2240 1242 2254 ‹‹
1273 2228 1315 2255 Ἐν
1339 2226 1429 2263 τούτῳ
1457 2228 1604 2265 γνώσονται
1633 2227 1739 2262 πάντες,
1767 2226 1810 2255 ὅτι
1843 2227 1908 2264 ἐμοὶ

198 2279 255 2298 non
269 2271 293 2298 si
306 2272 390 2307 signa
401 2270 562 2306 edideritis,
574 2271 625 2299 sed
635 2282 649 2296 «
662 2271 823 2307 sidiligatis
833 2272 957 2301 invicem
968 2274 1018 2301 “.n

1081 2272 1193 2307 ιαθηταί
1213 2272 1282 2306 ἐστε,
1297 2283 1311 2299 ιι
1329 2272 1383 2309 οὐχ
1408 2270 1454 2299 ’ίνα
1480 2274 1581 2308 σημεῖα
1604 2274 1718 2308 ποιεῖτε,
1735 2270 1801 2300 ἀλλ’
1834 2283 1850 2300 ε
1865 2271 1910 2300 ἴνα

197 2317 314 2343 Constat
329 2319 425 2343 autem
443 2315 561 2351 signum
583 2323 656 2342 verae
680 2315 834 2344 charitatis
857 2325 923 2345 esse
947 2318 1019 2346 elee-

196 2368 360 2396 mosynam.
377 2360 529 2395 Siquidem
545 2359 679 2387 Christus
690 2360 780 2394 justis
792 2369 809 2387 a
829 2361 937 2389 dextris
959 2362 1018 2390 col-

196 2403 298 2431 locatis
312 2412 368 2431 non
381 2404 430 2435 ait,
444 2414 456 2427 ‹‹
471 2402 585 2437 Venite,
597 2403 741 2431 benedicti
758 2404 853 2432 Patris
865 2405 932 2440 mei,
952 2414 1018 2441 pos-

197 2448 288 2476 sidete
299 2452 432 2484 paratum
448 2447 528 2475 vobis
541 2456 675 2483 regnum,
684 2458 697 2472 n
709 2449 779 2484 quia
789 2448 875 2485 signa
885 2452 914 2477 et
922 2451 1018 2485 prodi-

196 2493 244 2528 gia
255 2493 379 2526 fecistis,
390 2493 431 2520 vel
442 2493 519 2528 quod
536 2492 646 2528 aliquid
660 2493 739 2520 aliud
752 2494 860 2521 bonum
875 2495 1017 2530 feceritis;

196 2538 247 2565 sed
265 2548 278 2562 υ
294 2538 363 2573 quia
376 2537 494 2572 esurivi,
510 2538 538 2564 et
554 2537 677 2565 dedistis
694 2537 764 2565 mihi
778 2539 956 2568 manducare
967 2541 1017 2573 ‘9,»

196 2585 249 2610 etc.
267 2582 408 2610 Similiter
424 2590 489 2609 cum
510 2580 587 2614 iilos,
614 2582 664 2617 qui
687 2584 768 2610 stant
790 2591 807 2610 a
827 2583 964 2618 sinistris,
988 2585 1017 2613 in

194 2627 331 2655 tenebras
346 2630 470 2655 aeternas
485 2625 588 2659 mittit,
603 2625 878 2655 immisericordiam
899 2631 927 2656 et
953 2629 1017 2657 ani-

1073 2317 1193 2354 ἀγαπᾶτε
1218 2315 1373 2352 ἀλλήλους,
1391 2328 1406 2341 ››
1428 2315 1552 2351 Εὔδηλον
1582 2314 1611 2343 δὲ
1633 2316 1674 2343 ὅτι
1699 2316 1731 2343 τὸ
1755 2317 1911 2355 γνώρισμα

1071 2365 1121 2395 τῆς
1150 2361 1269 2397 ἀληθοῦς
1298 2361 1406 2399 ἀγαπης
1435 2361 1451 2395 ἠ
1476 2360 1646 2397 ἐλεημοσύνη
1673 2360 1740 2388 ἐστί.
1766 2362 1820 2388 Καὶ
1853 2362 1910 2399 γὰρ

1073 2407 1172 2441 στήσας
1188 2405 1217 2433 ἐκ
1232 2404 1324 2440 δεξιῶν
1344 2405 1358 2432 ὁ
1383 2404 1496 2442 Χριστός
1512 2404 1575 2435 τοὺς
1600 2403 1732 2441 δικαίους,
1748 2404 1800 2433 οὐκ
1827 2406 1889 2433 εἷπε
1901 2415 1909 2422 ·

1076 2462 1085 2476 ι
1105 2449 1195 2485 Δεῦτε,
1212 2450 1237 2477 οἱ
1263 2448 1447 2487 εὐΛογημὲνοι
1472 2451 1522 2476 τοῦ
1551 2448 1656 2486 Πατρός
1683 2459 1746 2486 μου,
1760 2448 1910 2487 κληρονο-

1075 2496 1178 2532 μήσατε
1192 2499 1242 2529 τήν
1259 2495 1467 2530 ἡτοιμασμένην
1487 2493 1551 2530 ὑμῖν
1581 2493 1732 2531 βασιλείαν,
1749 2507 1760 2522 ι
1780 2494 1826 2522 ὅτι
1855 2505 1910 2530 ση-

1075 2542 1137 2576 μεῖα
1164 2538 1209 2567 καὶ
1237 2539 1334 2576 τέρατα
1369 2538 1523 2574 ἐποιήσατε,
1553 2536 1616 2565 οὐδὲ
1645 2537 1715 2566 ἄλλο
1743 2549 1769 2566 τι
1799 2539 1909 2577 ἀγαθὸν

1072 2583 1227 2619 ἐποιήσατε·
1246 2581 1308 2610 ἀλλ’
1323 2582 1365 2609 ὅτι
1381 2593 1396 2608 ι(
1412 2581 1550 2616 ίπείνασα,
1565 2581 1611 2609 καὶ
1628 2581 1746 2610 ἐδώκατέ
1772 2593 1825 2620 μοι
1853 2594 1910 2623 Qa-

1072 2631 1142 2667 γεῖν,
1159 2640 1173 2654 υ
1189 2627 1232 2655 καὶ
1247 2628 1281 2656 τὰ
1294 2627 1365 2664 ἑξῆς.
1383 2626 1518 2658 Ὡσαύτως
1540 2626 1569 2654 δὶ
1590 2627 1634 2654 καὶ
1659 2627 1723 2658 τοὺς
1749 2627 1773 2664 ἐξ
1801 2627 1912 2656 εὐωνύ-

227 2706 248 2722 ⁵¹
266 2705 334 2732 Luc.
350 2713 407 2739 xvx,
423 2705 449 2732 9.
489 2704 512 2721 ⁴²
528 2703 601 2732 Dan.
618 2711 655 2738 ιν,
669 2703 729 2739 24.]
765 2703 788 2721 ⁸³
802 2704 888 2733 Eccli.
906 2714 949 2740 ιιι,
969 2706 1014 2734 33.

1088 2706 1167 2735 Psal.
1182 2714 1228 2742 xc,
1243 2706 1270 2734 2.
1309 2706 1331 2724 ⁸⁸
1345 2705 1431 2735 Joan.
1447 2713 1510 2740 xui,
1527 2704 1572 2733 35.
1612 2705 1634 2723 ⁴⁸
1649 2705 1754 2735 Matth.
1770 2713 1844 2741 xxv,
1861 2706 1911 2740 34,

191 2741 235 2768 35.

227 2827 282 2863 (29)
297 2825 421 2860 Ἡδονάς,
438 2826 506 2863 Reg.
522 2826 549 2853 2.
612 2825 655 2862 iti,
673 2823 752 2858 ἰδίας.
