2036 3105
111 196 114 199 λ
136 184 199 217 653

619 184 878 223 QUIESTIONES
900 185 952 216 AD
974 184 1206 216 AN’I‘IOCHUM
1231 183 1378 216 DUCEM.

1780 187 1839 218 654

138 256 199 289 μῶν
215 253 362 289 ἐκπέμπων
377 252 415 284 εἷς
430 254 460 280 τὸ
475 253 570 284 σκότος
585 254 616 280 τὸ
630 253 752 288 αἰώνιον,
774 254 824 287 τὴν
849 251 963 286 ἀνελεη-

1024 252 1060 279 mi
1076 252 1212 279 duritiem
1238 252 1402 288 exprobrat.
1432 252 1505 280 Nam
1531 252 1616 289 signa
1639 253 1734 286 edere,
1750 253 1842 281 solius

137 297 261 333 μοσύνην
275 297 319 325 καὶ
334 298 384 332 τὴν
400 297 589 335 ἀσπλαγχνίαν
617 298 703 325 αὐτῶν
734 296 883 325 ἐνεκάλεσε.
912 296 961 323 Καὶ

135 343 191 379 γὰρ
207 342 239 369 τὸ
253 345 366 377 ποιῆσαι
380 345 480 378 σημεῖα
491 346 540 377 τῆς
563 344 611 370 τοῖ’)
633 344 700 370 Θεοῦ
723 341 766 369 καὶ
794 341 878 378 μόνης
906 340 961 368 ἐστὶ

137 385 291 422 δυνάμεως·
305 386 336 414 τὸ
351 385 379 414 δὲ
394 387 501 424 ἀγάπην
516 387 562 414 καὶ
577 386 743 423 συμπάθειαν
760 386 797 417 εἰς
821 386 866 413 τὸν
888 384 962 420 πλη-

137 431 197 458 πίον
214 430 387 466 ἐνδείξασθαι,
417 430 558 469 πρόδηλον
587 430 630 459 ὅτι
658 431 703 459 καὶ
724 432 774 466 τῆς
793 433 841 458 τοῦ
858 430 962 467 ἀνθρώ-

136 487 192 503 που
210 475 264 503 ἐστὶ
280 476 476 514 προαιρέσεως.
509 476 646 504 ’Λκοασον
674 474 703 503 δὲ
728 476 773 503 καὶ
793 474 962 512 τρανωτέρσς

137 521 202 558 περὶ
215 523 269 548 τῶν
284 521 318 548 τὰ
332 524 433 557 σημεῖα
448 521 599 549 ποιούντων
614 521 658 548 καὶ
683 520 870 557 ἐλεημοσύνας
896 528 965 556 μαρ-

136 564 232 603 τυρίας
246 565 290 592 καὶ
307 566 410 604 ψήφου·
428 577 442 592 ‹‹
459 565 531 600 Ἐὰν,
547 577 562 592 »
578 565 660 605 φησὶν
685 566 699 593 ὁ
724 567 842 599 Παῦλος,
867 576 881 590 ‹‹
906 566 965 594 ταῖς

134 609 275 647 γλώσσαις
289 612 341 637 τῶν
359 610 508 648 ἀνθρώπων
525 609 603 638 λαλῶ
624 610 669 638 καὶ
683 612 737 638 τῶν
763 609 895 648 ἀγγέλων,
919 608 964 637 καὶ

136 654 182 681 ἐὰν
210 654 268 692 ἔχω
296 658 381 681 πᾶσαν
409 655 459 689 τήν
489 655 590 690 πίστιν,
620 654 690 682 ὣστε
719 652 769 691 ὅρη
796 654 962 691 μεθιστάνειν

135 699 185 726 κᾶν
203 698 318 734 παραδῶ
332 699 363 726 τὸ
379 699 459 735 σῶμα
484 709 547 735 μου,
571 698 616 726 ’ἱνα
639 699 831 735 καυθήσωμαι,
856 698 964 736 ἀγάπην

136 742 166 770 δὲ
183 743 222 780 μὴ
239 742 308 781 ἔχω,
322 742 399 770 οὐδὲν
417 742 588 782 ὠφελοῦμαι.
617 754 632 768 ››
661 743 713 772 Καὶ
741 742 823 770 πάλιν
853 742 962 781 Κύριος,

1016 296 1120 324 divinas
1136 299 1180 324 est
1196 296 1350 332 potestatis
1367 305 1373 324 :
1391 298 1420 324 at
1439 296 1613 325 charitatem
1636 299 1665 325 et
1685 298 1840 326 commise-

1017 341 1159 369 rationem
1173 349 1242 377 erga
1257 341 1422 378 proximum
1438 341 1583 375 exhibere,
1597 342 1725 378 profecto
1736 342 1843 370 huma-

1018 394 1061 413 ιιω
1076 388 1121 413 est
1134 385 1303 413 voluntatis.
1316 386 1392 413 Audi
1415 394 1499 422 porro
1515 386 1693 414 luculentius
1709 386 1844 414 testimo-

1019 430 1102 458 nium
1118 430 1152 458 de
1168 430 1204 458 iis
1220 430 1269 465 qui
1285 430 1428 458 miracula
1447 433 1476 458 et
1497 430 1696 467 eleemosynas
1713 431 1842 459 faciunt:

1019 487 1033 500 ‹‹
1050 475 1092 507 Si,
1110 487 1120 499 ι
1139 474 1236 511 inquit
1250 476 1387 510 Paulus,«
1405 475 1513 511 linguis
1529 475 1683 503 hominum
1699 475 1803 511 loquar
1814 478 1843 503 et

1020 519 1192 556 angelorum
1209 528 1215 546 ε
1232 521 1261 547 et
1284 519 1308 547 si
1333 519 1463 547 habuero
1495 528 1613 548 omnem
1631 520 1729 554 ﬁdem,
1754 520 1796 548 ita
1811 522 1845 548 ut

1021 567 1135 592 montes
1151 564 1324 592 transferam
1342 573 1348 592 :
1365 567 1393 592 et
1408 564 1434 591 si
1449 564 1597 592 tradidero
1613 573 1719 601 corpus
1741 573 1840 593 meum

1019 609 1058 637 ita
1076 611 1108 636 ut
1121 608 1425 643 ardeam,charitatem
1441 611 1539 636 autem
1552 617 1610 637 non
1617 610 1757 643 habuero,
1768 609 1843 637 nihil

1020 645 1092 680 mihi
1109 653 1228 689 prodest
1240 653 1290 680 ‘7.»
1299 652 1442 681 Dominus
1459 654 1531 681 231
1549 654 1618 682 item
1634 654 1702 681 ait:«
1716 654 1844 688 Estote,»

1019 706 1077 726 non
1093 698 1178 734 signa
1193 697 1344 730 facientes,
1359 698 1410 725 sed
1427 709 1440 723 ‹‹
1457 697 1672 731 misericordes,
1688 709 1702 724 ››
1719 700 1748 726 et
1763 698 1843 733 boni,

1019 754 1033 768 α
1049 743 1127 770 sicut
1140 742 1223 770 Pater
1238 744 1342 776 vester,
1359 742 1410 777 qui
1425 742 1455 769 in
1471 742 1551 770 caelis
1561 744 1606 770 est
1619 743 1651 771 ⁸⁸.
1668 754 1683 767 ››

134 797 215 826 ςδησν
245 801 260 814 ‹‹
289 787 394 815 Γίνεσθε
423 800 437 814 ›)
453 788 518 826 οὐχὶ
547 788 738 827 σημειοφόσοι,
755 787 816 815 ἀλλ’
832 800 846 814 ‹‹
863 787 1048 826 οἰκτίρμονες,
1063 787 1108 815 καὶ
1124 786 1230 825 ἀγαθοὶ,
1247 798 1260 813 ‹‹
1277 786 1314 814 ὡς
1330 787 1344 813 6
1364 786 1458 824 Πατήρ
1482 786 1557 823 ὑμῶν
1582 787 1596 813 6
1626 787 1651 814 ἐν
1681 789 1738 818 νοῖς
1763 787 1845 825 οὐρα-

135 844 205 863 νοις.
223 845 238 858 ››

173 878 273 915 Ἐρώτ.
363 878 448 905 Πόσον
487 878 568 916 μέρος
597 876 651 905 τῶν
682 878 778 905 ἑαυτοῦ
806 877 959 915 χρημάτων

136 922 291 949 ἁπαιτεῖται
307 926 359 954 πᾶς
388 922 530 961 ἅνθρωπος
556 922 629 960 παρὰ
657 924 724 950 Θεοῦ
753 920 845 949 δοῦναι
870 922 907 953 εἰς
922 921 964 950 εὖ-

135 967 230 994 ποιίαν
243 977 250 1001 ;

1051 878 1163 910 Ουιεετ.
1189 877 1243 905 XC.
1284 878 1407 910 Quotam
1441 879 1553 913 partem
1587 880 1730 906 bonorum
1760 878 1846 914 jubet

1021 923 1099 951 Deus
1112 921 1264 951 hominem
1281 921 1311 949 in
1327 921 1550 950 beneﬁcentiam
1565 921 1735 951 insumere?

174 995 273 1039 Ἀπάἱι.
289 1011 327 1039 Οὐ
348 1014 444 1039 σκοπεῖ
471 1011 485 1039 δ
513 1011 577 1042 Θεὸς
600 1011 634 1039 τὰ
661 1010 802 1048 διδόμενα,
832 1010 905 1039 ἀλλὰ
932 1011 964 1038 τά

1055 1012 1143 1040 Resp.
1158 1012 1221 1040 Non
1242 1012 1354 1048 spectat
1368 1011 1445 1040 Deus
1470 1020 1534 1047 qua!
1556 1012 1676 1046 dantur,
1700 1012 1751 1040 sed
1777 1021 1840 1048 quea

133 1055 304 1092 ἀποκείμενα
331 1057 384 1082 τῶν
408 1055 558 1094 ἀνθρώπων
589 1057 658 1093 (30).
689 1056 821 1093 Λέγοντος
850 1055 895 1083 οὖν
916 1057 964 1083 τοῦ

134 1100 320 1135 Ἀποπόλου,
345 1099 386 1127 ὅτι
403 1100 442 1128 Τὸ
459 1101 533 1137 ὑμῶν
550 1100 718 1138 περίσσευμα
734 1099 842 1136 δοθήτω
866 1099 904 1131 εἱς
932 1100 964 1127 τὸ

131 1147 188 1172 τῶν
220 1146 340 1182 πεωχῶν
372 1145 519 1183 ὑστέρημα·
556 1143 674 1181 εὔδηλον
700 1145 742 1172 ὅτι
781 1144 830 1172 ὅσα
871 1143 965 1172 ἐνθάδε

131 1190 321 1225 ἆποθήσωμεν
341 1189 405 1227 ὑπὲρ
427 1189 476 1224 τὴν
506 1190 640 1227 ἡμετέραν
673 1190 773 1227 βρῶσιν
802 1189 846 1216 καὶ
875 1188 964 1222 πόσιν,

131 1234 178 1261 καὶ
196 1232 314 1262 ἔνδυσιν.
344 1237 431 1272 κρῖμα
459 1234 525 1272 ὑπὲρ
555 1234 641 1262 αὐτῶν
672 1233 800 1270 δύσομεν,
831 1233 856 1261 ἒν
873 1233 965 1270 ἡμέρᾳ

133 1278 264 1316 κρίσεως,
289 1281 413 1306 τοιοῦτον
442 1281 537 1316 κρῖμα,
567 1279 622 1306 οἷον
653 1280 679 1306 o‘t
703 1277 866 1317 ἀνδροφόνοι
893 1287 964 1315 παρ-

134 1324 244 1361 έχουσιν
263 1322 334 1350 διότι
348 1321 438 1351 ἐνθάδε
452 1323 574 1354 πολλοὺς
594 1323 624 1351 ἐκ
638 1323 752 1351 θανάτου
768 1322 812 1350 διὰ
826 1325 880 1350 τῶν
893 1323 963 1358 ἡμε-

131 1369 224 1405 τέρων
254 1368 408 1405 χρημάτων
439 1366 582 1404 δυνάμενοι
611 1370 706 1404 σῶσαι,
736 1367 786 1395 οὐκ
814 1367 962 1403 ἐσώσαμεν,

132 1412 212 1440 ἄλλᾶ
227 1411 401 1449 παρείδομεν.

170 1456 274 1494 Ἐρώτ.
290 1456 341 1495 [ια’.
358 1456 393 1484 Αἱ
408 1456 445 1487 εἰς
461 1455 591 1494 πτωχοὺς
612 1455 886 1493 καταλεμπανόμεναι
913 1455 963 1483 ὑπὸ

130 1504 188 1529 τῶν
205 1501 426 1536 τελευτησάντων
443 1499 626 1538 ἐλεημοσύναι
639 1500 666 1528 τί
681 1499 808 1538 λέγονται
822 1510 829 1535 ς

170 1546 270 1574 Ἀπόκ.
287 1545 388 1582 Νεκραὶ
403 1545 501 1573 θυσίαι.
531 1545 629 1581 Ὅμως
659 1545 703 1572 ἐὰν
730 1545 774 1572 καὶ
803 1544 828 1572 ἐν
856 1546 890 1582 τῇ
908 1544 964 1582 ζωῇ

130 1590 219 1618 αὐτοῦ
233 1589 361 1626 ἐλεήμων
376 1589 408 1624 ἦν
425 1589 439 1616 6
460 1591 595 1625 τοιοῦτος,
622 1588 713 1617 δεκταί
738 1590 794 1627 (31)
810 1589 860 1617 εἱσι
875 1589 920 1617 καὶ
936 1590 962 1617 ἐν

129 1638 173 1672 τῷ
189 1635 299 1670 Θανάτῳ
313 1634 396 1661 αὑτοῦ
412 1633 528 1662 εὐποιίαι
543 1634 617 1672 παρὰ
629 1636 670 1670 τῷ
685 1636 753 1671 Θεῷ.

1019 1057 1151 1086 homines
1168 1057 1276 1084 habent
1291 1056 1451 1084 recondita.
1468 1056 1540 1084 Cum
1552 1056 1652 1092 itaque
1662 1057 1704 1085 ait
1719 1060 1843 1093 Aposto-

1019 1102 1076 1135 lus,
1092 1101 1196 1129 Vestra
1210 1101 1393 1129 abundantia
1408 1101 1495 1129 detur
1510 1101 1547 1129 ad
1562 1101 1762 1138 supplendum
1777 1101 1841 1129 ino-

1020 1146 1096 1182 piam
1114 1153 1276 1182 pauperum
1292 1146 1326 1179 ²⁰,
1343 1146 1531 1182 perspicuum
1551 1148 1595 1174 est
1620 1154 1684 1180 nos,
1701 1146 1843 1182 quidquid

1019 1190 1265 1219 reservaverimus
1280 1189 1358 1217 ultra
1372 1191 1494 1224 victum,
1512 1193 1614 1226 potum
1639 1193 1669 1218 et
1693 1190 1844 1226 vestitum,

1015 1234 1162 1270 judicium
1178 1234 1224 1262 his
1238 1234 1274 1261 de
1285 1234 1373 1262 rebus
1388 1233 1418 1261 in
1431 1234 1594 1269 diejudicii
1608 1235 1842 1269 subituros,tale,

1019 1278 1105 1315 quale
1120 1278 1273 1307 homicida
1284 1280 1352 1306 sunt
1367 1278 1515 1312 subituri;
1532 1278 1640 1315 quippe
1657 1279 1784 1314 quicum
1797 1280 1842 1307 hic

1020 1323 1128 1351 multos
1143 1331 1177 1350 ex
1192 1325 1284 1351 morte
1300 1322 1408 1351 nostris
1419 1323 1503 1350 bonis
1517 1323 1700 1359 potuerimus
1715 1332 1840 1358 servare,

1020 1376 1077 1396 non
1094 1370 1192 1396 tamen
1207 1367 1433 1400 servaverimus,
1449 1367 1499 1395 sed
1517 1368 1750 1404 despexerimus.

1054 1457 1167 1489 Quasr.
1181 1455 1250 1484 XCI.
1267 1456 1342 1488 Quid
1356 1456 1513 1484 dicendum
1530 1459 1575 1485 est
1590 1457 1625 1485 de
1647 1457 1841 1495 eleemosynis

1019 1509 1092 1537 quas
1109 1500 1240 1529 defuncti
1257 1500 1435 1537 pauperibus
1450 1500 1647 1537 relinquunt?

1055 1546 1141 1574 lisse.
1158 1548 1270 1573 Mortua
1284 1547 1354 1573 sunt
1362 1545 1655 1574 sacriﬁcia.Attamen
1670 1547 1696 1575 si
1711 1547 1760 1575 ille
1772 1548 1841 1575 dum

1018 1590 1135 1626 viveret,
1151 1590 1341 1626 eleemosynm
1357 1590 1473 1618 deditus
1489 1592 1562 1625 erat,
1577 1590 1638 1619 haec
1655 1592 1719 1628 ejus
1733 1591 1842 1619 libera-

1018 1635 1087 1663 litas
1104 1635 1133 1662 in
1149 1638 1241 1662 morte
1255 1637 1374 1670 accepta
1389 1634 1446 1662 Deo
1461 1639 1514 1662 est.

168 1679 270 1716 Ἐρώτ.
366 1678 427 1706 Ἐάν
451 1689 502 1714 τις,
529 1677 555 1706 ἐν
585 1678 730 1716 ἁμαρτίαις
759 1678 960 1717 καταγηράσας,

1054 1680 1167 1712 Ουίεετ.
1183 1679 1265 1707 XCII.
1282 1679 1311 1707 Si
1327 1678 1394 1715 quis
1411 1679 1440 1706 in
1461 1680 1588 1715 peccatis
1612 1682 1775 1716 consenuit,
1790 1691 1842 1709 nec

131 1725 208 1760 μήτε
224 1721 500 1758 νηστεῦσαιδύναται,
526 1723 595 1760 μήτε
622 1725 805 1761 χαμευνῆσαι,
832 1724 850 1758 ἢ
881 1724 965 1761 ἀγρυ-

130 1772 249 1803 πνῆσαι,
266 1768 283 1801 ἦ
300 1766 388 1802 ἄλλην
401 1767 462 1794 τινὰ
475 1766 587 1802 ἄσκησιν
603 1770 729 1803 ποιῆσαι,
757 1769 826 1804 μήτε
850 1768 965 1805 χρημά-

131 1824 192 1841 των
225 1812 336 1850 εὐπορεῖ
362 1812 430 1849 πρὸς
460 1810 591 1846 διάδοσιν,
617 1813 687 1848 μήτε
713 1815 762 1839 τοῦ
792 1812 852 1850 βίου
874 1812 964 1851 ἴσχύει

134 1857 336 1891 ἀποτάξασθαι,
351 1855 425 1892 ποίῳ
439 1854 490 1893 ἄρα
503 1856 598 1893 τρόπῳ
613 1852 711 1884 λοιῗκὸν
727 1857 742 1884 6
766 1859 889 1888 τοιοῦτος
915 1867 966 1884 σω-

133 1904 222 1936 θῆναι
237 1900 380 1936 δυνήσεται
394 1911 401 1935 ;

171 1946 275 1975 Ἀπόκ.
292 1944 350 1981 Οἳῳ
364 1944 459 1982 τρόπῳ
487 1944 576 1980 ἐσώθη
602 1946 616 1973 6
639 1946 772 1982 τελώνης,
787 1945 855 1973 κατὰ
869 1946 914 1973 τὸν
931 1945 965 1973 εἷ-

129 1991 224 2019 πόπα
249 1991 396 2029 προφήτην
423 1990 488 2026 (32)·
515 2001 529 2016 (ἰ
560 1991 767 2026 Ἐταπεινώθην,
807 1990 853 2017 καὶ
883 1988 966 2018 ἔσωσὲ

132 2046 169 2070 με
187 2036 204 2062 ὁ
223 2035 334 2072 Κύριος.
358 2045 372 2061 ι
400 2035 501 2072 ’Ὠσπερ
526 2034 577 2073 γὰρ
592 2036 610 2069 ἡ
625 2034 790 2071 ἀναίμακτος
805 2035 891 2070 θυσία,
921 2035 965 2062 καὶ

129 2081 148 2114 ἡ
173 2078 354 2115 ἐλεημοσύνη
385 2078 422 2109 εἷς
450 2078 542 2117 ἄφεσιν
573 2079 712 2116 ἁμαρτιῶν
739 2080 819 2116 ἡμῶν
849 2080 966 2118 προσφέ-

130 2134 234 2161 ρονται
261 2125 302 2159 τῷ
331 2121 399 2158 Θεῷ⁶
428 2122 500 2150 οὕτω
524 2123 568 2150 καὶ
596 2124 614 2158 ἡ
656 2124 888 2162 ταπεινοφροσύνῃ
917 2127 967 2159 τῆς

127 2166 264 2206 καρδίας.
281 2179 295 2192 ‹‹
314 2166 397 2194 Θυσία
411 2167 475 2204 γὰρ,
501 2179 515 2193 ››
534 2167 611 2206 φησὶ,
629 2180 643 2194 (ι
658 2170 697 2204 τῷ
712 2170 769 2204 Θεῷ
783 2170 889 2205 πνεῦμα
904 2179 967 2196 συν-

126 2212 332 2249 τετριμμένον·
361 2210 472 2248 καρδίαν
504 2212 733 2249 συντετριμμένην
764 2212 808 2240 καὶ
842 2222 968 2240 τεταπειι-

125 2258 269 2293 νωμὲνην
299 2257 315 2283 ὁ
343 2256 407 2287 Θεὸς
436 2255 486 2284 οὐκ
515 2255 697 2291 ίξουόενώσει.
733 2269 748 2284 ››
790 2256 838 2284 Καὶ
874 2256 967 2285 πάλιν

126 2314 142 2325 η
176 2300 282 2338 Ἐγγῦς
312 2299 409 2336 Κύριος
437 2302 495 2331 τοῖς
531 2300 771 2338 συντενριμμὲνοις
797 2303 831 2338 τῇ
860 2299 968 2339 καρδίᾳ,

124 2346 178 2372 καὶ
197 2344 268 2375 τοὺς
282 2344 426 2375 ταπεινοὺς
440 2344 481 2379 τῷ
504 2344 635 2381 πνεύματι
658 2345 749 2373 σώσει.
765 2357 780 2372 ››
796 2346 845 2373 Καὶ
873 2345 967 2379 πάλιν,

1019 1726 1115 1761 potest
1124 1723 1271 1759 jejunare,
1289 1731 1342 1751 nec
1357 1723 1439 1750 humi
1455 1724 1573 1759 cubare,
1586 1727 1637 1752 aut
1651 1725 1782 1761 vigilare,
1798 1727 1842 1754 vel

1020 1768 1149 1805 aliquem
1166 1767 1338 1803 bujusmodi
1355 1767 1482 1795 laborem
1496 1776 1694 1802 exercere,nec
1709 1772 1841 1805 pecuniis

1020 1822 1093 1848 quas
1104 1812 1261 1840 distribuat
1276 1812 1473 1852 abundet,nec
1481 1813 1587 1841 smculo
1599 1816 1693 1849 quaeat
1704 1816 1841 1843 nuntium

1020 1858 1179 1892 remittere,
1196 1864 1336 1894 quonam,
1353 1864 1462 1892 quasso,
1478 1857 1575 1891 modo,
1602 1857 1651 1885 ille
1676 1860 1770 1894 potest
1784 1859 1841 1887 sal-

1021 1902 1080 1930 vari
1094 1902 1108 1929 7

1056 1945 1140 1973 ἣκει).
1159 1945 1197 1973 Eo
1214 1945 1298 1972 modo
1314 1953 1371 1980 quo
1395 1943 1571 1980 publicanus
1595 1945 1724 1974 salvatus
1744 1949 1790 1975 est
1814 1950 1841 1975 et

1018 1991 1103 2026 juxta
1119 1989 1290 2026 prophetam
1314 1988 1439 2016 aientem
1459 1997 1465 2017 :
1483 2000 1498 2013 «ι
1522 1989 1698 2019 Humiliatus
1723 1999 1788 2019 sum
1814 1996 1842 2020 et

1022 2035 1143 2063 salvavit
1166 2042 1213 2061 me
1236 2033 1379 2061 Dominus
1400 2034 1431 2061 ⁸ο.
1458 2045 1470 2058 n
1496 2033 1748 2065 Quemadmodum
1763 2037 1842 2064 enim
1888 2041 1891 2044 ’

1021 2080 1208 2107 incruentum
1224 2078 1402 2106 sacrificium
1418 2077 1603 2115 eleemosyna
1616 2082 1671 2108 Deo
1682 2080 1803 2109 olfertur
1814 2082 1841 2109 in

1022 2123 1226 2152 remissionem
1241 2125 1426 2158 peccatorum
1436 2125 1602 2151 nostrorum
1616 2132 1622 2151 :
1634 2124 1675 2152 ita
1689 2125 1845 2153 ethumili-

1022 2171 1069 2196 tas
1083 2168 1180 2195 cordis
1197 2175 1204 2195 :
1222 2178 1235 2192 α
1251 2166 1432 2194 Sacriﬁcium
1448 2167 1537 2201 enim,
1561 2168 1667 2204 inquit,
1685 2171 1742 2197 Deo
1757 2170 1844 2205 spiri~

1022 2216 1071 2240 tus
1093 2211 1306 2240 contribulatus
1324 2219 1330 2238 :
1347 2219 1396 2239 cor
1421 2212 1580 2240 contritum
1605 2215 1634 2240 et
1657 2213 1843 2242 humiliatum

1023 2257 1100 2285 Deus
1125 2265 1183 2284 non
1208 2255 1347 2292 despiciet
1371 2256 1405 2283 ⁵⁸.
1423 2266 1438 2281 ιι
1463 2256 1498 2283 Et
1519 2264 1645 2285 rursus:
1663 2258 1779 2286 «Juxta
1800 2262 1845 2287 est

1025 2301 1211 2330 Dominusiis
1227 2300 1277 2337 qui
1294 2298 1431 2327 tribulato
1447 2302 1518 2328 sunt
1541 2302 1638 2334 corde,
1664 2305 1694 2330 et
1719 2303 1846 2331 humiles

1025 2346 1132 2383 spiritu
1144 2345 1271 2373 salvabit
1281 2345 1370 2372 5’.»Et
1386 2344 1491 2372 iterum
1507 2346 1758 2380 quemadmodum
1771 2347 1847 2375 beati

126 2389 236 2426 ὥσπερ
254 2387 444 2426 μακαρίζοντας.
467 2378 496 2414 οἱ
526 2378 682 2424 ἰλεῆμονες,
706 2388 751 2416 καὶ
767 2389 793 2416 οἱ
807 2389 920 2426 καθαροὶ
933 2378 964 2426 τῇ

1026 2378 1224 2427 pi-zedicantur
1238 2389 1441 2417 misericordes
1456 2392 1486 2417 et
1500 2389 1603 2417 mundi
1623 2391 1719 2425 corde,
1734 2391 1775 2419 ita
1790 2399 1847 2427 prae

126 2432 341 2471 χαρόίᾳόῧτω
366 2432 560 2470 μσκαρίζονται
589 2433 642 2471 πρὸ
672 2432 778 2461 πάντων
806 2434 831 2460 ol
860 2434 970 2471 πτωχοὶ

126 2481 173 2515 τῷ
189 2476 343 2513 mairum,
360 2489 373 2503 υ
391 2477 433 2504 ὅτι
448 2476 535 2504 αὐτῶν
550 2476 619 2504 ἐστιν
635 2478 653 2511 ἡ
671 2477 794 2515 βασιλεία
818 2480 871 2505 τῶν
889 2477 970 2515 οὐρα-

126 2525 202 2551 νῶν.
225 2534 244 2548 ν
265 2522 372 2557 Ταύτην
389 2520 434 2548 οὖν
450 2521 500 2555 τήν
516 2519 577 2548 ὁδὸν
592 2522 643 2555 τῆς
658 2522 793 2559 σωτηρίας
814 2521 911 2558 πένης,
926 2523 971 2550 καὶ

126 2566 273 2600 ἀσθενής,
287 2566 332 2594 καὶ
348 2566 446 2604 γέρων,
462 2565 508 2593 καὶ
525 2564 638 2601 ἰδιώτης
655 2564 761 2594 ὁδεῦσαι
775 2566 818 2594 aui
834 2568 972 2605 κατορθῶ-

127 2623 178 2640 σιι
199 2610 329 2639 δύναται.

168 2698 195 2715 ⁴⁷
215 2696 227 2724 Ι
244 2695 310 2723 Cor.
323 2704 384 2727 xm,
401 2696 461 2723 1-3.
517 2695 540 2716 ⁸⁸
555 2696 625 2724 Luc.
642 2704 680 2730 v1,
696 2696 740 2726 36.

128 2740 250 2766 χχχιιι,
271 2731 310 2759 19.
363 2732 387 2749 ⁸³
400 2730 504 2760 Matth.
520 2740 548 2767 ν,
564 2732 591 2760 3.

171 2816 243 2853 (30)
262 2814 330 2853 13°8-
344 2815 372 2853 ἓν
387 2813 428 2853 si»
443 2814 587 2853 ἀνθρώπῳ-

173 2849 244 2891 (31)
265 2849 333 2887 Reg.
347 2851 376 2886 2,
393 2849 491 2880 δὲκτοί.

798 2697 820 2715 ⁸⁸
835 2697 859 2725 II
875 2699 940 2727 Cor.
956 2707 1017 2735 vm,
1035 2699 1078 2726 14.

1026 2435 1137 2463 caeteris
1154 2434 1228 2462 beati
1247 2433 1443 2469 praedicantur
1458 2442 1600 2469 pauperes
1615 2435 1731 2470 spiritu,
1748 2446 1763 2461 «
1779 2435 1849 2471 quia

1026 2480 1158 2515 ipsorum
1174 2480 1218 2505 est
1233 2486 1356 2513 regnum
1372 2477 1511 2505 caelorum
1528 2478 1559 2506 ⁵³.
1578 2490 1592 2504 n
1608 2479 1688 2507 Hanc
1703 2479 1793 2515 igitur
1802 2488 1849 2508 sa-

1027 2522 1098 2551 lutis
1112 2523 1190 2550 viam
1208 2521 1283 2549 inire
1298 2524 1327 2549 et
1342 2522 1478 2558 persequi
1494 2525 1619 2558 possunt
1634 2532 1755 2560 pauper,
1772 2525 1852 2552 inﬁr-

1029 2576 1106 2601 mus,
1122 2575 1210 2596 senex
1225 2569 1253 2595 et
1267 2565 1367 2594 idiota.

1134 2697 1156 2714 ⁸⁰
1171 2696 1249 2725 Psal.
1265 2703 1339 2731 CXIV,
1354 2696 1381 2723 6.
1438 2696 1458 2713 ⁸¹
1483 2696 1558 2725 Psal.
1586 2705 1612 2731 L,
1638 2697 1681 2725 19.
1738 2697 1760 2716 ³³
1775 2698 1853 2727 Psal.

1438 2696 1458 2713 ει
1483 2696 1558 2725 Psal.
1586 2705 1612 2733 ι,
1638 2697 1681 2725 19.

1062 2819 1117 2856 (32)
1133 2819 1176 2847 Ita
1192 2818 1262 2855 Reg.
1277 2817 1305 2847 2.
1320 2817 1407 2855 Edlti,
1424 2815 1446 2844 εἶ
1461 2815 1505 2844 καὶ
1523 2817 1589 2854 μετὰ
1603 2817 1647 2845 τὸν
1665 2815 1784 2847 ιίπόντα.
