4072 6210
382 354 501 417 635

458 490 684 553 Quaesr.
716 485 900 542 XCIII.
936 483 1083 549 Quid
1116 486 1200 537 est
1233 479 1579 537 humilitas?

457 578 626 633 Resp.
678 573 991 630 Humilitas
1036 573 1234 628 anima
1283 576 1372 626 est
1425 587 1551 643 quae
1602 586 1706 624 nec
1773 570 2039 625 observat

386 683 493 723 nec
540 666 767 735 judicat
816 662 1063 718 aliorum
1115 661 1417 715 hominum
1473 664 1729 731 peccata,
1779 659 1878 713 sed
1931 676 2039 714 sua

387 757 672 812 duntaxat
693 752 1177 826 perspicit,seque
1200 749 1395 804 mterni
1413 748 1683 820 supplicii
1709 764 1863 802 ream
1888 748 2038 803 aesti-

390 851 530 913 mat,
559 850 613 899 et
643 843 761 898 haec
794 843 863 897 ad
896 841 1078 896 Deum
1114 838 1255 893 dicit
1289 857 1301 893 :
1336 836 1505 892 Salva
1538 853 1631 892 me
1663 841 1897 909 propter
1927 836 2035 891 mi~

388 932 768 988 sericordiam
800 935 984 997 tuam,
1037 945 1150 985 non
1203 930 1440 999 prepter
1487 925 1697 981 merita
1745 941 1895 981 mea.
1927 924 2034 988 Qui

386 1039 559 1092 porro
591 1038 653 1077 se
686 1020 767 1076 ita
800 1036 965 1073 reum
998 1033 1126 1073 esse
1158 1016 1363 1081 credit,
1401 1016 1451 1071 is
1494 1014 1735 1069 minime
1784 1013 2033 1071 offensa-

385 1128 538 1177 rum,
576 1127 719 1181 quas
748 1109 820 1164 ab
849 1107 1089 1163 homine
1120 1105 1432 1177 acceperit,
1471 1104 1896 1171 recordabitur,
1929 1118 2034 1159 nec

386 1200 690 1256 damnabit
730 1202 1063 1269 peccantem
1116 1194 1435 1261 hominem,
1486 1192 1795 1260 tribusque
1842 1193 2033 1248 modis

387 1286 793 1343 remissionem
832 1289 1206 1356 peccatorum
1256 1280 1653 1354 consequitur.
1704 1280 1850 1335 Nam
1896 1281 2035 1351 quia

389 1377 535 1433 alios
570 1393 683 1430 non
713 1375 1072 1444 judicat,nec
1104 1371 1584 1444 ipsejudicatur;
1620 1369 1758 1441 quia
1788 1369 2033 1425 humilis

383 1471 491 1538 est,
518 1466 881 1538 justiﬁcatur
907 1481 920 1530 ;
955 1467 1011 1517 et
1036 1462 1175 1533 quia
1204 1462 1495 1516 condonet
1525 1459 1677 1528 aliis,
1715 1464 1861 1515 Deus
1890 1475 2029 1530 quo-

384 1573 492 1627 que
521 1555 634 1627 ipsi
667 1557 903 1627 peccata
933 1551 1243 1608 condonet.

452 1645 692 1709 Quoss'r.
726 1642 914 1698 XCIV.
947 1643 1002 1696 Si
1034 1640 1166 1712 quis
1200 1655 1350 1711 saepe
1381 1639 1803 1711 peccaverit,ac
1823 1638 2031 1694 deinde

382 1750 533 1806 saepe
563 1730 963 1805 paenitentiam
996 1745 1166 1801 agere
1199 1744 1515 1801 aggressus
1549 1726 1745 1793 fuerit,
1788 1744 2029 1783 rursus-

384 1841 495 1895 que
525 1821 796 1878 inciderit
826 1820 883 1875 in
905 1822 1208 1893 peccatum
1239 1834 1252 1873 :
1287 1818 1355 1872 ad
1382 1821 1522 1888 quot
1555 1833 1739 1887 usque
1770 1820 2027 1888 peccata,
2061 1857 2109 1922 Β

385 1913 756 1984 pmnitentem
791 1910 945 1965 Deus
978 1925 1184 1964 rursus
1217 1906 1537 1963 admittet?

454 2003 619 2056 Rasv.
659 2001 807 2055 Licet
832 1998 1023 2055 decies
1067 1994 1280 2051 millies
1323 1996 1499 2050 homo
1551 1994 1843 2061 ceciderit,
1894 1994 2031 2048 licet

384 2091 575 2146 decies
602 2089 815 2144 millies
847 2086 1247 2160 paenitentiam
1282 2084 1464 2157 egerit
1496 2101 1508 2138 :
1545 2100 1917 2156 nequaquam
1949 2087 2032 2137 ta—

385 2198 515 2235 men
549 2180 742 2250 ipsum
774 2176 1038 2249 projiciet
1068 2175 1375 2240 Dominus,
1408 2174 1625 2245 quippe
1654 2173 1746 2228 cui
1776 2172 2029 2227 maxime

385 2274 522 2324 nota
550 2269 627 2322 sit
662 2268 929 2321 humanas
962 2273 1178 2319 natura:
1214 2262 1593 2317 mutabilitas.
1630 2262 1773 2316 Nam
1809 2262 1907 2332 qui
1936 2261 2031 2316 Pe-

387 2363 475 2412 tro
510 2356 780 2431 praecepit
812 2360 873 2409 ut
902 2352 1236 2426 septuagies
1258 2352 1472 2423 septies
1500 2352 1657 2405 fratri
1679 2352 2027 2422 ignosceret,

387 2447 571 2502 multo
622 2445 809 2517 magis
857 2444 984 2513 ipse
1036 2443 1227 2498 decies
1277 2440 1494 2497 millies
1539 2441 1756 2510 septies
1804 2440 2027 2495 homini

390 2537 674 2607 ignoscet,
702 2535 750 2590 si
785 2534 956 2588 modo
986 2530 1381 2603 pmnitentiam
1418 2529 1687 2603 egerit.Id
1712 2533 1903 2583 autem
1931 2547 2030 2585 ac-

387 2630 582 2679 curate
617 2623 919 2680 sciendum
951 2620 1323 2687 est,animam
1344 2636 1469 2690 quae
1502 2619 1716 2690 saepius
1749 2618 2027 2689 peccandi

386 2713 716 2785 saepiusque
750 2710 1062 2783 pcenitendi
1096 2707 1513 2764 contraxererit
1542 2707 2029 2762 consuetudinem

388 2818 521 2858 cum
572 2802 756 2857 Deum
806 2802 1142 2855 contemnat
1204 2798 1518 2868 redeatque
1567 2797 1638 2851 ad
1702 2801 2027 2867 peccatum,

388 2895 541 2947 certe
574 2888 885 2945 difﬁculter
913 2886 1255 2959 hujusmodi
1286 2886 1485 2940 anima
1518 2901 1550 2938 a
1578 2888 1810 2957 peccato
1841 2883 2027 2939 disce-

387 2980 492 3043 dit,
542 2978 717 3034 veluti
748 2976 910 3034 canis
958 2973 1328 3031 macellarius
1377 2973 1543 3028 fetori
1589 2976 1878 3028 assuetus.
1918 2972 2027 3027 De-

386 3069 564 3139 nique
595 3084 726 3123 cum
758 3067 1015 3121 incertus
1046 3064 1120 3120 sit
1147 3066 1273 3118 vitae
1307 3067 1516 3117 nostris
1571 3063 1723 3127 finis,
1760 3079 1865 3117 nos
1896 3078 2026 3117 mu-

384 3156 494 3211 niri
527 3159 769 3226 Oportet,
804 3171 875 3209 ne
906 3156 1049 3208 forte
1080 3154 1136 3207 in
1170 3157 1403 3225 peccato
1437 3168 1933 3223 prreoccupemur,
1967 3155 2025 3206 et

1561 344 1626 406 S.
1672 342 2283 407 ATHANASIUS.—
2320 342 2626 413 SPURIA.

2064 483 2117 549 A

3712 0 3951 145 μιν

3676 144 3719 251 (ς

3682 353 3786 416 656

2221 481 2411 556 Ἐρώτ.
2447 483 2552 561 Lf.
2586 485 2645 538 Τί
2679 484 2787 540 ἐστι
2819 485 3283 564 ταπεινοφροσύνῃ
3312 506 3326 557 ;

2219 571 2408 627 Ἀποκ·
2442 574 2918 653 Ταπεινοφροσύνη
2956 574 3067 629 terti
3108 577 3262 652 ψυχή
3318 578 3395 650 μὴ
3454 580 3788 655 προσέχουσα

2150 656 2292 731 μηδὲ
2343 660 2595 735 κρίνουσα
2648 661 2833 718 ἄλλων
2905 664 3205 741 ἀνθρώπων
3265 666 3594 740 πταίσματα⁶
3657 666 3788 723 ἄλλα

2149 746 2317 819 μόνον
2363 750 2429 803 τά
2483 751 2679 820 ἑαυτῆς
2733 751 3009 827 βλέπουσα
3060 754 3149 808 καὶ
3203 754 3490 810 ὑπεύθυνον
3521 763 3620 824 τῆς
3663 758 3786 812 αἰω-

2145 835 2263 889 νίου
2312 837 2591 901 κολάσεως
2631 841 2824 910 ὲαυτὴν
2856 836 3081 917 ἔχουσα,
3112 842 3200 897 καὶ
3256 848 3421 898 τοῦτο
3479 846 3615 922 πρὸς
3665 847 3783 901 Θεὸν

2146 922 2394 1000 λέγουσα.
2454 928 2637 984 Σῶσόν
2674 951 2741 1001 με
2768 926 2940 985 ἕνεκεν
2999 935 3100 985 τοῦ
3150 930 3337 994 ἐλέους
3387 954 3482 987 σου
3532 937 3667 1006 (33),
3706 935 3785 989 καὶ

2145 1012 2252 1089 οὐχ
2306 1012 2478 1071 ἕνεκεν
2537 1023 2643 1072 τῶν
2704 1019 3145 1094 κατορθωμάτων
3209 1042 3335 1095 μου.
3394 1024 3456 1079 '0
3506 1019 3564 1077 δὶ
3623 1022 3784 1085 οὕτως

2143 1102 2328 1158 ἑαυτὸν
2387 1105 2679 1170 ὑπεύθυνον
2756 1106 3125 1183 λογιζόμενος
3202 1108 3325 1164 οὐδὲ
3403 1115 3785 1184 μνησικακήσει

2143 1190 2409 1269 ἄνθρώπῳ
2436 1196 2588 1267 ποτὶ,
2624 1194 2750 1251 οὐδὲ
2778 1203 3090 1274 κατακρινεῖ
3133 1195 3413 1273 ἄνθρωπον
3464 1201 3788 1276 ἁμαρτάνον-

2139 1300 2227 1346 τα,
2261 1281 2349 1335 καὶ
2383 1280 2574 1339 λοιπὸν
2608 1283 2667 1338 ἐκ
2694 1290 2859 1357 τριῶν
2892 1285 3131 1359 τρόπων,
3191 1288 3291 1356 τήν
3349 1292 3459 1342 τῶν
3514 1292 3784 1365 ἁμαρτιῶν

2142 1369 2326 1448 ἄφεσιν
2356 1371 2660 1445 κομίζεται.
2692 1379 2776 1436 Ὡς
2808 1375 2909 1451 γὰρ
2945 1377 3021 1448 μὴ
3052 1375 3273 1451 κρίνων,
3308 1378 3370 1431 ού
3412 1380 3671 1453 κρίνεται·
3706 1382 3785 1435 καὶ

2142 1458 2216 1520 ὡς
2246 1466 2703 1539 ταπεινοφρονῶν,
2738 1460 3059 1519 δικαιοῦται·
3096 1465 3184 1520 καὶ
3219 1467 3294 1528 ὡς
3328 1474 3786 1544 συγχωρῶν,συγ-

2140 1554 2425 1623 χωρεῖται.

2212 1639 2404 1714 ³ἱζρώτ.
2577 1640 2700 1697 Ἐάν
2728 1662 2813 1704 τις
2845 1641 3116 1706 πολλάκις
3151 1645 3487 1720 άμαρτήσας,
3520 1645 3785 1711 πολλάκις

2143 1731 2418 1800 μετανοεῖν
2452 1727 2793 1805 ἐπεχείρησε,
2827 1731 2915 1785 καὶ
2948 1730 3113 1786 πάλιν
3163 1731 3242 1793 εἷς
3296 1734 3563 1810 ἁμαρτίαν
3615 1732 3782 1791 ἔπεσε·

2142 1815 2310 1890 μέχρι
2340 1815 2521 1871 πόσων
2550 1818 2904 1891 πταισμάτων
2941 1819 3105 1875 πάλιν
3163 1828 3532 1894 μετανοοῦντα
3579 1827 3607 1880 ὁ
3665 1826 3788 1887 Θεὸς

2141 1902 2499 1982 προσδέχεται
2530 1911 2721 1961 τοῦτον
2748 1926 2762 1977 ;

2212 1994 2403 2050 Ἀπόκ.
2455 1996 2516 2052 Ὀ
2563 1996 2627 2050 τὸ
2683 1993 2970 2073 εὔτρεπτον
3024 2005 3123 2067 τῆς
3181 1999 3524 2075 ἀνθρωπίνης
3582 2004 3789 2079 φύσεως

2140 2082 2495 2157 ἐπιστάμενος
2538 2083 2754 2160 Κύριος,
2802 2085 2899 2141 κᾶν
2955 2089 3208 2163 μυριάκις
3251 2090 3279 2143 6
3312 2090 3597 2165 ἄνθρωπος
3629 2092 3786 2167 πέσῃ,

2138 2172 2234 2226 κᾶν
2273 2175 2525 2249 μυριάκις
2573 2178 2907 2250 μετανοήσῃ,
2958 2174 3218 2249 οὐδαμῶς
3265 2178 3424 2233 αὐτὸν
3473 2176 3786 2237 ἀποϐάλλε-

2139 2279 2243 2313 ται.
2281 2260 2342 2316 Ὀ
2370 2262 2471 2336 γάρ
2503 2260 2882 2335 ἐντειλάμενος
2913 2266 3027 2337 (34)
3075 2269 3155 2338 τῷ
3208 2266 3396 2342 Πέτρῳ
3456 2263 3789 2342 ἑϐδομηκον-

2138 2346 2291 2408 τάκις
2322 2348 2454 2402 ἒπτὰ
2482 2354 2559 2420 τῷ
2588 2348 2807 2429 ἀδελφῷ
2839 2360 3171 2428 συγχωρεῖν,
3204 2355 3402 2428 πολλῷ
3451 2356 3645 2412 πλεῖον
3699 2361 3787 2414 αὖα

2138 2437 2230 2497 τὸς
2279 2439 2630 2512 συγχωρήσει
2700 2442 3045 2515 μυριοντάκις
3122 2443 3257 2498 ἐπτά
3331 2450 3459 2518 τῷ-
3495 2448 3786 2521 ἀνθρώπῳ,

2144 2530 2491 2597 μετανοοῦντι
2556 2528 2823 2604 μέντοιγε.
2855 2532 2951 2584 Καὶ
2980 2535 3142 2587 τοῦτο
3175 2529 3256 2587 δεῖ
3294 2530 3530 2609 ἀκριϐῶς
3573 2537 3787 2592 ἐπίστα-

2140 2625 2281 2678 σθαι⁶
2314 2615 2398 2669 ’ὁτι
2424 2616 2577 2691 ψυχή
2610 2616 2687 2679 εἷς
2736 2621 3018 2689 συνήθειαν
3075 2620 3308 2685 ἐλθοῦσα
3346 2628 3459 2679 ’τοῦ
3517 2624 3786 2690 πολλάκις

2141 2702 2489 2779 ἁμαρτάνειν,
2538 2704 2627 2759 καὶ
2686 2705 2958 2770 πολλάκις
3016 2717 3320 2782 μετανοεῖν,
3380 2721 3790 2792 καταφρονοῦσα

2136 2796 2234 2846 τοῦ
2290 2796 2424 2881 θεοῦ
2471 2795 2607 2869 πρὸς
2649 2798 2749 2864 τήν
2797 2797 3060 2869 ἁμαρτίαν
3113 2800 3540 2879 ὑποστρέφουσα,
3593 2803 3789 2881 δυσχε-

2142 2884 2250 2970 ρῶς
2279 2876 2447 2970 ὅντως
2476 2884 2509 2953 ἠ
2542 2884 2766 2955 τοιαύτη
2795 2888 2949 2961 ψυχὴ
3001 2895 3102 2957 τῆς
3160 2876 3427 2965 ἁμαρτίας
3484 2876 3788 2970 ἀφὲσταται,

2141 2965 2322 3044 ὣσπερ
2377 2968 2521 3023 κύων
2587 2970 2920 3043 μακελλικὸς
2982 2973 3034 3028 ἐν
3092 2980 3172 3047 τῷ
3233 2976 3430 3051 βρόμῳ
3489 2965 3787 3044 συνεθίσας.

2139 3058 2337 3112 Λοιπὸν
2368 3056 2447 3125 δὲ,
2480 3059 2562 3113 ’ὁτι
2593 3060 2655 3114 τὸ
2678 3059 2835 3123 τέλος
2864 3068 2962 3131 τῆς
2996 3068 3141 3132 ζωῆς
3181 3066 3332 3136 2)μῶν
3390 3066 3622 3143 ὑπάρχει
3655 3067 3788 3141 ἅδη-

2141 3145 2262 3217 λον,
2295 3148 2407 3223 χρή
2442 3150 2589 3220 ἡμᾶς
2620 3147 3029 3227 ἀσφαλίζεσθαι,
3061 3155 3136 3225 μή
3171 3175 3287 3216 πως
3338 3154 3389 3209 ἐν
3437 3160 3506 3229 τῇ
3556 3159 3793 3233 ἁμαρτίᾳ

386 3246 609 3315 absque
654 3242 993 3315 poenitentia
1041 3241 1429 3305 inveniamur,
1490 3241 1912 3311 tradamurque
1962 3240 2023 3295 in

2151 3235 2426 3312 ρθάσωμεν
2456 3236 2545 3291 καὶ
2579 3236 2884 3312 εὑρεθῶμεν
2919 3240 3305 3313 ἀμετανόητοι,
3337 3244 3426 3299 καὶ
3469 3229 3789 3322 παραδοθῶέ

387 3333 743 3405 supplicium
774 3331 1117 3401 sempiterni
1141 3347 1219 3384 m.

457 3421 609 3479 238
643 3421 870 3486 QUEs'r.
906 3418 1061 3473 XCV.
1114 3413 1438 3489 Quotuplex
1486 3420 1577 3471 est
1623 3415 1978 3471 adulterium
2005 3416 2034 3471 *Ρ

459 3511 639 3566 Ηεερ.
666 3508 908 3580 Duplex.
943 3507 1087 3563 Nam
1124 3506 1170 3560 si
1207 3505 1418 3560 mulier
1448 3505 1567 3559 viro
1601 3511 1784 3577 nupta
1814 3510 2031 3561 scorte-

388 3606 502 3669 tur,
538 3598 887 3655 adulterium
917 3601 1023 3653 est.
1055 3595 1397 3665 Rursusque
1428 3595 1476 3649 si
1509 3595 1616 3657 vir,
1663 3594 1760 3665 qui
1793 3610 2028 3650 uxorem

387 3690 621 3760 habeat,
655 3690 962 3753 scortetur,
1007 3682 1363 3741 adulterium
1414 3688 1503 3738 est
1546 3699 1685 3755 erga
1734 3683 2028 3755 propriam

394 3795 627 3835 uxorem
640 3821 651 3833 .

462 3871 685 3934 Quass'r.
721 3867 902 3921 XCVI.
943 3864 1120 3921 Aiunt
1147 3862 1326 3935 aliqui
1354 3865 1653 3934 peccatum
1688 3876 2030 3933 corporeum

389 3974 505 4028 prce
553 3957 829 4012 omnibus
880 3954 1014 4010 aliis
1064 3953 1318 4026 peccatis
1390 3950 1623 4006 facilius
1690 3950 2029 4017 condonari,

388 4045 601 4115 quippe
634 4059 769 4097 cum
796 4041 1083 4096 naturalis
1114 4045 1312 4095 motus
1343 4038 1417 4093 sit
1446 4038 1503 4093 in
1538 4036 1794 4092 homine.

460 4132 630 4187 Resp.
665 4131 1032 4185 Contrarium
1066 4130 1233 4184 docet
1267 4127 1595 4198 Apostolus,
1628 4126 1727 4197 qui
1759 4127 1865 4181 hoc
1898 4142 2027 4196 pec-

385 4228 577 4276 catum
613 4218 847 4291 gravius
877 4219 1151 4272 omnibus
1185 4217 1316 4272 aliis
1348 4215 1607 4287 peccatis
1645 4220 1832 4283 vocat,
1869 4215 2027 4273 hisce

380 4310 571 4364 verbis
602 4326 613 4362 :
656 4331 675 4357 ι
711 4308 894 4362 Omne
924 4310 1221 4378 peccatum
1258 4306 1648 4376 quodcunque
1696 4305 1891 4360 fecerit
1920 4305 2028 4359 ho-

383 4414 499 4468 mo,
532 4401 694 4453 extra
736 4412 945 4465 corpus
994 4400 1083 4449 est
1137 4410 1149 4447 :
1202 4394 1301 4465 qui
1345 4399 1537 4447 autem
1593 4395 1932 4461 fornicatur,
1964 4394 2021 4449 in

381 4503 591 4559 corpus
622 4500 795 4542 suum
827 4487 1022 4556 peccat
1051 4482 1097 4517 “
1130 4498 1143 4539 :
1176 4504 1202 4532 »ν
1253 4482 1729 4553 quandoquidem
1781 4500 1848 4537 ex
1898 4483 2027 4554 ipsa

379 4594 487 4633 sua
516 4572 891 4642 carne,veluti
922 4572 1214 4644 quoddam
1247 4569 1827 4634 sacriﬁcium,semen
1847 4588 2021 4628 suum

378 4665 604 4721 Satanas
643 4664 828 4720 offert.
885 4663 1160 4717 Praeterea
1209 4658 1476 4713 naturale
1524 4660 1663 4714 item
1726 4665 1815 4715 est
1861 4677 2019 4716 com-

374 4755 830 4821 edere,attamen
854 4750 1322 4822 praevaricantem
1348 4748 1634 4803 Adamum
1666 4750 2018 4805 condemna-

379 4844 670 4997 “03:12:.
704 4928 917 4987 XCVII.
951 4930 1102 4994 Quot
1133 4930 1273 4983 sunt
1296 4925 1522 4997 judicia
1553 4930 1610 4982 et
1637 4931 1873 4998 peccata
1904 4927 2015 4984 for-

372 5020 686 5078 nicationis
711 5019 738 5074 ?

443 5111 615 5166 Reae.
649 5105 834 5163 Multa
865 5110 922 5161 et
953 5104 1130 5159 varia.
1168 5104 1426 5161 Graviori
1460 5105 1617 5159 enim
1656 5103 1884 5175 judicio
1915 5106 2016 5161 ob-

368 5199 576 5257 noxius
608 5199 697 5253 est
726 5195 825 5267 qui
861 5209 1099 5249 uxorem
1130 5192 1354 5247 habens
1385 5196 1890 5264 scortatur,quam
1915 5192 2015 5265 qui

371 5302 606 5346 uxorem
640 5301 754 5340 non
787 5282 981 5339 habet.
1019 5281 1277 5336 Graviori
1307 5281 1447 5336 item
1488 5281 1776 5336 obnoxius
1804 5287 1894 5337 est
1913 5282 2012 5353 ju-

436 5454 482 5489 “
512 5453 533 5508 Ι
563 5452 694 5507 Cor.
727 5464 800 5517 vr,
836 5448 923 5502 18.

438 5614 550 5683 (33)
577 5612 728 5684 Reg.
772 5612 825 5673 2,
884 5606 1060 5684 ἕνεκεν
1118 5604 1457 5684 τοῦ-,ἐλέους
1518 5624 1636 5684 σου.
1695 5607 1862 5684 Editi,
1924 5604 2014 5684 διὰ

364 5678 460 5742 τού
496 5678 762 5758 ὀνόματός
795 5702 908 5738 σου.
947 5682 1073 5737 Mox
1109 5678 1380 5737 mutilum
1417 5683 1753 5735 contextum
1794 5680 1853 5735 in
1912 5680 2003 5736 ed.

2143 3345 2236 3397 μεν
2271 3324 2347 3385 εἷς
2377 3324 2599 3380 κόλασιν
2631 3324 3004 3394 ἀτελεύτητον.

2213 3414 2404 3488 Ἐρώτ.
2438 3413 2534 3491 lie‘.
2570 3414 2736 3469 Πόσαι
2774 3418 3025 3492 μοιχεῖαί
3055 3417 3224 3488 sicut;

2213 3501 2407 3558 Ἀπόκ.
2440 3501 2561 3558 Δύο.
2591 3502 2689 3557 Καὶ
2719 3503 2817 3577 γὰρ
2850 3505 2884 3574 ἠ
2916 3508 3049 3582 γυνὴ
3100 3510 3135 3577 ἡ
3187 3506 3454 3585 ὕπανδρος
3509 3512 3648 3568 ὅπου
3693 3515 3787 3569 κᾶν

2140 3591 2429 3663 πορνεύσῃ,
2490 3592 2712 3666 μοιχεία
2766 3592 2895 3650 ἐστί.
2958 3595 3055 3650 Καὲ
3112 3596 3301 3670 πάλιν,
3354 3600 3550 3676 ὁάνὴρ
3583 3604 3610 3656 6
3643 3600 3790 3677 ἔχων

2140 3685 2370 3754 γυναῖκα
2401 3679 2538 3734 ὅπου
2568 3680 2664 3735 κ’ὰν
2715 3678 3009 3758 πορνεύσῃ,
3064 3687 3285 3762 μοιχεία
3330 3688 3439 3743 ἐστὶ
3487 3668 3588 3759 τίῆς
3649 3668 3793 3753 ἰξίας

2138 3768 2415 3843 γυναικός.

2210 3858 2401 3930 Ἐρώτ.
2452 3857 2552 3935 '15'.
2607 3859 2835 3935 Λέγουσι
2869 3881 3031 3933 τινες,
3085 3862 3166 3918 ὅτι
3218 3867 3544 3939 συγγνώμην
3575 3867 3693 3944 ἔχει
3752 3872 3788 3940 ἡ

2140 3946 2425 4017 σωματική
2459 3947 2698 4020 ἁμαρτία
2728 3949 2857 4025 ὑπὲρ
2890 3949 3061 4013 πάσας
3090 3953 3184 4014 τάς
3215 3954 3504 4030 ἁμαρτίας,
3564 3957 3640 4019 ὡς
3692 3980 3793 4037 φυ-

2139 4044 2295 4105 σικῆς
2328 4038 2679 4112 ὑπαρχούσης
2711 4046 2808 4109 τῆς
2838 4043 3105 4109 κινήσεως
3137 4042 3187 4097 ἐν
3219 4049 3300 4117 τῷ
3328 4046 3619 4120 ἀνθρώπῳ.

2210 4127 2222 4145 ν
2330 4121 2340 4139 θ
2428 4129 2439 4145 1
2518 4127 2530 4145 ν
2678 4126 2689 4148 Ι

2229 4132 2395 4182 Αποκ.
2437 4129 2748 4183 Γουναντιον
2800 4129 2828 4182 6
2876 4129 3210 4194 Ἀπόστολος
3263 4134 3559 4210 βαρυτέραν
3595 4141 3788 4192 πασῶν

2133 4218 2241 4267 τῶν
2276 4215 2554 4290 ἁμαρτιῶν
2588 4215 2757 4285 αὐτὴν
2791 4215 3063 4291 ὀνομάζει,
3100 4218 3295 4297 λέγων·
3329 4248 3356 4274 ‹‹
3413 4229 3563 4279 Πᾶσα
3612 4227 3793 4303 ἁμαρ·-

2134 4303 2241 4372 τία,
2271 4305 2332 4372 ἣν
2366 4302 2424 4358 ἂν
2450 4306 2655 4378 ποιήσῃ
2686 4304 2993 4380 ἃνθρωπος,
3026 4307 3178 4371 ἐκτὸς
3208 4315 3305 4365 τοῦ
3332 4313 3586 4385 σώματός
3617 4302 3785 4371 ἔστιν’

2135 4393 2163 4446 6
2198 4389 2254 4446 δὲ
2284 4392 2559 4467 πορνεύων
2590 4392 2665 4455 εἷς
2688 4394 2751 4448 τὸ
2782 4392 2921 4449 ἴδιον
2954 4400 3112 4469 σῶμα
3143 4400 3458 4474 ἀμαρτάνευ
3517 4426 3546 4454 n
3592 4402 3788 4473 ἐπειδὴ

2132 4480 2183 4551 ἐξ
2214 4482 2381 4551 αὐτῆς
2411 4488 2509 4552 τῆς
2541 4479 2680 4545 ἰδίας
2711 4484 2939 4561 Σαρκὸς,
2961 4484 3142 4564 ὥσπερ
3165 4488 3345 4542 θυσίαν
3376 4491 3517 4559 τινὶ,
3550 4494 3789 4569 παρέχει

2054 4594 2101 4656 D
2129 4574 2209 4642 τῷ
2244 4574 2454 4641 Σατανᾷ
2482 4572 2580 4639 τὴν
2614 4572 2804 4627 ἑαυτοῦ
2835 4575 3059 4649 σποράν.
3111 4575 3207 4631 Καὶ
3256 4576 3420 4632 πάλιν
3470 4580 3533 4634 τὸ
3590 4587 3785 4659 φαγεῖν

2131 4657 2351 4735 φυσικόν
2387 4658 2517 4731 ἐστι,
2545 4660 2634 4715 καὶ
2665 4658 2785 4716 ἰδοὺ
2813 4662 2841 4716 6
2873 4664 3001 4725 Θεὸς
3026 4665 3116 4720 τὸν
3148 4663 3323 4739 Ἀδὰμ
3344 4657 3660 4743 παραϐάντα
3684 4692 3789 4726 και

2126 4743 2400 4803 τεδίκασεν
2411 4793 2423 4805 .

2156 5014 2169 5034 ,
2197 4926 2394 5000 Ἐρώτ.
2428 4926 2526 5004 ιιζκ
2560 4927 2707 4984 Πόσα
2736 4928 2974 5003 κρίματα
3000 4929 3089 4985 καὶ
3128 4931 3498 5008 ἁμαρτήματα
3546 4937 3789 5013 πορνικά

2128 5028 2259 5069 εῖσιν
2285 5034 2297 5069 :

2200 5060 2389 5161 Ἀπόκ.
2432 5103 2627 5162 ΙΙολλὰ
2678 5106 2767 5161 καὶ
2818 5105 3067 5186 διάφορα.
3123 5110 3347 5180 Μείζονι
3395 5112 3501 5188 γὰρ
3549 5115 3787 5189 κρίματι

2129 5194 2407 5249 ὑπόκειται
2437 5194 2465 5247 6
2496 5199 2724 5269 γυναῖκα
2755 5193 2900 5271 ἔχων
2930 5196 3019 5253 καὶ
3061 5200 3339 5275 πορνεύων
3374 5203 3522 5275 παρά
3570 5205 3663 5259 τὸν
3700 5207 3785 5278 μή

2126 5280 2340 5357 ἔχοντα·
2375 5281 2464 5337 καὶ
2500 5282 2707 5356 μείζονι
2740 5284 2767 5338 ὁ
2797 5283 3003 5361 ἀγαθὴν
3033 5292 3260 5360 γυναῖκα
3306 5284 3449 5365 ἔχων
3505 5290 3638 5369 ὑπερ
3685 5294 3787 5348 τὸν

2122 5626 2189 5665 ex
2223 5626 2364 5665 mss.
2399 5609 2751 5679 quibusdam
2786 5613 3178 5671 restituimus.

2189 5682 2305 5753 (34)
2332 5680 2424 5737 Sic
2457 5698 2601 5739 mss.
2634 5683 2784 5739 Editi
2815 5699 2968 5758 vero,
3002 5682 3478 5763 ἐπαγγειλάμενος.
