2036 3105
155 198 217 229 657

634 199 891 236 QU1ESTlUNES
912 200 965 229 AD
988 198 1219 230 ANTIOCHUM
1242 200 1389 231 DUCEM.

1807 201 1866 230 6:18

152 265 278 303 πονηρὰν
307 263 415 304 ἔχοντα·
446 267 491 294 καὶ
521 266 626 304 μείζονι
653 267 667 294 ὁ
695 267 720 294 ἰν
751 268 824 304 γήρᾳ
847 265 983 304 πορνεύων

1040 266 1115 294 dicio
1131 267 1181 302 qui
1202 266 1308 295 bonam
1325 267 1414 295 habet
1441 267 1607 303 conjugem,
1624 275 1713 303 quam
1735 267 1785 303 qui
1801 276 1863 296 ma-

152 311 226 348 παρὰ
255 311 303 338 τὸν
333 310 359 337 ἐν
387 310 517 346 νεότητι·
549 312 594 339 καὶ
626 311 728 348 μείζονι
758 312 772 339 ὁ
801 310 981 341 ἀδιαλείπτως

154 354 222 391 ὑπὲρ
238 355 283 381 τὸν
298 353 343 382 διὰ
358 353 469 393 χρόνου·
486 355 532 383 καὶ
550 355 652 393 μείζονι
669 357 682 383 ὁ
707 356 744 392 μὴ
769 357 872 393 θερμῆς
897 355 982 393 ὑπάρ-

153 409 214 436 γων
230 399 363 437 κράσεως,
378 398 452 427 ἀλλὰ
466 401 587 438 ψυχρᾶς,
604 400 697 428 ἑαυτὸν
713 399 741 427 δὲ
761 399 805 427 διὰ
830 399 983 438 βρωμάτων

155 442 320 480 θερμαίνων,
340 443 385 471 καὶ
402 444 441 475 εἰς
461 443 563 479 ἡδονὴν
587 445 817 483 προτρεπόμενος.
836 444 887 472 Καὶ
911 443 984 472 ἄλλα

156 486 184 515 δὲ
213 486 307 515 πολλά
334 487 405 515 ἑστιν
434 488 518 516 εἰπεῖν
548 489 594 517 καὶ
624 488 740 528 διάφορα
768 489 830 527 περὶ
855 488 983 527 πορνείας

155 532 229 568 παρᾶ
252 534 312 568 Θεῷ
336 532 467 570 κρίματα.
492 533 581 562 ’Άλλο
604 534 655 572 γὰρ
679 537 765 572 κρῖμα
787 535 826 570 τῷ
854 533 892 564 εἷς
921 532 984 569 μίαν

154 579 268 614 γυναῖκα
293 577 474 614 ἁμαρτάνοντι
507 578 572 615 ὑπὲρ
590 579 636 605 τὸν
663 578 700 609 εἷς
720 577 827 609 πολλὰς
856 576 900 605 καί
925 575 983 604 δια-

154 621 258 659 φόρους
285 620 500 659 κατατρέχοντα,
516 621 560 650 καί
589 621 696 654 πολλὰς
726 622 817 660 ψυχὰς
843 622 910 657 μετὰ
933 622 982 655 τῆς

152 665 251 693 ἑαυτοῦ
267 664 456 693 ἀπολλύοντα·
472 666 517 694 καὶ
533 665 603 695 ἄλλο
619 666 701 695 πάλιν
725 670 811 704 κρῖμα
837 668 885 693 τοῦ
916 666 984 702 μετὰ

151 711 374 748 παρατηρήσεως
400 711 600 749 ἁμαρτάνοντος
623 712 694 749 παρᾶ
720 712 765 739 τὸν
795 709 982 748 ἀναισχύντως

152 755 249 782 ὶαυτὸν
277 757 313 792 τῇ
345 756 466 794 ἁμαρτίᾳ
492 755 630 784 ἐκδιδόντα
655 758 722 794 (35),
744 756 789 784 καὶ
817 755 908 794 ἕτερον
934 757 983 783 τοῦ

152 797 273 836 σύμϐιον
303 798 416 838 ἔχοντος
445 802 502 838 (36)
525 801 569 829 καὶ
599 800 637 832 εἰς
665 800 797 839 [ἔπανδρον
825 800 982 831 πταίοντος·

153 844 222 881 ὅπερ
237 844 284 871 καὶ
301 843 387 880 διπλῆ
406 845 519 884 μοιχεία
530 848 570 882 τῷ
586 845 761 884 ἐργαζομένῳ
785 846 834 881 τήν
850 844 982 883 ἁμαρτίαν

155 888 309 927 λογίζεται.
325 890 442 928 Φρικτὸν
471 889 499 917 δὲ
526 889 609 918 πάλιν
639 891 670 918 τὸ
695 893 782 928 κρῖμα
809 890 841 918 τὸ
856 889 985 927 κανονικῇ

1036 311 1095 339 lam
1111 311 1254 347 :graviori
1267 311 1316 348 qui
1328 312 1358 339 in
1374 314 1526 340 senectute
1537 314 1693 346 scortatur,
1714 320 1802 348 quam
1814 312 1864 348 qui

1037 356 1066 383 in
1079 356 1234 391 juventute
1251 364 1257 384 :
1275 356 1401 392 graviori
1426 357 1475 392 qui
1491 356 1620 392 assidue,
1638 365 1727 393 quam
1754 357 1804 393 qui
1820 357 1863 385 in-

1036 400 1152 429 terdum
1175 409 1181 427 z
1198 401 1333 436 graviori,
1358 401 1408 437 qui
1423 409 1491 429 cum
1516 401 1604 429 calidi
1618 410 1677 429 non
1698 401 1738 429 sit
1754 403 1864 437 tempe-

1038 445 1172 479 ramenti,
1190 445 1240 473 sed
1258 445 1366 482 frigidi,
1376 454 1406 473 se
1423 445 1520 481 ipsum
1535 446 1608 474 cibis
1622 446 1765 481 calefacit,
1783 448 1811 474 et
1826 446 1861 474 ad

1037 489 1216 525 voluptatem
1232 490 1374 517 accendit.
1388 490 1479 518 Multa
1488 499 1604 526 quoque
1615 491 1673 519 alia
1683 493 1712 519 et
1724 490 1803 519 varia
1819 491 1863 519 af-

1038 534 1105 562 ferri
1118 536 1243 569 possunt
1256 534 1425 570 Deijudicia
1435 535 1470 562 de
1485 535 1670 563 scortatione.
1687 535 1772 563 Aliud
1783 535 1862 563 enim

1037 578 1240 613 estjudicium
1257 579 1321 614 ejus
1345 579 1394 615 qui
1412 579 1441 606 in
1467 588 1555 607 unam
1572 582 1673 615 peccat
1696 579 1862 613 mulierem,

1037 631 1124 658 quam
1140 623 1190 658 qui
1218 623 1248 650 in
1265 623 1362 658 plures
1377 626 1405 651 et
1431 624 1559 651 diversas
1575 624 1670 657 irruit,
1694 624 1862 660 multasque

1037 666 1151 695 animas
1166 675 1233 695 cum
1249 676 1303 695 sua
1316 667 1509 703 perdit.Aliud
1523 668 1779 704 rursusjudiciun
1797 670 1861 705 ejus

1037 713 1091 745 est,
1104 711 1155 747 qui
1170 720 1237 739 cum
1254 711 1353 748 aliqua
1368 712 1568 740 observatione
1583 715 1693 748 peccat,
1706 721 1795 749 quam
1812 714 1862 749 qui

1037 754 1225 791 impudenter
1235 764 1266 784 se
1278 755 1340 792 ipse
1355 758 1472 792 peccato
1484 757 1641 793 mancipat.
1658 757 1743 785 Aliud
1756 757 1861 785 iterum

1034 799 1179 835 judicium
1196 800 1260 835 ejus
1285 803 1329 828 est
1343 801 1394 837 qui
1410 809 1527 829 uxorem
1547 801 1636 830 habet
1649 804 1677 830 et
1691 802 1721 830 in
1741 804 1862 838 nuptum

1038 846 1149 880 peccat,
1167 844 1245 880 quod
1262 846 1294 872 ut
1309 845 1417 881 duplex
1439 845 1617 874 adulterium
1633 845 1794 882 imputatur
1809 846 1863 873 hu-

1035 889 1167 924 jusmodi
1184 891 1334 925 peccatum
1351 890 1556 918 committenti.
1568 891 1753 918 Horrendum
1765 894 1862 919 autem

155 933 266 972 γυναικῖ
293 933 506 973 κατεπέρχεσθαι
524 944 530 951 ·
559 935 604 962 καὶ
641 934 723 963 πάλιν
761 934 792 962 τὸ
820 933 984 972 ἀδικουμένῃ

1040 932 1183 969 judicium
1194 934 1259 969 ejus
1272 934 1321 969 qui
1336 934 1372 962 ad
1383 934 1553 963 canonicam
1566 935 1676 963 accedit
1692 935 1843 963 mulierem
1857 944 1863 968 ;

155 978 265 1016 γυναικί
297 979 408 1016 βοηθεῖν
441 979 486 1007 καὶ
526 979 620 1016 μισθὸν
650 983 700 1014 τῆς
725 979 888 1018 προστασίας
916 979 985 1017 πρὸς

159 1022 297 1060 ἁμαρτίαν
314 1022 382 1060 αὐτῇ
404 1023 584 1061 συγγενέσθαι.
600 1023 639 1052 Οὐ
665 1023 746 1060 μόνον
777 1021 815 1057 δὲ,
842 1021 915 1050 ἀλλὰ
940 1022 985 1049 καὶ

158 1067 244 1098 τόπος
261 1067 331 1104 πρὸς
346 1067 478 1105 ἁμαρτίαν
499 1067 555 1095 ἐστὶ
579 1066 708 1107 διάφορος
723 1069 790 1105 (37).
809 1066 914 1095 Πολλοὶ
935 1067 985 1105 γὰρ

156 1110 204 1139 καὶ
220 1111 247 1138 iv
278 1110 410 1147 ἐκκλησίᾳ
436 1112 486 1146 τὴν
513 1112 644 1150 ἁμαρτίαν
675 1112 841 1150 ἐργάζονται,
855 1111 899 1139 καὶ
928 1110 985 1139 διτ-

155 1156 204 1183 τὸν
233 1158 322 1193 κρῖμα
350 1156 543 1195 ἄποῳὲρονται.
571 1155 709 1187 Πολλάκις
740 1156 791 1194 γὰρ
827 1155 872 1184 καὶ
897 1155 985 1195 φίλων

155 1203 290 1238 γυναῖκας
317 1199 480 1237 μολύνουσιν
499 1199 599 1238 ἕτεροι,
615 1199 765 1235 Ἰουδαϊκήν
790 1200 893 1239 ἀγάπην
919 1201 986 1228 ὑπο-

155 1245 327 1283 κρινόμενοι.
357 1246 444 1282 "Amp
474 1246 576 1273 ἅπαντα
612 1245 747 1283 ἀνακρίνει
778 1245 822 1273 καὶ
852 1248 948 1273 σκοπεῖ
971 1246 986 1273 ὁ

155 1288 264 1321 δίκαιος
285 1291 335 1317 τοῦ
359 1292 426 1317 Θεοῦ
440 1286 602 1329 οφθαλμὸς,
619 1290 686 1317 κατὰ
709 1290 739 1317 τὸ
755 1290 872 1328 ἄρρητον
903 1290 986 1318 αὐτοῦ

155 1338 246 1373 κρῖμα
259 1334 291 1362 τὸ
306 1333 575 1372 ἀπροσωπόληπῑον,
592 1334 638 1362 καὶ
660 1334 705 1362 τὸν
732 1335 810 1373 ζυγὸν
834 1334 918 1363 αὐτοῦ
939 1336 984 1363 τὸν

154 1376 260 1417 ἀκριϐῆ
277 1379 322 1407 καὶ
338 1378 518 1417 ἀχλεύαοτον.

194 1433 294 1469 Ἐρώτ.
311 1432 366 1471 ῐιηΖ
388 1432 505 1460 Πολλῶν
535 1431 648 1460 δικαίων
675 1432 723 1460 δύο
748 1436 876 1470 γυναῖκας
902 1432 928 1461 ἐν
950 1435 986 1471 τῇ

155 1476 269 1512 Παλαιᾷ
280 1476 326 1504 καὶ
348 1479 424 1514 τρεῖς
447 1476 580 1515 ἑχόντων,
596 1479 655 1508 πῶς
680 1478 748 1513 ἡμῖν
773 1477 822 1505 οὐκ
846 1477 985 1516 ἐπιτέτρα-

155 1531 224 1548 πται
249 1520 298 1548 δύο
322 1523 451 1559 γυναῖκας
474 1520 559 1559 ἔχειν,
575 1520 638 1549 ἀλλ’
662 1520 725 1549 οὐδὲ
751 1520 895 1553 παλλακὰς
918 1523 983 1558 κτή-

156 1570 256 1597 σασθαι
270 1575 277 1599 ;

1041 979 1074 1005 ut
1088 979 1117 1005 et
1131 978 1180 1013 qui
1197 978 1313 1006 mulieri
1330 978 1442 1006 afﬂicta:
1459 987 1543 1015 opem
1558 980 1624 1013 fert,
1639 980 1760 1015 ejusque
1775 988 1863 1007 causa

1041 1021 1169 1056 praesidii
1185 1024 1285 1058 peccat
1300 1031 1367 1050 cum
1383 1031 1427 1051 ea.
1445 1024 1505 1051 Imo
1521 1032 1587 1051 vero
1603 1024 1715 1052 ratione
1730 1024 1795 1059 loci,
1814 1034 1863 1050 vu-

1040 1065 1103 1094 rius
1117 1074 1233 1102 quoque
1256 1069 1301 1095 est
1324 1068 1434 1103 peccati
1461 1068 1577 1096 modus.
1592 1068 1675 1096 Multi
1698 1069 1776 1097 enim
1801 1078 1865 1104 poc-

1041 1113 1109 1138 cant
1123 1110 1153 1138 in
1169 1110 1302 1145 ecclesia,
1316 1111 1480 1148 duplexque
1490 1112 1636 1147 judicium
1653 1113 1790 1141 subeunt.
1809 1115 1865 1140 Str-

1042 1163 1076 1191 pe
1090 1155 1168 1183 enim
1184 1155 1234 1183 alii
1248 1156 1403 1184 Judaicam
1417 1157 1592 1185 simulantes
1607 1157 1779 1186 charitatem
1796 1159 1867 1185 ami-

1040 1208 1142 1228 corum
1167 1202 1307 1236 conjuges
1324 1200 1536 1229 contaminant.
1551 1202 1618 1234 Quis
1634 1202 1752 1238 quidem
1767 1212 1866 1230 omnaa

1040 1244 1183 1280 dijudicat
1197 1247 1226 1273 et
1240 1245 1318 1273 videt
1328 1245 1431 1280 justus
1441 1245 1488 1273 Dei
1498 1246 1612 1281 oculus,
1624 1247 1707 1281 juxta
1719 1247 1864 1275 inelIubile

1040 1289 1260 1325 ejusjudicium
1286 1290 1336 1326 qui
1353 1298 1508 1326 personam
1524 1299 1582 1318 non
1606 1292 1720 1326 accipit,
1739 1294 1767 1319 et
1778 1292 1864 1327 juxta

1041 1335 1209 1362 accuratam
1222 1334 1286 1370 ejus
1301 1336 1331 1362 et
1346 1334 1468 1363 minime
1482 1334 1632 1363 ridendam
1651 1336 1801 1364 trutinam.

1077 1432 1188 1465 Quaen.
1205 1431 1320 1460 XCVIII.
1336 1435 1408 1460 Cum
1425 1432 1510 1461 multi
1532 1433 1606 1469 justi
1622 1433 1696 1461 duas
1710 1433 1753 1461 vel
1778 1434 1866 1462 etiam

1041 1478 1100 1504 tres
1113 1484 1218 1504 uxores
1233 1476 1263 1503 in
1279 1476 1375 1504 Veteri
1390 1477 1577 1505 Testamento
1592 1477 1758 1509 habuerint,
1774 1486 1863 1513 quam

1040 1520 1126 1548 nobis
1139 1529 1197 1548 non
1209 1520 1276 1548 licet
1291 1521 1366 1549 duas
1382 1521 1490 1549 habere
1504 1530 1676 1555 uxores,nec
1687 1522 1775 1550 etiam
1789 1530 1860 1549 con-

1039 1564 1162 1593 cubinas
1177 1565 1327 1601 possidere
1337 1565 1351 1592 ?

191 1622 291 1650 Ἀπόκ.
306 1622 345 1651 Οὐ
362 1622 444 1659 μόνον
458 1623 490 1651 τὸ
507 1622 555 1651 δύο
569 1625 697 1661 γυναῖκας
712 1623 785 1661 ἔχειν
807 1623 871 1655 τοὺς
893 1629 983 1656 θεοσε-

1076 1622 1161 1650 Resp.
1177 1622 1238 1650 Non
1255 1623 1342 1651 modo
1359 1622 1421 1659 pios
1436 1623 1511 1651 duas
1532 1622 1639 1651 habere
1655 1632 1759 1651 uxores
1774 1624 1866 1651 vetuit

154 1665 215 1697 ϐεῖς
230 1667 244 1694 ὁ
260 1667 374 1704 Χριστὸς
389 1666 564 1701 διεκώλυσεν,
582 1668 655 1696 ἀλλὰ
669 1668 714 1695 καὶ
740 1667 824 1703 αὐτῆς
846 1671 896 1703 τῆς
921 1671 983 1704 μιᾶς

154 1711 309 1749 ἀπέχεσθαι
338 1711 531 1749 προετρέψατο,
554 1711 651 1749 λέγων·
669 1712 786 1749 «Ἀμὴν
813 1712 886 1750 λέγω
908 1713 985 1748 ὑμῖν,

154 1755 233 1786 ὅστις
258 1755 290 1783 οὖ
321 1759 395 1791 μισεῖ
423 1757 525 1794 πατέρα
548 1756 593 1784 καὶ
619 1756 724 1795 μητέρα
738 1756 784 1784 καὶ
800 1760 924 1794 γυναῖκα,
940 1758 985 1785 καὶ

155 1801 306 1832 ἀκολουθεῖ
320 1800 406 1828 ὀπίσω
424 1811 487 1838 μου,
504 1801 553 1829 οὐκ
568 1800 623 1829 ἔστι
641 1812 693 1838 μου
708 1801 814 1836 ἄξιος.»
830 1801 862 1829 Εἰ
878 1800 907 1829 δὲ
919 1802 985 1840 βού-

156 1844 203 1873 λει
230 1845 262 1872 τὸ
302 1845 478 1882 μειζότερον,
508 1844 644 1873 ἄκουσον·
674 1858 688 1872 cr
719 1845 838 1884 Ἐρῤήθη
856 1868 864 1881 ,
893 1857 984 1886 φησι,

156 1892 219 1920 τοῖς
246 1889 383 1927 ἀρχαίοις,
397 1889 437 1919 Οὐ
469 1890 635 1928 μοιχεύσεις·
667 1890 721 1928 ἐγὼ
750 1889 779 1918 δὶ
809 1890 880 1929 λέγω
909 1891 984 1927 ὑμῖν,

157 1935 202 1962 δτι
218 1937 272 1965 πᾶς
286 1934 300 1961 ὁ
315 1931 454 1970 ἐμϐλέψας
468 1937 582 1972 γυναῖκα
596 1935 664 1973 πρὸς
679 1935 711 1963 τὸ
735 1934 911 1972 ἐπιθυμῆσαι,
927 1934 982 1971 ἤδη

158 1978 322 2017 ἐμοίχευσεν
350 1979 432 2013 αὐτὴν
460 1978 486 2006 ἐν
510 1981 543 2016 τῇ
569 1978 668 2018 καρδίᾳ
689 1979 782 2008 αὐτοῦ.
797 1991 811 2005 »ι
828 1979 860 2007 Ei
876 1979 922 2007 οὖν
935 1980 984 2015 τήν

157 2025 209 2050 toﬁ
241 2022 385 2062 ὀφθαλμοῦ
414 2022 557 2060 ἐπιθυμίαν
588 2024 713 2062 μοιχείαν
743 2024 757 2052 ὁ
781 2025 897 2062 Χριστὸς
925 2026 986 2056 τοῖς

159 2070 271 2098 πιστοῖς
287 2066 434 2105 λογίζεται,
450 2068 528 2095 ποίαν
556 2067 654 2096 λοιπὸν
674 2068 836 2107 φιλοσοφίαν
863 2068 909 2096 καὶ
933 2079 987 2096 πο-

159 2111 265 2139 λιτείαν
293 2112 319 2138 οἳ
345 2112 437 2139 πιστοὶ
463 2112 536 2150 παρὰ
553 2112 617 2143 τοὺς
632 2111 656 2139 ἐν
673 2114 707 2149 τῇ
724 2111 832 2148 Παλαιᾷ
856 2112 985 2141 ἀπαιτού-

161 2156 250 2191 μεθας
283 2155 314 2183 Et
343 2156 393 2193 γὰρ
423 2155 480 2190 ἐξὸν
510 2156 556 2183 τὸν
593 2156 736 2194 ἄνθρωπον
771 2154 819 2184 δύο
857 2159 986 2194 γυναῖκας

158 2198 247 2237 ἔχειν,
275 2198 416 2236 πρόδηλον
446 2199 487 2227 ὅτι
515 2200 559 2227 καὶ
587 2201 621 2236 τῇ
650 2200 758 2237 γυναικὶ
795 2199 842 2227 δύο
877 2199 985 2238 ἄνδρας.

159 2246 295 2271 ’Δκουσον
312 2246 378 2282 γοῦν
392 2246 441 2271 τοῦ
456 2246 522 2272 Θεοῦ
537 2244 598 2282 περὶ
614 2247 662 2271 τοῦ
678 2243 775 2282 ἀνδρὸς
798 2244 843 2272 καὶ
865 2248 916 2279 τῆς
941 2255 987 2282 γυ-

158 2289 256 2319 ναικὸς
283 2288 422 2326 λέγοντος,
438 2288 480 2316 ὅτι
505 2301 519 2314 κ
546 2289 674 2317 Ἔσονται
702 2289 728 2316 oi
758 2287 806 2316 δύο
836 2288 874 2320 εἷς
903 2288 987 2326 σάρκα

162 2332 237 2368 μίαν.
256 2344 270 2357 ››
285 2332 336 2359 Καὶ
353 2331 402 2359 οὐκ
417 2332 499 2366 εἶπεν,
514 2344 527 2358 ‹‹
549 2335 675 2359 ’Ἔσονται
689 2332 716 2359 οἱ
740 2334 814 2370 τρεῖς
839 2332 878 2363 είς
901 2333 987 2369 σάρκα

162 2377 226 2413 μίαν
257 2378 323 2412 (38).
355 2377 482 2413 ››”Ομως
511 2376 559 2412 μία
585 2377 665 2414 γυνὴ,
695 2375 801 2404 δοθεῖσα
829 2379 869 2413 τῷ
897 2376 987 2415 ἀνδρὶ,

160 2421 234 2456 αὗτῷ
258 2431 287 2448 τε
315 2422 360 2448 καί
388 2423 428 2456 τῷ
454 2421 549 2457 κόσμῳ
578 2418 766 2449 ἐπεϐούλευσε·
782 2421 809 2449 τί
832 2418 947 2457 ἔμελλεν
972 2422 986 2448 ὁ

159 2465 263 2501 κόσμος
283 2467 388 2498 παθεῖν,
410 2464 434 2492 εἰ
457 2464 568 2500 ἐποίησε
585 2465 599 2492 ὁ
614 2465 679 2496 Θεὸς
709 2463 757 2492 δύο
785 2467 913 2503 γυναῖκας
941 2466 987 2493 ἀπ’

160 2509 250 2546 ἀρχῆς
265 2506 359 2536 λαϐεῖν
375 2509 420 2536 τὸν
437 2507 598 2546 ἄνθρωπον;
615 2509 647 2537 Ei
663 2507 693 2536 δὶ
719 2512 808 2544 ζητεῖς
831 2509 906 2540 τίνος
935 2509 987 2547 χά-

160 2563 204 2588 ριν
229 2554 255 2580 οἱ
277 2554 391 2591 ἀρχαῖοι
415 2553 460 2580 καὶ
488 2552 536 2580 δύο
569 2554 612 2580 καὶ
641 2556 714 2587 τρεῖς
744 2556 871 2590 γυναῖκας
899 2554 985 2591 εἶχον,

163 2597 276 2633 μάνθανε
288 2595 423 2634 ἀκριϐῶς,
438 2597 479 2624 ὅτι
496 2596 589 2632 πολλὴ
606 2598 639 2632 ἦν
664 2598 726 2625 τότε
749 2600 800 2625 τοῦ
820 2595 953 2626 διαϐόλου
968 2599 986 2633 ἠ

159 2642 295 2678 τυραννὶς,
310 2642 341 2676 ἢν
357 2642 372 2669 ὁ
392 2642 507 2680 Χριστὸς
534 2641 708 2679 ἐπιδημήσας
732 2643 898 2680 κατήργησε,
915 2642 987 2670 πολ-

200 2736 222 2753 “
239 2737 308 2766 Luc.
329 2744 389 2770 xxv,
407 2737 454 2764 26.
509 2736 532 2754 ⁸⁸
551 2736 654 2764 Matth.
675 2744 702 2772 ν,
721 2736 768 2772 27,
787 2737 833 2764 28.

203 2821 256 2857 (35)
270 2822 319 2850 Sic
335 2830 408 2850 mss.
425 2821 498 2851 Editi
513 2830 591 2857 vero,
607 2819 771 2857 ἐκδώσαντα.

272 2858 314 2886 ita
330 2858 411 2886 editi.
428 2857 498 2887 MSS.
514 2855 591 2893 vero,
606 2858 653 2885 τὸν
669 2855 784 2894 σύμϐιον
801 2856 910 2895 ἔχοντα.

1039 1666 1237 1700 Christus,sed
1249 1667 1336 1694 etiam
1348 1667 1483 1695 hortatus
1495 1669 1579 1695 estut
1590 1668 1698 1704 abipsa
1709 1677 1767 1695 una
1778 1669 1866 1695 absti-

1040 1713 1139 1739 neant.
1155 1723 1170 1736 ‹‹
1189 1714 1292 1746 Amen,
1313 1711 1420 1747 inquit,
1435 1713 1499 1740 dico
1521 1713 1615 1746 vobis,
1642 1713 1691 1749 qui
1719 1721 1775 1741 non
1803 1714 1864 1740 ov'it

1039 1757 1152 1791 patrem
1168 1758 1197 1783 et
1211 1758 1333 1784 matrem
1350 1758 1378 1783 et
1393 1765 1511 1784 uxorem
1527 1765 1581 1784 nec
1595 1758 1729 1793 sequitur
1744 1765 1864 1791 me,nnn

1039 1801 1084 1828 est
1099 1808 1146 1828 me
1161 1800 1268 1836 dignus
1281 1800 1331 1827 ⁵⁵.»
1341 1800 1422 1833 Quod
1434 1800 1459 1828 si
1471 1801 1567 1836 majus
1578 1801 1687 1836 aliquid
1701 1803 1795 1837 optas,
1805 1801 1865 1828 hmc

1039 1844 1108 1872 audi
1127 1853 1133 1872 :
1149 1855 1161 1871 ι
1179 1845 1294 1872 Dictum
1311 1844 1473 1880 est,inquit,
1489 1845 1618 1880 antiquis
1636 1853 1642 1872 :
1660 1845 1720 1872 Non
1739 1845 1864 1872 mmchu-

1039 1889 1118 1916 beris
1135 1898 1141 1917 :
1158 1897 1211 1925 ego
1226 1891 1322 1916 autem
1338 1890 1402 1917 dico
1418 1889 1501 1917 vobis
1516 1890 1586 1925 quia
1609 1890 1706 1917 omnis
1721 1889 1771 1925 qui
1787 1889 1865 1916 vide-

1040 1934 1078 1961 rit
1088 1933 1241 1962 mulierem
1253 1934 1289 1962 ad
1301 1934 1569 1970 concupiscendum
1580 1934 1726 1969 enm,jam
1739 1934 1865 1961 moecha-

1039 1980 1087 2006 tus
1103 1980 1148 2005 est
1164 1986 1226 2005 eam
1252 1978 1282 2005 in
1299 1978 1383 2005 corde
1399 1987 1452 2005 suo
1466 1978 1497 2005 ⁵⁸.
1515 1988 1528 2004 ιι
1545 1978 1573 2006 Si
1599 1978 1690 2014 igitur
1704 1977 1779 2005 oculi
1797 1987 1847 2004 (‘nn
1858 1994 1864 1998 -

1040 2022 1251 2058 cupiscentiam
1283 2022 1419 2050 Christus
1449 2022 1478 2049 in
1516 2021 1653 2050 fidelibus
1679 2025 1777 2050 censet
1802 2031 1866 2050 esse

1040 2066 1228 2102 adulterium,
1245 2074 1391 2102 qumnsm,
1407 2075 1516 2102 quazso,
1527 2067 1722 2103 philosophia,
1733 2067 1866 2103 quinum-

1039 2119 1072 2138 ve
1087 2111 1203 2138 vivendi
1230 2112 1336 2139 modus
1353 2120 1369 2138 a
1384 2111 1469 2139 nobis
1494 2111 1631 2139 ﬁdelibus
1656 2120 1713 2148 pre
1736 2111 1865 2147 antiquis

1039 2155 1189 2191 exigitur?
1204 2155 1232 2183 Si
1244 2155 1322 2183 enim
1335 2155 1401 2183 licet
1420 2155 1532 2183 homini
1543 2156 1618 2183 duas
1633 2156 1738 2184 habere
1750 2165 1864 2189 uxores,

1040 2202 1118 2227 certe
1131 2202 1160 2227 et
1175 2200 1256 2227 uxori
1281 2200 1356 2228 duos
1371 2201 1503 2228 maritos.
1520 2201 1595 2228 Audi
1611 2209 1679 2237 ergo
1703 2201 1772 2236 quid
1790 2202 1867 2228 dicat

1040 2244 1116 2272 Deus
1130 2244 1166 2272 de
1191 2244 1252 2272 viro
1279 2247 1307 2272 et
1330 2245 1365 2272 de
1390 2252 1487 2276 uxore,
1504 2256 1518 2269 «
1535 2245 1629 2272 Erunt
1652 2245 1709 2273 duo
1726 2245 1755 2273 in
1780 2253 1865 2273 carne

1042 2297 1100 2317 una
1115 2289 1147 2317 ⁸⁷.
1166 2299 1178 2314 n
1196 2289 1258 2317 Non
1283 2289 1367 2322 dixit,
1385 2299 1397 2315 α
1415 2289 1505 2317 Erunt
1530 2291 1589 2317 tres
1604 2289 1633 2316 in
1661 2297 1749 2317 carne
1765 2298 1834 2316 una.
1853 2301 1866 2313 ››

1042 2332 1249 2361 Verumtamen
1262 2341 1320 2360 una
1332 2333 1438 2361 mulier
1448 2334 1510 2360 viro
1519 2333 1638 2368 tradita,
1650 2333 1707 2369 ipsi
1718 2336 1747 2361 et
1756 2334 1866 2361 mundo

1042 2377 1180 2405 insidiata
1190 2379 1235 2405 est
1246 2386 1252 2405 :
1264 2378 1332 2413 quid
1345 2377 1436 2413 igitur
1450 2385 1592 2412 passurus
1608 2380 1670 2405 erat
1687 2379 1828 2407 mundus.
1843 2378 1865 2403 si

1043 2424 1116 2449 Deus
1127 2422 1163 2449 ab
1174 2421 1257 2449 initio
1265 2422 1339 2449 duas
1351 2421 1490 2449 mulieres
1500 2422 1612 2449 homini
1626 2422 1774 2450 dedisset?
1785 2422 1866 2454 Quod

1041 2466 1065 2494 si
1078 2466 1184 2502 qumris
1194 2466 1279 2501 cujus
1290 2465 1330 2493 rei
1338 2466 1433 2502 gratia
1443 2466 1638 2502 antiquiduas
1645 2466 1756 2495 veltres
1763 2475 1868 2494 uxores

1041 2511 1206 2545 habuerint,
1220 2510 1300 2538 disce
1314 2512 1448 2538 accurate
1458 2518 1578 2538 causam
1591 2519 1666 2543 esse,
1683 2511 1759 2547 quod
1776 2511 1868 2538 multa

1041 2557 1111 2582 tunc
1125 2554 1233 2582 diaboli
1258 2554 1367 2590 vigeret
1391 2555 1535 2591 tyrannis,
1553 2564 1641 2591 quam
1667 2556 1800 2583 Christus
1816 2555 1865 2582 ad-

1041 2602 1128 2628 ventu
1144 2607 1197 2627 suo
1211 2599 1419 2635 destruxit,qui
1428 2601 1457 2627 et
1467 2599 1575 2628 multos
1586 2601 1734 2628 damones
1745 2608 1761 2628 e
1771 2600 1866 2628 medio

1042 2644 1173 2678 sustulit,
1185 2643 1352 2680 niiosquoin
1367 2644 1507 2680 abyssum
1519 2645 1734 2680 exterminavit,
1751 2644 1823 2673 alios
1839 2645 1865 2671 in

889 2737 910 2755 ⁸“¹
930 2737 1033 2767 Genos.
1054 2746 1084 2773 ιι,
1105 2738 1148 2765 24.

1154 2824 1236 2863 Mss,
1252 2821 1310 2863 ἔστι
1321 2823 1562 2863 κρῖμανδιάοορον.

1082 2861 1138 2895 (38)
1155 2861 1196 2888 ιω
1213 2869 1283 2889 mss.
1301 2859 1448 2897 ln‘editis,
1466 2859 1510 2892 s'k'
1518 2861 1602 2899 σάρκα
1619 2859 1682 2896 μίαν
1698 2860 1812 2888 desunt.
