4080 6206
365 373 483 431 6:59
1545 365 1607 427 s.
1656 367 2176 427 A’l‘HANASlUS.
2207 397 2280 411 --
2314 366 2621 428 SPUHIA.
3658 344 3797 425 and

372 507 601 559 deserta
642 502 790 568 loca,
826 501 970 557 alios
1003 503 1058 557 in
1094 506 1278 557 terras
1327 502 1742 557 inhabitabiles
1773 506 1831 557 et
1858 503 2049 563 inaer

2174 498 2267 560 οὺς
2296 503 2400 552 τῶν
2436 497 2709 572 δαιμόνων
2746 499 2805 555 ἐκ
2840 500 3002 573 μέσου
3034 500 3298 576 ἐξορίσας·
3330 498 3456 559 τοὺς
3490 499 3583 571 μὶν
3627 500 3678 555 ἓν
3708 504 3781 572 τῇ

376 610 593 649 cessas.
2132 583 2372 660 ἀϐύσσῳ,
2402 590 2529 650 τοῦς
2563 587 2618 644 δὲ
2657 588 2707 643 ἐν
2759 589 3012 661 ἐρήμοις,
3044 591 3133 643 καὶ
3187 589 3467 658 ἀοικήτοις
3514 588 3606 641 καὶ
3654 583 3792 642 ἀϐά-

2326 673 2335 693 Ι

2132 698 2247 738 τοις
2276 698 2488 739 τοποις.

450 769 602 826 239
637 770 863 833 Quass'r.
897 768 1081 823 XCIX.
1116 769 1222 835 Qui
1258 770 1323 823 ﬁt
1355 775 1419 825 ut
1458 786 1604 841 saepe
1636 768 1864 825 somnia
1894 784 2029 824 vera

380 858 543 915 sint?
954 920 958 924 _

456 949 628 1003 Esse.
666 947 723 1001 Id
762 963 913 1018 saepe
964 964 1029 1001 ex
1060 946 1174 1001 Deo
1199 947 1353 1002 venit
1385 965 1397 1002 :
1431 965 1581 1018 saepe
1630 948 1804 1002 etiam
1839 963 1978 1001 casu
2016 963 2028 1000 :

383 1053 808 1106 nonnunquam
842 1037 1055 1101 anima,
1094 1040 1293 1107 utpote
1342 1036 1728 1109 intelligentia
1772 1037 2032 1109 praedita,

385 1130 583 1183 futura
617 1126 953 1197 praenoscit:
983 1126 1248 1197 qua'dam
1285 1126 1455 1180 etiam
1493 1128 1785 1182 dzemones
1808 1126 1865 1180 in
1888 1142 2039 1180 som-

388 1217 482 1272 nis
516 1216 857 1287 praedicunt.

464 1308 692 1370 Ουιεετ.
726 1303 785 1358 C.
819 1305 965 1367 Quid
1004 1304 1227 1375 igitur?
1260 1322 1398 1359 num
1432 1305 1726 1361 demones
1753 1310 1809 1360 et
1837 1305 2042 1359 diabo-

392 1394 485 1449 lus
547 1392 771 1464 przescii
824 1409 1016 1447 rerum
1069 1398 1227 1459 sunt,
1274 1398 1331 1448 et
1377 1394 1642 1449 cordium
1692 1394 2043 1467 cognitores,

399 1499 587 1553 eaque
617 1499 742 1553 quae
777 1482 971 1536 futura
1002 1481 1120 1537 sint
1150 1499 1467 1553 possumus
1498 1482 1853 1554 praedicere?

479 1572 649 1625 Rsse.
677 1570 847 1625 Solus
880 1575 1030 1625 Deus
1058 1588 1148 1625 res
1180 1572 1427 1642 przescit,
1459 1576 1516 1626 et
1546 1572 1809 1626 cordium
1843 1574 2045 1644 cogni-

399 1665 490 1715 tor
520 1658 832 1730 est.Neque
864 1659 1017 1713 enim
1052 1660 1160 1729 ipsi
1193 1659 1379 1730 angeli
1415 1665 1627 1715 norunt
1657 1677 1724 1716 ea
1754 1678 1879 1733 quae
1910 1666 2050 1716 sunt

404 1750 462 1804 in
496 1748 690 1813 corde,
722 1764 827 1802 nec
881 1764 1007 1819 quae
1040 1748 1238 1802 futura
1289 1754 1453 1803 sunt.
1496 1751 1566 1803 At
1594 1750 1889 1804 daemones
1920 1766 2046 1821 quae

2158 1654 2287 1715 Θεὸς
2350 1654 2580 1729 ὑπάρχει
2616 1675 2626 1685 ·

2156 1742 2371 1819 καρδίᾳ.
2404 1745 2439 1813 ἢ
2490 1745 2555 1798 τά
2610 1744 2883 1817 μέλλοντα
2932 1744 3357 1800 ἐπίστανται.οἱ
3412 1741 3467 1797 δὲ
3526 1740 3815 1814 δαίμονες,

2208 766 2400 841 Ἐρώτ.
2453 766 2553 843 ι,θ’.
2589 767 2710 829 Πῶς
2768 764 3038 827 πολλάκις
3084 766 3152 821 τὰ
3207 766 3300 839 μὶν
3352 767 3460 821 τῶν
3523 765 3788 821 ἐνυπνίων

2139 853 2499 923 ἀληθεύουσιν
2525 877 2540 923 ς

2214 942 2402 998 Ἀπόκ.
2434 949 2602 998 Τοῦτο
2654 942 2926 1005 πολλάκις
2982 944 3183 1020 γίνεται
3228 944 3320 998 καὶ
3369 943 3431 998 ἐκ
3459 949 3613 998 Θεοῦ·
3647 943 3797 998 πολ-

2147 1027 2302 1093 Λάκις
2360 1030 2417 1086 δὲ
2466 1033 2554 1086 καὶ
2603 1033 2663 1088 ἐκ
2688 1038 2785 1088 τοῦ
2818 1028 3247 1105 συμϐεϐηκότος.
3292 1034 3445 1089 Ἔστι
3480 1028 3526 1085 δ’
3556 1032 3646 1087 ὅτε
3700 1034 3797 1086 καὶ

2149 1121 2225 1183 ὡς
2254 1123 2413 1197 νοερὰ
2456 1120 2587 1177 οὖσα
2617 1124 2651 1192 ἡ
2702 1125 2855 1197 ψυχὴ
2902 1124 3287 1197 προγινώσκει·
3321 1122 3441 1175 τινὰ
3488 1119 3545 1175 δὲ
3599 1122 3687 1176 καὶ
3745 1122 3801 1175 οἱ

2152 1208 2403 1281 δαίμονες
2434 1209 2842 1285 προδεικνύουσι
2877 1209 2947 1265 δι’
2980 1210 3259 1267 ἐνυπνίων.

2226 1300 2417 1373 Ἐρώτ.
2451 1302 2513 1375 ρ’.
2563 1300 2623 1353 Τί
2666 1299 2792 1369 οῦνς
2825 1303 3183 1375 προγνώστης
3397 1299 3538 1355 ἰστὶν
3588 1302 3617 1353 ὁ
3676 1298 3806 1353 διά-

2154 1382 2318 1447 ϐολος
2349 1387 2440 1440 καὶ
2488 1388 2539 1441 αἱ
2587 1384 2864 1459 δαίμονες,
2896 1388 2986 1442 καὶ
3048 1385 3293 1441 δύνανται
3346 1386 3513 1441 εἰπεῖν
3559 1386 3627 1439 τὰ
3668 1384 3810 1457 μέλο

2156 1474 2321 1530 λοντα
2350 1475 2593 1549 γενέσθαι
2617 1497 2630 1546 ;

2229 1564 2423 1620 Ἀπόκ.
2483 1566 2846 1639 Προγνώστης
2905 1565 2993 1619 καὶ
3047 1562 3486 1641 καρδιογνώστης
3556 1563 3726 1635 μόνος
3782 1565 3811 1619 ὁ

2688 1654 2801 1710 ἐπεὶ
2855 1652 2980 1709 ούδὶ
3035 1654 3187 1709 αὐτοὶ
3247 1655 3297 1708 οἱ
3356 1650 3572 1728 ἄγγελοι
3627 1653 3693 1705 τὰ
3758 1651 3812 1705 ἐν

408 1837 718 1909 praedicere
765 1836 1145 1905 arbitrantur,
1197 1853 1265 1891 ea
1314 1854 1381 1893 ex
1439 1838 1655 1893 astutia
1704 1838 2041 1908 conjiciunt.

2168 1831 2257 1886 ὅσα
2303 1829 2671 1907 προδεικνύειν
2722 1833 3054 1905 νομίζουσιν,
3108 1832 3166 1887 ἐκ
3214 1831 3539 1907 πανουργίας
3601 1851 3818 1905 στοχαι

407 1925 581 1980 Verbi
616 1924 825 1997 gratia,
856 1940 1012 1993 cum,
1048 1929 1110 1979 ut
1138 1924 1403 1995 spiritus,
1438 1926 1657 1981 multos
1694 1928 1844 1998 apud
1879 1928 2053 1983 Indos

408 2020 627 2073 imbres
675 2016 892 2082 vident,
926 2015 1009 2069 illi
1042 2016 1100 2071 in
1150 2017 1393 2088 Egypto
1442 2018 1823 2089 praeveniunt,
1858 2036 1924 2075 ac
1951 2035 2055 2091 per

405 2106 833 2163 incantationes
854 2105 1504 2178 etinsomniamagnam
1528 2108 1647 2162 fore
1668 2107 1777 2162 Nili
1801 2107 2051 2163 inunda-

403 2197 623 2251 tionem
656 2194 1081 2250 vaticinantur:
1116 2194 1345 2265 aliaque
1375 2195 1467 2250 his
1494 2195 1713 2251 similia
1744 2202 2048 2270 peragunt.

406 2289 569 2356 Saepe
599 2287 796 2338 autem
850 2283 1025 2338 etiam
1082 2284 1464 2338 mentiuntur.
1498 2284 1645 2339 Hinc
1675 2284 1722 2340 si
1757 2286 1888 2357 quis
1920 2285 2052 2341 illos

399 2372 539 2428 velit
583 2371 941 2439 convincere,
975 2387 1175 2427 secum
1225 2372 1596 2441 determinet,
1642 2390 1708 2429 ac
1761 2379 2053 2446 supponat

399 2465 543 2534 qunt
590 2477 869 2516 nummos
916 2462 1176 2516 crastina
1228 2462 1320 2516 die
1385 2462 1739 2518 distribuere
1786 2466 1984 2535 cupiat
2036 2482 2047 2518 :

399 2554 522 2617 Quo
555 2552 702 2605 facto
736 2550 984 2604 accitum
1019 2567 1259 2621 magum
1291 2549 1377 2605 vel
1408 2555 1596 2605 vatem
1639 2542 1955 2623 interreget
1984 2569 2050 2607 ea

399 2641 469 2697 de
497 2656 557 2694 re
588 2640 658 2695 de
692 2656 809 2710 qua
857 2639 1280 2706 determinavit,
1315 2638 1581 2711 nihilque
1630 2641 1869 2695 omnino
1919 2642 2049 2697 illos

399 2745 571 2801 posse
601 2728 814 2783 rescire
845 2728 1184 2799 comperiet.

473 2911 699 2972 Quass'r.
732 2906 976 2962 CLCum
1010 2906 1252 2977 quidam
1280 2911 1337 2961 et
1367 2907 1550 2962 Judaei
1587 2912 1641 2962 et
1672 2908 1917 2980 gentiles
1950 2909 2047 2963 be-

401 2997 609 3053 neficia
641 3012 789 3066 saepe
820 2995 1101 3060 tribuant,
1138 2996 1403 3066 nunquid
1454 2996 1669 3051 idcirco
1702 2997 1759 3050 in
1802 3013 2045 3069 regnum

399 3087 677 3140 caelorum
710 3084 1146 3151 ingrediuntur?
1168 3084 1426 3155 autquid
1462 3085 1631 3141 nobis
1660 3086 1730 3141 de
1763 3085 2049 3157 illisjudi-

396 3175 651 3230 candum
684 3177 772 3227 est
790 3170 817 3224 ?

473 3262 795 3316 Rsseﬂum
821 3261 1105 3315 Dominus
1130 3261 1198 3315 ad
1226 3261 1606 3317 Nicodemum
1630 3264 1783 3318 dicat
1805 3270 2045 3319 :«Amcn
2078 3234 2121 3300 Ο

402 3350 533 3406 dico
564 3350 690 3414 tibi,
725 3349 838 3404 nisi
872 3349 1005 3420 quis
1037 3354 1209 3404 natus
1242 3350 1415 3405 fuerit
1464 3368 1563 3422 per
1593 3369 1804 3423 aquam
1840 3359 1894 3408 et
1925 3354 2047 3424 Spi-

401 3439 731 3508 ritum,non
766 3437 1009 3491 intrabit
1039 3438 1095 3491 in
1134 3454 1377 3508 regnum
1411 3439 1686 3494 ccslorum
1721 3442 1784 3496 ⁶⁸;
1818 3464 1844 3491 ››
1870 3444 2050 3497 mani-

399 3529 611 3584 festum
667 3532 755 3582 est
784 3525 1075 3581 neminem
1128 3543 1240 3580 non
1292 3526 1646 3598 baptizatum
1700 3531 1757 3583 in
1790 3530 1931 3585 illud
1966 3532 2049 3586 in-

401 3633 765 3690 gressurum.
799 3615 859 3669 Id
894 3620 1088 3670 autem
1122 3615 1191 3669 de
1225 3615 1392 3670 bonis
1422 3616 1745 3673 infidelium
1774 3620 2047 3690 operibus

403 3711 492 3762 est
520 3705 918 3772 sentiendum,
951 3703 1035 3758 vel
1072 3720 1347 3775 prospera
1378 3721 1494 3775 qua
1525 3705 1617 3759 hic
1652 3711 1899 3761 utuntur
1931 3710 2046 3763 for-

404 3800 568 3858 tuna,
603 3794 897 3866 propriam
931 3792 1224 3864 percipere
1257 3794 1604 3859 mercedem,
1642 3794 1727 3850 vel
1762 3796 1817 3849 in
1851 3797 2047 3853 futuro

405 3884 616 3940 saeculo
648 3883 835 3937 levius
869 3899 997 3937 esse
1047 3882 1373 3953 puniendos
1405 3900 1579 3952 quam
1627 3889 1865 3940 caeteros
1910 3885 2046 3940 infi-

403 3972 691 4043 deles,qui
726 3971 869 4027 nihil
904 3972 1037 4025 boni
1073 3974 1514 4042 cgerunt.Quod
1549 3974 1595 4027 si
1630 3974 1910 4045 scripturn
1948 3974 2044 4042 sit,

406 4082 429 4110 ι
464 4062 660 4116 Gloria
686 4066 742 4115 et
773 4062 957 4115 honor
988 4065 1041 4114 et
1074 4077 1179 4130 pax
1212 4062 1370 4115 omni
1395 4062 1654 4132 operanti
1683 4063 1922 4131 bonum,
1944 4064 2045 4118 Ju-

400 4152 519 4204 daao
552 4150 807 4220 primum
861 4153 917 4204 et
944 4149 1139 4203 Graeco
1170 4150 1234 4215 59,
1271 4172 1291 4196 ι
1330 4166 1401 4204 ne
1446 4150 1695 4205 mireris.
1730 4151 1859 4207 Hree
1889 4153 2044 4207 enim

400 4238 546 4293 dixit
576 4237 887 4308 Apostolus
919 4238 988 4291 de
1019 4238 1089 4291 iis
1121 4240 1218 4308 qui
1244 4243 1377 4293 ante
1394 4238 1604 4294 Christi
1629 4241 1937 4296 adventum
1957 4257 2047 4296 ex-

397 4328 693 4383 stiterunt.

470 4418 689 4481 Qumsr.
747 4414 859 4469 CII.
916 4414 1171 4469 Habetne
1219 4416 1394 4469 ﬁnem
1447 4421 1811 4486 peccatorum
1876 4435 2045 4490 piena

400 4521 582 4560 necne
605 4504 633 4557 ?

473 4594 645 4648 Resp.
679 4592 822 4648 Cum
859 4592 1140 4647 Dominus
1162 4591 1319 4645 dicat
1358 4592 1427 4645 de
1450 4592 1543 4657 iis,
1574 4592 1672 4664 qui
1696 4599 1833 4648 sunt
1860 4595 1914 4649 in
1949 4613 2045 4667 ge-
2076 4599 2123 4663 D

398 4682 593 4738 henna
629 4699 640 4737 :
679 4706 703 4729 ‹‹
738 4681 965 4736 Vermis
996 4696 1196 4735 eorum
1232 4696 1346 4734 non
1383 4680 1745 4748 morietur,et
1775 4683 1928 4753 ignis
1958 4702 2048 4740 eo-

402 4787 531 4826 rum
556 4787 671 4825 non
694 4771 1096 4839 exstinguetur
1116 4770 1279 4835 6°;net
1302 4784 1503 4823 rursus
1530 4786 1578 4822 :«
1605 4769 2048 4828 Peccatoresau-

395 4862 515 4914 tem
539 4858 709 4913 ibunt
734 4859 788 4911 in
817 4874 1011 4928 pinnas
1052 4863 1335 4924 aeternas;
1368 4879 1394 4905 ι»
1418 4874 1550 4912 cum
1576 4858 1713 4913 item
1734 4860 2048 4929 Apostolus

398 4947 550 5003 dicat
584 4964 595 5000 :
633 4970 659 4997 ‹‹
689 4947 877 5001 Nolite
910 4962 1124 5015 errare,
1152 4962 1339 5016 neque
1367 4945 1641 5010 adulteri,
1668 4964 1856 5018 neque
1886 4966 2043 5005 scor-

393 5039 634 5100 tatores,
665 5052 853 5106 neque
876 5034 1104 5101 molles,
1134 5051 1321 5105 neque
1349 5034 1745 5090 masculorum
1776 5038 2047 5093 concubi-

392 5129 568 5192 tores,
604 5141 789 5195 neque
819 5123 1052 5189 ebriosi,
1088 5139 1270 5194 neque
1316 5122 1607 5192 maledici,
1654 5140 1844 5195 neque
1876 5144 2044 5198 rapa-

390 5229 484 5269 ces
506 5228 747 5283 regnum
777 5214 872 5268 Dei
898 5212 1341 5284 possidebunt“
1367 5228 1379 5266 :
1410 5234 1437 5261 ››
1461 5228 1529 5267 ex
1552 5212 1643 5268 his
1674 5212 2047 5285 liqueljusto-

388 5318 518 5357 rum
574 5308 851 5358 aeternam
902 5316 1031 5357 esse
1079 5300 1521 5368 beatitudinem,
1574 5306 1631 5357 et
1674 5312 2042 5374 peccatorum

465 5450 507 5483 δε
545 5448 711 5504 Joan.
756 5464 840 5515 ιιι,
881 5448 934 5501 5.
1048 5446 1091 5481 ⁶⁹
1130 5446 1293 5501 Rom.
1337 5462 1399 5515 ιι,
1445 5448 1528 5500 10.

491 5614 578 5679 39)
612 5608 969 5684 Προγνώστης
998 5606 1087 5659 καὶ
1119 5602 1310 5681 καρδιο
1351 5606 1563 5675 νώστης
1604 5609 1841 5680 quidam
1898 5627 2045 5667 mss.

494 5685 580 5738 401
616 5683 755 5738 Rea.
788 5684 845 5738 2.
877 5679 1172 5738 φαρμακῶν
1206 5677 1293 5733 καὶ
1315 5626 1605 5738 ἶνυπνίων.

494 5677 580 5757 40)
616 5677 755 5755 Reg;
788 5684 845 5752 2,
877 5679 1172 5757 φαρμακῶν
1193 5677 1293 5733 ’καὶ
1328 5677 1605 5738 ἐνυπνίων.

1642 5448 1686 5482 ⁸ο
1727 5448 1903 5505 Marc.
1946 5467 2022 5521 1x,
2065 5451 2153 5507 47.

2164 1919 2385 1992 ζόμενοι
2414 1926 2579 1975 ταῦτα
2628 1920 2896 1997 λέγουσιν.
2930 1922 3056 1979 Οἷόν
3105 1943 3157 1975 τι
3208 1920 3478 1981 πολλάκις
3525 1922 3600 1981 ὡς
3644 1922 3820 1973 πνεύ-

2165 2030 2304 2081 ματα
2353 2011 2519 2084 ὁρῶσι
2576 2009 2703 2071 τοὺς
2769 2006 3009 2086 ὄμϐρους
3055 2010 3181 2072 τοῦς
3236 2008 3491 2070 Ἰνδικοὺς
3554 2005 3817 2069 πολλοῦς

2160 2098 2499 2171 γινομένους,
2532 2100 2620 2153 καὶ
2652 2094 3131 2174 προλαμϐάνουσιν
3159 2100 3211 2154 ἐν
3261 2098 3542 2172 Αἰγύπτῳ,
3580 2098 3671 2151 καὶ
3719 2094 3820 2150 διὰ

2161 2194 2510 2266 φαρμακειῶν
2541 2193 2649 2261 (40)
2681 2190 2715 2258 ἢ
2759 2189 3072 2265 ὀνειράτων,
3118 2188 3357 2266 μεγάλην
3404 2184 3658 2243 ἀνάϐασιν
3711 2191 3820 2241 τοῦ

2162 2276 2358 2332 Νείλου
2388 2283 2639 2349 ποταμοῦ
2682 2278 3029 2350 μαντεύονται
3062 2280 3194 2350 (41)’
3229 2278 3317 2331 καὶ
3377 2275 3523 2331 ἄλλα
3578 2274 3637 2330 δὲ
3693 2297 3823 2329 τινα

2160 2364 2327 2437 ὅμοια
2355 2364 2569 2427 τούτοις
2625 2363 3059 2441 διαπράττονται.
3093 2364 3369 2427 Πολλάκις
3418 2362 3475 2420 δὲ
3529 2364 3620 2419 καὶ
3677 2364 3824 2437 ψεύο

2161 2453 2363 2511 δονται.
2400 2457 2497 2511 Καὶ
2530 2458 2557 2511 ὁ
2594 2452 2930 2532 βουλόμενος
2960 2455 3184 2517 τούτους
3217 2455 3429 2529 ἐλέγξαι
3476 2453 3711 2528 ὁρισάτω
3764 2454 3821 2507 ἐν

2158 2546 2228 2614 τῇ
2260 2543 2449 2599 ἑαυτοῦ
2480 2548 2657 2619 ψυχῇ,
2702 2543 2927 2609 ὑπόθου·
2978 2544 3119 2599 πόσα
3160 2540 3471 2616 νομίσματα
3526 2540 3815 2597 διαδοῦναι

2160 2631 2235 2693 εἷς
2274 2635 2373 2702 τήν
2426 2631 2632 2709 αὔριον·
2686 2634 2773 2687 καὶ
2826 2632 3334 2709 προσκαλεσάμενος
3378 2631 3469 2687 τὸν
3521 2632 3816 2709 φαρμακὸν

2157 2722 2191 2790 ἢ
2238 2724 2329 2776 τὸν
2384 2724 2592 2794 μάντιν,
2626 2722 2951 2797 ὲρωτησάτω
3011 2721 3192 2791 αὐτὸν,
3224 2721 3347 2796 περὶ
3399 2721 3461 2775 οὗ
3502 2720 3687 2795 ὥρισε·
3717 2720 3817 2774 καὶ

2157 2810 2370 2873 πάντως
2401 2812 2644 2887 εὑρήσεις
2675 2812 2831 2867 αὐτὸν
2868 2810 3035 2884 μηδὲν
3069 2812 3418 2883 ἐπιστάμενον
3451 2810 3642 2865 εἶπεῖν.

2229 2903 2424 2977 Ἐρώτ.
2460 2904 2559 2975 ρα’.
2593 2902 2812 2972 Ἐπειδή
2845 2923 2987 2964 τινες
3036 2903 3123 2957 καὶ
3173 2899 3448 2968 Ἰουδαῖοι,
3480 2899 3570 2954 καὶ
3599 2898 3819 2968 Ἐλλη-

2154 3013 2258 3063 νες,
2290 2990 2561 3053 πολλάκις
2594 2991 2836 3053 εὐποιίας
2869 2991 3200 3067 ἐργάζονται,
3231 2990 3334 3065 ἄρα
3386 2987 3473 3044 διὰ
3516 2994 3679 3043 τοῦτο
3729 2990 3817 3049 εἰς

2154 3083 2252 3149 τήν
2316 3079 2588 3155 βασιλείαν
2633 3086 2740 3136 τῶν
2793 3081 3031 3157 οὐρανῶν
3085 3080 3462 3155 εἷσέρχυνταις
3507 3079 3542 3147 ἢ
3588 3079 3640 3132 τί
3690 3080 3812 3153 χρή

2158 3170 2280 3244 περὶ
2312 3169 2485 3225 αὐτῶν
2522 3169 2831 3243 λογίζεσθαι
2858 3190 2871 3239 ;

2231 3259 2424 3314 Ἀπόκ.
2484 3264 2593 3314 Τοῦ
2652 3258 2849 3334 Κυρίου
2905 3258 3158 3333 λὲγοντος
3236 3258 3372 3333 πρὸς
3449 3254 3807 3329 Νικόδημον·

2161 3372 2187 3399 ‹‹
2222 3350 2395 3421 ’Δμήν
2431 3350 2573 3425 γὲγω
2607 3370 2712 3419 σοι,
2743 3347 2828 3402 ἐὰν
2861 3351 2935 3420 μή
2967 3370 3049 3410 τις
3099 3352 3331 3424 γεννηθῇ
3373 3344 3441 3401 δι’
3474 3344 3667 3409 ὕδατος
3714 3348 3812 3400 καὶ

2159 3438 2492 3509 Πνεύματος,
2545 3436 2605 3491 ού
2681 3438 2756 3509 μή
2819 3437 3033 3510 εἰσέλθῃ
3090 3438 3163 3498 εἰς
3221 3438 3319 3504 τήν
3376 3436 3649 3509 βασιλείαν
3695 3441 3807 3489 τῶν

2157 3526 2416 3598 οὐρανῶν’
2453 3550 2481 3576 ››
2515 3522 2743 3594 εὔδηλον
2779 3524 2860 3579 ὅτι
2893 3522 3070 3586 ούδεὶς
3120 3520 3445 3585 ἁϐάπτιστος
3501 3524 3576 3585 είς
3634 3525 3808 3592 αότὴν

2158 3612 2533 3669 εἶ’σελεύσεται.
2568 3616 2743 3670 Τοῦτο
2778 3611 2834 3668 δὲ
2862 3614 2974 3689 χρὴ
3008 3614 3126 3688 περὶ
3171 3613 3406 3667 ἀπίστων
3457 3613 3805 3687 ἀγαθοποιῶν

2157 3702 2483 3779 λογίζεσθαι·
2517 3704 2551 3771 ἢ
2596 3702 2677 3757 ὅτι
2728 3700 2815 3758 διὰ
2861 3710 2960 3771 τῆς
3008 3702 3230 3765 ἐνταῦθα
3272 3702 3447 3756 αὐτῶν
3509 3702 3809 3777 εὐημερίας

2154 3792 2245 3846 τὸν
2280 3789 2415 3845 ἴδιον
2455 3792 2639 3863 μισθὸν
2671 3786 3065 3864 λαμϐάνουσιν·
3176 3790 3256 3845 ὅτι
3310 3791 3362 3844 ἐν
3414 3790 3492 3862 τῷ
3544 3790 3808 3862 μέλλοντι

2156 3881 2311 3935 αἰῶνι
2372 3879 2747 3957 ἐλαφροτέρως
2815 3878 3138 3949 κολάζονται
3201 3881 3346 3955 παρὰ
3394 3879 3517 3941 τοὺς
3571 3879 3807 3942 λοιποῦς

2155 3969 2435 4037 ἀπίστους,
2480 3968 2604 4030 τοὺς
2657 3967 2796 4041 μηδὲ
2843 3969 3038 4043 ἀγαθὸν
3090 3971 3441 4039 ποιήσαντας.
3495 3969 3555 4023 Et
3606 3966 3665 4023 δὲ
3714 3972 3808 4023 καὶ

2154 4058 2465 4133 γέγραπται·
2503 4084 2530 4111 ‹‹
2578 4058 2711 4131 Δόξα
2767 4058 2855 4112 καὶ
2913 4060 3073 4130 τιμή,
3114 4058 3203 4111 καὶ
3264 4058 3453 4133 εἶρήνη
3507 4058 3666 4112 παντὶ
3724 4061 3808 4130 τῷ

2156 4146 2503 4223 ἐργαζομένῳ
2576 4148 2638 4202 τὸ
2715 4148 2950 4222 ἀγαθὸν,
3012 4145 3258 4220 Ἰουδαίῳ
3315 4168 3371 4201 τε
3429 4152 3642 4222 πρῶτον
3714 4151 3809 4203 καὶ

2153 4235 2413 4307 ”Ελληνι,
2448 4260 2475 4288 ››
2672 4237 2969 4309 Θαυμάσῃς.
3032 4234 3162 4310 Περὶ
3219 4234 3318 4311 γὰρ
3376 4237 3482 4290 τῶν
3540 4236 3646 4305 πρὸ
3703 4243 3805 4304 τῆς

2155 4330 2387 4399 Χριστοῦ
2418 4324 2715 4400 παρουσίας
2744 4328 2909 4378 ταῦτα
2942 4324 3084 4379 εἶπεν
3116 4326 3144 4379 ὁ
3174 4324 3531 4386 ’Δπόστολος.

2226 4417 2417 4490 Ἐρώτ.
2456 4416 2559 4489 ρβ’.
2595 4417 2735 4488 Ἀρα
2768 4412 2823 4469 δὲ
2855 4410 2969 4489 ἔχει
3020 4412 3181 4476 τέλος
3230 4419 3338 4469 τῶν
3390 4413 3733 4489 ἁμαρτωλῶν
3768 4418 3804 4483 ἡ

2151 4504 2396 4572 κόλασις,
2430 4505 2463 4572 ἢ
2499 4500 2598 4572 οὕ;

2228 4593 2414 4648 Ἀπόκ.
2446 4596 2550 4646 Τοῦ
2581 4590 2779 4668 Κυρίου
2823 4590 3075 4666 λὲγοντος
3118 4591 3241 4663 περὶ
3271 4595 3375 4646 τῶν
3409 4590 3460 4645 ἐν
3501 4596 3571 4664 τῇ
3619 4592 3807 4665 γεέννῃ

2157 4680 2239 4737 ὅτι
2272 4707 2297 4732 ι(
2330 4682 2388 4738 Ὀ
2438 4680 2658 4750 σκώληξ
2716 4678 2888 4734 αὐτῶν
2948 4680 3009 4734 οὐ
3054 4678 3389 4751 τελευτήσει,
3439 4680 3527 4734 καὶ
3584 4681 3646 4735 τὸ
3696 4686 3803 4756 πῦρ

2156 4770 2329 4825 αὐτῶν
2391 4770 2452 4824 οὐ
2511 4764 2945 4839 σϐεσθῆσεταυ»
2975 4769 3062 4823 καὶ
3117 4767 3303 4823 πάλιν·
3335 4796 3361 4820 ι(
3398 4770 3459 4824 Οἳ
3516 4767 3573 4823 δὲ
3632 4772 3807 4845 ἀμαρ-

2154 4859 2325 4914 τωλοὶ
2358 4858 2433 4920 εἰς
2464 4857 2687 4913 κόλασιν
2732 4857 2951 4912 αἰώνιον
3002 4857 3407 4913 ἀπελεύσονται’
3442 4882 3470 4910 ››
3502 4858 3591 4912 καὶ
3634 4858 3803 4913 πάλιν

2154 4952 2250 5003 τοῦ
2282 4946 2618 5003 ἈποστόΛου
2652 4945 2921 5021 λὲγοντος·
2962 4972 2982 4996 ο
3040 4947 3131 5015 Μὴ
3180 4945 3475 5019 πλανᾶσθε,
3504 4944 3624 5001 οὔτε
3677 4968 3802 5018 μοι-

2154 5037 2271 5112 χοὶ,
2324 5035 2445 5090 οὔτε
2489 5036 2701 5110 πόρνοι,
2754 5032 2877 5089 οὔτε
2926 5034 3184 5107 μαλακοὶ,
3234 5032 3357 5089 οὔτε
3408 5036 3802 5109 ἀρσενοκοῖται,

2155 5123 2277 5180 οὔτε
2319 5126 2561 5198 μέθυσοι,
2612 5122 2672 5177 οὐ
2726 5122 2996 5199 λοίδοροι,
3047 5122 3153 5198 οὐχ
3217 5124 3474 5198 ἅρπαγες,
3526 5124 3808 5199 βασιλείαν

2154 5218 2287 5268 Θεοῦ
2345 5213 2405 5267 οὐ
2465 5215 3001 5289 κληρονομήσουσιν·
3067 5236 3095 5263 ››
3154 5210 3384 5283 εὔδηλον
3444 5212 3525 5267 δτι
3584 5213 3805 5274 αἰώνιος

2153 5303 2243 5357 καὶ
2274 5305 2308 5373 ή
2341 5307 2447 5357 τῶν
2482 5299 2701 5356 δικαίων
2735 5301 3056 5372 ἀπόλαυσις,
3091 5302 3181 5357 καὶ
3209 5304 3243 5370 ἡ
3298 5306 3403 5357 τῶν
3455 5300 3802 5377 ἁμαρτωλῶν

2264 5452 2306 5486 δι
2352 5449 2372 5505 I
2412 5449 2540 5505 Cor.
2582 5466 2657 5519 νι,
2704 5450 2786 5504 10.

2151 5610 2503 5737 82ἓ41μίσεο
2549 5608 2679 5664 vide
2729 5610 2785 5663 in
2843 5610 2961 5665 Vita
3020 5609 3262 5679 Antonii,
3313 5613 3454 5665 tom.
3513 5612 3532 5665 Ι
3576 5611 3697 5684 [II],
3744 5630 3800 5686 p.
