4080 6206
327 334 446 396 661

1288 335 1805 410 ΟΠᾸΞΞΤΙΟΝΕΞ
1848 338 1949 395 AD
1996 335 2454 396 ANTIOCHUM
2502 336 2796 398 DUCEM.

3630 341 3749 401 662

326 466 567 543 ὑπάρχει
598 464 847 530 κολασις.
902 467 998 523 Καὶ
1059 469 1223 523 πάλιν
1288 465 1344 523 δέ
1375 489 1534 545 φησιν
1566 468 1593 521 6
1626 468 1822 541 Κύριος
1852 467 1970 539 περῖ

2094 483 2341 538 pcenam.
2378 467 2604 523 Rursus
2635 468 2705 523 de
2748 468 2901 524 Juda
2930 467 3011 522 ait
3052 466 3333 524 Dominus
3369 486 3381 524 :
3436 492 3463 518 ‹‹
3515 470 3741 528 Bonum

322 560 428 610 τοῦ
455 554 658 613 Ἰούδα.
694 556 774 612 ὅτι
814 582 834 607 ι
869 556 1044 612 Καλὸν
1076 558 1143 625 ἦν
1177 556 1346 630 αὐτῷ,
1389 557 1433 612 εἰ
1483 556 1581 611 οὐκ
1632 555 1889 631 ἐγεννήθη
1952 556 1980 610 6

325 642 616 721 ἅνθρωπος
646 646 871 708 ἐκεῖνος.
906 671 933 697 ››
966 646 1029 702 El
1065 644 1121 701 δὲ
1149 647 1306 708 τέλος
1342 643 1457 722 ἔχει
1500 645 1786 715 ἡκόλασις,
1843 666 1979 717 συμ-

324 742 504 812 φέρει,
532 734 615 790 ὅτι
647 735 901 811 ἐγεννήθη
934 736 1023 791 καὶ
1076 738 1104 790 6
1148 734 1374 805 Ἰούδας,
1426 735 1513 790 ἐὰν
1566 734 1667 808 ὀψέ
1712 754 1844 789 ποτε
1902 733 1977 796 εἷς

317 825 427 893 τήν
494 823 772 899 βασιλείαν
817 830 923 880 τῶν
976 824 1218 899 οὐρανῶν
1253 824 1443 898 μέλλει
1473 827 1976 893 ἀποκατασταθῆναι

325 914 466 987 μετὰ
493 915 591 983 τὴν
656 914 907 985 κόλασιν,
966 912 1147 990 ὣσπερ
1206 915 1256 969 οἱ
1316 914 1576 990 αἱρετικοί
1624 912 1974 985 πλανώμενοι

315 1008 487 1058 τοῦτο
522 1002 862 1075 μυθεύονται.

399 1091 599 1167 Ἐρών.
641 1100 737 1168 ργ¹.
784 1092 951 1157 Πόθεν
994 1091 1229 1169 γίνονται
1261 1093 1516 1147 θανατικά
1545 1111 1556 1159 ;
1591 1091 1687 1147 Καὶ
1721 1088 1808 1146 διὰ
1836 1091 1888 1145 τί
1917 1088 1971 1146 ἓν

315 1203 429 1236 τισι
464 1190 679 1258 χώραις
710 1180 999 1255 ἐρημικαῖς
1048 1181 1213 1246 ἐθνῶν
1262 1180 1536 1243 πολλάκις
1586 1181 1647 1235 οὐ
1708 1180 1970 1255 γίνονται,

315 1269 452 1326 ἀλλ’
483 1271 557 1331 ὡς
590 1269 677 1324 ἐπὶ
707 1270 768 1325 τὸ
798 1269 1054 1325 πλεῖστον
1089 1269 1139 1325 ἐν
1170 1275 1287 1332 ταῖς
1330 1269 1675 1343 οἰκουμέναις
1728 1269 1817 1324 καὶ
1870 1290 1969 1323 πο-

317 1358 597 1435 Αυόχλοις
624 1358 819 1414 πόλεσι
848 1359 938 1414 καὶ
970 1358 1343 1433 πολυκόπροις
1374 1362 1485 1431 (42)
1512 1378 1524 1427 ;

390 1447 585 1505 Ἀπόκ.
620 1454 809 1512 Βαθεῖα
866 1446 1036 1510 ὅντως
1093 1451 1126 1518 ἡ
1186 1453 1282 1503 τοῦ
1341 1449 1693 1522 ἐρωτήματος
1740 1447 1967 1523 ἀπόκρι-

316 1558 425 1604 σις,
456 1538 547 1591 καὶ
582 1537 793 1613 ὀλίγοις
822 1542 931 1593 τῶν
965 1537 1051 1592 ἐπὶ
1098 1545 1199 1613 γῆς
1247 1540 1500 1613 χωρητή·
1558 1536 1731 1611 ὅμως,
1789 1538 1967 1600 καθώς

313 1647 486 1702 Ῡησιν
536 1626 564 1680 6
616 1626 836 1701 Κύριος,
885 1648 910 1679 ι
957 1627 1017 1683 Ὀ
1056 1632 1253 1702 χωρῶν
1300 1626 1574 1701 χωρείτω,
1626 1648 1655 1677 ››
1704 1627 1827 1683 Ἐὰν
1866 1626 1966 1701 γὰρ

324 1714 591 1787 εἴπωμεν,
625 1714 707 1769 ὅτι
739 1714 1010 1778 πολλάκις
1042 1716 1130 1769 καὶ
1163 1716 1213 1786 ἐξ
1238 1716 1407 1792 ἀέρων
1436 1718 1572 1789 (42])
1594 1717 1967 1793 φθοροποιῶν,

2093 561 2217 612 erat
2245 555 2317 624 ei,
2342 557 2391 613 si
2426 561 2599 613 natus
2628 574 2743 613 non
2776 557 2985 613 fuisset
3014 557 3188 613 homo
3214 557 3311 614 ille
3339 559 3407 613 ⁵³.
3438 581 3459 607 ιι
3497 560 3657 623 Quod
3692 564 3744 618 si

2090 644 2265 701 finem
2299 646 2472 702 habet
2503 664 2692 719 poena,
2725 651 2880 702 certe
2912 647 3153 719 prodest
3180 646 3344 702 Juds:
3375 649 3528 718 quod
3573 655 3747 708 natus

2090 733 2186 804 sit,
2235 735 2283 789 si
2323 752 2452 790 sero
2479 737 2713 791 tandem
2746 740 2879 807 post
2910 735 3266 808 supplicium
3296 753 3541 807 regnum
3573 739 3744 795 ecclo-

2087 838 2219 879 rum
2251 829 2339 881 est
2367 825 2765 898 ingressurus,
2800 827 3297 897 quemadmodum
3348 831 3611 884 errantes
3661 829 3743 883 fa-

2086 912 2372 969 bulantur
2400 913 2680 969 haeretici.

2156 1092 2383 1155 Quaes'r.
2416 1091 2557 1147 CIII.
2592 1091 2754 1146 Unde
2780 1091 3050 1147 oriuntur
3080 1092 3399 1159 mortifera,
3448 1099 3507 1149 et
3558 1112 3739 1167 quare

2085 1181 2145 1235 in
2164 1182 2516 1251 quibusdam
2537 1180 2783 1235 desertis
2799 1180 3061 1252 gentium
3090 1182 3426 1253 regionibus
3451 1201 3599 1256 saepe
3622 1203 3735 1240 non

2082 1269 2376 1337 eveniunt,
2411 1270 2511 1324 sed
2546 1273 2609 1323 ut
2636 1269 2957 1340 plurimum
2991 1270 3049 1324 in
3083 1270 3387 1342 populosis
3419 1276 3475 1327 et
3506 1276 3737 1345 magnis

2083 1358 2350 1428 urbibus,
2382 1358 2635 1428 {imoque
2666 1357 2903 1429 repletis
2919 1360 2947 1412 ‘?

2152 1447 2323 1503 Raso.
2358 1446 2623 1502 Difficilis
2654 1454 2807 1502 certe
2838 1451 2927 1502 est
2975 1447 3154 1519 hujus
3194 1449 3535 1521 quastionis
3581 1451 3734 1507 solu-

2080 1535 2186 1603 tio,
2218 1536 2507 1607 paucique
2533 1552 2660 1591 eam
2691 1539 2942 1607 possunt
2971 1553 3210 1608 capere;
3263 1543 3483 1604 tamen,
3538 1544 3603 1593 ut
3652 1540 3734 1595 ait

2082 1624 2384 1691 Dominus,
2408 1647 2435 1672 ‹‹
2456 1624 2553 1695 qui
2605 1628 2795 1695 potest
2818 1641 3023 1697 capere
3048 1627 3238 1699 capiat
3254 1627 3321 1681 ⁵³.
3347 1650 3374 1676 ››
3394 1628 3450 1683 Si
3476 1628 3630 1683 enim
3655 1630 3732 1683 di-

2078 1729 2283 1769 camus
2314 1730 2465 1786 saepe
2496 1730 2563 1769 ex
2594 1729 2725 1769 aere
2756 1719 3051 1787 corrupto,
3084 1720 3141 1771 et
3172 1717 3535 1787 pulveribus,
3569 1722 3625 1772 et
3656 1719 3731 1773 fe-

310 1804 406 1858 καὶ
438 1809 757 1879 κονιορτῶν,
787 1805 876 1859 καὶ
906 1802 1170 1867 δυσωδίας
1200 1805 1556 1877 θνησιμαίων,
1597 1805 1685 1859 καὶ
1739 1799 1962 1881 ὄμϐρων

318 1903 334 1906 ,
472 1897 500 1906 -
670 1892 682 1906 .
749 1893 761 1906 .
841 1894 864 1906 Α
991 1894 1000 1906 ,
1299 1893 1309 1906 .
1385 1892 1396 1906 η
1497 1896 1505 1906 .
1598 1897 1625 1906 ..
1759 1898 1787 1906 -
1950 1890 1963 1906 ι

2094 1819 2199 1858 ;ore
2231 1804 2602 1867 cadaverum,
2632 1802 3040 1876 imbribusque
3069 1804 3286 1861 aestivis
3319 1822 3383 1861 ac
3413 1806 3729 1863 exhalatio-

311 1897 565 1966 θερινῶν,
598 1892 685 1947 καὶ
737 1893 1167 1965 ἀναθυμιάσεων,
1226 1893 1313 1946 καὶ
1373 1892 1666 1967 ἀποψορῖυν
1720 1898 1821 1967 γῆς
1879 1890 1967 1945 καὶ

315 1979 624 2051 θαλάσσης,
683 1982 831 2036 νόσοι
892 1983 1157 2054 σωμάτων
1219 1980 1307 2035 καὶ
1365 1981 1557 2059 φθοραὶ
1615 1982 1704 2035 καὶ
1750 1980 1967 2043 θάναται

316 2070 584 2144 γίνονται,
618 2070 812 2133 εὐθέως
845 2070 1084 2142 ἀμύητοί
1115 2092 1254 2131 τινες
1310 2065 1772 2143 ἐπιλαμϐάνονται
1819 2072 1965 2143 ἡμᾶς

314 2159 395 2222 ὡς
445 2159 760 2234 ἀπρονόητα
804 2160 870 2214 τὰ
920 2161 1038 2223 καθ’
1084 2162 1231 2232 ἡμᾶς
1278 2159 1554 2235 λέγοντας.
1587 2158 1846 2220 Οὕστινας
1878 2158 1967 2212 καὶ

315 2248 592 2323 ἐρωτῆσαι
649 2246 981 2324 βουλόμεθαο
1032 2247 1233 2306 Εἴπατε
1277 2250 1436 2319 ἡμῖν,
1486 2246 1529 2301 ὦ
1561 2247 1731 2318 οὗτοι,
1764 2252 1881 2309 πῶς
1914 2246 1964 2302 ἐν

312 2334 480 2393 πόλει
510 2338 616 2393 τινὶ
650 2339 931 2394 θανατικὸν
958 2337 1199 2415 γίνεται;
1232 2338 1291 2393 ἐκ
1321 2336 1377 2393 δὶ
1419 2345 1517 2406 τῆς
1569 2334 1785 2399 πόλεως
1836 2336 1969 2392 ἐκεί-

309 2448 409 2495 νης
445 2427 781 2503 ὑπάρχουσιν
818 2428 870 2483 έν
918 2428 1121 2503 ἑτέραις
1169 2428 1378 2503 χώραις
1426 2425 1521 2481 δύο
1578 2427 1612 2495 ἧ
1671 2430 1819 2497 τρεῖς
1876 2445 1967 2501 χι-

314 2513 504 2577 λιάδες
582 2518 1113 2591 πραγματευομένων
1190 2513 1423 2590 ἀνδρῶν,
1501 2516 1589 2570 καὶ
1661 2512 1837 2577 οὐδεὶς
1916 2514 1966 2585 ἐξ

311 2604 493 2659 αὐτῶν
554 2605 1049 2679 έτελεότησενλΕἶ
1106 2606 1209 2681 γὰρ
1266 2607 1417 2674 θεϊκὴ
1473 2604 1608 2681 ὀργή
1667 2604 1803 2659 κατᾶ
1858 2611 1958 2673 τῆς

314 2692 537 2756 πόλεως
596 2693 805 2765 ἐκείνης
862 2692 1105 2773 ἔφθασεν,
1163 2693 1332 2770 ἐχρῆν
1391 2693 1606 2756 πάντως
1678 2694 1767 2749 καὶ
1841 2693 1966 2755 τοὺς

313 2782 600 2859 πόρρωθεν
651 2779 807 2846 ὄντας
850 2790 947 2853 τῆς
1000 2784 1169 2859 ὀργῆς
1216 2783 1523 2857 γεύσασθαι⁸
1574 2781 1619 2837 εί
1670 2780 1726 2837 δὲ
1763 2781 1964 2855 καὶμὴ

317 2875 546 2941 πάντας,
607 2871 753 2927 ἀλλὰ
816 2873 911 2928 κᾶν
959 2894 1106 2934 τινας
1166 2871 1216 2943 ἐξ
1274 2872 1470 2927 αὐτῶν.
1541 2870 1691 2940 Πλὴν
1745 2870 1837 2926 ’ίνα
1888 2872 1965 2944 μὴ

319 2960 591 3033 ὂώσωμιν
646 2962 901 3040 ἀφορμὴν
958 2967 1074 3024 τοῖς
1134 2966 1299 3016 ταῦτα
1352 2966 1594 3031 ζητοῦσι,
1653 2961 1827 3037 φαμὲν
1885 2960 1966 3015 δτι

316 3050 597 3113 πολλάκις
642 3051 709 3106 τὰ
777 3052 871 3123 μὶν
922 3056 1029 3106 τῶν
1108 3053 1403 3105 θανατικῶν
1477 3050 1566 3105 καὶ
1646 3050 1782 3105 κατὰ
1837 3052 1969 3104 Θεοῦ

321 3140 558 3208 ἀπειλὴν
615 3141 872 3215 γίνονται·
933 3141 1001 3196 τὰ
1060 3138 1116 3196 δὲ
1174 3140 1261 3195 καὶ
1320 3141 1454 3195 κατὰ
1484 3140 1653 3215 ἀέρων
1714 3140 1802 3195 καὶ
1859 3143 1965 3194 τῶν

2078 1891 2253 1948 nibus
2283 1896 2340 1947 et
2367 1891 2680 1964 vaporibus
2712 1895 2875 1947 terras
2907 1897 2963 1947 et
2994 1892 3194 1961 maris,
3241 1895 3477 1950 morbos
3526 1912 3727 1967 corpo-

2078 1997 2232 2049 rum,
2285 1980 2845 2053 corruptionemque
2892 1986 2950 2036 et
2980 1987 3229 2038 mortem
3258 1983 3491 2051 exoriri,
3525 1986 3726 2041 statim

2077 2069 2427 2141 iuauspicati
2457 2069 2695 2141 quidam
2730 2068 2997 2126 homines
3029 2087 3136 2127 nos
3167 2072 3517 2127 adoriuntur
3558 2076 3724 2143 quasi

2077 2174 2359 2231 negemus
2389 2158 2753 2230 providentia
2783 2160 2903 2232 regi
2933 2176 3062 2232 qum
3094 2178 3200 2217 nos
3229 2164 3595 2234 spectant.At
3621 2180 3727 2234 ego

2076 2248 2182 2303 hos
2213 2247 2383 2302 velim
2414 2248 2495 2302 ita
2540 2247 2894 2320 interrogare
2945 2266 2957 2303 :
3012 2249 3218 2316 Dicite,
3266 2268 3481 2322 quasso,
3534 2254 3725 2321 nobis,

2077 2353 2334 2408 quonam
2367 2337 2539 2392 modo
2561 2336 2620 2391 in
2642 2336 2839 2408 aliqua
2858 2337 3091 2394 civitate
3112 2341 3407 2412 corruptio
3432 2342 3731 2401 mortifera

2077 2426 2307 2482 oritur?
2339 2427 2416 2480 Ex
2445 2425 2550 2481 illa
2580 2433 2775 2482 autem
2807 2427 3038 2484 civitate
3087 2429 3201 2484 duo
3249 2430 3335 2485 vel
3388 2433 3495 2485 tria
3546 2429 3731 2485 millia

2077 2514 2508 2588 negotiatorum
2560 2516 2713 2571 240
2762 2516 3071 2571 hominum
3122 2518 3182 2573 in
3227 2518 3358 2573 aliis
3392 2519 3727 2591 regionibus

2077 2605 2318 2677 degunt,
2346 2620 2636 2675 nemoque
2665 2604 2900 2660 illorum
2932 2605 3257 2663 moriatur?
3278 2607 3419 2662 Nam
3456 2609 3501 2662 si
3537 2608 3733 2663 divina

2078 2693 2165 2748 ira
2193 2692 2484 2748 civitatem
2518 2692 2680 2748 illam
2712 2693 3095 2766 impugnavit,
3120 2696 3376 2767 profecto
3404 2697 3531 2750 illos
3555 2698 3731 2753 etiam

2078 2781 2179 2853 qui
2230 2780 2432 2854 procul
2482 2787 2805 2851 morantur,
2860 2782 3008 2838 iram
3076 2782 3417 2855 hujusmodi
3485 2785 3730 2857 experiri

2078 2888 2309 2942 aequum
2359 2874 2501 2936 erat,
2551 2870 2637 2926 vel
2690 2871 2740 2926 si
2790 2888 2905 2927 non
2957 2888 3183 2941 omnes,
3235 2873 3443 2929 saltem
3485 2890 3553 2928 ex
3583 2874 3729 2946 ipsis

2079 2959 2415 3015 nonnullos.
2438 2959 2653 3014 Verum
2686 2977 2759 3015 ne
2789 2960 2861 3016 iis
2892 2961 2991 3033 qui
3017 2962 3129 3017 ista
3160 2969 3449 3033 quaerunt,
3474 2964 3731 3019 occasio-

2080 3064 2213 3103 nem
2244 3048 2642 3119 :przebeamus,
2694 3050 3121 3121 respondemus
3170 3068 3322 3124 saepe
3371 3053 3730 3108 mortiferam

2080 3136 2512 3210 corruptionem
2546 3154 2615 3193 ex
2644 3139 2739 3194 Dei
2773 3139 3231 3197 comminatione
3261 3140 3422 3207 oriri,
3456 3158 3732 3197 nonnun-

317 3203 534 3284 λοιπῶν
569 3203 779 3299 αἰτιῶν,
811 3232 884 3284 ὢν
944 3232 1348 3304 προειρήκαμεν
1406 3203 1557 3301 (43),¹
1590 3231 1724 3305 ἅπερ
1774 3230 1848 3290 ὡς
1880 3228 1967 3284 ἐπὶ

2094 3244 2257 3299 quam
2290 3244 2421 3282 vero
2452 3244 2645 3283 aerem
2676 3227 2943 3300 aliasque
2976 3246 3186 3287 causas
3217 3230 3451 3291 habere.
3487 3247 3636 3302 quas,
3668 3235 3735 3286 ut

318 3321 378 3374 τὸ
437 3312 694 3374 πλεῖστον
762 3320 848 3374 καὶ
908 3318 1251 3397 καταφθείρει
1311 3319 1375 3373 τὰ
1430 3322 1619 3389 νήπια,
1679 3318 1753 3380 ὡς
1814 3318 1967 3372 ἀσθε-

316 3408 562 3482 νέστερα.
615 3407 767 3477 Πλήν
827 3408 917 3463 καὶ
973 3413 1081 3463 τῶν
1138 3407 1308 3482 ἀέρων
1368 3408 1457 3462 καὶ
1513 3412 1618 3462 τῶν
1674 3406 1969 3480 ἀναθυμιά-

320 3517 460 3551 σεων
507 3500 746 3566 ποιητής
795 3496 936 3552 ἐστιν
989 3499 1017 3552 6
1065 3498 1192 3559 Θεὸς
1250 3498 1277 3551 6
1338 3496 1525 3551 εἰπών·
1584 3520 1614 3546 ‹‹
1673 3496 1815 3571 Οὐχὶ
1874 3494 1969 3550 δύο
2020 3562 2025 3567 ρ

322 3585 582 3660 στρουθία
637 3584 895 3660 ἀσσαρίου
953 3585 1258 3653 πωλεῖται,
1318 3586 1406 3639 καὶ
1462 3584 1512 3639 ἔν
1575 3584 1623 3658 ἐξ
1678 3584 1849 3639 αὐτῶν
1907 3584 1970 3639 οὐ

320 3681 563 3729 πεσεῖται
617 3673 703 3728 ἐπὶ
751 3681 849 3743 τῆς
895 3681 995 3750 γῆς
1040 3671 1162 3729 ἄνευ
1218 3678 1314 3729 τοῦ
1368 3673 1575 3750 Πατρός
1628 3695 1731 3746 μου
1778 3678 1873 3729 τοῦ
1916 3673 1968 3727 ἐν

322 3764 615 3839 οὐρανοῖς;
649 3763 800 3835 ὑμῶν
835 3761 893 3818 δὲ
922 3764 1010 3818 καὶ
1043 3764 1094 3817 αἱ
1126 3762 1313 3839 τρίχες
1358 3770 1458 3833 τῆς
1510 3761 1751 3841 κεφαλῆς
1806 3768 1971 3818 πᾶσαι

321 3854 538 3927 ήριθμη
550 3850 701 3923 μέναι
736 3852 855 3908 εἶσί.
891 3875 919 3905 ››

397 3943 591 4015 Ἐρώτ.
630 3938 725 4014 ρδ’.
760 3945 897 4016 ’Δρα
929 3938 987 3996 δὲ
1011 3939 1311 4020 ἀφελεῖται,
1345 3943 1379 4010 ἢ
1434 3939 1722 4018 λυτροῦται
1775 3942 1834 3996 ἐκ
1880 3942 1972 3995 θα-

318 4035 545 4085 νατικοῦ
576 4030 681 4085 ἀπὸ
712 4028 927 4091 πόλεως
961 4030 1034 4091 εἷς
1064 4029 1242 4100 ἄλλην
1276 4031 1487 4109 φεύγων
1520 4032 1738 4107 χώραν;

395 4120 584 4177 Ἀπόκ.
619 4124 722 4173 Τοῦ
772 4121 1067 4196 Προφήτου
1112 4120 1247 4191 πρὸς
1290 4121 1414 4174 Θεὸν
1469 4118 1744 4194 λέγοντος·
1806 4142 1833 4174 ι
1862 4123 1973 4173 Ποῦ

320 4211 573 4283 πορευθῶ
604 4208 712 4263 ἀπὸ
760 4212 859 4263 τοῦ
905 4207 1207 4281 πνεύματός
1260 4230 1358 4263 σου
1384 4228 1396 4277 ;
1429 4208 1519 4263 καὶ
1545 4208 1650 4263 ἀπὸ
1678 4213 1775 4263 τοῦ
1806 4229 1973 4283 προσ-

323 4298 481 4352 ώπου
539 4318 635 4353 σου
694 4302 798 4352 ποῖ’)
829 4297 1019 4375 φύγωι
1084 4321 1112 4348 ››
1171 4294 1401 4369 εὔδηλον
1468 4298 1562 4370 μὲν
1612 4295 1694 4352 ὅτι
1724 4298 1815 4352 τὸν
1846 4297 1971 4352 Θεὸν

322 4386 571 4463 ἐκφυγεῖν
602 4384 780 4449 οὐδεὶς
832 4384 1072 4443 δύναται.
1106 4387 1169 4443 Εἰ
1204 4384 1261 4441 δὲ
1294 4388 1397 4463 ἀήρ
1443 4408 1547 4453 τις,
1578 4387 1613 4456 ἢ
1660 4386 1805 4457 ἄλλη
1862 4385 1975 4441 κτί-

324 4496 531 4548 σματος
585 4474 733 4530 αίτία
789 4475 927 4531 ἐστὶν
980 4478 1013 4545 ἡ
1071 4476 1133 4531 τὸ
1194 4476 1445 4549 λοιμικὸν
1503 4478 1797 4548 ποιήσασα,
1846 4472 1974 4537 ἴσως

325 4564 577 4642 ἐκφεύγει
610 4563 801 4637 αὐτὴν,
853 4565 927 4625 εἰς
959 4566 1140 4640 ἑτέραν
1176 4564 1361 4641 χώραν
1400 4560 1655 4637 μεταϐάς.

402 4654 595 4726 Ἐρὼτ.
632 4661 720 4726 ρε’.
754 4653 921 4709 Πόθεν
980 4654 1195 4729 ὁρῶμέν
1243 4675 1388 4715 τινας
1441 4656 1532 4727 μὲν
1578 4652 1818 4717 δικαίους
1875 4658 1978 4729 ψυ-

324 4746 722 4817 χομαχοῦντας
781 4742 869 4796 ἐπὶ
918 4743 1126 4815 ἡμέρας
1174 4742 1261 4797 καὶ
1311 4740 1692 4817 κρινομένους·
1738 4743 1888 4805 τινὰς
1922 4741 1979 4798 δὲ

322 4831 693 4906 ἁμαρτωλοὺς
753 4830 1042 4905 εἴρηνικῶς
1110 4832 1197 4885 καὶ
1276 4831 1552 4905 συντόμως
1608 4834 1977 4903 ἀποθνήσκον-

320 4941 419 4981 τας
449 4922 563 4989 (44)
592 4938 606 4989 ;

399 5008 591 5065 Ἀπόκ.
653 5009 833 5063 Πάντα
904 5008 969 5063 τὰ
1024 5009 1261 5083 κρίματα
1334 5014 1431 5064 τοῦ
1506 5008 1639 5065 Θεοῦ
1696 5011 1980 5085 γινώσκειν

327 5098 426 5169 μὲν
487 5095 747 5152 ἀδύνατόν
808 5097 940 5168 ἐστι,
976 5098 1064 5154 καὶ
1106 5097 1195 5154 διὰ
1219 5103 1380 5155 τοῦτο
1410 5098 1574 5155 καλὸν
1608 5099 1840 5176 ὕπάρχει
1900 5101 1977 5173 μὴ

398 5280 444 5315 ⁸³
472 5280 676 5335 Matth.
705 5297 856 5347 xxvx,
887 5281 976 5336 24.
1052 5282 1099 5317 ⁸³
1130 5281 1336 5337 Matth.
1371 5299 1487 5348 xxx,
1522 5283 1608 5336 12.

396 5450 516 5540 (42)
550 5452 634 5506 Ita
665 5466 810 5505 mss.
844 5449 992 5504 Editi
1026 5465 1182 5518 vero,
1228 5447 1632 5527 πολλοιόχλοις
1680 5448 1769 5505 καὶ
1810 5450 1983 5507 πολυ-

334 5541 641 5671 Ϊιίξῗὲδςὶια
672 5591 1091 5671 ωιιιιιλεοιιξρῑὶἒ
1115 5593 1267 5671 Editi
1296 5611 1450 5664 vero,
1485 5593 1535 5665 ἐξ
1568 5592 1795 5671 ἄστρων.
1830 5596 1987 5651 Infra

331 5662 535 5732 iidem,
569 5662 787 5741 φθοραί.
820 5662 995 5732 Editi,
1030 5663 1221 5739 φθορά.

2010 4573 2057 4637 D

1685 5282 1731 5318 ⁸⁸
1760 5282 1965 5339 Matth.
1998 5299 2055 5352 κ,
2086 5282 2178 5351 29,
2210 5282 2298 5337 30.

2079 3316 3311 3389 plurimum,infantesutpoteimbecilliores
3326 3320 3731 3391 exstinguunt.

2078 3406 2498 3462 Verumtamen
2533 3410 2589 3462 et
2617 3406 2768 3463 aeris
2800 3410 2858 3463 et
2905 3407 3343 3465 exhalationum
3394 3414 3597 3464 auctor
3647 3413 3737 3465 est

2084 3496 2235 3551 Deus
2283 3496 2384 3568 qui
2421 3495 2522 3561 ait,
2564 3519 2583 3545 ι
2620 3495 2822 3551 Nonne
2852 3496 2969 3552 duo
3002 3514 3271 3569 passeres
3300 3515 3430 3554 asse
3463 3503 3734 3567 veneunt,

2080 3590 2137 3641 et
2167 3602 2321 3640 unus
2352 3600 2421 3640 ex
2450 3584 2569 3640 illis
2600 3602 2715 3641 non
2750 3587 2919 3641 cadet
2950 3603 3131 3659 super
3161 3592 3374 3642 terram
3413 3588 3538 3641 sine
3574 3589 3735 3642 Patre

2080 3677 2273 3730 vestro
2307 3674 2409 3745 qui
2437 3674 2493 3729 in
2527 3674 2685 3730 ccelis
2716 3676 3043 3732 est?vestri
3075 3680 3271 3731 autem
3304 3675 3499 3746 capilli
3529 3674 3736 3746 capitis

2081 3779 2286 3819 omnes
2317 3764 2609 3820 numerati
2645 3768 2785 3819 sunt
2814 3766 2884 3821 ⁶⁴.
2920 3787 2947 3813 ››

2153 3943 2378 4006 Qwesr.
2414 3940 2551 3997 CIV.
2586 3940 2737 3996 Num
2770 3942 2870 4013 qui
2904 3958 2971 3996 ex
3001 3942 3229 3998 civitate
3260 3942 3319 3997 in
3365 3944 3537 4002 aliam
3587 3944 3736 4016 fugit

2084 4030 2403 4102 regionem,
2437 4030 2714 4085 eximitur
2742 4046 2810 4084 ex
2842 4031 3139 4087 mortifera
3167 4033 3577 4104 corruptione?

2155 4120 2323 4173 Raso.
2355 4122 2496 4173 Cum
2530 4119 2817 4191 PrOpheta
2848 4121 2918 4175 ad
2953 4120 3137 4176 Deum
3170 4122 3344 4189 dicat,
3372 4126 3543 4189 «Quo
3575 4123 3668 4178 ibo
3700 4139 3735 4177 a

2085 4207 2294 4279 spiritu
2328 4212 2451 4277 tuo,
2484 4213 2542 4263 et
2572 4225 2686 4279 quo
2720 4225 2753 4263 a
2784 4209 2933 4265 facte
2963 4213 3066 4265 tua
3098 4210 3319 4282 fugiam
3352 4212 3439 4266 ‘5?
3472 4234 3500 4260 ››
3552 4212 3737 4281 liquet

2086 4297 2380 4354 neminem
2417 4299 2596 4353 Deum
2627 4314 2799 4369 posse
2829 4299 3100 4371 effugere.
3133 4303 3203 4354 At
3247 4300 3296 4356 si
3346 4315 3444 4355 aer
3488 4300 3577 4356 vel
3625 4299 3739 4355 alia

2086 4404 2178 4444 res
2210 4391 2403 4443 creata
2432 4403 2612 4442 causa
2641 4392 2732 4443 est
2762 4387 3183 4461 corruptionis,
3218 4388 3364 4445 forte
3388 4389 3576 4461 ipsam
3600 4390 3737 4445 effu-

2085 4476 2222 4549 giet,
2258 4476 2307 4532 si
2338 4476 2395 4531 in
2429 4475 2605 4532 aliam
2639 4480 2898 4533 transeat
2931 4478 3277 4550 regionem;

2159 4653 2812 4719 QUEST.CV.Undenam
2835 4655 3102 4712 videmus
3126 4656 3321 4727 justos
3354 4656 3585 4728 aliquos
3617 4656 3740 4712 diu-

2086 4744 2206 4800 tius
2238 4745 2294 4799 in
2323 4743 2725 4800 extremovita:
2756 4744 2942 4800 halitu
2974 4745 3171 4801 anima
3200 4761 3464 4819 pugnare
3495 4749 3553 4801 et
3573 4745 3737 4816 judi-

2088 4834 2206 4889 cari
2234 4852 2246 4902 ;
2280 4838 2482 4889 contra
2511 4837 2727 4901 autem,
2761 4837 3093 4906 peccatores
3122 4834 3419 4890 interdum
3455 4835 3649 4908 quiete
3680 4839 3739 4891 et

2088 4923 2203 4979 cito
2237 4923 2385 4977 mori
2408 4922 2435 4977 ?

2160 5012 2331 5067 RESP.
2366 5010 2572 5067 Omnia
2602 5010 2839 5083 quidem
2882 5012 2977 5068 Dei
3020 5012 3250 5085 judicia
3296 5014 3570 5086 cognosci
3618 5030 3735 5070 non

2090 5104 2362 5174 possunt,
2412 5099 2659 5172 ideoque
2707 5117 2813 5156 nec
2859 5118 2965 5158 nos
3012 5100 3133 5158 hinc
3177 5102 3406 5159 curiose
3438 5103 3736 5176 inquirere

2376 5281 2421 5316 “
2450 5280 2603 5337 Psal.
2634 5296 2870 5354 cxxxm,
2894 5283 2947 5338 6.

2165 5452 2277 5524 (43)
2312 5452 2395 5527 Ila
2428 5467 2569 5527 mss.
2631 5450 2785 5527 Editi
2838 5468 2993 5527 vero,
3034 5453 3157 5527 κατ’
3212 5451 3448 5527 ἀστέρων
3503 5452 3746 5527 καὶ-τῷν

2095 5520 2305 5577 λοιπῶν
2338 5522 2523 5599 αἰτιῷν
2554 5522 2870 5599 προφάσεις,
2904 5524 2994 5575 ὧν.
3033 5524 3188 5581 Infra
3230 5520 3367 5581 item
3402 5525 3564 5593 editi,
3599 5520 3747 5576 ἀστέ-

2099 5615 2226 5668 ρων,
2262 5612 2429 5662 mss.,
2463 5594 2656 5668 ἀέρων.

2168 5669 2280 5739 (44)
2322 5668 2459 5739 Reg.
2492 5663 2548 5732 2,
2580 5663 2924 5727 ἐκπνέοντας.
