4072 6210
267 348 383 406 663

1440 349 1504 412 S.
1553 355 1758 413 ATHA
1777 353 2079 413 NASIUS.
2107 384 2183 395 —
2203 351 2426 412 SPURI
2444 357 2511 410 Α.

3475 0 3644 78 ημῇ

2113 0 2358 192 ἶ

3571 349 3692 408 6154

275 482 437 535 decet
472 499 484 535 :
520 479 564 536 si
601 481 739 552 quid
804 489 998 537 tamen
1032 484 1354 553 conjectere
1386 487 1928 555 valemus,respon-

2057 479 2518 556 πολυπραγμονεῖν
2570 483 2718 552 ἡμᾶς
2765 479 2917 534 αὐτὰ⁹
2971 479 3125 551 ὅμως
3169 475 3226 533 δὲ
3273 476 3364 532 καὶ
3423 480 3691 554 στοχαζό-

277 571 482 624 demus
514 571 638 640 pios
668 571 821 625 viros
848 571 932 626 vel
968 578 1102 626 ante
1134 579 1377 628 mortem
1401 573 1486 628 vel
1511 574 1564 627 in
1601 579 1786 628 morte
1803 589 1928 626 cru-

274 659 438 724 ciari,
473 665 535 713 ut
566 677 691 724 nos,
726 661 823 730 qui
856 677 920 715 ea
951 661 1276 732 videamus,
1300 662 1614 718 timeamus
1644 665 1700 716 et
1729 676 1927 716 emen-

273 746 502 800 demur.
539 748 825 802 Fortassis
858 755 1050 802 autem
1103 751 1312 814 sancti,
1365 755 1430 804 ut
1474 750 1764 812 homines,
1820 749 1923 801 levi

274 833 469 904 aliquo
519 837 746 890 defectu
781 837 1091 908 inquinati,
1125 839 1464 910 hujusmodi
1497 838 1782 902 cruciatu,
1812 854 1928 908 quo

275 922 334 976 in
368 930 554 978 morte
579 926 941 993 afficiuntur,
965 927 1215 997 perfecte
1245 927 1498 999 purgati,
1526 926 1654 998 puri
1688 926 1927 981 demum

274 1013 579 1067 decedunt.

349 1193 577 1255 Ουίεετ.
613 1192 748 1247 CVI.
773 1194 960 1255 Quare
992 1193 1282 1261 homines,
1317 1200 1381 1249 ut
1407 1193 1730 1266 plurimum
1765 1199 1935 1249 nocte

283 1286 628 1346 nascuntur,
663 1287 719 1334 et
751 1287 919 1338 nocte
952 1282 1330 1338 moriuntur?

353 1370 524 1424 Rssr.
562 1369 702 1424 Mihi
731 1370 962 1424 videtur
992 1371 1048 1426 id
1084 1371 1212 1426 ideo
1247 1372 1367 1426 ﬁeri
1396 1377 1460 1426 ut
1509 1372 1618 1427 hoc
1667 1369 1932 1441 exemplo

281 1459 550 1513 dicamus
580 1459 950 1514 tenebrosam
982 1476 1111 1515 esse
1146 1461 1443 1530 praesentis
1488 1459 1613 1514 vitae
1663 1459 1932 1514 nativita-

280 1551 400 1600 tem
434 1551 491 1601 et
523 1546 958 1618 dormitionem,
981 1548 1098 1603 sive
1121 1549 1178 1603 in
1209 1549 1358 1604 hanc
1387 1550 1564 1604 vitam
1597 1549 1931 1620 ingressum

285 1638 341 1690 et
371 1635 588 1690 exitum
622 1653 690 1690 ex
719 1637 945 1691 eadem.

363 1726 590 1790 Qums'r.
622 1725 782 1779 CVII.
807 1725 924 1779 Cur
953 1724 1133 1797 aliqui
1165 1725 1482 1782 difﬁculter
1528 1731 1731 1781 contra
1760 1726 1934 1780 forni-

287 1814 534 1868 cationis
565 1814 768 1868 vitium
803 1815 1103 1870 decertant
1135 1833 1146 1869 :
1183 1814 1363 1886 aliqui
1395 1819 1589 1869 autem
1622 1815 1738 1870 fere
1765 1819 1934 1870 natu-

283 1901 483 1956 raliter
512 1902 583 1956 ab
617 1901 957 1972 hujusmodi
992 1903 1289 1959 abstinent
1329 1903 1648 1975 voluptate,
1701 1902 1937 1958 tametsi

283 1991 458 2045 obeso
489 2007 640 2062 sape
670 1998 811 2046 sunt
840 1993 1118 2064 corpore?

357 2079 528 2135 lisse.
555 2080 956 2136 Humanorum
981 2099 1290 2154 corporum
1323 2081 1502 2137 libido
1533 2082 1720 2137 oritur
1752 2081 1837 2135 vel
1869 2097 1938 2135 ex

283 2168 470 2223 calido
501 2169 760 2240 corporis
786 2175 1267 2241 temperamento,
1299 2171 1386 2226 vel
1416 2187 1484 2224 ex
1522 2169 1936 2226 abundantiori

287 2259 438 2321 cibo,
472 2274 681 2313 somno
711 2263 768 2313 et
797 2259 1011 2329 quiete,
1047 2261 1195 2314 forte
1223 2261 1399 2314 etiam
1429 2275 1496 2314 ex
1524 2259 1795 2314 Satanica
1815 2258 1937 2313 ins-

284 2346 584 2418 tigatione.
617 2350 833 2411 Quarta
865 2364 995 2403 vero
1025 2364 1176 2420 saepe
1203 2364 1382 2403 causa
1429 2353 1536 2415 est,
1588 2349 1740 2418 quod
1793 2345 1938 2402 alios

287 2436 767 2491 condemnemus.
789 2436 1000 2501 Quinta
1023 2454 1089 2491 ex
1113 2436 1388 2507 superbia
1416 2437 1620 2503 oritur,
1640 2452 1772 2490 cum
1805 2435 1940 2507 quis

292 2523 519 2578 scilicet
547 2523 894 2579 insolentius
924 2541 985 2579 se
1015 2525 1180 2579 effert
1209 2529 1281 2579 ob
1313 2525 1662 2580 castitatem.
1696 2528 1750 2578 Is
1781 2523 1936 2579 enim

292 2613 496 2668 cadere
528 2613 901 2682 permittitur.
926 2619 988 2668 ut
1006 2630 1107 2685 per
1129 2613 1568 2670 fornicationem
1603 2612 1936 2684 superbiam

293 2702 566 2770 deponat,
584 2707 642 2755 et
670 2703 739 2756 ad
767 2702 1155 2758 humilitatem
1182 2704 1498 2773 perductus
1523 2702 1774 2758 salutem
1807 2718 1939 2756 con-

289 2796 586 2861 sequatur.
639 2791 698 2846 Si
751 2793 906 2846 enim
959 2793 1074 2846 duo
1128 2792 1230 2846 illa
1266 2808 1569 2864 compares
1600 2791 1738 2846 vitia
1768 2796 1938 2845 uatu-

291 2879 428 2936 ralis
459 2879 638 2934 libido
671 2881 930 2950 corporis
963 2879 1140 2934 levior
1173 2887 1261 2935 est
1291 2881 1493 2951 lapsus
1521 2897 1695 2952 quam
1732 2897 1934 2951 super-

287 2971 400 3024 bia.
426 2969 698 3024 Nonnulli
733 2974 928 3023 autem
963 2970 1105 3025 casti
1140 2975 1279 3023 sunt
1298 2969 1382 3024 vel
1415 2971 1566 3042 quod
1593 2986 1624 3025 a
1657 2969 1772 3024 Deo
1805 2986 1934 3040 pro-

287 3063 582 3128 tegantur,
615 3058 702 3112 vel
736 3059 886 3128 quod
926 3059 1120 3126 frigidi
1155 3059 1274 3113 sint
1326 3058 1797 3128 temperamenti,
1846 3058 1933 3113 vel

284 3149 438 3216 quod
492 3146 678 3201 multa
725 3147 1132 3202 exercitatione
1186 3147 1298 3203 sibi
1347 3147 1494 3219 ipsis
1527 3147 1640 3202 vim
1675 3147 1933 3213 fecerint,

285 3252 391 3289 nec
435 3251 790 3304 quemquam
842 3235 1335 3290 condemnaverit.
1385 3237 1548 3302 Quod
1598 3238 1645 3290 si
1698 3235 1934 3306 superbi
1965 3211 2006 3276 ί)

291 3323 472 3393 aliqui
525 3321 646 3376 sint
676 3323 842 3383 casti,
876 3322 1179 3377 sciendum
1211 3328 1300 3378 est
1345 3323 1474 3378 illos
1505 3342 1538 3377 a
1567 3323 1799 3378 diabolo
1833 3340 1935 3378 ne-

284 3412 425 3485 gligi
461 3413 637 3482 quod,
673 3410 796 3465 sola
827 3411 1098 3480 superbia
1132 3428 1243 3482 prae
1277 3412 1408 3466 aliis
1453 3413 1728 3466 omnibus
1781 3413 1934 3466 vitiis

285 3501 538 3556 sufficiat
561 3500 628 3554 ad
656 3498 789 3554 illos
811 3499 1008 3554 aeterni
1033 3499 1302 3570 supplicii
1323 3517 1450 3556 reos
1471 3501 1930 3556 constituendos.

359 3773 586 3836 Quass'r.
620 3769 810 3824 CVIII.
844 3767 1024 3830 Quale
1054 3768 1287 3839 signum
1318 3767 1654 3822 habendum
1696 3772 1785 3821 est
1834 3765 1935 3821 ho-

289 3862 453 3923 mini,
505 3877 576 3916 ne
620 3860 898 3930 deceptus
950 3857 1236 3929 suscipiat
1283 3855 1731 3922 Antichristnm,
1777 3861 1938 3910 ratus

286 3954 577 4008 Christum
613 3949 808 4020 ipsum
841 3948 1012 4002 csse?

360 4043 532 4095 Resp.
561 4041 674 4092 Hoc
708 4037 899 4107 ipsum
932 4037 1081 4107 quod
1119 4036 1286 4090 nobis
1310 4035 1595 4091 Dominus
1628 4034 1718 4089 his
1747 4035 1938 4088 verbis

287 4129 467 4195 dedit,
501 4126 723 4181 scilicet
754 4126 904 4195 quod
931 4148 958 4172 ‹‹
988 4125 1137 4178 sicut
1167 4123 1363 4196 fulgur
1392 4125 1507 4177 exit
1537 4124 1607 4178 ab
1640 4123 1860 4178 oriente
1883 4128 1939 4176 et

289 4221 451 4290 paret
482 4231 666 4286 usque
697 4215 752 4267 in
789 4213 1169 4281 occidentem,
1193 4214 1269 4268 ita
1301 4213 1410 4267 erit
1441 4217 1497 4266 et
1528 4213 1822 4268 secundus
1844 4211 1938 4266 ad-

285 4311 495 4361 ventus
528 4303 650 4358 Filii
685 4302 784 4356 Dei
811 4303 873 4355 “.
907 4326 933 4350 n
979 4303 1124 4357 241
1181 4301 1321 4356 Inde
1367 4301 1653 4356 discimus
1702 4317 1935 4355 omnem

288 4398 598 4449 venturum
633 4390 952 4452 Christum,
984 4390 1078 4455 qui
1113 4405 1228 4443 non
1263 4389 1483 4452 statim,
1518 4391 1717 4443 eadem
1771 4389 1934 4455 hora,

290 4484 345 4537 in
384 4483 656 4537 universo
691 4480 910 4535 mundo
935 4478 1277 4548 reperiatur,
1301 4477 1474 4532 talem
1508 4479 1728 4549 absque
1759 4477 1936 4533 dubio

2040 591 2189 642 μενοι
2249 569 2504 643 λέγομεν⁹
2559 568 2646 623 ὅτι
2703 566 2981 629 πολλάλις
3039 566 3128 622 καὶ
3186 563 3373 642 ἄνδρες
3453 563 3693 629 εὐσεϐεῖς

2041 658 2411 735 βασανίζονται
2444 660 2550 732 πρὸ
2606 657 2833 712 θανάτου
2891 657 2943 711 ἐν
3003 661 3082 728 τῷ
3132 657 3365 730 θανάτῳ·
3409 654 3502 710 ἵνα
3526 658 3694 729 ἡμεῖς

2038 749 2089 802 οἱ
2121 749 2353 821 ὁρῶντες
2386 742 2718 825 φοϐηθῶμεν
2772 747 2861 800 καὶ
2913 746 3394 824 σωφρονισθῶμεν.
3440 747 3598 808 Ἴσως
3633 744 3692 801 δὲ

2037 837 2125 892 καὶ
2188 837 2262 898 ὡς
2339 833 2615 911 ἅνθρωποι
2675 837 2727 890 οἱ
2787 837 2957 910 ἅγιοι,
3031 833 3224 910 μικρόν
3282 855 3340 889 τι
3398 831 3697 908 ἐλάττωμα

2039 925 2282 1002 ἔχοντες,
2317 924 2405 980 διὰ
2433 929 2532 994 τῆς
2562 925 2819 995 τοιαύτης
2852 925 3081 1001 βασάνου
3133 931 3233 992 τῆς
3283 923 3333 977 ἐν
3382 929 3462 996 τῷ
3521 929 3696 998 καιρῷ

2037 1020 2134 1070 τοῦ
2192 1017 2422 1070 θανάτου
2477 1013 2702 1076 τελείως
2764 1014 3112 1068 καθαίοονται
3194 1010 3410 1087 ἄρωμοι
3493 1013 3694 1069 λοιπὸν

2042 1103 2414 1178 ἀπερχόμενοι
2432 1153 2434 1156 ,

2113 1193 2304 1268 Ἐρώτ.
2341 1194 2437 1268 ρς’.
2469 1191 2620 1253 Τίνος
2671 1191 2830 1266 χάριν
2883 1191 2933 1244 οἱ
2984 1188 3206 1252 πλείους
3245 1195 3351 1244 τῶν
3387 1191 3693 1266 ἀνθρώπων

2042 1279 2094 1336 ἐν
2126 1283 2275 1335 νυκτὶ
2304 1281 2600 1351 τίκτονται,
2634 1281 2722 1334 καὶ
2755 1279 2807 1333 ἐν
2837 1279 2986 1334 νυκτὶ
3015 1278 3343 1333 τελευτῶσιν
3372 1297 3386 1346 ;

2113 1370 2305 1425 Ἀπόκ.
2363 1369 2517 1442 Ἐμοὶ
2551 1367 2721 1433 δοκεῖ,
2751 1367 2843 1423 ’ίνα
2873 1369 3128 1441 μάθωμεν
3185 1365 3275 1422 διὰ
3302 1373 3398 1422 τοῦ
3440 1371 3697 1424 τοιούτου

2045 1457 2460 1534 ὑποδείγματος,
2493 1456 2574 1512 ὅτι
2608 1457 2855 1525 σκοτεινὴ
2888 1457 3124 1532 ὑπάρχει
3144 1461 3240 1511 τοῦ
3267 1456 3535 1530 παρόντος
3567 1457 3694 1531 βίου

2041 1547 2132 1602 καὶ
2163 1550 2198 1618 ἡ
2220 1548 2468 1622 γέννησις
2499 1546 2587 1600 καὶ
2619 1549 2653 1615 ἡ
2685 1545 2968 1620 κοίμησις,
3017 1543 3185 1622 ἤγουν
3218 1546 3252 1615 ἡ
3289 1544 3340 1600 ἐν
3368 1545 3515 1618 αὖτῷ
3546 1544 3691 1601 εἴσο-

2044 1633 2136 1698 δος
2167 1637 2255 1691 καὶ
2288 1635 2338 1706 ἐξ
2371 1635 2534 1691 αὐτοῦ
2565 1632 2764 1708 ἔξοδος.

2115 1728 2227 1799 (45)
2258 1725 2450 1802 Ἐρώτ.
2484 1725 2580 1800 ρξ’.
2615 1724 2782 1779 Πόθεν
2833 1725 2969 1786 τινες
3025 1724 3118 1796 μὶν
3179 1723 3442 1799 χαλεπῶς
3505 1723 3581 1785 εἷς
3629 1726 3696 1779 τὸ

2043 1816 2214 1878 πάθος
2247 1821 2344 1883 τῆς
2398 1813 2650 1888 πορνείας
2708 1813 3100 1885 πολεμοῦνται·
3158 1813 3299 1875 τινὲς
3347 1810 3405 1868 δὲ
3451 1818 3693 1890 φυσικῶς

2048 1901 2240 1978 σχεδὸν
2274 1910 2373 1972 τῆς
2403 1903 2659 1972 τοιαύτης
2689 1899 2890 1972 ἡδονῆς
2915 1902 3234 1976 ἀπέχονται,
3256 1902 3446 1977 καίπερ
3477 1900 3693 1957 πολλά-

2045 2014 2129 2054 κις
2163 1991 2498 2066 περιπληθὶς
2532 1997 2688 2065 σῶμα
2720 1991 3122 2066 περικείμενοις

2118 2081 2308 2138 Ἀπόκ.
2340 2083 2402 2138 Ἡ
2434 2086 2540 2136 τῶν
2603 2082 2868 2153 σωμάτων
2929 2085 3036 2134 τῶν
3097 2081 3395 2156 ἀνθρώπων
3431 2079 3696 2153 ἐπιθυμία

2047 2169 2249 2245 γίνεται
2298 2171 2333 2239 ἢ
2395 2169 2455 2224 ἐκ
2502 2177 2710 2245 θερμῆς
2759 2171 3000 2245 κράσεως
3047 2173 3144 2224 τοῦ
3214 2170 3488 2241 σώματος,
3537 2171 3572 2238 ἢ
3637 2168 3698 2224 ἐκ

2046 2257 2369 2335 πλειοτὲρας
2419 2265 2627 2336 τροφῆς
2683 2259 2773 2312 καὶ
2827 2257 2996 2312 ὕπνου
3043 2258 3133 2312 καὶ
3166 2259 3412 2318 ἀνέσεως·
3440 2255 3579 2318 ’ίσως
3639 2255 3699 2312 δὲ

2045 2348 2136 2402 καὶ
2194 2346 2246 2418 ἐξ
2304 2346 2568 2423 ἐνεργείας
2620 2354 2930 2416 σατανικῆς·
2988 2349 3243 2421 τέταρτον
3310 2344 3366 2400 δὲ
3420 2344 3698 2407 πολλάκις

2045 2437 2134 2490 καὶ
2207 2435 2267 2491 ἐκ
2333 2441 2428 2491 τοῦ
2492 2435 2826 2512 κατακρίνειν
2894 2435 3128 2510 ἑτέρως’
3193 2435 3442 2508 πέμπτον
3491 2435 3584 2489 καὶ
3645 2435 3698 2505 ἐξ

2049 2524 2527 2602 ὑψηλοφροσῦνης,
2614 2523 2738 2578 ὅταν
2822 2545 2904 2585 τις
2994 2523 3381 2601 μεγαλοφρονῇ
3458 2522 3544 2577 ἐπὶ

2047 2614 2238 2668 ἑαυτοῦ
2271 2615 2470 2688 ἁγνείᾳ·
2505 2614 2533 2668 ὁ
2578 2614 2682 2688 γὰρ
2734 2617 2980 2674 τοιοῦτος
3028 2617 3438 2689 παραχωρεῖται
3489 2617 3695 2681 πεσεῖν,

2047 2701 2197 2763 ὅπως
2257 2699 2345 2756 διὰ
2381 2709 2480 2770 τῆς
2535 2702 2786 2774 πορνείας
2836 2702 3130 2756 ἀπωθεῖται
3169 2702 3268 2770 τήν
3303 2701 3694 2778 ὑπερηφανίαν,

2047 2789 2134 2843 καὶ
2211 2787 2503 2865 ὁδηγηθεὶς
2581 2789 2654 2850 εἰς
2744 2785 3174 2866 ταπειφροσῦνην
3254 2789 3503 2862 τεύξηται
3592 2796 3694 2859 τῆς

2047 2879 2334 2951 σωτηρίας·
2397 2878 2448 2934 ἐν
2506 2879 2607 2954 γάρ
2655 2879 2924 2954 συγκρίσει
2996 2876 3092 2934 δύο
3139 2883 3316 2934 κακῶν
3363 2877 3693 2956 κουφότερον

2049 2967 2278 3043 ὑπάρχει
2354 2968 2497 3042 παρᾶ
2562 2969 2660 3036 τὴν
2742 2967 3104 3046 ὑπερηφανίαν
3166 2973 3409 3039 πταῖσμα
3465 2968 3499 3036 ἠ
3559 2969 3696 3021 κατὰ

2045 3061 2204 3129 σῶμα
2261 3057 2457 3134 φυσικὴ
2517 3055 2798 3129 ἐπιθυμία.
2858 3056 3170 3130 Ἀγνεύουσι
3231 3053 3289 3110 δὲ
3337 3077 3472 3117 τινες
3519 3057 3555 3125 ἢ
3590 3057 3695 3110 ὑπὸ

2045 3149 2179 3200 Θεοῦ
2232 3145 2580 3218 σκεπόμενοι,
2624 3146 2658 3214 ἢ
2710 3149 2926 3221 ψυχρᾶς
2971 3167 3116 3207 τινος
3169 3145 3502 3222 ὑπάρχοντες
3561 3146 3693 3219 κρά-

2045 3255 2202 3301 σεως,
2233 3235 2268 3303 ἢ
2313 3232 2399 3289 διὰ
2451 3233 2669 3303 πολλῆς
2720 3235 3020 3305 ἀσκήσεως,
3082 3234 3301 3296 ἑαυτοὺς
3353 3233 3692 3310 βιαζόμενοι,

2044 3322 2133 3377 καί
2185 3344 2304 3378 τινα
2337 3325 2410 3396 μή
2440 3323 2868 3399 κατακρίνοντες.
2904 3323 2967 3379 Εἰ
3001 3321 3059 3378 δὲ
3088 3323 3176 3376 καί
3221 3344 3362 3384 τινες
3413 3323 3693 3400 ὑπερηφα-

2043 3411 2156 3465 νίαν
2190 3410 2408 3486 ἔχοντες
2440 3412 2740 3487 ἁγνεύουσι,
2771 3412 2883 3487 χρὴ
2914 3413 3199 3487 γινώσκειν
3226 3412 3354 3474 τοὺς
3383 3411 3690 3484 τοιούτους,

2043 3501 2127 3555 ’ὁτι
2176 3521 2275 3576 περ
2336 3499 2438 3555 ὑπό
2469 3505 2566 3554 τοῦ
2625 3495 2886 3555 ὃιαόόλου
2945 3503 3446 3574 κατεφρονήθησαν,
3501 3500 3693 3570 ίκανῆς

2046 3588 2216 3658 οὔσης
2246 3596 2346 3658 τῆς
2395 3589 2764 3666 ὑπερηφανίας
2815 3589 2943 3663 ὑπὲρ
2995 3587 3096 3644 δλα
3144 3590 3210 3643 τὰ
3256 3591 3400 3658 πάθη
3463 3588 3694 3665 ἐνόχους

2048 3677 2238 3739 αὐτοὺς
2267 3684 2491 3747 ποιῆσαι
2522 3685 2620 3746 τῆς
2651 3676 2876 3732 αἰωνίου
2906 3675 3205 3740 κολάσεως.

2117 3768 2307 3841 Ἑρώτ.
2347 3769 2450 3842 ρη’.
2483 3772 2644 3821 Ποῖον
2680 3771 2905 3839 σημεῖον
2941 3765 3147 3843 ὀφείλει
3179 3787 3392 3841 κρατειν
3424 3768 3452 3822 ὁ
3485 3763 3694 3840 ἄνθρωο

2045 3877 2168 3924 πος,
2205 3853 2287 3910 ‘i'va
2321 3857 2395 3928 μή
2430 3855 2684 3929 πλανηθῇ
2733 3855 2820 3910 καὶ
2882 3853 3096 3926 δέξηται
3141 3856 3230 3909 τὸν
3289 3855 3693 3931 Ἀντίχριστον,

2045 3945 2284 4016 νομίζων
2318 3945 2400 4000 ὅτι
2459 3946 2487 3999 ὁ
2521 3944 2748 4018 Χριστός
2782 3943 2959 4012 ἐστινς

2116 4038 2301 4090 Ἀποκ.
2333 4037 2501 4109 Ὅπερ
2535 4034 2561 4086 ὁ
2597 4033 2791 4108 Κύριος
2840 4035 2975 4106 ’ἓμῖν
3026 4030 3336 4107 παρέδωκεν
3369 4032 3561 4102 εἲπὼν,
3611 4033 3695 4090 ὅτι

2047 4148 2074 4174 ‹‹
2122 4120 2302 4198 ὣσπερ
2360 4125 2394 4191 ἡ
2457 4123 2700 4196 ἀστραπή
2752 4121 3024 4196 ἐξερχεται
3084 4121 3190 4176 ἀπὸ
3247 4122 3546 4193 άνατοΑῶν,
3605 4124 3697 4178 καὶ

2047 4214 2288 4290 φαίνεται
2343 4208 2448 4272 ἕως
2506 4209 2748 4282 δυσμῶν,
2809 4210 2983 4271 οὕτως
3043 4208 3187 4266 ἔσται
3247 4212 3336 4265 καὶ
3397 4214 3432 4280 ἡ
3475 4209 3700 4290 δευτέρα

2045 4299 2312 4374 παρουσία
2365 4304 2462 4353 τοῦ
2519 4300 2646 4353 Υἱοῦ
2695 4303 2791 4353 τοῦ
2841 4303 2993 4356 Θεοῦ.
3047 4323 3073 4348 ››
3124 4301 3277 4353 Ὅθεν
3333 4300 3696 4372 μανθάνομεν,

2047 4388 2129 4443 ὅτι
2169 4395 2272 4449 πᾶς
2304 4388 2532 4464 Χρισαὸς
2567 4387 2889 4464 ἐρχόμενος,
2922 4388 3010 4441 καὶ
3048 4389 3122 4460 μὴ
3169 4387 3413 4465 ἐξαίφνης
3465 4389 3517 4443 ἐν
3579 4388 3698 4462 ὅλῳ

2043 4482 2123 4546 τῷ
2177 4477 2368 4548 κόσμῳ
2421 4477 2472 4530 ἐν
2524 4482 2620 4548 μιᾷ
2669 4474 2783 4551 ὣρᾳ
2833 4476 3212 4549 εὑρισκόμενος
3261 4481 3396 4550 (46),
3443 4484 3695 4541 τοιοῦτος

289 4570 711 4626 Antichristum
760 4586 906 4624 esse.
959 4567 1103 4621 Nam
1156 4566 1212 4619 in
1267 4566 1524 4620 secundo
1573 4567 1784 4620 Christi
1837 4567 1932 4622 a’d-

2057 4561 2439 4642 ἆναμφιϐνῖλως
2474 4565 2846 4641 Ἀντίχριστὸς
2891 4565 3052 4619 ἐστιν.
3107 4565 3227 4621 Ἑπὲ
3279 4567 3382 4642 γὰρ
3427 4573 3528 4635 τῆς
3577 4565 3694 4622 δευ-

290 4664 464 4713 ventu
512 4673 682 4712 omne
731 4674 918 4725 genus
970 4654 1274 4709 hominum
1310 4653 1485 4708 simul
1519 4656 1842 4720 conveniet,
1875 4658 1933 4710 in

295 4749 468 4818 cujus
491 4747 682 4802 medio
713 4745 979 4799 Christus
1018 4744 1089 4799 ab
1121 4742 1393 4798 omnibus
1425 4743 1838 4813 conspicietur.

363 4926 586 4989 Qums'r.
621 4925 751 4979 CIX.
787 4923 1080 4978 Verumne
1129 4927 1213 4976 est
1264 4939 1331 4976 ex
1387 4921 1628 4993 {Egypto
1676 4921 1937 4992 proditu-

291 5031 422 5070 rum
442 5012 1248 5083 Antichristum,signumque
1267 5009 1496 5080 aliquod
1523 5010 1576 5062 in
1599 5026 1714 5065 una
1739 5026 1937 5075 manu,

288 5121 475 5160 unove
505 5103 672 5159 oculo
705 5102 1040 5156 habiturum
1065 5100 1092 5154 ?

358 5198 527 5249 Rsss.
579 5192 708 5247 Haec
757 5190 955 5246 omnia
1023 5188 1207 5244 aniles
1276 5194 1416 5244 sunt
1483 5189 1714 5246 fabulae.
1775 5189 1940 5244 Anti-

354 5364 398 5403 ⁶⁶
430 5362 633 5420 Matth.
667 5375 822 5432 XXIV,
852 5359 942 5415 27.

356 5525 467 5594 (45)
524 5521 776 5594 Quaestio
836 5519 935 5576 106
992 5518 1132 5588 (jam
1184 5516 1522 5594 107)__abest
1559 5534 1592 5572 a
1639 5519 1934 5575 veterinus

285 5590 459 5651 aditis
491 5594 732 5662 Latinis,
766 5593 1024 5662 itemque
1055 5593 1260 5662 quaest.
1298 5590 1417 5643 108.

363 5668 476 5737 (46)
524 5671 643 5722 Duo
693 5657 861 5734 mss,
915 5657 967 5714 ἔν
1031 5657 1128 5732 μιᾷ
1173 5658 1288 5735 ὥρᾳ
1337 5681 1450 5736 φαι.
1499 5660 1671 5730 Editi,
1724 5657 1774 5714 ἐν
1838 5661 1935 5736 μίᾷ

2043 4653 2198 4729 τέρας
2247 4654 2542 4729 παρουσίας
2593 4659 2690 4708 τοῦ
2737 4656 2972 4726 Χριστοῦ
3012 4660 3153 4708 πᾶσα
3182 4655 3216 4722 ἠ
3249 4654 3609 4730 ἀνθρωπότης
3644 4656 3693 4710 ἐν

2047 4747 2125 4813 τῷ
2156 4745 2269 4814 ἅμα
2296 4743 2616 4816 εὗρίτκεται,
2646 4743 2735 4797 καὶ
2767 4741 2818 4797 ἐν
2855 4743 3002 4815 μὲσῳ
3032 4741 3200 4812 αὐτῆς
3233 4745 3261 4796 ὁ
3312 4745 3541 4818 Χριστὸς
3591 4746 3697 4800 υπὸ

2047 4833 2260 4886 πάντων
2295 4833 2405 4908 ὀρώ
2415 4853 2588 4904 μενος.

2122 4922 2312 4995 Ἐρώτ.
2349 4933 2432 4994 pi).
2462 4920 2692 4990 Ἀληθὶς
2726 4919 2803 4988 δὲ,
2837 4919 2918 4975 ὅτι
2950 4919 2999 4993 ἐξ
3031 4919 3314 4994 Αἰγύπτου
3358 4921 3633 4999 ἐξέρχεται
3668 4925 3696 4978 ὁ

2051 5010 2451 5086 Ἀντίχριστος,
2485 5010 2571 5063 καὶ
2603 5008 2824 5081 σημεῖόν
2858 5030 2909 5062 τι
2942 5007 2994 5062 ἐν
3019 5012 3088 5082 τῇ
3119 5009 3267 5085 χειρὶ
3296 5012 3408 5083 (47)
3457 5016 3526 5085 τῇ
3576 5018 3695 5085 μιᾷ,

2049 5098 2137 5153 καὶ
2172 5098 2221 5153 ἐν
2252 5103 2331 5170 τῖμ
2363 5097 2633 5174 ὀφθαλμῷ
2658 5097 2738 5170 τῷ
2770 5098 2845 5151 ἑνὶ
2877 5098 3128 5168 κέκτηται
3156 5118 3169 5165 ;

2123 5187 2314 5243 Ἀπόκ.
2368 5185 2547 5241 Πάντα
2591 5191 2758 5241 ταῦτα
2804 5183 3072 5262 γραώδεις
3124 5186 3286 5260 μῦθοί
3315 5186 3468 5246 εἰσιν.
3498 5190 3561 5246 Ὀ
3591 5190 3697 5266 γὰρ

2256 5591 2392 5667 Cod.
2430 5609 2603 5658 unus,
2639 5587 2789 5646 οὐδὲν
2823 5596 3050 5664 σημεῖον
3084 5591 3135 5645 ἐν
3167 5596 3248 5664 τῷ
3278 5593 3540 5667 μετώπῳ,
3561 5593 3691 5651 ἀλλ’

2042 5661 2093 5717 ἐν
2125 5665 2192 5736 τῇ
2220 5664 2392 5740 χειρί.
