  <div class='ocr_page' id='page_1' title='image "/cluster/home/n/w/nwhite01/storage/ocr_20150623/28/hvd.32044052794351/339.png"; bbox 0 0 2036 3105; ppageno 0'>
   <div class='ocr_carea' id='block_1_1' title="bbox 182 181 239 212">
    <p class='ocr_par' dir='ltr' id='par_1_1' title="bbox 182 181 239 212">
     <span class='ocr_line' id='line_1_1' title="bbox 182 181 239 212; baseline 0 -1"><span class='ocrx_word' id='word_1_1' title='bbox 182 181 239 212; x_wconf 84' lang='lat'><strong>667</strong></span> 
     </span>
    </p>
   </div>
   <div class='ocr_carea' id='block_1_2' title="bbox 768 183 1309 220">
    <p class='ocr_par' dir='ltr' id='par_1_2' title="bbox 768 183 1309 220">
     <span class='ocr_line' id='line_1_2' title="bbox 768 183 1309 220; baseline 0.002 -6"><span class='ocrx_word' id='word_1_2' title='bbox 768 184 800 214; x_wconf 89' lang='lat' dir='ltr'>S.</span> <span class='ocrx_word' id='word_1_3' title='bbox 826 183 1085 220; x_wconf 69' lang='lat' dir='ltr'><strong>A’I‘HANASIUS.</strong></span> <span class='ocrx_word' id='word_1_4' title='bbox 1103 201 1142 206; x_wconf 98' lang='lat'><strong>—</strong></span> <span class='ocrx_word' id='word_1_5' title='bbox 1155 184 1309 216; x_wconf 83' lang='lat' dir='ltr'><strong>SPURIA.</strong></span> 
     </span>
    </p>
   </div>
   <div class='ocr_carea' id='block_1_3' title="bbox 1827 184 1887 215">
    <p class='ocr_par' dir='ltr' id='par_1_3' title="bbox 1827 184 1887 215">
     <span class='ocr_line' id='line_1_3' title="bbox 1827 184 1887 215; baseline 0 -1"><span class='ocrx_word' id='word_1_6' title='bbox 1827 184 1887 215; x_wconf 84' lang='lat'><strong>668</strong></span> 
     </span>
    </p>
   </div>
   <div class='ocr_carea' id='block_1_4' title="bbox 184 247 1012 289">
    <p class='ocr_par' dir='ltr' id='par_1_4' title="bbox 184 247 1005 285">
     <span class='ocr_line' id='line_1_4' title="bbox 184 247 1005 285; baseline 0.002 -10"><span class='ocrx_word' id='word_1_7' title='bbox 184 247 289 276; x_wconf 80' lang='lat' dir='ltr'><strong>Filium</strong></span> <span class='ocrx_word' id='word_1_8' title='bbox 305 251 334 276; x_wconf 89' lang='lat' dir='ltr'><strong>et</strong></span> <span class='ocrx_word' id='word_1_9' title='bbox 348 248 488 285; x_wconf 74' lang='lat' dir='ltr'><strong>Spiritum</strong></span> <span class='ocrx_word' id='word_1_10' title='bbox 504 251 638 277; x_wconf 85' lang='lat' dir='ltr'><strong>sanetum</strong></span> <span class='ocrx_word' id='word_1_11' title='bbox 656 257 731 278; x_wconf 85' lang='lat' dir='ltr'><strong>esse.</strong></span> <span class='ocrx_word' id='word_1_12' title='bbox 748 249 802 282; x_wconf 89' lang='lat' dir='ltr'><strong>Qui</strong></span> <span class='ocrx_word' id='word_1_13' title='bbox 817 249 859 277; x_wconf 84' lang='lat' dir='ltr'><strong>ita</strong></span> <span class='ocrx_word' id='word_1_14' title='bbox 869 258 927 277; x_wconf 89' lang='lat' dir='ltr'><strong>non</strong></span> <span class='ocrx_word' id='word_1_15' title='bbox 939 258 1005 278; x_wconf 88' lang='lat' dir='ltr'><strong>sen-</strong></span> 
     </span>
    </p>
   </div>
   <div class='ocr_carea' id='block_1_5' title="bbox 1069 247 1885 289">
    <p class='ocr_par' dir='ltr' id='par_1_5' title="bbox 1069 248 1885 289">
     <span class='ocr_line' id='line_1_5' title="bbox 1069 248 1885 289; baseline 0.001 -13"><span class='ocrx_word' id='word_1_16' title='bbox 1069 249 1093 277; x_wconf 77' lang='grc' dir='ltr'><strong>ιὸ</strong></span> <span class='ocrx_word' id='word_1_17' title='bbox 1118 251 1194 288; x_wconf 75' lang='grc' dir='ltr'>ἅγιον</span> <span class='ocrx_word' id='word_1_18' title='bbox 1222 251 1331 287; x_wconf 77' lang='grc' dir='ltr'><strong>Πνεῦμα</strong></span> <span class='ocrx_word' id='word_1_19' title='bbox 1355 250 1480 288; x_wconf 82' lang='grc' dir='ltr'><strong>ὑπάρχει.</strong></span> <span class='ocrx_word' id='word_1_20' title='bbox 1499 250 1550 278; x_wconf 84' lang='grc' dir='ltr'>Καὶ</span> <span class='ocrx_word' id='word_1_21' title='bbox 1577 249 1591 277; x_wconf 81' lang='grc' dir='ltr'><strong>ὁ</strong></span> <span class='ocrx_word' id='word_1_22' title='bbox 1618 249 1655 286; x_wconf 81' lang='grc' dir='ltr'>μή</span> <span class='ocrx_word' id='word_1_23' title='bbox 1684 248 1758 277; x_wconf 72' lang='grc' dir='ltr'>οὕτω</span> <span class='ocrx_word' id='word_1_24' title='bbox 1780 252 1885 289; x_wconf 81' lang='grc' dir='ltr'>φρονῶν</span> 
     </span>
    </p>
   </div>
   <div class='ocr_carea' id='block_1_6' title="bbox 183 293 454 321">
    <p class='ocr_par' dir='ltr' id='par_1_6' title="bbox 183 293 454 321">
     <span class='ocr_line' id='line_1_6' title="bbox 183 293 454 321; baseline 0.004 -1"><span class='ocrx_word' id='word_1_25' title='bbox 183 293 220 321; x_wconf 87' lang='lat' dir='ltr'><strong>tit</strong></span> <span class='ocrx_word' id='word_1_26' title='bbox 233 295 310 321; x_wconf 86' lang='lat' dir='ltr'><strong>errat</strong></span> <span class='ocrx_word' id='word_1_27' title='bbox 325 293 454 321; x_wconf 86' lang='lat' dir='ltr'><strong>omnino.</strong></span> 
     </span>
    </p>
   </div>
   <div class='ocr_carea' id='block_1_7' title="bbox 221 337 1008 375">
    <p class='ocr_par' dir='ltr' id='par_1_7' title="bbox 221 337 1008 375">
     <span class='ocr_line' id='line_1_7' title="bbox 221 337 1008 375; baseline 0.003 -10"><span class='ocrx_word' id='word_1_28' title='bbox 221 338 333 370; x_wconf 59' lang='lat' dir='ltr'><strong>Omns-1*.</strong></span> <span class='ocrx_word' id='word_1_29' title='bbox 350 337 446 365; x_wconf 84' lang='lat' dir='ltr'><strong>CXIII.</strong></span> <span class='ocrx_word' id='word_1_30' title='bbox 461 338 566 374; x_wconf 83' lang='lat' dir='ltr'><strong>Magna</strong></span> <span class='ocrx_word' id='word_1_31' title='bbox 581 340 608 366; x_wconf 86' lang='lat' dir='ltr'><strong>et</strong></span> <span class='ocrx_word' id='word_1_32' title='bbox 623 338 746 367; x_wconf 86' lang='lat' dir='ltr'><strong>celebris</strong></span> <span class='ocrx_word' id='word_1_33' title='bbox 766 340 855 375; x_wconf 88' lang='lat' dir='ltr'><strong>atque</strong></span> <span class='ocrx_word' id='word_1_34' title='bbox 871 338 1008 367; x_wconf 90' lang='lat' dir='ltr'><strong>omnibus</strong></span> 
     </span>
    </p>
   </div>
   <div class='ocr_carea' id='block_1_8' title="bbox 187 382 1008 418">
    <p class='ocr_par' dir='ltr' id='par_1_8' title="bbox 187 382 1008 418">
     <span class='ocr_line' id='line_1_8' title="bbox 187 382 1008 418; baseline 0.001 -8"><span class='ocrx_word' id='word_1_35' title='bbox 187 382 246 410; x_wconf 77' lang='lat' dir='ltr'><strong>fere</strong></span> <span class='ocrx_word' id='word_1_36' title='bbox 260 382 380 418; x_wconf 80' lang='lat' dir='ltr'><strong>vulgata</strong></span> <span class='ocrx_word' id='word_1_37' title='bbox 395 383 517 417; x_wconf 68' lang='lat' dir='ltr'><strong>questio</strong></span> <span class='ocrx_word' id='word_1_38' title='bbox 532 385 586 417; x_wconf 86' lang='lat' dir='ltr'><strong>est,</strong></span> <span class='ocrx_word' id='word_1_39' title='bbox 599 386 698 411; x_wconf 86' lang='lat' dir='ltr'><strong>utrum</strong></span> <span class='ocrx_word' id='word_1_40' title='bbox 715 383 872 411; x_wconf 88' lang='lat' dir='ltr'><strong>dicendum</strong></span> <span class='ocrx_word' id='word_1_41' title='bbox 888 383 928 411; x_wconf 97' lang='lat' dir='ltr'><strong>sit</strong></span> <span class='ocrx_word' id='word_1_42' title='bbox 951 385 1008 411; x_wconf 86' lang='lat' dir='ltr'><strong>ter-</strong></span> 
     </span>
    </p>
   </div>
   <div class='ocr_carea' id='block_1_9' title="bbox 185 426 1007 463">
    <p class='ocr_par' dir='ltr' id='par_1_9' title="bbox 185 426 1007 463">
     <span class='ocr_line' id='line_1_9' title="bbox 185 426 1007 463; baseline 0.002 -10"><span class='ocrx_word' id='word_1_43' title='bbox 185 426 299 454; x_wconf 90' lang='lat' dir='ltr'><strong>minum</strong></span> <span class='ocrx_word' id='word_1_44' title='bbox 315 426 423 455; x_wconf 86' lang='lat' dir='ltr'><strong>habere</strong></span> <span class='ocrx_word' id='word_1_45' title='bbox 438 427 526 454; x_wconf 85' lang='lat' dir='ltr'><strong>vitam</strong></span> <span class='ocrx_word' id='word_1_46' title='bbox 536 426 676 460; x_wconf 85' lang='lat' dir='ltr'><strong>hominis,</strong></span> <span class='ocrx_word' id='word_1_47' title='bbox 692 435 782 455; x_wconf 87' lang='lat' dir='ltr'><strong>necne</strong></span> <span class='ocrx_word' id='word_1_48' title='bbox 797 428 864 463; x_wconf 85' lang='lat'><strong>(52).</strong></span> <span class='ocrx_word' id='word_1_49' title='bbox 881 428 954 455; x_wconf 81' lang='lat' dir='ltr'><strong>Nam</strong></span> <span class='ocrx_word' id='word_1_50' title='bbox 983 427 1007 455; x_wconf 88' lang='lat' dir='ltr'><strong>si</strong></span> 
     </span>
    </p>
   </div>
   <div class='ocr_carea' id='block_1_10' title="bbox 181 471 1007 507">
    <p class='ocr_par' dir='ltr' id='par_1_10' title="bbox 181 471 1007 507">
     <span class='ocr_line' id='line_1_10' title="bbox 181 471 1007 507; baseline 0.002 -9"><span class='ocrx_word' id='word_1_51' title='bbox 181 471 326 499; x_wconf 83' lang='lat' dir='ltr'><strong>terminus</strong></span> <span class='ocrx_word' id='word_1_52' title='bbox 351 473 404 504; x_wconf 86' lang='lat' dir='ltr'><strong>est,</strong></span> <span class='ocrx_word' id='word_1_53' title='bbox 431 472 579 507; x_wconf 89' lang='lat' dir='ltr'><strong>quomodo</strong></span> <span class='ocrx_word' id='word_1_54' title='bbox 604 472 695 500; x_wconf 85' lang='lat' dir='ltr'>David</span> <span class='ocrx_word' id='word_1_55' title='bbox 720 473 771 504; x_wconf 86' lang='lat' dir='ltr'><strong>ait,</strong></span> <span class='ocrx_word' id='word_1_56' title='bbox 790 483 803 497; x_wconf 86' lang='grc'><strong>‹‹</strong></span> <span class='ocrx_word' id='word_1_57' title='bbox 819 472 860 499; x_wconf 86' lang='lat' dir='ltr'><strong>Ne</strong></span> <span class='ocrx_word' id='word_1_58' title='bbox 884 473 1007 500; x_wconf 79' lang='lat' dir='ltr'><strong>reducas</strong></span> 
     </span>
    </p>
   </div>
   <div class='ocr_carea' id='block_1_11' title="bbox 181 515 1006 545">
    <p class='ocr_par' dir='ltr' id='par_1_11' title="bbox 181 515 1006 545">
     <span class='ocr_line' id='line_1_11' title="bbox 181 515 1006 545; baseline 0.001 -2"><span class='ocrx_word' id='word_1_59' title='bbox 181 524 228 543; x_wconf 82' lang='lat' dir='ltr'><strong>me</strong></span> <span class='ocrx_word' id='word_1_60' title='bbox 246 516 275 543; x_wconf 92' lang='lat' dir='ltr'><strong>in</strong></span> <span class='ocrx_word' id='word_1_61' title='bbox 291 515 413 543; x_wconf 88' lang='lat' dir='ltr'><strong>dimidio</strong></span> <span class='ocrx_word' id='word_1_62' title='bbox 428 515 541 543; x_wconf 88' lang='lat' dir='ltr'><strong>dierum</strong></span> <span class='ocrx_word' id='word_1_63' title='bbox 559 524 692 544; x_wconf 89' lang='lat' dir='ltr'><strong>meorum</strong></span> <span class='ocrx_word' id='word_1_64' title='bbox 704 517 725 534; x_wconf 77' lang='grc'><strong>⁷⁸</strong></span> <span class='ocrx_word' id='word_1_65' title='bbox 738 518 749 544; x_wconf 77' lang='grc' dir='ltr'><em>Ρ</em></span> <span class='ocrx_word' id='word_1_66' title='bbox 763 527 776 541; x_wconf 77' lang='lat' dir='ltr'><strong>n</strong></span> <span class='ocrx_word' id='word_1_67' title='bbox 788 516 818 544; x_wconf 79' lang='lat' dir='ltr'><strong>Si</strong></span> <span class='ocrx_word' id='word_1_68' title='bbox 827 525 893 544; x_wconf 84' lang='lat' dir='ltr'><strong>vero</strong></span> <span class='ocrx_word' id='word_1_69' title='bbox 907 516 1006 545; x_wconf 88' lang='lat' dir='ltr'><strong>nullus</strong></span> 
     </span>
    </p>
   </div>
   <div class='ocr_carea' id='block_1_12' title="bbox 181 560 1007 596">
    <p class='ocr_par' dir='ltr' id='par_1_12' title="bbox 181 560 1007 596">
     <span class='ocr_line' id='line_1_12' title="bbox 181 560 1007 596; baseline 0.004 -9"><span class='ocrx_word' id='word_1_70' title='bbox 181 562 225 588; x_wconf 88' lang='lat' dir='ltr'><strong>est</strong></span> <span class='ocrx_word' id='word_1_71' title='bbox 240 560 396 594; x_wconf 82' lang='lat' dir='ltr'><strong>terminus,</strong></span> <span class='ocrx_word' id='word_1_72' title='bbox 414 560 561 596; x_wconf 89' lang='lat' dir='ltr'><strong>quomodo</strong></span> <span class='ocrx_word' id='word_1_73' title='bbox 588 569 691 589; x_wconf 79' lang='lat' dir='ltr'><strong>rursus</strong></span> <span class='ocrx_word' id='word_1_74' title='bbox 717 561 805 589; x_wconf 80' lang='lat' dir='ltr'><strong>David</strong></span> <span class='ocrx_word' id='word_1_75' title='bbox 830 561 881 595; x_wconf 88' lang='lat' dir='ltr'><strong>ait,</strong></span> <span class='ocrx_word' id='word_1_76' title='bbox 906 573 920 586; x_wconf 86' lang='grc'><strong>‹‹</strong></span> <span class='ocrx_word' id='word_1_77' title='bbox 938 561 1007 589; x_wconf 84' lang='lat' dir='ltr'><strong>Ecce</strong></span> 
     </span>
    </p>
   </div>
   <div class='ocr_carea' id='block_1_13' title="bbox 180 605 1007 641">
    <p class='ocr_par' dir='ltr' id='par_1_13' title="bbox 180 605 1007 641">
     <span class='ocr_line' id='line_1_13' title="bbox 180 605 1007 641; baseline 0.001 -8"><span class='ocrx_word' id='word_1_78' title='bbox 180 605 393 633; x_wconf 82' lang='lat' dir='ltr'><strong>mensurabiles</strong></span> <span class='ocrx_word' id='word_1_79' title='bbox 409 605 531 641; x_wconf 76' lang='lat' dir='ltr'><strong>posuisti</strong></span> <span class='ocrx_word' id='word_1_80' title='bbox 557 605 620 633; x_wconf 88' lang='lat' dir='ltr'><strong>dies</strong></span> <span class='ocrx_word' id='word_1_81' title='bbox 646 614 727 633; x_wconf 85' lang='lat' dir='ltr'><strong>meos</strong></span> <span class='ocrx_word' id='word_1_82' title='bbox 743 606 762 623; x_wconf 87' lang='grc'><strong>⁷¹</strong></span> <span class='ocrx_word' id='word_1_83' title='bbox 777 606 791 633; x_wconf 70' lang='lat'><strong>‘2</strong></span> <span class='ocrx_word' id='word_1_84' title='bbox 807 617 821 630; x_wconf 74' lang='lat' dir='ltr'><strong>n</strong></span> <span class='ocrx_word' id='word_1_85' title='bbox 845 606 958 634; x_wconf 76' lang='lat' dir='ltr'><strong>Rursus</strong></span> <span class='ocrx_word' id='word_1_86' title='bbox 981 606 1007 634; x_wconf 89' lang='lat' dir='ltr'><strong>si</strong></span> 
     </span>
    </p>
   </div>
   <div class='ocr_carea' id='block_1_14' title="bbox 179 649 1005 685">
    <p class='ocr_par' dir='ltr' id='par_1_14' title="bbox 179 649 1005 685">
     <span class='ocr_line' id='line_1_14' title="bbox 179 649 1005 685; baseline 0.001 -8"><span class='ocrx_word' id='word_1_87' title='bbox 179 650 324 677; x_wconf 83' lang='lat' dir='ltr'><strong>terminus</strong></span> <span class='ocrx_word' id='word_1_88' title='bbox 340 649 446 685; x_wconf 75' lang='lat' dir='ltr'><strong>aliquis</strong></span> <span class='ocrx_word' id='word_1_89' title='bbox 462 652 516 684; x_wconf 87' lang='lat' dir='ltr'><strong>est,</strong></span> <span class='ocrx_word' id='word_1_90' title='bbox 532 650 601 685; x_wconf 91' lang='lat' dir='ltr'><strong>quid</strong></span> <span class='ocrx_word' id='word_1_91' title='bbox 619 650 665 678; x_wconf 89' lang='lat' dir='ltr'><strong>his</strong></span> <span class='ocrx_word' id='word_1_92' title='bbox 679 651 776 678; x_wconf 83' lang='lat' dir='ltr'><strong>verbis</strong></span> <span class='ocrx_word' id='word_1_93' title='bbox 787 650 848 678; x_wconf 91' lang='lat' dir='ltr'><strong>vult</strong></span> <span class='ocrx_word' id='word_1_94' title='bbox 858 650 1005 684; x_wconf 85' lang='lat' dir='ltr'><strong>Salomon,</strong></span> 
     </span>
    </p>
   </div>
   <div class='ocr_carea' id='block_1_15' title="bbox 177 694 1006 731">
    <p class='ocr_par' dir='ltr' id='par_1_15' title="bbox 177 694 1006 731">
     <span class='ocr_line' id='line_1_15' title="bbox 177 694 1006 731; baseline 0.004 -11"><span class='ocrx_word' id='word_1_95' title='bbox 177 706 192 720; x_wconf 84' lang='grc'><strong>‹‹</strong></span> <span class='ocrx_word' id='word_1_96' title='bbox 209 697 250 722; x_wconf 86' lang='lat' dir='ltr'><strong>Ne</strong></span> <span class='ocrx_word' id='word_1_97' title='bbox 266 695 307 722; x_wconf 83' lang='lat' dir='ltr'><strong>sis</strong></span> <span class='ocrx_word' id='word_1_98' title='bbox 322 694 461 726; x_wconf 77' lang='lat' dir='ltr'><strong>crudelis,</strong></span> <span class='ocrx_word' id='word_1_99' title='bbox 477 702 571 730; x_wconf 89' lang='lat' dir='ltr'><strong>neque</strong></span> <span class='ocrx_word' id='word_1_100' title='bbox 594 694 685 731; x_wconf 87' lang='lat' dir='ltr'>impie</span> <span class='ocrx_word' id='word_1_101' title='bbox 710 703 780 731; x_wconf 82' lang='lat' dir='ltr'><strong>agas</strong></span> <span class='ocrx_word' id='word_1_102' title='bbox 807 694 945 730; x_wconf 89' lang='lat' dir='ltr'><strong>multum,</strong></span> <span class='ocrx_word' id='word_1_103' title='bbox 971 704 1006 723; x_wconf 91' lang='lat' dir='ltr'><strong>ne</strong></span> 
     </span>
    </p>
   </div>
   <div class='ocr_carea' id='block_1_16' title="bbox 181 738 1007 776">
    <p class='ocr_par' dir='ltr' id='par_1_16' title="bbox 181 738 1007 776">
     <span class='ocr_line' id='line_1_16' title="bbox 181 738 1007 776; baseline 0.001 -10"><span class='ocrx_word' id='word_1_104' title='bbox 181 739 356 767; x_wconf 84' lang='lat' dir='ltr'><strong>moriurisin</strong></span> <span class='ocrx_word' id='word_1_105' title='bbox 372 741 502 775; x_wconf 87' lang='lat' dir='ltr'><strong>tempore</strong></span> <span class='ocrx_word' id='word_1_106' title='bbox 518 747 575 766; x_wconf 90' lang='lat' dir='ltr'><strong>non</strong></span> <span class='ocrx_word' id='word_1_107' title='bbox 591 742 642 766; x_wconf 84' lang='lat' dir='ltr'><strong>tuo</strong></span> <span class='ocrx_word' id='word_1_108' title='bbox 657 739 680 756; x_wconf 81' lang='grc'>⁷²</span> <span class='ocrx_word' id='word_1_109' title='bbox 692 739 706 766; x_wconf 79' lang='lat' dir='ltr'><strong>‘I</strong></span> <span class='ocrx_word' id='word_1_110' title='bbox 720 751 731 764; x_wconf 74' lang='grc' dir='ltr'><strong>ι</strong></span> <span class='ocrx_word' id='word_1_111' title='bbox 750 738 780 767; x_wconf 89' lang='lat' dir='ltr'><strong>Si</strong></span> <span class='ocrx_word' id='word_1_112' title='bbox 795 739 887 775; x_wconf 77' lang='lat' dir='ltr'><strong>igitur</strong></span> <span class='ocrx_word' id='word_1_113' title='bbox 911 742 1007 776; x_wconf 84' lang='lat' dir='ltr'><strong>potest</strong></span> 
     </span>
    </p>
   </div>
   <div class='ocr_carea' id='block_1_17' title="bbox 183 783 1005 820">
    <p class='ocr_par' dir='ltr' id='par_1_17' title="bbox 183 783 1005 820">
     <span class='ocr_line' id='line_1_17' title="bbox 183 783 1005 820; baseline 0.002 -10"><span class='ocrx_word' id='word_1_114' title='bbox 183 783 248 820; x_wconf 89' lang='lat' dir='ltr'><strong>quis</strong></span> <span class='ocrx_word' id='word_1_115' title='bbox 261 783 334 811; x_wconf 90' lang='lat' dir='ltr'><strong>mori</strong></span> <span class='ocrx_word' id='word_1_116' title='bbox 348 783 377 810; x_wconf 95' lang='lat' dir='ltr'><strong>in</strong></span> <span class='ocrx_word' id='word_1_117' title='bbox 389 785 521 819; x_wconf 88' lang='lat' dir='ltr'><strong>tempore</strong></span> <span class='ocrx_word' id='word_1_118' title='bbox 531 791 587 810; x_wconf 92' lang='lat' dir='ltr'><strong>non</strong></span> <span class='ocrx_word' id='word_1_119' title='bbox 600 784 816 819; x_wconf 88' lang='lat' dir='ltr'><strong>suo,quomodo</strong></span> <span class='ocrx_word' id='word_1_120' title='bbox 827 784 1005 820; x_wconf 77' lang='lat' dir='ltr'><strong>quibusdam</strong></span> 
     </span>
    </p>
   </div>
   <div class='ocr_carea' id='block_1_18' title="bbox 182 827 1005 864">
    <p class='ocr_par' dir='ltr' id='par_1_18' title="bbox 182 827 1005 864">
     <span class='ocr_line' id='line_1_18' title="bbox 182 827 1005 864; baseline 0.001 -9"><span class='ocrx_word' id='word_1_121' title='bbox 182 828 276 864; x_wconf 83' lang='lat' dir='ltr'><strong>placet</strong></span> <span class='ocrx_word' id='word_1_122' title='bbox 291 827 388 855; x_wconf 80' lang='lat' dir='ltr'><strong>dicere</strong></span> <span class='ocrx_word' id='word_1_123' title='bbox 403 829 526 855; x_wconf 88' lang='lat' dir='ltr'><strong>mortem</strong></span> <span class='ocrx_word' id='word_1_124' title='bbox 543 827 713 855; x_wconf 88' lang='lat' dir='ltr'><strong>hominibus</strong></span> <span class='ocrx_word' id='word_1_125' title='bbox 727 828 839 860; x_wconf 86' lang='lat' dir='ltr'><strong>induci,</strong></span> <span class='ocrx_word' id='word_1_126' title='bbox 860 836 925 856; x_wconf 87' lang='lat' dir='ltr'><strong>eum</strong></span> <span class='ocrx_word' id='word_1_127' title='bbox 950 829 1005 856; x_wconf 88' lang='lat' dir='ltr'><strong>im-</strong></span> 
     </span>
    </p>
   </div>
   <div class='ocr_carea' id='block_1_19' title="bbox 180 871 1007 908">
    <p class='ocr_par' dir='ltr' id='par_1_19' title="bbox 180 871 1007 908">
     <span class='ocr_line' id='line_1_19' title="bbox 180 871 1007 908; baseline 0 -8"><span class='ocrx_word' id='word_1_128' title='bbox 180 872 247 908; x_wconf 88' lang='lat' dir='ltr'><strong>pleti</strong></span> <span class='ocrx_word' id='word_1_129' title='bbox 265 872 373 900; x_wconf 74' lang='lat' dir='ltr'><strong>fuerint</strong></span> <span class='ocrx_word' id='word_1_130' title='bbox 388 871 453 899; x_wconf 61' lang='lat' dir='ltr'><strong>vita</strong></span> <span class='ocrx_word' id='word_1_131' title='bbox 478 871 623 899; x_wconf 84' lang='lat' dir='ltr'><strong>termini?</strong></span> <span class='ocrx_word' id='word_1_132' title='bbox 645 872 796 904; x_wconf 84' lang='lat' dir='ltr'>Quomodo</span> <span class='ocrx_word' id='word_1_133' title='bbox 822 872 959 900; x_wconf 84' lang='lat' dir='ltr'><strong>similiter</strong></span> <span class='ocrx_word' id='word_1_134' title='bbox 979 874 1007 901; x_wconf 88' lang='lat' dir='ltr'><strong>et</strong></span> 
     </span>
    </p>
   </div>
   <div class='ocr_carea' id='block_1_20' title="bbox 181 916 1006 953">
    <p class='ocr_par' dir='ltr' id='par_1_20' title="bbox 181 916 1006 953">
     <span class='ocr_line' id='line_1_20' title="bbox 181 916 1006 953; baseline 0 -8"><span class='ocrx_word' id='word_1_135' title='bbox 181 916 310 945; x_wconf 59' lang='lat' dir='ltr'><strong>Ezechiae</strong></span> <span class='ocrx_word' id='word_1_136' title='bbox 326 917 403 945; x_wconf 72' lang='lat'><strong>242</strong></span> <span class='ocrx_word' id='word_1_137' title='bbox 419 918 447 944; x_wconf 90' lang='lat' dir='ltr'><strong>et</strong></span> <span class='ocrx_word' id='word_1_138' title='bbox 461 916 600 944; x_wconf 84' lang='lat' dir='ltr'><strong>Ninivitis</strong></span> <span class='ocrx_word' id='word_1_139' title='bbox 620 916 710 944; x_wconf 82' lang='lat' dir='ltr'><strong>vitam</strong></span> <span class='ocrx_word' id='word_1_140' title='bbox 737 916 814 944; x_wconf 87' lang='lat' dir='ltr'><strong>Deus</strong></span> <span class='ocrx_word' id='word_1_141' title='bbox 840 917 1006 953; x_wconf 87' lang='lat' dir='ltr'><strong>petentibus</strong></span> 
     </span>
    </p>
   </div>
   <div class='ocr_carea' id='block_1_21' title="bbox 182 961 372 997">
    <p class='ocr_par' dir='ltr' id='par_1_21' title="bbox 182 961 372 997">
     <span class='ocr_line' id='line_1_21' title="bbox 182 961 372 997; baseline 0 -9"><span class='ocrx_word' id='word_1_142' title='bbox 182 961 348 997; x_wconf 81' lang='lat' dir='ltr'><strong>prorogavit</strong></span> <span class='ocrx_word' id='word_1_143' title='bbox 358 961 372 988; x_wconf 88' lang='lat'><strong>?</strong></span> 
     </span>
    </p>
   </div>
   <div class='ocr_carea' id='block_1_22' title="bbox 220 1004 1007 1042">
    <p class='ocr_par' dir='ltr' id='par_1_22' title="bbox 220 1004 1007 1042">
     <span class='ocr_line' id='line_1_22' title="bbox 220 1004 1007 1042; baseline 0 -9"><span class='ocrx_word' id='word_1_144' title='bbox 220 1007 304 1033; x_wconf 71' lang='lat' dir='ltr'><strong>Rssr.</strong></span> <span class='ocrx_word' id='word_1_145' title='bbox 322 1006 397 1033; x_wconf 87' lang='lat' dir='ltr'><strong>Fons</strong></span> <span class='ocrx_word' id='word_1_146' title='bbox 412 1004 461 1033; x_wconf 90' lang='lat' dir='ltr'><strong>ille</strong></span> <span class='ocrx_word' id='word_1_147' title='bbox 472 1005 622 1041; x_wconf 62' lang='lat' dir='ltr'><strong>sapientia!</strong></span> <span class='ocrx_word' id='word_1_148' title='bbox 635 1013 836 1041; x_wconf 84' lang='lat' dir='ltr'><strong>magnumque</strong></span> <span class='ocrx_word' id='word_1_149' title='bbox 845 1014 897 1033; x_wconf 88' lang='lat' dir='ltr'><strong>vas</strong></span> <span class='ocrx_word' id='word_1_150' title='bbox 905 1006 1007 1042; x_wconf 78' lang='lat' dir='ltr'><strong>cogni-</strong></span> 
     </span>
    </p>
   </div>
   <div class='ocr_carea' id='block_1_23' title="bbox 183 1049 1005 1089">
    <p class='ocr_par' dir='ltr' id='par_1_23' title="bbox 183 1049 1005 1089">
     <span class='ocr_line' id='line_1_23' title="bbox 183 1049 1005 1089; baseline 0 -11"><span class='ocrx_word' id='word_1_151' title='bbox 183 1050 272 1078; x_wconf 85' lang='lat' dir='ltr'><strong>tionis</strong></span> <span class='ocrx_word' id='word_1_152' title='bbox 283 1049 393 1089; x_wconf 45' lang='lat' dir='ltr'><strong>Paulu&#39;s</strong></span> <span class='ocrx_word' id='word_1_153' title='bbox 401 1049 552 1086; x_wconf 87' lang='lat' dir='ltr'><strong>apostolus</strong></span> <span class='ocrx_word' id='word_1_154' title='bbox 572 1050 633 1077; x_wconf 69' lang='lat' dir='ltr'><strong>haec</strong></span> <span class='ocrx_word' id='word_1_155' title='bbox 651 1050 686 1078; x_wconf 84' lang='lat' dir='ltr'><strong>ad</strong></span> <span class='ocrx_word' id='word_1_156' title='bbox 705 1050 870 1078; x_wconf 86' lang='lat' dir='ltr'><strong>Corinthios</strong></span> <span class='ocrx_word' id='word_1_157' title='bbox 885 1050 1005 1079; x_wconf 88' lang='lat' dir='ltr'><strong>scribit:</strong></span> 
     </span>
    </p>
   </div>
   <div class='ocr_carea' id='block_1_24' title="bbox 185 1094 1007 1130">
    <p class='ocr_par' dir='ltr' id='par_1_24' title="bbox 185 1094 1007 1130">
     <span class='ocr_line' id='line_1_24' title="bbox 185 1094 1007 1130; baseline 0.002 -9"><span class='ocrx_word' id='word_1_158' title='bbox 185 1107 198 1120; x_wconf 77' lang='grc' dir='ltr'>(ι</span> <span class='ocrx_word' id='word_1_159' title='bbox 217 1094 270 1127; x_wconf 89' lang='lat' dir='ltr'><strong>Qui</strong></span> <span class='ocrx_word' id='word_1_160' title='bbox 285 1094 362 1122; x_wconf 90' lang='lat' dir='ltr'><strong>enim</strong></span> <span class='ocrx_word' id='word_1_161' title='bbox 380 1094 500 1130; x_wconf 82' lang='lat' dir='ltr'><strong>indigne</strong></span> <span class='ocrx_word' id='word_1_162' title='bbox 516 1094 675 1122; x_wconf 75' lang='lat' dir='ltr'><strong>manducet</strong></span> <span class='ocrx_word' id='word_1_163' title='bbox 689 1102 794 1130; x_wconf 88' lang='lat' dir='ltr'><strong>panem</strong></span> <span class='ocrx_word' id='word_1_164' title='bbox 806 1096 834 1122; x_wconf 88' lang='lat' dir='ltr'><strong>et</strong></span> <span class='ocrx_word' id='word_1_165' title='bbox 849 1094 923 1123; x_wconf 88' lang='lat' dir='ltr'><strong>bibit</strong></span> <span class='ocrx_word' id='word_1_166' title='bbox 937 1103 1007 1123; x_wconf 83' lang='lat' dir='ltr'><strong>san-</strong></span> 
     </span>
    </p>
   </div>
   <div class='ocr_carea' id='block_1_25' title="bbox 188 1138 1006 1176">
    <p class='ocr_par' dir='ltr' id='par_1_25' title="bbox 188 1138 1006 1176">
     <span class='ocr_line' id='line_1_25' title="bbox 188 1138 1006 1176; baseline 0 -10"><span class='ocrx_word' id='word_1_167' title='bbox 188 1140 308 1176; x_wconf 78' lang='lat' dir='ltr'><strong>guinem</strong></span> <span class='ocrx_word' id='word_1_168' title='bbox 323 1138 611 1174; x_wconf 85' lang='lat' dir='ltr'><strong>Domini,judicium</strong></span> <span class='ocrx_word' id='word_1_169' title='bbox 627 1138 683 1166; x_wconf 87' lang='lat' dir='ltr'><strong>sibi</strong></span> <span class='ocrx_word' id='word_1_170' title='bbox 699 1139 859 1166; x_wconf 79' lang='lat' dir='ltr'><strong>manducet</strong></span> <span class='ocrx_word' id='word_1_171' title='bbox 874 1141 902 1167; x_wconf 87' lang='lat' dir='ltr'><strong>et</strong></span> <span class='ocrx_word' id='word_1_172' title='bbox 916 1139 1006 1167; x_wconf 89' lang='lat' dir='ltr'><strong>bibit:</strong></span> 
     </span>
    </p>
   </div>
   <div class='ocr_carea' id='block_1_26' title="bbox 186 1182 1009 1220">
    <p class='ocr_par' dir='ltr' id='par_1_26' title="bbox 186 1182 1009 1220">
     <span class='ocr_line' id='line_1_26' title="bbox 186 1182 1009 1220; baseline 0.001 -10"><span class='ocrx_word' id='word_1_173' title='bbox 186 1184 310 1220; x_wconf 82' lang='lat' dir='ltr'><strong>ideoque</strong></span> <span class='ocrx_word' id='word_1_174' title='bbox 325 1183 401 1211; x_wconf 89' lang='lat' dir='ltr'><strong>inter</strong></span> <span class='ocrx_word' id='word_1_175' title='bbox 415 1191 467 1211; x_wconf 90' lang='lat' dir='ltr'><strong>vos</strong></span> <span class='ocrx_word' id='word_1_176' title='bbox 482 1182 567 1211; x_wconf 89' lang='lat' dir='ltr'><strong>multi</strong></span> <span class='ocrx_word' id='word_1_177' title='bbox 582 1182 896 1211; x_wconf 82' lang='lat' dir='ltr'><strong>infirmietimbecilles</strong></span> <span class='ocrx_word' id='word_1_178' title='bbox 905 1185 933 1211; x_wconf 89' lang='lat' dir='ltr'><strong>et</strong></span> <span class='ocrx_word' id='word_1_179' title='bbox 944 1184 1009 1211; x_wconf 89' lang='lat' dir='ltr'><strong>dor-</strong></span> 
     </span>
    </p>
   </div>
   <div class='ocr_carea' id='block_1_27' title="bbox 184 1227 1007 1263">
    <p class='ocr_par' dir='ltr' id='par_1_27' title="bbox 184 1227 1007 1263">
     <span class='ocr_line' id='line_1_27' title="bbox 184 1227 1007 1263; baseline -0.001 -7"><span class='ocrx_word' id='word_1_180' title='bbox 184 1229 282 1256; x_wconf 91' lang='lat' dir='ltr'><strong>miunt</strong></span> <span class='ocrx_word' id='word_1_181' title='bbox 296 1227 381 1256; x_wconf 90' lang='lat' dir='ltr'><strong>multi</strong></span> <span class='ocrx_word' id='word_1_182' title='bbox 395 1228 428 1255; x_wconf 62' lang='lat'><strong>&quot;3.</strong></span> <span class='ocrx_word' id='word_1_183' title='bbox 444 1237 457 1253; x_wconf 72' lang='grc' dir='ltr'>ι</span> <span class='ocrx_word' id='word_1_184' title='bbox 485 1227 633 1255; x_wconf 86' lang='lat' dir='ltr'><strong>Attendite</strong></span> <span class='ocrx_word' id='word_1_185' title='bbox 658 1227 825 1263; x_wconf 82' lang='lat' dir='ltr'><strong>diligenter.</strong></span> <span class='ocrx_word' id='word_1_186' title='bbox 850 1227 923 1259; x_wconf 88' lang='lat' dir='ltr'><strong>Quia</strong></span> <span class='ocrx_word' id='word_1_187' title='bbox 945 1236 1007 1262; x_wconf 88' lang='lat' dir='ltr'><strong>vos,</strong></span> 
     </span>
    </p>
   </div>
   <div class='ocr_carea' id='block_1_28' title="bbox 184 1273 1009 1310">
    <p class='ocr_par' dir='ltr' id='par_1_28' title="bbox 184 1273 1009 1310">
     <span class='ocr_line' id='line_1_28' title="bbox 184 1273 1009 1310; baseline 0 -9"><span class='ocrx_word' id='word_1_188' title='bbox 184 1274 290 1309; x_wconf 85' lang='lat' dir='ltr'><strong>inquit,</strong></span> <span class='ocrx_word' id='word_1_189' title='bbox 306 1273 426 1310; x_wconf 80' lang='lat' dir='ltr'><strong>indigne</strong></span> <span class='ocrx_word' id='word_1_190' title='bbox 441 1274 476 1301; x_wconf 86' lang='lat' dir='ltr'><strong>ad</strong></span> <span class='ocrx_word' id='word_1_191' title='bbox 487 1273 726 1302; x_wconf 87' lang='lat' dir='ltr'><strong>communionem</strong></span> <span class='ocrx_word' id='word_1_192' title='bbox 738 1273 890 1308; x_wconf 88' lang='lat' dir='ltr'><strong>acceditis,</strong></span> <span class='ocrx_word' id='word_1_193' title='bbox 901 1273 1009 1302; x_wconf 88' lang='lat' dir='ltr'><strong>idcirco</strong></span> 
     </span>
    </p>
   </div>
   <div class='ocr_carea' id='block_1_29' title="bbox 188 1318 1009 1355">
    <p class='ocr_par' dir='ltr' id='par_1_29' title="bbox 188 1318 1009 1355">
     <span class='ocr_line' id='line_1_29' title="bbox 188 1318 1009 1355; baseline 0 -9"><span class='ocrx_word' id='word_1_194' title='bbox 188 1318 336 1346; x_wconf 87' lang='lat' dir='ltr'><strong>morimini</strong></span> <span class='ocrx_word' id='word_1_195' title='bbox 354 1318 455 1352; x_wconf 87' lang='lat' dir='ltr'><strong>multi;</strong></span> <span class='ocrx_word' id='word_1_196' title='bbox 471 1320 559 1354; x_wconf 88' lang='lat' dir='ltr'><strong>atque</strong></span> <span class='ocrx_word' id='word_1_197' title='bbox 574 1319 645 1346; x_wconf 83' lang='lat' dir='ltr'><strong>adeo</strong></span> <span class='ocrx_word' id='word_1_198' title='bbox 661 1318 685 1347; x_wconf 84' lang='lat' dir='ltr'><strong>si</strong></span> <span class='ocrx_word' id='word_1_199' title='bbox 698 1318 785 1355; x_wconf 85' lang='lat' dir='ltr'><strong>digne</strong></span> <span class='ocrx_word' id='word_1_200' title='bbox 794 1319 1009 1346; x_wconf 83' lang='lat' dir='ltr'><strong>cemmunicas-</strong></span> 
     </span>
    </p>
   </div>
   <div class='ocr_carea' id='block_1_30' title="bbox 186 1362 1009 1398">
    <p class='ocr_par' dir='ltr' id='par_1_30' title="bbox 186 1362 1009 1398">
     <span class='ocr_line' id='line_1_30' title="bbox 186 1362 1009 1398; baseline 0 -8"><span class='ocrx_word' id='word_1_201' title='bbox 186 1365 261 1397; x_wconf 84' lang='lat' dir='ltr'><strong>sent,</strong></span> <span class='ocrx_word' id='word_1_202' title='bbox 277 1365 348 1391; x_wconf 89' lang='lat' dir='ltr'><strong>tunc</strong></span> <span class='ocrx_word' id='word_1_203' title='bbox 364 1371 421 1391; x_wconf 91' lang='lat' dir='ltr'><strong>non</strong></span> <span class='ocrx_word' id='word_1_204' title='bbox 437 1362 564 1391; x_wconf 85' lang='lat' dir='ltr'><strong>fuissent</strong></span> <span class='ocrx_word' id='word_1_205' title='bbox 589 1362 733 1390; x_wconf 81' lang='lat' dir='ltr'><strong>morituri.</strong></span> <span class='ocrx_word' id='word_1_206' title='bbox 758 1362 831 1395; x_wconf 86' lang='lat' dir='ltr'><strong>Quid</strong></span> <span class='ocrx_word' id='word_1_207' title='bbox 852 1363 915 1398; x_wconf 89' lang='lat' dir='ltr'><strong>jam</strong></span> <span class='ocrx_word' id='word_1_208' title='bbox 940 1370 1009 1398; x_wconf 83' lang='lat' dir='ltr'><strong>ergo</strong></span> 
     </span>
    </p>
   </div>
   <div class='ocr_carea' id='block_1_31' title="bbox 187 1407 1009 1444">
    <p class='ocr_par' dir='ltr' id='par_1_31' title="bbox 187 1407 1009 1444">
     <span class='ocr_line' id='line_1_31' title="bbox 187 1407 1009 1444; baseline 0 -9"><span class='ocrx_word' id='word_1_209' title='bbox 187 1407 314 1443; x_wconf 83' lang='lat' dir='ltr'><strong>amplius</strong></span> <span class='ocrx_word' id='word_1_210' title='bbox 337 1408 498 1436; x_wconf 79' lang='lat' dir='ltr'><strong>terminum</strong></span> <span class='ocrx_word' id='word_1_211' title='bbox 522 1408 588 1435; x_wconf 66' lang='lat' dir='ltr'><strong>vita;</strong></span> <span class='ocrx_word' id='word_1_212' title='bbox 610 1407 781 1444; x_wconf 65' lang='lat' dir='ltr'><strong>quaerimus,</strong></span> <span class='ocrx_word' id='word_1_213' title='bbox 807 1416 894 1443; x_wconf 85' lang='lat' dir='ltr'><strong>quem</strong></span> <span class='ocrx_word' id='word_1_214' title='bbox 923 1407 1009 1435; x_wconf 89' lang='lat' dir='ltr'><strong>nobis</strong></span> 
     </span>
    </p>
   </div>
   <div class='ocr_carea' id='block_1_32' title="bbox 188 1452 1009 1488">
    <p class='ocr_par' dir='ltr' id='par_1_32' title="bbox 188 1452 1009 1488">
     <span class='ocr_line' id='line_1_32' title="bbox 188 1452 1009 1488; baseline 0.001 -9"><span class='ocrx_word' id='word_1_215' title='bbox 188 1452 273 1480; x_wconf 88' lang='lat' dir='ltr'><strong>multi</strong></span> <span class='ocrx_word' id='word_1_216' title='bbox 290 1452 453 1488; x_wconf 83' lang='lat' dir='ltr'><strong>objiciunt?</strong></span> <span class='ocrx_word' id='word_1_217' title='bbox 468 1464 482 1477; x_wconf 85' lang='grc'><strong>‹‹</strong></span> <span class='ocrx_word' id='word_1_218' title='bbox 499 1452 612 1480; x_wconf 81' lang='lat' dir='ltr'><strong>Rursus</strong></span> <span class='ocrx_word' id='word_1_219' title='bbox 628 1452 663 1480; x_wconf 88' lang='lat' dir='ltr'><strong>ad</strong></span> <span class='ocrx_word' id='word_1_220' title='bbox 677 1452 795 1488; x_wconf 87' lang='lat' dir='ltr'><strong>Eliphaz</strong></span> <span class='ocrx_word' id='word_1_221' title='bbox 805 1452 1009 1480; x_wconf 87' lang='lat' dir='ltr'><strong>Themanitem</strong></span> 
     </span>
    </p>
   </div>
   <div class='ocr_carea' id='block_1_33' title="bbox 185 1496 1009 1531">
    <p class='ocr_par' dir='ltr' id='par_1_33' title="bbox 185 1496 1009 1531">
     <span class='ocr_line' id='line_1_33' title="bbox 185 1496 1009 1531; baseline 0 -7"><span class='ocrx_word' id='word_1_222' title='bbox 185 1496 260 1524; x_wconf 86' lang='lat' dir='ltr'><strong>dixit</strong></span> <span class='ocrx_word' id='word_1_223' title='bbox 276 1497 364 1525; x_wconf 85' lang='lat' dir='ltr'><strong>Deus:</strong></span> <span class='ocrx_word' id='word_1_224' title='bbox 382 1508 397 1522; x_wconf 86' lang='lat'><strong>«</strong></span> <span class='ocrx_word' id='word_1_225' title='bbox 414 1496 543 1525; x_wconf 82' lang='lat' dir='ltr'><strong>Peccasti</strong></span> <span class='ocrx_word' id='word_1_226' title='bbox 556 1498 599 1531; x_wconf 89' lang='lat' dir='ltr'><strong>tu,</strong></span> <span class='ocrx_word' id='word_1_227' title='bbox 616 1498 645 1524; x_wconf 90' lang='lat' dir='ltr'><strong>et</strong></span> <span class='ocrx_word' id='word_1_228' title='bbox 658 1496 716 1524; x_wconf 92' lang='lat' dir='ltr'><strong>duo</strong></span> <span class='ocrx_word' id='word_1_229' title='bbox 731 1496 818 1524; x_wconf 86' lang='lat' dir='ltr'><strong>amici</strong></span> <span class='ocrx_word' id='word_1_230' title='bbox 833 1497 889 1530; x_wconf 87' lang='lat' dir='ltr'><strong>tui,</strong></span> <span class='ocrx_word' id='word_1_231' title='bbox 904 1499 932 1525; x_wconf 92' lang='lat' dir='ltr'><strong>et</strong></span> <span class='ocrx_word' id='word_1_232' title='bbox 947 1497 1009 1525; x_wconf 83' lang='lat' dir='ltr'><strong>sine</strong></span> 
     </span>
    </p>
   </div>
   <div class='ocr_carea' id='block_1_34' title="bbox 187 1541 1011 1577">
    <p class='ocr_par' dir='ltr' id='par_1_34' title="bbox 187 1541 1011 1577">
     <span class='ocr_line' id='line_1_34' title="bbox 187 1541 1011 1577; baseline 0 -8"><span class='ocrx_word' id='word_1_233' title='bbox 187 1541 243 1569; x_wconf 83' lang='lat' dir='ltr'><strong>Job</strong></span> <span class='ocrx_word' id='word_1_234' title='bbox 270 1549 354 1569; x_wconf 89' lang='lat' dir='ltr'><strong>servo</strong></span> <span class='ocrx_word' id='word_1_235' title='bbox 381 1549 446 1569; x_wconf 85' lang='lat' dir='ltr'><strong>meo</strong></span> <span class='ocrx_word' id='word_1_236' title='bbox 470 1550 523 1569; x_wconf 89' lang='lat' dir='ltr'><strong>vos</strong></span> <span class='ocrx_word' id='word_1_237' title='bbox 557 1541 772 1569; x_wconf 87' lang='lat' dir='ltr'><strong>interemissem</strong></span> <span class='ocrx_word' id='word_1_238' title='bbox 803 1542 839 1569; x_wconf 74' lang='grc'><strong>-”¹⁴.</strong></span> <span class='ocrx_word' id='word_1_239' title='bbox 857 1552 872 1566; x_wconf 91' lang='grc'><strong>››</strong></span> <span class='ocrx_word' id='word_1_240' title='bbox 909 1542 1011 1577; x_wconf 81' lang='lat' dir='ltr'><strong>Itaque</strong></span> 
     </span>
    </p>
   </div>
   <div class='ocr_carea' id='block_1_35' title="bbox 190 1585 1011 1622">
    <p class='ocr_par' dir='ltr' id='par_1_35' title="bbox 190 1585 1011 1622">
     <span class='ocr_line' id='line_1_35' title="bbox 190 1585 1011 1622; baseline 0.002 -10"><span class='ocrx_word' id='word_1_241' title='bbox 190 1588 309 1621; x_wconf 84' lang='lat' dir='ltr'><strong>propter</strong></span> <span class='ocrx_word' id='word_1_242' title='bbox 322 1586 378 1613; x_wconf 88' lang='lat' dir='ltr'><strong>Job</strong></span> <span class='ocrx_word' id='word_1_243' title='bbox 392 1586 530 1613; x_wconf 85' lang='lat' dir='ltr'><strong>virtutem</strong></span> <span class='ocrx_word' id='word_1_244' title='bbox 546 1585 603 1614; x_wconf 91' lang='lat' dir='ltr'><strong>Deo</strong></span> <span class='ocrx_word' id='word_1_245' title='bbox 620 1587 768 1622; x_wconf 75' lang='lat' dir='ltr'><strong>acceptam</strong></span> <span class='ocrx_word' id='word_1_246' title='bbox 785 1594 841 1614; x_wconf 91' lang='lat' dir='ltr'><strong>non</strong></span> <span class='ocrx_word' id='word_1_247' title='bbox 852 1588 923 1614; x_wconf 90' lang='lat' dir='ltr'><strong>sunt</strong></span> <span class='ocrx_word' id='word_1_248' title='bbox 934 1594 1011 1614; x_wconf 93' lang='lat' dir='ltr'><strong>mor-</strong></span> 
     </span>
    </p>
   </div>
   <div class='ocr_carea' id='block_1_36' title="bbox 192 1629 1012 1664">
    <p class='ocr_par' dir='ltr' id='par_1_36' title="bbox 192 1629 1012 1664">
     <span class='ocr_line' id='line_1_36' title="bbox 192 1629 1012 1664; baseline 0.001 -8"><span class='ocrx_word' id='word_1_249' title='bbox 192 1629 245 1663; x_wconf 86' lang='lat' dir='ltr'><strong>tui,</strong></span> <span class='ocrx_word' id='word_1_250' title='bbox 261 1637 319 1656; x_wconf 89' lang='lat' dir='ltr'><strong>non</strong></span> <span class='ocrx_word' id='word_1_251' title='bbox 335 1631 434 1657; x_wconf 87' lang='lat' dir='ltr'><strong>autem</strong></span> <span class='ocrx_word' id='word_1_252' title='bbox 457 1630 533 1664; x_wconf 88' lang='lat' dir='ltr'><strong>quod</strong></span> <span class='ocrx_word' id='word_1_253' title='bbox 559 1637 616 1657; x_wconf 93' lang='lat' dir='ltr'><strong>non</strong></span> <span class='ocrx_word' id='word_1_254' title='bbox 639 1629 792 1657; x_wconf 89' lang='lat' dir='ltr'><strong>absolutus</strong></span> <span class='ocrx_word' id='word_1_255' title='bbox 815 1632 893 1658; x_wconf 87' lang='lat' dir='ltr'><strong>esset</strong></span> <span class='ocrx_word' id='word_1_256' title='bbox 912 1629 1012 1658; x_wconf 88' lang='lat' dir='ltr'><strong>termi-</strong></span> 
     </span>
    </p>
   </div>
   <div class='ocr_carea' id='block_1_37' title="bbox 193 1673 1014 1709">
    <p class='ocr_par' dir='ltr' id='par_1_37' title="bbox 193 1673 1014 1709">
     <span class='ocr_line' id='line_1_37' title="bbox 193 1673 1014 1709; baseline 0.002 -9"><span class='ocrx_word' id='word_1_257' title='bbox 193 1681 248 1701; x_wconf 90' lang='lat' dir='ltr'><strong>nus</strong></span> <span class='ocrx_word' id='word_1_258' title='bbox 263 1673 327 1700; x_wconf 82' lang='lat' dir='ltr'><strong>vitaa</strong></span> <span class='ocrx_word' id='word_1_259' title='bbox 343 1673 485 1709; x_wconf 87' lang='lat' dir='ltr'><strong>ipsorum.</strong></span> <span class='ocrx_word' id='word_1_260' title='bbox 501 1673 551 1701; x_wconf 84' lang='lat' dir='ltr'><strong>Sin</strong></span> <span class='ocrx_word' id='word_1_261' title='bbox 567 1675 677 1707; x_wconf 88' lang='lat' dir='ltr'><strong>autem,</strong></span> <span class='ocrx_word' id='word_1_262' title='bbox 693 1675 725 1701; x_wconf 87' lang='lat' dir='ltr'><strong>ut</strong></span> <span class='ocrx_word' id='word_1_263' title='bbox 740 1673 917 1709; x_wconf 88' lang='lat' dir='ltr'><strong>quibusdam</strong></span> <span class='ocrx_word' id='word_1_264' title='bbox 933 1674 1014 1702; x_wconf 90' lang='lat' dir='ltr'><strong>vide-</strong></span> 
     </span>
    </p>
   </div>
   <div class='ocr_carea' id='block_1_38' title="bbox 192 1717 1014 1754">
    <p class='ocr_par' dir='ltr' id='par_1_38' title="bbox 192 1717 1014 1754">
     <span class='ocr_line' id='line_1_38' title="bbox 192 1717 1014 1754; baseline 0.002 -9"><span class='ocrx_word' id='word_1_265' title='bbox 192 1720 251 1751; x_wconf 86' lang='lat' dir='ltr'><strong>tur,</strong></span> <span class='ocrx_word' id='word_1_266' title='bbox 267 1717 375 1753; x_wconf 66' lang='lat' dir='ltr'><strong>prslixi</strong></span> <span class='ocrx_word' id='word_1_267' title='bbox 392 1718 462 1745; x_wconf 87' lang='lat' dir='ltr'><strong>sunt</strong></span> <span class='ocrx_word' id='word_1_268' title='bbox 476 1719 505 1745; x_wconf 85' lang='lat' dir='ltr'><strong>et</strong></span> <span class='ocrx_word' id='word_1_269' title='bbox 518 1718 631 1745; x_wconf 85' lang='lat' dir='ltr'><strong>deﬁniti</strong></span> <span class='ocrx_word' id='word_1_270' title='bbox 642 1718 705 1746; x_wconf 91' lang='lat' dir='ltr'><strong>dies</strong></span> <span class='ocrx_word' id='word_1_271' title='bbox 713 1718 942 1753; x_wconf 82' lang='lat' dir='ltr'><strong>hominis,nemo</strong></span> <span class='ocrx_word' id='word_1_272' title='bbox 953 1719 1014 1754; x_wconf 83' lang='lat' dir='ltr'><strong>iam</strong></span> 
     </span>
    </p>
   </div>
   <div class='ocr_carea' id='block_1_39' title="bbox 192 1762 1016 1798">
    <p class='ocr_par' dir='ltr' id='par_1_39' title="bbox 192 1762 1016 1798">
     <span class='ocr_line' id='line_1_39' title="bbox 192 1762 1016 1798; baseline 0.002 -9"><span class='ocrx_word' id='word_1_273' title='bbox 192 1763 223 1790; x_wconf 91' lang='lat' dir='ltr'><strong>in</strong></span> <span class='ocrx_word' id='word_1_274' title='bbox 235 1762 362 1798; x_wconf 83' lang='lat' dir='ltr'><strong>peccatis</strong></span> <span class='ocrx_word' id='word_1_275' title='bbox 372 1762 533 1790; x_wconf 87' lang='lat' dir='ltr'><strong>moriturus</strong></span> <span class='ocrx_word' id='word_1_276' title='bbox 548 1763 585 1790; x_wconf 89' lang='lat' dir='ltr'><strong>ad</strong></span> <span class='ocrx_word' id='word_1_277' title='bbox 597 1764 714 1790; x_wconf 89' lang='lat' dir='ltr'><strong>sanctos</strong></span> <span class='ocrx_word' id='word_1_278' title='bbox 725 1762 801 1790; x_wconf 86' lang='lat' dir='ltr'><strong>viros</strong></span> <span class='ocrx_word' id='word_1_279' title='bbox 812 1763 970 1798; x_wconf 83' lang='lat' dir='ltr'><strong>accederet,</strong></span> <span class='ocrx_word' id='word_1_280' title='bbox 983 1765 1016 1793; x_wconf 89' lang='lat' dir='ltr'><strong>ut</strong></span> 
     </span>
    </p>
   </div>
   <div class='ocr_carea' id='block_1_40' title="bbox 194 1806 1013 1843">
    <p class='ocr_par' dir='ltr' id='par_1_40' title="bbox 194 1806 1013 1843">
     <span class='ocr_line' id='line_1_40' title="bbox 194 1806 1013 1843; baseline 0 -8"><span class='ocrx_word' id='word_1_281' title='bbox 194 1807 284 1835; x_wconf 86' lang='lat' dir='ltr'><strong>vitam</strong></span> <span class='ocrx_word' id='word_1_282' title='bbox 310 1809 339 1835; x_wconf 91' lang='lat' dir='ltr'><strong>et</strong></span> <span class='ocrx_word' id='word_1_283' title='bbox 353 1807 572 1835; x_wconf 86' lang='lat' dir='ltr'><strong>conversionem</strong></span> <span class='ocrx_word' id='word_1_284' title='bbox 588 1806 645 1835; x_wconf 90' lang='lat' dir='ltr'><strong>sibi</strong></span> <span class='ocrx_word' id='word_1_285' title='bbox 659 1815 676 1834; x_wconf 95' lang='lat' dir='ltr'><strong>a</strong></span> <span class='ocrx_word' id='word_1_286' title='bbox 698 1809 755 1835; x_wconf 90' lang='lat' dir='ltr'><strong>Deo</strong></span> <span class='ocrx_word' id='word_1_287' title='bbox 776 1809 904 1843; x_wconf 86' lang='lat' dir='ltr'><strong>peteret:</strong></span> <span class='ocrx_word' id='word_1_288' title='bbox 928 1815 1013 1835; x_wconf 90' lang='lat' dir='ltr'><strong>nemo</strong></span> 
     </span>
    </p>
   </div>
   <div class='ocr_carea' id='block_1_41' title="bbox 193 1850 1014 1888">
    <p class='ocr_par' dir='ltr' id='par_1_41' title="bbox 193 1850 1014 1888">
     <span class='ocr_line' id='line_1_41' title="bbox 193 1850 1014 1888; baseline 0 -9"><span class='ocrx_word' id='word_1_289' title='bbox 193 1852 284 1880; x_wconf 74' lang='lat' dir='ltr'><strong>Deum</strong></span> <span class='ocrx_word' id='word_1_290' title='bbox 302 1859 352 1887; x_wconf 91' lang='lat' dir='ltr'><strong>pro</strong></span> <span class='ocrx_word' id='word_1_291' title='bbox 367 1850 527 1879; x_wconf 89' lang='lat' dir='ltr'><strong>liberorum</strong></span> <span class='ocrx_word' id='word_1_292' title='bbox 552 1851 611 1879; x_wconf 88' lang='lat' dir='ltr'><strong>vita</strong></span> <span class='ocrx_word' id='word_1_293' title='bbox 632 1853 757 1888; x_wconf 80' lang='lat' dir='ltr'><strong>rogaret.</strong></span> <span class='ocrx_word' id='word_1_294' title='bbox 781 1851 892 1887; x_wconf 87' lang='lat' dir='ltr'><strong>Quippe</strong></span> <span class='ocrx_word' id='word_1_295' title='bbox 913 1852 1014 1879; x_wconf 87' lang='lat' dir='ltr'><strong>termi-</strong></span> 
     </span>
    </p>
   </div>
   <div class='ocr_carea' id='block_1_42' title="bbox 195 1895 1015 1932">
    <p class='ocr_par' dir='ltr' id='par_1_42' title="bbox 195 1895 1015 1932">
     <span class='ocr_line' id='line_1_42' title="bbox 195 1895 1015 1932; baseline -0.001 -8"><span class='ocrx_word' id='word_1_296' title='bbox 195 1904 260 1930; x_wconf 86' lang='lat' dir='ltr'><strong>nus,</strong></span> <span class='ocrx_word' id='word_1_297' title='bbox 278 1896 424 1924; x_wconf 87' lang='lat' dir='ltr'><strong>terminus</strong></span> <span class='ocrx_word' id='word_1_298' title='bbox 438 1899 492 1932; x_wconf 85' lang='lat' dir='ltr'><strong>est,</strong></span> <span class='ocrx_word' id='word_1_299' title='bbox 523 1895 665 1932; x_wconf 80' lang='lat' dir='ltr'><strong>nihilque,</strong></span> <span class='ocrx_word' id='word_1_300' title='bbox 690 1896 853 1924; x_wconf 89' lang='lat' dir='ltr'><strong>secundum</strong></span> <span class='ocrx_word' id='word_1_301' title='bbox 879 1895 946 1924; x_wconf 89' lang='lat' dir='ltr'><strong>illos</strong></span> <span class='ocrx_word' id='word_1_302' title='bbox 973 1896 1015 1924; x_wconf 91' lang='lat' dir='ltr'><strong>illi</strong></span> 
     </span>
    </p>
   </div>
   <div class='ocr_carea' id='block_1_43' title="bbox 194 1940 1016 1978">
    <p class='ocr_par' dir='ltr' id='par_1_43' title="bbox 194 1940 1016 1978">
     <span class='ocr_line' id='line_1_43' title="bbox 194 1940 1016 1978; baseline 0 -9"><span class='ocrx_word' id='word_1_303' title='bbox 194 1943 291 1977; x_wconf 89' lang='lat' dir='ltr'><strong>potest</strong></span> <span class='ocrx_word' id='word_1_304' title='bbox 306 1941 384 1969; x_wconf 87' lang='lat' dir='ltr'><strong>addi.</strong></span> <span class='ocrx_word' id='word_1_305' title='bbox 401 1943 458 1969; x_wconf 86' lang='lat' dir='ltr'><strong>Cur</strong></span> <span class='ocrx_word' id='word_1_306' title='bbox 472 1949 540 1978; x_wconf 79' lang='lat' dir='ltr'><strong>ergo</strong></span> <span class='ocrx_word' id='word_1_307' title='bbox 554 1940 704 1977; x_wconf 87' lang='lat' dir='ltr'><strong>Scriptura</strong></span> <span class='ocrx_word' id='word_1_308' title='bbox 720 1941 862 1977; x_wconf 73' lang='lat' dir='ltr'><strong>praecipit,</strong></span> <span class='ocrx_word' id='word_1_309' title='bbox 874 1952 888 1967; x_wconf 86' lang='grc'><strong>‹‹</strong></span> <span class='ocrx_word' id='word_1_310' title='bbox 900 1941 1016 1969; x_wconf 81' lang='lat' dir='ltr'><strong>Honora</strong></span> 
     </span>
    </p>
   </div>
   <div class='ocr_carea' id='block_1_44' title="bbox 194 1985 1015 2022">
    <p class='ocr_par' dir='ltr' id='par_1_44' title="bbox 194 1985 1015 2022">
     <span class='ocr_line' id='line_1_44' title="bbox 194 1985 1015 2022; baseline -0.002 -9"><span class='ocrx_word' id='word_1_311' title='bbox 194 1988 306 2021; x_wconf 80' lang='lat' dir='ltr'><strong>patrem</strong></span> <span class='ocrx_word' id='word_1_312' title='bbox 318 1988 402 2013; x_wconf 86' lang='lat' dir='ltr'><strong>tuum</strong></span> <span class='ocrx_word' id='word_1_313' title='bbox 413 1987 441 2013; x_wconf 89' lang='lat' dir='ltr'><strong>et</strong></span> <span class='ocrx_word' id='word_1_314' title='bbox 452 1989 574 2013; x_wconf 86' lang='lat' dir='ltr'><strong>matrem</strong></span> <span class='ocrx_word' id='word_1_315' title='bbox 587 1988 677 2020; x_wconf 83' lang='lat' dir='ltr'><strong>tuam,</strong></span> <span class='ocrx_word' id='word_1_316' title='bbox 688 1987 721 2013; x_wconf 88' lang='lat' dir='ltr'><strong>ut</strong></span> <span class='ocrx_word' id='word_1_317' title='bbox 735 1985 777 2013; x_wconf 89' lang='lat' dir='ltr'><strong>sis</strong></span> <span class='ocrx_word' id='word_1_318' title='bbox 787 1985 935 2022; x_wconf 64' lang='lat' dir='ltr'><strong>longevus</strong></span> <span class='ocrx_word' id='word_1_319' title='bbox 945 1986 967 2003; x_wconf 77' lang='grc'>⁷⁵</span> <span class='ocrx_word' id='word_1_320' title='bbox 976 1985 990 2013; x_wconf 83' lang='lat'><strong>?</strong></span> <span class='ocrx_word' id='word_1_321' title='bbox 1001 1996 1015 2011; x_wconf 86' lang='grc'><strong>››</strong></span> 
     </span>
    </p>
   </div>
   <div class='ocr_carea' id='block_1_45' title="bbox 194 2029 1015 2065">
    <p class='ocr_par' dir='ltr' id='par_1_45' title="bbox 194 2029 1015 2065">
     <span class='ocr_line' id='line_1_45' title="bbox 194 2029 1015 2065; baseline 0.001 -10"><span class='ocrx_word' id='word_1_322' title='bbox 194 2030 295 2064; x_wconf 78' lang='lat' dir='ltr'><strong>Itaque</strong></span> <span class='ocrx_word' id='word_1_323' title='bbox 311 2029 456 2057; x_wconf 88' lang='lat' dir='ltr'><strong>terminus</strong></span> <span class='ocrx_word' id='word_1_324' title='bbox 470 2029 535 2057; x_wconf 70' lang='lat' dir='ltr'><strong>vita:</strong></span> <span class='ocrx_word' id='word_1_325' title='bbox 558 2029 698 2065; x_wconf 83' lang='lat' dir='ltr'><strong>hominis,</strong></span> <span class='ocrx_word' id='word_1_326' title='bbox 727 2032 773 2057; x_wconf 88' lang='lat' dir='ltr'><strong>est</strong></span> <span class='ocrx_word' id='word_1_327' title='bbox 793 2029 929 2058; x_wconf 88' lang='lat' dir='ltr'><strong>voluntas</strong></span> <span class='ocrx_word' id='word_1_328' title='bbox 955 2029 1015 2064; x_wconf 89' lang='lat' dir='ltr'><strong>Dei,</strong></span> 
     </span>
    </p>
   </div>
   <div class='ocr_carea' id='block_1_46' title="bbox 195 2073 1018 2110">
    <p class='ocr_par' dir='ltr' id='par_1_46' title="bbox 195 2073 1018 2110">
     <span class='ocr_line' id='line_1_46' title="bbox 195 2073 1018 2110; baseline 0.002 -10"><span class='ocrx_word' id='word_1_329' title='bbox 195 2073 245 2109; x_wconf 91' lang='lat' dir='ltr'><strong>qui</strong></span> <span class='ocrx_word' id='word_1_330' title='bbox 261 2073 323 2100; x_wconf 89' lang='lat' dir='ltr'><strong>dies</strong></span> <span class='ocrx_word' id='word_1_331' title='bbox 339 2073 420 2101; x_wconf 89' lang='lat' dir='ltr'><strong>addit</strong></span> <span class='ocrx_word' id='word_1_332' title='bbox 430 2073 477 2101; x_wconf 91' lang='lat' dir='ltr'><strong>cui</strong></span> <span class='ocrx_word' id='word_1_333' title='bbox 492 2073 626 2107; x_wconf 86' lang='lat' dir='ltr'><strong>voluerit,</strong></span> <span class='ocrx_word' id='word_1_334' title='bbox 647 2074 742 2102; x_wconf 85' lang='lat' dir='ltr'><strong>aufert</strong></span> <span class='ocrx_word' id='word_1_335' title='bbox 770 2082 836 2102; x_wconf 90' lang='lat' dir='ltr'><strong>vero</strong></span> <span class='ocrx_word' id='word_1_336' title='bbox 852 2083 869 2102; x_wconf 85' lang='lat' dir='ltr'><strong>a</strong></span> <span class='ocrx_word' id='word_1_337' title='bbox 886 2082 943 2110; x_wconf 89' lang='lat' dir='ltr'><strong>quo</strong></span> <span class='ocrx_word' id='word_1_338' title='bbox 968 2082 1018 2102; x_wconf 86' lang='lat' dir='ltr'><strong>au-</strong></span> 
     </span>
    </p>
   </div>
   <div class='ocr_carea' id='block_1_47' title="bbox 194 2117 1016 2154">
    <p class='ocr_par' dir='ltr' id='par_1_47' title="bbox 194 2117 1016 2154">
     <span class='ocr_line' id='line_1_47' title="bbox 194 2117 1016 2154; baseline 0.004 -10"><span class='ocrx_word' id='word_1_339' title='bbox 194 2117 264 2145; x_wconf 76' lang='lat' dir='ltr'><strong>ferri</strong></span> <span class='ocrx_word' id='word_1_340' title='bbox 280 2117 407 2151; x_wconf 88' lang='lat' dir='ltr'><strong>libuerit,</strong></span> <span class='ocrx_word' id='word_1_341' title='bbox 426 2118 525 2145; x_wconf 90' lang='lat' dir='ltr'><strong>omnia</strong></span> <span class='ocrx_word' id='word_1_342' title='bbox 544 2119 580 2145; x_wconf 89' lang='lat' dir='ltr'><strong>ad</strong></span> <span class='ocrx_word' id='word_1_343' title='bbox 606 2118 840 2154; x_wconf 83' lang='lat' dir='ltr'><strong>uniuscujusque</strong></span> <span class='ocrx_word' id='word_1_344' title='bbox 858 2118 1016 2147; x_wconf 87' lang='lat' dir='ltr'><strong>utilitatem</strong></span> 
     </span>
    </p>
   </div>
   <div class='ocr_carea' id='block_1_48' title="bbox 198 2162 1017 2199">
    <p class='ocr_par' dir='ltr' id='par_1_48' title="bbox 198 2162 1017 2199">
     <span class='ocr_line' id='line_1_48' title="bbox 198 2162 1017 2199; baseline 0.002 -10"><span class='ocrx_word' id='word_1_345' title='bbox 198 2170 297 2198; x_wconf 86' lang='lat' dir='ltr'><strong>agens.</strong></span> <span class='ocrx_word' id='word_1_346' title='bbox 312 2163 352 2189; x_wconf 81' lang='lat' dir='ltr'><strong>Ac</strong></span> <span class='ocrx_word' id='word_1_347' title='bbox 362 2162 610 2197; x_wconf 87' lang='lat' dir='ltr'><strong>quemadmodum</strong></span> <span class='ocrx_word' id='word_1_348' title='bbox 623 2163 719 2199; x_wconf 85' lang='lat' dir='ltr'><strong>gregis</strong></span> <span class='ocrx_word' id='word_1_349' title='bbox 729 2163 877 2199; x_wconf 89' lang='lat' dir='ltr'><strong>dominus,</strong></span> <span class='ocrx_word' id='word_1_350' title='bbox 885 2172 952 2192; x_wconf 89' lang='lat' dir='ltr'><strong>cum</strong></span> <span class='ocrx_word' id='word_1_351' title='bbox 967 2172 1017 2191; x_wconf 95' lang='lat' dir='ltr'><strong>vo-</strong></span> 
     </span>
    </p>
   </div>
   <div class='ocr_carea' id='block_1_49' title="bbox 198 2206 1020 2243">
    <p class='ocr_par' dir='ltr' id='par_1_49' title="bbox 198 2206 1020 2243">
     <span class='ocr_line' id='line_1_49' title="bbox 198 2206 1020 2243; baseline 0.002 -8"><span class='ocrx_word' id='word_1_352' title='bbox 198 2206 296 2240; x_wconf 86' lang='lat' dir='ltr'><strong>luerit,</strong></span> <span class='ocrx_word' id='word_1_353' title='bbox 313 2206 405 2234; x_wconf 87' lang='lat' dir='ltr'><strong>mittit</strong></span> <span class='ocrx_word' id='word_1_354' title='bbox 419 2209 449 2235; x_wconf 85' lang='lat' dir='ltr'><strong>et</strong></span> <span class='ocrx_word' id='word_1_355' title='bbox 463 2207 585 2235; x_wconf 83' lang='lat' dir='ltr'><strong>accersit</strong></span> <span class='ocrx_word' id='word_1_356' title='bbox 599 2215 672 2242; x_wconf 86' lang='lat' dir='ltr'><strong>quas</strong></span> <span class='ocrx_word' id='word_1_357' title='bbox 691 2207 817 2236; x_wconf 90' lang='lat' dir='ltr'><strong>voluerit</strong></span> <span class='ocrx_word' id='word_1_358' title='bbox 830 2216 897 2237; x_wconf 87' lang='lat' dir='ltr'><strong>oves</strong></span> <span class='ocrx_word' id='word_1_359' title='bbox 910 2216 917 2243; x_wconf 87' lang='lat'><strong>;</strong></span> <span class='ocrx_word' id='word_1_360' title='bbox 933 2209 972 2237; x_wconf 87' lang='lat' dir='ltr'><strong>ila</strong></span> <span class='ocrx_word' id='word_1_361' title='bbox 991 2211 1020 2237; x_wconf 88' lang='lat' dir='ltr'><strong>et</strong></span> 
     </span>
    </p>
   </div>
   <div class='ocr_carea' id='block_1_50' title="bbox 201 2251 1019 2288">
    <p class='ocr_par' dir='ltr' id='par_1_50' title="bbox 201 2251 1019 2288">
     <span class='ocr_line' id='line_1_50' title="bbox 201 2251 1019 2288; baseline 0.002 -9"><span class='ocrx_word' id='word_1_362' title='bbox 201 2253 276 2279; x_wconf 86' lang='lat' dir='ltr'><strong>Deus</strong></span> <span class='ocrx_word' id='word_1_363' title='bbox 292 2259 323 2279; x_wconf 89' lang='lat' dir='ltr'><strong>se</strong></span> <span class='ocrx_word' id='word_1_364' title='bbox 337 2258 406 2287; x_wconf 84' lang='lat' dir='ltr'><strong>erga</strong></span> <span class='ocrx_word' id='word_1_365' title='bbox 420 2251 555 2280; x_wconf 87' lang='lat' dir='ltr'><strong>homines</strong></span> <span class='ocrx_word' id='word_1_366' title='bbox 570 2251 655 2287; x_wconf 82' lang='lat' dir='ltr'><strong>gerit,</strong></span> <span class='ocrx_word' id='word_1_367' title='bbox 669 2253 797 2288; x_wconf 86' lang='lat' dir='ltr'><strong>tuncque</strong></span> <span class='ocrx_word' id='word_1_368' title='bbox 813 2260 892 2281; x_wconf 87' lang='lat' dir='ltr'><strong>mors</strong></span> <span class='ocrx_word' id='word_1_369' title='bbox 907 2253 1019 2281; x_wconf 86' lang='lat' dir='ltr'><strong>homini</strong></span> 
     </span>
    </p>
   </div>
   <div class='ocr_carea' id='block_1_51' title="bbox 1063 294 1244 331">
    <p class='ocr_par' dir='ltr' id='par_1_51' title="bbox 1063 294 1244 331">
     <span class='ocr_line' id='line_1_51' title="bbox 1063 294 1244 331; baseline 0.006 -9"><span class='ocrx_word' id='word_1_370' title='bbox 1063 294 1244 331; x_wconf 74' lang='grc' dir='ltr'>πεπλάνηται.</span> 
     </span>
    </p>
   </div>
   <div class='ocr_carea' id='block_1_52' title="bbox 1099 338 1888 378">
    <p class='ocr_par' dir='ltr' id='par_1_52' title="bbox 1099 338 1888 378">
     <span class='ocr_line' id='line_1_52' title="bbox 1099 338 1888 378; baseline -0.001 -10"><span class='ocrx_word' id='word_1_371' title='bbox 1099 340 1193 377; x_wconf 75' lang='grc' dir='ltr'>Ἑρώτ.</span> <span class='ocrx_word' id='word_1_372' title='bbox 1211 341 1271 378; x_wconf 86' lang='grc' dir='ltr'>ριγ’.</span> <span class='ocrx_word' id='word_1_373' title='bbox 1286 340 1321 367; x_wconf 84' lang='grc' dir='ltr'>Τὸ</span> <span class='ocrx_word' id='word_1_374' title='bbox 1338 340 1408 378; x_wconf 81' lang='grc' dir='ltr'>μέγα</span> <span class='ocrx_word' id='word_1_375' title='bbox 1426 339 1471 367; x_wconf 81' lang='grc' dir='ltr'><strong>καὶ</strong></span> <span class='ocrx_word' id='word_1_376' title='bbox 1495 338 1736 377; x_wconf 72' lang='grc' dir='ltr'>πολυθρύλλητον,</span> <span class='ocrx_word' id='word_1_377' title='bbox 1751 339 1796 367; x_wconf 71' lang='grc' dir='ltr'>καὶ</span> <span class='ocrx_word' id='word_1_378' title='bbox 1822 349 1888 377; x_wconf 64' lang='grc' dir='ltr'>σχε.</span> 
     </span>
    </p>
   </div>
   <div class='ocr_carea' id='block_1_53' title="bbox 1063 383 1886 422">
    <p class='ocr_par' dir='ltr' id='par_1_53' title="bbox 1063 383 1886 422">
     <span class='ocr_line' id='line_1_53' title="bbox 1063 383 1886 422; baseline -0.001 -10"><span class='ocrx_word' id='word_1_379' title='bbox 1063 383 1108 412; x_wconf 87' lang='grc' dir='ltr'><strong>δὸν</strong></span> <span class='ocrx_word' id='word_1_380' title='bbox 1134 385 1206 421; x_wconf 82' lang='grc' dir='ltr'>παρὰ</span> <span class='ocrx_word' id='word_1_381' title='bbox 1227 385 1335 412; x_wconf 75' lang='grc' dir='ltr'>πάντων</span> <span class='ocrx_word' id='word_1_382' title='bbox 1366 384 1530 421; x_wconf 74' lang='grc' dir='ltr'>ζητούμενον</span> <span class='ocrx_word' id='word_1_383' title='bbox 1561 383 1624 422; x_wconf 74' lang='grc' dir='ltr'>ὅρον</span> <span class='ocrx_word' id='word_1_384' title='bbox 1653 383 1769 421; x_wconf 79' lang='grc' dir='ltr'>Θέλομεν</span> <span class='ocrx_word' id='word_1_385' title='bbox 1797 383 1886 422; x_wconf 74' lang='grc' dir='ltr'>λέγειν</span> 
     </span>
    </p>
   </div>
   <div class='ocr_carea' id='block_1_54' title="bbox 1063 427 1884 468">
    <p class='ocr_par' dir='ltr' id='par_1_54' title="bbox 1063 427 1884 468">
     <span class='ocr_line' id='line_1_54' title="bbox 1063 427 1884 468; baseline -0.001 -11"><span class='ocrx_word' id='word_1_386' title='bbox 1063 427 1135 467; x_wconf 78' lang='grc' dir='ltr'>ἔχειν</span> <span class='ocrx_word' id='word_1_387' title='bbox 1150 430 1200 464; x_wconf 78' lang='grc' dir='ltr'>τὴν</span> <span class='ocrx_word' id='word_1_388' title='bbox 1216 432 1264 457; x_wconf 77' lang='grc' dir='ltr'><strong>τοῦ</strong></span> <span class='ocrx_word' id='word_1_389' title='bbox 1276 430 1421 468; x_wconf 84' lang='grc' dir='ltr'>ἀνθρώπου</span> <span class='ocrx_word' id='word_1_390' title='bbox 1438 430 1521 465; x_wconf 81' lang='grc' dir='ltr'>ζωὴν,</span> <span class='ocrx_word' id='word_1_391' title='bbox 1537 429 1554 464; x_wconf 78' lang='grc' dir='ltr'><strong>ἢ</strong></span> <span class='ocrx_word' id='word_1_392' title='bbox 1571 427 1603 456; x_wconf 68' lang='grc' dir='ltr'><strong>οὗ</strong></span> <span class='ocrx_word' id='word_1_393' title='bbox 1618 430 1693 466; x_wconf 82' lang='lat'><strong>(52);</strong></span> <span class='ocrx_word' id='word_1_394' title='bbox 1711 428 1742 457; x_wconf 79' lang='lat' dir='ltr'><strong>Ei</strong></span> <span class='ocrx_word' id='word_1_395' title='bbox 1760 428 1807 465; x_wconf 72' lang='grc' dir='ltr'>μὲν</span> <span class='ocrx_word' id='word_1_396' title='bbox 1832 428 1884 467; x_wconf 77' lang='grc' dir='ltr'><strong>γὰρ</strong></span> 
     </span>
    </p>
   </div>
   <div class='ocr_carea' id='block_1_55' title="bbox 1062 471 1888 513">
    <p class='ocr_par' dir='ltr' id='par_1_55' title="bbox 1062 471 1888 513">
     <span class='ocr_line' id='line_1_55' title="bbox 1062 471 1888 513; baseline -0.001 -11"><span class='ocrx_word' id='word_1_397' title='bbox 1062 474 1126 512; x_wconf 74' lang='grc' dir='ltr'>ὅρος</span> <span class='ocrx_word' id='word_1_398' title='bbox 1142 473 1208 510; x_wconf 77' lang='grc' dir='ltr'>ἐστὶ,</span> <span class='ocrx_word' id='word_1_399' title='bbox 1223 476 1281 505; x_wconf 76' lang='grc' dir='ltr'><strong>πῶς</strong></span> <span class='ocrx_word' id='word_1_400' title='bbox 1306 483 1385 513; x_wconf 80' lang='grc' dir='ltr'>φησιν</span> <span class='ocrx_word' id='word_1_401' title='bbox 1403 474 1417 501; x_wconf 86' lang='grc' dir='ltr'><strong>ὁ</strong></span> <span class='ocrx_word' id='word_1_402' title='bbox 1435 471 1517 501; x_wconf 72' lang='grc' dir='ltr'><strong>Δαῦὶδ</strong></span> <span class='ocrx_word' id='word_1_403' title='bbox 1537 476 1577 510; x_wconf 83' lang='grc' dir='ltr'>τῷ</span> <span class='ocrx_word' id='word_1_404' title='bbox 1600 475 1669 509; x_wconf 85' lang='grc' dir='ltr'><strong>Θεῷ.</strong></span> <span class='ocrx_word' id='word_1_405' title='bbox 1686 485 1699 498; x_wconf 72' lang='grc' dir='ltr'>(ι</span> <span class='ocrx_word' id='word_1_406' title='bbox 1717 474 1763 508; x_wconf 86' lang='grc' dir='ltr'>Μή</span> <span class='ocrx_word' id='word_1_407' title='bbox 1791 473 1888 511; x_wconf 79' lang='grc' dir='ltr'>ἀναγά-</span> 
     </span>
    </p>
   </div>
   <div class='ocr_carea' id='block_1_56' title="bbox 1062 516 1886 556">
    <p class='ocr_par' dir='ltr' id='par_1_56' title="bbox 1062 516 1886 556">
     <span class='ocr_line' id='line_1_56' title="bbox 1062 516 1886 556; baseline -0.002 -10"><span class='ocrx_word' id='word_1_408' title='bbox 1062 529 1111 556; x_wconf 74' lang='grc' dir='ltr'><strong>γῃς</strong></span> <span class='ocrx_word' id='word_1_409' title='bbox 1129 530 1162 556; x_wconf 77' lang='grc' dir='ltr'><strong>με</strong></span> <span class='ocrx_word' id='word_1_410' title='bbox 1175 518 1200 546; x_wconf 72' lang='grc' dir='ltr'>ἐν</span> <span class='ocrx_word' id='word_1_411' title='bbox 1213 519 1307 555; x_wconf 77' lang='grc' dir='ltr'>ἡμίσει</span> <span class='ocrx_word' id='word_1_412' title='bbox 1322 519 1433 556; x_wconf 81' lang='grc' dir='ltr'>ἡμερῶν</span> <span class='ocrx_word' id='word_1_413' title='bbox 1446 528 1517 555; x_wconf 74' lang='grc' dir='ltr'>μους</span> <span class='ocrx_word' id='word_1_414' title='bbox 1535 530 1548 544; x_wconf 83' lang='lat' dir='ltr'><strong>n</strong></span> <span class='ocrx_word' id='word_1_415' title='bbox 1565 518 1587 545; x_wconf 86' lang='grc' dir='ltr'>εἷ</span> <span class='ocrx_word' id='word_1_416' title='bbox 1603 516 1632 545; x_wconf 79' lang='grc' dir='ltr'><strong>δὶ</strong></span> <span class='ocrx_word' id='word_1_417' title='bbox 1646 516 1696 545; x_wconf 74' lang='grc' dir='ltr'><strong>οὐκ</strong></span> <span class='ocrx_word' id='word_1_418' title='bbox 1710 516 1781 545; x_wconf 81' lang='grc' dir='ltr'>ἔστιν</span> <span class='ocrx_word' id='word_1_419' title='bbox 1810 517 1886 555; x_wconf 74' lang='grc' dir='ltr'>ὅρος,</span> 
     </span>
    </p>
   </div>
   <div class='ocr_carea' id='block_1_57' title="bbox 1061 561 1888 600">
    <p class='ocr_par' dir='ltr' id='par_1_57' title="bbox 1061 561 1888 600">
     <span class='ocr_line' id='line_1_57' title="bbox 1061 561 1888 600; baseline 0 -10"><span class='ocrx_word' id='word_1_420' title='bbox 1061 566 1119 594; x_wconf 82' lang='grc' dir='ltr'><strong>πῶς</strong></span> <span class='ocrx_word' id='word_1_421' title='bbox 1135 563 1217 591; x_wconf 72' lang='grc' dir='ltr'>πάλιν</span> <span class='ocrx_word' id='word_1_422' title='bbox 1233 564 1247 591; x_wconf 85' lang='grc' dir='ltr'>ὁ</span> <span class='ocrx_word' id='word_1_423' title='bbox 1272 563 1352 593; x_wconf 82' lang='grc' dir='ltr'>αὐτὸς</span> <span class='ocrx_word' id='word_1_424' title='bbox 1377 562 1476 600; x_wconf 76' lang='grc' dir='ltr'>λέγει’</span> <span class='ocrx_word' id='word_1_425' title='bbox 1504 574 1518 588; x_wconf 90' lang='grc'><em>‹‹</em></span> <span class='ocrx_word' id='word_1_426' title='bbox 1549 561 1620 591; x_wconf 71' lang='grc' dir='ltr'>Ἰδοὺ</span> <span class='ocrx_word' id='word_1_427' title='bbox 1645 561 1796 593; x_wconf 73' lang='grc' dir='ltr'>παλαιστὰς</span> <span class='ocrx_word' id='word_1_428' title='bbox 1825 561 1888 594; x_wconf 80' lang='grc' dir='ltr'>ἔθου</span> 
     </span>
    </p>
   </div>
   <div class='ocr_carea' id='block_1_58' title="bbox 1060 606 1886 645">
    <p class='ocr_par' dir='ltr' id='par_1_58' title="bbox 1060 606 1886 645">
     <span class='ocr_line' id='line_1_58' title="bbox 1060 606 1886 645; baseline -0.001 -10"><span class='ocrx_word' id='word_1_429' title='bbox 1060 608 1108 639; x_wconf 85' lang='grc' dir='ltr'><strong>τὰς</strong></span> <span class='ocrx_word' id='word_1_430' title='bbox 1123 608 1230 645; x_wconf 79' lang='grc' dir='ltr'>ἡμέρας</span> <span class='ocrx_word' id='word_1_431' title='bbox 1247 618 1309 644; x_wconf 89' lang='grc' dir='ltr'>μου.</span> <span class='ocrx_word' id='word_1_432' title='bbox 1329 619 1340 633; x_wconf 73' lang='grc' dir='ltr'>ι</span> <span class='ocrx_word' id='word_1_433' title='bbox 1356 607 1389 636; x_wconf 80' lang='lat' dir='ltr'><strong>El</strong></span> <span class='ocrx_word' id='word_1_434' title='bbox 1405 606 1435 635; x_wconf 71' lang='grc' dir='ltr'><strong>δὲ</strong></span> <span class='ocrx_word' id='word_1_435' title='bbox 1449 606 1531 635; x_wconf 81' lang='grc' dir='ltr'>πάλιν</span> <span class='ocrx_word' id='word_1_436' title='bbox 1546 606 1610 645; x_wconf 75' lang='grc' dir='ltr'>ὅρος</span> <span class='ocrx_word' id='word_1_437' title='bbox 1634 606 1701 640; x_wconf 79' lang='grc' dir='ltr'>ἐστὶ,</span> <span class='ocrx_word' id='word_1_438' title='bbox 1716 608 1774 637; x_wconf 85' lang='grc' dir='ltr'>πῶς</span> <span class='ocrx_word' id='word_1_439' title='bbox 1799 607 1813 634; x_wconf 86' lang='grc' dir='ltr'><strong>ὁ</strong></span> <span class='ocrx_word' id='word_1_440' title='bbox 1834 609 1886 634; x_wconf 91' lang='grc' dir='ltr'><strong>Σο-</strong></span> 
     </span>
    </p>
   </div>
   <div class='ocr_carea' id='block_1_59' title="bbox 1062 648 1886 691">
    <p class='ocr_par' dir='ltr' id='par_1_59' title="bbox 1062 648 1886 691">
     <span class='ocr_line' id='line_1_59' title="bbox 1062 648 1886 691; baseline -0.001 -12"><span class='ocrx_word' id='word_1_441' title='bbox 1062 652 1157 689; x_wconf 90' lang='grc' dir='ltr'>λομών</span> <span class='ocrx_word' id='word_1_442' title='bbox 1174 661 1249 691; x_wconf 81' lang='grc' dir='ltr'>φησι’</span> <span class='ocrx_word' id='word_1_443' title='bbox 1268 663 1283 678; x_wconf 90' lang='grc'><strong>‹‹</strong></span> <span class='ocrx_word' id='word_1_444' title='bbox 1298 653 1343 687; x_wconf 86' lang='grc' dir='ltr'>Μή</span> <span class='ocrx_word' id='word_1_445' title='bbox 1360 651 1435 690; x_wconf 81' lang='grc' dir='ltr'>γίνου</span> <span class='ocrx_word' id='word_1_446' title='bbox 1461 651 1593 688; x_wconf 75' lang='grc' dir='ltr'>σκληρὸς,</span> <span class='ocrx_word' id='word_1_447' title='bbox 1615 649 1685 687; x_wconf 77' lang='grc' dir='ltr'>μηδὶ</span> <span class='ocrx_word' id='word_1_448' title='bbox 1714 648 1813 685; x_wconf 73' lang='grc' dir='ltr'>ἀσεϐὴς</span> <span class='ocrx_word' id='word_1_449' title='bbox 1841 650 1886 678; x_wconf 80' lang='grc' dir='ltr'>ἐπὶ</span> 
     </span>
    </p>
   </div>
   <div class='ocr_carea' id='block_1_60' title="bbox 1061 694 1886 733">
    <p class='ocr_par' dir='ltr' id='par_1_60' title="bbox 1061 694 1886 733">
     <span class='ocr_line' id='line_1_60' title="bbox 1061 694 1886 733; baseline -0.002 -9"><span class='ocrx_word' id='word_1_450' title='bbox 1061 696 1204 729; x_wconf 52' lang='lat' dir='ltr'><strong>nol-5,33“</strong></span> <span class='ocrx_word' id='word_1_451' title='bbox 1230 697 1268 733; x_wconf 82' lang='grc' dir='ltr'>μή</span> <span class='ocrx_word' id='word_1_452' title='bbox 1293 696 1428 733; x_wconf 79' lang='grc' dir='ltr'>ἀποθάνῃς</span> <span class='ocrx_word' id='word_1_453' title='bbox 1445 696 1470 724; x_wconf 74' lang='grc' dir='ltr'>ἓν</span> <span class='ocrx_word' id='word_1_454' title='bbox 1496 695 1527 723; x_wconf 81' lang='grc' dir='ltr'>οὐ</span> <span class='ocrx_word' id='word_1_455' title='bbox 1553 698 1641 733; x_wconf 80' lang='grc' dir='ltr'>καιρῷ</span> <span class='ocrx_word' id='word_1_456' title='bbox 1669 706 1729 724; x_wconf 85' lang='grc' dir='ltr'>σου.</span> <span class='ocrx_word' id='word_1_457' title='bbox 1746 709 1760 721; x_wconf 81' lang='lat' dir='ltr'><strong>n</strong></span> <span class='ocrx_word' id='word_1_458' title='bbox 1778 695 1809 724; x_wconf 67' lang='lat' dir='ltr'><strong>Et</strong></span> <span class='ocrx_word' id='word_1_459' title='bbox 1838 694 1886 722; x_wconf 71' lang='grc' dir='ltr'>οὖν</span> 
     </span>
    </p>
   </div>
   <div class='ocr_carea' id='block_1_61' title="bbox 1060 738 1884 779">
    <p class='ocr_par' dir='ltr' id='par_1_61' title="bbox 1060 738 1884 779">
     <span class='ocr_line' id='line_1_61' title="bbox 1060 738 1884 779; baseline -0.002 -11"><span class='ocrx_word' id='word_1_460' title='bbox 1060 740 1129 768; x_wconf 72' lang='grc' dir='ltr'>ἐστιν</span> <span class='ocrx_word' id='word_1_461' title='bbox 1145 741 1170 768; x_wconf 79' lang='grc' dir='ltr'>ἰν</span> <span class='ocrx_word' id='word_1_462' title='bbox 1189 741 1219 769; x_wconf 81' lang='grc' dir='ltr'>οὐ</span> <span class='ocrx_word' id='word_1_463' title='bbox 1235 743 1322 779; x_wconf 77' lang='grc' dir='ltr'>χαιρῷ</span> <span class='ocrx_word' id='word_1_464' title='bbox 1338 741 1489 775; x_wconf 78' lang='grc' dir='ltr'>ἀποθανεῖν,</span> <span class='ocrx_word' id='word_1_465' title='bbox 1503 742 1562 771; x_wconf 76' lang='grc' dir='ltr'><strong>πῶς</strong></span> <span class='ocrx_word' id='word_1_466' title='bbox 1586 750 1655 767; x_wconf 89' lang='grc' dir='ltr'>τισιν</span> <span class='ocrx_word' id='word_1_467' title='bbox 1680 738 1754 776; x_wconf 65' lang='grc' dir='ltr'>ἔδοξε</span> <span class='ocrx_word' id='word_1_468' title='bbox 1784 739 1884 777; x_wconf 79' lang='grc' dir='ltr'>λέγειν,</span> 
     </span>
    </p>
   </div>
   <div class='ocr_carea' id='block_1_62' title="bbox 1061 783 1888 823">
    <p class='ocr_par' dir='ltr' id='par_1_62' title="bbox 1061 783 1888 823">
     <span class='ocr_line' id='line_1_62' title="bbox 1061 783 1888 823; baseline -0.001 -11"><span class='ocrx_word' id='word_1_469' title='bbox 1061 785 1102 813; x_wconf 80' lang='grc' dir='ltr'>δτι</span> <span class='ocrx_word' id='word_1_470' title='bbox 1118 785 1225 813; x_wconf 76' lang='grc' dir='ltr'>Θάνατοι</span> <span class='ocrx_word' id='word_1_471' title='bbox 1251 785 1407 823; x_wconf 77' lang='grc' dir='ltr'>ἐπάγονται,</span> <span class='ocrx_word' id='word_1_472' title='bbox 1430 787 1484 812; x_wconf 84' lang='grc' dir='ltr'>τῶν</span> <span class='ocrx_word' id='word_1_473' title='bbox 1506 784 1576 823; x_wconf 69' lang='grc' dir='ltr'>ὅρων</span> <span class='ocrx_word' id='word_1_474' title='bbox 1600 788 1651 818; x_wconf 86' lang='grc' dir='ltr'><strong>τῆς</strong></span> <span class='ocrx_word' id='word_1_475' title='bbox 1678 787 1750 819; x_wconf 90' lang='grc' dir='ltr'>ζωῆς</span> <span class='ocrx_word' id='word_1_476' title='bbox 1774 783 1888 821; x_wconf 87' lang='grc' dir='ltr'>πληρω-</span> 
     </span>
    </p>
   </div>
   <div class='ocr_carea' id='block_1_63' title="bbox 1062 828 1888 865">
    <p class='ocr_par' dir='ltr' id='par_1_63' title="bbox 1062 828 1888 865">
     <span class='ocr_line' id='line_1_63' title="bbox 1062 828 1888 865; baseline -0.002 -7"><span class='ocrx_word' id='word_1_477' title='bbox 1062 831 1180 864; x_wconf 85' lang='grc' dir='ltr'>θέντων;</span> <span class='ocrx_word' id='word_1_478' title='bbox 1198 832 1259 861; x_wconf 83' lang='grc' dir='ltr'>Πῶς</span> <span class='ocrx_word' id='word_1_479' title='bbox 1275 829 1305 858; x_wconf 68' lang='grc' dir='ltr'><strong>δὲ</strong></span> <span class='ocrx_word' id='word_1_480' title='bbox 1325 830 1369 857; x_wconf 78' lang='grc' dir='ltr'>καὶ</span> <span class='ocrx_word' id='word_1_481' title='bbox 1395 832 1435 863; x_wconf 83' lang='grc' dir='ltr'><strong>τῷ</strong></span> <span class='ocrx_word' id='word_1_482' title='bbox 1455 829 1562 865; x_wconf 80' lang='grc' dir='ltr'>Ἐζεκίᾳ</span> <span class='ocrx_word' id='word_1_483' title='bbox 1585 828 1631 856; x_wconf 74' lang='grc' dir='ltr'>καὶ</span> <span class='ocrx_word' id='word_1_484' title='bbox 1653 831 1712 860; x_wconf 83' lang='grc' dir='ltr'>τοῖς</span> <span class='ocrx_word' id='word_1_485' title='bbox 1734 828 1888 860; x_wconf 70' lang='grc' dir='ltr'>Νινευΐταις</span> 
     </span>
    </p>
   </div>
   <div class='ocr_carea' id='block_1_64' title="bbox 1063 873 1655 912">
    <p class='ocr_par' dir='ltr' id='par_1_64' title="bbox 1063 873 1655 912">
     <span class='ocr_line' id='line_1_64' title="bbox 1063 873 1655 912; baseline -0.002 -10"><span class='ocrx_word' id='word_1_486' title='bbox 1063 875 1135 910; x_wconf 82' lang='grc' dir='ltr'><strong>ζωήν</strong></span> <span class='ocrx_word' id='word_1_487' title='bbox 1152 875 1166 902; x_wconf 84' lang='grc' dir='ltr'><strong>ὁ</strong></span> <span class='ocrx_word' id='word_1_488' title='bbox 1179 875 1244 906; x_wconf 89' lang='grc' dir='ltr'>Θεὸς</span> <span class='ocrx_word' id='word_1_489' title='bbox 1260 874 1453 911; x_wconf 73' lang='grc' dir='ltr'><strong>αἰτησαμένοις</strong></span> <span class='ocrx_word' id='word_1_490' title='bbox 1466 873 1633 912; x_wconf 79' lang='grc' dir='ltr'><strong>προσέθηκεν</strong></span> <span class='ocrx_word' id='word_1_491' title='bbox 1648 883 1655 908; x_wconf 86' lang='grc'>;</span> 
     </span>
    </p>
   </div>
   <div class='ocr_carea' id='block_1_65' title="bbox 1097 1005 1887 1047">
    <p class='ocr_par' dir='ltr' id='par_1_65' title="bbox 1097 1005 1887 1047">
     <span class='ocr_line' id='line_1_65' title="bbox 1097 1005 1887 1047; baseline -0.005 -10"><span class='ocrx_word' id='word_1_492' title='bbox 1097 1009 1193 1037; x_wconf 81' lang='grc' dir='ltr'>Ἀπόκ.</span> <span class='ocrx_word' id='word_1_493' title='bbox 1209 1009 1241 1037; x_wconf 88' lang='grc' dir='ltr'>Ἡ</span> <span class='ocrx_word' id='word_1_494' title='bbox 1255 1009 1305 1043; x_wconf 73' lang='grc' dir='ltr'><strong>τῆς</strong></span> <span class='ocrx_word' id='word_1_495' title='bbox 1331 1008 1425 1047; x_wconf 84' lang='grc' dir='ltr'>σοφίας</span> <span class='ocrx_word' id='word_1_496' title='bbox 1448 1008 1537 1046; x_wconf 82' lang='grc' dir='ltr'>πηγὴ,</span> <span class='ocrx_word' id='word_1_497' title='bbox 1551 1007 1583 1035; x_wconf 83' lang='grc' dir='ltr'><strong>τὸ</strong></span> <span class='ocrx_word' id='word_1_498' title='bbox 1607 1007 1676 1044; x_wconf 73' lang='grc' dir='ltr'>μέγα</span> <span class='ocrx_word' id='word_1_499' title='bbox 1701 1005 1810 1044; x_wconf 79' lang='grc' dir='ltr'>δοχιῖον</span> <span class='ocrx_word' id='word_1_500' title='bbox 1836 1010 1887 1041; x_wconf 84' lang='grc' dir='ltr'><strong>τῆς</strong></span> 
     </span>
    </p>
   </div>
   <div class='ocr_carea' id='block_1_66' title="bbox 1061 1051 1886 1091">
    <p class='ocr_par' dir='ltr' id='par_1_66' title="bbox 1061 1051 1886 1091">
     <span class='ocr_line' id='line_1_66' title="bbox 1061 1051 1886 1091; baseline -0.002 -10"><span class='ocrx_word' id='word_1_501' title='bbox 1061 1054 1197 1091; x_wconf 81' lang='grc' dir='ltr'>γνώσεως,</span> <span class='ocrx_word' id='word_1_502' title='bbox 1215 1053 1321 1084; x_wconf 77' lang='grc' dir='ltr'>[Ῐαῦλος</span> <span class='ocrx_word' id='word_1_503' title='bbox 1335 1054 1349 1080; x_wconf 82' lang='grc' dir='ltr'>ὁ</span> <span class='ocrx_word' id='word_1_504' title='bbox 1365 1052 1530 1088; x_wconf 72' lang='grc' dir='ltr'>ἀπόστολος,</span> <span class='ocrx_word' id='word_1_505' title='bbox 1546 1052 1614 1089; x_wconf 86' lang='grc' dir='ltr'>πρὸς</span> <span class='ocrx_word' id='word_1_506' title='bbox 1639 1051 1796 1088; x_wconf 80' lang='grc' dir='ltr'>Κορινθίους</span> <span class='ocrx_word' id='word_1_507' title='bbox 1818 1052 1886 1089; x_wconf 81' lang='grc' dir='ltr'>γρά-</span> 
     </span>
    </p>
   </div>
   <div class='ocr_carea' id='block_1_67' title="bbox 1062 1095 1889 1137">
    <p class='ocr_par' dir='ltr' id='par_1_67' title="bbox 1062 1095 1889 1137">
     <span class='ocr_line' id='line_1_67' title="bbox 1062 1095 1889 1137; baseline -0.004 -12"><span class='ocrx_word' id='word_1_508' title='bbox 1062 1106 1122 1137; x_wconf 82' lang='grc' dir='ltr'><strong>φων</strong></span> <span class='ocrx_word' id='word_1_509' title='bbox 1137 1097 1228 1137; x_wconf 73' lang='grc' dir='ltr'>φησίν·</span> <span class='ocrx_word' id='word_1_510' title='bbox 1246 1109 1261 1123; x_wconf 89' lang='grc'><strong>‹‹</strong></span> <span class='ocrx_word' id='word_1_511' title='bbox 1276 1098 1305 1124; x_wconf 82' lang='lat'><strong>&#39;0</strong></span> <span class='ocrx_word' id='word_1_512' title='bbox 1319 1098 1369 1135; x_wconf 80' lang='grc' dir='ltr'>γὰρ</span> <span class='ocrx_word' id='word_1_513' title='bbox 1392 1095 1505 1132; x_wconf 74' lang='grc' dir='ltr'>ἀναξίως</span> <span class='ocrx_word' id='word_1_514' title='bbox 1534 1095 1629 1128; x_wconf 80' lang='grc' dir='ltr'><strong>ἐσθίων</strong></span> <span class='ocrx_word' id='word_1_515' title='bbox 1655 1095 1702 1123; x_wconf 85' lang='grc' dir='ltr'><strong>τὸν</strong></span> <span class='ocrx_word' id='word_1_516' title='bbox 1731 1096 1811 1132; x_wconf 77' lang='grc' dir='ltr'>ἄρτον</span> <span class='ocrx_word' id='word_1_517' title='bbox 1840 1095 1889 1123; x_wconf 76' lang='grc' dir='ltr'>καὶ</span> 
     </span>
    </p>
   </div>
   <div class='ocr_carea' id='block_1_68' title="bbox 1062 1139 1889 1179">
    <p class='ocr_par' dir='ltr' id='par_1_68' title="bbox 1062 1139 1889 1179">
     <span class='ocr_line' id='line_1_68' title="bbox 1062 1139 1889 1179; baseline -0.004 -9"><span class='ocrx_word' id='word_1_518' title='bbox 1062 1143 1148 1170; x_wconf 82' lang='grc' dir='ltr'>πίνων</span> <span class='ocrx_word' id='word_1_519' title='bbox 1163 1142 1194 1169; x_wconf 84' lang='grc' dir='ltr'><strong>τὸ</strong></span> <span class='ocrx_word' id='word_1_520' title='bbox 1210 1143 1278 1179; x_wconf 76' lang='grc' dir='ltr'>αἷμα</span> <span class='ocrx_word' id='word_1_521' title='bbox 1305 1144 1353 1169; x_wconf 75' lang='grc' dir='ltr'><strong>τοῦ</strong></span> <span class='ocrx_word' id='word_1_522' title='bbox 1381 1141 1491 1179; x_wconf 77' lang='grc' dir='ltr'><strong>Κυρίου,</strong></span> <span class='ocrx_word' id='word_1_523' title='bbox 1507 1143 1593 1178; x_wconf 85' lang='grc' dir='ltr'>κρῖμα</span> <span class='ocrx_word' id='word_1_524' title='bbox 1622 1141 1709 1176; x_wconf 71' lang='grc' dir='ltr'>ἰαυτῷ</span> <span class='ocrx_word' id='word_1_525' title='bbox 1733 1139 1812 1168; x_wconf 77' lang='grc' dir='ltr'><strong>ἐσθίει</strong></span> <span class='ocrx_word' id='word_1_526' title='bbox 1841 1140 1889 1167; x_wconf 66' lang='grc' dir='ltr'>καὶ</span> 
     </span>
    </p>
   </div>
   <div class='ocr_carea' id='block_1_69' title="bbox 1062 1183 1890 1223">
    <p class='ocr_par' dir='ltr' id='par_1_69' title="bbox 1062 1183 1890 1223">
     <span class='ocr_line' id='line_1_69' title="bbox 1062 1183 1890 1223; baseline -0.004 -9"><span class='ocrx_word' id='word_1_527' title='bbox 1062 1186 1145 1214; x_wconf 83' lang='grc' dir='ltr'>πίνει·</span> <span class='ocrx_word' id='word_1_528' title='bbox 1160 1186 1205 1214; x_wconf 79' lang='grc' dir='ltr'>καὶ</span> <span class='ocrx_word' id='word_1_529' title='bbox 1221 1185 1266 1214; x_wconf 80' lang='grc' dir='ltr'>διὰ</span> <span class='ocrx_word' id='word_1_530' title='bbox 1279 1188 1360 1214; x_wconf 80' lang='grc' dir='ltr'>τοῦτο</span> <span class='ocrx_word' id='word_1_531' title='bbox 1375 1185 1401 1213; x_wconf 80' lang='grc' dir='ltr'>ἐν</span> <span class='ocrx_word' id='word_1_532' title='bbox 1419 1186 1484 1223; x_wconf 82' lang='grc' dir='ltr'>ὑμῖν</span> <span class='ocrx_word' id='word_1_533' title='bbox 1504 1184 1607 1213; x_wconf 86' lang='grc' dir='ltr'>πολλοὶ</span> <span class='ocrx_word' id='word_1_534' title='bbox 1631 1185 1749 1216; x_wconf 77' lang='grc' dir='ltr'><strong>ἀσθενεῖς</strong></span> <span class='ocrx_word' id='word_1_535' title='bbox 1772 1184 1818 1212; x_wconf 79' lang='grc' dir='ltr'><strong>καὶ</strong></span> <span class='ocrx_word' id='word_1_536' title='bbox 1842 1183 1890 1222; x_wconf 78' lang='grc' dir='ltr'><strong>ἄῤ-</strong></span> 
     </span>
    </p>
   </div>
   <div class='ocr_carea' id='block_1_70' title="bbox 1064 1228 1890 1270">
    <p class='ocr_par' dir='ltr' id='par_1_70' title="bbox 1064 1228 1890 1270">
     <span class='ocr_line' id='line_1_70' title="bbox 1064 1228 1890 1270; baseline -0.005 -11"><span class='ocrx_word' id='word_1_537' title='bbox 1064 1231 1163 1270; x_wconf 81' lang='grc' dir='ltr'>ῥωστοι</span> <span class='ocrx_word' id='word_1_538' title='bbox 1195 1232 1239 1259; x_wconf 79' lang='grc' dir='ltr'><strong>καὶ</strong></span> <span class='ocrx_word' id='word_1_539' title='bbox 1274 1231 1423 1268; x_wconf 76' lang='grc' dir='ltr'>κοιμῶνται</span> <span class='ocrx_word' id='word_1_540' title='bbox 1459 1230 1569 1259; x_wconf 79' lang='grc' dir='ltr'>ἱκανοί.</span> <span class='ocrx_word' id='word_1_541' title='bbox 1595 1242 1610 1255; x_wconf 77' lang='grc' dir='ltr'>ι)</span> <span class='ocrx_word' id='word_1_542' title='bbox 1634 1228 1789 1267; x_wconf 81' lang='grc' dir='ltr'>Προσέχετε</span> <span class='ocrx_word' id='word_1_543' title='bbox 1822 1229 1890 1265; x_wconf 81' lang='grc' dir='ltr'>μετᾶ</span> 
     </span>
    </p>
   </div>
   <div class='ocr_carea' id='block_1_71' title="bbox 1063 1271 1890 1314">
    <p class='ocr_par' dir='ltr' id='par_1_71' title="bbox 1063 1271 1890 1314">
     <span class='ocr_line' id='line_1_71' title="bbox 1063 1271 1890 1314; baseline -0.005 -10"><span class='ocrx_word' id='word_1_544' title='bbox 1063 1274 1221 1314; x_wconf 77' lang='grc' dir='ltr'>ἀκριϐείας.</span> <span class='ocrx_word' id='word_1_545' title='bbox 1252 1275 1301 1303; x_wconf 81' lang='grc' dir='ltr'>Διὰ</span> <span class='ocrx_word' id='word_1_546' title='bbox 1326 1276 1358 1303; x_wconf 88' lang='grc' dir='ltr'><strong>τὸ</strong></span> <span class='ocrx_word' id='word_1_547' title='bbox 1393 1274 1516 1310; x_wconf 80' lang='grc' dir='ltr'>ἀναξίους</span> <span class='ocrx_word' id='word_1_548' title='bbox 1554 1274 1625 1310; x_wconf 79' lang='grc' dir='ltr'>ὑμᾶς</span> <span class='ocrx_word' id='word_1_549' title='bbox 1661 1271 1890 1311; x_wconf 73' lang='grc' dir='ltr'>μεταλαμϐάνειν,</span> 
     </span>
    </p>
   </div>
   <div class='ocr_carea' id='block_1_72' title="bbox 1064 1317 1890 1360">
    <p class='ocr_par' dir='ltr' id='par_1_72' title="bbox 1064 1317 1890 1360">
     <span class='ocr_line' id='line_1_72' title="bbox 1064 1317 1890 1360; baseline -0.005 -12"><span class='ocrx_word' id='word_1_550' title='bbox 1064 1321 1155 1360; x_wconf 80' lang='grc' dir='ltr'>φησὶν,</span> <span class='ocrx_word' id='word_1_551' title='bbox 1172 1321 1355 1355; x_wconf 79' lang='grc' dir='ltr'>ἀποθνήσκετε</span> <span class='ocrx_word' id='word_1_552' title='bbox 1383 1319 1409 1347; x_wconf 78' lang='grc' dir='ltr'>οἱ</span> <span class='ocrx_word' id='word_1_553' title='bbox 1437 1318 1550 1347; x_wconf 84' lang='grc' dir='ltr'>πολλοί.</span> <span class='ocrx_word' id='word_1_554' title='bbox 1566 1320 1647 1346; x_wconf 85' lang='grc' dir='ltr'>Ὥστε</span> <span class='ocrx_word' id='word_1_555' title='bbox 1675 1317 1698 1346; x_wconf 83' lang='grc' dir='ltr'>εἱ</span> <span class='ocrx_word' id='word_1_556' title='bbox 1718 1317 1800 1353; x_wconf 79' lang='grc' dir='ltr'>ἀξίως</span> <span class='ocrx_word' id='word_1_557' title='bbox 1826 1328 1890 1354; x_wconf 71' lang='grc' dir='ltr'>μετ-</span> 
     </span>
    </p>
   </div>
   <div class='ocr_carea' id='block_1_73' title="bbox 1063 1361 1890 1402">
    <p class='ocr_par' dir='ltr' id='par_1_73' title="bbox 1063 1361 1890 1402">
     <span class='ocr_line' id='line_1_73' title="bbox 1063 1361 1890 1402; baseline -0.005 -9"><span class='ocrx_word' id='word_1_558' title='bbox 1063 1363 1229 1402; x_wconf 78' lang='grc' dir='ltr'>ελάμϐανον,</span> <span class='ocrx_word' id='word_1_559' title='bbox 1245 1364 1295 1392; x_wconf 73' lang='grc' dir='ltr'>οὐκ</span> <span class='ocrx_word' id='word_1_560' title='bbox 1310 1364 1340 1391; x_wconf 81' lang='grc' dir='ltr'><strong>ἃν</strong></span> <span class='ocrx_word' id='word_1_561' title='bbox 1357 1364 1525 1399; x_wconf 76' lang='grc' dir='ltr'>ἀπέθνησκον</span> <span class='ocrx_word' id='word_1_562' title='bbox 1544 1363 1616 1391; x_wconf 79' lang='grc' dir='ltr'>τότε.</span> <span class='ocrx_word' id='word_1_563' title='bbox 1634 1362 1682 1391; x_wconf 83' lang='grc' dir='ltr'>Καὶ</span> <span class='ocrx_word' id='word_1_564' title='bbox 1711 1364 1764 1390; x_wconf 76' lang='grc' dir='ltr'>ποῦ</span> <span class='ocrx_word' id='word_1_565' title='bbox 1791 1361 1890 1390; x_wconf 83' lang='grc' dir='ltr'>λοιπὸν</span> 
     </span>
    </p>
   </div>
   <div class='ocr_carea' id='block_1_74' title="bbox 1065 1406 1892 1447">
    <p class='ocr_par' dir='ltr' id='par_1_74' title="bbox 1065 1406 1892 1447">
     <span class='ocr_line' id='line_1_74' title="bbox 1065 1406 1892 1447; baseline -0.005 -10"><span class='ocrx_word' id='word_1_566' title='bbox 1065 1412 1198 1446; x_wconf 74' lang='grc' dir='ltr'>ζητοῦμεν</span> <span class='ocrx_word' id='word_1_567' title='bbox 1212 1410 1258 1437; x_wconf 85' lang='grc' dir='ltr'><strong>τὸν</strong></span> <span class='ocrx_word' id='word_1_568' title='bbox 1276 1409 1337 1447; x_wconf 77' lang='grc' dir='ltr'>ὅρον</span> <span class='ocrx_word' id='word_1_569' title='bbox 1353 1412 1403 1443; x_wconf 88' lang='grc' dir='ltr'><strong>τῆς</strong></span> <span class='ocrx_word' id='word_1_570' title='bbox 1420 1409 1491 1443; x_wconf 79' lang='grc' dir='ltr'>ζωῆς</span> <span class='ocrx_word' id='word_1_571' title='bbox 1514 1408 1558 1436; x_wconf 84' lang='grc' dir='ltr'><strong>τὸν</strong></span> <span class='ocrx_word' id='word_1_572' title='bbox 1580 1407 1655 1445; x_wconf 78' lang='grc' dir='ltr'>παρὰ</span> <span class='ocrx_word' id='word_1_573' title='bbox 1677 1406 1795 1438; x_wconf 83' lang='grc' dir='ltr'>πολλοῖς</span> <span class='ocrx_word' id='word_1_574' title='bbox 1823 1408 1892 1443; x_wconf 80' lang='grc' dir='ltr'>ἡμῖν</span> 
     </span>
    </p>
   </div>
   <div class='ocr_carea' id='block_1_75' title="bbox 1063 1451 1891 1491">
    <p class='ocr_par' dir='ltr' id='par_1_75' title="bbox 1063 1451 1891 1491">
     <span class='ocr_line' id='line_1_75' title="bbox 1063 1451 1891 1491; baseline -0.002 -10"><span class='ocrx_word' id='word_1_575' title='bbox 1063 1452 1311 1491; x_wconf 74' lang='grc' dir='ltr'>προϐαλλόμενον;</span> <span class='ocrx_word' id='word_1_576' title='bbox 1327 1453 1413 1481; x_wconf 85' lang='grc' dir='ltr'>Πάλιν</span> <span class='ocrx_word' id='word_1_577' title='bbox 1437 1453 1504 1491; x_wconf 88' lang='grc' dir='ltr'>πρὸς</span> <span class='ocrx_word' id='word_1_578' title='bbox 1526 1453 1572 1480; x_wconf 82' lang='grc' dir='ltr'><strong>τὸν</strong></span> <span class='ocrx_word' id='word_1_579' title='bbox 1588 1451 1703 1490; x_wconf 78' lang='grc' dir='ltr'>Ἐλιφὰζ</span> <span class='ocrx_word' id='word_1_580' title='bbox 1728 1451 1775 1479; x_wconf 85' lang='grc' dir='ltr'><strong>τὸν</strong></span> <span class='ocrx_word' id='word_1_581' title='bbox 1802 1455 1891 1488; x_wconf 69' lang='grc' dir='ltr'>Θεμα-</span> 
     </span>
    </p>
   </div>
   <div class='ocr_carea' id='block_1_76' title="bbox 1064 1494 1891 1537">
    <p class='ocr_par' dir='ltr' id='par_1_76' title="bbox 1064 1494 1891 1537">
     <span class='ocr_line' id='line_1_76' title="bbox 1064 1494 1891 1537; baseline -0.005 -11"><span class='ocrx_word' id='word_1_582' title='bbox 1064 1498 1140 1534; x_wconf 78' lang='grc' dir='ltr'>τίνην</span> <span class='ocrx_word' id='word_1_583' title='bbox 1158 1498 1238 1537; x_wconf 80' lang='grc' dir='ltr'>φησὶν</span> <span class='ocrx_word' id='word_1_584' title='bbox 1255 1499 1269 1526; x_wconf 82' lang='grc' dir='ltr'>ὁ</span> <span class='ocrx_word' id='word_1_585' title='bbox 1283 1497 1357 1529; x_wconf 86' lang='grc' dir='ltr'>Θεός·</span> <span class='ocrx_word' id='word_1_586' title='bbox 1378 1510 1388 1523; x_wconf 80' lang='grc' dir='ltr'><strong>ι</strong></span> <span class='ocrx_word' id='word_1_587' title='bbox 1404 1498 1544 1535; x_wconf 76' lang='grc' dir='ltr'>’Ἡμαρτις</span> <span class='ocrx_word' id='word_1_588' title='bbox 1566 1496 1598 1524; x_wconf 73' lang='grc' dir='ltr'>σὺ</span> <span class='ocrx_word' id='word_1_589' title='bbox 1621 1496 1666 1524; x_wconf 75' lang='grc' dir='ltr'>καὶ</span> <span class='ocrx_word' id='word_1_590' title='bbox 1690 1496 1716 1523; x_wconf 73' lang='grc' dir='ltr'>οἱ</span> <span class='ocrx_word' id='word_1_591' title='bbox 1741 1495 1789 1523; x_wconf 69' lang='grc' dir='ltr'><strong>δύο</strong></span> <span class='ocrx_word' id='word_1_592' title='bbox 1813 1494 1891 1534; x_wconf 79' lang='grc' dir='ltr'>φίλοι</span> 
     </span>
    </p>
   </div>
   <div class='ocr_carea' id='block_1_77' title="bbox 1065 1539 1891 1580">
    <p class='ocr_par' dir='ltr' id='par_1_77' title="bbox 1065 1539 1891 1580">
     <span class='ocr_line' id='line_1_77' title="bbox 1065 1539 1891 1580; baseline -0.006 -8"><span class='ocrx_word' id='word_1_593' title='bbox 1065 1554 1124 1580; x_wconf 82' lang='grc' dir='ltr'>σου,</span> <span class='ocrx_word' id='word_1_594' title='bbox 1140 1543 1185 1571; x_wconf 78' lang='grc' dir='ltr'><strong>καῖ</strong></span> <span class='ocrx_word' id='word_1_595' title='bbox 1203 1543 1225 1570; x_wconf 83' lang='grc' dir='ltr'><strong>εί</strong></span> <span class='ocrx_word' id='word_1_596' title='bbox 1243 1544 1281 1580; x_wconf 78' lang='grc' dir='ltr'>μὴ</span> <span class='ocrx_word' id='word_1_597' title='bbox 1306 1541 1350 1570; x_wconf 76' lang='grc' dir='ltr'><strong>διὰ</strong></span> <span class='ocrx_word' id='word_1_598' title='bbox 1375 1539 1438 1571; x_wconf 72' lang='grc' dir='ltr'><strong>Ἰὼϐ</strong></span> <span class='ocrx_word' id='word_1_599' title='bbox 1461 1542 1506 1569; x_wconf 84' lang='grc' dir='ltr'><strong>τὸν</strong></span> <span class='ocrx_word' id='word_1_600' title='bbox 1531 1541 1683 1580; x_wconf 81' lang='grc' dir='ltr'>θεράποντά</span> <span class='ocrx_word' id='word_1_601' title='bbox 1705 1551 1769 1577; x_wconf 82' lang='grc' dir='ltr'>μου,</span> <span class='ocrx_word' id='word_1_602' title='bbox 1787 1539 1891 1576; x_wconf 58' lang='lat' dir='ltr'><strong>35mm-</strong></span> 
     </span>
    </p>
   </div>
   <div class='ocr_carea' id='block_1_78' title="bbox 1068 1582 1892 1626">
    <p class='ocr_par' dir='ltr' id='par_1_78' title="bbox 1068 1582 1892 1626">
     <span class='ocr_line' id='line_1_78' title="bbox 1068 1582 1892 1626; baseline -0.004 -11"><span class='ocrx_word' id='word_1_603' title='bbox 1068 1594 1165 1626; x_wconf 85' lang='grc' dir='ltr'>θρευσα</span> <span class='ocrx_word' id='word_1_604' title='bbox 1194 1587 1223 1615; x_wconf 77' lang='grc' dir='ltr'>ἂν</span> <span class='ocrx_word' id='word_1_605' title='bbox 1253 1587 1333 1624; x_wconf 80' lang='grc' dir='ltr'>ὑμᾶς.</span> <span class='ocrx_word' id='word_1_606' title='bbox 1360 1598 1374 1612; x_wconf 82' lang='grc'><strong>››</strong></span> <span class='ocrx_word' id='word_1_607' title='bbox 1398 1588 1479 1614; x_wconf 80' lang='grc' dir='ltr'>Ὥστε</span> <span class='ocrx_word' id='word_1_608' title='bbox 1517 1584 1611 1620; x_wconf 79' lang='grc' dir='ltr'>διάτὴν</span> <span class='ocrx_word' id='word_1_609' title='bbox 1652 1587 1702 1613; x_wconf 76' lang='grc' dir='ltr'><strong>τοῦ</strong></span> <span class='ocrx_word' id='word_1_610' title='bbox 1731 1582 1793 1614; x_wconf 78' lang='grc' dir='ltr'><strong>Ἰὼϐ</strong></span> <span class='ocrx_word' id='word_1_611' title='bbox 1822 1584 1892 1622; x_wconf 79' lang='grc' dir='ltr'>πρὸς</span> 
     </span>
    </p>
   </div>
   <div class='ocr_carea' id='block_1_79' title="bbox 1068 1628 1894 1669">
    <p class='ocr_par' dir='ltr' id='par_1_79' title="bbox 1068 1628 1894 1669">
     <span class='ocr_line' id='line_1_79' title="bbox 1068 1628 1894 1669; baseline -0.005 -9"><span class='ocrx_word' id='word_1_612' title='bbox 1068 1633 1131 1660; x_wconf 85' lang='grc' dir='ltr'>Θεὸν</span> <span class='ocrx_word' id='word_1_613' title='bbox 1148 1632 1245 1669; x_wconf 77' lang='grc' dir='ltr'>ἀρετὴν</span> <span class='ocrx_word' id='word_1_614' title='bbox 1259 1632 1309 1659; x_wconf 82' lang='grc' dir='ltr'><strong>οὐκ</strong></span> <span class='ocrx_word' id='word_1_615' title='bbox 1323 1631 1464 1665; x_wconf 81' lang='grc' dir='ltr'>ἀπέθανον,</span> <span class='ocrx_word' id='word_1_616' title='bbox 1480 1630 1525 1658; x_wconf 84' lang='grc' dir='ltr'>καὶ</span> <span class='ocrx_word' id='word_1_617' title='bbox 1539 1629 1570 1658; x_wconf 82' lang='grc' dir='ltr'>οὗ</span> <span class='ocrx_word' id='word_1_618' title='bbox 1586 1629 1631 1657; x_wconf 76' lang='grc' dir='ltr'><strong>διὰ</strong></span> <span class='ocrx_word' id='word_1_619' title='bbox 1656 1629 1688 1657; x_wconf 81' lang='grc' dir='ltr'><strong>τὸ</strong></span> <span class='ocrx_word' id='word_1_620' title='bbox 1714 1630 1752 1666; x_wconf 85' lang='grc' dir='ltr'><strong>μή</strong></span> <span class='ocrx_word' id='word_1_621' title='bbox 1778 1628 1894 1666; x_wconf 86' lang='grc' dir='ltr'>πληρω-</span> 
     </span>
    </p>
   </div>
   <div class='ocr_carea' id='block_1_80' title="bbox 1067 1672 1895 1714">
    <p class='ocr_par' dir='ltr' id='par_1_80' title="bbox 1067 1672 1895 1714">
     <span class='ocr_line' id='line_1_80' title="bbox 1067 1672 1895 1714; baseline -0.006 -9"><span class='ocrx_word' id='word_1_622' title='bbox 1067 1678 1145 1712; x_wconf 82' lang='grc' dir='ltr'>θῆναι</span> <span class='ocrx_word' id='word_1_623' title='bbox 1153 1678 1209 1714; x_wconf 85' lang='grc'><strong>(53)</strong></span> <span class='ocrx_word' id='word_1_624' title='bbox 1216 1676 1261 1704; x_wconf 83' lang='grc' dir='ltr'><strong>τὸν</strong></span> <span class='ocrx_word' id='word_1_625' title='bbox 1279 1675 1341 1713; x_wconf 80' lang='grc' dir='ltr'>ὅρον</span> <span class='ocrx_word' id='word_1_626' title='bbox 1352 1677 1402 1710; x_wconf 83' lang='grc' dir='ltr'><strong>τῆς</strong></span> <span class='ocrx_word' id='word_1_627' title='bbox 1413 1678 1484 1710; x_wconf 85' lang='grc' dir='ltr'>ζωῆς</span> <span class='ocrx_word' id='word_1_628' title='bbox 1494 1674 1593 1702; x_wconf 73' lang='grc' dir='ltr'>αὐτῶν.</span> <span class='ocrx_word' id='word_1_629' title='bbox 1601 1674 1632 1702; x_wconf 73' lang='lat' dir='ltr'><strong>Ei</strong></span> <span class='ocrx_word' id='word_1_630' title='bbox 1644 1673 1684 1708; x_wconf 73' lang='grc' dir='ltr'>δὶ,</span> <span class='ocrx_word' id='word_1_631' title='bbox 1693 1673 1731 1705; x_wconf 85' lang='grc' dir='ltr'><strong>ὥς</strong></span> <span class='ocrx_word' id='word_1_632' title='bbox 1741 1684 1795 1701; x_wconf 90' lang='grc' dir='ltr'>τισι</span> <span class='ocrx_word' id='word_1_633' title='bbox 1808 1672 1895 1707; x_wconf 72' lang='grc' dir='ltr'>δοκεῖ,</span> 
     </span>
    </p>
   </div>
   <div class='ocr_carea' id='block_1_81' title="bbox 1068 1718 1894 1759">
    <p class='ocr_par' dir='ltr' id='par_1_81' title="bbox 1068 1718 1894 1759">
     <span class='ocr_line' id='line_1_81' title="bbox 1068 1718 1894 1759; baseline -0.005 -10"><span class='ocrx_word' id='word_1_634' title='bbox 1068 1721 1241 1759; x_wconf 85' lang='grc' dir='ltr'>πεπηγμέναι</span> <span class='ocrx_word' id='word_1_635' title='bbox 1258 1720 1310 1748; x_wconf 71' lang='grc' dir='ltr'>εἶσὶ</span> <span class='ocrx_word' id='word_1_636' title='bbox 1333 1721 1378 1748; x_wconf 76' lang='grc' dir='ltr'>καὶ</span> <span class='ocrx_word' id='word_1_637' title='bbox 1401 1720 1552 1758; x_wconf 81' lang='grc' dir='ltr'>ὡρισμέναι</span> <span class='ocrx_word' id='word_1_638' title='bbox 1566 1719 1594 1746; x_wconf 77' lang='grc' dir='ltr'>αἱ</span> <span class='ocrx_word' id='word_1_639' title='bbox 1609 1719 1711 1756; x_wconf 77' lang='grc' dir='ltr'>ἡμέραι</span> <span class='ocrx_word' id='word_1_640' title='bbox 1727 1720 1775 1746; x_wconf 79' lang='grc' dir='ltr'><strong>τοῦ</strong></span> <span class='ocrx_word' id='word_1_641' title='bbox 1790 1718 1894 1756; x_wconf 78' lang='grc' dir='ltr'>ἀνθρώ-</span> 
     </span>
    </p>
   </div>
   <div class='ocr_carea' id='block_1_82' title="bbox 1068 1761 1894 1802">
    <p class='ocr_par' dir='ltr' id='par_1_82' title="bbox 1068 1761 1894 1802">
     <span class='ocr_line' id='line_1_82' title="bbox 1068 1761 1894 1802; baseline -0.005 -8"><span class='ocrx_word' id='word_1_642' title='bbox 1068 1776 1132 1800; x_wconf 82' lang='grc' dir='ltr'>που,</span> <span class='ocrx_word' id='word_1_643' title='bbox 1163 1764 1259 1802; x_wconf 83' lang='grc' dir='ltr'>μηδεὶς</span> <span class='ocrx_word' id='word_1_644' title='bbox 1289 1764 1386 1792; x_wconf 84' lang='grc' dir='ltr'>λοιπὸν</span> <span class='ocrx_word' id='word_1_645' title='bbox 1413 1764 1438 1792; x_wconf 79' lang='grc' dir='ltr'>ἐν</span> <span class='ocrx_word' id='word_1_646' title='bbox 1469 1763 1595 1801; x_wconf 81' lang='grc' dir='ltr'>ἀνομίαις</span> <span class='ocrx_word' id='word_1_647' title='bbox 1612 1762 1741 1800; x_wconf 79' lang='grc' dir='ltr'>ιμέλλων</span> <span class='ocrx_word' id='word_1_648' title='bbox 1766 1761 1894 1797; x_wconf 69' lang='grc' dir='ltr'>τελευτᾷν</span> 
     </span>
    </p>
   </div>
   <div class='ocr_carea' id='block_1_83' title="bbox 1069 1806 1895 1847">
    <p class='ocr_par' dir='ltr' id='par_1_83' title="bbox 1069 1806 1895 1847">
     <span class='ocr_line' id='line_1_83' title="bbox 1069 1806 1895 1847; baseline -0.004 -11"><span class='ocrx_word' id='word_1_649' title='bbox 1069 1809 1155 1847; x_wconf 82' lang='grc' dir='ltr'>ἁγίοις</span> <span class='ocrx_word' id='word_1_650' title='bbox 1193 1807 1305 1845; x_wconf 81' lang='grc' dir='ltr'>ἀνδράσι</span> <span class='ocrx_word' id='word_1_651' title='bbox 1348 1807 1515 1846; x_wconf 80' lang='grc' dir='ltr'>προσδράμῇ</span> <span class='ocrx_word' id='word_1_652' title='bbox 1554 1807 1625 1842; x_wconf 79' lang='grc' dir='ltr'>ζωὴν</span> <span class='ocrx_word' id='word_1_653' title='bbox 1656 1807 1702 1835; x_wconf 86' lang='grc' dir='ltr'>καὶ</span> <span class='ocrx_word' id='word_1_654' title='bbox 1730 1806 1895 1845; x_wconf 72' lang='grc' dir='ltr'>ἐπιστροφὴν</span> 
     </span>
    </p>
   </div>
   <div class='ocr_carea' id='block_1_84' title="bbox 1069 1850 1897 1889">
    <p class='ocr_par' dir='ltr' id='par_1_84' title="bbox 1069 1850 1897 1889">
     <span class='ocr_line' id='line_1_84' title="bbox 1069 1850 1897 1889; baseline -0.004 -8"><span class='ocrx_word' id='word_1_655' title='bbox 1069 1853 1151 1881; x_wconf 72' lang='grc' dir='ltr'>αὐτοῦ</span> <span class='ocrx_word' id='word_1_656' title='bbox 1181 1853 1210 1881; x_wconf 77' lang='grc' dir='ltr'><strong>ἐκ</strong></span> <span class='ocrx_word' id='word_1_657' title='bbox 1236 1854 1303 1881; x_wconf 83' lang='grc' dir='ltr'>Θεοῦ</span> <span class='ocrx_word' id='word_1_658' title='bbox 1331 1852 1502 1888; x_wconf 72' lang='grc' dir='ltr'>αΐτήσασθαι·</span> <span class='ocrx_word' id='word_1_659' title='bbox 1531 1850 1629 1889; x_wconf 82' lang='grc' dir='ltr'>μηδεὶς</span> <span class='ocrx_word' id='word_1_660' title='bbox 1657 1850 1719 1889; x_wconf 76' lang='grc' dir='ltr'>περὶ</span> <span class='ocrx_word' id='word_1_661' title='bbox 1741 1854 1815 1886; x_wconf 84' lang='grc' dir='ltr'>ζωῆς</span> <span class='ocrx_word' id='word_1_662' title='bbox 1842 1853 1897 1878; x_wconf 80' lang='grc' dir='ltr'><strong>τῶν</strong></span> 
     </span>
    </p>
   </div>
   <div class='ocr_carea' id='block_1_85' title="bbox 1069 1895 1895 1933">
    <p class='ocr_par' dir='ltr' id='par_1_85' title="bbox 1069 1895 1895 1933">
     <span class='ocr_line' id='line_1_85' title="bbox 1069 1895 1895 1933; baseline -0.004 -8"><span class='ocrx_word' id='word_1_663' title='bbox 1069 1899 1165 1926; x_wconf 67' lang='grc' dir='ltr'>ἑαυτοῦ</span> <span class='ocrx_word' id='word_1_664' title='bbox 1176 1898 1277 1925; x_wconf 81' lang='grc' dir='ltr'>τέκνων</span> <span class='ocrx_word' id='word_1_665' title='bbox 1290 1897 1335 1925; x_wconf 88' lang='grc' dir='ltr'><strong>τὸν</strong></span> <span class='ocrx_word' id='word_1_666' title='bbox 1352 1897 1416 1924; x_wconf 86' lang='grc' dir='ltr'>Θεὸν</span> <span class='ocrx_word' id='word_1_667' title='bbox 1433 1896 1590 1933; x_wconf 77' lang='grc' dir='ltr'>δυσωπήσῃ.</span> <span class='ocrx_word' id='word_1_668' title='bbox 1607 1897 1636 1925; x_wconf 92' lang='grc' dir='ltr'>Ὁ</span> <span class='ocrx_word' id='word_1_669' title='bbox 1657 1896 1707 1933; x_wconf 76' lang='grc' dir='ltr'><strong>γὰρ</strong></span> <span class='ocrx_word' id='word_1_670' title='bbox 1731 1895 1806 1933; x_wconf 71' lang='grc' dir='ltr'>ὅρος,</span> <span class='ocrx_word' id='word_1_671' title='bbox 1832 1895 1895 1933; x_wconf 79' lang='grc' dir='ltr'>ὅρος</span> 
     </span>
    </p>
   </div>
   <div class='ocr_carea' id='block_1_86' title="bbox 1070 1940 1894 1979">
    <p class='ocr_par' dir='ltr' id='par_1_86' title="bbox 1070 1940 1894 1979">
     <span class='ocr_line' id='line_1_86' title="bbox 1070 1940 1894 1979; baseline -0.004 -9"><span class='ocrx_word' id='word_1_672' title='bbox 1070 1942 1195 1977; x_wconf 78' lang='grc' dir='ltr'>έστὶ,χαὶ</span> <span class='ocrx_word' id='word_1_673' title='bbox 1224 1943 1383 1979; x_wconf 83' lang='grc' dir='ltr'>προσθήκην</span> <span class='ocrx_word' id='word_1_674' title='bbox 1410 1940 1540 1969; x_wconf 72' lang='grc' dir='ltr'>ἀδύνατον</span> <span class='ocrx_word' id='word_1_675' title='bbox 1569 1940 1628 1968; x_wconf 72' lang='grc' dir='ltr'>κατ’</span> <span class='ocrx_word' id='word_1_676' title='bbox 1643 1940 1741 1971; x_wconf 77' lang='grc' dir='ltr'>αὐτοὺς</span> <span class='ocrx_word' id='word_1_677' title='bbox 1765 1941 1894 1978; x_wconf 77' lang='grc' dir='ltr'>γενέσθαι.</span> 
     </span>
    </p>
   </div>
   <div class='ocr_carea' id='block_1_87' title="bbox 1070 1984 1896 2026">
    <p class='ocr_par' dir='ltr' id='par_1_87' title="bbox 1070 1984 1896 2026">
     <span class='ocr_line' id='line_1_87' title="bbox 1070 1984 1896 2026; baseline -0.002 -12"><span class='ocrx_word' id='word_1_678' title='bbox 1070 1987 1120 2014; x_wconf 73' lang='grc' dir='ltr'>Καὶ</span> <span class='ocrx_word' id='word_1_679' title='bbox 1149 1989 1207 2018; x_wconf 80' lang='grc' dir='ltr'>πῶς</span> <span class='ocrx_word' id='word_1_680' title='bbox 1237 1996 1319 2026; x_wconf 81' lang='grc' dir='ltr'>φησιν</span> <span class='ocrx_word' id='word_1_681' title='bbox 1344 1987 1361 2021; x_wconf 80' lang='grc' dir='ltr'>ἡ</span> <span class='ocrx_word' id='word_1_682' title='bbox 1378 1986 1484 2024; x_wconf 81' lang='grc' dir='ltr'>Γραφὴ,</span> <span class='ocrx_word' id='word_1_683' title='bbox 1501 1998 1514 2011; x_wconf 80' lang='grc' dir='ltr'>ι(</span> <span class='ocrx_word' id='word_1_684' title='bbox 1543 1985 1615 2022; x_wconf 81' lang='grc' dir='ltr'>Τίμα</span> <span class='ocrx_word' id='word_1_685' title='bbox 1643 1985 1688 2012; x_wconf 88' lang='grc' dir='ltr'><strong>τὸν</strong></span> <span class='ocrx_word' id='word_1_686' title='bbox 1718 1984 1821 2022; x_wconf 82' lang='grc' dir='ltr'>πατέρα</span> <span class='ocrx_word' id='word_1_687' title='bbox 1849 1995 1896 2012; x_wconf 78' lang='grc' dir='ltr'><strong>σου</strong></span> 
     </span>
    </p>
   </div>
   <div class='ocr_carea' id='block_1_88' title="bbox 1070 2027 1898 2068">
    <p class='ocr_par' dir='ltr' id='par_1_88' title="bbox 1070 2027 1898 2068">
     <span class='ocr_line' id='line_1_88' title="bbox 1070 2027 1898 2068; baseline -0.005 -9"><span class='ocrx_word' id='word_1_688' title='bbox 1070 2031 1115 2059; x_wconf 80' lang='grc' dir='ltr'>καὶ</span> <span class='ocrx_word' id='word_1_689' title='bbox 1138 2031 1187 2065; x_wconf 89' lang='grc' dir='ltr'><strong>τήν</strong></span> <span class='ocrx_word' id='word_1_690' title='bbox 1214 2031 1320 2068; x_wconf 87' lang='grc' dir='ltr'>μητέρα</span> <span class='ocrx_word' id='word_1_691' title='bbox 1343 2040 1402 2064; x_wconf 87' lang='grc' dir='ltr'>σου,</span> <span class='ocrx_word' id='word_1_692' title='bbox 1420 2029 1495 2060; x_wconf 77' lang='grc' dir='ltr'>ὅπως</span> <span class='ocrx_word' id='word_1_693' title='bbox 1511 2028 1558 2066; x_wconf 81' lang='grc' dir='ltr'><strong>ἔσῃ</strong></span> <span class='ocrx_word' id='word_1_694' title='bbox 1575 2028 1764 2066; x_wconf 81' lang='grc' dir='ltr'>πολυχρόνιος</span> <span class='ocrx_word' id='word_1_695' title='bbox 1780 2037 1787 2062; x_wconf 89' lang='grc'><strong>;</strong></span> <span class='ocrx_word' id='word_1_696' title='bbox 1804 2040 1818 2054; x_wconf 76' lang='grc' dir='ltr'><strong>ιι</strong></span> <span class='ocrx_word' id='word_1_697' title='bbox 1836 2027 1898 2064; x_wconf 76' lang='grc' dir='ltr'>ὅρος</span> 
     </span>
    </p>
   </div>
   <div class='ocr_carea' id='block_1_89' title="bbox 1070 2072 1898 2112">
    <p class='ocr_par' dir='ltr' id='par_1_89' title="bbox 1070 2072 1898 2112">
     <span class='ocr_line' id='line_1_89' title="bbox 1070 2072 1898 2112; baseline -0.004 -9"><span class='ocrx_word' id='word_1_698' title='bbox 1070 2075 1161 2103; x_wconf 85' lang='grc' dir='ltr'>τοίνυν</span> <span class='ocrx_word' id='word_1_699' title='bbox 1178 2075 1275 2112; x_wconf 78' lang='grc' dir='ltr'>έο-εὶτῇ</span> <span class='ocrx_word' id='word_1_700' title='bbox 1289 2076 1345 2111; x_wconf 81' lang='grc' dir='ltr'><strong>ζωῇ</strong></span> <span class='ocrx_word' id='word_1_701' title='bbox 1352 2075 1464 2110; x_wconf 65' lang='grc' dir='ltr'><strong>(50τοῦ</strong></span> <span class='ocrx_word' id='word_1_702' title='bbox 1474 2074 1618 2111; x_wconf 82' lang='grc' dir='ltr'>ἀνθρώπου</span> <span class='ocrx_word' id='word_1_703' title='bbox 1629 2073 1646 2108; x_wconf 76' lang='grc' dir='ltr'><strong>ἠ</strong></span> <span class='ocrx_word' id='word_1_704' title='bbox 1661 2072 1748 2111; x_wconf 87' lang='grc' dir='ltr'>βουλὴ</span> <span class='ocrx_word' id='word_1_705' title='bbox 1760 2075 1810 2100; x_wconf 79' lang='grc' dir='ltr'><strong>τοῦ</strong></span> <span class='ocrx_word' id='word_1_706' title='bbox 1821 2074 1898 2105; x_wconf 71' lang='grc' dir='ltr'>Θεοῦ,</span> 
     </span>
    </p>
   </div>
   <div class='ocr_carea' id='block_1_90' title="bbox 1071 2115 1897 2157">
    <p class='ocr_par' dir='ltr' id='par_1_90' title="bbox 1071 2115 1897 2157">
     <span class='ocr_line' id='line_1_90' title="bbox 1071 2115 1897 2157; baseline -0.006 -9"><span class='ocrx_word' id='word_1_707' title='bbox 1071 2120 1117 2148; x_wconf 79' lang='grc' dir='ltr'><strong>καὶ</strong></span> <span class='ocrx_word' id='word_1_708' title='bbox 1142 2120 1218 2156; x_wconf 80' lang='grc' dir='ltr'>ᾧτινι</span> <span class='ocrx_word' id='word_1_709' title='bbox 1246 2118 1385 2157; x_wconf 81' lang='grc' dir='ltr'>βούλεται,</span> <span class='ocrx_word' id='word_1_710' title='bbox 1407 2118 1579 2156; x_wconf 85' lang='grc' dir='ltr'>προστίθησι,</span> <span class='ocrx_word' id='word_1_711' title='bbox 1604 2117 1649 2145; x_wconf 84' lang='grc' dir='ltr'>καὶ</span> <span class='ocrx_word' id='word_1_712' title='bbox 1672 2115 1734 2145; x_wconf 80' lang='grc' dir='ltr'>ἔνθα</span> <span class='ocrx_word' id='word_1_713' title='bbox 1763 2118 1897 2154; x_wconf 75' lang='grc' dir='ltr'>σκοπήσῃ,</span> 
     </span>
    </p>
   </div>
   <div class='ocr_carea' id='block_1_91' title="bbox 1075 2161 1898 2203">
    <p class='ocr_par' dir='ltr' id='par_1_91' title="bbox 1075 2161 1898 2203">
     <span class='ocr_line' id='line_1_91' title="bbox 1075 2161 1898 2203; baseline -0.005 -11"><span class='ocrx_word' id='word_1_714' title='bbox 1075 2163 1223 2203; x_wconf 78' lang='grc' dir='ltr'>ὑφελεῖται,</span> <span class='ocrx_word' id='word_1_715' title='bbox 1239 2163 1323 2191; x_wconf 80' lang='grc' dir='ltr'>πάντα</span> <span class='ocrx_word' id='word_1_716' title='bbox 1350 2166 1436 2191; x_wconf 84' lang='grc' dir='ltr'>ποιῶν</span> <span class='ocrx_word' id='word_1_717' title='bbox 1462 2163 1531 2200; x_wconf 87' lang='grc' dir='ltr'>πρὸς</span> <span class='ocrx_word' id='word_1_718' title='bbox 1552 2161 1584 2189; x_wconf 83' lang='grc' dir='ltr'><strong>τὸ</strong></span> <span class='ocrx_word' id='word_1_719' title='bbox 1608 2162 1722 2189; x_wconf 70' lang='grc' dir='ltr'>ἑκάστου</span> <span class='ocrx_word' id='word_1_720' title='bbox 1748 2161 1898 2200; x_wconf 76' lang='grc' dir='ltr'>συμφέρον.</span> 
     </span>
    </p>
   </div>
   <div class='ocr_carea' id='block_1_92' title="bbox 1074 2205 1899 2245">
    <p class='ocr_par' dir='ltr' id='par_1_92' title="bbox 1074 2205 1899 2245">
     <span class='ocr_line' id='line_1_92' title="bbox 1074 2205 1899 2245; baseline -0.005 -9"><span class='ocrx_word' id='word_1_721' title='bbox 1074 2209 1123 2237; x_wconf 82' lang='grc' dir='ltr'><strong>Καὶ</strong></span> <span class='ocrx_word' id='word_1_722' title='bbox 1148 2208 1238 2245; x_wconf 80' lang='grc' dir='ltr'>ὥσπερ</span> <span class='ocrx_word' id='word_1_723' title='bbox 1268 2208 1282 2235; x_wconf 90' lang='grc' dir='ltr'>ὁ</span> <span class='ocrx_word' id='word_1_724' title='bbox 1304 2206 1437 2242; x_wconf 79' lang='grc' dir='ltr'>δεσπότης</span> <span class='ocrx_word' id='word_1_725' title='bbox 1461 2210 1511 2242; x_wconf 85' lang='grc' dir='ltr'><strong>τῆς</strong></span> <span class='ocrx_word' id='word_1_726' title='bbox 1541 2205 1671 2242; x_wconf 85' lang='grc' dir='ltr'>ποίμνης,</span> <span class='ocrx_word' id='word_1_727' title='bbox 1686 2205 1731 2233; x_wconf 76' lang='grc' dir='ltr'>ὅτι</span> <span class='ocrx_word' id='word_1_728' title='bbox 1761 2205 1899 2243; x_wconf 78' lang='grc' dir='ltr'>βουληθῇ,</span> 
     </span>
    </p>
   </div>
   <div class='ocr_carea' id='block_1_93' title="bbox 1074 2247 1902 2291">
    <p class='ocr_par' dir='ltr' id='par_1_93' title="bbox 1074 2247 1902 2291">
     <span class='ocr_line' id='line_1_93' title="bbox 1074 2247 1902 2291; baseline -0.005 -10"><span class='ocrx_word' id='word_1_729' title='bbox 1074 2251 1236 2281; x_wconf 76' lang='grc' dir='ltr'>ἀποστὲλλει</span> <span class='ocrx_word' id='word_1_730' title='bbox 1260 2252 1306 2280; x_wconf 79' lang='grc' dir='ltr'>καὶ</span> <span class='ocrx_word' id='word_1_731' title='bbox 1328 2251 1414 2291; x_wconf 70' lang='grc' dir='ltr'>φέρει,</span> <span class='ocrx_word' id='word_1_732' title='bbox 1438 2252 1481 2279; x_wconf 82' lang='grc' dir='ltr'>οἷα</span> <span class='ocrx_word' id='word_1_733' title='bbox 1507 2250 1647 2289; x_wconf 72' lang='grc' dir='ltr'>βούλεται,</span> <span class='ocrx_word' id='word_1_734' title='bbox 1668 2247 1802 2288; x_wconf 75' lang='grc' dir='ltr'>πρόϐατα·</span> <span class='ocrx_word' id='word_1_735' title='bbox 1830 2249 1902 2278; x_wconf 76' lang='grc' dir='ltr'>οὕτω</span> 
     </span>
    </p>
   </div>
   <div class='ocr_carea' id='block_1_94' title="bbox 200 2294 1012 2334">
    <p class='ocr_par' dir='ltr' id='par_1_94' title="bbox 200 2295 1010 2332">
     <span class='ocr_line' id='line_1_94' title="bbox 200 2295 1010 2332; baseline 0.002 -9"><span class='ocrx_word' id='word_1_736' title='bbox 200 2295 327 2330; x_wconf 84' lang='lat' dir='ltr'><strong>advenit,</strong></span> <span class='ocrx_word' id='word_1_737' title='bbox 343 2303 410 2323; x_wconf 90' lang='lat' dir='ltr'><strong>cum</strong></span> <span class='ocrx_word' id='word_1_738' title='bbox 426 2295 569 2323; x_wconf 87' lang='lat' dir='ltr'><strong>terminus</strong></span> <span class='ocrx_word' id='word_1_739' title='bbox 585 2295 649 2331; x_wconf 84' lang='lat' dir='ltr'><strong>ejus</strong></span> <span class='ocrx_word' id='word_1_740' title='bbox 664 2295 728 2323; x_wconf 67' lang='lat' dir='ltr'><strong>vitae</strong></span> <span class='ocrx_word' id='word_1_741' title='bbox 744 2296 906 2332; x_wconf 89' lang='lat' dir='ltr'><strong>completus</strong></span> <span class='ocrx_word' id='word_1_742' title='bbox 923 2297 1010 2325; x_wconf 82' lang='lat' dir='ltr'><strong>fuerit</strong></span> 
     </span>
    </p>
   </div>
   <div class='ocr_carea' id='block_1_95' title="bbox 1069 2294 1900 2334">
    <p class='ocr_par' dir='ltr' id='par_1_95' title="bbox 1073 2294 1900 2334">
     <span class='ocr_line' id='line_1_95' title="bbox 1073 2294 1900 2334; baseline -0.005 -9"><span class='ocrx_word' id='word_1_743' title='bbox 1073 2298 1118 2326; x_wconf 83' lang='grc' dir='ltr'>καὶ</span> <span class='ocrx_word' id='word_1_744' title='bbox 1134 2298 1148 2325; x_wconf 82' lang='grc' dir='ltr'>ὁ</span> <span class='ocrx_word' id='word_1_745' title='bbox 1171 2297 1236 2328; x_wconf 72' lang='grc' dir='ltr'>Θεὸς</span> <span class='ocrx_word' id='word_1_746' title='bbox 1260 2296 1303 2324; x_wconf 72' lang='grc' dir='ltr'><strong>ἐπὶ</strong></span> <span class='ocrx_word' id='word_1_747' title='bbox 1331 2298 1385 2324; x_wconf 84' lang='grc' dir='ltr'>τῶν</span> <span class='ocrx_word' id='word_1_748' title='bbox 1415 2296 1565 2334; x_wconf 76' lang='grc' dir='ltr'>ἀνθρώπων</span> <span class='ocrx_word' id='word_1_749' title='bbox 1594 2298 1681 2328; x_wconf 83' lang='grc' dir='ltr'>ποιεῖ,</span> <span class='ocrx_word' id='word_1_750' title='bbox 1695 2294 1740 2322; x_wconf 78' lang='grc' dir='ltr'>καὶ</span> <span class='ocrx_word' id='word_1_751' title='bbox 1763 2294 1826 2322; x_wconf 84' lang='grc' dir='ltr'>τότε</span> <span class='ocrx_word' id='word_1_752' title='bbox 1854 2294 1900 2322; x_wconf 69' lang='grc' dir='ltr'>έπι</span> 
     </span>
    </p>
   </div>
   <div class='ocr_carea' id='block_1_96' title="bbox 198 2340 1021 2378">
    <p class='ocr_par' dir='ltr' id='par_1_96' title="bbox 198 2340 1021 2378">
     <span class='ocr_line' id='line_1_96' title="bbox 198 2340 1021 2378; baseline 0.002 -10"><span class='ocrx_word' id='word_1_753' title='bbox 198 2341 281 2374; x_wconf 89' lang='lat' dir='ltr'><strong>Nam,</strong></span> <span class='ocrx_word' id='word_1_754' title='bbox 298 2341 329 2368; x_wconf 93' lang='lat' dir='ltr'><strong>ut</strong></span> <span class='ocrx_word' id='word_1_755' title='bbox 344 2342 430 2369; x_wconf 80' lang='lat' dir='ltr'><strong>antea</strong></span> <span class='ocrx_word' id='word_1_756' title='bbox 443 2340 554 2368; x_wconf 90' lang='lat' dir='ltr'><strong>dictum</strong></span> <span class='ocrx_word' id='word_1_757' title='bbox 570 2342 624 2374; x_wconf 89' lang='lat' dir='ltr'><strong>est,</strong></span> <span class='ocrx_word' id='word_1_758' title='bbox 640 2341 780 2369; x_wconf 88' lang='lat' dir='ltr'><strong>terminus</strong></span> <span class='ocrx_word' id='word_1_759' title='bbox 789 2341 1021 2378; x_wconf 86' lang='lat' dir='ltr'><strong>uniuscujusque</strong></span> 
     </span>
    </p>
   </div>
   <div class='ocr_carea' id='block_1_97' title="bbox 196 2384 699 2421">
    <p class='ocr_par' dir='ltr' id='par_1_97' title="bbox 196 2384 699 2421">
     <span class='ocr_line' id='line_1_97' title="bbox 196 2384 699 2421; baseline 0 -8"><span class='ocrx_word' id='word_1_760' title='bbox 196 2385 261 2413; x_wconf 78' lang='lat' dir='ltr'><strong>vitae</strong></span> <span class='ocrx_word' id='word_1_761' title='bbox 274 2384 433 2421; x_wconf 86' lang='lat' dir='ltr'><strong>estjussus</strong></span> <span class='ocrx_word' id='word_1_762' title='bbox 448 2387 476 2413; x_wconf 89' lang='lat' dir='ltr'><strong>et</strong></span> <span class='ocrx_word' id='word_1_763' title='bbox 490 2384 626 2413; x_wconf 84' lang='lat' dir='ltr'><strong>voluntas</strong></span> <span class='ocrx_word' id='word_1_764' title='bbox 641 2384 699 2413; x_wconf 88' lang='lat' dir='ltr'><strong>Dei.</strong></span> 
     </span>
    </p>
   </div>
   <div class='ocr_carea' id='block_1_98' title="bbox 238 2518 1024 2553">
    <p class='ocr_par' dir='ltr' id='par_1_98' title="bbox 238 2518 1024 2553">
     <span class='ocr_line' id='line_1_98' title="bbox 238 2518 1024 2553; baseline 0 -5"><span class='ocrx_word' id='word_1_765' title='bbox 238 2520 352 2553; x_wconf 65' lang='grc' dir='ltr'>Ουᾱιετ.</span> <span class='ocrx_word' id='word_1_766' title='bbox 394 2518 487 2548; x_wconf 88' lang='lat' dir='ltr'>CXIV.</span> <span class='ocrx_word' id='word_1_767' title='bbox 527 2519 652 2553; x_wconf 85' lang='lat' dir='ltr'><strong>Quidam</strong></span> <span class='ocrx_word' id='word_1_768' title='bbox 705 2519 874 2549; x_wconf 83' lang='lat' dir='ltr'><strong>existimant</strong></span> <span class='ocrx_word' id='word_1_769' title='bbox 924 2528 1024 2548; x_wconf 90' lang='lat' dir='ltr'><strong>corru-</strong></span> 
     </span>
    </p>
   </div>
   <div class='ocr_carea' id='block_1_99' title="bbox 200 2564 1023 2601">
    <p class='ocr_par' dir='ltr' id='par_1_99' title="bbox 200 2564 1023 2601">
     <span class='ocr_line' id='line_1_99' title="bbox 200 2564 1023 2601; baseline 0 -8"><span class='ocrx_word' id='word_1_770' title='bbox 200 2567 319 2601; x_wconf 88' lang='lat' dir='ltr'><strong>ptorum</strong></span> <span class='ocrx_word' id='word_1_771' title='bbox 350 2572 505 2601; x_wconf 88' lang='lat' dir='ltr'><strong>corporum</strong></span> <span class='ocrx_word' id='word_1_772' title='bbox 534 2564 780 2593; x_wconf 85' lang='lat' dir='ltr'><strong>resurrectionem</strong></span> <span class='ocrx_word' id='word_1_773' title='bbox 809 2564 1023 2601; x_wconf 89' lang='lat' dir='ltr'><strong>impossibilem</strong></span> 
     </span>
    </p>
   </div>
   <div class='ocr_carea' id='block_1_100' title="bbox 199 2608 1024 2645">
    <p class='ocr_par' dir='ltr' id='par_1_100' title="bbox 199 2608 1024 2645">
     <span class='ocr_line' id='line_1_100' title="bbox 199 2608 1024 2645; baseline 0.002 -9"><span class='ocrx_word' id='word_1_774' title='bbox 199 2609 319 2637; x_wconf 86' lang='lat' dir='ltr'><strong>omnino</strong></span> <span class='ocrx_word' id='word_1_775' title='bbox 336 2617 410 2636; x_wconf 85' lang='lat' dir='ltr'><strong>esse.</strong></span> <span class='ocrx_word' id='word_1_776' title='bbox 426 2609 577 2641; x_wconf 85' lang='lat' dir='ltr'><strong>Quomodo</strong></span> <span class='ocrx_word' id='word_1_777' title='bbox 593 2608 682 2645; x_wconf 90' lang='lat' dir='ltr'><strong>enim,</strong></span> <span class='ocrx_word' id='word_1_778' title='bbox 699 2609 847 2645; x_wconf 85' lang='lat' dir='ltr'><strong>inquiunt,</strong></span> <span class='ocrx_word' id='word_1_779' title='bbox 865 2612 916 2638; x_wconf 82' lang='lat' dir='ltr'><strong>aut</strong></span> <span class='ocrx_word' id='word_1_780' title='bbox 932 2610 1024 2638; x_wconf 88' lang='lat' dir='ltr'><strong>unde-</strong></span> 
     </span>
    </p>
   </div>
   <div class='ocr_carea' id='block_1_101' title="bbox 198 2654 1026 2690">
    <p class='ocr_par' dir='ltr' id='par_1_101' title="bbox 198 2654 1026 2690">
     <span class='ocr_line' id='line_1_101' title="bbox 198 2654 1026 2690; baseline 0 -8"><span class='ocrx_word' id='word_1_781' title='bbox 198 2662 269 2682; x_wconf 90' lang='lat' dir='ltr'><strong>nam</strong></span> <span class='ocrx_word' id='word_1_782' title='bbox 290 2656 422 2690; x_wconf 85' lang='lat' dir='ltr'><strong>resurget</strong></span> <span class='ocrx_word' id='word_1_783' title='bbox 450 2661 528 2689; x_wconf 83' lang='lat' dir='ltr'><strong>caro,</strong></span> <span class='ocrx_word' id='word_1_784' title='bbox 551 2661 639 2689; x_wconf 83' lang='lat' dir='ltr'><strong>quam</strong></span> <span class='ocrx_word' id='word_1_785' title='bbox 668 2662 744 2690; x_wconf 81' lang='lat' dir='ltr'><strong>saepe</strong></span> <span class='ocrx_word' id='word_1_786' title='bbox 773 2654 927 2690; x_wconf 84' lang='lat' dir='ltr'><strong>naufragio</strong></span> <span class='ocrx_word' id='word_1_787' title='bbox 957 2654 1026 2682; x_wconf 88' lang='lat' dir='ltr'><strong>sub-</strong></span> 
     </span>
    </p>
   </div>
   <div class='ocr_carea' id='block_1_102' title="bbox 1077 2337 1903 2381">
    <p class='ocr_par' dir='ltr' id='par_1_102' title="bbox 1077 2337 1903 2381">
     <span class='ocr_line' id='line_1_102' title="bbox 1077 2337 1903 2381; baseline -0.005 -11"><span class='ocrx_word' id='word_1_788' title='bbox 1077 2343 1166 2381; x_wconf 84' lang='grc' dir='ltr'>άγεται</span> <span class='ocrx_word' id='word_1_789' title='bbox 1190 2342 1205 2369; x_wconf 81' lang='grc' dir='ltr'><strong>ὸ</strong></span> <span class='ocrx_word' id='word_1_790' title='bbox 1229 2341 1340 2372; x_wconf 76' lang='grc' dir='ltr'>Θάνατος</span> <span class='ocrx_word' id='word_1_791' title='bbox 1356 2343 1395 2377; x_wconf 79' lang='grc' dir='ltr'><strong>τῷ</strong></span> <span class='ocrx_word' id='word_1_792' title='bbox 1419 2340 1567 2377; x_wconf 83' lang='grc' dir='ltr'>ἀνθρώπῳ,</span> <span class='ocrx_word' id='word_1_793' title='bbox 1589 2341 1637 2367; x_wconf 77' lang='grc' dir='ltr'><strong>τοῦ</strong></span> <span class='ocrx_word' id='word_1_794' title='bbox 1661 2338 1736 2376; x_wconf 78' lang='grc' dir='ltr'>ὅρου,</span> <span class='ocrx_word' id='word_1_795' title='bbox 1752 2337 1837 2377; x_wconf 72' lang='grc' dir='ltr'>ἤγουν</span> <span class='ocrx_word' id='word_1_796' title='bbox 1853 2342 1903 2366; x_wconf 81' lang='grc' dir='ltr'><strong>τοῦ</strong></span> 
     </span>
    </p>
   </div>
   <div class='ocr_carea' id='block_1_103' title="bbox 1076 2384 1904 2424">
    <p class='ocr_par' dir='ltr' id='par_1_103' title="bbox 1076 2384 1904 2424">
     <span class='ocr_line' id='line_1_103' title="bbox 1076 2384 1904 2424; baseline -0.005 -10"><span class='ocrx_word' id='word_1_797' title='bbox 1076 2387 1178 2424; x_wconf 83' lang='grc' dir='ltr'>χρόνου</span> <span class='ocrx_word' id='word_1_798' title='bbox 1201 2389 1251 2421; x_wconf 85' lang='grc' dir='ltr'><strong>τῆς</strong></span> <span class='ocrx_word' id='word_1_799' title='bbox 1267 2388 1339 2421; x_wconf 84' lang='grc' dir='ltr'>ζωῆς</span> <span class='ocrx_word' id='word_1_800' title='bbox 1356 2385 1449 2422; x_wconf 77' lang='grc' dir='ltr'>αὐτοῦ,</span> <span class='ocrx_word' id='word_1_801' title='bbox 1465 2384 1670 2421; x_wconf 82' lang='grc' dir='ltr'>πληρωθέντος.</span> <span class='ocrx_word' id='word_1_802' title='bbox 1685 2385 1767 2421; x_wconf 84' lang='grc' dir='ltr'>Ὅρος</span> <span class='ocrx_word' id='word_1_803' title='bbox 1791 2393 1904 2421; x_wconf 77' lang='grc' dir='ltr'>τοιγαρο</span> 
     </span>
    </p>
   </div>
   <div class='ocr_carea' id='block_1_104' title="bbox 1077 2427 1903 2468">
    <p class='ocr_par' dir='ltr' id='par_1_104' title="bbox 1077 2427 1903 2468">
     <span class='ocr_line' id='line_1_104' title="bbox 1077 2427 1903 2468; baseline -0.004 -10"><span class='ocrx_word' id='word_1_804' title='bbox 1077 2433 1136 2466; x_wconf 74' lang='grc' dir='ltr'>οὖν,</span> <span class='ocrx_word' id='word_1_805' title='bbox 1166 2430 1204 2462; x_wconf 83' lang='grc' dir='ltr'>ὡς</span> <span class='ocrx_word' id='word_1_806' title='bbox 1232 2429 1426 2468; x_wconf 79' lang='grc' dir='ltr'>προλέλεκται,</span> <span class='ocrx_word' id='word_1_807' title='bbox 1454 2430 1503 2464; x_wconf 82' lang='grc' dir='ltr'><strong>τῆς</strong></span> <span class='ocrx_word' id='word_1_808' title='bbox 1534 2428 1647 2456; x_wconf 68' lang='grc' dir='ltr'>ἑκάστου</span> <span class='ocrx_word' id='word_1_809' title='bbox 1681 2430 1755 2463; x_wconf 87' lang='grc' dir='ltr'>ζωῆς</span> <span class='ocrx_word' id='word_1_810' title='bbox 1794 2427 1865 2456; x_wconf 75' lang='grc' dir='ltr'>ἐστιν</span> <span class='ocrx_word' id='word_1_811' title='bbox 1886 2430 1903 2463; x_wconf 81' lang='grc' dir='ltr'><strong>ἠ</strong></span> 
     </span>
    </p>
   </div>
   <div class='ocr_carea' id='block_1_105' title="bbox 1076 2474 1558 2512">
    <p class='ocr_par' dir='ltr' id='par_1_105' title="bbox 1076 2474 1558 2512">
     <span class='ocr_line' id='line_1_105' title="bbox 1076 2474 1558 2512; baseline -0.004 -8"><span class='ocrx_word' id='word_1_812' title='bbox 1076 2475 1200 2506; x_wconf 76' lang='grc' dir='ltr'>κέλευσις</span> <span class='ocrx_word' id='word_1_813' title='bbox 1215 2475 1260 2502; x_wconf 81' lang='grc' dir='ltr'>καὶ</span> <span class='ocrx_word' id='word_1_814' title='bbox 1276 2475 1293 2509; x_wconf 83' lang='grc' dir='ltr'><strong>ἡ</strong></span> <span class='ocrx_word' id='word_1_815' title='bbox 1312 2474 1399 2512; x_wconf 87' lang='grc' dir='ltr'>βουλή</span> <span class='ocrx_word' id='word_1_816' title='bbox 1415 2476 1464 2502; x_wconf 77' lang='grc' dir='ltr'><strong>τοῦ</strong></span> <span class='ocrx_word' id='word_1_817' title='bbox 1479 2475 1558 2502; x_wconf 76' lang='grc' dir='ltr'>Θεοῦ.</span> 
     </span>
    </p>
   </div>
   <div class='ocr_carea' id='block_1_106' title="bbox 1113 2516 1907 2558">
    <p class='ocr_par' dir='ltr' id='par_1_106' title="bbox 1113 2516 1907 2558">
     <span class='ocr_line' id='line_1_106' title="bbox 1113 2516 1907 2558; baseline -0.005 -9"><span class='ocrx_word' id='word_1_818' title='bbox 1113 2520 1212 2557; x_wconf 75' lang='grc' dir='ltr'>Ἐρώτ,</span> <span class='ocrx_word' id='word_1_819' title='bbox 1229 2517 1291 2558; x_wconf 82' lang='grc' dir='ltr'>ριδ’.</span> <span class='ocrx_word' id='word_1_820' title='bbox 1307 2518 1471 2557; x_wconf 74' lang='grc' dir='ltr'>Ἀμήχανόν</span> <span class='ocrx_word' id='word_1_821' title='bbox 1500 2528 1526 2545; x_wconf 87' lang='grc' dir='ltr'><strong>τι</strong></span> <span class='ocrx_word' id='word_1_822' title='bbox 1555 2519 1671 2555; x_wconf 81' lang='grc' dir='ltr'>πρᾶγμα</span> <span class='ocrx_word' id='word_1_823' title='bbox 1697 2518 1758 2548; x_wconf 82' lang='grc' dir='ltr'>τοῖς</span> <span class='ocrx_word' id='word_1_824' title='bbox 1787 2516 1907 2549; x_wconf 86' lang='grc' dir='ltr'>πολλοῖς</span> 
     </span>
    </p>
   </div>
   <div class='ocr_carea' id='block_1_107' title="bbox 1078 2561 1909 2601">
    <p class='ocr_par' dir='ltr' id='par_1_107' title="bbox 1078 2561 1909 2601">
     <span class='ocr_line' id='line_1_107' title="bbox 1078 2561 1909 2601; baseline -0.005 -9"><span class='ocrx_word' id='word_1_825' title='bbox 1078 2565 1122 2592; x_wconf 73' lang='grc' dir='ltr'>καὶ</span> <span class='ocrx_word' id='word_1_826' title='bbox 1149 2563 1277 2592; x_wconf 76' lang='grc' dir='ltr'>ἀδύνατον</span> <span class='ocrx_word' id='word_1_827' title='bbox 1306 2563 1447 2600; x_wconf 83' lang='grc' dir='ltr'>νομίζεται</span> <span class='ocrx_word' id='word_1_828' title='bbox 1474 2564 1528 2590; x_wconf 86' lang='grc' dir='ltr'>τῶν</span> <span class='ocrx_word' id='word_1_829' title='bbox 1557 2561 1781 2601; x_wconf 76' lang='grc' dir='ltr'>καταφθαρὲντων</span> <span class='ocrx_word' id='word_1_830' title='bbox 1810 2562 1909 2598; x_wconf 72' lang='grc' dir='ltr'>σωμά-</span> 
     </span>
    </p>
   </div>
   <div class='ocr_carea' id='block_1_108' title="bbox 1077 2604 1908 2645">
    <p class='ocr_par' dir='ltr' id='par_1_108' title="bbox 1077 2604 1908 2645">
     <span class='ocr_line' id='line_1_108' title="bbox 1077 2604 1908 2645; baseline -0.005 -9"><span class='ocrx_word' id='word_1_831' title='bbox 1077 2618 1131 2636; x_wconf 85' lang='grc' dir='ltr'><strong>των</strong></span> <span class='ocrx_word' id='word_1_832' title='bbox 1158 2609 1175 2643; x_wconf 82' lang='grc' dir='ltr'>ἠ</span> <span class='ocrx_word' id='word_1_833' title='bbox 1200 2609 1351 2639; x_wconf 79' lang='grc' dir='ltr'>ἀνάστασις.</span> <span class='ocrx_word' id='word_1_834' title='bbox 1369 2609 1431 2638; x_wconf 81' lang='grc' dir='ltr'><strong>Πῶς</strong></span> <span class='ocrx_word' id='word_1_835' title='bbox 1454 2607 1517 2645; x_wconf 73' lang='grc' dir='ltr'>γὰρ,</span> <span class='ocrx_word' id='word_1_836' title='bbox 1533 2605 1627 2645; x_wconf 82' lang='grc' dir='ltr'>φησὶν,</span> <span class='ocrx_word' id='word_1_837' title='bbox 1642 2605 1660 2640; x_wconf 75' lang='grc' dir='ltr'><strong>ἢ</strong></span> <span class='ocrx_word' id='word_1_838' title='bbox 1684 2604 1765 2632; x_wconf 84' lang='grc' dir='ltr'>πόθεν</span> <span class='ocrx_word' id='word_1_839' title='bbox 1790 2605 1908 2641; x_wconf 74' lang='grc' dir='ltr'>ἀναστή-</span> 
     </span>
    </p>
   </div>
   <div class='ocr_carea' id='block_1_109' title="bbox 1079 2648 1908 2690">
    <p class='ocr_par' dir='ltr' id='par_1_109' title="bbox 1079 2648 1908 2690">
     <span class='ocr_line' id='line_1_109' title="bbox 1079 2648 1908 2690; baseline -0.002 -10"><span class='ocrx_word' id='word_1_840' title='bbox 1079 2663 1151 2681; x_wconf 80' lang='grc' dir='ltr'>σεται</span> <span class='ocrx_word' id='word_1_841' title='bbox 1167 2653 1184 2687; x_wconf 86' lang='grc' dir='ltr'><strong>ἠ</strong></span> <span class='ocrx_word' id='word_1_842' title='bbox 1211 2652 1286 2690; x_wconf 78' lang='grc' dir='ltr'>σὰρξ,</span> <span class='ocrx_word' id='word_1_843' title='bbox 1302 2653 1334 2687; x_wconf 84' lang='grc' dir='ltr'>ἢν</span> <span class='ocrx_word' id='word_1_844' title='bbox 1359 2651 1497 2681; x_wconf 76' lang='grc' dir='ltr'>πολλάκις</span> <span class='ocrx_word' id='word_1_845' title='bbox 1523 2650 1711 2688; x_wconf 76' lang='grc' dir='ltr'>ναυαγήσασαν</span> <span class='ocrx_word' id='word_1_846' title='bbox 1738 2648 1836 2688; x_wconf 81' lang='grc' dir='ltr'>ἔφαγον</span> <span class='ocrx_word' id='word_1_847' title='bbox 1863 2651 1908 2689; x_wconf 82' lang='grc' dir='ltr'><strong>χί-</strong></span> 
     </span>
    </p>
   </div>
   <div class='ocr_carea' id='block_1_110' title="bbox 237 2713 1908 2751">
    <p class='ocr_par' dir='ltr' id='par_1_110' title="bbox 237 2713 1908 2751">
     <span class='ocr_line' id='line_1_110' title="bbox 237 2713 1908 2751; baseline -0.001 -7"><span class='ocrx_word' id='word_1_848' title='bbox 237 2717 260 2734; x_wconf 76' lang='grc'><strong>⁷⁰</strong></span> <span class='ocrx_word' id='word_1_849' title='bbox 275 2715 351 2744; x_wconf 87' lang='lat' dir='ltr'><strong>Psal.</strong></span> <span class='ocrx_word' id='word_1_850' title='bbox 367 2725 405 2750; x_wconf 80' lang='lat' dir='ltr'><strong>cx,</strong></span> <span class='ocrx_word' id='word_1_851' title='bbox 421 2716 466 2744; x_wconf 83' lang='lat'><strong>25.</strong></span> <span class='ocrx_word' id='word_1_852' title='bbox 504 2717 526 2734; x_wconf 84' lang='lat'>&#39;”</span> <span class='ocrx_word' id='word_1_853' title='bbox 539 2715 615 2744; x_wconf 84' lang='lat' dir='ltr'><strong>Psal.</strong></span> <span class='ocrx_word' id='word_1_854' title='bbox 626 2724 744 2751; x_wconf 83' lang='lat' dir='ltr'><strong>xxxvm,</strong></span> <span class='ocrx_word' id='word_1_855' title='bbox 755 2716 782 2744; x_wconf 83' lang='lat'>6.</span> <span class='ocrx_word' id='word_1_856' title='bbox 820 2717 842 2734; x_wconf 64' lang='grc' dir='ltr'><strong>τε</strong></span> <span class='ocrx_word' id='word_1_857' title='bbox 858 2716 1060 2750; x_wconf 81' lang='lat' dir='ltr'><strong>Eccle.vn,l7.</strong></span> <span class='ocrx_word' id='word_1_858' title='bbox 1098 2716 1120 2733; x_wconf 81' lang='grc'><strong>⁷³</strong></span> <span class='ocrx_word' id='word_1_859' title='bbox 1137 2716 1269 2748; x_wconf 76' lang='lat' dir='ltr'><strong>IGor.xI,</strong></span> <span class='ocrx_word' id='word_1_860' title='bbox 1280 2715 1380 2749; x_wconf 82' lang='lat'><strong>29,30.</strong></span> <span class='ocrx_word' id='word_1_861' title='bbox 1419 2715 1442 2733; x_wconf 70' lang='grc' dir='ltr'><strong>τι</strong></span> <span class='ocrx_word' id='word_1_862' title='bbox 1455 2713 1522 2742; x_wconf 90' lang='lat' dir='ltr'>Job.</span> <span class='ocrx_word' id='word_1_863' title='bbox 1533 2721 1601 2748; x_wconf 79' lang='lat' dir='ltr'><strong>xm,</strong></span> <span class='ocrx_word' id='word_1_864' title='bbox 1611 2713 1640 2740; x_wconf 87' lang='lat'><strong>7.</strong></span> <span class='ocrx_word' id='word_1_865' title='bbox 1664 2713 1687 2730; x_wconf 76' lang='grc'><strong>⁷³</strong></span> <span class='ocrx_word' id='word_1_866' title='bbox 1702 2713 1791 2740; x_wconf 79' lang='lat' dir='ltr'><strong>Exod.</strong></span> <span class='ocrx_word' id='word_1_867' title='bbox 1802 2721 1852 2748; x_wconf 79' lang='lat' dir='ltr'><strong>xx,</strong></span> <span class='ocrx_word' id='word_1_868' title='bbox 1865 2714 1908 2742; x_wconf 86' lang='grc'><strong>12.</strong></span> 
     </span>
    </p>
   </div>
   <div class='ocr_carea' id='block_1_111' title="bbox 241 2777 1025 2815">
    <p class='ocr_par' dir='ltr' id='par_1_111' title="bbox 241 2777 1025 2815">
     <span class='ocr_line' id='line_1_111' title="bbox 241 2777 1025 2815; baseline 0 -9"><span class='ocrx_word' id='word_1_869' title='bbox 241 2779 295 2815; x_wconf 84' lang='grc'><strong>(52)</strong></span> <span class='ocrx_word' id='word_1_870' title='bbox 312 2777 377 2806; x_wconf 61' lang='lat' dir='ltr'><strong>Haec</strong></span> <span class='ocrx_word' id='word_1_871' title='bbox 405 2786 545 2815; x_wconf 78' lang='lat' dir='ltr'><strong>expressa</strong></span> <span class='ocrx_word' id='word_1_872' title='bbox 572 2780 643 2806; x_wconf 86' lang='lat' dir='ltr'><strong>sunt</strong></span> <span class='ocrx_word' id='word_1_873' title='bbox 670 2786 703 2805; x_wconf 82' lang='lat' dir='ltr'><strong>ex</strong></span> <span class='ocrx_word' id='word_1_874' title='bbox 732 2778 862 2814; x_wconf 80' lang='lat' dir='ltr'><strong>Apologia</strong></span> <span class='ocrx_word' id='word_1_875' title='bbox 890 2778 922 2807; x_wconf 79' lang='lat' dir='ltr'><strong>de</strong></span> <span class='ocrx_word' id='word_1_876' title='bbox 941 2779 1025 2814; x_wconf 80' lang='lat' dir='ltr'><strong>Fuga.</strong></span> 
     </span>
    </p>
   </div>
   <div class='ocr_carea' id='block_1_112' title="bbox 206 2815 1025 2887">
    <p class='ocr_par' dir='ltr' id='par_1_112' title="bbox 206 2815 1025 2887">
     <span class='ocr_line' id='line_1_112' title="bbox 206 2815 1025 2887; baseline 0 -8"><span class='ocrx_word' id='word_1_877' title='bbox 206 2815 355 2887; x_wconf 47' lang='lat' dir='ltr'><strong>tn{gibl&#39;lla</strong></span> <span class='ocrx_word' id='word_1_878' title='bbox 378 2849 581 2886; x_wconf 73' lang='lat' dir='ltr'><strong>manuscripts</strong></span> <span class='ocrx_word' id='word_1_879' title='bbox 610 2851 696 2878; x_wconf 88' lang='lat' dir='ltr'><strong>recte.</strong></span> <span class='ocrx_word' id='word_1_880' title='bbox 714 2849 746 2878; x_wconf 94' lang='lat' dir='ltr'><strong>In</strong></span> <span class='ocrx_word' id='word_1_881' title='bbox 776 2849 862 2878; x_wconf 86' lang='lat' dir='ltr'><strong>editis</strong></span> <span class='ocrx_word' id='word_1_882' title='bbox 890 2858 956 2879; x_wconf 90' lang='lat' dir='ltr'><strong>vero</strong></span> <span class='ocrx_word' id='word_1_883' title='bbox 987 2850 1025 2887; x_wconf 81' lang='grc' dir='ltr'><strong>μή</strong></span> 
     </span>
    </p>
   </div>
   <div class='ocr_carea' id='block_1_113' title="bbox 1082 2778 1910 2859">
    <p class='ocr_par' dir='ltr' id='par_1_113' title="bbox 1082 2778 1910 2859">
     <span class='ocr_line' id='line_1_113' title="bbox 1082 2778 1910 2859; baseline -0.002 -18"><span class='ocrx_word' id='word_1_884' title='bbox 1082 2778 1257 2859; x_wconf 34' lang='grc' dir='ltr'><strong>ῗθὲἑίυιίθε.</strong></span> <span class='ocrx_word' id='word_1_885' title='bbox 1272 2815 1323 2848; x_wconf 89' lang='grc' dir='ltr'><strong>τῆς</strong></span> <span class='ocrx_word' id='word_1_886' title='bbox 1341 2815 1425 2848; x_wconf 83' lang='grc' dir='ltr'>ζωῆς.</span> <span class='ocrx_word' id='word_1_887' title='bbox 1442 2812 1531 2848; x_wconf 81' lang='lat' dir='ltr'><strong>Infra,</strong></span> <span class='ocrx_word' id='word_1_888' title='bbox 1546 2811 1636 2847; x_wconf 83' lang='lat' dir='ltr'><strong>idem,</strong></span> <span class='ocrx_word' id='word_1_889' title='bbox 1651 2809 1696 2838; x_wconf 71' lang='grc' dir='ltr'>καὶ</span> <span class='ocrx_word' id='word_1_890' title='bbox 1710 2807 1774 2842; x_wconf 76' lang='grc' dir='ltr'>ἔνθα</span> <span class='ocrx_word' id='word_1_891' title='bbox 1803 2810 1910 2839; x_wconf 70' lang='grc' dir='ltr'>κελεύει</span> 
     </span>
    </p>
   </div>
   <div class='ocr_carea' id='block_1_114' title="bbox 1083 2859 1244 2887">
    <p class='ocr_par' dir='ltr' id='par_1_114' title="bbox 1083 2859 1244 2887">
     <span class='ocr_line' id='line_1_114' title="bbox 1083 2859 1244 2887; baseline 0 -10"><span class='ocrx_word' id='word_1_892' title='bbox 1083 2859 1244 2887; x_wconf 78' lang='grc' dir='ltr'>υφαιρειται.</span> 
     </span>
    </p>
   </div>
   <div class='ocr_carea' id='block_1_115' title="bbox 1926 2950 2036 3093">
    <p class='ocr_par' dir='ltr' id='par_1_115' title="bbox 1926 2950 2036 3093">
     <span class='ocr_line' id='line_1_115' title="bbox 1926 2950 2036 3093; baseline 0 0"><span class='ocrx_word' id='word_1_893' title='bbox 1926 2950 2036 3093; x_wconf 53' lang='lat' dir='ltr'><strong>,l</strong></span> 
     </span>
    </p>
   </div>
  </div>
