2036 3105
451 1 515 14 νξῖῆ

56 57 68 69 4
159 51 291 77 ᾔει-,πμ-ν
369 51 398 59 Ἠ
430 63 433 65 λ

237 80 255 96 μ’
312 86 318 90 .
336 80 362 89 ει
371 82 383 88 ηπ
395 88 401 91 _
416 88 420 92 λ
437 80 447 90 τ
515 85 518 87 .

159 193 221 224 669

637 195 895 232 QUIESTIONES
918 195 971 225 AD
992 194 1222 225 ANTIOCHUM
1248 192 1392 225 DUCEM.

1805 191 1864 220 6Ἷο

161 259 219 288 λιοι
237 260 330 298 ἰχθύες
415 259 458 288 καὶ
474 260 556 289 πάλιν
572 261 636 293 τοὺς
651 261 761 299 χιλίους
777 261 872 299 ἰχθύας
896 260 985 300 χίλιοι

1047 269 1170 289 mersam
1202 261 1369 289 devorarint
1407 259 1487 288 mille
1524 258 1630 296 pisces,
1664 267 1722 295 quo
1760 267 1864 286 rursus

127 346 129 348 Ι
162 303 270 342 ἄνδρες,
285 304 330 332 καί
344 304 408 336 τοὺς
422 305 534 344 χιλίους
549 305 648 344 ἄνδρας
663 305 751 345 χίλιοι
766 306 872 338 λέοντες
886 316 893 341 ;

202 483 298 512 Ἀπόκ.
337 483 526 522 ’ομολογεῖτι,
564 485 587 512 ὦ
624 484 747 521 ἀνόητοι,
784 483 989 520 παντοδύναμον

163 528 233 555 εἶναι
249 529 299 563 τήν
315 531 363 556 τοῦ
379 528 552 567 δημιουργοῦ
569 532 636 557 Θεοῦ
652 529 763 564 ούσίαν;
781 530 891 560 Πάντως
907 529 992 566 ἐρεῖτε

163 572 207 600 ὅτι
223 573 276 602 ναί.
294 574 375 600 Ὥστε
391 574 489 610 μάθετε
503 571 637 612 ἀκριϐῶς,
657 574 680 601 ὦ
696 573 818 613 ἄφρονες,
835 573 876 601 ὅτι
902 583 952 611 περ
977 574 991 601 ὁ

165 617 196 644 ἐκ
214 620 264 645 τοῦ
290 618 328 654 μή
355 616 432 649 ἔντος
458 618 495 649 εἲς
516 617 547 646 τό
576 619 642 646 εἶναι
668 618 832 657 παρενεγκας
856 618 921 649 Θεὸς
945 618 990 645 τὸν

164 662 320 699 ἄνθρωπον,
347 662 429 693 αὐτὸς
459 662 569 701 άρῥήτῳ
594 662 646 691 τινὶ
671 663 748 701 Λόγῳ
771 663 815 691 καὶ
840 662 992 691 ἀναπλάσαι

165 707 248 734 αὑτὸν
267 705 387 736 δύναται.
404 707 434 734 Τί
459 707 509 746 γάρ
531 707 613 742 ἐστιν,
639 707 698 735 εἷπὲ
724 718 782 744 μοι,
806 707 991 744 εὐκοπώτερον

164 753 206 787 τῷ
229 754 354 789 κεραμεῖ,
378 752 410 779 τὸ
434 751 464 780 ἐκ
489 755 538 779 τοῦ
564 753 602 788 μὴ
628 751 690 783 ὄτος
715 752 753 784 είς
778 753 810 780 τὸ
829 752 896 780 εἶναι
925 762 994 789 παρ-

166 798 288 833 αγαγεῖν,
304 796 335 824 τὸ
350 799 456 832 σκεῦος,
479 797 496 831 ἢ
521 797 552 825 τὸ
577 794 715 834 συντριϐὶν
745 796 828 824 πάλιν
857 796 994 825 ἀνακαινί-

165 849 231 874 σαι;
249 839 393 877 Πρόδηλον
410 840 496 868 ὅτιτὸ
521 841 671 869 ἀναπλάσαι
695 842 726 869 τὸ
755 841 900 879 γενόμενον
926 840 994 877 ἤδη,

168 885 219 912 κᾶν
236 883 275 915 εἷς
299 884 393 913 πολλά
417 886 486 923 μέρη
512 884 705 923 διεσκορπίσθη
732 887 798 923 (56).
825 887 881 914 Ἵνα
906 885 994 913 δὲκαὶ

169 930 273 981 ιῗυσικῇ
297 939 350 957 τινι
365 928 530 981 (ἀκολουθίᾳ.
545 931 706 968 χρήσωμαι,
728 931 773 957 καὶ
804 929 994 967 ὑποδείγματι,
1010 949 1034 981 Β

170 973 264 1011 ὥσπερ
292 973 393 1006 παντὸς
415 977 464 1002 τοῦ
489 974 532 1002 ἐπὶ
556 976 609 1012 γῆς
631 975 716 1013 πυρὸς
739 974 784 1002 καὶ
816 976 865 1009 τῆς
890 974 993 1012 θέρμης

170 1019 248 1055 πηγὴ
278 1018 322 1046 καὶ
348 1018 408 1056 ῥίζα
432 1020 446 1047 6
471 1018 552 1054 ἥλιος
583 1017 710 1058 ὑπάρχει,
739 1020 784 1047 καὶ
813 1017 993 1056 σϐεννυμένης

172 1062 221 1098 μὲν
247 1062 376 1099 καμίνου,
400 1062 516 1098 εὔδηλον
541 1063 584 1091 ὅτι
604 1064 622 1099 ἡ
648 1063 735 1102 θέρμη
762 1063 845 1099 αὐτῆς
864 1064 931 1102 πρὸς
947 1064 991 1091 τὸν

170 1106 253 1141 ἥλιον
268 1106 391 1145 ἀοράτως
407 1106 549 1145 ἀνέδραμε*
564 1107 609 1136 καί
632 1107 715 1135 πάλιν
739 1108 895 1145 ἁπτομένης
909 1108 992 1143 αὐτῆς

170 1150 201 1178 in
226 1153 276 1179 τοῦ
294 1151 386 1187 ἡλίου,
411 1151 496 1187 δῆλον
522 1152 563 1180 ὅτι
587 1153 619 1180 τὸ
645 1154 698 1191 πῦρ
718 1152 905 1191 παραγίνεται,
920 1152 951 1181 τό
967 1152 993 1189 ἐξ

169 1195 255 1230 αὐτῆς
271 1196 465 1235 ἀναχωρῆσαν·
485 1197 557 1225 οὕτω
569 1197 614 1225 καὶ
636 1197 680 1225 ἐπὶ
703 1200 757 1225 τῶν
781 1198 993 1237 καταφθειρόμί-

168 1250 222 1267 νων
240 1241 377 1277 σωμάτων
393 1242 570 1280 ἀνθρωπίνων
584 1242 628 1269 καὶ
644 1241 832 1278 διαλυομένων
859 1253 905 1278 μοι
928 1242 993 1278 νόη-

168 1295 227 1319 σον,
244 1285 287 1312 ’ότι
301 1295 352 1321 περ
365 1285 402 1317 είς
418 1285 481 1317 ὅσας
498 1286 527 1314 ἃν
544 1286 656 1325 Θηρίων,
671 1287 689 1321 ἢ
713 1287 827 1325 ἰχθύων,
852 1288 870 1321 ἦ
893 1286 992 1324 ὀρνέων

168 1330 302 1366 γαστέρας
332 1328 494 1368 διαμερισθῇ
525 1331 539 1358 ὁ
567 1330 721 1369 ἄνθρωπος,
752 1331 789 1362 εἷς
819 1332 852 1359 τὰ
879 1332 994 1369 τέσσαρα

168 1374 279 1405 πάντως
295 1377 419 1413 στοιχεῖα
432 1375 587 1408 ἀναλύεται,
603 1376 647 1403 καὶ
663 1376 821 1414 ἀπέρχεται,
837 1375 863 1411 ἐξ
887 1377 923 1403 ὧν
949 1376 993 1403 καὶ

168 1418 317 1453 συνέστηκε
343 1420 412 1446 κατὰ
438 1420 468 1447 τὸ
499 1420 548 1447 τοῦ
571 1419 655 1454 ἡλίου
684 1418 844 1459 ὑπόδειγμα.
878 1420 926 1448 Καὶ
955 1420 993 1451 είς

170 1463 219 1499 μὲν
242 1463 277 1490 τά
302 1462 385 1491 ὕδατα
407 1463 554 1502 ἀπέρχεται
578 1464 610 1492 τὸ
636 1464 725 1502 ὑγρόν·
752 1465 789 1496 εἰς
815 1463 844 1492 δὲ
867 1465 912 1492 τὸν
930 1465 995 1503 ἀέρα

166 1508 199 1535 τὸ
223 1508 333 1545 ψυχρόν
358 1509 425 1545 (57)·
452 1508 489 1540 εἷς
518 1507 547 1536 δὶ
569 1509 600 1536 τὸ
615 1511 668 1547 πῦρ
686 1508 826 1547 πρόδηλον
841 1509 872 1537 τὸ
883 1507 992 1546 θερμὸν·

168 1552 208 1583 εἰς
226 1551 258 1579 δὲ
271 1553 322 1587 τὴν
349 1556 400 1590 γῆν
425 1551 522 1580 λοιπὸν
547 1553 579 1581 τὸ
602 1553 692 1591 ξηρόν.
718 1555 766 1590 Τῷ
783 1553 827 1581 οὖν
842 1556 929 1593 καιρῷ
943 1558 994 1589 τῆς

168 1597 341 1627 ἀναστάσεως
359 1596 479 1625 κελεύσει
502 1599 570 1625 Θεοῦ
592 1597 714 1635 ἀοράτως
738 1597 903 1626 ἀποδίδωσιν
931 1598 993 1626 ’ἐκα-

168 1651 230 1668 στον
254 1643 310 1669 τῶν
335 1641 491 1679 στοιχείων,
514 1641 580 1680 ὅπερ
618 1639 714 1669 ἔλαϐεν
738 1640 920 1675 ἀποθανόντος
944 1646 993 1671 τοῦ

167 1686 316 1723 ἀνθρώπου
331 1686 398 1722 (58),
414 1686 459 1713 καὶ
474 1687 638 1724 προστρέχει
653 1688 671 1722 ἡ
688 1688 763 1725 ψυχὴ
785 1686 829 1714 καὶ
855 1687 991 1715 ἀνίσταται

167 1730 181 1756 ὁ
197 1730 355 1767 ἄνθρωπος,
370 1729 408 1761 ὡς
433 1729 490 1758 οἴδι
506 1731 589 1767 μόνος
605 1731 619 1758 ὁ
633 1730 739 1762 πλάσας
763 1731 809 1759 τὸν
837 1730 991 1770 ἄνθρωπον,

168 1774 282 1811 παρεὶς
301 1774 349 1810 μὲν
364 1774 401 1805 εἷς
417 1778 468 1812 γῆν
485 1778 582 1813 φθορᾷ,
599 1773 769 1813 ἐγειρόμενος
785 1774 814 1803 δὲ
838 1775 864 1804 ἐν
889 1776 990 1815 ἀφθαρ-

168 1818 221 1854 σίᾳ.
265 1819 346 1850 Ὅθεν
389 1819 434 1846 καὶ
475 1819 645 1856 Σαμαρείτας
696 1818 812 1847 ἐντεῦθεν
856 1818 992 1857 δυνάμεθα

167 1863 288 1901 ἐλέγξαι,
320 1862 362 1890 ὅτι
389 1865 471 1891 τοῦτο
495 1863 525 1891 τὸ
551 1866 630 1900 σῶμα
654 1863 801 1899 ἀνίσταται,
831 1865 861 1891 ἐκ
883 1867 931 1892 τοῦ
945 1865 990 1892 καὶ

167 1908 265 1938 αὐτοὺς
293 1906 384 1944 ὥσπερ
407 1907 468 1935 τινὰ
490 1907 587 1935 κόκκον
612 1907 655 1935 ἰπὶ
669 1911 721 1946 γῆς
736 1908 930 1946 κατακρύπτειν
958 1910 991 1937 τὰ

169 1953 297 1988 σώματα.
312 1952 413 1979 Τούτου
429 1952 481 1990 γὰρ
496 1953 577 1990 χάριν
593 1952 607 1980 ὀ
622 1953 686 1984 Θεὸς
709 1953 753 1980 καὶ
781 1953 826 1980 ἀπ’
841 1953 932 1991 ἀρχῆς
947 1952 991 1981 διὰ

166 1999 221 2023 τῶν
251 1996 375 2033 πατέρων
413 1995 594 2033 ἐνδμοθέτησε
618 1996 781 2027 σκάπτοντας
810 1998 883 2034 ἡμᾶς
911 2008 991 2025 κατα-

166 2041 296 2078 κρύπτειν
322 2041 355 2067 τὰ
382 2043 516 2072 τεθνεῶτα
540 2041 655 2077 σώματα
681 2040 767 2074 ὅπως,
800 2042 846 2069 καὶ
875 2040 946 2069 ἅκων
975 2043 989 2069 ὁ

167 2084 309 2123 ἅνθρωπος
325 2084 452 2122 ὁμολογῇ
468 2085 518 2119 τήν
533 2084 685 2113 ἀνάστασιν.
703 2088 756 2112 Πᾶν
776 2086 827 2123 γὰρ
851 2086 882 2114 τὸ
906 2085 933 2113 ἐν
955 2088 989 2123 τῇ

165 2132 198 2167 γῇ
225 2130 269 2168 ὑφ’
294 2130 375 2165 ἡμῶν
404 2129 578 2168 χωννύμενον
614 2128 729 2165 εὔδηλον
757 2130 798 2157 ὅτι
829 2129 870 2157 ἐπ’
898 2129 989 2158 ἐλπίδι

167 2175 336 2205 ἀναστάσεως
366 2175 522 2212 κρύπτεται.
552 2174 586 2202 Εἴ
613 2173 641 2202 δὶ
669 2174 719 2202 οὐκ
733 2173 788 2202 ἔστι
803 2178 902 2214 νεκρῶν
931 2175 990 2203 ἀνά-

166 2230 269 2254 στασις,
299 2218 388 2249 καθὼς
417 2219 547 2256 αἱρετικοί
577 2218 713 2257 λέγουσιν,
743 2218 835 2250 ἄδικος
862 2219 988 2248 λοιπὸνὸ

165 2265 230 2295 θεὸς
259 2264 445 2301 εὑρεθήσεται,
474 2263 598 2295 πολλοὺς
634 2265 680 2301 μὲν
719 2263 840 2296 δικαίους
879 2264 989 2293 ἐνταῦθα

1042 306 1122 334 mille
1138 306 1234 342 pisces
1249 305 1429 334 comederint
1445 304 1523 333 mille
1546 304 1690 337 homines,
1714 303 1764 339 qui
1784 303 1864 330 mille

1043 350 1177 378 homines
1203 352 1303 386 postea
1329 358 1346 378 α
1373 349 1454 377 mille
1478 348 1614 377 leonibus
1639 347 1749 376 fuerint
1775 347 1864 375 devo-

1043 395 1098 423 rati
1112 395 1136 423 7.

1081 485 1168 513 Resp.
1195 484 1272 512 Num
1294 482 1438 516 fatemini,
1464 491 1480 511 ο
1504 481 1612 517 insani,
1638 480 1869 517 omnipotentem

1045 538 1110 558 esse
1134 529 1186 557 Dei
1211 528 1324 566 opiﬁcis
1349 527 1534 556 essentiam?
1553 526 1679 554 Omnino
1704 525 1871 554 conccdetis

1044 578 1148 611 Itaque
1164 573 1279 606 discite,
1295 581 1312 600 ο
1327 572 1513 609 insipientes,
1531 574 1620 599 Deum
1632 571 1681 607 qui
1696 569 1846 598 hominem
1857 577 1873 597 e

1047 619 1140 647 nihilo
1157 618 1225 646 fecit
1241 620 1272 646 ut
1286 619 1374 650 esset,
1390 618 1487 653 ipsum
1504 615 1644 644 ineﬂ'abili
1672 615 1799 651 quadam
1825 622 1870 641 ra-

1048 664 1127 692 tione
1143 663 1261 691 reﬁcere
1286 670 1384 699 posse,
1406 661 1480 694 Quid
1506 661 1597 694 enim,
1622 659 1740 694 amabo,
1757 658 1870 687 facilius

1048 711 1094 737 est
1109 709 1210 745 figulo,
1225 716 1276 735 vas
1300 715 1334 735 ex
1348 706 1442 734 nihilo
1467 706 1561 733 facere
1587 707 1621 733 ut
1650 704 1699 739 sit,
1715 712 1751 731 an
1767 703 1871 730 contri-

1048 756 1111 782 tum
1127 760 1245 780 rursum
1270 750 1412 779 reﬁcere?
1428 750 1507 779 Corie
1533 749 1648 778 facilius
1676 750 1721 776 est
1742 756 1794 776 vas
1806 748 1868 783 jam

1049 799 1169 831 factum,
1187 798 1255 825 licet
1271 797 1300 824 in
1316 795 1427 824 multas
1443 797 1539 832 partes
1554 794 1731 830 dispersum,
1742 793 1870 820 reﬁcere.

1050 843 1086 871 Ut
1101 845 1198 870 autem
1216 841 1341 869 naturali
1362 840 1460 876 aliquo
1481 839 1583 867 ordine
1597 841 1625 867 et
1648 837 1781 873 exemplo
1795 838 1871 871 utar,

1050 886 1300 924 quemadmodum
1317 886 1395 922 ignis
1415 887 1443 913 et
1458 884 1573 919 caloris,
1591 883 1641 920 qui
1665 883 1695 910 in
1719 884 1796 910 terra
1817 883 1871 914 est,

1051 933 1115 960 fons
1130 933 1158 960 et
1171 931 1254 959 radix
1268 933 1314 959 est
1330 930 1383 966 sol,
1404 931 1577 965 constetque
1603 927 1738 956 exstincti
1763 926 1872 954 camini

1048 977 1175 1005 calorem
1204 976 1239 1004 ad
1275 975 1366 1003 solem
1397 973 1586 1003 invisibiliter
1622 972 1735 1006 reverti,
1777 979 1869 1006 ecquo

1047 1030 1152 1050 rursus
1167 1028 1299 1053 accenso,
1316 1020 1414 1056 ignem
1431 1018 1480 1055 qui
1495 1019 1664 1050 recesserat,
1680 1025 1714 1045 ex
1729 1015 1789 1044 sole
1804 1024 1868 1042 rur-

1048 1075 1100 1094 sus
1126 1065 1219 1094 redire
1246 1073 1253 1092 :
1282 1065 1322 1092 ita
1352 1066 1381 1091 et
1417 1063 1447 1091 in
1478 1062 1623 1098 corruptis
1655 1060 1867 1095 dissolutisque

1047 1111 1202 1139 hominum
1218 1108 1389 1145 corporibus
1403 1107 1533 1143 intellige
1549 1115 1556 1134 :
1572 1108 1601 1134 in
1618 1105 1789 1142 quorumvis
1806 1105 1867 1132 nni-

1048 1155 1183 1190 malium,
1209 1153 1333 1190 piscium
1359 1152 1403 1180 vel
1437 1152 1535 1180 avium
1569 1153 1685 1179 ventres
1719 1149 1870 1186 dispersus

1048 1200 1088 1228 sit
1102 1200 1200 1232 homo,
1216 1201 1314 1226 tamen
1331 1198 1361 1225 in
1376 1199 1501 1233 quatuor
1527 1196 1646 1224 omnino
1666 1195 1821 1229 elementa,
1838 1202 1872 1221 ex

1048 1244 1157 1280 quibus
1172 1245 1201 1271 et
1215 1244 1330 1271 constat
1344 1241 1464 1270 dissolvi
1480 1243 1508 1269 et
1522 1241 1614 1274 abire,
1634 1241 1721 1276 juxta
1747 1239 1869 1267 allatum

1049 1288 1120 1317 solis
1145 1287 1332 1323 exemplum;
1358 1287 1399 1314 ita
1423 1288 1455 1313 ut
1478 1285 1556 1321 quod
1581 1284 1737 1313 humidum
1762 1285 1816 1317 est,
1842 1283 1869 1310 in

1049 1340 1142 1369 aquas
1157 1332 1242 1360 abeat
1257 1340 1263 1359 :
1280 1331 1358 1367 quod
1373 1329 1557 1366 frigidum,in
1572 1337 1686 1363 aerem;
1703 1328 1780 1364 quod
1797 1328 1868 1354 cali-

1048 1377 1131 1410 dum,
1147 1376 1177 1404 in
1193 1376 1310 1412 ignem:
1327 1375 1454 1411 denique
1469 1375 1547 1410 quod
1562 1374 1674 1402 siccum
1693 1375 1748 1408 est,
1765 1372 1793 1400 in
1809 1375 1867 1399 ter-

1048 1422 1228 1457 ram.ltaque
1241 1419 1464 1448 resurrectionis
1478 1420 1680 1454 tempore,Deo
1696 1417 1869 1452 imperante,

1048 1466 1167 1502 singula
1193 1465 1339 1493 elementa
1363 1463 1550 1492 invisibiliter
1579 1463 1702 1490 reddent
1725 1461 1867 1497 quidquid

1049 1519 1083 1539 ex
1107 1510 1246 1538 humanis
1273 1509 1446 1545 corporibus
1480 1507 1654 1544 acceperint,
1679 1508 1869 1540 accurretquc

1049 1555 1157 1590 anima,
1174 1556 1260 1590 atque
1274 1554 1317 1582 ita
1329 1557 1462 1590 resurget
1486 1553 1584 1587 homo,
1600 1553 1687 1588 prout
1711 1550 1792 1579 solus
1808 1551 1870 1585 ipse

1049 1599 1129 1628 novit
1142 1599 1194 1635 qui
1209 1598 1345 1627 formavit
1367 1598 1528 1633 hominem,
1553 1596 1732 1625 seminatum
1748 1595 1866 1630 quidem

1046 1644 1075 1672 in
1091 1647 1169 1673 terra
1184 1644 1213 1671 in
1230 1643 1630 1680 corruptione,resurgentem
1644 1649 1712 1670 vero
1728 1641 1756 1668 in
1773 1641 1867 1668 incor-

1045 1689 1191 1726 raptione.
1204 1689 1386 1725 Quapropter
1399 1687 1468 1716 hinc
1489 1695 1606 1724 quoque
1628 1694 1787 1723 possumus
1803 1694 1868 1712 con-

1044 1734 1160 1762 vincere
1173 1733 1423 1769 Bamaritas,quod
1440 1732 1494 1760 hoc
1509 1732 1586 1761 248
1602 1739 1709 1767 corpus
1723 1732 1868 1765 resurgat,

1045 1787 1081 1806 ex
1095 1786 1128 1806 eo
1143 1778 1219 1814 quod
1236 1778 1293 1814 ipsi
1309 1786 1441 1814 corpora,
1461 1776 1550 1805 veluti
1574 1776 1723 1812 quoddam
1743 1783 1867 1812 granum

1046 1823 1076 1851 in
1092 1825 1171 1851 terra
1186 1822 1379 1851 abscondant.
1396 1822 1491 1857 Hujus
1505 1821 1584 1849 cnim
1610 1820 1649 1848 rei
1673 1819 1768 1856 gratia
1792 1820 1869 1847 Deus

1045 1867 1129 1895 initio
1144 1875 1195 1903 per
1210 1869 1325 1895 nostros
1339 1868 1437 1902 patres
1452 1865 1514 1901 lege
1539 1864 1673 1898 sancivit,
1698 1865 1731 1891 ut
1755 1865 1871 1891 mortua

1047 1920 1170 1948 corpora
1195 1914 1272 1940 terra
1296 1911 1402 1939 etl‘ossa
1424 1910 1610 1942 abderemus,
1635 1911 1668 1936 ut
1688 1908 1733 1936 vel
1761 1907 1870 1935 invitus

1045 1956 1134 1984 homo
1159 1956 1401 1984 resurrectionem
1434 1954 1568 1982 fateatur.
1606 1952 1753 1989 Quidquid
1788 1952 1866 1980 enim

1044 2003 1121 2028 terra
1135 2000 1299 2033 obruimus,
1325 1999 1355 2027 in
1380 2007 1463 2035 spem
1488 1997 1710 2026 resurrectionis
1738 1996 1865 2033 contegi-

1045 2053 1122 2073 mus.
1138 2045 1191 2073 Sed
1208 2045 1233 2072 si
1260 2044 1340 2072 nulla
1361 2048 1404 2072 est
1427 2045 1610 2071 mortuorum
1632 2041 1816 2075 resurrectio,
1835 2043 1867 2068 ut

1044 2089 1146 2117 volunt
1166 2089 1307 2124 heretici,
1335 2091 1413 2117 certe
1436 2088 1566 2124 injustus
1597 2088 1671 2115 Deus
1694 2087 1866 2123 reperietur,

1044 2134 1153 2170 quippe
1168 2134 1219 2170 qui
1237 2133 1345 2162 multos
1366 2134 1464 2169 justos
1491 2132 1538 2160 hic
1562 2140 1709 2160 erumnas
1735 2131 1794 2167 pati
1810 2133 1837 2158 et
1853 2139 1867 2158 e

1045 2178 1139 2206 medio
1153 2178 1216 2206 tolli
1232 2178 1321 2213 sinat,
1338 2177 1440 2206 multis
1457 2179 1553 2205 autem
1567 2177 1666 2213 impiis
1692 2178 1721 2204 et
1736 2178 1866 2212 peccato-

1044 2222 1126 2250 ribus
1141 2222 1254 2250 felicem
1268 2222 1370 2257 vitam,
1388 2222 1548 2250 liberorum
1563 2221 1689 2257 copiam,
1704 2223 1732 2248 et
1749 2228 1865 2256 prospe-

1043 2275 1106 2294 ram
1131 2267 1278 2294 fortunam
1304 2267 1454 2295 concedat.
1486 2266 1596 2294 Verum
1621 2272 1656 2292 ne
1681 2264 1865 2300 decipiantur

165 2306 375 2345 ταλαιπωρῆσαι
403 2306 450 2352 mi
476 2308 646 2345 ἀναιρεθῆναι
676 2310 765 2340 κακῶς
793 2309 986 2347 συγχωρήσας,

1047 2311 1191 2339 Ξαωιιιιίιω
1208 2320 1214 2340 :
1234 2311 1290 2339 erit
1311 2311 1389 2339 enim
1417 2310 1574 2347 aliquando
1600 2308 1819 2337 resurrectionis
1836 2311 1864 2336 et

165 2351 286 2404 πολλοῖς
320 2350 350 2380 δὲ
375 2349 493 2404 ’ἀσεξέσι
527 2352 571 2404 καὶ
599 2352 775 2404 «Ξιμαρτωλοῖς
801 2352 913 2388 εὖζωίαν
942 2354 987 2381 καὶ

1047 2356 1145 2392 iudicii
1160 2358 1289 2392 tempus,
1315 2358 1346 2384 ut
1370 2358 1400 2384 et
1422 2355 1462 2391 pii
1486 2354 1535 2391 qui
1560 2355 1607 2382 hic
1632 2354 1711 2382 mala
1732 2354 1863 2390 perpessi

166 2397 298 2425 εὐτεκνίαν
338 2396 384 2424 καὶ
421 2395 568 2434 εὐπραγίαν
600 2395 804 2435 δωρησάμενος.
834 2397 921 2425 Ἀλλὰ
948 2407 986 2435 μη

1047 2402 1122 2434 sunt,
1139 2401 1255 2429 coronis
1273 2401 1420 2429 donentur
1435 2409 1442 2435 ;
1459 2400 1509 2436 qui
1525 2401 1624 2427 autem
1649 2398 1787 2427 fortunati
1803 2399 1864 2426 fue-

166 2442 360 2469 πΑα-ιάσθωσαν
390 2443 566 2479 Σαμαρειτῶν
601 2440 695 2473 παῖδες
734 2443 798 2478 (59)·
836 2440 910 2469 ἔσται
936 2443 988 2481 γάρ

1047 2444 1103 2472 rint
1116 2445 1211 2481 impii.
1227 2447 1335 2473 esterno
1349 2445 1414 2481 igne
1431 2445 1461 2472 in
1477 2443 1584 2472 alecula
1598 2443 1773 2472 saeculorum
1786 2443 1865 2471 dam-

168 2497 232 2514 ποτε
245 2485 418 2517 ἀναστάσεως
442 2485 487 2513 καὶ
515 2485 629 2523 κρίσεως
657 2486 761 2523 καιρὸς,
791 2484 865 2517 ὅπως
894 2487 939 2514 καὶ
962 2487 988 2514 οἱ

1047 2491 1161 2525 nentur,
1174 2490 1257 2525 juxta
1268 2490 1384 2525 justum
1400 2488 1450 2516 Dei
1461 2488 1620 2524 judicium.

168 2530 277 2559 ἐνταῦθα
292 2531 530 2565 κακοπαθήσαντες
546 2527 663 2562 εὐοεὸεἴς
680 2531 881 2570 συεφανωθωσι,
894 2532 939 2559 καὶ
955 2532 981 2559 οἱ
995 2532 1078 2561 πὰλιν
1094 2533 1309 2571 εὖημερήσαντες
1326 2530 1430 2564 ἀσεϐεῖς
1443 2534 1483 2569 τῷ
1498 2531 1601 2569 αἰωνίῳ
1616 2531 1681 2570 πυρὶ
1707 2532 1746 2564 εἰς
1772 2531 1868 2563 αἰῶνας

166 2575 269 2603 αἰώνων
284 2573 512 2609 καταδικασθῶσι,
527 2575 595 2602 κατὰ
608 2575 640 2602 τὸ
655 2573 758 2603 δίκαιον
774 2578 859 2614 κρῖμα
872 2579 921 2604 τοῦ
940 2579 1017 2605 Θεοῦ.

197 2629 294 2666 Ἐρώτ.
324 2632 382 2665 pls"
420 2629 476 2656 Ποῦ
515 2627 648 2666 ὑπάγουσι
683 2629 717 2657 τὰ
742 2628 911 2658 τιλευτωντα
938 2640 983 2658 πι-

1074 2632 1188 2666 Οωεετ.
1205 2632 1283 2661 CXV.
1298 2632 1360 2665 Quo
1375 2632 1486 2661 vadunt
1510 2631 1669 2661 morientes
1693 2630 1793 2660 ﬁdeles
1818 2631 1862 2659 in-

329 2754 400 2796 lies.
416 2755 550 2796 2,_recte.
570 2754 644 2783 Editi
660 2762 738 2791 vero,
762 2754 850 2792 χίλιοι
875 2755 984 2794 ἳχθύας,

166 2792 285 2818 omissis
299 2792 494 2818 intermediis.

202 2825 399 2898 (ἕξὲξῖνξὶϐε.
415 2827 442 2853 2.
465 2825 539 2854 Editi
563 2834 641 2860 vero,
664 2825 710 2853 καὶ
734 2825 773 2857 sic
795 2825 889 2855 πολλὰ
918 2827 986 2865 μίρη

1030 2759 1054 2793 ’γ
1076 2757 1132 2792 (57)
1149 2758 1196 2786 Sic
1212 2766 1283 2786 mss.
1302 2761 1333 2786 In
1357 2758 1443 2786 editis
1467 2758 1524 2786 haec
1548 2759 1666 2793 desunt,
1694 2756 1732 2788 είς
1763 2754 1790 2783 δὲ
1819 2754 1863 2781 τὸν

1044 2792 1163 2831 ἀέραντὸμ
1170 2793 1286 2831 ψυχρόν.

1150 2826 1198 2867 ξῖο
1210 2826 1284 2867 ἷξες.
1297 2830 1327 2867 Δ2.
1343 2829 1430 2863 Editi,
1444 2830 1494 2856 τοῦ
1508 2829 1646 2867 σῴματος.

1079 2859 1136 2901 (59)
1152 2866 1219 2902 Reg.
1235 2859 1305 2901 2:01
1323 2859 1489 2902 Σαμαρίἷται
1503 2859 1589 2893 καὶόἰ
1604 2864 1690 2892 αὐτῶν
1706 2859 1810 2890 παῖδες.
