2036 3105
186 182 241 212 6⁸11

772 186 803 215 S.
828 183 1087 215 ATHANASIUS.
1103 199 1141 206 —
1152 183 1305 215 SPURIA.

1854 163 1900 181 (Γ
1913 159 1921 162 “

189 250 283 277 fantes
297 250 307 276 ?
323 249 363 277 Ad
378 258 542 286 pmnamne,
571 260 607 278 an
630 251 658 278 in
680 259 802 287 regnum
818 251 831 278 'I
854 252 916 284 Quo
944 258 1010 278 vero

1076 249 1116 276 ῖτὰ
1131 250 1187 285 (60)
1203 251 1306 285 νήττας
1324 250 1361 280 είς
1388 249 1510 285 κόλασιν,
1540 250 1557 284 ἣ
1585 249 1623 280 εἰς
1653 247 1809 287 βασιλείαν;
1839 249 1892 276 Καὶ

186 297 258 322 eunt
272 294 435 322 inﬁdelium
444 295 571 323 infantes
582 296 660 329 ?Quo
672 296 740 324 item
750 296 779 323 in
790 295 853 323 loco
864 295 1009 323 collocan-

187 341 236 366 tur
252 339 409 366 morientes
426 340 556 367 ﬁdelium
572 340 710 372 infantes,
727 348 797 367 num
813 348 880 367 cum
906 339 1010 367 inﬁde-

188 382 331 420 libus,“
348 392 415 410 vero
430 392 496 411 cum
514 385 672 412 ﬁdelibus?

227 427 312 455 Rssr.
336 428 405 455 Cum
431 429 571 456 Dominus
597 429 698 457 dicat:
719 441 732 455 «
760 430 853 458 Sinite
876 429 1012 466 parvulos

189 472 288 499 venire
310 472 344 499 ad
374 480 421 500 me
447 482 453 500 :
478 473 581 501 talium
606 474 684 501 enim
709 477 753 502 est
775 483 896 510 regnum
924 474 1012 501 cmlo-

191 524 256 544 rum
273 517 305 550 ⁷⁵,
322 527 335 541 ››
346 525 413 544 cum
424 518 494 544 item
507 518 584 546 dicat
595 519 752 554 Apostolus
769 527 775 546 :
795 529 806 543 ι
821 519 903 546 Nunc
914 521 1012 547 autem

190 560 274 588 liberi
290 562 378 588 vestri
390 562 483 589 sancti
496 565 565 590 sunt
575 563 627 597 77,»
638 565 752 591 constat
765 566 798 591 ut
807 563 1012 591 immaculatos

194 607 224 632 et
238 605 338 633 fideles
354 606 383 632 in
399 614 522 641 regnum
543 607 681 635 caelorum
706 608 819 644 ingredi
849 607 1013 644 baptizatos

193 649 323 677 ﬁdelium
340 651 477 678 infantes.
494 651 545 682 Qui
562 655 659 679 autem
681 652 818 688 baptizati
850 661 906 680 non
933 655 1013 687 sunt,

191 696 224 720 ut
239 697 267 721 et
282 694 424 728 inﬁdeles,
442 703 536 730 neque
552 696 580 723 in
598 697 945 733 regnumingrcdiuntur,
961 704 1014 724 nec

192 746 294 765 rursus
310 738 339 766 in
355 739 533 775 supplicium
551 749 557 767 ε
576 749 702 777 namque
712 744 862 777 peccatum
879 750 937 769 non
948 749 1015 777 ege-

193 785 269 809 runt.

227 829 339 860 Quss'r.
360 828 452 856 α’(νι.
477 830 521 857 An
545 838 647 858 omnes
672 831 798 859 hisretici
822 832 852 858 in
876 830 1014 866 perditio-

192 880 257 898 nem
275 873 394 906 abeunt,
412 881 503 901 necne
516 874 530 901 ‘I

229 917 314 944 Περ.
340 917 401 968 lilst“
417 917 554 968 haeresis:
572 921 600 946 et
622 919 741 948 haresis
756 929 762 953 ;
777 922 821 947 est
844 919 1013 968 item-judi-
1029 936 1052 968 B

193 961 282 994 cium,
299 964 327 988 et
337 962 494 996 judicium.
511 963 576 991 Alis.
597 966 642 992 est
665 965 744 993 enim
769 964 892 1001 perditio
919 964 1013 992 Mani-

193 1005 349 1039 chaeorum,
368 1006 624 1040 Montanistarum,
640 1009 1014 1044 Simonianorum,Ariano-

194 1058 270 1084 rum,
287 1053 315 1077 et
330 1050 866 1090 Pneumatomachorum,aliorumque
881 1054 909 1080 id
922 1061 1015 1089 genus

193 1094 431 1123 detestandorum
457 1095 671 1125 haereticorum.
699 1097 783 1125 Aliud
807 1106 911 1126 rursus
933 1098 1015 1133 judi-

195 1138 273 1166 cium
289 1141 333 1166 est
352 1147 453 1167 eorum
477 1141 526 1176 qui
552 1141 635 1169 aiunt
658 1142 814 1170 Dominum
840 1145 972 1171 nostrum
988 1144 1017 1170 et

197 1184 284 1210 Deum
300 1183 400 1211 Jesum
415 1185 561 1213 Christum
573 1194 679 1222 corpus
693 1186 897 1223 incorruptum
907 1196 940 1215 ex
952 1195 1017 1215 san-

195 1230 241 1255 cta
258 1228 378 1264 Ueipara
392 1231 549 1265 accepisse.
565 1230 772 1259 Verumtamen
792 1232 842 1267 qui
859 1232 888 1259 in
915 1232 1016 1267 paucis

196 1272 324 1301 inﬁdelis
340 1276 395 1306 est,
411 1274 483 1302 etin
500 1275 602 1302 multis
615 1278 659 1303 est
675 1276 811 1304 infidelis.
828 1277 886 1304 Nec
908 1277 936 1304 id
953 1278 1017 1303 tan-

197 1320 271 1350 tum,
287 1318 338 1345 sed
354 1318 442 1346 etiam
459 1319 488 1346 in
505 1328 563 1347 una
578 1320 739 1356 eademque
754 1321 857 1348 heresi
881 1320 974 1348 multa
989 1323 1018 1348 et

196 1363 276 1390 varia
292 1365 361 1390 sunt
372 1363 496 1398 judicia.
521 1364 672 1400 Siquidem
698 1365 777 1393 aliud
797 1368 843 1393 est
864 1367 1016 1401 peccatum

196 1407 323 1443 episcopi
340 1408 480 1443 populum
492 1409 522 1436 in
538 1417 664 1437 errorem
676 1409 861 1438 indumentis:
879 1410 956 1438 aliud
970 1410 1017 1445 ju-

196 1452 304 1479 dicium
320 1452 417 1480 clerici
434 1453 483 1488 qui
498 1453 592 1489 possit
601 1454 791 1483 orthodoxam
800 1455 885 1482 fidem
893 1455 1016 1490 discere;

197 1497 275 1524 aliud
292 1500 390 1525 autem
404 1498 550 1533 judicium
559 1498 654 1527 clerici
668 1500 839 1535 qu'idiscere
850 1508 907 1527 non
916 1500 1016 1536 possit.

196 1541 281 1568 Aliud
297 1541 367 1569 item
383 1543 447 1577 ejus
462 1543 511 1577 qui
532 1543 681 1571 veritatem
713 1544 950 1577 anathematizat.
965 1553 1018 1572 no-

197 1585 300 1620 bisque
321 1586 493 1614 adversatur
509 1596 516 1615 :
533 1587 611 1615 aliud
636 1588 740 1616 iterum
767 1589 831 1625 ejus
855 1589 906 1625 qui
922 1589 1017 1617 sciens

196 1633 291 1661 errat;
307 1629 386 1656 aliud
403 1630 466 1664 ejus
482 1631 531 1666 qui
547 1632 583 1659 ob
598 1631 938 1669 ignorantistenique
949 1642 1017 1661 mu-

198 1672 278 1700 lieris
295 1673 455 1709 judicium,
478 1675 545 1703 aliis
574 1676 713 1704 omnibus
749 1679 792 1705 est
822 1677 924 1706 levius.
950 1679 1018 1711 Quae

197 1717 296 1745 omnia
310 1717 392 1746 solus
407 1722 542 1747 accurate
557 1720 637 1748 novit
667 1723 751 1756 Deus,
767 1722 818 1758 qui
844 1723 943 1751 orbem
960 1724 1018 1751 ter-

197 1770 294 1789 rarum
311 1762 341 1789 in
352 1763 469 1799 justitia
479 1764 668 1799 judicaturus
678 1767 723 1793 est
739 1766 771 1793 ⁷⁸.

233 1808 345 1839 Ουεετ.
375 1807 481 1836 CXVII.
509 1809 621 1837 Licetne
645 1810 867 1846 magistratibus
897 1819 1020 1839 munera

198 1852 339 1886 accipere,
354 1860 447 1888 eaque
461 1853 490 1881 in
508 1861 651 1890 pauperes
666 1854 838 1883 insumere?

235 1896 319 1924 Rsss.
337 1897 366 1924 Si
383 1897 432 1933 qui
449 1900 515 1933 post
529 1901 646 1933 accepta
661 1899 813 1931 beneﬁcia,
840 1900 954 1936 copiam
974 1909 1018 1929 re-

199 1950 262 1968 rum
275 1941 558 1978 habent,sponteque
567 1943 641 1970 dona
654 1944 872 1979 magistratibus
883 1945 1020 1979 offerunt,

198 1987 244 2021 iis,
262 1987 414 2022 inquam,a
429 1988 538 2023 quibus
554 1988 727 2016 beneﬁcium
743 1990 1021 2026 acceperunt;forte

201 2032 248 2067 qui
268 2040 390 2059 munera
405 2032 577 2068 suscipiant,
594 2041 651 2061 non
676 2041 764 2069 grave
788 2034 932 2062 subibunt
942 2035 1022 2071 judi~

200 2078 290 2109 cium,
307 2076 330 2103 si
347 2084 452 2112 nempe
467 2085 501 2104 ea
515 2077 718 2105 distribuerint
734 2079 922 2114 pauperibus.
939 2079 1021 2111 Qum-

201 2123 297 2147 autem
323 2120 358 2148 ab
383 2121 518 2156 agricolis
542 2124 570 2149 et
592 2122 685 2150 fabris
702 2124 851 2159 oppressis
877 2132 1023 2160 opemque

201 2165 238 2191 im
246 2164 511 2200 plorantibusdona
518 2167 793 2203 scceperint,ignem
803 2171 831 2195 et
843 2168 1022 2205 supplicium

202 2210 255 2237 sibi
272 2209 327 2245 ipsi
343 2210 566 2245 comparebunt,
578 2210 645 2238 licet
659 2212 723 2247 ipsa
738 2211 766 2239 in
779 2213 925 2241 sexcentis
935 2213 1022 2241 bene-

202 2254 276 2281 ﬁciis
300 2254 482 2282 conferendis
509 2254 670 2289 insumant,
705 2257 955 2292 quemadmodum
983 2257 1024 2285 alt

1065 296 1118 321 ποῦ
1137 294 1171 321 τὰ
1184 296 1238 321 τῶν
1254 294 1372 321 ἀπίστων
1387 296 1489 330 νήπια;
1508 294 1561 323 Καὶ
1575 296 1629 321 ποῦ
1652 294 1686 321 τὰ
1709 296 1762 321 τῶν
1786 296 1890 321 πιστῶν

1066 335 1217 366 ἆϐάπτιστα
1231 338 1436 374 ἀποθνήσκοντα
1451 338 1602 374 τάττονται,
1621 337 1688 374 μετὰ
1705 340 1759 365 τῶν
1777 339 1889 374 πιστῶν,

1065 383 1082 417 ἣ
1096 383 1217 410 ἀπίστων
1231 393 1237 418 ;

1102 428 1198 456 Ἀπόκ.
1215 429 1272 456 Τοῦ
1287 428 1386 466 Κυρίου
1417 428 1558 465 λὲγοντος·
1587 441 1597 454 λ
1625 431 1724 466 ’Ἅφετε
1745 428 1778 454 τὰ
1798 425 1892 454 παιδία

1067 471 1193 510 ἔρχεσθαι
1213 474 1280 509 πρὸς
1376 475 1429 500 τῶν
1449 473 1499 510 γὰρ
1523 472 1655 500 τοιούτων
1682 472 1752 500 ἐστὶν
1775 473 1793 506 ἠ
1812 472 1891 510 βασι-

1068 517 1127 544 λεία
1152 519 1205 544 τῶν
1239 517 1371 555 οὐρανῶν·
1411 528 1425 542 ι)
1458 517 1502 544 καὶ
1531 516 1615 544 πάλιν
1644 519 1692 544 τοῦ
1721 515 1891 544 Ἀποστόλου

1068 562 1226 601 φάσκοντος·
1254 574 1264 587 ι
1295 565 1347 590 Νῦν
1377 561 1405 590 δὲ
1433 563 1467 590 τὰ
1493 562 1572 590 τέκνα
1597 562 1673 598 ὑμῶν
1699 562 1761 599 ἅγιά
1785 562 1852 589 ἐστι·
1874 572 1888 588 ι

1067 605 1208 644 πρόδηλον
1225 606 1266 634 ὅτι
1282 607 1319 638 ὡς
1334 607 1437 634 ἄσπιλα
1449 607 1493 634 καὶ
1509 607 1591 634 πιστὰ
1615 607 1652 637 εἰς
1679 607 1728 641 τήν
1754 605 1895 644 βασιλείαν

1069 651 1238 689 εἰσέρχονται
1267 652 1301 679 τὰ
1321 654 1375 679 τῶν
1396 654 1499 679 πιστῶν
1519 648 1719 689 βεϐαπτισμένα
1733 652 1829 685 νήπια·
1861 650 1895 677 τὰ

1069 694 1099 723 δὲ
1112 693 1262 723 ἀϐάπτιστα
1280 696 1374 723 καὶτὰ
1388 696 1478 727 ἐθνικὰ
1499 694 1561 723 οὕτε
1583 696 1621 726 εἰς
1648 695 1787 733 βασιλείαν
1809 695 1896 732 εἰσέρ-

1070 750 1175 777 χονται“
1192 740 1256 768 ἀλλ’
1280 739 1341 768 οὔτε
1364 740 1446 768 πάλιν
1471 740 1509 771 είς
1532 740 1656 768 κόλασιν
1684 739 1814 777 ἁμαρτίαν
1844 739 1896 777 γὰρ

1070 786 1126 821 (61)
1143 785 1193 812 οὐκ
1208 783 1333 823 ἔπραξαν.

1107 829 1201 867 Ἐρώτ.
1221 833 1279 867 pic’.
1296 830 1367 867 Ἀρα
1383 829 1478 860 πάντες
1494 829 1520 856 οἱ
1535 829 1666 867 αἱρετικοὶ
1692 828 1730 857 είς
1755 827 1896 855 ἀπώλειαν

1070 874 1248 912 ἀπέρχονται,
1264 875 1281 908 ἢ
1299 872 1349 908 οὕ;

1107 918 1201 946 Ἀπόκ.
1220 919 1309 946 Ἔστιν
1337 917 1438 954 α’ίρεσις
1463 917 1508 945 καὶ
1532 917 1644 955 αἵρεσις
1664 917 1710 945 καὶ
1724 916 1780 944 ἔστι
1808 919 1898 953 κρῖμα

1068 963 1113 991 καὶ
1128 965 1224 1000 κρῖμα.
1241 962 1332 998 ’Ἄλλη
1355 963 1405 1001 γὰρ
1429 961 1553 990 ἀπώλεια
1576 964 1629 989 τῶν
1657 960 1818 999 Μανιχαίων
1847 961 1897 988 καὶ

1067 1010 1122 1036 τῶν
1139 1009 1294 1041 Μοντανῶν,
1324 1007 1369 1035 καὶ
1396 1008 1583 1043 Σιμωνιανῶν,
1609 1007 1653 1034 καὶ
1673 1006 1829 1043 ’Δρειανῶν,
1845 1006 1893 1033 καὶ

1070 1052 1312 1089 Ηνευματομάχων
1339 1053 1406 1088 (62),
1431 1052 1476 1079 καὶ
1499 1053 1552 1078 τῶν
1579 1050 1711 1078 τοιούτων
1726 1051 1893 1088 θεοκαταρά-

1068 1107 1122 1124 των
1140 1097 1292 1134 αἱρετικῶν·
1307 1096 1351 1123 καὶ
1366 1095 1437 1123 ἄλλο
1454 1095 1535 1123 πάλιν
1550 1098 1604 1123 τῶν
1626 1094 1762 1133 λεγόντων
1788 1094 1896 1133 ἄφθαρ-

1068 1151 1115 1168 τον
1133 1143 1212 1177 σῶμα
1226 1138 1369 1168 ἀναλαϐεῖν
1386 1140 1416 1168 ἐκ
1429 1143 1479 1174 τῆς
1505 1139 1584 1178 ἁγίας
1610 1139 1744 1167 Θεοτόκου
1767 1140 1812 1166 τὸν
1838 1138 1898 1166 Κύ-

1071 1195 1128 1222 ριον
1144 1186 1224 1221 ἡμῶν
1240 1184 1285 1212 καὶ
1300 1185 1364 1212 Θεὸν
1380 1185 1486 1220 Ἰησοῦν
1502 1184 1629 1222 Χριστόν.
1647 1183 1723 1218 Πλὴν
1738 1184 1752 1211 ὁ
1767 1183 1792 1211 ἐν
1807 1182 1899 1221 ὀλίγῳ

1071 1231 1182 1260 ἄπιστος
1210 1229 1255 1256 καὶ
1284 1228 1309 1256 ἐν
1339 1228 1438 1265 πολλῷ
1461 1227 1573 1259 ἄπιστός
1597 1228 1678 1256 ἰστιν.
1696 1228 1735 1257 Οὐ
1753 1228 1835 1264 μόνον
1867 1226 1899 1255 δὲ

1070 1277 1160 1302 τοῦτο·
1178 1273 1250 1301 ἀλλὰ
1264 1273 1309 1301 καὶ
1326 1274 1351 1301 ἐν
1377 1273 1445 1306 αὐτῆ
1470 1275 1503 1310 τῇ
1532 1275 1580 1310 μιᾷ
1604 1273 1704 1311 αἱρέσει
1728 1271 1824 1300 πολλά
1850 1273 1898 1299 καὶ

1071 1318 1187 1357 διάφορα
1203 1318 1355 1356 ὑπάρχουσι
1384 1318 1514 1356 κρίματα.
1543 1317 1637 1353 Ἀλλη
1667 1317 1718 1355 γὰρ
1747 1318 1764 1352 ἡ
1781 1316 1896 1355 ἁναρτία

1070 1366 1119 1391 τοῦ
1139 1362 1286 1390 ἐπισκόπου
1314 1364 1363 1390 τοῦ
1391 1362 1549 1393 πλανῶντος
1576 1363 1622 1390 τὸν
1653 1361 1730 1394 λαὸν,
1754 1362 1799 1389 καὶ
1824 1360 1899 1388 ἄλλο

1070 1411 1156 1446 κρῖμα
1170 1410 1219 1435 τοῦ
1234 1406 1369 1445 κληρικοῦ
1384 1409 1432 1434 τοῦ
1448 1405 1597 1443 δυναμένου
1623 1410 1717 1443 μαθεῖν
1731 1407 1780 1441 τὴν
1811 1405 1898 1443 ὀρθό-

1071 1452 1148 1489 δοξον
1173 1452 1273 1480 πίστιν·
1289 1451 1333 1480 καί
1357 1450 1428 1479 ἄλλο
1443 1451 1524 1479 πάλιν
1538 1450 1587 1479 τοῦ
1605 1452 1643 1488 μή
1666 1450 1826 1487 δυναμένου,
1849 1450 1898 1477 καὶ

1072 1497 1142 1525 ἄλλο
1158 1499 1206 1524 τοῦ
1221 1495 1461 1533 ἆναθεματίζοντος
1485 1497 1534 1530 τὴν
1557 1495 1688 1531 ἀλήθειαν
1713 1495 1758 1523 καὶ
1783 1495 1899 1530 ἀντιμα-

1071 1543 1193 1580 χομὲνου
1221 1542 1300 1577 ἡμῖν’
1325 1541 1370 1568 καὶ
1394 1539 1465 1568 ἄλλο
1486 1542 1534 1568 τοῦ
1558 1540 1584 1567 ὲν
1610 1541 1709 1578 γνώσει
1736 1538 1900 1577 σφαλλομέ-

1072 1597 1131 1621 νου,
1146 1586 1190 1614 καὶ
1207 1585 1277 1614 ἄλλο
1291 1585 1340 1613 τοῦ
1354 1585 1380 1612 ἐν
1397 1585 1500 1622 ἀγνοίᾳ·
1517 1584 1561 1612 καὶ
1578 1584 1650 1613 ἄλλο
1678 1583 1760 1612 πάλιν
1773 1584 1804 1611 τὸ
1828 1584 1899 1610 πάν-

1072 1642 1125 1658 των
1141 1629 1305 1669 κουφότερον
1321 1630 1352 1657 τὸ
1374 1633 1425 1664 τῆς
1446 1630 1583 1667 γυναικός.
1605 1631 1694 1666 ’Ἀπερ
1719 1629 1824 1656 ἅπαντα
1853 1639 1900 1665 γι-

1072 1676 1170 1703 νώσκει
1186 1672 1305 1711 ἀκριϐῶς
1320 1675 1334 1701 ὁ
1352 1674 1462 1711 μέλλων
1487 1674 1587 1712 κρίνειν
1607 1675 1657 1709 τὴν
1683 1673 1846 1710 οἰκουμένην
1875 1673 1901 1700 ὲν

1073 1719 1240 1756 δικαιοσύνῃ.

1111 1809 1207 1846 Ἐρώτ.
1225 1808 1284 1846 pit.
1310 1808 1341 1836 El
1366 1807 1422 1843 ἐξὸν
1448 1806 1499 1845 ἄρα
1513 1810 1572 1838 τοῖς
1585 1807 1700 1845 ἄρχουσι
1716 1806 1790 1845 δῶρα
1806 1805 1904 1844 δέχετ-

1075 1859 1129 1887 θαι,
1145 1854 1190 1881 καὶ
1204 1855 1287 1880 ταῦτα
1303 1853 1341 1884 εἷς
1357 1852 1487 1891 πτωχοὺς
1503 1851 1655 1880 ἀναλίσκειν
1669 1861 1676 1886 ;

1111 1898 1206 1926 Ἀπόκ.
1232 1897 1264 1926 Εἰ
1294 1896 1340 1933 μὲν
1371 1907 1440 1928 τινες
1474 1894 1690 1934 εὐεργετηθέντες
1724 1897 1751 1924 ἒν
1785 1895 1905 1934 εὐπορία

1074 1943 1250 1980 τυγχάνουσι,
1278 1941 1323 1969 καὶ
1352 1941 1482 1972 ἑκουσίως
1509 1940 1599 1972 αὐτοῖς
1628 1943 1712 1968 ταῦτα
1729 1940 1903 1979 προσφέρου-

1076 1998 1113 2021 σι,
1130 1986 1201 2023 λέγω
1217 1985 1250 2020 δὴ
1266 1988 1325 2017 τοῖς
1340 1985 1555 2024 εὖεργετήσασιν’
1569 1984 1638 2016 ’ἴσως
1661 1985 1692 2012 οὐ
1716 1983 1788 2012 πολὺ
1812 1987 1905 2022 κρῖμα

1076 2030 1186 2070 ἔχουσιν
1211 2031 1237 2058 οἱ
1263 2029 1419 2068 δεχόμενοι·
1447 2029 1531 2064 δῆλον
1552 2030 1604 2062 ὃτι,
1628 2029 1672 2057 ἐὰν
1707 2029 1744 2059 εἰς
1768 2029 1904 2066 πτωχοὺς

1076 2076 1143 2103 αὐτὰ
1167 2074 1352 2111 διανείμωσιν.
1375 2073 1450 2102 Ἐπεὶ
1475 2073 1524 2101 ὅσα
1540 2073 1570 2101 ὲκ
1583 2072 1730 2111 γεωπόνων
1745 2073 1762 2107 ἢ
1777 2081 1904 2109 χειροτε-

1076 2123 1151 2159 χνῶν
1168 2120 1285 2155 δέξονται
1309 2117 1395 2157 δῶρα,
1419 2117 1665 2154 καταπονουμένων
1687 2117 1732 2144 καὶ
1756 2116 1905 2153 ἀντίληψιν

1079 2165 1241 2200 ζητούντων,
1257 2166 1310 2202 πῦρ
1334 2163 1379 2191 καὶ
1404 2163 1515 2190 κόλασιν
1541 2163 1648 2193 ἑαυτοῖς
1673 2160 1826 2198 συνάγουσι,
1854 2161 1906 2188 κᾶν

1078 2210 1115 2240 εἷς
1134 2209 1232 2246 μυρίας
1249 2207 1369 2238 εὐποιίας
1384 2208 1442 2244 (63)
1457 2206 1523 2234 αὐτὰ
1543 2204 1717 2240 διαδώσουσι,
1741 2205 1831 2235 καθώς
1848 2215 1907 2243 φη-

1078 2266 1118 2282 σιν
1143 2256 1161 2289 ἡ
1186 2253 1290 2291 Γραφὴ,
1314 2252 1355 2280 ὅτι
1383 2263 1396 2279 s
1421 2253 1477 2289 Πῦρ
1499 2251 1682 2290 καταφάγεται
1705 2248 1797 2280 ο“’κους
1813 2248 1906 2286 δωρο-

203 2298 377 2334 Scriptura:
402 2310 416 2324 «
442 2299 521 2336 Ignis
554 2300 704 2328 devorahit
719 2300 822 2329 domos
847 2310 947 2330 eorum
974 2303 1018 2338 qu‘

1079 2298 1187 2327 δεκτῶν.
1201 2311 1215 2323 υ

203 2352 326 2372 munera
340 2344 486 2380 accipiunt
500 2345 531 2372 7°.
551 2356 565 2370 »

238 2389 349 2421 Quzss'r.
366 2389 486 2417 CXVIII.
503 2390 532 2417 Si
549 2390 616 2426 quis
632 2389 676 2417 vir
701 2392 821 2418 sanctus
846 2390 961 2419 miserit
975 2399 1022 2419 ca-

202 2433 387 2470 stigationem
403 2434 543 2470 aliquam,
559 2437 610 2463 aut
633 2443 761 2471 pcenam,
784 2435 829 2463 vel
853 2436 1022 2472 daemonem,

203 2480 255 2506 aut
278 2480 401 2507 mortem
420 2478 464 2506 vel
481 2479 568 2508 aliam
594 2479 721 2516 aliquam
746 2481 969 2517 castigationem
994 2480 1022 2508 in

202 2524 321 2551 domum
337 2523 381 2551 vel
398 2524 595 2552 substantiam
611 2524 750 2560 hominis,
767 2527 817 2553 aut
832 2525 860 2552 in
876 2525 940 2561 ejus
956 2524 1024 2553 libe-

204 2576 262 2603 ros,
278 2570 410 2602 potestne
425 2568 512 2597 homo
527 2569 575 2598 ille
591 2569 626 2597 ad
643 2570 733 2597 alium
760 2572 896 2598 sanctum
922 2569 1023 2598 confu-

202 2621 278 2649 gere,
295 2615 382 2649 atque
397 2613 438 2641 ita
453 2614 629 2642 sententiam
646 2614 766 2649 evitare,
789 2623 877 2651 quam
894 2614 944 2643 Dei
960 2622 1024 2642 ser-

202 2665 256 2684 vus
271 2658 306 2685 ad
323 2665 389 2685 eum
406 2658 550 2686 miserat?

1114 2388 1209 2424 Ἐρώτ.
1228 2389 1290 2424 ριη¹.
1308 2386 1368 2414 Ἐὰν
1383 2385 1451 2422 ἀνὴρ
1476 2386 1551 2422 ἅγιος
1573 2383 1720 2420 ἀποστείλῃ
1736 2380 1874 2416 παιδείαν,
1890 2383 1908 2417 ἢ

1076 2431 1222 2469 τιμωρίαν,
1238 2432 1256 2465 ἣ
1271 2429 1395 2466 δαίμονα,
1417 2430 1435 2464 ἣ
1457 2430 1581 2463 Θάνατον,
1605 2429 1622 2463 ἢ
1645 2427 1734 2462 ἄλλην
1756 2426 1816 2454 τινὰ
1838 2437 1906 2453 παι-

1079 2476 1166 2504 δευσιν
1184 2476 1222 2507 είς
1240 2477 1326 2506 οἷκον,
1342 2475 1358 2509 ἣ
1373 2474 1463 2502 οὐσίαν
1480 2474 1635 2512 ἀνθρώπου,
1649 2473 1667 2507 ἢ
1682 2472 1721 2503 εἴς
1735 2473 1824 2499 τὲκνα·
1854 2471 1909 2508 ἆρα

1079 2520 1188 2549 δύναται
1214 2520 1228 2548 ὁ
1244 2520 1385 2558 ἄνθρωπος
1400 2519 1500 2549 ἒκεῖνος
1515 2517 1704 2555 παρακαλέσας
1719 2515 1810 2554 ἕτερον
1826 2516 1908 2552 ἅγιον

1079 2567 1202 2604 ἑκφυγεῐν
1225 2565 1274 2599 τήν
1302 2563 1444 2603 ἧπόφασιν,
1475 2563 1508 2598 ἦν
1534 2564 1593 2600 (Μ)
1623 2560 1778 2590 ἀπέστειλεν
1792 2560 1870 2596 αὐτῷ
1896 2561 1910 2587 ὁ

1080 2610 1178 2641 δοῦλος
1194 2612 1242 2637 τοῦ
1258 2611 1344 2642 Θεοῦ;

238 2720 261 2737 “¹⁶
276 2720 380 2748 Matth.
398 2729 456 2752 xxx.
473 2721 517 2749 14.
555 2721 577 2738 ⁸⁷
594 2721 603 2748 l
619 2721 683 2749 Cor.
700 2729 748 2756 vn,
766 2722 809 2748 14.
848 2721 869 2739 ⁷⁸
886 2720 960 2756 Psal,
978 2728 1018 2749 xc

1079 2720 1107 2747 9.
1145 2719 1167 2736 "°
1181 2718 1247 2747 Job.
1263 2725 1309 2752 xv,
1325 2717 1369 2745 34.

240 2784 290 2815 [60]
308 2785 350 2811 Ita
365 2784 433 2820 Reg.
449 2785 476 2812 2.
494 2785 524 2812 ln
542 2783 638 2819 editis,
655 2783 746 2816 πιστά,
765 2785 855 2812 deest.

239 2821 293 2855 Nil)
309 2820 352 2848 Ita
367 2819 438 2849 mss.
456 2821 487 2848 In
503 2819 602 2857 editis,
617 2820 679 2857 γάρ,
697 2820 788 2857 deest.

240 2853 295 2892 (62)
312 2857 354 2884 Ita
370 2865 441 2885 mss.
467 2858 500 2884 In
525 2853 703 2885 editis-vero
729 2855 774 2882 καὶ
800 2855 954 2893 Ἀρειανῶν,
979 2853 1024 2882 καὶ

1079 2784 1146 2809 Πνευ
1171 2780 1333 2818 ατομάχων.

1126 2792 1171 2846 ϐξ
1187 2818 1234 2845 Sic
1250 2825 1312 2845 mss
1339 2814 1416 2843 Editi
1430 2821 1510 2850 vero,
1526 2810 1671 2843 εὐσεϐείας.

1115 2819 1171 2891 ξδιί
1187 2853 1234 2881 Sic
1250 2861 1322 2881 mss.
1340 2851 1414 2880 Editi
1431 2859 1508 2884 vero,
1523 2852 1572 2884 τῆς
1589 2849 1671 2887 iurqu

1187 2853 1234 2881 Sic
1250 2861 1322 2881 mss.
1340 2851 1414 2880 Editi
1431 2847 1508 2884 vero,
1523 2852 1572 2884 τῆς
1589 2847 1746 2887 ἀποφάσεως
1763 2847 1810 2881 ἦς.
