4072 6210
3482 6 3491 7 ί
3570 6 3615 47 ζγ.
3638 6 3825 49 αντ
3850 6 4019 35 Γ“⁷”“”

329 364 446 427 6⁸75
1497 366 1556 424 Η.
1606 362 2126 428 A'l‘HANASIUS.
2160 401 2234 412 -—
2271 362 2577 429 SPURIA.
3620 368 3740 429 67G

327 520 439 573 que
473 501 691 571 absque
724 496 989 554 examine
1036 496 1347 554 calumniis
1378 506 1436 555 et
1477 498 1776 555 convictiis
1804 500 1948 555 iiden

2093 498 2447 567 ἀνεξετάστως
2477 494 2759 561 διαϐολαῖς
2791 501 2881 554 καὶ
2932 496 3235 574 λοιδορίαις
3277 500 3566 559 πείθεσθαι.
3600 505 3737 559 Ἀπὸ

329 592 563 645 habere.
615 589 779 652 Quod
815 588 970 643 enim
1018 587 1266 644 aliorum
1322 590 1695 645 sermonibus
1744 589 1982 644 credant

331 679 523 746 multi,
557 679 741 732 caedes
790 676 1043 746 injustas
1095 683 1524 748 perpetrarunt,
1559 693 1780 733 necnon
1821 677 1978 748 quod

327 766 822 822 immisericordes
853 766 1974 839 fuerint,meininerintqueinjuriarum,

326 863 383 912 et
413 856 582 912 donis
631 859 1164 926 corrumperentur.
1200 856 1303 909 llle
1354 856 1535 928 igitur
1583 856 1856 928 princeps
1881 872 1976 910 ac-

326 950 532 1017 ceptus
558 949 669 1000 Deo
691 944 905 1015 est,qui
936 942 1082 998 nihil
1106 944 1447 1013 bujusmodi
1468 945 1742 1001 vitiorum
1774 944 1971 1000 habet.

398 1037 622 1101 Qcmsr.
669 1033 855 1089 CXXI.
900 1033 1063 1089 Unde
1113 1033 1379 1089 videmus
1428 1034 1613 1091 malos
1658 1033 1975 1090 nonnullos

327 1128 383 1178 et
414 1124 688 1195 indignos
738 1124 811 1177 ad
844 1139 1147 1177 summum
1179 1124 1571 1179 sacerdotium
1624 1121 1969 1195 promoveri,

320 1217 669 1284 potestatem
707 1213 764 1265 in
780 1212 1062 1283 populum
1087 1213 1365 1284 consequi
1393 1213 1692 1284 multaque
1715 1214 1972 1268 absurda

319 1302 689 1357 committere
712 1302 738 1353 ‘?

390 1392 557 1445 Rnsr.
592 1390 716 1444 Non
767 1391 921 1461 quod
958 1390 1066 1461 ipsi
1117 1390 1277 1462 digni
1324 1390 1442 1447 sint
1492 1390 1832 1461 bujusmodi
1865 1408 1963 1464 po-

314 1480 671 1550 testate,illis
695 1478 893 1551 populi
922 1479 1408 1551 gubernationem
1432 1479 1744 1536 committit
1764 1486 1915 1536 Deus
1947 1498 1961 1535 :

311 1571 414 1625 sed
450 1570 587 1640 quia
636 1585 944 1633 perversus
976 1573 1065 1624 est
1113 1566 1390 1640 populus,
1423 1568 1569 1625 tales
1619 1569 1765 1642 ipsis
1812 1575 1964 1626 Deus

312 1659 413 1714 dat
442 1674 707 1714 summos
741 1657 1074 1713 sacerdotes
1104 1662 1161 1711 et
1208 1658 1524 1729 principes.
1560 1680 1585 1705 ‹‹
1621 1659 1775 1714 Dabo
1806 1659 1961 1715 enim

312 1747 561 1815 vobis,»
610 1746 803 1819 inquit
848 1746 1024 1814 Deus,
1078 1769 1105 1796 «
1140 1746 1434 1818 principes
1486 1749 1815 1804 secundum
1866 1765 1964 1805 cor

310 1842 577 1893 vestrum
606 1838 675 1891 ⁸2.
708 1858 737 1886 ››

380 1926 598 1990 Ουιεετ.
647 1925 861 1982 CXXII.
914 1924 1218 1980 Undenam
1262 1926 1607 1998 cogniturus
1655 1930 1763 1996 est,
1798 1927 1962 1998 quia

313 2018 423 2071 Deo
456 2015 678 2086 aliquid
712 2013 991 2086 postulat,
1023 2019 1319 2086 acceptam
1352 2016 1534 2071 fuisse
1568 2018 1695 2087 ejus
1746 2017 1960 2073 oratio-

307 2121 444 2160 nem
474 2106 501 2159 ‘I

377 2194 546 2249 Resp.
584 2192 785 2249 Paucis
816 2192 872 2247 id
905 2192 1145 2263 quidem
1183 2201 1238 2247 et
1269 2193 1382 2264 piis
1408 2192 1550 2249 viris
1584 2194 1647 2247 fit
1681 2194 1958 2251 manifes-

305 2288 456 2350 tum,
490 2299 742 2354 quorum
775 2297 874 2337 cor
903 2280 1348 2352 intelligibiliter
1390 2282 1493 2337 bac
1524 2283 1594 2337 de
1626 2299 1685 2338 re
1717 2301 1956 2355 persua-

310 2374 497 2429 detur.

380 2465 607 2528 Qums'r.
656 2461 907 2517 CXXIII.
965 2460 1250 2515 Mundum
1293 2459 1544 2515 dicimus
1595 2476 1663 2515 ex
1707 2466 1957 2532 quatuor

310 2550 576 2607 terminis
606 2555 892 2617 constare,
922 2565 1248 2619 rursusque
1279 2548 1578 2604 hominem
1605 2565 1673 2605 ex
1704 2555 1957 2621 quatuor

306 2640 614 2695 elementis
665 2655 793 2694 esse
841 2637 1280 2710 compositum:
1334 2637 1575 2709 planum
1632 2638 1810 2710 igitur
1866 2643 1956 2695 est

304 2730 460 2800 quod
496 2733 750 2800 quatuor
796 2726 1052 2794 termini,
1089 2728 1146 2781 id
1191 2733 1302 2794 est,
1332 2727 1526 2782 oriens
1574 2732 1630 2781 et
1658 2728 1949 2798 occidens,

302 2817 621 2890 septentrio
652 2823 709 2873 et
739 2816 1033 2884 meridies,
1059 2822 1309 2887 quatuor
1337 2820 1616 2887 generent
1644 2815 1950 2886 elementa,

303 2923 509 2979 nempe
541 2905 797 2962 calidum
830 2910 887 2961 et
929 2905 1229 2975 frigidum,
1275 2905 1588 2960 humidum
1619 2909 1675 2961 et
1705 2905 1948 2963 siccum.

303 2996 693 3062 Qumrendum
742 2996 939 3065 itaque
970 2994 1118 3051 245
1156 2998 1355 3060 restat,
1388 2994 1558 3065 quale
1597 2997 1948 3052 elementum

302 3102 365 3140 ex
403 3084 558 3156 quali
592 3089 753 3155 parte
784 3083 990 3139 mundi
1020 3083 1282 3139 oriatur?

374 3173 542 3228 lisse.
578 3171 651 3227 Ut
681 3188 876 3227 rerum
926 3176 1138 3227 natura
1185 3176 1439 3228 testatur
1469 3178 1525 3227 et
1575 3173 1762 3240 docet,
1797 3174 1950 3229 vide-

1994 1873 2041 1938 B

2090 587 2193 662 γὰρ
2225 585 2601 663 λογοπειθείας
2649 587 2894 650 πολλοὺς
2941 589 3140 667 φόνους
3194 587 3413 651 ἀδίκους
3460 596 3732 645 ποιοῦσιν·

2088 676 2342 737 ὡσαύτως
2371 677 2459 730 καὶ
2493 675 2542 746 ἐξ
2574 676 2947 753 ἀσπλαγχνίας
2982 678 3190 750 ὁμοίιος
3238 680 3325 732 καί
3376 679 3481 733 ἀπὸ
3533 702 3732 751 μνησιο

2084 764 2272 827 κακίας
2330 764 2623 842 ἀπέχεσθαι
2666 769 2755 821 καὶ
2805 768 2908 821 ἀπὸ
2953 764 3304 840 δωροδοκίας.
3341 769 3571 829 Ἐκεῖνος
3614 770 3731 824 τοί-

2083 875 2174 907 νυν
2207 853 2348 909 ἐστὶν
2381 856 2568 931 ἄρχων
2612 860 2725 927 Θεῷ
2768 855 3069 931 εὐάρεστος,
3103 858 3131 911 ὁ
3169 854 3335 929 μηδὲν
3384 862 3491 911 τῶν
3541 858 3729 913 τοιού-

2082 964 2188 997 των
2222 948 2406 1007 παοῶν
2437 946 2738 1017 κτώμενος.

2156 1033 2350 1106 Ἐρώτ.
2409 1035 2541 1107 ρκοί.
2592 1032 2761 1090 Πόθεν
2831 1034 3043 1108 ὁρῶμεν
3102 1055 3252 1088 τινας
3312 1036 3589 1110 πονηροὺς
3638 1036 3727 1091 καὶ

2084 1118 2328 1188 ἀναξίους
2385 1120 2462 1181 εἷς
2519 1119 2949 1197 ἀρχιερωσύνην,
3004 1122 3093 1177 καὶ
3153 1122 3229 1184 είς
3290 1121 3528 1192 ἐξουσίαν
3588 1129 3728 1178 λαοῦ

2079 1211 2621 1284 προχειριζομένους,
2681 1209 2769 1265 καὶ
2836 1208 3023 1265 πολλά
3088 1212 3262 1265 ἄτοπα
3324 1213 3725 1287 κατεργαζομέ-

2077 1316 2240 1365 νους;

2151 1389 2339 1443 ’Δποκ.
2375 1388 2452 1445 Οὑ
2502 1385 2589 1443 διὰ
2635 1388 2697 1443 τὸ
2750 1388 2942 1451 αὑτοὺς
3003 1411 3134 1444 ειναι
3181 1390 3360 1463 ἀξίους
3415 1397 3513 1460 τῆς
3572 1390 3723 1460 ἐξου-

2077 1476 2193 1539 σίας
2240 1477 2368 1539 Θεὸς
2420 1476 2613 1539 αὐτοὺς
2676 1477 3083 1554 προχειρίζεται
3143 1479 3220 1542 εἰς
3274 1479 3337 1533 τὸ
3398 1478 3722 1551 ἑξουσιάζειν

2076 1565 2231 1622 λαοῦσ
2269 1564 2413 1621 ἀλλά
2444 1564 2532 1621 διὰ
2559 1568 2621 1621 τὸ
2653 1566 2785 1621 εἶναι
2831 1569 2923 1622 τὸν
2975 1566 3103 1623 λαὸν
3155 1570 3392 1646 πονηρὸν
3435 1569 3726 1630 τοιοὺτους

2072 1656 2347 1731 ἀρχιερεῖς
2379 1656 2469 1710 καὶ
2501 1654 2769 1731 ἄρχοντας
2797 1657 3048 1732 παρέχει.
3082 1682 3110 1709 ‹‹
3145 1658 3313 1711 Δώσω
3364 1658 3465 1733 γὰρ
3500 1658 3653 1729 ὑμῖν,
3693 1684 3723 1708 »ι

2073 1744 2234 1823 φησὶν
2270 1746 2297 1799 ὁ
2330 1746 2479 1818 Θεὸς,
2509 1771 2536 1797 ‹‹
2571 1744 2837 1820 ἄρχοντας
2866 1746 3002 1801 κατὰ
3046 1746 3140 1808 τάς
3189 1743 3413 1819 καρδίας
3473 1747 3647 1818 ὑμῶν.
3686 1770 3715 1798 ››

2139 1923 2339 2000 Ἐρώτ.
2399 1924 2536 1999 ρκβ’.
2596 1923 2760 1979 Πόθεν
2822 1924 3027 2003 ὀφείλει
3104 1930 3304 2001 γνῶναι
3360 1926 3388 1979 ὁ
3450 1922 3719 1979 δυσωπῶν

2068 2012 2159 2066 τὸν
2221 2012 2350 2068 Θεὸν
2397 2013 2518 2089 περὶ
2562 2012 2887 2086 αἴτημα-ξος,
2934 2014 3016 2069 ὅτι
3069 2011 3413 2091 προσεδὲχθη
3461 2016 3496 2083 ὴ
3530 2011 3718 2084 δέησις

2071 2101 2234 2157 αὑτοῦ
2260 2123 2273 2169 ;

2142 2189 2330 2246 Ἀπόκ.
2366 2191 2624 2253 Σπανίοις
2649 2192 2756 2246 τισὶ
2786 2191 2874 2246 καὶ
2908 2186 3209 2255 θεοσεϐἐσιν
3243 2190 3492 2268 ἀνδράσιν
3548 2196 3717 2247 τοῦτο

2067 2276 2375 2349 κατάδηλον
2406 2280 2628 2355 γίνεται,
2660 2287 2759 2350 τῆς
2793 2282 2992 2335 ἑαυτῶν
3042 2278 3267 2355 καρδίας
3313 2287 3515 2355 νοερῶς
3565 2280 3717 2353 πλη-

2069 2368 2496 2444 ροφορουμὲνης.

2138 2458 2330 2531 Ἐρώτ.
2380 2458 2515 2532 ρκγ’.
2577 2458 2673 2513 Ἐκ
2718 2456 2988 2533 τεσσάρων
3039 2457 3281 2533 περάτων
3333 2456 3563 2533 λέγομεν
3618 2458 3715 2511 τὸν

2064 2545 2269 2618 κόσμον
2331 2546 2711 2600 συνίστασθαι·
2770 2545 2859 2600 καὶ
2914 2544 3076 2600 πάλιν
3137 2547 3197 2601 ἐκ
3249 2545 3518 2622 τεσσάρων
3560 2566 3714 2600 στοι-

2064 2634 2228 2709 χείων
2287 2635 2377 2688 τὸν
2429 2634 2707 2709 ἄνθρωπον
2768 2637 3094 2710 συγκεῖσθαι.
3130 2633 3416 2711 Πρόδηλον
3474 2633 3562 2688 οὖν
3625 2636 3713 2688 ὅτι

2061 2722 2290 2795 τέσσαρα
2332 2723 2557 2799 πέρατα,
2606 2724 2879 2777 τουτέστιν
2938 2723 3177 2792 ἀνατολή
3236 2725 3325 2779 καὶ
3382 2721 3549 2789 δύσις,
3608 2722 3709 2795 ἅρ-

2060 2833 2187 2873 κτος
2216 2833 2273 2867 τε
2321 2813 2408 2866 καὶ
2464 2808 2797 2889 μεσημϐρία,
2829 2813 2896 2867 τὰ
2937 2812 3165 2888 τέσσαρα
3214 2818 3461 2887 στοιχεῖα
3508 2810 3713 2887 γεννῶ-

2062 2922 2165 2973 σιν,
2192 2899 2358 2977 ἤγουν
2391 2902 2453 2956 τὸ
2484 2902 2681 2978 θερμὸν
2741 2902 2830 2957 καὶ
2884 2902 2947 2957 τὸ
3004 2902 3361 2977 ψυχρὸν,καὶ
3419 2903 3480 2956 τὸ
3540 2902 3708 2977 ὑγρὸν

2059 2990 2147 3045 καὶ
2197 2991 2259 3045 τὸ
2317 2991 2502 3066 ξηρόν.
2554 2990 2822 3061 Ζητητὲον
2884 2990 3078 3046 λοιπὸν
3126 2997 3284 3046 ποῖον
3318 2997 3613 3066 στοιχεῖον,
3648 2990 3712 3045 ἐκ

2058 3079 2217 3134 ποίου
2252 3080 2448 3154 μέρους
2477 3077 2574 3134 τοῦ
2605 3076 2816 3152 κὸσμου
2844 3079 3080 3135 τίκτεται
3108 3100 3120 3149 ;

2130 3168 2319 3225 Ἀπόκ.
2352 3170 2438 3229 Ὠς
2479 3170 2513 3236 ἡ
2562 3173 2671 3223 τῶν
2714 3170 3044 3244 πραγμάτων
3095 3168 3252 3247 φύσις
3306 3174 3567 3244 μαρτυρεῖ
3614 3168 3707 3223 καὶ

300 3278 432 3315 mus
483 3260 740 3316 calidum
786 3260 1140 3315 elementum
1190 3278 1257 3315 ex
1305 3261 1522 3317 oriente
1570 3262 1728 3329 oriri,
1772 3264 1947 3335 idque

2067 3254 2320 3329 διδάσκει,
2355 3256 2685 3332 θεωροῦμεν,
2719 3256 2893 3313 ὅτιτὸ
2930 3259 3023 3329 μὲν
3075 3244 3274 3330 Οερμὸν
3326 3263 3601 3331 στοιχεῖον
3647 3257 3712 3311 ἐκ

296 3355 590 3405 testantur
620 3349 920 3413 Indorum,
953 3349 1050 3419 qui
1083 3350 1307 3405 caeteris
1347 3351 1622 3405 omnibus
1651 3351 1838 3423 magis
1869 3353 1941 3407 ad

294 3438 576 3495 orientem
636 3439 939 3504 accedunt,
973 3454 1217 3509 corpora
1273 3454 1398 3509 quas
1456 3456 1729 3495 summus
1785 3440 1944 3496 calor

296 3530 456 3598 nigra
487 3526 683 3583 efﬁcit.
714 3532 861 3582 Deus
893 3525 1049 3580 enim
1077 3527 1151 3581 ab
1180 3527 1345 3582 initio
1376 3526 1671 3583 hominem
1705 3529 1936 3601 nigrum

295 3633 408 3671 non
444 3616 595 3672 fecit.
655 3615 795 3670 Uinc
845 3620 1207 3670 mortuorum
1257 3616 1557 3684 cadavera,
1611 3616 1719 3672 soli
1763 3635 1938 3690 expo-

296 3707 426 3772 sita,
462 3705 630 3776 nigra
660 3704 893 3772 ﬁunt,et
924 3704 1369 3760 uruntur.Unde
1402 3704 1657 3760 multum
1690 3710 1746 3762 et
1770 3724 1938 3763 sum-

298 3811 459 3850 mum
491 3795 564 3849 ob
594 3793 845 3849 calorem
876 3792 1343 3848 multumvinum
1377 3810 1492 3849 non
1518 3794 1712 3849 valent
1741 3795 1940 3852 bibere

296 3884 643 3956 Aithiopes:
701 3883 803 3938 sed
862 3899 959 3938 eos
1013 3883 1324 3938 vehemens
1382 3882 1569 3938 fervor
1626 3883 1938 3941 iracundos

288 3973 456 4029 valde
486 3979 542 4027 et
579 3973 819 4027 acerbos
867 3971 1075 4036 reddit,
1130 3988 1355 4027 necnon
1405 3973 1476 4027 ad
1528 3973 1935 4029 l'ornicandum

288 4061 679 4132 procliviores.
700 4061 1206 4124 Quemadmodum
1239 4066 1433 4116 autem
1466 4061 1586 4117 baac
1619 4063 1688 4118 de
1716 4063 1936 4119 oriente

285 4150 564 4216 diximus,
596 4150 681 4204 sic
712 4149 1002 4205 contraria
1032 4149 1102 4203 de
1156 4149 1456 4205 occidente
1487 4151 1773 4207 dicemus.
1806 4153 1935 4208 Haec

285 4237 439 4291 enim
476 4254 609 4308 pars
642 4237 852 4307 frigida
882 4237 1320 4309 est,lrigidique
1351 4238 1624 4294 elementi
1657 4247 1714 4294 et
1745 4241 1935 4297 noctis

287 4325 539 4397 genitrix
567 4330 624 4380 et
671 4325 951 4382 effectrix.
993 4325 1136 4380 Hinc
1180 4331 1237 4380 et
1266 4328 1395 4396 ejus
1442 4326 1644 4381 ἱοεοιω
1692 4345 1936 4400 corpora

289 4416 507 4469 habent
555 4413 686 4469 aliis
718 4414 996 4468 omnibus
1044 4414 1403 4484 candidiora,
1447 4415 1819 4489 multumque
1847 4418 1930 4472 vi-

284 4521 424 4558 num
457 4501 624 4558 facile
655 4501 884 4557 bibunt.
910 4502 1109 4558 Restat
1138 4503 1318 4573 igitur
1345 4508 1408 4558 ut
1437 4504 1702 4559 dicamus
1733 4506 1931 4562 deser-

2050 3354 2149 3417 τῆς
2206 3345 2479 3415 ἀνατολῆς
2534 3347 2801 3401 τίκτεται·
2862 3347 2953 3400 καί
3012 3350 3347 3422 μαρτυροῦσι
3403 3347 3469 3400 τά
3524 3347 3711 3416 πάσης

2048 3444 2150 3507 τῆς
2201 3443 2302 3512 γῆς
2362 3435 2803 3511 ἀνατολικώτερα
2863 3432 3062 3490 Ἰνδικά
3132 3436 3359 3508 σώματα
3432 3436 3533 3489 ὑπὸ
3600 3442 3705 3505 τῆς

2051 3524 2216 3602 ἄκρας
2273 3524 2478 3599 θέρμης
2551 3524 2758 3598 μέλανα
2812 3524 3087 3599 γινόμενα.
3149 3525 3209 3581 Ὁ
3266 3525 3393 3586 Θεὸς
3446 3525 3546 3600 γάρ
3604 3525 3702 3579 ἀπ’

2049 3615 2229 3689 ἀρχῆς
2262 3612 2426 3690 ἄνδρα
2473 3613 2675 3687 μὲλανα
2723 3613 2822 3668 οὑκ
2871 3613 3111 3684 ἐποίησε.
3148 3613 3240 3667 Διὸ
3287 3614 3377 3668 καὶ
3423 3615 3489 3667 τά
3535 3615 3703 3685 νεκρά

2048 3705 2294 3776 σώματα,
2328 3702 2379 3757 ὲν
2406 3708 2484 3775 τῷ
2514 3702 2660 3775 ἡλίῳ
2708 3703 2991 3779 γενόμενα,
3028 3702 3378 3775 ξλελανοῦνται
3436 3702 3524 3757 καὶ
3570 3703 3703 3757 καί-

2048 3815 2217 3850 ονται.
2249 3794 2402 3850 ’Ὸοεν
2463 3792 2521 3847 ἐκ
2571 3800 2671 3860 τῆς
2729 3789 2947 3861 πολλῆς
3005 3792 3091 3846 καὶ
3140 3789 3304 3865 ἄκρας
3355 3793 3698 3866 Θερμότητος

2046 3882 2217 3937 πολὺν
2254 3882 2393 3936 οἶνον
2428 3882 2478 3935 οἱ
2513 3881 2768 3944 Αἰθίοπες
2818 3888 2958 3935 πιεῖν
3015 3881 3122 3955 οὑχ
3172 3882 3549 3957 ὑποφέρουσιν·
3590 3882 3700 3936 ὑπὸ

2046 3968 2104 4026 δὲ
2131 3978 2230 4040 τῆς
2266 3970 2427 4046 ἄκρας
2462 3970 2652 4039 ζέσεως
2682 3970 2769 4024 καί
2803 3967 3075 4042 θυμώδεις
3131 3969 3232 4025 εἰσὶ
3275 3968 3417 4041 λίαν,
3447 3971 3535 4023 καί
3593 3991 3697 4025 κα·

2043 4060 2318 4134 τάπικροι,
2347 4057 2491 4113 ἀλλὰ
2520 4059 2608 4113 καὶ
2649 4060 2785 4131 πρὸς
2816 4059 3066 4135 πορνείαν
3116 4060 3458 4133 θερμοτέρως
3509 4060 3696 4112 κινού.

2048 4170 2194 4220 μενοι
2249 4151 2451 4223 ’Ὠσπερ
2484 4144 2540 4201 δὲ
2573 4146 2659 4201 ἐπὶ
2689 4155 2790 4215 τῆς
2821 4146 3088 4216 ἀνατολῆς
3146 4152 3244 4201 τοῦ
3300 4147 3465 4216 ἡλίου
3520 4152 3695 4202 ταῦτα

2044 4238 2360 4311 εἰρήκαμεν,
2392 4236 2535 4291 οὕτω
2596 4235 2851 4291 πάλιντά
2898 4234 3107 4290 ἐναντία
3159 4236 3385 4310 ἐροῦμεν
3443 4236 3531 4290 ἐπὶ
3587 4244 3695 4306 τῆς

2042 4322 2265 4387 δύσεως·
2296 4327 2495 4399 Ψυχρά
2551 4324 2650 4400 γὰρ
2706 4325 2837 4395 αὕτη
2903 4325 3158 4401 ὑπάρχει,
3189 4326 3278 4379 καὶ
3323 4329 3421 4380 τοῦ
3470 4329 3695 4402 ψυχροῦ

2040 4413 2318 4489 στοιχείου
2374 4414 2461 4468 καὶ
2519 4420 2619 4483 τῆς
2659 4415 2850 4476 νυκτὸς
2909 4415 3199 4488 γεννητική
3259 4414 3347 4469 καὶ
3398 4418 3693 4485 ποιητική·

2043 4500 2126 4557 διὸ
2183 4503 2271 4558 καὶ
2332 4502 2623 4578 λευκότερα
2682 4504 2860 4571 πάσης
2916 4510 3015 4572 τῆς
3064 4510 3168 4578 γῆς
3215 4504 3283 4558 τά
3321 4510 3423 4573 τῆς
3481 4502 3690 4567 δύσεως

281 4599 401 4648 tam
436 4591 763 4659 meridiem,
815 4591 947 4646 sicci
999 4590 1268 4646 elementi
1323 4598 1626 4663 parentem
1675 4610 1823 4665 esse,
1870 4603 1933 4651 ut

2067 4591 2345 4667 ιπάρχουσι
2378 4591 2624 4665 σώματα,
2643 4592 2731 4646 καὶ
2755 4591 2902 4646 οἶνον
2928 4591 3101 4647 πολὺν
3125 4592 3297 4645 πίνειν
3322 4592 3688 4664 ὑπομένοντα.

280 4684 408 4750 ejus
440 4679 641 4736 incolae
671 4679 887 4734 Arabes
920 4684 1265 4751 argumento
1299 4685 1459 4746 sunt,
1492 4697 1743 4751 quorum
1770 4682 1929 4738 scili-

277 4775 367 4826 cet
397 4786 639 4841 corpora
673 4768 862 4840 magis
886 4768 1040 4824 sicca
1070 4773 1126 4823 et
1156 4769 1344 4823 calida
1373 4776 1531 4838 sunt,
1568 4775 1768 4841 utpote
1800 4787 1930 4842 quae

280 4860 333 4913 in
371 4864 521 4915 terra
551 4858 792 4914 minime
826 4857 1071 4913 humida
1098 4858 1406 4915 exsistunt.
1438 4859 1647 4929 Aquilo
1677 4859 1931 4932 denique

279 4949 434 5003 haud
486 4948 661 5003 dubie
713 4946 1029 5019 frigidioris
1078 4952 1166 5003 est
1214 4949 1683 5019 temperamenti.
1746 4949 1930 5005 Maria

280 5038 436 5091 enim
471 5043 526 5092 et
556 5036 803 5092 ﬂumina
832 5053 1238 5108 aquarumque
1279 5036 1692 5094 multitudines
1739 5038 1929 5094 humi-

280 5129 422 5181 dum
454 5126 595 5180 illud
622 5126 885 5181 efficiunt
910 5125 1398 5181 elementum.His
1419 5131 1612 5180 autem
1638 5144 1764 5198 quis
1788 5127 1930 5182 dixi-

280 5232 433 5282 mus,
467 5231 581 5270 non
630 5214 700 5269 ab
732 5214 979 5269 invicem
1033 5230 1379 5285 separamus
1419 5215 1709 5270 elementa
1741 5233 1754 5272 :
1792 5233 1926 5273 nam

276 5303 546 5377 colligata
587 5309 726 5359 sunt
749 5302 807 5357 in
843 5302 1105 5373 qualibet
1133 5307 1418 5357 creatura.
1450 5303 1659 5360 Verum
1691 5305 1751 5359 in
1783 5321 1927 5375 qua-

275 5400 410 5449 tuor
433 5392 547 5462 his,
572 5408 699 5465 qua
731 5391 1214 5463 memoravimus,
1245 5390 1389 5447 locis
1411 5389 1572 5448 aliud
1596 5392 1712 5449 alio
1736 5394 1926 5466 magis

342 5555 388 5589 ⁸³
417 5553 634 5610 Jerem.
667 5569 752 5625 In,
788 5554 872 5609 15.

342 5699 452 5771 (68)
483 5696 576 5754 Sic
603 5713 746 5755 mss.
778 5694 927 5753 Editi
959 5708 1116 5768 vero,
1148 5690 1481 5766 συνδεθέντα,

2040 4679 2223 4735 Λείπει
2258 4679 2447 4735 λοιπὸν
2481 4683 2627 4752 ἡμᾶς
2661 4678 2836 4753 λέγειν
2864 4682 2963 4749 τὴν
3017 4679 3288 4753 ἐρημικὴν
3340 4676 3690 4753 μεσημϐρίαν

2042 4770 2248 4843 μητέρα
2277 4769 2408 4823 εἶναι
2439 4774 2534 4823 τοῦ
2567 4769 2733 4842 ξηροῦ
2760 4769 3059 4843 στοιχείου,
3093 4770 3167 4830 ὡς
3197 4769 3284 4822 καὶ
3327 4770 3395 4823 τὰ
3440 4770 3492 4823 ἐν
3549 4769 3690 4844 αὐτῇ

2036 4862 2142 4912 τῶν
2205 4853 2445 4932 Ἀράϐων
2502 4859 2729 4930 σώματα
2797 4854 3059 4931 ξηρότερα
3114 4857 3478 4932 τυγχάνοντα,
3540 4857 3692 4928 πλὴν

2036 4946 2125 4999 καὶ
2186 4947 2505 5020 θερμότερα,
2558 4948 2631 5008 ὡς
2688 4946 2740 5001 ἐν
2796 4951 2869 5021 γῇ
2927 4943 3143 5019 ἀνύδρῳ
3200 4946 3482 5022 γενόμενα.
3527 4948 3588 5004 Ὀ
3632 4946 3695 5003 δὲ

2042 5033 2263 5111 βορρᾶς,
2317 5032 2547 5106 εὔδηλον
2608 5035 2690 5089 ὅτι
2751 5033 3092 5110 ψυχροτέρας
3152 5033 3260 5089 ἐστὶ
3320 5036 3582 5110 κράσεως.
3618 5038 3690 5093 Ai

2037 5123 2139 5199 γὰρ
2172 5122 2435 5187 θάλασσαι
2463 5123 2554 5178 καί
2589 5125 2641 5178 οἱ
2675 5123 2913 5197 ποταμοὶ
2944 5124 3031 5177 καὶ
3062 5123 3128 5177 τά
3170 5122 3355 5194 πλήθη
3405 5129 3513 5178 τῶν
3563 5122 3692 5179 ὑδά-

2035 5233 2142 5267 των
2174 5217 2269 5267 τοῦ
2302 5213 2469 5288 ὑγροῦ
2500 5212 2706 5267 ἐκείνου
2739 5211 3016 5287 στοιχείου
3047 5211 3149 5266 εἰσὶ
3199 5213 3477 5283 ποιητικά.
3511 5218 3694 5269 Ταῦτα

2038 5300 2094 5357 δὲ
2125 5298 2371 5374 εἷίπαμιν,
2406 5301 2504 5356 οὑκ
2551 5301 2898 5379 ἀφορίζοντες
2954 5301 3020 5355 τά
3076 5307 3324 5376 στοιχεῖα
3381 5302 3469 5355 ἀπ’
3499 5301 3691 5373 ἀλλή-

2038 5391 2171 5449 λων·
2206 5386 2537 5446 συνδὲδενται
2596 5393 2711 5464 (68)
2763 5390 2863 5467 γὰρ
2920 5389 2971 5445 ἐν
3032 5390 3176 5465 πάσῃ
3222 5393 3290 5464 τῇ
3320 5390 3511 5445 κτίσει·
3554 5390 3696 5448 ἀλλ.
