2036 3105
149 156 207 188 677

625 150 884 190 ΟῐῐιιῑετιοΝΕε
907 152 958 183 AD
981 148 1215 183 ANTIOCHUM
1240 148 1383 182 DUCEM.

1795 153 1854 182 678

149 226 192 253 ὅτι
221 233 272 262 περ
308 222 334 250 ἐν
364 231 423 253 τοις
447 231 573 259 τεσσαρσι
600 220 708 255 τόποις,
744 220 785 251 οἷς
815 218 975 257 εἶ’ρήκαμεν,

1045 219 1173 250 .bundat.
1189 219 1352 247 secundum
1368 220 1455 246 antea
1478 217 1660 254 propoeitam
1682 220 1791 246 naturae
1808 228 1853 247 ra-

149 268 292 302 πλεονάζει
307 266 399 303 ἓτερον
423 268 472 294 τοῦ
500 265 592 303 ἑτερου
620 265 688 292 κατὰ
713 265 764 299 τήν
792 263 974 301 προκειμένην

150 312 328 353 φυσιολογίαν
334 333 340 340 .

187 357 285 392 Ἐρώτ.
301 355 367 394 ρκδῖ
384 356 448 386 HG):
464 354 509 382 καὶ
524 353 662 394 φαρμακοί
676 364 745 384 τινες
761 352 936 381 ἐκδιώκουσιν
950 351 976 387 ἐξ

151 400 303 438 ἅνθρώπων
320 399 464 436 δαίμονας.

187 445 285 474 ’Δπόιμ
309 446 362 472 Τοῦ
390 442 507 482 Χριστοῦ
536 443 563 470 ἐν
598 443 655 473 τοῖς
683 441 769 480 ἁγίοις
797 440 975 479 Εὐαγγελίοις

153 490 295 527 λὲγοντος,
310 489 352 516 ὃτι
366 500 380 514 ι(
396 488 429 517 Εἰ
445 488 459 515 ὁ
476 490 595 518 Σατανᾶς
620 487 666 514 τὸν
691 489 811 514 Σατανᾶν
836 483 976 520 ἐκϐάλλει,

150 536 169 570 ἡ
188 533 313 572 βασιλεία
327 533 410 560 αὐτοῦ
427 531 482 570 οὐχ
492 531 610 559 ἵσταταν
630 543 641 557 ι
660 529 787 566 εὔδηλον,
802 529 843 557 ὅτι
861 528 977 566 δαίμονα

151 578 295 617 φαρμακὸς
308 578 339 606 οὐ
356 575 461 613 διώκει,
478 575 540 604 ἀλλ’
556 575 570 603 ὁ
587 573 691 612 δαίμων
708 576 722 602 ὁ
738 574 764 602 ἐν
787 576 827 610 τῷ
852 572 977 609 δαιμονι-

152 624 262 659 ζομένῳ
277 622 413 660 ἀνθρώπῳ
428 621 510 649 οἰκῶν
534 620 663 651 ἑκουσίως
687 618 829 656 ὑποχωρεῖ
854 619 921 655 πρὸς
946 618 976 645 τὸ

151 668 321 703 ἀπατηθῆναι
343 665 407 697 τοὺς
423 665 595 703 ἀνθρώπους,
618 664 663 692 καὶ
689 663 746 692 ἀντί
771 666 819 690 τοῦ
848 662 977 700 προστρέ-

150 722 213 750 χειν
238 712 306 750 πρὸς
329 711 406 746 Θεὸν,
430 710 516 738 πείθει
540 710 609 748 πρὸς
631 710 694 740 τοὺς
733 708 892 748 φαρμακοὺς
916 707 975 745 τρέ-

173 767 226 786 ειν.

150 767 287 839 χιξέρώτ.
311 801 373 838 ρκε’.
390 802 454 831 Πῶς
478 799 522 827 ἐπὶ
546 800 676 826 τοσοῦτον
705 797 793 835 ἰσχύει
823 797 976 835 φαρμακὸς,

151 846 224 874 ὥστε
251 845 297 873 καὶ
321 844 358 876 είς
387 843 488 882 ἀλόγου
511 843 588 882 φύσιν
618 844 774 880 μετενέγκαι
801 841 846 869 τὸν
873 841 976 878 ἅνθρω-

151 899 229 925 πον;

189 934 290 963 ’Δπόκ.
306 934 339 962 Et
363 933 481 968 ἠδύνατο
506 933 532 968 ἐξ
556 932 699 971 ἀνθρώπου
730 933 797 966 ζῶον
825 930 978 968 ἀπεργάσα-

153 985 227 1012 σθαι,
243 978 353 1009 πάντως
368 977 464 1015 ἵσχυειε
477 977 523 1005 καὶ
539 977 565 1012 ἐξ
584 976 688 1014 ἀλόγου
712 975 852 1013 ἄνθρωπον
881 975 979 1009 συστή-

150 1024 249 1051 σασθαι
279 1021 403 1061 λογικόν.
429 1021 507 1051 Ἀλλ’
530 1021 580 1048 οὐκ
601 1020 656 1049 ἔστι
677 1023 769 1048 τοῦτο’
798 1020 835 1056 μὴ
851 1020 978 1057 γὲνοιτοί

152 1067 236 1096 Ἀλλ’
251 1066 343 1105 ὥσπερ
355 1067 381 1094 οἱ
396 1066 542 1104 λεγόμενος
559 1064 700 1104 Ψηφάδες,
720 1065 764 1092 καὶ
791 1064 872 1092 πάλιν
899 1063 980 1095 αὐτὸς

151 1112 167 1140 ὁ
200 1112 387 1150 Ἀντίχριστος
414 1110 564 1149 ἐρχόμενος
588 1109 614 1137 ἐν
644 1109 773 1148 φαντασίᾳ
796 1108 887 1144 πλανᾷ
916 1108 998 1139 τοὺς,

151 1156 317 1195 ὀφθαλμοὺς
343 1158 397 1183 τῶν
413 1155 562 1193 ἀνθρώπων
588 1154 701 1192 χρυσίον
727 1154 820 1185 αὐτοῖς
844 1152 980 1184 πολλάκις

150 1202 169 1236 ἢ
185 1200 304 1238 ἄργυρον
321 1198 488 1231 ὑποδεικνύς·
517 1199 589 1227 οὕτω
608 1199 653 1226 καὶ
678 1199 704 1226 οἱ
733 1198 860 1236 λέγοντες
885 1198 910 1233 ἐξ
934 1197 980 1225 ἀι-

151 1245 270 1283 θρώπου
286 1246 355 1279 ζῶον
370 1246 457 1272 ποιεῖν
473 1243 537 1275 τοὺς
552 1243 671 1281 ὁρῶντας
692 1243 738 1270 καὶ
764 1242 845 1279 μόνον
872 1242 981 1269 άπατῶ-

151 1298 210 1317 σιν·
227 1288 286 1317 ἐπεὶ
299 1289 345 1316 τὸν
361 1288 419 1315 κατ’
435 1288 524 1315 εἰκόνα
537 1288 583 1315 καὶ
599 1288 731 1324 ὁμοίωσιν
753 1289 820 1315 Θεοῦ
836 1287 980 1324 γενόμενον

150 1334 301 1371 ἄνθρωπον
316 1336 413 1367 κτῆνος
428 1336 541 1367 ποιῆσαι
557 1332 588 1360 οὐ
605 1331 740 1360 δύνανται.

192 1378 291 1415 Ἑρώτ.
320 1381 386 1415 ρκς’.
415 1378 486 1415 Ἆρα
514 1380 600 1415 κρῖμα
636 1376 779 1411 κέκτηνται
811 1376 837 1403 οἱ
875 1375 981 1410 κλοπὴν

151 1421 348 1459 ὑπομένοντες,
363 1421 409 1449 καὶ
425 1421 462 1452 εἲς
489 1421 552 1453 τοὺς
579 1421 745 1459 λεγομένους
776 1421 884 1457 μάντεις
914 1419 983 1447 ὑπά-

151 1476 254 1503 γοντες
267 1474 274 1499 ;

191 1509 294 1538 Ἀπόκ.
319 1509 366 1537 Καὶ
397 1510 477 1548 μέγα·
509 1508 625 1545 ἐδίδαξεν
660 1510 710 1547 γὰρ
739 1511 814 1545 ἡμᾶς
842 1510 859 1544 ἡ
889 1509 982 1547 Γραφὴ

1030 263 1150 291 tionem.

1067 353 1175 385 Qums'r.
1203 352 1318 381 CXXIV.
1335 353 1485 385 Quomodo
1510 352 1632 388 quidam
1659 352 1856 381 incantatores

1031 397 1178 425 daemones
1193 405 1226 425 ex
1240 397 1411 425 hominibus
1427 397 1547 432 ejiciunt
1557 397 1571 425 ?

1068 442 1154 469 R359.
1171 443 1242 468 Cum
1258 441 1388 469 Christus
1404 441 1431 468 in
1449 441 1559 469 sanctis
1585 441 1750 478 Evangeliis
1766 442 1853 476 dicat,

1031 498 1045 511 «
1063 486 1093 514 Si
1109 488 1229 513 Satanas
1245 486 1381 513 Satanam
1399 486 1487 521 ejicit,
1501 494 1623 522 regnum
1639 487 1703 522 ejus
1720 495 1778 514 non
1794 489 1854 514 sta-

1031 531 1074 559 bit
1088 531 1110 548 “
1124 539 1130 558 :
1143 541 1156 555 »
1167 530 1235 558 inde
1256 530 1349 566 liquet
1360 539 1416 558 non
1428 531 1464 558 ab
1477 531 1658 559 incantatore
1674 531 1778 567 expelli
1794 532 1854 559 daa-

1032 583 1160 608 monem,
1177 575 1228 603 sed
1255 575 1416 603 daemonem
1433 575 1462 602 in
1488 575 1606 603 obsesso
1631 575 1747 603 homine
1763 576 1854 603 exsis-

1034 622 1141 648 tentem
1157 621 1260 655 sponte
1276 620 1410 647 recedere
1426 627 1483 655 quo
1503 620 1635 647 homines
1651 620 1788 655 decipiat,
1805 620 1854 656 qui

1033 672 1069 692 ne
1084 664 1120 691 ad
1140 664 1228 691 Deum
1245 663 1427 699 confugiant,
1442 664 1545 691 suadet
1561 663 1632 699 ipsis
1657 666 1688 691 ut
1703 664 1739 692 ad
1755 664 1856 692 incan-

1032 711 1140 737 tatores
1156 709 1272 736 abeant.

1067 799 1178 832 Qums'r.
1199 798 1301 826 CXXV.
1328 797 1478 829 Quomodo
1501 799 1584 826 tanta
1605 798 1650 826 vis
1674 800 1702 826 et
1727 798 1858 835 potentia

1031 842 1224 872 incantatoris
1239 844 1328 878 esl,ut
1338 842 1486 870 hominem
1498 842 1527 869 in
1544 842 1708 870 belluarum
1719 845 1854 871 naturam

994 879 1018 912 Β
1034 890 1194 916 commutet
1204 887 1218 914 εἰ

1070 932 1155 960 Resp.
1171 932 1200 960 si
1216 934 1316 968 posset
1330 940 1365 959 ex
1379 931 1498 959 homine
1509 931 1636 959 belluam
1648 932 1778 965 reddere,
1795 941 1861 968 pos-

1034 979 1079 1005 set
1093 979 1123 1005 et
1146 985 1181 1004 ex
1205 975 1303 1004 bellua
1324 976 1472 1004 hominem
1489 976 1603 1004 efﬁcere
1627 976 1809 1004 rationalem.
1825 980 1861 1005 At

1035 1030 1092 1049 non
1104 1021 1145 1049 ita
1156 1023 1218 1049 est:
1231 1020 1323 1048 absitl
1336 1020 1390 1048 Sed
1404 1020 1655 1056 quemadmodum
1667 1021 1860 1056 quidicuntur

1036 1066 1211 1102 Psephades,
1229 1068 1261 1093 ut
1283 1065 1352 1092 item
1369 1064 1431 1101 ipse
1452 1064 1661 1099 Antichristus,
1678 1065 1752 1094 falsa
1768 1067 1857 1094 amic-

1035 1114 1084 1139 tus
1099 1111 1196 1146 specie
1210 1112 1350 1137 venturus
1366 1112 1421 1145 est,
1439 1118 1496 1145 qua
1511 1110 1611 1137 oculos
1637 1110 1791 1139 hominum
1808 1112 1858 1138 de-

1035 1156 1127 1188 ludat,
1140 1155 1247 1191 quibus
1263 1162 1367 1182 aurum
1384 1162 1460 1189 saepe
1475 1156 1502 1181 et
1517 1157 1670 1190 argentum
1687 1158 1860 1183 ostensurus

1035 1203 1080 1228 est
1096 1208 1102 1227 ε
1120 1200 1162 1228 sic
1177 1199 1227 1235 qui
1251 1199 1344 1234 aiunt,
1360 1206 1391 1226 se
1407 1207 1440 1226 ex
1460 1198 1579 1226 homine
1599 1199 1728 1228 belluam
1753 1200 1857 1235 facere,

1035 1244 1166 1272 videntes
1194 1243 1398 1272 tantummodo
1425 1243 1597 1278 decipiunt:
1622 1245 1859 1281 quandoquidem

1036 1289 1187 1317 hominem
1212 1289 1248 1316 ad
1271 1288 1430 1324 imaginem
1444 1290 1473 1315 et
1493 1287 1719 1317 similitudinem
1737 1290 1784 1317 Dei
1801 1291 1858 1317 fac—

1036 1337 1100 1361 tum
1116 1341 1174 1361 non
1201 1334 1325 1369 possunt
1340 1332 1369 1359 in
1394 1332 1515 1360 brutum
1545 1332 1654 1360 animal
1670 1336 1861 1361 commutare.

1074 1381 1186 1412 Qums'r.
1204 1376 1319 1405 CXXVI.
1345 1376 1421 1404 Num
1446 1376 1588 1412 judicium
1615 1377 1671 1405 sibi
1696 1381 1861 1411 accersunt,

1038 1423 1087 1459 qui
1104 1423 1216 1450 furtum
1232 1421 1321 1458 passi,
1338 1421 1374 1448 ad
1390 1420 1483 1448 dictos
1508 1421 1705 1450 incantatores
1719 1431 1751 1450 se
1765 1424 1861 1450 confe-

1038 1467 1129 1495 runt?

1074 1512 1160 1539 Resp.
1184 1512 1275 1538 Grave
1298 1509 1426 1546 profecto
1450 1510 1506 1538 sibi
1530 1512 1683 1538 accersunt
1701 1511 1861 1546 judicium.

151 1555 203 1583 ἰπὶ
222 1555 314 1589 πάσης
341 1557 482 1593 συμφορᾶς
510 1555 577 1590 ἡμῖν
608 1553 795 1591 ἐπερχομένης
824 1553 910 1590 λέγειν
939 1553 980 1581 τό·

1045 1556 1189 1592 Siquidem
1206 1563 1259 1583 nos
1270 1554 1370 1582 docuit
1387 1554 1538 1591 Scriptura
1554 1555 1583 1583 in
1598 1554 1729 1591 qualibet
1742 1555 1863 1583 calami-

152 1611 167 1624 ιι
185 1599 221 1627 ’0
236 1597 336 1636 Κύριος
352 1596 461 1632 ἔδωκεν,
477 1599 492 1625 ὁ
516 1598 614 1634 Κύριος
635 1598 775 1637 ἀφείλατο’
801 1598 839 1628 ὡς
865 1600 904 1633 τῷ
929 1599 983 1626 Κυ-

153 1644 211 1681 ρίῳ
235 1641 335 1678 ἔδοξεν,
352 1642 423 1670 οὕτω
437 1643 482 1670 καὶ
506 1642 619 1681 ἐγένετο·
649 1642 690 1678 είή
713 1643 743 1670 τὸ
770 1640 857 1679 ὄνομα
882 1641 981 1680 Κυρίου

151 1687 261 1724 εὖλογη
267 1687 357 1723 μὲνον,
374 1699 388 1713 η

192 1732 294 1770 Ἐρώτ.
313 1732 378 1769 ρκζ.
395 1732 457 1762 Πῶς
472 1742 543 1763 τινες
557 1730 583 1759 ἐν
596 1733 655 1762 τοῖς
671 1734 824 1763 θανατικοῖς
848 1730 984 1766 ἀποθνήσ-

149 1787 249 1810 κουσι,
265 1776 309 1803 καὶ
326 1776 457 1814 θεωροῦσί
469 1786 543 1807 τινας
571 1776 713 1811 ὀπτασίας,
728 1776 773 1804 καί
800 1776 866 1813 μετᾶ
892 1775 940 1803 δύο
963 1776 981 1811 ἢ

150 1824 229 1859 τρεῖς
247 1820 321 1858 ὥρας
335 1820 487 1848 ἀνίστανται
502 1819 680 1858 διηγούμενοι
695 1830 702 1854 ;

188 1864 292 1894 Ἀπόκ.
308 1864 370 1893 Ἐπὶ
385 1867 438 1892 τῶν
454 1865 585 1892 τοιούτων
601 1864 632 1892 οὗ
646 1864 759 1896 τελείως
777 1864 838 1892 τότε
861 1865 879 1899 ἡ
904 1865 982 1902 ψυχὴ

149 1910 272 1946 ἐξῆλθεν
297 1909 327 1937 ἐκ
349 1908 398 1937 τοῦ
422 1912 558 1946 σώματος·
584 1908 686 1937 ἀλλ’ἐν
703 1909 823 1936 ἐκστάσει
850 1909 983 1946 γίνονται,

146 1955 202 1983 κᾶν
228 1955 300 1990 ἡμῖν
330 1953 518 1985 ἰκπνεύσαντες
546 1953 721 1990 νομίζωνται·
751 1954 818 1992 ἅπερ
847 1952 876 1981 δὶ
900 1954 984 1992 ὁρῶσι

147 1998 200 2026 καί
234 1997 394 2035 διηγοῦνται
424 1994 536 2036 φοϐερὰ,
564 1997 634 2035 πρὸς
658 1997 689 2025 τὸ
713 1999 781 2034 ἡμῖν
808 1999 944 2037 συμφέρον
970 1998 984 2026 ὁ

147 2044 225 2074 Θεὸς
257 2042 325 2069 αὐτὰ
354 2041 499 2077 ὑπέδειξεν·
525 2043 581 2079 (69)
602 2041 649 2070 ’ίνα
674 2040 837 2082 φοϐηθέντες
867 2041 984 2081 διορθω-

146 2088 273 2124 σώμιθα
308 2087 430 2122 ἑαυτοὺς,
471 2086 640 2124 ἀπεχόμενοι
672 2089 726 2114 τών
765 2090 891 2123 πονηρῶν
921 2088 986 2126 πρά-

145 2134 237 2168 ειων.

184 2175 293 2214 Ἐρώτ.
312 2176 382 2212 ρκτί.
399 2175 482 2208 Πόθεν
508 2175 678 2214 ἐπιγινώσκει
702 2176 720 2210 ἡ
746 2176 822 2214 ψυχὴ
849 2175 985 2212 ἀπλανῶς,

143 2221 179 2248 τὸ
197 2219 276 2248 ἴδιον
294 2222 375 2256 σῶμα
391 2219 417 2247 ἐν
441 2222 476 2257 τῇ
491 2220 642 2256 ἀναστάσει,
659 2219 704 2248 καὶ
720 2220 770 2248 οὐκ
785 2220 823 2251 εἴς
839 2220 987 2258 ἀλλότριον

143 2265 314 2304 εἰσέρχεται
328 2274 336 2299 ;

185 2311 295 2338 Ἀποκ.
327 2310 433 2345 Φυσικῇ
455 2308 614 2345 ἀκολουσίᾳ.
641 2311 742 2347 Ὥσπερ
766 2310 816 2347 γὰρ
841 2309 919 2348 ἀρνία
941 2310 987 2349 ἀφ’

143 2353 277 2392 ὅκα-κέρας
293 2353 323 2380 ὲκ
338 2352 463 2390 μητέρων
480 2353 659 2392 χωρισθέντα,
676 2353 743 2390 εἶτα,
759 2352 864 2392 πρωίας
880 2353 985 2381 ἀπολο-

140 2399 247 2433 υίντα,
282 2397 409 2428 ἀπλανῶς
433 2397 544 2425 ἕκαστον
568 2398 620 2426 ὐπὸ
644 2402 695 2433 τῆς
716 2398 822 2437 φύσεως
842 2398 911 2436 πρὸς
935 2399 985 2433 τὴν

142 2442 224 2472 ἰδίαν
258 2442 365 2480 μητέρα
380 2440 500 2480 ἔρχεται·
517 2442 587 2470 οὕτω
602 2443 647 2470 καὶ
661 2442 705 2470 ἐπὶ
725 2445 777 2470 τῶν
803 2444 899 2481 ψυχῶν
922 2444 986 2479 νοή-

144 2498 251 2524 σωμεν
271 2485 299 2513 ἐν
313 2488 348 2524 τῇ
364 2486 505 2514 ἀναστάσει
519 2488 649 2525 γενέσθαι.

182 2532 299 2569 Ἐρώτ.
335 2532 401 2569 ρκθ”.
438 2531 501 2559 Ἐάν
532 2542 573 2562 τις
609 2530 727 2568 λῃστὴς,
760 2532 853 2560 ἑκατὸν
887 2532 985 2571 φόνους

138 2577 281 2612 ποιήσας
298 2598 306 2609 ,
345 2575 492 2614 κρατηθεὶς
531 2575 736 2615 ἀποκεφαλισθῇ
753 2598 761 2611 ,
803 2576 830 2604 τί
872 2576 987 2615 λέγομεν

139 2621 212 2660 περὶ
231 2619 341 2654 αὖτοῦ;
364 2621 432 2658 ’Λρα
447 2620 622 2657 ἠλευθερώθη
651 2623 705 2648 τῶν
729 2620 829 2660 φόνων,
846 2621 883 2648 ὧν
912 2621 986 2649 ἐποί-

140 2675 240 2703 nm;

179 2746 206 2766 ³³
223 2745 330 2774 Mm.
343 2752 384 2781 in,
398 2746 443 2774 26.
480 2746 504 2765 ⁸⁸
517 2746 572 2775 Job
588 2754 608 2781 ι,
623 2747 668 2774 21.

1035 1605 1095 1632 tato
1110 1609 1173 1636 quas
1190 1599 1274 1627 nobis
1291 1600 1407 1634 accidit,
1424 1599 1484 1627 haec
1499 1599 1606 1632 dicere,
1625 1611 1639 1625 ιι
1655 1600 1795 1628 Dominus
1813 1601 1864 1628 de-

1036 1648 1090 1680 dit,
1106 1644 1249 1673 Dominus
1271 1644 1394 1672 abstulit
1410 1652 1416 1671 :
1435 1643 1513 1672 sicut
1537 1644 1661 1672 Domino
1689 1644 1810 1681 placuit,
1828 1646 1867 1673 ita

1037 1693 1148 1721 factum
1164 1692 1227 1722 est;
1243 1688 1283 1716 sit
1297 1697 1404 1716 nomen
1422 1688 1537 1716 Domini
1552 1689 1740 1718 benedictum
1754 1690 1787 1716 οι.
1805 1703 1818 1715 ν

1073 1737 1179 1769 Οωεετ.
1195 1733 1324 1761 CXXVII.
1341 1734 1472 1766 Quonam
1490 1734 1575 1761 modo
1587 1734 1768 1770 temporibus
1785 1743 1862 1761 mor-

1037 1780 1130 1808 tiferis
1160 1777 1330 1806 moriuntur
1358 1777 1489 1812 quidem,
1514 1780 1696 1813 cernuntque
1724 1778 1864 1812 visiones,

1037 1827 1125 1860 atque
1141 1824 1206 1859 post
1221 1822 1295 1850 duas
1309 1821 1353 1849 vel
1368 1824 1429 1850 tres
1443 1822 1531 1849 horas
1547 1824 1765 1858 resurgunt,eas
1775 1831 1861 1850 enar-

1038 1871 1137 1897 rantes
1149 1868 1162 1895 ?

1075 1913 1161 1941 Rssr.
1177 1912 1209 1939 In
1225 1911 1289 1939 istis
1313 1910 1413 1938 anima
1438 1919 1496 1938 non
1514 1910 1630 1946 penitus
1658 1913 1730 1938 tunc
1745 1919 1865 1947 corpore

1038 1958 1126 1985 exivit
1142 1966 1148 1984 :
1166 1957 1217 1984 sed
1242 1956 1272 1983 in
1298 1955 1425 1983 eastasin
1451 1955 1616 1990 rapiuntur,
1641 1955 1757 1983 etiamsi
1781 1957 1867 1983 nobis

1038 2002 1192 2030 videantur
1207 2000 1455 2035 exspirasse,quae
1471 2002 1571 2027 autem
1587 2000 1688 2027 vident
1703 2001 1732 2027 et
1747 2004 1868 2027 narrant

1040 2045 1207 2080 metuenda,
1224 2045 1260 2072 ad
1287 2046 1417 2071 nostram
1445 2043 1601 2071 utilitatem
1625 2043 1703 2072 Deus
1726 2044 1787 2072 haec
1810 2045 1867 2073 iiiis

1040 2089 1185 2124 ostendit;
1206 2091 1236 2116 ut
1251 2088 1355 2116 timore
1371 2088 1496 2124 correpti
1513 2088 1711 2124 nosmetipsos
1727 2089 1865 2116 emende-

1041 2143 1118 2168 mus,
1134 2133 1397 2169 abstineamusque
1413 2133 1449 2160 ab
1464 2133 1603 2168 operibus
1618 2132 1715 2161 malis.

1077 2179 1191 2211 Qumsr.
1208 2177 1357 2205 CXXVIII.
1381 2177 1530 2209 Quomodo
1546 2177 1646 2205 anima
1670 2177 1701 2205 in
1717 2185 1866 2205 resurrec-

1040 2223 1119 2251 tione
1134 2225 1212 2251 certo
1234 2230 1322 2251 suum
1337 2230 1444 2258 corpus
1459 2222 1603 2257 agnoscit,
1620 2229 1673 2250 nec
1692 2221 1721 2250 in
1738 2221 1867 2250 alienum

1041 2266 1227 2303 ingreditur?

1077 2312 1154 2340 246
1171 2311 1256 2338 str.
1272 2310 1404 2338 Naturali
1429 2311 1551 2338 ratione.
1571 2310 1604 2339 Ut
1628 2309 1706 2338 enim
1721 2310 1790 2346 agni
1807 2319 1868 2338 ves—

1041 2364 1108 2392 pere
1123 2365 1140 2383 a
1155 2356 1301 2383 matribus
1323 2353 1459 2390 separati,
1476 2357 1506 2382 et
1521 2362 1606 2382 mane
1628 2354 1753 2390 dimissi,
1772 2355 1797 2382 vi
1816 2364 1867 2383 na-

1041 2404 1113 2429 tura:
1129 2394 1290 2436 singuli'ad
1306 2407 1389 2427 suam
1406 2401 1528 2426 matrem
1545 2402 1624 2427 certo
1640 2403 1811 2427 accurrunt:
1826 2401 1867 2428 ita

1041 2446 1118 2473 idem
1134 2445 1163 2472 in
1180 2444 1392 2472 resurrectione
1409 2443 1564 2471 animabus
1579 2443 1708 2471 accidere
1720 2446 1765 2472 est
1780 2444 1865 2472 intel-

1041 2489 1203 2525 ﬁgendum.

1076 2533 1188 2565 Ουιεετ.
1205 2531 1321 2560 CXXIX.
1338 2532 1368 2560 Si
1391 2532 1457 2568 quis
1482 2531 1556 2560 latro
1579 2534 1645 2568 post
1672 2535 1790 2561 centum
1814 2533 1867 2561 ho-

1042 2578 1161 2606 micidia
1176 2576 1335 2605 commissa
1349 2579 1454 2613 captus
1469 2577 1670 2610 obtruncatur,
1680 2577 1752 2613 quid
1768 2577 1803 2605 de
1820 2577 1867 2605 illo

1041 2622 1229 2651 sentiendum
1245 2621 1312 2648 est?
1335 2623 1409 2648 Num
1431 2621 1467 2648 ab
1483 2621 1621 2649 omnibus
1645 2621 1772 2650 caedibus
1794 2630 1867 2658 quas

1041 2664 1228 2703 perpetravit,
1244 2664 1398 2693 absolutus
1413 2667 1458 2693 est
1469 2664 1483 2691 ?

179 2822 249 2862 (69)
268 2821 324 2849 ltl
337 2822 523 2860 manuscripti
539 2822 670 2860 quidam.
687 2822 750 2851 Hac
765 2822 800 2850 ad
817 2822 904 2852 ﬁnem
918 2831 1013 2861 usque
1027 2821 1238 2859 Responsionis
1252 2821 1373 2850 deerant
1388 2821 1418 2849 in
1434 2822 1531 2851 editis.
