4072 6210
409 303 526 367 679

507 443 653 494 lasp.
691 439 871 494 Unius
904 444 960 491 et
1009 436 1194 492 solius
1228 437 1523 492 homicidii
1564 452 1764 508 pcenas
1795 435 1906 490 luit
1939 451 1951 488 ε
1987 435 2056 490 de
2085 437 2140 502 Α

412 529 542 583 aliis
576 527 893 600 nonaginta
927 542 1128 582 novem
1166 525 1496 581 homicidiis
1539 525 1825 580 rationem
1859 524 2060 580 reddet

411 617 468 672 in
532 617 727 671 futuro
786 613 998 671 sreculu
1042 615 1175 686 (70).
1236 614 1548 669 Sciendum
1609 618 1698 669 est
1753 618 1973 680 autem,
2008 614 2056 667 si

411 707 584 762 homo
617 703 790 760 unius
822 704 994 758 caedis
1029 721 1182 771 reus,
1207 702 1685 775 comprehensus,
1717 702 1906 774 capite
1935 699 2056 774 ple-

409 801 619 863 ctatur,
653 811 802 865 saepe
841 801 1030 848 tamen
1080 809 1192 848 non
1227 793 1383 847 omni
1409 792 1634 862 judicio
1683 807 1811 846 esse
1841 789 2054 845 libera—

407 889 555 940 tum.
592 883 770 951 Quale
801 885 888 938 est
922 883 1072 953 quod
1109 883 1180 936 de
1211 888 1412 936 sancto
1459 880 1682 936 Joanne
1713 880 1970 951 Baptista
2001 882 2058 934 et

407 974 632 1029 Herode
664 973 938 1028 dicimus.
972 971 1080 1035 Qui
1113 970 1162 1025 si
1195 969 1515 1026 decollatus
1547 973 1724 1034 esset,
1748 973 2056 1041 propterea

408 1063 558 1133 quod
595 1061 912 1133 Baptistam
944 1059 1253 1127 occiderat,
1287 1075 1399 1115 non
1435 1062 1630 1114 tamen
1663 1057 1801 1129 quid
1837 1055 2055 1128 aequale

406 1156 495 1207 cst
516 1152 584 1205 ad
607 1151 854 1204 salutem
881 1149 1080 1203 mundi
1105 1149 1364 1203 Joannes
1385 1151 1442 1202 et
1463 1147 1737 1202 Herodes.
1774 1145 1874 1200 Ille
1896 1146 2052 1201 enim

405 1240 682 1295 salutaris
729 1244 851 1294 erat
881 1239 1094 1304 homo;
1123 1237 1217 1292 hic
1247 1253 1403 1300 vero,
1438 1235 1762 1291 insidiator.
1793 1235 1952 1290 Idem
1983 1234 2054 1290 de

403 1329 533 1384 aliis
563 1325 1164 1398 homicidis,etjustis
1186 1325 1324 1381 viris
1365 1324 1574 1380 occisis
1608 1323 2050 1396 intelligendum

402 1423 457 1472 et
487 1418 932 1489 dijudicandum
963 1422 1072 1486 est,
1105 1414 1605 1487 quemadmodum
1637 1413 1914 1468 diximus.

471 1597 694 1660 QUEST.
729 1594 940 1650 CXXX.
975 1593 1033 1650 Si
1084 1592 1218 1664 quis
1266 1593 1535 1664 princeps
1587 1591 1673 1647 ira
1721 1594 2050 1646 commotus

401 1701 521 1739 rem
555 1684 813 1755 aliquam
865 1699 997 1738 cum
1026 1681 1412 1753 jurejurando
1467 1679 1806 1744 decreverit,
1841 1678 2049 1733 deinde

399 1772 963 1844 postjusjurandum
986 1770 1056 1826 ad
1081 1769 1343 1842 seipsum
1369 1768 1624 1836 redierit,
1647 1767 1902 1840 factique
1928 1783 2046 1839 pce-

401 1864 602 1930 niteat,
636 1879 767 1916 cum
804 1877 1011 1933 nempe
1044 1860 1306 1916 advertat
1348 1874 1409 1914 se
1441 1857 1592 1913 malo
1622 1858 1871 1930 iurasse,
1906 1855 2045 1928 quid

396 1951 509 2024 ipsi
541 1951 832 2023 agendum
865 1960 948 2006 est
970 1950 998 2004 τ
1566 1943 1571 1950 ’

471 2041 642 2095 Hasn.
673 2041 788 2095 Deo
820 2039 1083 2094 conﬁteri
1114 2038 1304 2103 debet,
1338 2053 1626 2108 suamque
1655 2036 2046 2092 condemnare

393 2129 972 2195 inconsiderantiam,
1003 2132 1060 2182 et
1079 2129 1487 2199 juramentum
1519 2127 1760 2182 solvere.
1781 2125 2044 2196 Namque

397 2218 599 2274 Petrus
634 2216 933 2289 apostolus
969 2216 1072 2288 qui
1105 2216 1350 2280 dixerat,
1385 2239 1412 2265 α
1443 2215 1566 2270 Non
1601 2213 1820 2268 lavabis
1867 2214 2044 2286 pedcs

395 2323 557 2362 meos
589 2307 645 2362 in
680 2311 961 2361 aeternum
993 2305 1085 2372 δι’,
1124 2327 1149 2353 ››
1182 2304 1432 2360 rescisso
1475 2303 1578 2360 hoc
1609 2303 1762 2374 quod
1795 2303 2042 2372 dixerat,

392 2412 461 2451 ea
507 2396 576 2451 de
609 2411 786 2450 causa
818 2393 1114 2449 laudatur.
1159 2393 1412 2448 Herodes
1462 2395 1664 2447 contra
1703 2393 2040 2462 juramento

391 2482 758 2548 conﬁrmato,
777 2485 1012 2552 propter
1041 2484 1408 2552 amputatum
1441 2481 1814 2551 praecursoria
1841 2483 2038 2550 caput,

393 2587 594 2642 poenas
622 2574 869 2625 aeternas
899 2568 1030 2624 luit.

461 2660 680 2722 Quass'r.
717 2658 949 2716 CXXXI.
983 2658 1040 2714 Si
1075 2658 1207 2730 quis
1239 2657 1348 2714 sibi
1383 2673 1502 2714 rem
1545 2656 1800 2728 aliquam
1834 2655 2034 2710 utilem

389 2765 519 2804 esse
564 2748 898 2818 arbitretur,
932 2749 1224 2820 quomodo
1273 2763 1400 2803 eam
1434 2764 1467 2801 a
1506 2746 1622 2804 Deo
1672 2748 1726 2801 in
1777 2745 2040 2801 oratione

390 2845 582 2910 petere
613 2837 784 2892 debet
808 2835 831 2891 Ρ

462 2927 630 2982 RESP.
666 2926 1172 2990 Quemadmodum
1207 2925 1476 2983 Christus
1498 2943 1602 2980 nos
1624 2941 1786 2980 orare
1817 2925 2032 2995 docuit,

385 3015 625 3086 haecque
651 3015 719 3070 ad
773 3015 951 3070 Deum
987 3016 1198 3086 dicere,
1233 3039 1258 3065 ‹‹
1293 3015 1420 3071 Fiat
1457 3013 1728 3072 v0’luntas
1775 3018 1878 3069 tua
1905 3014 1969 3068 ⁸⁵.
2007 3035 2034 3063 ››

385 3102 530 3158 Nam
562 3107 618 3158 et
647 3103 771 3175 ipse
804 3104 1104 3172 Dominus,
1139 3105 1235 3176 qui
1268 3105 1346 3159 ita
1377 3120 1484 3159 nos
1515 3103 1826 3173 erudierat,
1869 3102 1950 3158 sic
1979 3107 2036 3158 et

1574 300 1635 364 S.
1688 299 2204 364 A'l‘l-lANASlUS.
2234 335 2309 346 -—
2339 303 2647 366 SPURIA.

3701 305 3821 367 680

2243 432 2431 488 Ἀπόκ·
2465 435 2617 497 Ἐνὸς
2660 437 2750 490 καὶ
2813 435 2977 507 μόνου
3025 437 3194 514 φόνου
3246 431 3414 492 ἔδωκε
3471 435 3648 509 δίκην
3709 445 3820 494 τῶν

2175 518 2216 537 λς
2403 528 2428 538 αι
2508 523 2520 541 Ἵ
2851 525 2863 540 Ἰ
3171 531 3197 540 -ν
3278 526 3330 544 π..
3466 532 3492 542 ιι.

2171 535 2229 574 οε
2261 521 2469 578 λοιπων
2505 527 2815 595 ενενήκοντα
2847 526 2995 580 εννὲα
3049 525 3099 580 ἐν
3131 547 3209 598 τῳ
3242 547 3395 580 α.ωνι
3427 547 3507 599 τῳ
3559 528 3689 601 μὲλ)
3705 551 3821 584 οντι

2168 610 2594 687 ἀπολογήσεται.
2629 616 2912 669 Γινώσκειν
2965 612 3020 669 δὲ
3065 617 3200 690 χρὴ,
3260 615 3340 672 δτι
3391 617 3662 680 πολλάκις
3727 619 3821 674 καὶ

2165 695 2258 754 ἕνα
2326 701 2488 778 φόνον
2547 705 2781 773 ποιήσας
2833 705 3133 779 ἅνθρωπος,
3181 705 3276 759 κᾶν
3334 707 3622 782 κρατηθεὶς
3681 707 3819 762 ἀπο-

2167 787 2487 866 Αεφαλισθῇ,
2549 791 2609 846 ού
2677 789 2893 853 πέντως
2943 791 3023 846 ὅτι
3074 791 3207 848 ὅλου
3258 799 3352 848 τοῦ
3408 795 3670 870 κρίματος
3716 800 3817 850 τοῦ

2166 881 2329 955 φόνου
2385 878 2754 955 ἡλευΘέρωται
2829 881 2956 938 Οῖόν
3004 903 3054 936 τι
3106 881 3334 957 λὲγομεν
3385 883 3472 938 ἐπὶ
3521 889 3614 939 τοῦ
3661 885 3815 961 ἁγίου

2163 966 2410 1022 Ἰωάννου
2466 973 2563 1022 τοῦ
2621 967 2924 1025 Βαπτιστδῦ
2971 970 3059 1024 καὶ
3115 968 3387 1044 Ἡρώδου*
3435 972 3522 1028 ὅτε
3569 975 3673 1050 γὰρ
3721 978 3814 1030 καὶ

2163 1054 2567 1127 ἆπεκεφαλίσθη
2617 1055 2885 1133 Ἡρώδης,
2939 1059 3068 1134 ὑπὲρ
3124 1058 3186 1113 οὗ
3236 1059 3505 1137 ἐφόνευσεν
3556 1063 3647 1117 τὸν
3707 1070 3814 1118 Βα-

2163 1145 2414 1217 πτιστήν,
2449 1143 2578 1200 ἀλλ’
2607 1146 2706 1200 οὐκ
2735 1143 2874 1201 ἔστιν
2905 1145 3016 1201 ἴσον
3051 1147 3186 1224 πρὸς
3245 1150 3521 1226 φωτηρῖαν
3572 1156 3670 1206 τοῦ
3717 1153 3813 1206 κό-

2163 1253 2303 1306 σμου
2335 1233 2589 1305 Ἰωάννης
2618 1235 2708 1290 καὶ
2737 1234 3011 1313 Ἡρώδης.
3045 1237 3106 1294 Ὁ
3139 1238 3234 1310 μὲν
3265 1239 3365 1314 γὰρ
3399 1241 3671 1312 σωτήριος
3715 1239 3812 1294 ἆν-

2163 1333 2404 1396 θρωπος,
2435 1325 2462 1378 6
2495 1323 2552 1378 δὲ
2601 1319 2913 1387 ἐπίϐουλος.
2961 1325 3202 1398 Ὁμοίως
3257 1323 3314 1381 δὲ
3344 1328 3432 1381 καὶ
3473 1327 3562 1382 ἐπὶ
3621 1329 3810 1385 ἄλλων

2162 1413 2388 1488 φονέων,
2420 1413 2508 1467 καὶ
2540 1413 2911 1492 φονευομένων
2946 1411 3164 1469 δικαίων
3197 1413 3425 1491 ἀνδρῶν.
3457 1416 3568 1473 ἐστὶ
3591 1426 3808 1490 νοῆσαι,

2161 1498 2250 1554 καὶ
2281 1497 2575 1577 διακρῖναι,
2606 1503 2782 1564 καθὼς
2835 1506 3265 1578 προειρήκαμεν.

2231 1589 2422 1664 Ἐρώτ.
2459 1589 2560 1666 ρλ’.
2594 1591 2714 1647 Ἐάν
2746 1613 2827 1654 τις
2861 1590 3046 1668 ἅρχων
3103 1593 3206 1648 ἀπὸ
3258 1598 3434 1668 θυμοῦ
3468 1597 3582 1667 μεθ’
3629 1595 3807 1672 ὅρκων

2160 1679 2274 1749 (71)
2305 1678 2528 1734 πολλῶν
2563 1679 2716 1754 ὁρίσῃ
2749 1685 2994 1756 πρᾶγμα,
3048 1681 3160 1736 εἶτα
3197 1684 3332 1754 μετὰ
3360 1683 3450 1736 τὸν
3503 1683 3661 1756 ὅρκον
3716 1685 3806 1741 ἐλ-

2076 1804 2125 1870 Β
2157 1767 2262 1821 Θὼν
2295 1767 2370 1830 εἷς
2404 1769 2587 1823 ἐαυτὸν
2624 1768 3004 1844 μεταμεληθῇ,
3038 1770 3199 1844 γνοὺς
3233 1770 3315 1827 ὅτι
3356 1777 3534 1835 κακῶς
3583 1772 3804 1848 ὥρκισε,

2153 1855 2207 1910 τί
2236 1854 2440 1911 ἀσείλει
2472 1863 2695 1926 ποιῆσαι
2725 1878 2738 1926 ;

2228 2034 2418 2092 Ἀπόκ.
2452 2035 2986 2112 Ἐξομολογήσασθαι
3034 2042 3112 2110 τῷ
3154 2043 3270 2111 Θεῷ
3319 2041 3411 2094 καὶ
3459 2045 3804 2116 καταγνῶναι

2151 2123 2246 2184 τὰς
2296 2123 2488 2178 ἑαυτοῦ
2515 2125 2859 2200 προπετείας,
2892 2126 2980 2182 καὶ
3013 2127 3272 2182 ἀναλῦσαι
3313 2129 3404 2183 τὸν
3456 2130 3640 2206 ὅρκον.
3705 2133 3804 2186 Καὶ

2154 2211 2257 2287 γὰρ
2279 2213 2365 2266 καὶ
2401 2211 2600 2287 Πέτρος
2633 2215 2660 2266 ὁ
2692 2213 2997 2277 ἀπόστολος
3027 2215 3213 2282 εἰπὼν,
3248 2217 3328 2271 ὅτι
3363 2241 3391 2269 ι(
3443 2219 3521 2274 Οὐ
3563 2221 3639 2290 μή
3697 2242 3806 2290 μου

2152 2300 2325 2374 νίψεις
2357 2302 2482 2364 τοὺς
2512 2301 2683 2364 πόδας
2721 2305 2795 2365 είς
2823 2305 2915 2358 τὸν
2947 2305 3134 2360 αἱῶνα.
3174 2329 3201 2356 ι)
3227 2305 3316 2359 καὶ
3349 2305 3615 2368 ἀναλύσας
3667 2307 3803 2384 ὅπερ

2152 2389 2318 2456 εἶπεν,
2351 2390 2641 2445 ἐπαινεῖται
2672 2397 2832 2447 τοῦτο
2865 2395 3198 2464 πεποιηκώς.
3234 2391 3506 2470 Ἡρώδης,
3559 2393 3616 2450 δὲ
3669 2403 3802 2468 01:7;-

2151 2499 2245 2540 σας
2275 2481 2363 2533 τὸν
2399 2480 2588 2534 ἑαυτοῦ
2615 2480 2796 2555 ὅρκον,
2832 2479 2920 2537 διὰ
2947 2487 3045 2552 τήν
3080 2487 3174 2538 τοῦ
3203 2481 3528 2560 προδρόμου
3550 2486 3797 2563 κεφαλὴν

2149 2569 2225 2630 εἷς
2257 2569 2456 2631 αἱῶνας
2487 2567 2799 2639 κολάζεται.

2219 2659 2413 2732 Ἐρώτ.
2450 2654 2585 2734 ρλα’.
2622 2659 2743 2715 Ἐάν
2775 2681 2856 2721 τις
2886 2658 3177 2735 λογίσηταί
3207 2682 3258 2715 τι
3307 2667 3536 2737 πρᾶγμα
3586 2665 3660 2725 ὡς
3704 2687 3798 2719 νο-

2151 2744 2294 2820 μίζει
2324 2747 2496 2819 ἑαυτῷ
2530 2746 2823 2824 συμφέρον,
2857 2752 2972 2809 πῶς
3001 2749 3207 2825 ὀφείλει
3241 2749 3361 2826 περὶ
3412 2750 3575 2806 αὐτοῦ
3636 2754 3798 2824 αῗτή-

2145 2846 2358 2901 σασθαι,
2379 2835 2468 2889 καὶ
2500 2841 2614 2908 Θεῷ
2646 2837 3036 2910 προσεύξασθαι
3063 2856 3076 2905 ;

2215 2924 2408 2981 ’Δπόκ.
2443 2925 2628 2988 Καθὼς
2677 2928 2823 2998 ἡμᾶς
2861 2927 2889 2981 ὁ
2937 2927 3168 3001 Χριστὸς
3227 2925 3431 2998 ἐδίδαξε
3487 2931 3796 3007 προσεᾶχε-

2145 3014 2286 3082 σθαι,
2319 3013 2406 3067 καὶ
2441 3011 2613 3090 λέγειν
2648 3015 2782 3088 πρὸς
2828 3013 2978 3069 Θεόνο
3032 3039 3060 3066 ιι
3111 3018 3399 3086 Γενηθήτω
3454 3019 3518 3072 τὸ
3577 3018 3798 3092 θέλημά

2145 3123 2260 3158 σου.
2299 3127 2326 3154 ››
2362 3102 2457 3155 Καὶ
2488 3103 2590 3177 γὰρ
2621 3108 2782 3158 τοῦτο
2827 3102 3096 3158 παιδεύων
3132 3107 3277 3176 ἡμᾶς
3327 3107 3354 3158 6
3405 3106 3602 3180 Κύριος
3650 3108 3796 3164 οὕτω

388 3191 514 3262 ipse
540 3166 769 3247 Patr-em
821 3166 1190 3264 precabatur,
1223 3216 1250 3244 ι(
1281 3193 1404 3249 Νοιι
1437 3209 1564 3248 mea
1602 3166 1874 3248 voluntas
1910 3193 2033 3260 fiat,

2163 3192 2234 3246 ιαὶ
2295 3190 2448 3253 οὗτὸς
2495 3191 2842 3267 προσηύχετο
2902 3191 3071 3268 λέγων
3133 3199 3210 3264 τῷ
3239 3195 3430 3264 Πατρί·
3494 3221 3522 3246 ‹‹
3585 3197 3672 3266 Μὴ
3733 3199 3796 3252 τὸ

388 3281 488 3335 sed
521 3285 624 3335 tua
642 3281 753 3336 ⁸⁸.»
780 3281 895 3337 Nos
927 3287 1117 3339 autem
1155 3283 1423 3339 homines
1451 3300 1565 3339 non
1600 3299 1729 3338 raro
1761 3284 2028 3354 quaedam

387 3386 421 3423 a
462 3373 572 3424 Deo
605 3370 882 3442 petimus,
917 3387 1043 3442 qua:
1075 3371 1242 3427 nobis
1276 3372 1548 3443 prodesse
1581 3372 1892 3441 credimus,
1928 3371 2028 3426 ob-

384 3463 665 3530 tentaque
693 3459 992 3531 petitione,
1017 3461 1069 3514 id
1101 3461 1270 3516 nobis
1295 3477 1506 3532 magno
1533 3477 1660 3516 esse
1681 3461 2030 3516 detrimento

382 3547 796 3618 comperimus.
850 3549 992 3604 Hinc
1033 3549 1338 3614 Dominus,
1375 3555 1435 3604 ut
1484 3565 1679 3604 rerum
1729 3549 2027 3620 praescius,

385 3642 616 3692 nostras
647 3654 798 3710 smpe
830 3654 941 3693 non
975 3639 1209 3694 exaudit
1239 3639 1548 3707 orationes,
1583 3638 1778 3711 idque,
1811 3637 1892 3692 uti
1928 3639 2028 3694 bo-

381 3743 513 3796 nus,
548 3729 605 3782 in
657 3733 922 3782 nostrum
955 3728 1125 3783 vertit
1171 3728 1566 3784 commOdum.
1600 3726 1764 3783 Unde
1805 3735 2027 3782 rectum

379 3833 492 3870 non
527 3821 615 3872 est
643 3817 760 3871 vim
795 3816 910 3874 Deo
955 3816 1190 3887 inferre,
1222 3807 1354 3872 cum
1409 3817 1481 3872 ab
1511 3834 1575 3872 eo
1625 3816 1845 3888 aliquid
1879 3817 2026 3888 peti-

379 3922 534 3973 mus,
566 3906 664 3960 sed
698 3907 762 3961 ut
789 3905 978 3961 edocti
1011 3922 1240 3970 sumus,
1261 3907 1546 3962 orandum
1583 3906 1749 3960 nobis
1780 3910 1890 3971 est,
1924 3921 2028 3960 nec

378 3997 756 4065 quzerendum
807 4003 867 4051 ut
917 4003 1134 4066 nostra,
1165 3998 1263 4053 sed
1319 4003 1384 4053 ut
1436 3997 1534 4052 Dei
1584 3998 1684 4051 ﬁat
1732 3995 2023 4052 voluntas.

376 4082 515 4138 Vult
547 4085 701 4138 enim
734 4101 938 4142 omnes
971 4087 1210 4141 omnino
1242 4085 1434 4141 salvos
1467 4087 1610 4156 ﬁeri,
1645 4101 1825 4155 eaque
1859 4084 2025 4140 nobis

376 4172 612 4243 praebet,
646 4188 772 4245 quae
802 4173 975 4229 saluti
1008 4179 1224 4230 nostrae
1253 4177 1610 4230 conducunt.

448 4441 672 4504 Ουλεετ,
717 4438 972 4495 CXXXII.
1012 4440 1069 4496 Si
1125 4441 1258 4512 quis
1315 4458 1436 4496 rem
1489 4425 1831 4513 quampiam
1890 4440 2028 4497 velit

2141 3279 2270 3353 ἐμὸν
2301 3279 2430 3350 Θέλη
2445 3301 2516 3353 μα
2545 3279 2799 3356 γενέσθω,
2834 3279 2978 3336 ἀλλὰ
3005 3282 3066 3336 τὸ
3099 3281 3210 3340 σόν.
3247 3306 3275 3335 ιι
3333 3285 3520 3356 Ἡμεῖς
3555 3283 3611 3339 δὲ
3662 3284 3800 3340 πολ-

2141 3367 2296 3431 λάκις
2328 3370 2377 3423 οἱ
2410 3370 2683 3446 ἄνθρωποι
2713 3370 3008 3442 αἰτούμεθά
3050 3392 3168 3425 τινα
3225 3373 3368 3446 παρὰ
3417 3379 3573 3441 Θεοῦ,
3641 3377 3793 3446 ιομῖ-

2142 3463 2325 3527 ζοντες
2353 3462 2516 3512 ταῦτα
2565 3459 2699 3529 ἡμῖν
2752 3457 3063 3537 συμφέρειν,
3104 3460 3193 3514 καὶ
3248 3463 3613 3537 τυγχάνοντες
3675 3465 3793 3536 (72)

2141 3551 2238 3601 τοῦ
2268 3546 2592 3618 αἷτήματος,
2627 3545 2944 3623 εὑρίσκομεν
2990 3549 3088 3618 τὴν
3137 3549 3333 3603 τούτου
3384 3546 3600 3605 ἔκϐασιν
3650 3557 3791 3607 πάνυ

2136 3639 2284 3709 ἡμᾶς
2319 3631 2758 3709 κατλῧλάψασαν.
2791 3638 2949 3692 ’Όῦεν
2981 3638 3052 3698 ὡς
3085 3639 3446 3713 προγνώστης
3477 3641 3506 3694 ὁ
3557 3642 3788 3715 Κύριος,

2135 3724 2203 3778 τὰ
2265 3723 2398 3794 τέλη
2456 3729 2564 3778 τῶν
2633 3726 2966 3800 πραγμάτων
3039 3725 3416 3798 ἐπιστάμενος,
3485 3731 3788 3800 παρακούει

2137 3811 2406 3874 πολλάκις
2437 3819 2538 3882 τῆς
2569 3820 2882 3888 προσευχῆς
2913 3815 3073 3886 ἡμῶν
3099 3814 3172 3876 ὡς
3219 3814 3416 3890 ἀγαθὸς
3461 3815 3524 3870 τὸ
3581 3819 3790 3896 camps-

2137 3922 2229 3978 ρον
2263 3905 2397 3975 θ-μῐν
2431 3904 2542 3974 (73)
2576 3902 3106 3977 πραγματευόμενος.
3141 3907 3294 3968 Ὅθεν
3333 3905 3394 3959 οὐ
3443 3903 3613 3960 καλὸν
3671 3908 3792 3982 βιά-

2139 3993 2314 4060 ζεσοαι
2365 3991 2457 4046 τὸν
2511 3991 2638 4046 Θεὸν
2690 3991 2742 4046 ἐν
2790 3996 2908 4053 ταῖς
2961 3993 3253 4064 αἱτήμασιν
3304 3995 3482 4067 ἡμῶν.
3530 3993 3660 4050 ἀλλ’
3715 3998 3792 4058 ὡς

2137 4077 2502 4155 ἐδιδάχθημεν
2563 4078 2836 4155 εὔχεσθαι,
2884 4083 2971 4134 καὶ
3030 4087 3204 4151 ζητεῖν
3261 4083 3336 4154 μὴ
3389 4084 3452 4136 τὸ
3498 4085 3795 4160 ἡμέτερον,

2135 4166 2280 4223 ἀλλᾶ
2307 4169 2368 4222 τὸ
2400 4172 2496 4222 τοῦ
2530 4172 2663 4222 Θεοῦ
2713 4166 2928 4240 θέλημα
2956 4167 3220 4244 γενέσθαι.
3245 4167 3400 4224 Θέλει
3431 4171 3535 4246 γὰρ
3569 4173 3791 4234 πάντως

2136 4256 2336 4319 πάντας
2369 4263 2631 4326 σωθῆναι,
2662 4259 2752 4311 καὶ
2793 4256 3022 4330 παρέχει
3077 4259 3210 4330 ἡμῖν
3269 4259 3334 4312 τὰ
3387 4259 3464 4322 εἱς
3517 4261 3789 4336 ἡμετέραν

2135 4345 2407 4421 σωτηρίαν
2439 4345 2797 4403 συντείνοντα.

2209 4437 2403 4509 Ἑρώτ.
2439 4433 2581 4510 ρλβ’.
2633 4437 2754 4492 Ἐάν
2805 4457 2884 4498 τις
2937 4435 3299 4513 βουλεύσηται
3346 4445 3571 4514 πρᾶγμα
3623 4446 3790 4508 ποιῆ-

374 4529 868 4600 agere,undenam
895 4546 1066 4586 nosse
1088 4531 1295 4601 possit,
1319 4535 1553 4602 gratum
1577 4530 1696 4586 fore
1733 4535 1840 4586 Deo
1873 4530 2026 4602 quod

2163 4546 2245 4594 ἀι,
2279 4524 2440 4579 πόθεν
2473 4523 2684 4600 ὀφείλει
2736 4524 3029 4601 ἐπιγνῶναι
3082 4525 3163 4580 ὅτι
3214 4527 3498 4601 Θεαρεστόν
3558 4527 3726 4596 ἐστιν,
3760 4531 3791 4584 6

376 4619 579 4673 statuit
609 4634 778 4690 agere
804 4619 814 4673 !

445 4708 614 4762 Rssn.
653 4707 972 4763 Paucorum
999 4706 1164 4763 valde
1189 4707 1493 4764 hominum
1515 4712 1626 4779 est,
1659 4707 1718 4762 in
1749 4707 2027 4764 omnibus

375 4813 504 4868 quae
535 4812 707 4869 agere
757 4795 1106 4864 deliberant,
1142 4807 1300 4854 certo
1351 4813 1525 4853 nosse
1573 4813 1714 4852 num
1766 4795 1880 4852 Deo
1911 4795 2032 4868 pluo

373 4890 500 4940 ceat
530 4886 682 4958 quod
719 4885 932 4957 agitur.
971 4890 1246 4943 Attamen
1280 4903 1348 4943 ex
1379 4887 1450 4942 iis
1481 4903 1608 4959 quae
1651 4885 1940 4942 habentur
1967 4884 2026 4940 in

377 4973 592 5028 divinis
622 4973 962 5046 Scripturis,
995 4979 1053 5030 et
1083 4991 1211 5047 qua:
1245 4981 1489 5048 egerunt
1509 4975 1720 5046 sancti,
1754 4974 2030 5046 pleraque

375 5079 503 5133 quas
537 5079 642 5118 nos
694 5068 983 5135 spectant,
1020 5081 1340 5136 possumus
1389 5064 1675 5136 conjicere
1723 5080 1861 5120 num
1917 5068 2027 5120 Deo

441 5231 507 5266 δι’
537 5231 703 5286 Joan.
736 5247 862 5301 xm,
893 5233 946 5286 8.
1027 5233 1071 5275 8'
1101 5233 1306 5290 Matth.
1338 5252 1422 5304 vr,
1456 5236 1542 5290 10.

443 5398 554 5543 (70)
587 5397 723 5454 Vide
755 5397 1157 5482 Cohryaostom.
1191 5404 1253 5458 z’n
1285 5402 1468 5458 Matth.

466 5471 527 5524 71
591 5474 671 5524 Ita
705 5471 945 5541 quidam
981 5489 1125 5530 mss.
1163 5474 1310 5530 Editi
1359 5490 1468 5530 veri

466 5471 554 5539 71)
591 5474 671 5524 Ita
705 5471 945 5541 quidam
981 5489 1125 5530 mss.
1163 5474 1310 5530 Editi
1359 5490 1512 5543 vero,
1565 5475 1739 5548 θυμοῦ
1786 5481 1874 5537 καὶ
1927 5477 2018 5550 Sp-

374 5564 504 5597 κων.

443 5613 556 5685 (72)
588 5613 673 5668 Ita
704 5613 844 5686 Reg.
878 5614 933 5670 2.
966 5615 1138 5686 Editi,
1170 5614 1606 5693 ἐντυγχάνοντες,

1620 5234 1664 5270 ⁸⁸
1690 5234 1826 5289 Luc.
1859 5247 1998 5302 xm,
2025 5231 2110 5287 42.

2136 4621 2363 4684 ποιῆσαι
2397 4612 2657 4687 ἐσκέψατο
2687 4633 2699 4682 ;

2209 4703 2402 4760 Ἀπόκ.
2435 4703 2667 4780 Ὀλίγων
2702 4703 2811 4758 ἐστί
2843 4701 2962 4758 λίαν
2999 4701 3206 4776 ἀνδρῶν
3260 4706 3322 4760 τὸ
3367 4708 3480 4779 (74)
3531 4703 3584 4760 ἐν
3627 4713 3796 4762 πᾶσιν

2136 4791 2392 4853 ἀπλανῶς
2446 4798 2564 4854 τοῖς
2624 4793 2824 4847 ἑαυτῶν
2910 4792 3274 4867 βουλεύμασιν
3351 4792 3686 4863 ἐπίστασθαι,
3747 4798 3798 4850 εἱ

2139 4880 2420 4952 θεάρεστόν
2469 4879 2578 4935 ἐστι
2637 4881 2699 4935 τὸ
2752 4881 3059 4955 γινόμενον.
3123 4882 3387 4957 Μέντοιγε
3450 4881 3508 4937 ἐκ
3565 4889 3674 4938 τῶν
3741 4884 3796 4940 ἐν

2134 4975 2252 5031 ταῖς
2287 4968 2453 5033 θείαις
2503 4975 2736 5046 Γραφαῖς
2789 4959 3115 5044 εἳρημένων,
3166 4972 3256 5025 καὶ
3301 4976 3418 5033 τοῖς
3465 4970 3646 5046 ἁγίοις
3697 4993 3794 5027 πει

2136 5057 2486 5133 πραγμένων,
2519 5060 2584 5113 τὰ
2613 5057 2801 5114 πολλὰ
2827 5063 2934 5114 τῶν
2967 5059 3082 5114 καθ’
3114 5059 3263 5131 ἡμᾶς
3313 5060 3693 5136 στοχαζόμεθα
3746 5063 3792 5117 εἱ

2211 5395 2322 5470 (73)
2354 5395 2449 5470 Sic
2482 5397 2870 5470 manuscripti
2901 5397 3161 5470 quidam.
3193 5397 3258 5455 In
3289 5396 3460 5455 editis
3511 5397 3660 5464 hac,
3712 5394 3790 5458 ὡς

2129 5464 2331 5542 ἀγαθὸς
2361 5467 2425 5521 τὸ
2457 5467 2729 5544 συμφέρον
2761 5464 2937 5540 ἧμῖνξ
2954 5471 3186 5527 desunt.

2201 5558 2316 5633 (74)
2348 5558 2434 5633 Ita
2465 5557 2683 5630 Regius
2711 5561 2765 5613 2.
2818 5557 2971 5614 Editi
3021 5575 3176 5631 vero,
3233 5556 3442 5633 ὀλίγοις
3484 5555 3597 5611 ἐστὶ
3662 5554 3786 5611 λίαν

2127 5624 2338 5702 ἀνδρῶν
2366 5632 2496 5685 τῶν.
