  <div class='ocr_page' id='page_1' title='image "/cluster/home/n/w/nwhite01/storage/ocr_20150623/28/hvd.32044052794351/346.png"; bbox 0 0 2036 3105; ppageno 0'>
   <div class='ocr_carea' id='block_1_1' title="bbox 139 170 1359 211">
    <p class='ocr_par' dir='ltr' id='par_1_1' title="bbox 139 170 1359 211">
     <span class='ocr_line' id='line_1_1' title="bbox 139 170 1359 211; baseline -0.001 -7"><span class='ocrx_word' id='word_1_1' title='bbox 139 172 185 204; x_wconf 73' lang='grc'>681</span> <span class='ocrx_word' id='word_1_2' title='bbox 603 173 861 211; x_wconf 64' lang='lat' dir='ltr'>OUESTIONES</span> <span class='ocrx_word' id='word_1_3' title='bbox 884 174 935 204; x_wconf 79' lang='lat' dir='ltr'>AD</span> <span class='ocrx_word' id='word_1_4' title='bbox 959 171 1187 204; x_wconf 78' lang='lat' dir='ltr'>ANTIOGHUM</span> <span class='ocrx_word' id='word_1_5' title='bbox 1213 170 1359 204; x_wconf 86' lang='lat' dir='ltr'>DUGEM.</span> 
     </span>
    </p>
   </div>
   <div class='ocr_carea' id='block_1_2' title="bbox 1773 174 1831 204">
    <p class='ocr_par' dir='ltr' id='par_1_2' title="bbox 1773 174 1831 204">
     <span class='ocr_line' id='line_1_2' title="bbox 1773 174 1831 204; baseline -0.017 0"><span class='ocrx_word' id='word_1_6' title='bbox 1773 174 1831 204; x_wconf 71' lang='lat'>682</span> 
     </span>
    </p>
   </div>
   <div class='ocr_carea' id='block_1_3' title="bbox 140 238 944 277">
    <p class='ocr_par' dir='ltr' id='par_1_3' title="bbox 140 238 939 277">
     <span class='ocr_line' id='line_1_3' title="bbox 140 238 939 277; baseline -0.001 -10"><span class='ocrx_word' id='word_1_7' title='bbox 140 239 182 267; x_wconf 77' lang='grc' dir='ltr'>εἷσὶ</span> <span class='ocrx_word' id='word_1_8' title='bbox 210 238 335 276; x_wconf 73' lang='grc' dir='ltr'>θεάρεστα</span> <span class='ocrx_word' id='word_1_9' title='bbox 347 240 414 276; x_wconf 87' lang='grc'>(75).</span> <span class='ocrx_word' id='word_1_10' title='bbox 432 239 483 268; x_wconf 86' lang='grc' dir='ltr'>Καὶ</span> <span class='ocrx_word' id='word_1_11' title='bbox 510 241 591 267; x_wconf 78' lang='grc' dir='ltr'>τοῦτο</span> <span class='ocrx_word' id='word_1_12' title='bbox 616 239 644 267; x_wconf 70' lang='grc' dir='ltr'>δέ</span> <span class='ocrx_word' id='word_1_13' title='bbox 671 251 740 271; x_wconf 82' lang='grc' dir='ltr'>τινες</span> <span class='ocrx_word' id='word_1_14' title='bbox 771 239 939 277; x_wconf 67' lang='grc' dir='ltr'>ἑπετήρησαν</span> 
     </span>
    </p>
   </div>
   <div class='ocr_carea' id='block_1_4' title="bbox 1006 238 1834 277">
    <p class='ocr_par' dir='ltr' id='par_1_4' title="bbox 1008 238 1834 276">
     <span class='ocr_line' id='line_1_4' title="bbox 1008 238 1834 276; baseline -0.001 -9"><span class='ocrx_word' id='word_1_15' title='bbox 1008 239 1068 267; x_wconf 87' lang='lat' dir='ltr'>sint</span> <span class='ocrx_word' id='word_1_16' title='bbox 1081 241 1210 276; x_wconf 86' lang='lat' dir='ltr'>accepta.</span> <span class='ocrx_word' id='word_1_17' title='bbox 1227 239 1256 267; x_wconf 88' lang='lat' dir='ltr'><strong>Id</strong></span> <span class='ocrx_word' id='word_1_18' title='bbox 1273 247 1339 267; x_wconf 85' lang='lat' dir='ltr'>vero</span> <span class='ocrx_word' id='word_1_19' title='bbox 1367 238 1498 267; x_wconf 83' lang='lat' dir='ltr'>nonnulli</span> <span class='ocrx_word' id='word_1_20' title='bbox 1524 239 1726 273; x_wconf 76' lang='lat' dir='ltr'>observarunt,</span> <span class='ocrx_word' id='word_1_21' title='bbox 1743 240 1777 267; x_wconf 83' lang='lat' dir='ltr'>ad</span> <span class='ocrx_word' id='word_1_22' title='bbox 1800 248 1834 267; x_wconf 81' lang='lat' dir='ltr'>ea</span> 
     </span>
    </p>
   </div>
   <div class='ocr_carea' id='block_1_5' title="bbox 139 283 954 321">
    <p class='ocr_par' dir='ltr' id='par_1_5' title="bbox 139 283 954 321">
     <span class='ocr_line' id='line_1_5' title="bbox 139 283 954 321; baseline -0.001 -9"><span class='ocrx_word' id='word_1_23' title='bbox 139 284 222 321; x_wconf 80' lang='grc' dir='ltr'>ὅτιπερ</span> <span class='ocrx_word' id='word_1_24' title='bbox 237 284 287 311; x_wconf 80' lang='grc' dir='ltr'>ὅσα</span> <span class='ocrx_word' id='word_1_25' title='bbox 301 283 367 312; x_wconf 68' lang='grc' dir='ltr'>εἰσὶν</span> <span class='ocrx_word' id='word_1_26' title='bbox 384 283 550 312; x_wconf 75' lang='grc' dir='ltr'>εύαπόὸικτα</span> <span class='ocrx_word' id='word_1_27' title='bbox 563 287 604 321; x_wconf 84' lang='grc' dir='ltr'>τῷ</span> <span class='ocrx_word' id='word_1_28' title='bbox 620 287 690 321; x_wconf 84' lang='grc' dir='ltr'>Θεῷ,</span> <span class='ocrx_word' id='word_1_29' title='bbox 704 284 735 312; x_wconf 80' lang='grc' dir='ltr'>ού</span> <span class='ocrx_word' id='word_1_30' title='bbox 752 285 834 321; x_wconf 88' lang='grc' dir='ltr'>μόνον</span> <span class='ocrx_word' id='word_1_31' title='bbox 852 285 866 311; x_wconf 81' lang='grc' dir='ltr'>ὁ</span> <span class='ocrx_word' id='word_1_32' title='bbox 879 284 954 319; x_wconf 83' lang='grc' dir='ltr'>Θεὸς,</span> 
     </span>
    </p>
   </div>
   <div class='ocr_carea' id='block_1_6' title="bbox 138 327 955 367">
    <p class='ocr_par' dir='ltr' id='par_1_6' title="bbox 138 327 955 367">
     <span class='ocr_line' id='line_1_6' title="bbox 138 327 955 367; baseline -0.001 -12"><span class='ocrx_word' id='word_1_33' title='bbox 138 327 201 356; x_wconf 73' lang='grc' dir='ltr'>ἀλλὰ</span> <span class='ocrx_word' id='word_1_34' title='bbox 216 328 259 355; x_wconf 79' lang='grc' dir='ltr'>κ.αὲ</span> <span class='ocrx_word' id='word_1_35' title='bbox 275 331 347 356; x_wconf 78' lang='grc' dir='ltr'>πᾶσα</span> <span class='ocrx_word' id='word_1_36' title='bbox 361 330 378 363; x_wconf 79' lang='grc' dir='ltr'><strong>ἡ</strong></span> <span class='ocrx_word' id='word_1_37' title='bbox 404 329 491 360; x_wconf 78' lang='grc' dir='ltr'>κτίσις</span> <span class='ocrx_word' id='word_1_38' title='bbox 517 332 648 367; x_wconf 78' lang='grc' dir='ltr'>συνεργεῖ,</span> <span class='ocrx_word' id='word_1_39' title='bbox 663 329 709 357; x_wconf 82' lang='grc' dir='ltr'>καὶ</span> <span class='ocrx_word' id='word_1_40' title='bbox 734 329 894 367; x_wconf 70' lang='grc' dir='ltr'>συνέρχεται</span> <span class='ocrx_word' id='word_1_41' title='bbox 918 327 955 359; x_wconf 73' lang='grc' dir='ltr'>εἷς</span> 
     </span>
    </p>
   </div>
   <div class='ocr_carea' id='block_1_7' title="bbox 138 371 956 412">
    <p class='ocr_par' dir='ltr' id='par_1_7' title="bbox 138 371 956 412">
     <span class='ocr_line' id='line_1_7' title="bbox 138 371 956 412; baseline -0.001 -12"><span class='ocrx_word' id='word_1_42' title='bbox 138 373 205 401; x_wconf 75' lang='grc' dir='ltr'>αὐτά·</span> <span class='ocrx_word' id='word_1_43' title='bbox 222 372 311 411; x_wconf 80' lang='grc' dir='ltr'>ὥσπερ</span> <span class='ocrx_word' id='word_1_44' title='bbox 340 374 379 405; x_wconf 86' lang='grc' dir='ltr'>εἷς</span> <span class='ocrx_word' id='word_1_45' title='bbox 408 374 442 401; x_wconf 80' lang='grc' dir='ltr'>τὰ</span> <span class='ocrx_word' id='word_1_46' title='bbox 468 376 509 410; x_wconf 83' lang='grc' dir='ltr'>τῷ</span> <span class='ocrx_word' id='word_1_47' title='bbox 538 377 596 410; x_wconf 85' lang='grc' dir='ltr'>Θεῷ</span> <span class='ocrx_word' id='word_1_48' title='bbox 622 374 810 412; x_wconf 71' lang='grc' dir='ltr'>ἀπαράσκοντα</span> <span class='ocrx_word' id='word_1_49' title='bbox 833 373 865 401; x_wconf 82' lang='grc' dir='ltr'>οὐ</span> <span class='ocrx_word' id='word_1_50' title='bbox 895 371 956 400; x_wconf 81' lang='grc' dir='ltr'>δου-</span> 
     </span>
    </p>
   </div>
   <div class='ocr_carea' id='block_1_8' title="bbox 140 417 955 452">
    <p class='ocr_par' dir='ltr' id='par_1_8' title="bbox 140 417 955 452">
     <span class='ocr_line' id='line_1_8' title="bbox 140 417 955 452; baseline 0 -8"><span class='ocrx_word' id='word_1_51' title='bbox 140 417 215 452; x_wconf 81' lang='grc' dir='ltr'>λεύει,</span> <span class='ocrx_word' id='word_1_52' title='bbox 230 417 302 445; x_wconf 78' lang='grc' dir='ltr'>ἀλλὰ</span> <span class='ocrx_word' id='word_1_53' title='bbox 323 418 518 447; x_wconf 82' lang='grc' dir='ltr'>ἀντιτάσσεται.</span> <span class='ocrx_word' id='word_1_54' title='bbox 533 421 618 446; x_wconf 78' lang='grc' dir='ltr'>Τοῦτο</span> <span class='ocrx_word' id='word_1_55' title='bbox 648 418 677 446; x_wconf 78' lang='grc' dir='ltr'>δὶ</span> <span class='ocrx_word' id='word_1_56' title='bbox 698 418 806 449; x_wconf 74' lang='grc' dir='ltr'>πάντως</span> <span class='ocrx_word' id='word_1_57' title='bbox 830 418 955 445; x_wconf 77' lang='grc' dir='ltr'>ἀπαιτεῖ-</span> 
     </span>
    </p>
   </div>
   <div class='ocr_carea' id='block_1_9' title="bbox 138 461 953 501">
    <p class='ocr_par' dir='ltr' id='par_1_9' title="bbox 138 461 953 501">
     <span class='ocr_line' id='line_1_9' title="bbox 138 461 953 501; baseline 0 -12"><span class='ocrx_word' id='word_1_58' title='bbox 138 473 172 490; x_wconf 72' lang='grc' dir='ltr'>ται</span> <span class='ocrx_word' id='word_1_59' title='bbox 187 463 200 489; x_wconf 86' lang='grc' dir='ltr'><strong>ὁ</strong></span> <span class='ocrx_word' id='word_1_60' title='bbox 226 461 380 500; x_wconf 72' lang='grc' dir='ltr'>ἄνθρωπος,</span> <span class='ocrx_word' id='word_1_61' title='bbox 396 461 442 491; x_wconf 71' lang='grc' dir='ltr'>ἵνα</span> <span class='ocrx_word' id='word_1_62' title='bbox 460 463 529 501; x_wconf 83' lang='grc' dir='ltr'>πρὸς</span> <span class='ocrx_word' id='word_1_63' title='bbox 557 465 624 492; x_wconf 79' lang='grc' dir='ltr'>Θεοῦ</span> <span class='ocrx_word' id='word_1_64' title='bbox 653 463 826 501; x_wconf 68' lang='grc' dir='ltr'>εὐαρέστησιν</span> <span class='ocrx_word' id='word_1_65' title='bbox 855 462 953 497; x_wconf 82' lang='grc' dir='ltr'>πάντα,</span> 
     </span>
    </p>
   </div>
   <div class='ocr_carea' id='block_1_10' title="bbox 137 505 528 544">
    <p class='ocr_par' dir='ltr' id='par_1_10' title="bbox 137 505 528 544">
     <span class='ocr_line' id='line_1_10' title="bbox 137 505 528 544; baseline 0.005 -10"><span class='ocrx_word' id='word_1_66' title='bbox 137 505 179 534; x_wconf 77' lang='grc' dir='ltr'>ὅσα</span> <span class='ocrx_word' id='word_1_67' title='bbox 191 507 315 544; x_wconf 73' lang='grc' dir='ltr'>πράττει,</span> <span class='ocrx_word' id='word_1_68' title='bbox 334 506 528 544; x_wconf 76' lang='grc' dir='ltr'>βουλεύσηται.</span> 
     </span>
    </p>
   </div>
   <div class='ocr_carea' id='block_1_11' title="bbox 168 550 953 590">
    <p class='ocr_par' dir='ltr' id='par_1_11' title="bbox 168 550 953 590">
     <span class='ocr_line' id='line_1_11' title="bbox 168 550 953 590; baseline 0 -12"><span class='ocrx_word' id='word_1_69' title='bbox 168 551 262 588; x_wconf 85' lang='grc' dir='ltr'>Ἐρώτ.</span> <span class='ocrx_word' id='word_1_70' title='bbox 291 551 362 589; x_wconf 88' lang='grc' dir='ltr'>ρλγ’.</span> <span class='ocrx_word' id='word_1_71' title='bbox 393 553 598 589; x_wconf 77' lang='grc' dir='ltr'>Προειρήκαμεν</span> <span class='ocrx_word' id='word_1_72' title='bbox 628 552 654 580; x_wconf 79' lang='grc' dir='ltr'>ἐν</span> <span class='ocrx_word' id='word_1_73' title='bbox 690 555 750 584; x_wconf 82' lang='grc' dir='ltr'>τοῖς</span> <span class='ocrx_word' id='word_1_74' title='bbox 789 550 953 590; x_wconf 74' lang='grc' dir='ltr'>ἔμπροσθεν,</span> 
     </span>
    </p>
   </div>
   <div class='ocr_carea' id='block_1_12' title="bbox 137 595 953 635">
    <p class='ocr_par' dir='ltr' id='par_1_12' title="bbox 137 595 953 635">
     <span class='ocr_line' id='line_1_12' title="bbox 137 595 953 635; baseline 0 -13"><span class='ocrx_word' id='word_1_75' title='bbox 137 595 220 633; x_wconf 72' lang='grc' dir='ltr'>ὅτιπερ</span> <span class='ocrx_word' id='word_1_76' title='bbox 236 595 275 626; x_wconf 87' lang='grc' dir='ltr'>εἰς</span> <span class='ocrx_word' id='word_1_77' title='bbox 291 596 305 623; x_wconf 81' lang='grc' dir='ltr'>ὃ</span> <span class='ocrx_word' id='word_1_78' title='bbox 322 595 563 635; x_wconf 80' lang='grc' dir='ltr'>καταληφθήσεται</span> <span class='ocrx_word' id='word_1_79' title='bbox 578 595 721 635; x_wconf 83' lang='grc' dir='ltr'>ἄνθρωπος</span> <span class='ocrx_word' id='word_1_80' title='bbox 737 596 763 624; x_wconf 63' lang='grc' dir='ltr'>ἐν</span> <span class='ocrx_word' id='word_1_81' title='bbox 785 598 824 632; x_wconf 81' lang='grc' dir='ltr'>τῷ</span> <span class='ocrx_word' id='word_1_82' title='bbox 849 595 953 632; x_wconf 79' lang='grc' dir='ltr'>θανάτῳ</span> 
     </span>
    </p>
   </div>
   <div class='ocr_carea' id='block_1_13' title="bbox 136 639 951 679">
    <p class='ocr_par' dir='ltr' id='par_1_13' title="bbox 136 639 951 679">
     <span class='ocr_line' id='line_1_13' title="bbox 136 639 951 679; baseline 0.001 -13"><span class='ocrx_word' id='word_1_83' title='bbox 136 639 216 674; x_wconf 65' lang='grc' dir='ltr'>αὐτοῦ,</span> <span class='ocrx_word' id='word_1_84' title='bbox 235 640 274 670; x_wconf 62' lang='grc' dir='ltr'>εἴς</span> <span class='ocrx_word' id='word_1_85' title='bbox 290 639 354 667; x_wconf 81' lang='grc' dir='ltr'>αὐτὸ</span> <span class='ocrx_word' id='word_1_86' title='bbox 369 640 415 667; x_wconf 83' lang='grc' dir='ltr'>καὶ</span> <span class='ocrx_word' id='word_1_87' title='bbox 431 640 590 678; x_wconf 74' lang='grc' dir='ltr'>ἀπέρχεται,</span> <span class='ocrx_word' id='word_1_88' title='bbox 608 641 661 669; x_wconf 58' lang='grc' dir='ltr'>εἴτε</span> <span class='ocrx_word' id='word_1_89' title='bbox 676 641 768 679; x_wconf 82' lang='grc' dir='ltr'>ἀγαθῷ</span> <span class='ocrx_word' id='word_1_90' title='bbox 786 639 839 668; x_wconf 75' lang='grc' dir='ltr'>εἴτε</span> <span class='ocrx_word' id='word_1_91' title='bbox 866 642 951 676; x_wconf 84' lang='grc' dir='ltr'>κακῷ,</span> 
     </span>
    </p>
   </div>
   <div class='ocr_carea' id='block_1_14' title="bbox 136 683 952 723">
    <p class='ocr_par' dir='ltr' id='par_1_14' title="bbox 136 683 952 723">
     <span class='ocr_line' id='line_1_14' title="bbox 136 683 952 723; baseline -0.001 -11"><span class='ocrx_word' id='word_1_92' title='bbox 136 684 179 712; x_wconf 66' lang='lat' dir='ltr'>Eia:</span> <span class='ocrx_word' id='word_1_93' title='bbox 194 683 238 711; x_wconf 75' lang='grc' dir='ltr'>οὖν</span> <span class='ocrx_word' id='word_1_94' title='bbox 271 695 313 715; x_wconf 87' lang='grc' dir='ltr'>τις</span> <span class='ocrx_word' id='word_1_95' title='bbox 341 684 386 712; x_wconf 69' lang='grc' dir='ltr'>καὶ</span> <span class='ocrx_word' id='word_1_96' title='bbox 416 685 524 723; x_wconf 85' lang='grc' dir='ltr'>πονηρά</span> <span class='ocrx_word' id='word_1_97' title='bbox 547 685 598 719; x_wconf 77' lang='grc' dir='ltr'>καὶ·</span> <span class='ocrx_word' id='word_1_98' title='bbox 613 685 699 723; x_wconf 79' lang='grc' dir='ltr'>ἀγαθὰ</span> <span class='ocrx_word' id='word_1_99' title='bbox 713 686 831 721; x_wconf 77' lang='grc' dir='ltr'>ποιήσας</span> <span class='ocrx_word' id='word_1_100' title='bbox 858 684 952 712; x_wconf 84' lang='grc' dir='ltr'>τελευ-</span> 
     </span>
    </p>
   </div>
   <div class='ocr_carea' id='block_1_15' title="bbox 135 729 688 767">
    <p class='ocr_par' dir='ltr' id='par_1_15' title="bbox 135 729 688 767">
     <span class='ocr_line' id='line_1_15' title="bbox 135 729 688 767; baseline 0.004 -12"><span class='ocrx_word' id='word_1_101' title='bbox 135 729 203 765; x_wconf 72' lang='grc' dir='ltr'>τήσῃ,</span> <span class='ocrx_word' id='word_1_102' title='bbox 217 729 245 756; x_wconf 85' lang='grc' dir='ltr'>τί</span> <span class='ocrx_word' id='word_1_103' title='bbox 263 729 319 766; x_wconf 87' lang='grc' dir='ltr'>χρή</span> <span class='ocrx_word' id='word_1_104' title='bbox 335 729 397 766; x_wconf 74' lang='grc' dir='ltr'>περὶ</span> <span class='ocrx_word' id='word_1_105' title='bbox 413 729 495 757; x_wconf 73' lang='grc' dir='ltr'>αὐτοῦ</span> <span class='ocrx_word' id='word_1_106' title='bbox 511 729 668 767; x_wconf 86' lang='grc' dir='ltr'>λογίζεσθαι</span> <span class='ocrx_word' id='word_1_107' title='bbox 681 740 688 765; x_wconf 84' lang='grc'>;</span> 
     </span>
    </p>
   </div>
   <div class='ocr_carea' id='block_1_16' title="bbox 165 771 953 812">
    <p class='ocr_par' dir='ltr' id='par_1_16' title="bbox 165 771 953 812">
     <span class='ocr_line' id='line_1_16' title="bbox 165 771 953 812; baseline -0.001 -11"><span class='ocrx_word' id='word_1_108' title='bbox 165 773 256 802; x_wconf 81' lang='grc' dir='ltr'>Ἀπόκ.</span> <span class='ocrx_word' id='word_1_109' title='bbox 276 773 359 810; x_wconf 81' lang='grc' dir='ltr'>Μόνῳ</span> <span class='ocrx_word' id='word_1_110' title='bbox 384 776 442 810; x_wconf 84' lang='grc' dir='ltr'>Θεῷ</span> <span class='ocrx_word' id='word_1_111' title='bbox 470 773 601 812; x_wconf 79' lang='grc' dir='ltr'>ἔγνωσται</span> <span class='ocrx_word' id='word_1_112' title='bbox 629 776 721 802; x_wconf 80' lang='grc' dir='ltr'>τοῦτο·</span> <span class='ocrx_word' id='word_1_113' title='bbox 737 774 795 802; x_wconf 77' lang='grc' dir='ltr'>ἐπεὶ</span> <span class='ocrx_word' id='word_1_114' title='bbox 820 771 881 801; x_wconf 67' lang='grc' dir='ltr'>οὕτε</span> <span class='ocrx_word' id='word_1_115' title='bbox 909 774 953 801; x_wconf 84' lang='grc' dir='ltr'>ἀν-</span> 
     </span>
    </p>
   </div>
   <div class='ocr_carea' id='block_1_17' title="bbox 134 816 952 857">
    <p class='ocr_par' dir='ltr' id='par_1_17' title="bbox 134 816 952 857">
     <span class='ocr_line' id='line_1_17' title="bbox 134 816 952 857; baseline 0.001 -13"><span class='ocrx_word' id='word_1_116' title='bbox 134 818 225 854; x_wconf 72' lang='grc' dir='ltr'>Θρώπῳ</span> <span class='ocrx_word' id='word_1_117' title='bbox 246 816 310 845; x_wconf 68' lang='grc' dir='ltr'>οὔτε</span> <span class='ocrx_word' id='word_1_118' title='bbox 325 818 443 856; x_wconf 66' lang='grc' dir='ltr'>ἀγγέλῳ.</span> <span class='ocrx_word' id='word_1_119' title='bbox 462 818 520 846; x_wconf 83' lang='grc' dir='ltr'>Εἰσὶ</span> <span class='ocrx_word' id='word_1_120' title='bbox 536 819 588 857; x_wconf 89' lang='grc' dir='ltr'>γάρ</span> <span class='ocrx_word' id='word_1_121' title='bbox 607 829 667 847; x_wconf 87' lang='grc' dir='ltr'>τινα</span> <span class='ocrx_word' id='word_1_122' title='bbox 689 819 759 847; x_wconf 82' lang='grc' dir='ltr'>κακὰ</span> <span class='ocrx_word' id='word_1_123' title='bbox 779 818 952 846; x_wconf 79' lang='grc' dir='ltr'>καλύπτοντα</span> 
     </span>
    </p>
   </div>
   <div class='ocr_carea' id='block_1_18' title="bbox 133 862 950 900">
    <p class='ocr_par' dir='ltr' id='par_1_18' title="bbox 133 862 950 900">
     <span class='ocr_line' id='line_1_18' title="bbox 133 862 950 900; baseline 0.001 -11"><span class='ocrx_word' id='word_1_124' title='bbox 133 862 206 900; x_wconf 76' lang='grc' dir='ltr'>μικρᾶ</span> <span class='ocrx_word' id='word_1_125' title='bbox 230 863 332 899; x_wconf 66' lang='grc' dir='ltr'>ἀγαθάν</span> <span class='ocrx_word' id='word_1_126' title='bbox 355 863 400 890; x_wconf 82' lang='grc' dir='ltr'>καί</span> <span class='ocrx_word' id='word_1_127' title='bbox 429 862 479 890; x_wconf 80' lang='grc' dir='ltr'>εἶσί</span> <span class='ocrx_word' id='word_1_128' title='bbox 506 874 567 891; x_wconf 83' lang='grc' dir='ltr'>τινα</span> <span class='ocrx_word' id='word_1_129' title='bbox 593 863 677 900; x_wconf 73' lang='grc' dir='ltr'>ἀγαθά</span> <span class='ocrx_word' id='word_1_130' title='bbox 705 863 878 891; x_wconf 80' lang='grc' dir='ltr'>καλύπτοντα</span> <span class='ocrx_word' id='word_1_131' title='bbox 905 862 950 890; x_wconf 84' lang='grc' dir='ltr'>καὶ</span> 
     </span>
    </p>
   </div>
   <div class='ocr_carea' id='block_1_19' title="bbox 133 906 950 946">
    <p class='ocr_par' dir='ltr' id='par_1_19' title="bbox 133 906 950 946">
     <span class='ocr_line' id='line_1_19' title="bbox 133 906 950 946; baseline 0 -12"><span class='ocrx_word' id='word_1_132' title='bbox 133 906 300 946; x_wconf 68' lang='grc' dir='ltr'>ἐξαλείφοντα</span> <span class='ocrx_word' id='word_1_133' title='bbox 328 907 434 944; x_wconf 83' lang='grc' dir='ltr'>μεγάλα</span> <span class='ocrx_word' id='word_1_134' title='bbox 461 908 579 946; x_wconf 83' lang='grc' dir='ltr'>πονηρά.</span> <span class='ocrx_word' id='word_1_135' title='bbox 603 908 642 935; x_wconf 83' lang='grc' dir='ltr'>Τὰ</span> <span class='ocrx_word' id='word_1_136' title='bbox 669 907 698 936; x_wconf 79' lang='grc' dir='ltr'>δὲ</span> <span class='ocrx_word' id='word_1_137' title='bbox 725 908 845 946; x_wconf 83' lang='grc' dir='ltr'>κρίματα</span> <span class='ocrx_word' id='word_1_138' title='bbox 866 909 950 934; x_wconf 75' lang='grc' dir='ltr'>ταῦτα</span> 
     </span>
    </p>
   </div>
   <div class='ocr_carea' id='block_1_20' title="bbox 134 948 426 987">
    <p class='ocr_par' dir='ltr' id='par_1_20' title="bbox 134 948 426 987">
     <span class='ocr_line' id='line_1_20' title="bbox 134 948 426 987; baseline 0 -9"><span class='ocrx_word' id='word_1_139' title='bbox 134 961 146 976; x_wconf 71' lang='grc' dir='ltr'>ι(</span> <span class='ocrx_word' id='word_1_140' title='bbox 159 948 274 982; x_wconf 73' lang='grc' dir='ltr'>ἄϐυσσος</span> <span class='ocrx_word' id='word_1_141' title='bbox 288 951 394 987; x_wconf 79' lang='grc' dir='ltr'>πολλή.</span> <span class='ocrx_word' id='word_1_142' title='bbox 411 964 426 978; x_wconf 80' lang='lat' dir='ltr'>n</span> 
     </span>
    </p>
   </div>
   <div class='ocr_carea' id='block_1_21' title="bbox 162 995 949 1036">
    <p class='ocr_par' dir='ltr' id='par_1_21' title="bbox 162 995 949 1036">
     <span class='ocr_line' id='line_1_21' title="bbox 162 995 949 1036; baseline 0.001 -14"><span class='ocrx_word' id='word_1_143' title='bbox 162 996 254 1033; x_wconf 84' lang='grc' dir='ltr'>Ἐρώτ.</span> <span class='ocrx_word' id='word_1_144' title='bbox 283 995 351 1034; x_wconf 68' lang='grc' dir='ltr'>ρλδῖ</span> <span class='ocrx_word' id='word_1_145' title='bbox 382 995 476 1032; x_wconf 79' lang='grc' dir='ltr'>Ἐδοξὲ</span> <span class='ocrx_word' id='word_1_146' title='bbox 497 1007 551 1024; x_wconf 82' lang='grc' dir='ltr'>τισι</span> <span class='ocrx_word' id='word_1_147' title='bbox 583 997 763 1036; x_wconf 80' lang='grc' dir='ltr'>ματαιόφροσι</span> <span class='ocrx_word' id='word_1_148' title='bbox 791 995 878 1035; x_wconf 64' lang='grc' dir='ltr'>λέγειν</span> <span class='ocrx_word' id='word_1_149' title='bbox 907 996 949 1024; x_wconf 74' lang='grc' dir='ltr'>ὅτι</span> 
     </span>
    </p>
   </div>
   <div class='ocr_carea' id='block_1_22' title="bbox 132 1039 948 1080">
    <p class='ocr_par' dir='ltr' id='par_1_22' title="bbox 132 1039 948 1080">
     <span class='ocr_line' id='line_1_22' title="bbox 132 1039 948 1080; baseline 0.001 -13"><span class='ocrx_word' id='word_1_150' title='bbox 132 1039 198 1067; x_wconf 64' lang='grc' dir='ltr'>οὐδὲν</span> <span class='ocrx_word' id='word_1_151' title='bbox 222 1039 346 1080; x_wconf 70' lang='grc' dir='ltr'>διαφέρει</span> <span class='ocrx_word' id='word_1_152' title='bbox 375 1043 426 1068; x_wconf 84' lang='lat'>106</span> <span class='ocrx_word' id='word_1_153' title='bbox 455 1043 571 1077; x_wconf 75' lang='grc' dir='ltr'>κτήνους</span> <span class='ocrx_word' id='word_1_154' title='bbox 595 1042 610 1069; x_wconf 85' lang='grc' dir='ltr'>ὁ</span> <span class='ocrx_word' id='word_1_155' title='bbox 634 1041 786 1079; x_wconf 76' lang='grc' dir='ltr'>ἅνθρωπος,</span> <span class='ocrx_word' id='word_1_156' title='bbox 802 1040 865 1069; x_wconf 81' lang='grc' dir='ltr'>ἀλλ’</span> <span class='ocrx_word' id='word_1_157' title='bbox 881 1041 918 1072; x_wconf 84' lang='grc' dir='ltr'>ὡς</span> <span class='ocrx_word' id='word_1_158' title='bbox 934 1041 948 1068; x_wconf 87' lang='grc' dir='ltr'><strong>ό</strong></span> 
     </span>
    </p>
   </div>
   <div class='ocr_carea' id='block_1_23' title="bbox 129 1085 949 1121">
    <p class='ocr_par' dir='ltr' id='par_1_23' title="bbox 129 1085 949 1121">
     <span class='ocr_line' id='line_1_23' title="bbox 129 1085 949 1121; baseline 0.001 -9"><span class='ocrx_word' id='word_1_159' title='bbox 129 1085 231 1116; x_wconf 72' lang='grc' dir='ltr'>θάνατος</span> <span class='ocrx_word' id='word_1_160' title='bbox 245 1088 298 1113; x_wconf 78' lang='grc' dir='ltr'>τοῦ</span> <span class='ocrx_word' id='word_1_161' title='bbox 312 1087 441 1121; x_wconf 61' lang='grc' dir='ltr'>κτήνους,</span> <span class='ocrx_word' id='word_1_162' title='bbox 458 1086 545 1117; x_wconf 76' lang='grc' dir='ltr'>οὕτως</span> <span class='ocrx_word' id='word_1_163' title='bbox 561 1086 616 1114; x_wconf 83' lang='grc' dir='ltr'>ἐστὶ</span> <span class='ocrx_word' id='word_1_164' title='bbox 642 1087 687 1114; x_wconf 81' lang='grc' dir='ltr'>καὶ</span> <span class='ocrx_word' id='word_1_165' title='bbox 716 1087 730 1114; x_wconf 78' lang='grc' dir='ltr'>ὁ</span> <span class='ocrx_word' id='word_1_166' title='bbox 760 1087 872 1118; x_wconf 75' lang='grc' dir='ltr'>θάνατος</span> <span class='ocrx_word' id='word_1_167' title='bbox 901 1087 949 1113; x_wconf 80' lang='grc' dir='ltr'>τοῦ</span> 
     </span>
    </p>
   </div>
   <div class='ocr_carea' id='block_1_24' title="bbox 130 1129 947 1169">
    <p class='ocr_par' dir='ltr' id='par_1_24' title="bbox 130 1129 947 1169">
     <span class='ocr_line' id='line_1_24' title="bbox 130 1129 947 1169; baseline 0.001 -13"><span class='ocrx_word' id='word_1_168' title='bbox 130 1129 268 1167; x_wconf 78' lang='grc' dir='ltr'>ἀνθρώπου</span> <span class='ocrx_word' id='word_1_169' title='bbox 286 1131 323 1166; x_wconf 82' lang='grc' dir='ltr'>μὴ</span> <span class='ocrx_word' id='word_1_170' title='bbox 339 1129 450 1168; x_wconf 76' lang='grc' dir='ltr'>ἔχοντός</span> <span class='ocrx_word' id='word_1_171' title='bbox 474 1141 534 1158; x_wconf 88' lang='grc' dir='ltr'>τινα</span> <span class='ocrx_word' id='word_1_172' title='bbox 562 1133 655 1169; x_wconf 83' lang='grc' dir='ltr'>ψυχῆς</span> <span class='ocrx_word' id='word_1_173' title='bbox 680 1130 772 1158; x_wconf 78' lang='grc' dir='ltr'>οὐσίαν</span> <span class='ocrx_word' id='word_1_174' title='bbox 802 1131 947 1159; x_wconf 74' lang='grc' dir='ltr'>ἀθάνατον.</span> 
     </span>
    </p>
   </div>
   <div class='ocr_carea' id='block_1_25' title="bbox 127 1174 947 1213">
    <p class='ocr_par' dir='ltr' id='par_1_25' title="bbox 127 1174 947 1213">
     <span class='ocr_line' id='line_1_25' title="bbox 127 1174 947 1213; baseline 0.001 -12"><span class='ocrx_word' id='word_1_175' title='bbox 127 1174 174 1201; x_wconf 69' lang='grc' dir='ltr'>Καὶ</span> <span class='ocrx_word' id='word_1_176' title='bbox 197 1175 260 1212; x_wconf 72' lang='grc' dir='ltr'>γὰρ,</span> <span class='ocrx_word' id='word_1_177' title='bbox 280 1175 371 1213; x_wconf 75' lang='grc' dir='ltr'>φησὶν,</span> <span class='ocrx_word' id='word_1_178' title='bbox 389 1175 403 1202; x_wconf 86' lang='grc' dir='ltr'><strong>ὁ</strong></span> <span class='ocrx_word' id='word_1_179' title='bbox 418 1174 561 1212; x_wconf 80' lang='grc' dir='ltr'>ἄνθρωπος</span> <span class='ocrx_word' id='word_1_180' title='bbox 589 1175 634 1202; x_wconf 77' lang='grc' dir='ltr'>καὶ</span> <span class='ocrx_word' id='word_1_181' title='bbox 663 1176 694 1203; x_wconf 83' lang='grc' dir='ltr'>τὸ</span> <span class='ocrx_word' id='word_1_182' title='bbox 717 1178 814 1210; x_wconf 79' lang='grc' dir='ltr'>κτῆνος</span> <span class='ocrx_word' id='word_1_183' title='bbox 844 1174 947 1210; x_wconf 84' lang='grc' dir='ltr'>ὁμοίως</span> 
     </span>
    </p>
   </div>
   <div class='ocr_carea' id='block_1_26' title="bbox 128 1218 947 1257">
    <p class='ocr_par' dir='ltr' id='par_1_26' title="bbox 128 1218 947 1257">
     <span class='ocr_line' id='line_1_26' title="bbox 128 1218 947 1257; baseline 0.002 -12"><span class='ocrx_word' id='word_1_184' title='bbox 128 1219 297 1255; x_wconf 72' lang='grc' dir='ltr'>θνήσκουσιν,</span> <span class='ocrx_word' id='word_1_185' title='bbox 315 1218 496 1257; x_wconf 74' lang='grc' dir='ltr'>ἐξερχομὲνου</span> <span class='ocrx_word' id='word_1_186' title='bbox 510 1219 556 1247; x_wconf 74' lang='grc' dir='ltr'>καὶ</span> <span class='ocrx_word' id='word_1_187' title='bbox 571 1219 735 1256; x_wconf 76' lang='grc' dir='ltr'>κενουμένου</span> <span class='ocrx_word' id='word_1_188' title='bbox 757 1221 806 1247; x_wconf 80' lang='grc' dir='ltr'>τοῦ</span> <span class='ocrx_word' id='word_1_189' title='bbox 831 1219 947 1255; x_wconf 72' lang='grc' dir='ltr'>αἳματος</span> 
     </span>
    </p>
   </div>
   <div class='ocr_carea' id='block_1_27' title="bbox 126 1262 216 1292">
    <p class='ocr_par' dir='ltr' id='par_1_27' title="bbox 126 1262 216 1292">
     <span class='ocr_line' id='line_1_27' title="bbox 126 1262 216 1292; baseline 0.033 -3"><span class='ocrx_word' id='word_1_190' title='bbox 126 1262 204 1291; x_wconf 80' lang='grc' dir='ltr'>αὐτῶν</span> <span class='ocrx_word' id='word_1_191' title='bbox 209 1285 216 1292; x_wconf 87' lang='grc'><strong><em>.</em></strong></span> 
     </span>
    </p>
   </div>
   <div class='ocr_carea' id='block_1_28' title="bbox 157 1307 948 1348">
    <p class='ocr_par' dir='ltr' id='par_1_28' title="bbox 157 1307 948 1348">
     <span class='ocr_line' id='line_1_28' title="bbox 157 1307 948 1348; baseline 0.001 -13"><span class='ocrx_word' id='word_1_192' title='bbox 157 1308 250 1336; x_wconf 80' lang='grc' dir='ltr'>Ἀπόκ.</span> <span class='ocrx_word' id='word_1_193' title='bbox 268 1309 326 1336; x_wconf 86' lang='grc' dir='ltr'>Τοῦ</span> <span class='ocrx_word' id='word_1_194' title='bbox 353 1307 469 1345; x_wconf 74' lang='grc' dir='ltr'>αἵματος</span> <span class='ocrx_word' id='word_1_195' title='bbox 494 1310 511 1343; x_wconf 86' lang='grc' dir='ltr'><strong>ἡ</strong></span> <span class='ocrx_word' id='word_1_196' title='bbox 529 1309 607 1348; x_wconf 76' lang='grc' dir='ltr'>φύσις</span> <span class='ocrx_word' id='word_1_197' title='bbox 636 1310 710 1347; x_wconf 80' lang='grc' dir='ltr'>παρά</span> <span class='ocrx_word' id='word_1_198' title='bbox 740 1309 786 1346; x_wconf 74' lang='grc' dir='ltr'>μὶν</span> <span class='ocrx_word' id='word_1_199' title='bbox 809 1311 867 1340; x_wconf 86' lang='grc' dir='ltr'>τοῖς</span> <span class='ocrx_word' id='word_1_200' title='bbox 884 1308 948 1337; x_wconf 85' lang='grc' dir='ltr'>ἁλό-</span> 
     </span>
    </p>
   </div>
   <div class='ocr_carea' id='block_1_29' title="bbox 125 1353 945 1392">
    <p class='ocr_par' dir='ltr' id='par_1_29' title="bbox 125 1353 945 1392">
     <span class='ocr_line' id='line_1_29' title="bbox 125 1353 945 1392; baseline 0.001 -11"><span class='ocrx_word' id='word_1_201' title='bbox 125 1364 178 1390; x_wconf 77' lang='grc' dir='ltr'>γοις</span> <span class='ocrx_word' id='word_1_202' title='bbox 195 1354 276 1382; x_wconf 68' lang='grc' dir='ltr'>οὐσία</span> <span class='ocrx_word' id='word_1_203' title='bbox 296 1354 338 1385; x_wconf 82' lang='grc' dir='ltr'>τίς</span> <span class='ocrx_word' id='word_1_204' title='bbox 359 1353 413 1381; x_wconf 68' lang='grc' dir='ltr'>ἐστι</span> <span class='ocrx_word' id='word_1_205' title='bbox 440 1355 553 1389; x_wconf 74' lang='grc' dir='ltr'>ζωτική,</span> <span class='ocrx_word' id='word_1_206' title='bbox 569 1355 614 1382; x_wconf 83' lang='grc' dir='ltr'>καὶ</span> <span class='ocrx_word' id='word_1_207' title='bbox 636 1357 690 1382; x_wconf 82' lang='grc' dir='ltr'>τῶν</span> <span class='ocrx_word' id='word_1_208' title='bbox 717 1353 822 1382; x_wconf 79' lang='grc' dir='ltr'>λοιπῶν</span> <span class='ocrx_word' id='word_1_209' title='bbox 847 1357 945 1392; x_wconf 78' lang='grc' dir='ltr'>τριτῶν</span> 
     </span>
    </p>
   </div>
   <div class='ocr_carea' id='block_1_30' title="bbox 123 1399 945 1437">
    <p class='ocr_par' dir='ltr' id='par_1_30' title="bbox 123 1399 945 1437">
     <span class='ocr_line' id='line_1_30' title="bbox 123 1399 945 1437; baseline 0.002 -12"><span class='ocrx_word' id='word_1_210' title='bbox 123 1399 259 1436; x_wconf 76' lang='grc' dir='ltr'>στοιχείων</span> <span class='ocrx_word' id='word_1_211' title='bbox 294 1400 438 1434; x_wconf 72' lang='grc' dir='ltr'>συστατική</span> <span class='ocrx_word' id='word_1_212' title='bbox 453 1409 459 1415; x_wconf 89' lang='grc'><strong>·</strong></span> <span class='ocrx_word' id='word_1_213' title='bbox 490 1399 595 1430; x_wconf 82' lang='grc' dir='ltr'>οὗτινος</span> <span class='ocrx_word' id='word_1_214' title='bbox 618 1400 649 1427; x_wconf 85' lang='grc' dir='ltr'>τὸ</span> <span class='ocrx_word' id='word_1_215' title='bbox 674 1402 743 1434; x_wconf 83' lang='grc' dir='ltr'>ζῶον</span> <span class='ocrx_word' id='word_1_216' title='bbox 767 1399 945 1437; x_wconf 80' lang='grc' dir='ltr'>στερούμενον</span> 
     </span>
    </p>
   </div>
   <div class='ocr_carea' id='block_1_31' title="bbox 123 1442 946 1482">
    <p class='ocr_par' dir='ltr' id='par_1_31' title="bbox 123 1442 946 1482">
     <span class='ocr_line' id='line_1_31' title="bbox 123 1442 946 1482; baseline 0.002 -13"><span class='ocrx_word' id='word_1_217' title='bbox 123 1443 236 1478; x_wconf 73' lang='grc' dir='ltr'>θνήσκει,</span> <span class='ocrx_word' id='word_1_218' title='bbox 254 1442 344 1480; x_wconf 73' lang='grc' dir='ltr'>μηδὲν</span> <span class='ocrx_word' id='word_1_219' title='bbox 362 1443 458 1471; x_wconf 84' lang='grc' dir='ltr'>λοιπὸν</span> <span class='ocrx_word' id='word_1_220' title='bbox 475 1442 505 1471; x_wconf 73' lang='grc' dir='ltr'>ιχ</span> <span class='ocrx_word' id='word_1_221' title='bbox 518 1443 572 1471; x_wconf 82' lang='grc' dir='ltr'>τῶν</span> <span class='ocrx_word' id='word_1_222' title='bbox 596 1446 679 1481; x_wconf 83' lang='grc' dir='ltr'>τριῶν</span> <span class='ocrx_word' id='word_1_223' title='bbox 706 1444 849 1481; x_wconf 73' lang='grc' dir='ltr'>στοιχείων</span> <span class='ocrx_word' id='word_1_224' title='bbox 875 1444 946 1482; x_wconf 79' lang='grc' dir='ltr'>ὠφε-</span> 
     </span>
    </p>
   </div>
   <div class='ocr_carea' id='block_1_32' title="bbox 122 1485 944 1526">
    <p class='ocr_par' dir='ltr' id='par_1_32' title="bbox 122 1485 944 1526">
     <span class='ocr_line' id='line_1_32' title="bbox 122 1485 944 1526; baseline 0.001 -12"><span class='ocrx_word' id='word_1_225' title='bbox 122 1485 262 1523; x_wconf 76' lang='grc' dir='ltr'>λούμενον,</span> <span class='ocrx_word' id='word_1_226' title='bbox 283 1488 357 1525; x_wconf 75' lang='grc' dir='ltr'>παρὰ</span> <span class='ocrx_word' id='word_1_227' title='bbox 372 1486 400 1514; x_wconf 69' lang='grc' dir='ltr'>δὲ</span> <span class='ocrx_word' id='word_1_228' title='bbox 422 1489 457 1524; x_wconf 82' lang='grc' dir='ltr'>τῇ</span> <span class='ocrx_word' id='word_1_229' title='bbox 481 1488 540 1515; x_wconf 82' lang='grc' dir='ltr'>καθ’</span> <span class='ocrx_word' id='word_1_230' title='bbox 559 1488 633 1524; x_wconf 79' lang='grc' dir='ltr'>ἡμᾶς</span> <span class='ocrx_word' id='word_1_231' title='bbox 658 1488 734 1526; x_wconf 78' lang='grc' dir='ltr'>φύσει</span> <span class='ocrx_word' id='word_1_232' title='bbox 755 1490 789 1523; x_wconf 80' lang='grc' dir='ltr'>τῇ</span> <span class='ocrx_word' id='word_1_233' title='bbox 813 1487 911 1525; x_wconf 81' lang='grc' dir='ltr'>λογικῇ</span> <span class='ocrx_word' id='word_1_234' title='bbox 927 1489 944 1523; x_wconf 84' lang='grc' dir='ltr'>ἡ</span> 
     </span>
    </p>
   </div>
   <div class='ocr_carea' id='block_1_33' title="bbox 121 1531 945 1570">
    <p class='ocr_par' dir='ltr' id='par_1_33' title="bbox 121 1531 945 1570">
     <span class='ocr_line' id='line_1_33' title="bbox 121 1531 945 1570; baseline 0.002 -12"><span class='ocrx_word' id='word_1_235' title='bbox 121 1533 165 1558; x_wconf 72' lang='grc' dir='ltr'>τοῦ</span> <span class='ocrx_word' id='word_1_236' title='bbox 179 1531 297 1569; x_wconf 70' lang='grc' dir='ltr'>αἳματος</span> <span class='ocrx_word' id='word_1_237' title='bbox 314 1532 393 1569; x_wconf 72' lang='grc' dir='ltr'>φύσις</span> <span class='ocrx_word' id='word_1_238' title='bbox 407 1531 555 1568; x_wconf 75' lang='grc' dir='ltr'>σύνδεσμός</span> <span class='ocrx_word' id='word_1_239' title='bbox 571 1532 625 1560; x_wconf 83' lang='grc' dir='ltr'>ἐστι</span> <span class='ocrx_word' id='word_1_240' title='bbox 646 1536 695 1567; x_wconf 82' lang='grc' dir='ltr'>τῆς</span> <span class='ocrx_word' id='word_1_241' title='bbox 719 1534 811 1570; x_wconf 71' lang='grc' dir='ltr'>ψυχῆς</span> <span class='ocrx_word' id='word_1_242' title='bbox 829 1532 874 1560; x_wconf 80' lang='grc' dir='ltr'>καὶ</span> <span class='ocrx_word' id='word_1_243' title='bbox 895 1533 945 1560; x_wconf 87' lang='lat'>106</span> 
     </span>
    </p>
   </div>
   <div class='ocr_carea' id='block_1_34' title="bbox 120 1575 940 1615">
    <p class='ocr_par' dir='ltr' id='par_1_34' title="bbox 120 1575 940 1615">
     <span class='ocr_line' id='line_1_34' title="bbox 120 1575 940 1615; baseline 0.002 -13"><span class='ocrx_word' id='word_1_244' title='bbox 120 1576 253 1612; x_wconf 80' lang='grc' dir='ltr'>σώμπος,</span> <span class='ocrx_word' id='word_1_245' title='bbox 283 1576 331 1604; x_wconf 78' lang='grc' dir='ltr'>καὶ</span> <span class='ocrx_word' id='word_1_246' title='bbox 360 1576 561 1615; x_wconf 78' lang='grc' dir='ltr'>ἀφαιρουμένου</span> <span class='ocrx_word' id='word_1_247' title='bbox 588 1579 636 1604; x_wconf 82' lang='grc' dir='ltr'>τοῦ</span> <span class='ocrx_word' id='word_1_248' title='bbox 665 1575 825 1613; x_wconf 81' lang='grc' dir='ltr'>συνδέσμου,</span> <span class='ocrx_word' id='word_1_249' title='bbox 841 1577 940 1615; x_wconf 73' lang='grc' dir='ltr'>ἀνάγκη</span> 
     </span>
    </p>
   </div>
   <div class='ocr_carea' id='block_1_35' title="bbox 120 1619 682 1658">
    <p class='ocr_par' dir='ltr' id='par_1_35' title="bbox 120 1619 682 1658">
     <span class='ocr_line' id='line_1_35' title="bbox 120 1619 682 1658; baseline 0.004 -12"><span class='ocrx_word' id='word_1_250' title='bbox 120 1623 184 1647; x_wconf 71' lang='grc' dir='ltr'>πᾶσα</span> <span class='ocrx_word' id='word_1_251' title='bbox 196 1621 241 1648; x_wconf 71' lang='grc' dir='ltr'>καὶ</span> <span class='ocrx_word' id='word_1_252' title='bbox 258 1621 294 1648; x_wconf 71' lang='grc' dir='ltr'>τὰ</span> <span class='ocrx_word' id='word_1_253' title='bbox 311 1619 491 1657; x_wconf 67' lang='grc' dir='ltr'>συνδεδεμένα</span> <span class='ocrx_word' id='word_1_254' title='bbox 505 1620 682 1658; x_wconf 81' lang='grc' dir='ltr'>χωρίζεσθαι,</span> 
     </span>
    </p>
   </div>
   <div class='ocr_carea' id='block_1_36' title="bbox 149 1664 939 1704">
    <p class='ocr_par' dir='ltr' id='par_1_36' title="bbox 149 1664 939 1704">
     <span class='ocr_line' id='line_1_36' title="bbox 149 1664 939 1704; baseline 0 -11"><span class='ocrx_word' id='word_1_255' title='bbox 149 1665 244 1703; x_wconf 84' lang='grc' dir='ltr'>Ἐρώτ.</span> <span class='ocrx_word' id='word_1_256' title='bbox 277 1664 346 1704; x_wconf 71' lang='grc' dir='ltr'>ρλέ.</span> <span class='ocrx_word' id='word_1_257' title='bbox 378 1664 496 1696; x_wconf 79' lang='grc' dir='ltr'>Καλῶς·</span> <span class='ocrx_word' id='word_1_258' title='bbox 527 1666 625 1704; x_wconf 76' lang='grc' dir='ltr'>φυσική</span> <span class='ocrx_word' id='word_1_259' title='bbox 663 1666 713 1704; x_wconf 79' lang='grc' dir='ltr'>γὰρ</span> <span class='ocrx_word' id='word_1_260' title='bbox 743 1666 760 1700; x_wconf 83' lang='grc' dir='ltr'>ἠ</span> <span class='ocrx_word' id='word_1_261' title='bbox 792 1665 939 1701; x_wconf 78' lang='grc' dir='ltr'>ἀπόδειξις.</span> 
     </span>
    </p>
   </div>
   <div class='ocr_carea' id='block_1_37' title="bbox 117 1708 941 1747">
    <p class='ocr_par' dir='ltr' id='par_1_37' title="bbox 117 1708 941 1747">
     <span class='ocr_line' id='line_1_37' title="bbox 117 1708 941 1747; baseline 0.002 -11"><span class='ocrx_word' id='word_1_262' title='bbox 117 1709 207 1745; x_wconf 83' lang='grc' dir='ltr'>Ὅμως</span> <span class='ocrx_word' id='word_1_263' title='bbox 227 1708 328 1744; x_wconf 79' lang='grc' dir='ltr'>ἐπειδὴ</span> <span class='ocrx_word' id='word_1_264' title='bbox 354 1711 410 1744; x_wconf 82' lang='grc' dir='ltr'>ζῶα</span> <span class='ocrx_word' id='word_1_265' title='bbox 435 1710 480 1736; x_wconf 85' lang='grc' dir='ltr'>καὶ</span> <span class='ocrx_word' id='word_1_266' title='bbox 504 1708 639 1747; x_wconf 84' lang='grc' dir='ltr'>ἄνθρωποι</span> <span class='ocrx_word' id='word_1_267' title='bbox 663 1709 820 1745; x_wconf 65' lang='grc' dir='ltr'>τελευτῶσι,</span> <span class='ocrx_word' id='word_1_268' title='bbox 837 1710 941 1738; x_wconf 85' lang='grc' dir='ltr'>πολλά-</span> 
     </span>
    </p>
   </div>
   <div class='ocr_carea' id='block_1_38' title="bbox 115 1751 938 1792">
    <p class='ocr_par' dir='ltr' id='par_1_38' title="bbox 115 1751 938 1792">
     <span class='ocr_line' id='line_1_38' title="bbox 115 1751 938 1792; baseline 0.001 -12"><span class='ocrx_word' id='word_1_269' title='bbox 115 1762 153 1783; x_wconf 81' lang='grc' dir='ltr'>κις</span> <span class='ocrx_word' id='word_1_270' title='bbox 167 1754 210 1781; x_wconf 74' lang='grc' dir='ltr'>καὶ</span> <span class='ocrx_word' id='word_1_271' title='bbox 227 1754 292 1781; x_wconf 80' lang='grc' dir='ltr'>ἄνευ</span> <span class='ocrx_word' id='word_1_272' title='bbox 308 1753 449 1784; x_wconf 81' lang='grc' dir='ltr'>κενώσεως</span> <span class='ocrx_word' id='word_1_273' title='bbox 463 1751 588 1790; x_wconf 70' lang='grc' dir='ltr'>αἵματος,</span> <span class='ocrx_word' id='word_1_274' title='bbox 604 1753 629 1780; x_wconf 86' lang='grc' dir='ltr'>τί</span> <span class='ocrx_word' id='word_1_275' title='bbox 645 1753 700 1781; x_wconf 77' lang='grc' dir='ltr'>ἐστι</span> <span class='ocrx_word' id='word_1_276' title='bbox 719 1754 750 1781; x_wconf 88' lang='grc' dir='ltr'>τό</span> <span class='ocrx_word' id='word_1_277' title='bbox 772 1755 835 1792; x_wconf 86' lang='grc' dir='ltr'>παρ’</span> <span class='ocrx_word' id='word_1_278' title='bbox 851 1754 938 1782; x_wconf 82' lang='grc' dir='ltr'>αὐτῶν</span> 
     </span>
    </p>
   </div>
   <div class='ocr_carea' id='block_1_39' title="bbox 116 1796 672 1835">
    <p class='ocr_par' dir='ltr' id='par_1_39' title="bbox 116 1796 672 1835">
     <span class='ocr_line' id='line_1_39' title="bbox 116 1796 672 1835; baseline 0.002 -11"><span class='ocrx_word' id='word_1_279' title='bbox 116 1796 291 1835; x_wconf 75' lang='grc' dir='ltr'>ὲξερχόμενον</span> <span class='ocrx_word' id='word_1_280' title='bbox 307 1799 354 1825; x_wconf 79' lang='grc' dir='ltr'>καὶ</span> <span class='ocrx_word' id='word_1_281' title='bbox 370 1800 465 1825; x_wconf 81' lang='grc' dir='ltr'>ποιοῦν</span> <span class='ocrx_word' id='word_1_282' title='bbox 480 1798 526 1825; x_wconf 81' lang='grc' dir='ltr'>τὸν</span> <span class='ocrx_word' id='word_1_283' title='bbox 543 1800 652 1829; x_wconf 73' lang='grc' dir='ltr'>θάνατον</span> <span class='ocrx_word' id='word_1_284' title='bbox 666 1808 672 1832; x_wconf 88' lang='lat'><strong>;</strong></span> 
     </span>
    </p>
   </div>
   <div class='ocr_carea' id='block_1_40' title="bbox 147 1841 938 1880">
    <p class='ocr_par' dir='ltr' id='par_1_40' title="bbox 147 1841 938 1880">
     <span class='ocr_line' id='line_1_40' title="bbox 147 1841 938 1880; baseline 0 -10"><span class='ocrx_word' id='word_1_285' title='bbox 147 1842 241 1870; x_wconf 82' lang='grc' dir='ltr'>’Δπόκ.</span> <span class='ocrx_word' id='word_1_286' title='bbox 260 1843 342 1880; x_wconf 71' lang='grc' dir='ltr'>Παρὰ</span> <span class='ocrx_word' id='word_1_287' title='bbox 359 1843 406 1879; x_wconf 74' lang='grc' dir='ltr'>μὲν</span> <span class='ocrx_word' id='word_1_288' title='bbox 437 1844 495 1873; x_wconf 84' lang='grc' dir='ltr'>τοῖς</span> <span class='ocrx_word' id='word_1_289' title='bbox 521 1841 631 1880; x_wconf 73' lang='grc' dir='ltr'>ἀλόγοις</span> <span class='ocrx_word' id='word_1_290' title='bbox 651 1843 668 1877; x_wconf 83' lang='grc' dir='ltr'>ἠ</span> <span class='ocrx_word' id='word_1_291' title='bbox 692 1843 804 1877; x_wconf 81' lang='grc' dir='ltr'>ζωτική,</span> <span class='ocrx_word' id='word_1_292' title='bbox 820 1843 864 1870; x_wconf 85' lang='grc' dir='ltr'>καὶ</span> <span class='ocrx_word' id='word_1_293' title='bbox 879 1844 938 1880; x_wconf 83' lang='grc' dir='ltr'>θρε-</span> 
     </span>
    </p>
   </div>
   <div class='ocr_carea' id='block_1_41' title="bbox 115 1886 939 1924">
    <p class='ocr_par' dir='ltr' id='par_1_41' title="bbox 115 1886 939 1924">
     <span class='ocr_line' id='line_1_41' title="bbox 115 1886 939 1924; baseline 0.002 -11"><span class='ocrx_word' id='word_1_294' title='bbox 115 1887 203 1921; x_wconf 75' lang='grc' dir='ltr'>πτική,</span> <span class='ocrx_word' id='word_1_295' title='bbox 219 1887 266 1914; x_wconf 83' lang='grc' dir='ltr'>καὶ</span> <span class='ocrx_word' id='word_1_296' title='bbox 300 1888 477 1923; x_wconf 82' lang='grc' dir='ltr'>θερμαντική,</span> <span class='ocrx_word' id='word_1_297' title='bbox 502 1886 546 1913; x_wconf 84' lang='grc' dir='ltr'>καὶ</span> <span class='ocrx_word' id='word_1_298' title='bbox 574 1887 712 1922; x_wconf 81' lang='grc' dir='ltr'>κινητική,</span> <span class='ocrx_word' id='word_1_299' title='bbox 737 1887 781 1915; x_wconf 81' lang='grc' dir='ltr'>καὶ</span> <span class='ocrx_word' id='word_1_300' title='bbox 809 1886 939 1924; x_wconf 79' lang='grc' dir='ltr'>αὐξητικὴ</span> 
     </span>
    </p>
   </div>
   <div class='ocr_carea' id='block_1_42' title="bbox 114 1929 940 1969">
    <p class='ocr_par' dir='ltr' id='par_1_42' title="bbox 114 1929 940 1969">
     <span class='ocr_line' id='line_1_42' title="bbox 114 1929 940 1969; baseline 0.002 -12"><span class='ocrx_word' id='word_1_301' title='bbox 114 1932 158 1957; x_wconf 76' lang='grc' dir='ltr'>τοῦ</span> <span class='ocrx_word' id='word_1_302' title='bbox 172 1929 304 1967; x_wconf 69' lang='grc' dir='ltr'>αἳματος,</span> <span class='ocrx_word' id='word_1_303' title='bbox 323 1931 341 1965; x_wconf 83' lang='grc' dir='ltr'><strong>ἠ</strong></span> <span class='ocrx_word' id='word_1_304' title='bbox 357 1930 387 1958; x_wconf 78' lang='grc' dir='ltr'>ἐκ</span> <span class='ocrx_word' id='word_1_305' title='bbox 408 1931 493 1968; x_wconf 80' lang='grc' dir='ltr'>πυρὸς</span> <span class='ocrx_word' id='word_1_306' title='bbox 518 1930 633 1968; x_wconf 78' lang='grc' dir='ltr'>ὑπάρχει</span> <span class='ocrx_word' id='word_1_307' title='bbox 658 1931 788 1969; x_wconf 79' lang='grc' dir='ltr'>ἐνεργεια,</span> <span class='ocrx_word' id='word_1_308' title='bbox 805 1932 821 1966; x_wconf 83' lang='grc' dir='ltr'><strong>ἠ</strong></span> <span class='ocrx_word' id='word_1_309' title='bbox 837 1931 880 1959; x_wconf 61' lang='grc' dir='ltr'>κοιι</span> <span class='ocrx_word' id='word_1_310' title='bbox 910 1932 940 1959; x_wconf 82' lang='grc' dir='ltr'>τὸ</span> 
     </span>
    </p>
   </div>
   <div class='ocr_carea' id='block_1_43' title="bbox 110 1973 940 2013">
    <p class='ocr_par' dir='ltr' id='par_1_43' title="bbox 110 1973 940 2013">
     <span class='ocr_line' id='line_1_43' title="bbox 110 1973 940 2013; baseline 0.002 -12"><span class='ocrx_word' id='word_1_311' title='bbox 110 1975 230 2003; x_wconf 57' lang='grc' dir='ltr'>ὣθαιπνεῖν</span> <span class='ocrx_word' id='word_1_312' title='bbox 249 1975 351 2006; x_wconf 80' lang='grc' dir='ltr'>αὐτοῖς</span> <span class='ocrx_word' id='word_1_313' title='bbox 367 1975 536 2012; x_wconf 76' lang='grc' dir='ltr'>παρέχουσα.</span> <span class='ocrx_word' id='word_1_314' title='bbox 553 1976 653 2012; x_wconf 73' lang='grc' dir='ltr'>Ὠσπερ</span> <span class='ocrx_word' id='word_1_315' title='bbox 678 1976 730 2013; x_wconf 80' lang='grc' dir='ltr'>γὰρ</span> <span class='ocrx_word' id='word_1_316' title='bbox 747 1976 760 2003; x_wconf 83' lang='grc' dir='ltr'>ὁ</span> <span class='ocrx_word' id='word_1_317' title='bbox 777 1973 861 2011; x_wconf 72' lang='grc' dir='ltr'>λέϐης</span> <span class='ocrx_word' id='word_1_318' title='bbox 889 1976 940 2004; x_wconf 86' lang='grc' dir='ltr'>ὑπὸ</span> 
     </span>
    </p>
   </div>
   <div class='ocr_carea' id='block_1_44' title="bbox 109 2018 937 2058">
    <p class='ocr_par' dir='ltr' id='par_1_44' title="bbox 109 2018 937 2058">
     <span class='ocr_line' id='line_1_44' title="bbox 109 2018 937 2058; baseline 0.002 -12"><span class='ocrx_word' id='word_1_319' title='bbox 109 2019 188 2054; x_wconf 70' lang='grc' dir='ltr'>πυρός</span> <span class='ocrx_word' id='word_1_320' title='bbox 203 2020 361 2057; x_wconf 69' lang='grc' dir='ltr'>καιόμενος</span> <span class='ocrx_word' id='word_1_321' title='bbox 376 2019 409 2046; x_wconf 80' lang='grc' dir='ltr'>τὸ</span> <span class='ocrx_word' id='word_1_322' title='bbox 424 2018 450 2046; x_wconf 83' lang='grc' dir='ltr'>ἐν</span> <span class='ocrx_word' id='word_1_323' title='bbox 466 2019 540 2056; x_wconf 74' lang='grc' dir='ltr'>αύτῷ</span> <span class='ocrx_word' id='word_1_324' title='bbox 564 2018 638 2058; x_wconf 77' lang='grc' dir='ltr'>ὕδωρ</span> <span class='ocrx_word' id='word_1_325' title='bbox 666 2023 735 2048; x_wconf 85' lang='grc' dir='ltr'>κινεῖ</span> <span class='ocrx_word' id='word_1_326' title='bbox 762 2021 808 2048; x_wconf 83' lang='grc' dir='ltr'>καὶ</span> <span class='ocrx_word' id='word_1_327' title='bbox 836 2020 937 2058; x_wconf 80' lang='grc' dir='ltr'>βράζει·</span> 
     </span>
    </p>
   </div>
   <div class='ocr_carea' id='block_1_45' title="bbox 109 2063 939 2102">
    <p class='ocr_par' dir='ltr' id='par_1_45' title="bbox 109 2063 939 2102">
     <span class='ocr_line' id='line_1_45' title="bbox 109 2063 939 2102; baseline 0.004 -13"><span class='ocrx_word' id='word_1_328' title='bbox 109 2065 261 2100; x_wconf 66' lang='grc' dir='ltr'>παυομένου</span> <span class='ocrx_word' id='word_1_329' title='bbox 279 2063 311 2092; x_wconf 70' lang='grc' dir='ltr'>δὲ</span> <span class='ocrx_word' id='word_1_330' title='bbox 325 2066 376 2091; x_wconf 81' lang='grc' dir='ltr'>τοῦ</span> <span class='ocrx_word' id='word_1_331' title='bbox 389 2063 484 2101; x_wconf 76' lang='grc' dir='ltr'>πυρὸς,</span> <span class='ocrx_word' id='word_1_332' title='bbox 500 2064 593 2102; x_wconf 85' lang='grc' dir='ltr'>νεκρὸν</span> <span class='ocrx_word' id='word_1_333' title='bbox 610 2064 706 2092; x_wconf 87' lang='grc' dir='ltr'>λοιπὸν</span> <span class='ocrx_word' id='word_1_334' title='bbox 733 2064 776 2092; x_wconf 67' lang='grc' dir='ltr'>καὶ</span> <span class='ocrx_word' id='word_1_335' title='bbox 801 2065 939 2101; x_wconf 82' lang='grc' dir='ltr'>ἀκίνητον,</span> 
     </span>
    </p>
   </div>
   <div class='ocr_carea' id='block_1_46' title="bbox 108 2106 938 2146">
    <p class='ocr_par' dir='ltr' id='par_1_46' title="bbox 108 2106 938 2146">
     <span class='ocr_line' id='line_1_46' title="bbox 108 2106 938 2146; baseline 0.004 -13"><span class='ocrx_word' id='word_1_336' title='bbox 108 2108 148 2134; x_wconf 70' lang='grc' dir='ltr'>καὶ</span> <span class='ocrx_word' id='word_1_337' title='bbox 162 2109 272 2146; x_wconf 79' lang='grc' dir='ltr'>ψυχρὸν</span> <span class='ocrx_word' id='word_1_338' title='bbox 289 2109 325 2136; x_wconf 83' lang='grc' dir='ltr'>τὸ</span> <span class='ocrx_word' id='word_1_339' title='bbox 342 2106 416 2146; x_wconf 79' lang='grc' dir='ltr'>ὕδωρ</span> <span class='ocrx_word' id='word_1_340' title='bbox 440 2108 551 2146; x_wconf 77' lang='grc' dir='ltr'>γίνεται’</span> <span class='ocrx_word' id='word_1_341' title='bbox 568 2108 639 2136; x_wconf 75' lang='grc' dir='ltr'>οὕτω</span> <span class='ocrx_word' id='word_1_342' title='bbox 663 2108 707 2137; x_wconf 87' lang='grc' dir='ltr'>καὶ</span> <span class='ocrx_word' id='word_1_343' title='bbox 737 2108 781 2137; x_wconf 76' lang='grc' dir='ltr'>ἐπὶ</span> <span class='ocrx_word' id='word_1_344' title='bbox 808 2110 858 2144; x_wconf 77' lang='grc' dir='ltr'>τῆς</span> <span class='ocrx_word' id='word_1_345' title='bbox 885 2111 938 2137; x_wconf 79' lang='grc' dir='ltr'>τῶν</span> 
     </span>
    </p>
   </div>
   <div class='ocr_carea' id='block_1_47' title="bbox 107 2151 940 2192">
    <p class='ocr_par' dir='ltr' id='par_1_47' title="bbox 107 2151 940 2192">
     <span class='ocr_line' id='line_1_47' title="bbox 107 2151 940 2192; baseline 0.004 -14"><span class='ocrx_word' id='word_1_346' title='bbox 107 2151 207 2190; x_wconf 69' lang='grc' dir='ltr'>ἀλόγων</span> <span class='ocrx_word' id='word_1_347' title='bbox 224 2154 338 2192; x_wconf 66' lang='grc' dir='ltr'>φύσεως</span> <span class='ocrx_word' id='word_1_348' title='bbox 353 2153 399 2180; x_wconf 78' lang='grc' dir='ltr'>καὶ</span> <span class='ocrx_word' id='word_1_349' title='bbox 415 2156 465 2188; x_wconf 83' lang='grc' dir='ltr'>τῆς</span> <span class='ocrx_word' id='word_1_350' title='bbox 482 2153 579 2187; x_wconf 79' lang='grc' dir='ltr'>ζὲσεως</span> <span class='ocrx_word' id='word_1_351' title='bbox 605 2156 654 2180; x_wconf 83' lang='lat'>106</span> <span class='ocrx_word' id='word_1_352' title='bbox 679 2152 793 2190; x_wconf 75' lang='grc' dir='ltr'>αἵματος</span> <span class='ocrx_word' id='word_1_353' title='bbox 820 2154 940 2191; x_wconf 82' lang='grc' dir='ltr'>γίνεσθαι</span> 
     </span>
    </p>
   </div>
   <div class='ocr_carea' id='block_1_48' title="bbox 106 2194 939 2233">
    <p class='ocr_par' dir='ltr' id='par_1_48' title="bbox 106 2194 939 2233">
     <span class='ocr_line' id='line_1_48' title="bbox 106 2194 939 2233; baseline 0.005 -11"><span class='ocrx_word' id='word_1_354' title='bbox 106 2196 204 2233; x_wconf 70' lang='grc' dir='ltr'>νόμιζε,</span> <span class='ocrx_word' id='word_1_355' title='bbox 220 2198 268 2225; x_wconf 80' lang='grc' dir='ltr'>καὶ</span> <span class='ocrx_word' id='word_1_356' title='bbox 285 2194 392 2232; x_wconf 53' lang='grc' dir='ltr'>ταύτην</span> <span class='ocrx_word' id='word_1_357' title='bbox 409 2197 541 2231; x_wconf 83' lang='grc' dir='ltr'>εἶναιτὴν</span> <span class='ocrx_word' id='word_1_358' title='bbox 567 2196 655 2224; x_wconf 76' lang='grc' dir='ltr'>αἰτίαν</span> <span class='ocrx_word' id='word_1_359' title='bbox 677 2199 728 2230; x_wconf 80' lang='grc' dir='ltr'>τῆς</span> <span class='ocrx_word' id='word_1_360' title='bbox 753 2197 839 2225; x_wconf 82' lang='grc' dir='ltr'>αὐτῶν</span> <span class='ocrx_word' id='word_1_361' title='bbox 867 2200 939 2233; x_wconf 82' lang='grc' dir='ltr'>ζωῆς</span> 
     </span>
    </p>
   </div>
   <div class='ocr_carea' id='block_1_49' title="bbox 105 2241 940 2278">
    <p class='ocr_par' dir='ltr' id='par_1_49' title="bbox 105 2241 940 2278">
     <span class='ocr_line' id='line_1_49' title="bbox 105 2241 940 2278; baseline 0.004 -11"><span class='ocrx_word' id='word_1_362' title='bbox 105 2241 146 2268; x_wconf 67' lang='grc' dir='ltr'>καὶ</span> <span class='ocrx_word' id='word_1_363' title='bbox 175 2243 329 2277; x_wconf 70' lang='grc' dir='ltr'>κινήσεως.</span> <span class='ocrx_word' id='word_1_364' title='bbox 360 2241 579 2277; x_wconf 75' lang='grc' dir='ltr'>Ἐξασθενοῦντος</span> <span class='ocrx_word' id='word_1_365' title='bbox 608 2241 654 2269; x_wconf 75' lang='grc' dir='ltr'>οὖν</span> <span class='ocrx_word' id='word_1_366' title='bbox 679 2244 727 2270; x_wconf 82' lang='grc' dir='ltr'>τοῦ</span> <span class='ocrx_word' id='word_1_367' title='bbox 755 2241 880 2278; x_wconf 68' lang='grc' dir='ltr'>αἵματος,</span> <span class='ocrx_word' id='word_1_368' title='bbox 902 2253 940 2270; x_wconf 78' lang='grc' dir='ltr'>νε-</span> 
     </span>
    </p>
   </div>
   <div class='ocr_carea' id='block_1_50' title="bbox 1010 283 1830 320">
    <p class='ocr_par' dir='ltr' id='par_1_50' title="bbox 1010 283 1830 320">
     <span class='ocr_line' id='line_1_50' title="bbox 1010 283 1830 320; baseline 0.001 -9"><span class='ocrx_word' id='word_1_369' title='bbox 1010 284 1132 320; x_wconf 81' lang='lat' dir='ltr'>agenda,</span> <span class='ocrx_word' id='word_1_370' title='bbox 1149 292 1212 320; x_wconf 62' lang='lat' dir='ltr'>qua</span> <span class='ocrx_word' id='word_1_371' title='bbox 1225 285 1281 312; x_wconf 88' lang='lat' dir='ltr'>Deo</span> <span class='ocrx_word' id='word_1_372' title='bbox 1298 286 1367 312; x_wconf 82' lang='lat' dir='ltr'>sunt</span> <span class='ocrx_word' id='word_1_373' title='bbox 1391 286 1519 320; x_wconf 88' lang='lat' dir='ltr'>accepta,</span> <span class='ocrx_word' id='word_1_374' title='bbox 1537 292 1594 311; x_wconf 90' lang='lat' dir='ltr'>non</span> <span class='ocrx_word' id='word_1_375' title='bbox 1623 283 1719 311; x_wconf 81' lang='lat' dir='ltr'>solum</span> <span class='ocrx_word' id='word_1_376' title='bbox 1737 284 1830 312; x_wconf 88' lang='lat' dir='ltr'>Deum</span> 
     </span>
    </p>
   </div>
   <div class='ocr_carea' id='block_1_51' title="bbox 1010 328 1836 364">
    <p class='ocr_par' dir='ltr' id='par_1_51' title="bbox 1010 328 1836 364">
     <span class='ocr_line' id='line_1_51' title="bbox 1010 328 1836 364; baseline 0.001 -8"><span class='ocrx_word' id='word_1_377' title='bbox 1010 329 1159 364; x_wconf 80' lang='lat' dir='ltr'>adjuvare,</span> <span class='ocrx_word' id='word_1_378' title='bbox 1170 329 1220 356; x_wconf 90' lang='lat' dir='ltr'>sed</span> <span class='ocrx_word' id='word_1_379' title='bbox 1234 329 1400 356; x_wconf 71' lang='lat' dir='ltr'>universam</span> <span class='ocrx_word' id='word_1_380' title='bbox 1413 328 1500 356; x_wconf 80' lang='lat' dir='ltr'>etiam</span> <span class='ocrx_word' id='word_1_381' title='bbox 1517 337 1692 356; x_wconf 82' lang='lat' dir='ltr'>concurrere</span> <span class='ocrx_word' id='word_1_382' title='bbox 1709 331 1737 356; x_wconf 83' lang='lat' dir='ltr'>et</span> <span class='ocrx_word' id='word_1_383' title='bbox 1752 337 1836 357; x_wconf 80' lang='lat' dir='ltr'>cons-</span> 
     </span>
    </p>
   </div>
   <div class='ocr_carea' id='block_1_52' title="bbox 1011 372 1833 409">
    <p class='ocr_par' dir='ltr' id='par_1_52' title="bbox 1011 372 1833 409">
     <span class='ocr_line' id='line_1_52' title="bbox 1011 372 1833 409; baseline 0.001 -9"><span class='ocrx_word' id='word_1_384' title='bbox 1011 372 1105 409; x_wconf 89' lang='lat' dir='ltr'>pirare</span> <span class='ocrx_word' id='word_1_385' title='bbox 1121 375 1268 408; x_wconf 82' lang='lat' dir='ltr'>naturam,</span> <span class='ocrx_word' id='word_1_386' title='bbox 1284 373 1535 408; x_wconf 79' lang='lat' dir='ltr'>quemadmodum</span> <span class='ocrx_word' id='word_1_387' title='bbox 1560 373 1591 400; x_wconf 91' lang='lat' dir='ltr'>in</span> <span class='ocrx_word' id='word_1_388' title='bbox 1617 373 1663 407; x_wconf 89' lang='lat' dir='ltr'>iis,</span> <span class='ocrx_word' id='word_1_389' title='bbox 1690 381 1753 408; x_wconf 62' lang='lat' dir='ltr'>qua:</span> <span class='ocrx_word' id='word_1_390' title='bbox 1776 376 1833 401; x_wconf 90' lang='lat' dir='ltr'>Deo</span> 
     </span>
    </p>
   </div>
   <div class='ocr_carea' id='block_1_53' title="bbox 1009 417 1831 454">
    <p class='ocr_par' dir='ltr' id='par_1_53' title="bbox 1009 417 1831 454">
     <span class='ocr_line' id='line_1_53' title="bbox 1009 417 1831 454; baseline 0.002 -10"><span class='ocrx_word' id='word_1_391' title='bbox 1009 417 1176 453; x_wconf 80' lang='lat' dir='ltr'>displicent,</span> <span class='ocrx_word' id='word_1_392' title='bbox 1194 426 1250 445; x_wconf 86' lang='lat' dir='ltr'>non</span> <span class='ocrx_word' id='word_1_393' title='bbox 1263 417 1395 445; x_wconf 83' lang='lat' dir='ltr'>serviunt</span> <span class='ocrx_word' id='word_1_394' title='bbox 1410 418 1461 446; x_wconf 81' lang='lat' dir='ltr'>sed</span> <span class='ocrx_word' id='word_1_395' title='bbox 1487 420 1663 454; x_wconf 84' lang='lat' dir='ltr'>repugnant.</span> <span class='ocrx_word' id='word_1_396' title='bbox 1679 418 1709 445; x_wconf 90' lang='lat' dir='ltr'>Id</span> <span class='ocrx_word' id='word_1_397' title='bbox 1733 420 1831 446; x_wconf 83' lang='lat' dir='ltr'>autem</span> 
     </span>
    </p>
   </div>
   <div class='ocr_carea' id='block_1_54' title="bbox 1009 462 1833 499">
    <p class='ocr_par' dir='ltr' id='par_1_54' title="bbox 1009 462 1833 499">
     <span class='ocr_line' id='line_1_54' title="bbox 1009 462 1833 499; baseline 0.001 -10"><span class='ocrx_word' id='word_1_398' title='bbox 1009 462 1129 489; x_wconf 78' lang='lat' dir='ltr'>omnino</span> <span class='ocrx_word' id='word_1_399' title='bbox 1146 462 1181 490; x_wconf 90' lang='lat' dir='ltr'>ab</span> <span class='ocrx_word' id='word_1_400' title='bbox 1197 462 1317 490; x_wconf 84' lang='lat' dir='ltr'>homine</span> <span class='ocrx_word' id='word_1_401' title='bbox 1345 462 1481 498; x_wconf 72' lang='lat' dir='ltr'>exigitur,</span> <span class='ocrx_word' id='word_1_402' title='bbox 1498 465 1530 489; x_wconf 92' lang='lat' dir='ltr'>ut</span> <span class='ocrx_word' id='word_1_403' title='bbox 1552 470 1744 498; x_wconf 77' lang='lat' dir='ltr'>quaecumque</span> <span class='ocrx_word' id='word_1_404' title='bbox 1762 463 1833 499; x_wconf 80' lang='lat' dir='ltr'>agit,</span> 
     </span>
    </p>
   </div>
   <div class='ocr_carea' id='block_1_55' title="bbox 1010 506 1616 543">
    <p class='ocr_par' dir='ltr' id='par_1_55' title="bbox 1010 506 1616 543">
     <span class='ocr_line' id='line_1_55' title="bbox 1010 506 1616 543; baseline 0 -10"><span class='ocrx_word' id='word_1_405' title='bbox 1010 506 1044 533; x_wconf 85' lang='lat' dir='ltr'>ad</span> <span class='ocrx_word' id='word_1_406' title='bbox 1062 509 1118 534; x_wconf 84' lang='lat' dir='ltr'>Deo</span> <span class='ocrx_word' id='word_1_407' title='bbox 1129 506 1305 542; x_wconf 87' lang='lat' dir='ltr'>placendum</span> <span class='ocrx_word' id='word_1_408' title='bbox 1320 507 1433 543; x_wconf 85' lang='lat' dir='ltr'>agenda</span> <span class='ocrx_word' id='word_1_409' title='bbox 1448 507 1616 543; x_wconf 77' lang='lat' dir='ltr'>prospiciat.</span> 
     </span>
    </p>
   </div>
   <div class='ocr_carea' id='block_1_56' title="bbox 1044 551 1830 587">
    <p class='ocr_par' dir='ltr' id='par_1_56' title="bbox 1044 551 1830 587">
     <span class='ocr_line' id='line_1_56' title="bbox 1044 551 1830 587; baseline 0.001 -8"><span class='ocrx_word' id='word_1_410' title='bbox 1044 552 1157 584; x_wconf 64' lang='lat' dir='ltr'>QUIEST.</span> <span class='ocrx_word' id='word_1_411' title='bbox 1174 551 1317 579; x_wconf 88' lang='lat' dir='ltr'>CXXXIII.</span> <span class='ocrx_word' id='word_1_412' title='bbox 1333 551 1428 587; x_wconf 86' lang='lat' dir='ltr'>Supra</span> <span class='ocrx_word' id='word_1_413' title='bbox 1443 551 1572 579; x_wconf 77' lang='lat' dir='ltr'>diximus</span> <span class='ocrx_word' id='word_1_414' title='bbox 1588 551 1682 587; x_wconf 81' lang='lat' dir='ltr'>qualis</span> <span class='ocrx_word' id='word_1_415' title='bbox 1698 552 1785 580; x_wconf 88' lang='lat' dir='ltr'>homo</span> <span class='ocrx_word' id='word_1_416' title='bbox 1801 552 1830 580; x_wconf 93' lang='lat' dir='ltr'>in</span> 
     </span>
    </p>
   </div>
   <div class='ocr_carea' id='block_1_57' title="bbox 1009 595 1831 632">
    <p class='ocr_par' dir='ltr' id='par_1_57' title="bbox 1009 595 1831 632">
     <span class='ocr_line' id='line_1_57' title="bbox 1009 595 1831 632; baseline 0.004 -10"><span class='ocrx_word' id='word_1_417' title='bbox 1009 597 1101 623; x_wconf 88' lang='lat' dir='ltr'>morte</span> <span class='ocrx_word' id='word_1_418' title='bbox 1127 596 1326 632; x_wconf 82' lang='lat' dir='ltr'>deprehensus</span> <span class='ocrx_word' id='word_1_419' title='bbox 1349 595 1445 629; x_wconf 81' lang='lat' dir='ltr'>fuerit,</span> <span class='ocrx_word' id='word_1_420' title='bbox 1479 595 1568 623; x_wconf 81' lang='lat' dir='ltr'>talem</span> <span class='ocrx_word' id='word_1_421' title='bbox 1598 597 1745 630; x_wconf 85' lang='lat' dir='ltr'>decedere,</span> <span class='ocrx_word' id='word_1_422' title='bbox 1771 596 1831 625; x_wconf 85' lang='lat' dir='ltr'>sive</span> 
     </span>
    </p>
   </div>
   <div class='ocr_carea' id='block_1_58' title="bbox 1008 640 1830 676">
    <p class='ocr_par' dir='ltr' id='par_1_58' title="bbox 1008 640 1830 676">
     <span class='ocr_line' id='line_1_58' title="bbox 1008 640 1830 676; baseline 0 -8"><span class='ocrx_word' id='word_1_423' title='bbox 1008 641 1118 669; x_wconf 90' lang='lat' dir='ltr'>bonum</span> <span class='ocrx_word' id='word_1_424' title='bbox 1135 641 1193 669; x_wconf 90' lang='lat' dir='ltr'>sive</span> <span class='ocrx_word' id='word_1_425' title='bbox 1212 641 1371 669; x_wconf 88' lang='lat' dir='ltr'>malum.Si</span> <span class='ocrx_word' id='word_1_426' title='bbox 1387 640 1454 676; x_wconf 83' lang='lat' dir='ltr'>quis</span> <span class='ocrx_word' id='word_1_427' title='bbox 1470 649 1538 676; x_wconf 86' lang='lat' dir='ltr'>ergo</span> <span class='ocrx_word' id='word_1_428' title='bbox 1554 643 1618 676; x_wconf 87' lang='lat' dir='ltr'>post</span> <span class='ocrx_word' id='word_1_429' title='bbox 1633 643 1697 669; x_wconf 87' lang='lat' dir='ltr'>acta</span> <span class='ocrx_word' id='word_1_430' title='bbox 1712 643 1740 668; x_wconf 86' lang='lat' dir='ltr'>et</span> <span class='ocrx_word' id='word_1_431' title='bbox 1756 641 1830 668; x_wconf 90' lang='lat' dir='ltr'>bona</span> 
     </span>
    </p>
   </div>
   <div class='ocr_carea' id='block_1_59' title="bbox 1007 684 1782 721">
    <p class='ocr_par' dir='ltr' id='par_1_59' title="bbox 1007 684 1782 721">
     <span class='ocr_line' id='line_1_59' title="bbox 1007 684 1782 721; baseline -0.001 -8"><span class='ocrx_word' id='word_1_432' title='bbox 1007 688 1035 713; x_wconf 87' lang='lat' dir='ltr'>et</span> <span class='ocrx_word' id='word_1_433' title='bbox 1050 685 1127 713; x_wconf 81' lang='lat' dir='ltr'>male</span> <span class='ocrx_word' id='word_1_434' title='bbox 1142 685 1295 721; x_wconf 77' lang='lat' dir='ltr'>moriatur,</span> <span class='ocrx_word' id='word_1_435' title='bbox 1311 686 1379 720; x_wconf 88' lang='lat' dir='ltr'>quid</span> <span class='ocrx_word' id='word_1_436' title='bbox 1397 686 1431 713; x_wconf 89' lang='lat' dir='ltr'>de</span> <span class='ocrx_word' id='word_1_437' title='bbox 1448 684 1497 712; x_wconf 95' lang='lat' dir='ltr'>illo</span> <span class='ocrx_word' id='word_1_438' title='bbox 1513 686 1699 713; x_wconf 84' lang='lat' dir='ltr'>sentiendum</span> <span class='ocrx_word' id='word_1_439' title='bbox 1715 685 1782 713; x_wconf 86' lang='lat' dir='ltr'>est?</span> 
     </span>
    </p>
   </div>
   <div class='ocr_carea' id='block_1_60' title="bbox 1043 775 1827 805">
    <p class='ocr_par' dir='ltr' id='par_1_60' title="bbox 1043 775 1827 805">
     <span class='ocr_line' id='line_1_60' title="bbox 1043 775 1827 805; baseline -0.001 0"><span class='ocrx_word' id='word_1_440' title='bbox 1043 777 1116 805; x_wconf 72' lang='grc'>247</span> <span class='ocrx_word' id='word_1_441' title='bbox 1136 776 1222 804; x_wconf 70' lang='lat' dir='ltr'>Rasr.</span> <span class='ocrx_word' id='word_1_442' title='bbox 1235 776 1265 803; x_wconf 92' lang='lat' dir='ltr'>Id</span> <span class='ocrx_word' id='word_1_443' title='bbox 1281 775 1335 803; x_wconf 89' lang='lat' dir='ltr'>soli</span> <span class='ocrx_word' id='word_1_444' title='bbox 1353 778 1408 803; x_wconf 86' lang='lat' dir='ltr'>Deo</span> <span class='ocrx_word' id='word_1_445' title='bbox 1420 777 1521 803; x_wconf 87' lang='lat' dir='ltr'>notum</span> <span class='ocrx_word' id='word_1_446' title='bbox 1539 778 1600 803; x_wconf 85' lang='lat' dir='ltr'>est:</span> <span class='ocrx_word' id='word_1_447' title='bbox 1616 784 1682 803; x_wconf 86' lang='lat' dir='ltr'>nam</span> <span class='ocrx_word' id='word_1_448' title='bbox 1699 778 1727 803; x_wconf 90' lang='lat' dir='ltr'>et</span> <span class='ocrx_word' id='word_1_449' title='bbox 1740 776 1827 804; x_wconf 84' lang='lat' dir='ltr'>homo</span> 
     </span>
    </p>
   </div>
   <div class='ocr_carea' id='block_1_61' title="bbox 1007 820 1829 857">
    <p class='ocr_par' dir='ltr' id='par_1_61' title="bbox 1007 820 1829 857">
     <span class='ocr_line' id='line_1_61' title="bbox 1007 820 1829 857; baseline -0.001 -8"><span class='ocrx_word' id='word_1_450' title='bbox 1007 824 1035 849; x_wconf 90' lang='lat' dir='ltr'>et</span> <span class='ocrx_word' id='word_1_451' title='bbox 1051 820 1173 857; x_wconf 77' lang='lat' dir='ltr'>angelus</span> <span class='ocrx_word' id='word_1_452' title='bbox 1191 821 1317 856; x_wconf 79' lang='lat' dir='ltr'>ignorat.</span> <span class='ocrx_word' id='word_1_453' title='bbox 1333 820 1469 853; x_wconf 62' lang='lat' dir='ltr'>Quadam</span> <span class='ocrx_word' id='word_1_454' title='bbox 1493 820 1570 848; x_wconf 86' lang='lat' dir='ltr'>enim</span> <span class='ocrx_word' id='word_1_455' title='bbox 1588 823 1656 848; x_wconf 87' lang='lat' dir='ltr'>sunt</span> <span class='ocrx_word' id='word_1_456' title='bbox 1672 820 1750 848; x_wconf 88' lang='lat' dir='ltr'>mala</span> <span class='ocrx_word' id='word_1_457' title='bbox 1766 821 1829 856; x_wconf 92' lang='lat' dir='ltr'>qui-</span> 
     </span>
    </p>
   </div>
   <div class='ocr_carea' id='block_1_62' title="bbox 1006 865 1829 903">
    <p class='ocr_par' dir='ltr' id='par_1_62' title="bbox 1006 865 1829 903">
     <span class='ocr_line' id='line_1_62' title="bbox 1006 865 1829 903; baseline 0.001 -10"><span class='ocrx_word' id='word_1_458' title='bbox 1006 866 1062 894; x_wconf 85' lang='lat' dir='ltr'>bus</span> <span class='ocrx_word' id='word_1_459' title='bbox 1078 875 1166 903; x_wconf 88' lang='lat' dir='ltr'>parva</span> <span class='ocrx_word' id='word_1_460' title='bbox 1182 867 1258 894; x_wconf 92' lang='lat' dir='ltr'>bona</span> <span class='ocrx_word' id='word_1_461' title='bbox 1282 865 1515 893; x_wconf 79' lang='lat' dir='ltr'>abscondantur.</span> <span class='ocrx_word' id='word_1_462' title='bbox 1532 865 1673 893; x_wconf 84' lang='lat' dir='ltr'>Similiter</span> <span class='ocrx_word' id='word_1_463' title='bbox 1695 866 1829 902; x_wconf 56' lang='lat' dir='ltr'>quadam</span> 
     </span>
    </p>
   </div>
   <div class='ocr_carea' id='block_1_63' title="bbox 965 909 1827 956">
    <p class='ocr_par' dir='ltr' id='par_1_63' title="bbox 965 909 1827 956">
     <span class='ocr_line' id='line_1_63' title="bbox 965 909 1827 956; baseline 0 -18"><span class='ocrx_word' id='word_1_464' title='bbox 965 923 989 956; x_wconf 85' lang='lat' dir='ltr'><strong>B</strong></span> <span class='ocrx_word' id='word_1_465' title='bbox 1006 913 1076 956; x_wconf 85' lang='lat' dir='ltr'>sunt</span> <span class='ocrx_word' id='word_1_466' title='bbox 1091 911 1167 956; x_wconf 70' lang='lat' dir='ltr'>bona</span> <span class='ocrx_word' id='word_1_467' title='bbox 1182 910 1291 946; x_wconf 86' lang='lat' dir='ltr'>quibus</span> <span class='ocrx_word' id='word_1_468' title='bbox 1308 918 1413 956; x_wconf 78' lang='lat' dir='ltr'>magna</span> <span class='ocrx_word' id='word_1_469' title='bbox 1436 909 1515 956; x_wconf 79' lang='lat' dir='ltr'>mala</span> <span class='ocrx_word' id='word_1_470' title='bbox 1538 910 1717 956; x_wconf 76' lang='lat' dir='ltr'>obtcguntur</span> <span class='ocrx_word' id='word_1_471' title='bbox 1732 912 1760 938; x_wconf 91' lang='lat' dir='ltr'>et</span> <span class='ocrx_word' id='word_1_472' title='bbox 1776 911 1827 938; x_wconf 89' lang='lat' dir='ltr'>de-</span> 
     </span>
    </p>
   </div>
   <div class='ocr_carea' id='block_1_64' title="bbox 1005 949 1765 990">
    <p class='ocr_par' dir='ltr' id='par_1_64' title="bbox 1005 949 1765 990">
     <span class='ocr_line' id='line_1_64' title="bbox 1005 949 1765 990; baseline -0.003 -7"><span class='ocrx_word' id='word_1_473' title='bbox 1005 955 1113 983; x_wconf 87' lang='lat' dir='ltr'>lentur.</span> <span class='ocrx_word' id='word_1_474' title='bbox 1129 955 1195 983; x_wconf 67' lang='lat' dir='ltr'>Haec</span> <span class='ocrx_word' id='word_1_475' title='bbox 1211 957 1309 982; x_wconf 85' lang='lat' dir='ltr'>autem</span> <span class='ocrx_word' id='word_1_476' title='bbox 1321 954 1443 989; x_wconf 84' lang='lat' dir='ltr'>judicia,</span> <span class='ocrx_word' id='word_1_477' title='bbox 1463 965 1473 978; x_wconf 77' lang='grc' dir='ltr'>ι</span> <span class='ocrx_word' id='word_1_478' title='bbox 1485 949 1614 990; x_wconf 62' lang='grc' dir='ltr'>ὀὒνεευε</span> <span class='ocrx_word' id='word_1_479' title='bbox 1631 955 1734 982; x_wconf 87' lang='lat' dir='ltr'>multa.</span> <span class='ocrx_word' id='word_1_480' title='bbox 1751 966 1765 980; x_wconf 79' lang='grc' dir='ltr'>ι)</span> 
     </span>
    </p>
   </div>
   <div class='ocr_carea' id='block_1_65' title="bbox 1040 998 1828 1034">
    <p class='ocr_par' dir='ltr' id='par_1_65' title="bbox 1040 998 1828 1034">
     <span class='ocr_line' id='line_1_65' title="bbox 1040 998 1828 1034; baseline 0 -6"><span class='ocrx_word' id='word_1_481' title='bbox 1040 1000 1150 1032; x_wconf 69' lang='grc' dir='ltr'>Ουιεετ.</span> <span class='ocrx_word' id='word_1_482' title='bbox 1169 999 1314 1027; x_wconf 80' lang='lat' dir='ltr'><strong>CXXXIV.</strong></span> <span class='ocrx_word' id='word_1_483' title='bbox 1342 998 1432 1026; x_wconf 88' lang='lat' dir='ltr'>Vanis</span> <span class='ocrx_word' id='word_1_484' title='bbox 1455 999 1630 1034; x_wconf 89' lang='lat' dir='ltr'>quibusdam</span> <span class='ocrx_word' id='word_1_485' title='bbox 1658 999 1828 1028; x_wconf 89' lang='lat' dir='ltr'>hominibus</span> 
     </span>
    </p>
   </div>
   <div class='ocr_carea' id='block_1_66' title="bbox 1003 1043 1826 1073">
    <p class='ocr_par' dir='ltr' id='par_1_66' title="bbox 1003 1043 1826 1073">
     <span class='ocr_line' id='line_1_66' title="bbox 1003 1043 1826 1073; baseline 0.001 -1"><span class='ocrx_word' id='word_1_486' title='bbox 1003 1044 1099 1072; x_wconf 88' lang='lat' dir='ltr'>dicere</span> <span class='ocrx_word' id='word_1_487' title='bbox 1113 1045 1210 1072; x_wconf 91' lang='lat' dir='ltr'>visum</span> <span class='ocrx_word' id='word_1_488' title='bbox 1226 1046 1270 1071; x_wconf 84' lang='lat' dir='ltr'>est</span> <span class='ocrx_word' id='word_1_489' title='bbox 1285 1043 1359 1071; x_wconf 90' lang='lat' dir='ltr'>nihil</span> <span class='ocrx_word' id='word_1_490' title='bbox 1385 1043 1534 1071; x_wconf 87' lang='lat' dir='ltr'>hominem</span> <span class='ocrx_word' id='word_1_491' title='bbox 1561 1045 1636 1071; x_wconf 88' lang='lat' dir='ltr'>inter</span> <span class='ocrx_word' id='word_1_492' title='bbox 1655 1048 1684 1071; x_wconf 91' lang='lat' dir='ltr'>et</span> <span class='ocrx_word' id='word_1_493' title='bbox 1698 1044 1826 1073; x_wconf 86' lang='lat' dir='ltr'>belluam</span> 
     </span>
    </p>
   </div>
   <div class='ocr_carea' id='block_1_67' title="bbox 1002 1087 1826 1124">
    <p class='ocr_par' dir='ltr' id='par_1_67' title="bbox 1002 1087 1826 1124">
     <span class='ocr_line' id='line_1_67' title="bbox 1002 1087 1826 1124; baseline 0 -8"><span class='ocrx_word' id='word_1_494' title='bbox 1002 1088 1207 1122; x_wconf 85' lang='lat' dir='ltr'>interesse,sed</span> <span class='ocrx_word' id='word_1_495' title='bbox 1224 1087 1320 1124; x_wconf 87' lang='lat' dir='ltr'>qualis</span> <span class='ocrx_word' id='word_1_496' title='bbox 1335 1089 1379 1115; x_wconf 86' lang='lat' dir='ltr'>est</span> <span class='ocrx_word' id='word_1_497' title='bbox 1390 1087 1523 1115; x_wconf 85' lang='lat' dir='ltr'>interitus</span> <span class='ocrx_word' id='word_1_498' title='bbox 1540 1087 1744 1122; x_wconf 44' lang='lat' dir='ltr'>belluatulem</span> <span class='ocrx_word' id='word_1_499' title='bbox 1762 1097 1826 1116; x_wconf 86' lang='lat' dir='ltr'>esse</span> 
     </span>
    </p>
   </div>
   <div class='ocr_carea' id='block_1_68' title="bbox 1002 1131 1824 1168">
    <p class='ocr_par' dir='ltr' id='par_1_68' title="bbox 1002 1131 1824 1168">
     <span class='ocr_line' id='line_1_68' title="bbox 1002 1131 1824 1168; baseline 0 -8"><span class='ocrx_word' id='word_1_500' title='bbox 1002 1132 1131 1160; x_wconf 87' lang='lat' dir='ltr'>hominis</span> <span class='ocrx_word' id='word_1_501' title='bbox 1145 1132 1308 1167; x_wconf 85' lang='lat' dir='ltr'>interitum,</span> <span class='ocrx_word' id='word_1_502' title='bbox 1325 1132 1433 1168; x_wconf 79' lang='lat' dir='ltr'>quippe</span> <span class='ocrx_word' id='word_1_503' title='bbox 1453 1131 1502 1168; x_wconf 88' lang='lat' dir='ltr'>qui</span> <span class='ocrx_word' id='word_1_504' title='bbox 1527 1140 1583 1159; x_wconf 86' lang='lat' dir='ltr'>non</span> <span class='ocrx_word' id='word_1_505' title='bbox 1610 1132 1717 1160; x_wconf 79' lang='lat' dir='ltr'>habeat</span> <span class='ocrx_word' id='word_1_506' title='bbox 1739 1133 1824 1160; x_wconf 84' lang='lat' dir='ltr'>subs-</span> 
     </span>
    </p>
   </div>
   <div class='ocr_carea' id='block_1_69' title="bbox 1002 1175 1824 1212">
    <p class='ocr_par' dir='ltr' id='par_1_69' title="bbox 1002 1175 1824 1212">
     <span class='ocr_line' id='line_1_69' title="bbox 1002 1175 1824 1212; baseline 0.001 -8"><span class='ocrx_word' id='word_1_507' title='bbox 1002 1177 1125 1204; x_wconf 84' lang='lat' dir='ltr'>tantiam</span> <span class='ocrx_word' id='word_1_508' title='bbox 1142 1176 1247 1204; x_wconf 68' lang='lat' dir='ltr'>anima</span> <span class='ocrx_word' id='word_1_509' title='bbox 1262 1175 1458 1204; x_wconf 76' lang='lat' dir='ltr'>immortalem</span> <span class='ocrx_word' id='word_1_510' title='bbox 1472 1185 1479 1210; x_wconf 87' lang='lat'><strong>;</strong></span> <span class='ocrx_word' id='word_1_511' title='bbox 1491 1176 1824 1212; x_wconf 86' lang='lat' dir='ltr'>scilicet,inquiunt,ho-</span> 
     </span>
    </p>
   </div>
   <div class='ocr_carea' id='block_1_70' title="bbox 1003 1220 1824 1253">
    <p class='ocr_par' dir='ltr' id='par_1_70' title="bbox 1003 1220 1824 1253">
     <span class='ocr_line' id='line_1_70' title="bbox 1003 1220 1824 1253; baseline 0.001 -4"><span class='ocrx_word' id='word_1_512' title='bbox 1003 1230 1050 1249; x_wconf 90' lang='lat' dir='ltr'>mo</span> <span class='ocrx_word' id='word_1_513' title='bbox 1065 1223 1093 1249; x_wconf 86' lang='lat' dir='ltr'>et</span> <span class='ocrx_word' id='word_1_514' title='bbox 1108 1220 1204 1249; x_wconf 77' lang='lat' dir='ltr'>bellua</span> <span class='ocrx_word' id='word_1_515' title='bbox 1219 1221 1320 1249; x_wconf 87' lang='lat' dir='ltr'>eodem</span> <span class='ocrx_word' id='word_1_516' title='bbox 1337 1221 1423 1248; x_wconf 92' lang='lat' dir='ltr'>modo</span> <span class='ocrx_word' id='word_1_517' title='bbox 1439 1220 1666 1253; x_wconf 84' lang='lat' dir='ltr'>intercunt,cum</span> <span class='ocrx_word' id='word_1_518' title='bbox 1685 1222 1824 1250; x_wconf 88' lang='lat' dir='ltr'>nimirum</span> 
     </span>
    </p>
   </div>
   <div class='ocr_carea' id='block_1_71' title="bbox 1002 1265 1750 1303">
    <p class='ocr_par' dir='ltr' id='par_1_71' title="bbox 1002 1265 1750 1303">
     <span class='ocr_line' id='line_1_71' title="bbox 1002 1265 1750 1303; baseline 0 -8"><span class='ocrx_word' id='word_1_519' title='bbox 1002 1267 1147 1295; x_wconf 82' lang='lat' dir='ltr'>efﬂuxerit</span> <span class='ocrx_word' id='word_1_520' title='bbox 1160 1268 1189 1294; x_wconf 87' lang='lat' dir='ltr'>et</span> <span class='ocrx_word' id='word_1_521' title='bbox 1203 1268 1359 1294; x_wconf 81' lang='lat' dir='ltr'>evacuatus</span> <span class='ocrx_word' id='word_1_522' title='bbox 1375 1266 1463 1294; x_wconf 86' lang='lat' dir='ltr'>fuerit</span> <span class='ocrx_word' id='word_1_523' title='bbox 1473 1265 1604 1302; x_wconf 87' lang='lat' dir='ltr'>ipsorum</span> <span class='ocrx_word' id='word_1_524' title='bbox 1620 1267 1750 1303; x_wconf 84' lang='lat' dir='ltr'>sanguis.</span> 
     </span>
    </p>
   </div>
   <div class='ocr_carea' id='block_1_72' title="bbox 1039 1309 1825 1348">
    <p class='ocr_par' dir='ltr' id='par_1_72' title="bbox 1039 1309 1825 1348">
     <span class='ocr_line' id='line_1_72' title="bbox 1039 1309 1825 1348; baseline -0.001 -8"><span class='ocrx_word' id='word_1_525' title='bbox 1039 1311 1123 1340; x_wconf 78' lang='lat' dir='ltr'>Rssr.</span> <span class='ocrx_word' id='word_1_526' title='bbox 1138 1311 1265 1348; x_wconf 81' lang='lat' dir='ltr'>Sanguis</span> <span class='ocrx_word' id='word_1_527' title='bbox 1281 1313 1385 1338; x_wconf 87' lang='lat' dir='ltr'>natura</span> <span class='ocrx_word' id='word_1_528' title='bbox 1399 1311 1429 1338; x_wconf 88' lang='lat' dir='ltr'>in</span> <span class='ocrx_word' id='word_1_529' title='bbox 1447 1309 1550 1338; x_wconf 81' lang='lat' dir='ltr'>belluie</span> <span class='ocrx_word' id='word_1_530' title='bbox 1567 1311 1734 1339; x_wconf 82' lang='lat' dir='ltr'>substantia</span> <span class='ocrx_word' id='word_1_531' title='bbox 1749 1320 1825 1347; x_wconf 71' lang='lat' dir='ltr'>qum-</span> 
     </span>
    </p>
   </div>
   <div class='ocr_carea' id='block_1_73' title="bbox 1003 1354 1825 1389">
    <p class='ocr_par' dir='ltr' id='par_1_73' title="bbox 1003 1354 1825 1389">
     <span class='ocr_line' id='line_1_73' title="bbox 1003 1354 1825 1389; baseline -0.001 -5"><span class='ocrx_word' id='word_1_532' title='bbox 1003 1357 1071 1384; x_wconf 85' lang='lat' dir='ltr'>dam</span> <span class='ocrx_word' id='word_1_533' title='bbox 1086 1355 1182 1384; x_wconf 81' lang='lat' dir='ltr'>vitalis</span> <span class='ocrx_word' id='word_1_534' title='bbox 1198 1358 1226 1383; x_wconf 90' lang='lat' dir='ltr'>et</span> <span class='ocrx_word' id='word_1_535' title='bbox 1241 1354 1376 1383; x_wconf 84' lang='lat' dir='ltr'>animalis</span> <span class='ocrx_word' id='word_1_536' title='bbox 1400 1356 1454 1387; x_wconf 85' lang='lat' dir='ltr'>est,</span> <span class='ocrx_word' id='word_1_537' title='bbox 1471 1363 1534 1389; x_wconf 74' lang='lat' dir='ltr'>qum</span> <span class='ocrx_word' id='word_1_538' title='bbox 1559 1358 1662 1382; x_wconf 81' lang='lat' dir='ltr'>caetera</span> <span class='ocrx_word' id='word_1_539' title='bbox 1687 1356 1742 1383; x_wconf 85' lang='lat' dir='ltr'>tria</span> <span class='ocrx_word' id='word_1_540' title='bbox 1765 1355 1825 1384; x_wconf 89' lang='lat' dir='ltr'>ele-</span> 
     </span>
    </p>
   </div>
   <div class='ocr_carea' id='block_1_74' title="bbox 1003 1399 1823 1436">
    <p class='ocr_par' dir='ltr' id='par_1_74' title="bbox 1003 1399 1823 1436">
     <span class='ocr_line' id='line_1_74' title="bbox 1003 1399 1823 1436; baseline -0.001 -7"><span class='ocrx_word' id='word_1_541' title='bbox 1003 1403 1102 1429; x_wconf 87' lang='lat' dir='ltr'>menta</span> <span class='ocrx_word' id='word_1_542' title='bbox 1118 1401 1275 1435; x_wconf 82' lang='lat' dir='ltr'>contineat,</span> <span class='ocrx_word' id='word_1_543' title='bbox 1291 1408 1349 1436; x_wconf 90' lang='lat' dir='ltr'>quo</span> <span class='ocrx_word' id='word_1_544' title='bbox 1369 1399 1393 1427; x_wconf 91' lang='lat' dir='ltr'>si</span> <span class='ocrx_word' id='word_1_545' title='bbox 1417 1399 1527 1427; x_wconf 84' lang='lat' dir='ltr'>animal</span> <span class='ocrx_word' id='word_1_546' title='bbox 1553 1400 1695 1435; x_wconf 82' lang='lat' dir='ltr'>privatur,</span> <span class='ocrx_word' id='word_1_547' title='bbox 1713 1401 1823 1434; x_wconf 83' lang='lat' dir='ltr'>interit,</span> 
     </span>
    </p>
   </div>
   <div class='ocr_carea' id='block_1_75' title="bbox 1001 1443 1824 1481">
    <p class='ocr_par' dir='ltr' id='par_1_75' title="bbox 1001 1443 1824 1481">
     <span class='ocr_line' id='line_1_75' title="bbox 1001 1443 1824 1481; baseline 0 -8"><span class='ocrx_word' id='word_1_548' title='bbox 1001 1445 1134 1481; x_wconf 87' lang='lat' dir='ltr'>nihilque</span> <span class='ocrx_word' id='word_1_549' title='bbox 1145 1445 1207 1480; x_wconf 85' lang='lat' dir='ltr'>jam</span> <span class='ocrx_word' id='word_1_550' title='bbox 1225 1444 1325 1472; x_wconf 81' lang='lat' dir='ltr'>auxilii</span> <span class='ocrx_word' id='word_1_551' title='bbox 1352 1443 1474 1480; x_wconf 85' lang='lat' dir='ltr'>percipit</span> <span class='ocrx_word' id='word_1_552' title='bbox 1502 1445 1538 1471; x_wconf 88' lang='lat' dir='ltr'>ab</span> <span class='ocrx_word' id='word_1_553' title='bbox 1554 1444 1620 1472; x_wconf 84' lang='lat' dir='ltr'>aliis</span> <span class='ocrx_word' id='word_1_554' title='bbox 1645 1444 1739 1472; x_wconf 85' lang='lat' dir='ltr'>tribus</span> <span class='ocrx_word' id='word_1_555' title='bbox 1766 1445 1824 1473; x_wconf 88' lang='lat' dir='ltr'>ele-</span> 
     </span>
    </p>
   </div>
   <div class='ocr_carea' id='block_1_76' title="bbox 1003 1489 1824 1524">
    <p class='ocr_par' dir='ltr' id='par_1_76' title="bbox 1003 1489 1824 1524">
     <span class='ocr_line' id='line_1_76' title="bbox 1003 1489 1824 1524; baseline 0 -6"><span class='ocrx_word' id='word_1_556' title='bbox 1003 1491 1120 1518; x_wconf 89' lang='lat' dir='ltr'>mentis.</span> <span class='ocrx_word' id='word_1_557' title='bbox 1137 1490 1168 1517; x_wconf 90' lang='lat' dir='ltr'><strong>In</strong></span> <span class='ocrx_word' id='word_1_558' title='bbox 1186 1489 1269 1517; x_wconf 83' lang='lat' dir='ltr'>nobis</span> <span class='ocrx_word' id='word_1_559' title='bbox 1284 1491 1394 1524; x_wconf 89' lang='lat' dir='ltr'>autem,</span> <span class='ocrx_word' id='word_1_560' title='bbox 1411 1497 1535 1524; x_wconf 89' lang='lat' dir='ltr'>quorum</span> <span class='ocrx_word' id='word_1_561' title='bbox 1555 1492 1658 1516; x_wconf 81' lang='lat' dir='ltr'>natura</span> <span class='ocrx_word' id='word_1_562' title='bbox 1674 1489 1824 1518; x_wconf 79' lang='lat' dir='ltr'>rationalis</span> 
     </span>
    </p>
   </div>
   <div class='ocr_carea' id='block_1_77' title="bbox 1001 1532 1823 1571">
    <p class='ocr_par' dir='ltr' id='par_1_77' title="bbox 1001 1532 1823 1571">
     <span class='ocr_line' id='line_1_77' title="bbox 1001 1532 1823 1571; baseline -0.001 -8"><span class='ocrx_word' id='word_1_563' title='bbox 1001 1538 1055 1568; x_wconf 82' lang='lat' dir='ltr'>est,</span> <span class='ocrx_word' id='word_1_564' title='bbox 1072 1535 1225 1571; x_wconf 81' lang='lat' dir='ltr'>sanguinis</span> <span class='ocrx_word' id='word_1_565' title='bbox 1238 1536 1344 1561; x_wconf 88' lang='lat' dir='ltr'>natura</span> <span class='ocrx_word' id='word_1_566' title='bbox 1358 1532 1506 1561; x_wconf 86' lang='lat' dir='ltr'>vinculum</span> <span class='ocrx_word' id='word_1_567' title='bbox 1522 1535 1566 1560; x_wconf 90' lang='lat' dir='ltr'>cst</span> <span class='ocrx_word' id='word_1_568' title='bbox 1581 1533 1684 1560; x_wconf 68' lang='lat' dir='ltr'>animae</span> <span class='ocrx_word' id='word_1_569' title='bbox 1710 1536 1738 1562; x_wconf 89' lang='lat' dir='ltr'>et</span> <span class='ocrx_word' id='word_1_570' title='bbox 1759 1543 1823 1562; x_wconf 86' lang='lat' dir='ltr'>cor-</span> 
     </span>
    </p>
   </div>
   <div class='ocr_carea' id='block_1_78' title="bbox 1000 1577 1820 1615">
    <p class='ocr_par' dir='ltr' id='par_1_78' title="bbox 1000 1577 1820 1615">
     <span class='ocr_line' id='line_1_78' title="bbox 1000 1577 1820 1615; baseline -0.001 -8"><span class='ocrx_word' id='word_1_571' title='bbox 1000 1580 1090 1615; x_wconf 83' lang='lat' dir='ltr'>poris,</span> <span class='ocrx_word' id='word_1_572' title='bbox 1107 1587 1163 1615; x_wconf 93' lang='lat' dir='ltr'>quo</span> <span class='ocrx_word' id='word_1_573' title='bbox 1186 1578 1328 1606; x_wconf 86' lang='lat' dir='ltr'>dissoluto</span> <span class='ocrx_word' id='word_1_574' title='bbox 1343 1577 1470 1611; x_wconf 89' lang='lat' dir='ltr'>vinculo,</span> <span class='ocrx_word' id='word_1_575' title='bbox 1487 1585 1606 1605; x_wconf 84' lang='lat' dir='ltr'>necesse</span> <span class='ocrx_word' id='word_1_576' title='bbox 1631 1580 1675 1605; x_wconf 84' lang='lat' dir='ltr'>est</span> <span class='ocrx_word' id='word_1_577' title='bbox 1699 1586 1732 1605; x_wconf 90' lang='lat' dir='ltr'>ea</span> <span class='ocrx_word' id='word_1_578' title='bbox 1756 1586 1820 1614; x_wconf 68' lang='lat' dir='ltr'>quas</span> 
     </span>
    </p>
   </div>
   <div class='ocr_carea' id='block_1_79' title="bbox 994 1622 1336 1660">
    <p class='ocr_par' dir='ltr' id='par_1_79' title="bbox 994 1622 1336 1660">
     <span class='ocr_line' id='line_1_79' title="bbox 994 1622 1336 1660; baseline -0.009 -8"><span class='ocrx_word' id='word_1_579' title='bbox 994 1625 1099 1660; x_wconf 84' lang='lat' dir='ltr'>juncta</span> <span class='ocrx_word' id='word_1_580' title='bbox 1112 1625 1182 1651; x_wconf 81' lang='lat' dir='ltr'>sunt</span> <span class='ocrx_word' id='word_1_581' title='bbox 1196 1622 1336 1658; x_wconf 87' lang='lat' dir='ltr'>separari.</span> 
     </span>
    </p>
   </div>
   <div class='ocr_carea' id='block_1_80' title="bbox 1031 1666 1818 1703">
    <p class='ocr_par' dir='ltr' id='par_1_80' title="bbox 1031 1666 1818 1703">
     <span class='ocr_line' id='line_1_80' title="bbox 1031 1666 1818 1703; baseline -0.001 -7"><span class='ocrx_word' id='word_1_582' title='bbox 1031 1670 1144 1702; x_wconf 58' lang='lat' dir='ltr'>Quam.</span> <span class='ocrx_word' id='word_1_583' title='bbox 1161 1667 1287 1696; x_wconf 88' lang='lat' dir='ltr'><strong>CXXXV.</strong></span> <span class='ocrx_word' id='word_1_584' title='bbox 1305 1667 1408 1695; x_wconf 79' lang='lat' dir='ltr'>Recte:</span> <span class='ocrx_word' id='word_1_585' title='bbox 1434 1666 1496 1694; x_wconf 66' lang='lat' dir='ltr'>haec</span> <span class='ocrx_word' id='word_1_586' title='bbox 1519 1667 1595 1694; x_wconf 84' lang='lat' dir='ltr'>enim</span> <span class='ocrx_word' id='word_1_587' title='bbox 1621 1667 1742 1703; x_wconf 82' lang='lat' dir='ltr'>physica</span> <span class='ocrx_word' id='word_1_588' title='bbox 1767 1668 1818 1695; x_wconf 92' lang='lat' dir='ltr'>de-</span> 
     </span>
    </p>
   </div>
   <div class='ocr_carea' id='block_1_81' title="bbox 995 1711 1816 1742">
    <p class='ocr_par' dir='ltr' id='par_1_81' title="bbox 995 1711 1816 1742">
     <span class='ocr_line' id='line_1_81' title="bbox 995 1711 1816 1742; baseline -0.002 0"><span class='ocrx_word' id='word_1_589' title='bbox 995 1713 1170 1742; x_wconf 84' lang='lat' dir='ltr'>monstratio</span> <span class='ocrx_word' id='word_1_590' title='bbox 1185 1715 1239 1741; x_wconf 86' lang='lat' dir='ltr'>est.</span> <span class='ocrx_word' id='word_1_591' title='bbox 1259 1713 1390 1740; x_wconf 81' lang='lat' dir='ltr'>Attamen</span> <span class='ocrx_word' id='word_1_592' title='bbox 1406 1719 1474 1739; x_wconf 87' lang='lat' dir='ltr'>cum</span> <span class='ocrx_word' id='word_1_593' title='bbox 1489 1711 1629 1739; x_wconf 80' lang='lat' dir='ltr'>animalia</span> <span class='ocrx_word' id='word_1_594' title='bbox 1641 1715 1668 1738; x_wconf 86' lang='lat' dir='ltr'>et</span> <span class='ocrx_word' id='word_1_595' title='bbox 1682 1712 1816 1740; x_wconf 84' lang='lat' dir='ltr'>homines</span> 
     </span>
    </p>
   </div>
   <div class='ocr_carea' id='block_1_82' title="bbox 995 1755 1814 1794">
    <p class='ocr_par' dir='ltr' id='par_1_82' title="bbox 995 1755 1814 1794">
     <span class='ocr_line' id='line_1_82' title="bbox 995 1755 1814 1794; baseline -0.005 -7"><span class='ocrx_word' id='word_1_596' title='bbox 995 1767 1071 1794; x_wconf 80' lang='lat' dir='ltr'>saepe</span> <span class='ocrx_word' id='word_1_597' title='bbox 1095 1758 1240 1785; x_wconf 80' lang='lat' dir='ltr'>intereant</span> <span class='ocrx_word' id='word_1_598' title='bbox 1263 1757 1374 1792; x_wconf 86' lang='lat' dir='ltr'>absque</span> <span class='ocrx_word' id='word_1_599' title='bbox 1398 1755 1551 1792; x_wconf 83' lang='lat' dir='ltr'>sanguinis</span> <span class='ocrx_word' id='word_1_600' title='bbox 1576 1756 1727 1790; x_wconf 70' lang='lat' dir='ltr'>effusione,</span> <span class='ocrx_word' id='word_1_601' title='bbox 1745 1756 1814 1791; x_wconf 89' lang='lat' dir='ltr'>quid</span> 
     </span>
    </p>
   </div>
   <div class='ocr_carea' id='block_1_83' title="bbox 995 1800 1669 1838">
    <p class='ocr_par' dir='ltr' id='par_1_83' title="bbox 995 1800 1669 1838">
     <span class='ocr_line' id='line_1_83' title="bbox 995 1800 1669 1838; baseline -0.004 -8"><span class='ocrx_word' id='word_1_602' title='bbox 995 1802 1129 1838; x_wconf 87' lang='lat' dir='ltr'>estquod</span> <span class='ocrx_word' id='word_1_603' title='bbox 1146 1802 1182 1829; x_wconf 89' lang='lat' dir='ltr'>ab</span> <span class='ocrx_word' id='word_1_604' title='bbox 1198 1801 1256 1829; x_wconf 88' lang='lat' dir='ltr'>illis</span> <span class='ocrx_word' id='word_1_605' title='bbox 1272 1801 1330 1828; x_wconf 84' lang='lat' dir='ltr'>exit</span> <span class='ocrx_word' id='word_1_606' title='bbox 1344 1802 1372 1828; x_wconf 88' lang='lat' dir='ltr'>et</span> <span class='ocrx_word' id='word_1_607' title='bbox 1385 1800 1487 1827; x_wconf 86' lang='lat' dir='ltr'>mortis</span> <span class='ocrx_word' id='word_1_608' title='bbox 1502 1808 1591 1827; x_wconf 83' lang='lat' dir='ltr'>causa</span> <span class='ocrx_word' id='word_1_609' title='bbox 1603 1800 1669 1827; x_wconf 81' lang='lat' dir='ltr'>est?</span> 
     </span>
    </p>
   </div>
   <div class='ocr_carea' id='block_1_84' title="bbox 1032 1844 1815 1878">
    <p class='ocr_par' dir='ltr' id='par_1_84' title="bbox 1032 1844 1815 1878">
     <span class='ocr_line' id='line_1_84' title="bbox 1032 1844 1815 1878; baseline -0.004 -3"><span class='ocrx_word' id='word_1_610' title='bbox 1032 1847 1118 1875; x_wconf 70' lang='lat' dir='ltr'>R1259.</span> <span class='ocrx_word' id='word_1_611' title='bbox 1134 1846 1165 1874; x_wconf 92' lang='lat' dir='ltr'><strong>In</strong></span> <span class='ocrx_word' id='word_1_612' title='bbox 1179 1846 1285 1878; x_wconf 82' lang='lat' dir='ltr'>brutis,</span> <span class='ocrx_word' id='word_1_613' title='bbox 1301 1845 1424 1872; x_wconf 78' lang='lat' dir='ltr'>facultas</span> <span class='ocrx_word' id='word_1_614' title='bbox 1440 1844 1550 1876; x_wconf 82' lang='lat' dir='ltr'>vitalis,</span> <span class='ocrx_word' id='word_1_615' title='bbox 1572 1844 1721 1878; x_wconf 86' lang='lat' dir='ltr'>nutritiva,</span> <span class='ocrx_word' id='word_1_616' title='bbox 1739 1844 1815 1872; x_wconf 89' lang='lat' dir='ltr'>calo-</span> 
     </span>
    </p>
   </div>
   <div class='ocr_carea' id='block_1_85' title="bbox 995 1888 1817 1927">
    <p class='ocr_par' dir='ltr' id='par_1_85' title="bbox 995 1888 1817 1927">
     <span class='ocr_line' id='line_1_85' title="bbox 995 1888 1817 1927; baseline -0.006 -7"><span class='ocrx_word' id='word_1_617' title='bbox 995 1892 1047 1927; x_wconf 85' lang='lat' dir='ltr'>ris,</span> <span class='ocrx_word' id='word_1_618' title='bbox 1066 1893 1173 1926; x_wconf 86' lang='lat' dir='ltr'>molus,</span> <span class='ocrx_word' id='word_1_619' title='bbox 1190 1889 1352 1926; x_wconf 84' lang='lat' dir='ltr'>augmenti,</span> <span class='ocrx_word' id='word_1_620' title='bbox 1368 1897 1429 1924; x_wconf 77' lang='lat' dir='ltr'>quae</span> <span class='ocrx_word' id='word_1_621' title='bbox 1445 1889 1474 1916; x_wconf 92' lang='lat' dir='ltr'>in</span> <span class='ocrx_word' id='word_1_622' title='bbox 1501 1888 1645 1924; x_wconf 84' lang='lat' dir='ltr'>sanguine</span> <span class='ocrx_word' id='word_1_623' title='bbox 1668 1890 1721 1923; x_wconf 87' lang='lat' dir='ltr'>est,</span> <span class='ocrx_word' id='word_1_624' title='bbox 1739 1897 1817 1924; x_wconf 71' lang='lat' dir='ltr'>quaa-</span> 
     </span>
    </p>
   </div>
   <div class='ocr_carea' id='block_1_86' title="bbox 996 1932 1820 1972">
    <p class='ocr_par' dir='ltr' id='par_1_86' title="bbox 996 1932 1820 1972">
     <span class='ocr_line' id='line_1_86' title="bbox 996 1932 1820 1972; baseline -0.004 -8"><span class='ocrx_word' id='word_1_625' title='bbox 996 1944 1053 1972; x_wconf 87' lang='lat' dir='ltr'>que</span> <span class='ocrx_word' id='word_1_626' title='bbox 1067 1944 1102 1963; x_wconf 84' lang='lat' dir='ltr'>ex</span> <span class='ocrx_word' id='word_1_627' title='bbox 1114 1935 1181 1971; x_wconf 85' lang='lat' dir='ltr'>igne</span> <span class='ocrx_word' id='word_1_628' title='bbox 1196 1934 1253 1962; x_wconf 87' lang='lat' dir='ltr'>vim</span> <span class='ocrx_word' id='word_1_629' title='bbox 1280 1933 1385 1969; x_wconf 85' lang='lat' dir='ltr'>agendi</span> <span class='ocrx_word' id='word_1_630' title='bbox 1405 1933 1501 1966; x_wconf 87' lang='lat' dir='ltr'>habet,</span> <span class='ocrx_word' id='word_1_631' title='bbox 1519 1942 1580 1967; x_wconf 70' lang='lat' dir='ltr'>qua:</span> <span class='ocrx_word' id='word_1_632' title='bbox 1605 1935 1633 1959; x_wconf 82' lang='lat' dir='ltr'>et</span> <span class='ocrx_word' id='word_1_633' title='bbox 1657 1941 1743 1960; x_wconf 86' lang='lat' dir='ltr'>causa</span> <span class='ocrx_word' id='word_1_634' title='bbox 1760 1932 1820 1961; x_wconf 87' lang='lat' dir='ltr'>illis</span> 
     </span>
    </p>
   </div>
   <div class='ocr_carea' id='block_1_87' title="bbox 995 1976 1818 2015">
    <p class='ocr_par' dir='ltr' id='par_1_87' title="bbox 995 1976 1818 2015">
     <span class='ocr_line' id='line_1_87' title="bbox 995 1976 1818 2015; baseline -0.004 -7"><span class='ocrx_word' id='word_1_635' title='bbox 995 1983 1041 2008; x_wconf 84' lang='lat' dir='ltr'>est</span> <span class='ocrx_word' id='word_1_636' title='bbox 1056 1978 1268 2015; x_wconf 83' lang='lat' dir='ltr'>respirandi.Ut</span> <span class='ocrx_word' id='word_1_637' title='bbox 1284 1978 1361 2005; x_wconf 86' lang='lat' dir='ltr'>enim</span> <span class='ocrx_word' id='word_1_638' title='bbox 1375 1977 1454 2005; x_wconf 85' lang='lat' dir='ltr'>lebes</span> <span class='ocrx_word' id='word_1_639' title='bbox 1470 1976 1535 2013; x_wconf 83' lang='lat' dir='ltr'>igne</span> <span class='ocrx_word' id='word_1_640' title='bbox 1548 1985 1688 2004; x_wconf 82' lang='lat' dir='ltr'>accensus</span> <span class='ocrx_word' id='word_1_641' title='bbox 1699 1985 1818 2013; x_wconf 86' lang='lat' dir='ltr'>aquam,</span> 
     </span>
    </p>
   </div>
   <div class='ocr_carea' id='block_1_88' title="bbox 995 2021 1818 2061">
    <p class='ocr_par' dir='ltr' id='par_1_88' title="bbox 995 2021 1818 2061">
     <span class='ocr_line' id='line_1_88' title="bbox 995 2021 1818 2061; baseline -0.005 -9"><span class='ocrx_word' id='word_1_642' title='bbox 995 2033 1084 2061; x_wconf 87' lang='lat' dir='ltr'>quam</span> <span class='ocrx_word' id='word_1_643' title='bbox 1100 2023 1240 2058; x_wconf 89' lang='lat' dir='ltr'>continet,</span> <span class='ocrx_word' id='word_1_644' title='bbox 1258 2024 1354 2050; x_wconf 88' lang='lat' dir='ltr'>movet</span> <span class='ocrx_word' id='word_1_645' title='bbox 1372 2022 1410 2049; x_wconf 86' lang='lat' dir='ltr'>ita</span> <span class='ocrx_word' id='word_1_646' title='bbox 1427 2024 1459 2049; x_wconf 89' lang='lat' dir='ltr'>ut</span> <span class='ocrx_word' id='word_1_647' title='bbox 1474 2021 1586 2055; x_wconf 85' lang='lat' dir='ltr'>bulliat,</span> <span class='ocrx_word' id='word_1_648' title='bbox 1604 2022 1746 2049; x_wconf 85' lang='lat' dir='ltr'>exstincto</span> <span class='ocrx_word' id='word_1_649' title='bbox 1766 2030 1818 2049; x_wconf 85' lang='lat' dir='ltr'>au-</span> 
     </span>
    </p>
   </div>
   <div class='ocr_carea' id='block_1_89' title="bbox 995 2066 1816 2105">
    <p class='ocr_par' dir='ltr' id='par_1_89' title="bbox 995 2066 1816 2105">
     <span class='ocr_line' id='line_1_89' title="bbox 995 2066 1816 2105; baseline -0.004 -8"><span class='ocrx_word' id='word_1_650' title='bbox 995 2072 1053 2097; x_wconf 90' lang='lat' dir='ltr'>tem</span> <span class='ocrx_word' id='word_1_651' title='bbox 1070 2069 1148 2105; x_wconf 76' lang='lat' dir='ltr'>igne,</span> <span class='ocrx_word' id='word_1_652' title='bbox 1164 2069 1279 2095; x_wconf 87' lang='lat' dir='ltr'>mortua</span> <span class='ocrx_word' id='word_1_653' title='bbox 1290 2067 1365 2102; x_wconf 79' lang='lat' dir='ltr'>jam,</span> <span class='ocrx_word' id='word_1_654' title='bbox 1381 2066 1505 2094; x_wconf 88' lang='lat' dir='ltr'>immota</span> <span class='ocrx_word' id='word_1_655' title='bbox 1519 2068 1547 2092; x_wconf 86' lang='lat' dir='ltr'>et</span> <span class='ocrx_word' id='word_1_656' title='bbox 1563 2066 1666 2101; x_wconf 82' lang='lat' dir='ltr'>frigida</span> <span class='ocrx_word' id='word_1_657' title='bbox 1683 2066 1715 2093; x_wconf 79' lang='lat' dir='ltr'>ﬁt</span> <span class='ocrx_word' id='word_1_658' title='bbox 1729 2075 1816 2102; x_wconf 88' lang='lat' dir='ltr'>aqua.</span> 
     </span>
    </p>
   </div>
   <div class='ocr_carea' id='block_1_90' title="bbox 996 2110 1818 2149">
    <p class='ocr_par' dir='ltr' id='par_1_90' title="bbox 996 2110 1818 2149">
     <span class='ocr_line' id='line_1_90' title="bbox 996 2110 1818 2149; baseline -0.004 -7"><span class='ocrx_word' id='word_1_659' title='bbox 996 2114 1074 2142; x_wconf 89' lang='lat' dir='ltr'><strong>Idem</strong></span> <span class='ocrx_word' id='word_1_660' title='bbox 1090 2113 1186 2149; x_wconf 81' lang='lat' dir='ltr'>cogita</span> <span class='ocrx_word' id='word_1_661' title='bbox 1209 2112 1245 2139; x_wconf 90' lang='lat' dir='ltr'>de</span> <span class='ocrx_word' id='word_1_662' title='bbox 1269 2112 1423 2139; x_wconf 86' lang='lat' dir='ltr'>brutarum</span> <span class='ocrx_word' id='word_1_663' title='bbox 1448 2110 1644 2138; x_wconf 85' lang='lat' dir='ltr'>animantium</span> <span class='ocrx_word' id='word_1_664' title='bbox 1669 2112 1774 2138; x_wconf 85' lang='lat' dir='ltr'>natura</span> <span class='ocrx_word' id='word_1_665' title='bbox 1789 2113 1818 2139; x_wconf 88' lang='lat' dir='ltr'>et</span> 
     </span>
    </p>
   </div>
   <div class='ocr_carea' id='block_1_91' title="bbox 995 2154 1816 2194">
    <p class='ocr_par' dir='ltr' id='par_1_91' title="bbox 995 2154 1816 2194">
     <span class='ocr_line' id='line_1_91' title="bbox 995 2154 1816 2194; baseline -0.006 -8"><span class='ocrx_word' id='word_1_666' title='bbox 995 2157 1148 2194; x_wconf 85' lang='lat' dir='ltr'>sanguinis</span> <span class='ocrx_word' id='word_1_667' title='bbox 1163 2155 1422 2190; x_wconf 85' lang='lat' dir='ltr'>fervore,hancque</span> <span class='ocrx_word' id='word_1_668' title='bbox 1437 2162 1502 2182; x_wconf 85' lang='lat' dir='ltr'>esse</span> <span class='ocrx_word' id='word_1_669' title='bbox 1518 2162 1637 2182; x_wconf 83' lang='lat' dir='ltr'>causam</span> <span class='ocrx_word' id='word_1_670' title='bbox 1653 2163 1753 2182; x_wconf 86' lang='lat' dir='ltr'>eorum</span> <span class='ocrx_word' id='word_1_671' title='bbox 1770 2154 1816 2182; x_wconf 89' lang='lat' dir='ltr'>vi-</span> 
     </span>
    </p>
   </div>
   <div class='ocr_carea' id='block_1_92' title="bbox 994 2199 1814 2235">
    <p class='ocr_par' dir='ltr' id='par_1_92' title="bbox 994 2199 1814 2235">
     <span class='ocr_line' id='line_1_92' title="bbox 994 2199 1814 2235; baseline -0.005 -4"><span class='ocrx_word' id='word_1_672' title='bbox 994 2205 1029 2231; x_wconf 71' lang='lat' dir='ltr'>tae</span> <span class='ocrx_word' id='word_1_673' title='bbox 1044 2205 1072 2231; x_wconf 88' lang='lat' dir='ltr'>et</span> <span class='ocrx_word' id='word_1_674' title='bbox 1087 2199 1354 2229; x_wconf 81' lang='lat' dir='ltr'>motus.Deiiciente</span> <span class='ocrx_word' id='word_1_675' title='bbox 1365 2199 1455 2235; x_wconf 88' lang='lat' dir='ltr'>igitur</span> <span class='ocrx_word' id='word_1_676' title='bbox 1468 2199 1611 2234; x_wconf 79' lang='lat' dir='ltr'>sanguine</span> <span class='ocrx_word' id='word_1_677' title='bbox 1628 2201 1742 2226; x_wconf 85' lang='lat' dir='ltr'>mortua</span> <span class='ocrx_word' id='word_1_678' title='bbox 1753 2207 1814 2227; x_wconf 88' lang='lat' dir='ltr'>ma-</span> 
     </span>
    </p>
   </div>
   <div class='ocr_carea' id='block_1_93' title="bbox 994 2243 1813 2282">
    <p class='ocr_par' dir='ltr' id='par_1_93' title="bbox 994 2243 1813 2282">
     <span class='ocr_line' id='line_1_93' title="bbox 994 2243 1813 2282; baseline -0.005 -7"><span class='ocrx_word' id='word_1_679' title='bbox 994 2249 1065 2275; x_wconf 89' lang='lat' dir='ltr'>nent</span> <span class='ocrx_word' id='word_1_680' title='bbox 1080 2254 1194 2282; x_wconf 84' lang='lat' dir='ltr'>pecora,</span> <span class='ocrx_word' id='word_1_681' title='bbox 1205 2245 1338 2272; x_wconf 88' lang='lat' dir='ltr'>volucres</span> <span class='ocrx_word' id='word_1_682' title='bbox 1353 2246 1380 2272; x_wconf 86' lang='lat' dir='ltr'>et</span> <span class='ocrx_word' id='word_1_683' title='bbox 1396 2243 1545 2280; x_wconf 77' lang='lat' dir='ltr'>pisces.At</span> <span class='ocrx_word' id='word_1_684' title='bbox 1561 2243 1635 2278; x_wconf 90' lang='lat' dir='ltr'>quod</span> <span class='ocrx_word' id='word_1_685' title='bbox 1653 2243 1813 2271; x_wconf 86' lang='lat' dir='ltr'>humanam</span> 
     </span>
    </p>
   </div>
   <div class='ocr_carea' id='block_1_94' title="bbox 103 2285 944 2328">
    <p class='ocr_par' dir='ltr' id='par_1_94' title="bbox 103 2285 937 2323">
     <span class='ocr_line' id='line_1_94' title="bbox 103 2285 937 2323; baseline 0.004 -12"><span class='ocrx_word' id='word_1_686' title='bbox 103 2286 162 2322; x_wconf 68' lang='grc' dir='ltr'>ιρὸν</span> <span class='ocrx_word' id='word_1_687' title='bbox 179 2285 283 2314; x_wconf 75' lang='grc' dir='ltr'>λοιπὸν</span> <span class='ocrx_word' id='word_1_688' title='bbox 301 2285 351 2313; x_wconf 71' lang='grc' dir='ltr'>καὶ</span> <span class='ocrx_word' id='word_1_689' title='bbox 366 2286 494 2320; x_wconf 80' lang='grc' dir='ltr'>ἀκίνητον</span> <span class='ocrx_word' id='word_1_690' title='bbox 511 2286 542 2314; x_wconf 81' lang='grc' dir='ltr'>τὸ</span> <span class='ocrx_word' id='word_1_691' title='bbox 557 2287 657 2319; x_wconf 80' lang='grc' dir='ltr'>κτῆνος</span> <span class='ocrx_word' id='word_1_692' title='bbox 679 2287 697 2321; x_wconf 75' lang='grc' dir='ltr'><strong>ἢ</strong></span> <span class='ocrx_word' id='word_1_693' title='bbox 718 2286 749 2314; x_wconf 87' lang='grc' dir='ltr'>τὸ</span> <span class='ocrx_word' id='word_1_694' title='bbox 773 2287 904 2323; x_wconf 78' lang='grc' dir='ltr'>πετεινὸν,</span> <span class='ocrx_word' id='word_1_695' title='bbox 920 2287 937 2322; x_wconf 77' lang='grc' dir='ltr'>ἢ</span> 
     </span>
    </p>
   </div>
   <div class='ocr_carea' id='block_1_95' title="bbox 1006 2285 1814 2328">
    <p class='ocr_par' dir='ltr' id='par_1_95' title="bbox 1010 2287 1814 2328">
     <span class='ocr_line' id='line_1_95' title="bbox 1010 2287 1814 2328; baseline -0.006 -9"><span class='ocrx_word' id='word_1_696' title='bbox 1010 2294 1106 2328; x_wconf 85' lang='lat' dir='ltr'>pectat</span> <span class='ocrx_word' id='word_1_697' title='bbox 1121 2293 1267 2322; x_wconf 85' lang='lat' dir='ltr'>naturam,</span> <span class='ocrx_word' id='word_1_698' title='bbox 1284 2297 1342 2316; x_wconf 90' lang='lat' dir='ltr'>non</span> <span class='ocrx_word' id='word_1_699' title='bbox 1367 2288 1462 2316; x_wconf 86' lang='lat' dir='ltr'>solum</span> <span class='ocrx_word' id='word_1_700' title='bbox 1487 2288 1580 2315; x_wconf 82' lang='lat' dir='ltr'>fervor</span> <span class='ocrx_word' id='word_1_701' title='bbox 1604 2290 1632 2314; x_wconf 88' lang='lat' dir='ltr'>et</span> <span class='ocrx_word' id='word_1_702' title='bbox 1652 2287 1730 2315; x_wconf 89' lang='lat' dir='ltr'>calor</span> <span class='ocrx_word' id='word_1_703' title='bbox 1746 2296 1814 2315; x_wconf 85' lang='lat' dir='ltr'>san-</span> 
     </span>
    </p>
   </div>
   <div class='ocr_carea' id='block_1_96' title="bbox 105 2328 937 2370">
    <p class='ocr_par' dir='ltr' id='par_1_96' title="bbox 105 2328 937 2370">
     <span class='ocr_line' id='line_1_96' title="bbox 105 2328 937 2370; baseline 0.004 -14"><span class='ocrx_word' id='word_1_704' title='bbox 105 2328 210 2368; x_wconf 57' lang='lat' dir='ltr'>tiles;</span> <span class='ocrx_word' id='word_1_705' title='bbox 227 2330 406 2363; x_wconf 75' lang='grc' dir='ltr'>καθίσταται,</span> <span class='ocrx_word' id='word_1_706' title='bbox 425 2329 484 2358; x_wconf 84' lang='grc' dir='ltr'>Ἐπί</span> <span class='ocrx_word' id='word_1_707' title='bbox 507 2329 535 2357; x_wconf 72' lang='grc' dir='ltr'>δὲ</span> <span class='ocrx_word' id='word_1_708' title='bbox 558 2332 609 2363; x_wconf 81' lang='grc' dir='ltr'>τῆς</span> <span class='ocrx_word' id='word_1_709' title='bbox 634 2331 806 2369; x_wconf 76' lang='grc' dir='ltr'>ἀνθρωπίνης</span> <span class='ocrx_word' id='word_1_710' title='bbox 833 2331 937 2370; x_wconf 71' lang='grc' dir='ltr'>φύσεως</span> 
     </span>
    </p>
   </div>
   <div class='ocr_carea' id='block_1_97' title="bbox 105 2373 938 2414">
    <p class='ocr_par' dir='ltr' id='par_1_97' title="bbox 105 2373 938 2414">
     <span class='ocr_line' id='line_1_97' title="bbox 105 2373 938 2414; baseline 0.002 -13"><span class='ocrx_word' id='word_1_711' title='bbox 105 2374 133 2400; x_wconf 69' lang='grc' dir='ltr'>οὗ</span> <span class='ocrx_word' id='word_1_712' title='bbox 149 2373 231 2411; x_wconf 71' lang='grc' dir='ltr'>μῦνον</span> <span class='ocrx_word' id='word_1_713' title='bbox 248 2376 267 2411; x_wconf 77' lang='grc' dir='ltr'><strong>ἠ</strong></span> <span class='ocrx_word' id='word_1_714' title='bbox 287 2376 364 2410; x_wconf 74' lang='grc' dir='ltr'>ζὲσις</span> <span class='ocrx_word' id='word_1_715' title='bbox 379 2375 424 2402; x_wconf 77' lang='grc' dir='ltr'>καὶ</span> <span class='ocrx_word' id='word_1_716' title='bbox 441 2375 458 2409; x_wconf 88' lang='grc' dir='ltr'>ἠ</span> <span class='ocrx_word' id='word_1_717' title='bbox 477 2376 563 2413; x_wconf 66' lang='grc' dir='ltr'>θέρμη</span> <span class='ocrx_word' id='word_1_718' title='bbox 579 2377 628 2403; x_wconf 81' lang='grc' dir='ltr'>τοῦ</span> <span class='ocrx_word' id='word_1_719' title='bbox 649 2374 763 2411; x_wconf 71' lang='grc' dir='ltr'>αἳματος</span> <span class='ocrx_word' id='word_1_720' title='bbox 786 2378 826 2412; x_wconf 84' lang='grc' dir='ltr'>τῷ</span> <span class='ocrx_word' id='word_1_721' title='bbox 850 2377 938 2414; x_wconf 82' lang='grc' dir='ltr'>καιρῷ</span> 
     </span>
    </p>
   </div>
   <div class='ocr_carea' id='block_1_98' title="bbox 104 2418 935 2458">
    <p class='ocr_par' dir='ltr' id='par_1_98' title="bbox 104 2418 935 2458">
     <span class='ocr_line' id='line_1_98' title="bbox 104 2418 935 2458; baseline 0.002 -13"><span class='ocrx_word' id='word_1_722' title='bbox 104 2420 149 2445; x_wconf 67' lang='grc' dir='ltr'>τοῦ</span> <span class='ocrx_word' id='word_1_723' title='bbox 163 2420 282 2452; x_wconf 75' lang='grc' dir='ltr'>θανάτου</span> <span class='ocrx_word' id='word_1_724' title='bbox 312 2419 495 2457; x_wconf 82' lang='grc' dir='ltr'>χωρίζονται,</span> <span class='ocrx_word' id='word_1_725' title='bbox 511 2419 583 2447; x_wconf 78' lang='grc' dir='ltr'>ἀλλὰ</span> <span class='ocrx_word' id='word_1_726' title='bbox 602 2418 648 2447; x_wconf 77' lang='grc' dir='ltr'>σὺν</span> <span class='ocrx_word' id='word_1_727' title='bbox 669 2419 760 2451; x_wconf 82' lang='grc' dir='ltr'>αὐτοῖς</span> <span class='ocrx_word' id='word_1_728' title='bbox 789 2420 834 2448; x_wconf 79' lang='grc' dir='ltr'>καὶ</span> <span class='ocrx_word' id='word_1_729' title='bbox 860 2421 935 2458; x_wconf 82' lang='grc' dir='ltr'>ψυχή</span> 
     </span>
    </p>
   </div>
   <div class='ocr_carea' id='block_1_99' title="bbox 105 2463 935 2502">
    <p class='ocr_par' dir='ltr' id='par_1_99' title="bbox 105 2463 935 2502">
     <span class='ocr_line' id='line_1_99' title="bbox 105 2463 935 2502; baseline 0.001 -11"><span class='ocrx_word' id='word_1_730' title='bbox 105 2472 143 2494; x_wconf 75' lang='grc' dir='ltr'>τις</span> <span class='ocrx_word' id='word_1_731' title='bbox 159 2463 258 2502; x_wconf 78' lang='grc' dir='ltr'>λογική</span> <span class='ocrx_word' id='word_1_732' title='bbox 275 2474 309 2491; x_wconf 78' lang='grc' dir='ltr'>τι</span> <span class='ocrx_word' id='word_1_733' title='bbox 325 2463 372 2490; x_wconf 83' lang='grc' dir='ltr'>καὶ</span> <span class='ocrx_word' id='word_1_734' title='bbox 388 2465 546 2499; x_wconf 72' lang='grc' dir='ltr'>συπατική,</span> <span class='ocrx_word' id='word_1_735' title='bbox 562 2463 693 2496; x_wconf 81' lang='grc' dir='ltr'>ἀθάνατός</span> <span class='ocrx_word' id='word_1_736' title='bbox 717 2475 747 2492; x_wconf 82' lang='grc' dir='ltr'>τε</span> <span class='ocrx_word' id='word_1_737' title='bbox 774 2464 819 2492; x_wconf 83' lang='grc' dir='ltr'>καὶ</span> <span class='ocrx_word' id='word_1_738' title='bbox 847 2464 935 2502; x_wconf 85' lang='grc' dir='ltr'>νοερά.</span> 
     </span>
    </p>
   </div>
   <div class='ocr_carea' id='block_1_100' title="bbox 139 2512 938 2551">
    <p class='ocr_par' dir='ltr' id='par_1_100' title="bbox 139 2512 938 2551">
     <span class='ocr_line' id='line_1_100' title="bbox 139 2512 938 2551; baseline 0.003 -12"><span class='ocrx_word' id='word_1_739' title='bbox 139 2512 233 2549; x_wconf 82' lang='grc' dir='ltr'>Ἐρώτ.</span> <span class='ocrx_word' id='word_1_740' title='bbox 252 2512 330 2551; x_wconf 64' lang='grc' dir='ltr'>ρλς.</span> <span class='ocrx_word' id='word_1_741' title='bbox 349 2512 418 2543; x_wconf 77' lang='grc' dir='ltr'>Τοὺς</span> <span class='ocrx_word' id='word_1_742' title='bbox 444 2514 484 2548; x_wconf 83' lang='grc' dir='ltr'>τῷ</span> <span class='ocrx_word' id='word_1_743' title='bbox 508 2512 666 2551; x_wconf 76' lang='grc' dir='ltr'>Εὖαγγιλίῳ</span> <span class='ocrx_word' id='word_1_744' title='bbox 696 2514 734 2549; x_wconf 80' lang='grc' dir='ltr'>μὴ</span> <span class='ocrx_word' id='word_1_745' title='bbox 763 2513 938 2545; x_wconf 77' lang='grc' dir='ltr'>πιστεύοντας</span> 
     </span>
    </p>
   </div>
   <div class='ocr_carea' id='block_1_101' title="bbox 103 2556 938 2597">
    <p class='ocr_par' dir='ltr' id='par_1_101' title="bbox 103 2556 938 2597">
     <span class='ocr_line' id='line_1_101' title="bbox 103 2556 938 2597; baseline 0.005 -15"><span class='ocrx_word' id='word_1_746' title='bbox 103 2556 251 2591; x_wconf 72' lang='grc' dir='ltr'>Ἕλληνας,</span> <span class='ocrx_word' id='word_1_747' title='bbox 268 2557 320 2585; x_wconf 72' lang='grc' dir='ltr'>καὶ</span> <span class='ocrx_word' id='word_1_748' title='bbox 336 2557 385 2588; x_wconf 70' lang='grc' dir='ltr'>τὰς</span> <span class='ocrx_word' id='word_1_749' title='bbox 400 2556 472 2588; x_wconf 78' lang='grc' dir='ltr'>θείας</span> <span class='ocrx_word' id='word_1_750' title='bbox 496 2557 582 2588; x_wconf 85' lang='grc' dir='ltr'>πάσας</span> <span class='ocrx_word' id='word_1_751' title='bbox 609 2558 715 2597; x_wconf 71' lang='grc' dir='ltr'>Γραφὰς</span> <span class='ocrx_word' id='word_1_752' title='bbox 741 2557 938 2595; x_wconf 73' lang='grc' dir='ltr'>εὐτελίζοντας,</span> 
     </span>
    </p>
   </div>
   <div class='ocr_carea' id='block_1_102' title="bbox 103 2600 938 2640">
    <p class='ocr_par' dir='ltr' id='par_1_102' title="bbox 103 2600 938 2640">
     <span class='ocr_line' id='line_1_102' title="bbox 103 2600 938 2640; baseline 0.005 -14"><span class='ocrx_word' id='word_1_753' title='bbox 103 2602 156 2631; x_wconf 78' lang='grc' dir='ltr'>πῶς</span> <span class='ocrx_word' id='word_1_754' title='bbox 171 2601 271 2632; x_wconf 72' lang='grc' dir='ltr'>αὐτοὺς</span> <span class='ocrx_word' id='word_1_755' title='bbox 290 2602 387 2628; x_wconf 70' lang='grc' dir='ltr'>πεῖσαι</span> <span class='ocrx_word' id='word_1_756' title='bbox 405 2600 562 2640; x_wconf 78' lang='grc' dir='ltr'>ὀφείλομεν,</span> <span class='ocrx_word' id='word_1_757' title='bbox 579 2601 621 2629; x_wconf 79' lang='grc' dir='ltr'>ὅτι</span> <span class='ocrx_word' id='word_1_758' title='bbox 637 2601 692 2629; x_wconf 77' lang='grc' dir='ltr'>ἔστι</span> <span class='ocrx_word' id='word_1_759' title='bbox 719 2602 779 2633; x_wconf 81' lang='grc' dir='ltr'>θεὸς</span> <span class='ocrx_word' id='word_1_760' title='bbox 803 2603 938 2639; x_wconf 80' lang='grc' dir='ltr'>ἄκτιστος,</span> 
     </span>
    </p>
   </div>
   <div class='ocr_carea' id='block_1_103' title="bbox 105 2643 939 2683">
    <p class='ocr_par' dir='ltr' id='par_1_103' title="bbox 105 2643 939 2683">
     <span class='ocr_line' id='line_1_103' title="bbox 105 2643 939 2683; baseline 0.004 -11"><span class='ocrx_word' id='word_1_761' title='bbox 105 2647 219 2680; x_wconf 73' lang='grc' dir='ltr'>ποιητὴς</span> <span class='ocrx_word' id='word_1_762' title='bbox 235 2643 363 2683; x_wconf 69' lang='grc' dir='ltr'>οὐρανοῦ</span> <span class='ocrx_word' id='word_1_763' title='bbox 375 2646 420 2673; x_wconf 83' lang='grc' dir='ltr'>καὶ</span> <span class='ocrx_word' id='word_1_764' title='bbox 436 2647 501 2683; x_wconf 83' lang='grc' dir='ltr'><strong>γῆς,</strong></span> <span class='ocrx_word' id='word_1_765' title='bbox 518 2646 556 2677; x_wconf 87' lang='grc' dir='ltr'>εἴς</span> <span class='ocrx_word' id='word_1_766' title='bbox 571 2646 615 2673; x_wconf 84' lang='grc' dir='ltr'>καὶ</span> <span class='ocrx_word' id='word_1_767' title='bbox 634 2646 728 2683; x_wconf 78' lang='grc' dir='ltr'>μόνος⁷</span> <span class='ocrx_word' id='word_1_768' title='bbox 743 2647 788 2674; x_wconf 83' lang='grc' dir='ltr'>καὶ</span> <span class='ocrx_word' id='word_1_769' title='bbox 810 2647 840 2674; x_wconf 82' lang='grc' dir='ltr'>οὐ</span> <span class='ocrx_word' id='word_1_770' title='bbox 870 2647 939 2675; x_wconf 89' lang='grc' dir='ltr'>πολ-</span> 
     </span>
    </p>
   </div>
   <div class='ocr_carea' id='block_1_104' title="bbox 105 2688 771 2728">
    <p class='ocr_par' dir='ltr' id='par_1_104' title="bbox 105 2688 771 2728">
     <span class='ocr_line' id='line_1_104' title="bbox 105 2688 771 2728; baseline 0.006 -13"><span class='ocrx_word' id='word_1_771' title='bbox 105 2688 145 2715; x_wconf 69' lang='grc' dir='ltr'>λοὶ</span> <span class='ocrx_word' id='word_1_772' title='bbox 159 2690 227 2724; x_wconf 62' lang='grc' dir='ltr'>θεοὶτ</span> <span class='ocrx_word' id='word_1_773' title='bbox 244 2690 284 2720; x_wconf 84' lang='grc' dir='ltr'>ὼς</span> <span class='ocrx_word' id='word_1_774' title='bbox 303 2688 387 2717; x_wconf 80' lang='grc' dir='ltr'>αὐτοὶ</span> <span class='ocrx_word' id='word_1_775' title='bbox 402 2689 579 2726; x_wconf 82' lang='grc' dir='ltr'>πλανώμενοι</span> <span class='ocrx_word' id='word_1_776' title='bbox 594 2690 749 2728; x_wconf 79' lang='grc' dir='ltr'>νομίζουσιν</span> <span class='ocrx_word' id='word_1_777' title='bbox 764 2701 771 2728; x_wconf 82' lang='lat'><strong>;</strong></span> 
     </span>
    </p>
   </div>
   <div class='ocr_carea' id='block_1_105' title="bbox 137 2733 939 2774">
    <p class='ocr_par' dir='ltr' id='par_1_105' title="bbox 137 2733 939 2774">
     <span class='ocr_line' id='line_1_105' title="bbox 137 2733 939 2774; baseline 0.002 -12"><span class='ocrx_word' id='word_1_778' title='bbox 137 2734 231 2764; x_wconf 78' lang='grc' dir='ltr'>’Δπόκ.</span> <span class='ocrx_word' id='word_1_779' title='bbox 253 2734 330 2765; x_wconf 72' lang='grc' dir='ltr'>Τοὺς</span> <span class='ocrx_word' id='word_1_780' title='bbox 359 2734 406 2765; x_wconf 76' lang='grc' dir='ltr'>τὰς</span> <span class='ocrx_word' id='word_1_781' title='bbox 429 2733 502 2766; x_wconf 81' lang='grc' dir='ltr'>θείας</span> <span class='ocrx_word' id='word_1_782' title='bbox 527 2734 632 2774; x_wconf 80' lang='grc' dir='ltr'>Γραφὰς</span> <span class='ocrx_word' id='word_1_783' title='bbox 658 2736 695 2772; x_wconf 83' lang='grc' dir='ltr'>μὴ</span> <span class='ocrx_word' id='word_1_784' title='bbox 725 2735 890 2774; x_wconf 73' lang='grc' dir='ltr'>δεχομένους</span> <span class='ocrx_word' id='word_1_785' title='bbox 914 2736 939 2774; x_wconf 77' lang='grc' dir='ltr'>ἐξ</span> 
     </span>
    </p>
   </div>
   <div class='ocr_carea' id='block_1_106' title="bbox 994 2332 1815 2373">
    <p class='ocr_par' dir='ltr' id='par_1_106' title="bbox 994 2332 1815 2373">
     <span class='ocr_line' id='line_1_106' title="bbox 994 2332 1815 2373; baseline -0.005 -9"><span class='ocrx_word' id='word_1_786' title='bbox 994 2336 1102 2373; x_wconf 87' lang='lat' dir='ltr'>guinis,</span> <span class='ocrx_word' id='word_1_787' title='bbox 1119 2335 1222 2362; x_wconf 83' lang='lat' dir='ltr'>mortis</span> <span class='ocrx_word' id='word_1_788' title='bbox 1236 2336 1378 2370; x_wconf 87' lang='lat' dir='ltr'>tempore,</span> <span class='ocrx_word' id='word_1_789' title='bbox 1394 2335 1588 2368; x_wconf 84' lang='lat' dir='ltr'>separantur;</span> <span class='ocrx_word' id='word_1_790' title='bbox 1605 2332 1654 2360; x_wconf 88' lang='lat' dir='ltr'>sed</span> <span class='ocrx_word' id='word_1_791' title='bbox 1676 2335 1815 2368; x_wconf 60' lang='lat' dir='ltr'>praeterea</span> 
     </span>
    </p>
   </div>
   <div class='ocr_carea' id='block_1_107' title="bbox 993 2377 1815 2415">
    <p class='ocr_par' dir='ltr' id='par_1_107' title="bbox 993 2377 1815 2415">
     <span class='ocr_line' id='line_1_107' title="bbox 993 2377 1815 2415; baseline -0.005 -6"><span class='ocrx_word' id='word_1_792' title='bbox 993 2379 1145 2409; x_wconf 85' lang='lat' dir='ltr'>rationalis</span> <span class='ocrx_word' id='word_1_793' title='bbox 1156 2379 1289 2415; x_wconf 67' lang='lat' dir='ltr'>quedam</span> <span class='ocrx_word' id='word_1_794' title='bbox 1306 2377 1405 2405; x_wconf 87' lang='lat' dir='ltr'>anima</span> <span class='ocrx_word' id='word_1_795' title='bbox 1430 2379 1458 2404; x_wconf 87' lang='lat' dir='ltr'>et</span> <span class='ocrx_word' id='word_1_796' title='bbox 1474 2377 1674 2412; x_wconf 74' lang='lat' dir='ltr'>constitutiva,</span> <span class='ocrx_word' id='word_1_797' title='bbox 1692 2378 1815 2405; x_wconf 87' lang='lat' dir='ltr'>immor-</span> 
     </span>
    </p>
   </div>
   <div class='ocr_carea' id='block_1_108' title="bbox 993 2423 1296 2459">
    <p class='ocr_par' dir='ltr' id='par_1_108' title="bbox 993 2423 1296 2459">
     <span class='ocr_line' id='line_1_108' title="bbox 993 2423 1296 2459; baseline -0.01 -6"><span class='ocrx_word' id='word_1_798' title='bbox 993 2425 1061 2453; x_wconf 87' lang='lat' dir='ltr'>talis</span> <span class='ocrx_word' id='word_1_799' title='bbox 1076 2427 1104 2453; x_wconf 90' lang='lat' dir='ltr'>et</span> <span class='ocrx_word' id='word_1_800' title='bbox 1118 2423 1296 2459; x_wconf 83' lang='lat' dir='ltr'>intelligens.</span> 
     </span>
    </p>
   </div>
   <div class='ocr_carea' id='block_1_109' title="bbox 1029 2510 1812 2546">
    <p class='ocr_par' dir='ltr' id='par_1_109' title="bbox 1029 2510 1812 2546">
     <span class='ocr_line' id='line_1_109' title="bbox 1029 2510 1812 2546; baseline -0.004 -5"><span class='ocrx_word' id='word_1_801' title='bbox 1029 2513 1139 2545; x_wconf 64' lang='lat' dir='ltr'>Quass&#39;r.</span> <span class='ocrx_word' id='word_1_802' title='bbox 1156 2511 1299 2539; x_wconf 88' lang='lat' dir='ltr'><strong>CXXXVI.</strong></span> <span class='ocrx_word' id='word_1_803' title='bbox 1317 2510 1467 2544; x_wconf 83' lang='lat' dir='ltr'>Quomodo</span> <span class='ocrx_word' id='word_1_804' title='bbox 1482 2510 1705 2546; x_wconf 86' lang='lat' dir='ltr'>gentilibus,qui</span> <span class='ocrx_word' id='word_1_805' title='bbox 1722 2511 1812 2538; x_wconf 82' lang='lat' dir='ltr'>Evan-</span> 
     </span>
    </p>
   </div>
   <div class='ocr_carea' id='block_1_110' title="bbox 993 2554 1813 2594">
    <p class='ocr_par' dir='ltr' id='par_1_110' title="bbox 993 2554 1813 2594">
     <span class='ocr_line' id='line_1_110' title="bbox 993 2554 1813 2594; baseline -0.004 -9"><span class='ocrx_word' id='word_1_806' title='bbox 993 2558 1069 2594; x_wconf 85' lang='lat' dir='ltr'>gelio</span> <span class='ocrx_word' id='word_1_807' title='bbox 1085 2565 1141 2585; x_wconf 92' lang='lat' dir='ltr'>non</span> <span class='ocrx_word' id='word_1_808' title='bbox 1171 2556 1295 2584; x_wconf 88' lang='lat' dir='ltr'>credunt</span> <span class='ocrx_word' id='word_1_809' title='bbox 1319 2555 1492 2590; x_wconf 88' lang='lat' dir='ltr'>divinasque</span> <span class='ocrx_word' id='word_1_810' title='bbox 1516 2563 1619 2582; x_wconf 89' lang='lat' dir='ltr'>omnes</span> <span class='ocrx_word' id='word_1_811' title='bbox 1647 2554 1813 2590; x_wconf 86' lang='lat' dir='ltr'>Scripturas</span> 
     </span>
    </p>
   </div>
   <div class='ocr_carea' id='block_1_111' title="bbox 994 2598 1814 2636">
    <p class='ocr_par' dir='ltr' id='par_1_111' title="bbox 994 2598 1814 2636">
     <span class='ocr_line' id='line_1_111' title="bbox 994 2598 1814 2636; baseline -0.005 -6"><span class='ocrx_word' id='word_1_812' title='bbox 994 2601 1198 2635; x_wconf 74' lang='lat' dir='ltr'>ﬂoccifaciunt,</span> <span class='ocrx_word' id='word_1_813' title='bbox 1216 2599 1309 2636; x_wconf 84' lang='lat' dir='ltr'>possit</span> <span class='ocrx_word' id='word_1_814' title='bbox 1323 2599 1490 2636; x_wconf 84' lang='lat' dir='ltr'>persuaderi</span> <span class='ocrx_word' id='word_1_815' title='bbox 1513 2599 1605 2626; x_wconf 88' lang='lat' dir='ltr'>Deum</span> <span class='ocrx_word' id='word_1_816' title='bbox 1621 2607 1685 2627; x_wconf 85' lang='lat' dir='ltr'>esse</span> <span class='ocrx_word' id='word_1_817' title='bbox 1699 2598 1814 2627; x_wconf 82' lang='lat' dir='ltr'>increa-</span> 
     </span>
    </p>
   </div>
   <div class='ocr_carea' id='block_1_112' title="bbox 993 2644 1812 2681">
    <p class='ocr_par' dir='ltr' id='par_1_112' title="bbox 993 2644 1812 2681">
     <span class='ocr_line' id='line_1_112' title="bbox 993 2644 1812 2681; baseline -0.005 -7"><span class='ocrx_word' id='word_1_818' title='bbox 993 2649 1067 2681; x_wconf 89' lang='lat' dir='ltr'>tum,</span> <span class='ocrx_word' id='word_1_819' title='bbox 1084 2645 1146 2674; x_wconf 63' lang='lat' dir='ltr'>coeli</span> <span class='ocrx_word' id='word_1_820' title='bbox 1162 2648 1190 2673; x_wconf 87' lang='lat' dir='ltr'>et</span> <span class='ocrx_word' id='word_1_821' title='bbox 1212 2648 1293 2673; x_wconf 65' lang='lat' dir='ltr'>terrae</span> <span class='ocrx_word' id='word_1_822' title='bbox 1317 2644 1462 2680; x_wconf 84' lang='lat' dir='ltr'>opiﬁcem,</span> <span class='ocrx_word' id='word_1_823' title='bbox 1480 2652 1570 2671; x_wconf 89' lang='lat' dir='ltr'>unum</span> <span class='ocrx_word' id='word_1_824' title='bbox 1588 2646 1615 2671; x_wconf 80' lang='lat' dir='ltr'>et</span> <span class='ocrx_word' id='word_1_825' title='bbox 1631 2644 1738 2678; x_wconf 88' lang='lat' dir='ltr'>solum,</span> <span class='ocrx_word' id='word_1_826' title='bbox 1756 2651 1812 2671; x_wconf 90' lang='lat' dir='ltr'>non</span> 
     </span>
    </p>
   </div>
   <div class='ocr_carea' id='block_1_113' title="bbox 993 2689 1682 2725">
    <p class='ocr_par' dir='ltr' id='par_1_113' title="bbox 993 2689 1682 2725">
     <span class='ocr_line' id='line_1_113' title="bbox 993 2689 1682 2725; baseline -0.003 -6"><span class='ocrx_word' id='word_1_827' title='bbox 993 2692 1102 2720; x_wconf 88' lang='lat' dir='ltr'>multos</span> <span class='ocrx_word' id='word_1_828' title='bbox 1117 2692 1197 2724; x_wconf 84' lang='lat' dir='ltr'>deos,</span> <span class='ocrx_word' id='word_1_829' title='bbox 1214 2693 1247 2718; x_wconf 92' lang='lat' dir='ltr'>ut</span> <span class='ocrx_word' id='word_1_830' title='bbox 1260 2692 1390 2718; x_wconf 86' lang='lat' dir='ltr'>errantes</span> <span class='ocrx_word' id='word_1_831' title='bbox 1405 2689 1463 2725; x_wconf 87' lang='lat' dir='ltr'>ipsi</span> <span class='ocrx_word' id='word_1_832' title='bbox 1477 2690 1682 2718; x_wconf 83' lang='lat' dir='ltr'>arbitrantur?</span> 
     </span>
    </p>
   </div>
   <div class='ocr_carea' id='block_1_114' title="bbox 1029 2735 1816 2772">
    <p class='ocr_par' dir='ltr' id='par_1_114' title="bbox 1029 2735 1816 2772">
     <span class='ocr_line' id='line_1_114' title="bbox 1029 2735 1816 2772; baseline -0.006 -6"><span class='ocrx_word' id='word_1_833' title='bbox 1029 2737 1114 2765; x_wconf 79' lang='lat' dir='ltr'>Rasp.</span> <span class='ocrx_word' id='word_1_834' title='bbox 1128 2737 1183 2765; x_wconf 84' lang='lat' dir='ltr'>Eos</span> <span class='ocrx_word' id='word_1_835' title='bbox 1199 2736 1250 2772; x_wconf 91' lang='lat' dir='ltr'>qui</span> <span class='ocrx_word' id='word_1_836' title='bbox 1266 2735 1380 2763; x_wconf 85' lang='lat' dir='ltr'>divinas</span> <span class='ocrx_word' id='word_1_837' title='bbox 1396 2743 1453 2763; x_wconf 85' lang='lat' dir='ltr'>non</span> <span class='ocrx_word' id='word_1_838' title='bbox 1477 2735 1638 2763; x_wconf 84' lang='lat' dir='ltr'>admittunt</span> <span class='ocrx_word' id='word_1_839' title='bbox 1652 2735 1816 2769; x_wconf 86' lang='lat' dir='ltr'>Scripturas</span> 
     </span>
    </p>
   </div>
   <div class='ocr_carea' id='block_1_115' title="bbox 134 2826 1017 2872">
    <p class='ocr_par' dir='ltr' id='par_1_115' title="bbox 134 2826 1017 2872">
     <span class='ocr_line' id='line_1_115' title="bbox 134 2826 1017 2872; baseline 0.003 -12"><span class='ocrx_word' id='word_1_840' title='bbox 134 2835 190 2871; x_wconf 79' lang='lat'>(‘75)</span> <span class='ocrx_word' id='word_1_841' title='bbox 205 2835 255 2863; x_wconf 69' lang='lat' dir='ltr'>sic</span> <span class='ocrx_word' id='word_1_842' title='bbox 271 2832 406 2870; x_wconf 81' lang='lat' dir='ltr'>quidam</span> <span class='ocrx_word' id='word_1_843' title='bbox 421 2841 493 2862; x_wconf 85' lang='lat' dir='ltr'>mss.</span> <span class='ocrx_word' id='word_1_844' title='bbox 509 2833 587 2862; x_wconf 86' lang='lat' dir='ltr'>Editi</span> <span class='ocrx_word' id='word_1_845' title='bbox 601 2826 679 2870; x_wconf 84' lang='lat' dir='ltr'>vero,</span> <span class='ocrx_word' id='word_1_846' title='bbox 695 2833 775 2866; x_wconf 79' lang='grc' dir='ltr'>θείως</span> <span class='ocrx_word' id='word_1_847' title='bbox 796 2834 862 2862; x_wconf 69' lang='grc' dir='ltr'>εἶναι</span> <span class='ocrx_word' id='word_1_848' title='bbox 878 2834 1017 2872; x_wconf 73' lang='grc' dir='ltr'>θιάρεστα.</span> 
     </span>
    </p>
   </div>
   <div class='ocr_carea' id='block_1_116' title="bbox 262 2897 643 2930">
    <p class='ocr_par' dir='ltr' id='par_1_116' title="bbox 262 2897 643 2930">
     <span class='ocr_line' id='line_1_116' title="bbox 262 2897 643 2930; baseline -0.003 -1"><span class='ocrx_word' id='word_1_849' title='bbox 262 2899 405 2929; x_wconf 65' lang='lat' dir='ltr'>Parnm.</span> <span class='ocrx_word' id='word_1_850' title='bbox 428 2897 480 2930; x_wconf 79' lang='lat' dir='ltr'>Cia.</span> <span class='ocrx_word' id='word_1_851' title='bbox 506 2897 643 2930; x_wconf 75' lang='lat' dir='ltr'><strong>XXVIII.</strong></span> 
     </span>
    </p>
   </div>
   <div class='ocr_carea' id='block_1_117' title="bbox 1619 2895 1658 2923">
    <p class='ocr_par' dir='ltr' id='par_1_117' title="bbox 1619 2895 1658 2923">
     <span class='ocr_line' id='line_1_117' title="bbox 1619 2895 1658 2923; baseline 0 0"><span class='ocrx_word' id='word_1_852' title='bbox 1619 2895 1658 2923; x_wconf 73' lang='grc'><strong>22</strong></span> 
     </span>
    </p>
   </div>
  </div>
