2036 3105
232 137 289 167 683

810 134 842 166 S.
866 131 1128 165 ATHANASIUS.
1141 149 1178 155 —
1196 130 1349 163 SPURIA.

1855 135 1907 166 684

231 214 265 232 ex
279 205 344 240 ipsa
361 211 456 231 rerum
475 205 589 238 natura,
607 202 676 238 quid
694 203 729 230 de
745 202 803 230 Deo
819 202 1004 230 sentiendum
1017 200 1051 229 sit

1112 197 1197 231 αὐτῆς
1213 197 1309 225 λοιπὸν
1325 199 1375 229 τῆς
1391 199 1445 224 τῶν
1461 195 1629 235 πραγμάτων
1651 197 1751 235 φύσεως
1776 199 1831 237 περὶ
1856 206 1908 232 θεο-

231 250 333 276 docere
348 248 499 275 debemus.
520 248 591 275 Nam
608 247 685 275 inter
704 255 750 275 res
766 249 890 280 creatas,
906 246 1051 282 quasdam

229 294 362 320 videmus
378 292 530 326 essentias,
549 300 613 327 quae
638 300 695 319 non
721 292 884 320 secundum
903 294 1051 323 naturam,

229 339 278 365 sed
292 346 380 373 supra
393 341 527 364 naturam
539 337 646 372 pariter
654 335 944 371 exsistunt.Exempli
953 343 1051 363 causa.

230 386 380 418 Aquarum
392 383 522 410 essentia
535 385 639 410 natura
648 385 692 410 est
701 382 779 410 ﬂuxa
787 385 814 410 el
827 381 963 409 declivis:
981 389 1052 417 quo-

231 428 316 454 modo
333 435 400 462 ergo
417 427 557 462 siphonas
574 426 625 462 (sic
650 428 764 462 vocant)
779 426 914 454 videmus
925 434 959 453 ex
973 433 1053 453 mare

231 481 337 507 aquam
355 473 389 499 ad
407 473 498 499 nubes
512 471 657 499 attrahere
667 471 681 498 ‘I
691 472 771 504 Quod
784 474 881 499 autem
897 470 1054 499 admirabi-

230 517 287 544 lius
299 520 352 551 est,
368 526 427 552 quae
444 517 521 544 salsa
537 516 711 549 ascendunt,
728 516 825 544 dulcia
840 518 942 552 postea
956 516 1053 543 inter-

232 570 293 588 ram
312 571 362 597 per
375 562 483 589 imbres
499 561 680 589 descendunt
690 561 856 593 ‘IQuomodo
872 569 975 589 rursus
986 568 1053 587 eum

232 615 386 641 corporum
406 607 507 641 possit.
528 606 624 633 lmlide
649 606 739 641 jacta,
768 608 873 633 natura
900 604 1052 641 explorari,

232 651 260 677 in
276 651 363 678 undis
379 651 555 678 Marmaricm
578 650 769 686 Pentapoleos
789 659 840 678 nec
858 648 1001 686 penetrari
1017 649 1053 677 ad

229 695 333 728 imum,
352 704 404 722 nec
431 695 526 722 bolide
553 697 648 730 potest
663 695 858 731 investigari?
873 694 949 727 Quin
964 694 1053 721 etiam

231 748 297 767 cum
315 749 390 775 aqua
406 743 433 767 et
449 740 525 775 ignis
542 740 688 767 contraria
702 739 763 767 sint
778 741 892 773 natura,
903 738 992 767 simul
1008 740 1053 766 ta-

232 792 297 811 men
309 784 432 812 invicem
448 788 530 811 erant
541 784 571 811 in
585 784 676 820 Lyciis
685 786 885 819 monte,quem
898 783 1053 819 Olympum

230 829 593 864 vocant,qncmadmodum
610 828 842 856 innumerabiles
858 828 993 856 viderunt
1004 827 1054 855 ho-

233 873 326 901 mines
340 874 467 900 Pinﬁnita
485 873 542 900 alia
553 876 623 901 sunt
634 873 679 901 his
690 872 800 900 similia
810 874 837 900 in
856 880 953 900 rerum
969 874 1053 899 natu-

234 926 265 945 ra
280 926 341 951 quas
357 918 488 945 videmus
516 920 542 945 et
566 917 767 945 admiramur:
785 926 847 953 qua:
871 924 941 945 sane
957 916 1056 944 omnia

234 970 323 998 supra
340 965 473 990 naturam
493 971 548 989 non
565 962 606 990 ita
621 964 742 998 possent
757 962 894 996 ﬁeri,nisi
911 963 987 989 esset
1003 961 1054 988 ali-

234 1016 291 1042 qua
308 1008 354 1034 Dei
374 1010 555 1042 natura,qu
571 1006 652 1034 hisce
668 1006 1055 1041 dominaretur,imperaret-

233 1060 288 1087 que
304 1051 425 1079 invicem
442 1060 495 1078 non
515 1051 827 1082 a¢1verssri.0uomodo
839 1050 1056 1083 rursus,dicant

233 1096 318 1123 nobis
334 1096 568 1131 gentiles,\'alido
584 1096 659 1123 facto
674 1095 942 1127 tonitru,universa
958 1093 1055 1121 homi-

234 1149 303 1167 num
322 1144 424 1167 natura
450 1141 557 1171 tremit,
582 1140 735 1174 horrescit,
759 1139 963 1174 obstupescit?
987 1138 1056 1171 Qui-

234 1185 290 1212 bus
307 1186 407 1220 utique
420 1185 534 1212 indiciis
551 1184 679 1212 ostendit
695 1192 726 1212 se
741 1184 783 1211 illi
799 1184 904 1220 subjici
923 1183 1055 1216 Domino,

234 1230 284 1265 qui
301 1230 419 1257 lonitrui
439 1233 483 1256 est
497 1229 644 1256 auetorEt
660 1228 721 1256 haec
738 1228 857 1264 quidem
873 1230 942 1255 sunt
957 1235 1056 1255 exem-

234 1274 403 1309 pla,quibus
417 1275 463 1301 Dei
476 1273 671 1309 cognitionem
679 1273 775 1301 doceri
784 1271 1056 1309 possintgentilium

235 1319 439 1354 simpliciores.
453 1319 524 1345 Nam
539 1320 604 1345 ante
614 1318 694 1353 ipsos
705 1325 806 1345 eorum
818 1317 975 1352 sapientes,
992 1316 1057 1352 qui-

235 1364 302 1390 dam
320 1363 466 1399 sapientes
491 1362 614 1397 gentiles
638 1370 672 1389 ex
695 1362 826 1397 antiquis
851 1360 1057 1397 praestantibus

237 1408 430 1443 philosophis,
449 1408 540 1434 multa
556 1407 591 1434 de
606 1406 655 1434 Dei
672 1406 752 1434 cultu
775 1406 942 1434 testimonia
957 1408 1056 1441 protu-

235 1452 306 1479 lere:
321 1453 390 1487 quin
403 1453 489 1479 etiam
503 1453 597 1486 ipsam
610 1451 718 1479 Christi
731 1451 921 1478 ieconomiam
936 1450 1058 1478 obscure

235 1497 509 1532 przesignilirarnnt.
519 1497 564 1523 Sic
577 1496 668 1531 igitur
678 1496 799 1531 quidam
810 1495 927 1523 illorum
940 1494 1058 1530 sapiens

235 1541 335 1568 multis
348 1545 414 1568 ante
426 1541 533 1567 Christi
550 1541 706 1568 adventum
722 1540 799 1568 248
811 1540 896 1567 annis
911 1540 998 1567 verba
1014 1539 1056 1566 l‘a-

1071 890 1095 922 Β

1108 243 1202 281 λογίας
1217 245 1307 270 πεῖσαι
1324 242 1482 281 ὀφείλομεν.
1499 242 1620 280 Ὁρῶμεν
1650 242 1702 280 γάρ
1727 253 1794 274 τινας
1821 244 1906 276 οὐσίας⁸

1108 287 1134 315 ἐν
1163 289 1197 324 τῇ
1226 287 1312 314 κτίσει
1341 286 1371 314 οὐ
1402 287 1471 314 κατὰ
1495 286 1583 326 φύσιν,
1599 286 1662 314 ἀλλ’
1678 286 1742 325 ὑπὲρ
1765 287 1835 326 φύσιν
1862 291 1909 325 μετ’

1107 332 1241 368 ἀλλήλων
1266 332 1453 370 ὑπαρχούσας,
1482 332 1548 360 Οἷόν
1572 342 1598 359 τι
1624 330 1706 370 λέγω.
1726 332 1802 360 Φύσει
1824 335 1839 368 ἢ
1863 337 1908 362 τῶν

1109 376 1212 405 ὑδάτων
1243 376 1319 404 οὐσία
1348 376 1474 414 ῥευστική
1516 376 1560 403 καὶ
1597 377 1747 415 καταφερὴς
1783 378 1907 416 ύπάρχιιο

1108 424 1168 453 πῶς
1182 421 1227 449 οὖν
1241 423 1348 459 ὁρῶμεν
1364 421 1427 452 τοὺς
1444 421 1611 459 λεγομένους
1627 421 1742 460 σίφωνας
1766 421 1793 449 ἐκ
1806 426 1850 457 τῆς
1871 429 1910 455 θα-

1109 465 1212 501 λάσσης
1228 465 1301 504 ὕδωρ
1316 467 1363 497 τὰς
1380 465 1493 505 νεφὲλας
1519 465 1700 499 ἀνέλκοντας;
1715 466 1751 494 Τὸ
1775 465 1801 493 δὲ
1822 468 1910 504 θαυμα-

1109 511 1244 550 στότερον,
1269 511 1322 545 ὅτι,
1349 511 1458 548 ἁλμυρὰ
1491 510 1673 548 ἀνερχόμενα,
1703 510 1798 548 γλυκέα
1829 511 1910 539 λοιπὸν

1107 557 1190 582 ταῦτα
1205 555 1248 583 ἐπὶ
1265 556 1317 592 γῆς
1337 553 1381 582 διὰ
1403 557 1458 582 τῶν
1483 552 1595 592 ὄμϐρων
1619 555 1800 592 κατέρχονται.
1816 557 1869 586 Πῶς
1889 554 1912 582 δὲ

1108 599 1191 627 πάλιν
1207 600 1252 627 καὶ
1265 601 1282 634 ἡ
1298 600 1352 627 τῶν
1374 598 1507 636 σωμάτων
1530 598 1658 635 [ὑδάτων]
1684 599 1770 635 φύσις,
1787 599 1911 637 βολιστικὴ

1109 644 1177 672 κατὰ
1192 644 1269 679 φύσιν
1286 644 1457 682 ὑπάρχουσα,
1474 645 1580 680 ὁρᾶται,
1597 642 1694 675 ἅδυτος
1719 644 1761 671 καὶ
1784 641 1912 674 ἀὸύλιστος

1111 688 1136 716 ἐν
1152 692 1210 720 τοῖς
1224 688 1300 716 ὕδασι
1316 693 1366 724 τῆς
1381 689 1565 727 Μαρμαρικῆς
1587 687 1778 719 Πενταπόλεως
1793 699 1798 723 ;
1815 689 1849 717 Οὐ
1873 689 1913 725 μό-

1110 744 1154 760 νον
1171 731 1210 767 δὲ,
1227 732 1299 761 ἀλλᾶ
1318 733 1369 771 γὰρ
1384 734 1429 760 καὶ
1446 732 1541 764 ὕδατος
1555 733 1600 760 καὶ
1616 733 1701 771 πυρὸς
1718 732 1815 760 ἐναντία
1836 734 1851 767 ἠ
1871 732 1911 771 φύ-

1111 788 1150 809 σις
1174 778 1345 815 ὑπάρχουσα,
1362 777 1387 805 ἐν
1413 778 1453 813 τῷ
1478 778 1533 814 ἅμα
1555 777 1601 812 ἦν,
1617 776 1662 805 ὅτε
1683 777 1708 804 ἐν
1726 777 1806 812 Λυκίᾳ
1819 779 1854 813 τῷ
1867 775 1913 814 ὄρει

1108 824 1148 858 τῷ
1165 822 1306 860 Λεγομένῳ
1323 821 1469 858 Ὀλύμπῳ,
1490 822 1578 853 καθὼς
1607 820 1734 859 μυριάδες
1759 820 1852 858 ἀνδρῶν
1870 821 1913 848 sw-

1111 867 1205 904 ράκοισι
1221 876 1228 901 ;
1243 866 1293 893 Καὶ
1309 865 1381 894 ἄλλα
1395 865 1424 894 δὲ
1441 866 1522 904 μυρία
1541 866 1649 897 τούτοις
1674 865 1756 903 ὅμοια
1778 866 1820 893 καὶ
1839 865 1914 902 παρά-

1111 910 1175 946 δοξά
1202 910 1272 938 ἐστιν
1289 910 1314 938 ἐν
1330 912 1364 948 τῇ
1389 910 1472 938 κτίσει
1502 911 1628 948 ὁρώμενα
1657 911 1703 938 καὶ
1733 910 1913 947 θαυμαζόμενα·

1110 955 1177 993 ἅπερ
1194 956 1296 983 ἅπαντα
1311 955 1360 983 οὐκ
1375 954 1404 982 ἂν
1421 955 1507 986 οὕτως
1523 955 1589 993 ὑπὲρ
1611 955 1691 994 φύσιν
1713 955 1825 993 γίνεσθαι
1846 952 1914 991 ἔμελ-

1111 999 1170 1036 λον,
1188 1000 1210 1027 εἰ
1228 1000 1266 1036 μὴ
1284 1000 1362 1028 οὐσία
1375 1011 1416 1031 τις
1431 999 1499 1028 Θεοῦ
1513 1000 1546 1034 ἦν
1567 999 1674 1027 τούτων
1701 998 1867 1034 δεσπόζουσα,
1879 996 1917 1025 καὶ

1109 1045 1216 1077 τούτοις
1233 1045 1414 1084 ἐπιτρέπουσα
1429 1044 1566 1080 ἀλλήλοις
1584 1049 1622 1082 μὴ
1648 1046 1850 1072 ἀντιτάττεσθαι.
1864 1045 1915 1074 Πῶς

1111 1089 1140 1117 δὲ
1160 1089 1242 1117 πάλιν
1274 1089 1398 1128 λέγουσιν
1429 1091 1497 1127 ἡμῖν
1524 1089 1668 1125 Ἑλλήνων
1699 1088 1802 1126 παῖδες,
1818 1090 1916 1127 βροντῆς

1112 1134 1221 1173 στερρᾶς
1250 1135 1406 1173 γινομένης,
1423 1135 1511 1162 ἅπασα
1541 1136 1558 1169 ἡ
1588 1134 1668 1173 φύσις
1699 1136 1752 1161 τῶν
1786 1133 1915 1170 ἀνθρώπιον

1109 1179 1214 1217 τρέμει,
1231 1179 1334 1218 φρίττει
1357 1190 1386 1207 τε
1409 1179 1454 1207 καὶ
1477 1179 1619 1214 ἐξίσταται,
1648 1179 1788 1215 μηνύουσα
1815 1176 1855 1205 διὰ
1877 1178 1917 1203 τοῦ

1111 1225 1267 1261 σχήματος,
1283 1225 1319 1255 ὡς
1346 1224 1397 1251 ὑπὸ
1426 1223 1559 1259 δεσπότην
1588 1223 1643 1251 ἐστὶ
1674 1224 1720 1251 τὸν
1750 1223 1794 1253 τὰς
1821 1220 1917 1259 βροντὶς

1112 1268 1311 1305 ὲργαζόμενον;
1337 1269 1386 1296 Καὶ
1410 1271 1493 1296 ταῦτα
1527 1269 1575 1305 μὲν
1601 1269 1671 1306 πρὸς
1700 1268 1762 1299 τοὺς
1790 1264 1917 1305 ἀφελεπὲ-

1113 1322 1175 1349 ρους
1192 1312 1332 1348 Ἐλλήνων
1350 1312 1387 1344 εἷς
1413 1313 1575 1351 ϐεογιωσίαν
1600 1313 1718 1350 φέροντα
1743 1310 1918 1348 ὑποδείγματα.

1112 1358 1168 1396 Πρὸ
1204 1358 1254 1395 γὰρ
1296 1360 1350 1385 τῶν
1388 1359 1451 1394 παρ’
1480 1358 1571 1389 αὐτοῖς
1601 1360 1695 1397 σοφῶν
1726 1356 1755 1384 ἐκ
1781 1354 1917 1395 φιλοσόφων

1111 1401 1234 1440 ἀρχαίων
1264 1401 1383 1430 δυνατῶν
1415 1403 1548 1439 μαρτύρια
1576 1396 1673 1430 πολλὰ
1697 1402 1759 1440 περὶ
1786 1396 1919 1428 θεοσεϐείας

1110 1447 1182 1477 τινὲς
1197 1445 1337 1482 Ἑλλήνων
1355 1447 1433 1486 σοφοὶ
1459 1444 1585 1486 ἕφρασαψ
1601 1446 1679 1475 ἀλλὰ
1702 1446 1746 1474 καὶ
1775 1446 1820 1480 τὴν
1848 1444 1919 1482 Χρισ-

1111 1494 1175 1519 στοῦ
1201 1492 1359 1529 οἰκονομίαν
1394 1492 1524 1531 ἀμυδρῶς
1563 1494 1768 1531 προεμήνυσαν.
1799 1490 1842 1517 Καὶ
1867 1489 1921 1526 γοῦν

1111 1547 1151 1568 τις
1167 1539 1221 1564 τῶν
1235 1537 1297 1574 παρ’
1313 1537 1407 1568 αὐτοῖς
1423 1539 1512 1575 σοφῶν
1528 1537 1580 1574 πρὸ
1601 1536 1719 1564 πολλῶν
1744 1538 1792 1569 τῆς
1817 1532 1919 1569 Χριστοῦ

233 1585 290 1612 cit:
307 1586 404 1612 Puella
418 1586 513 1612 νριιιρι
530 1594 591 1619 qua;
614 1584 760 1612 ccelestem
778 1584 861 1612 nobis
881 1584 995 1612 editura
1009 1584 1051 1610 est

1110 1579 1258 1617 ἐπιδημίας
1274 1580 1382 1619 χρόνων
1410 1581 1502 1620 φησὶν,
1519 1580 1559 1608 ὅτι
1580 1581 1658 1616 ’Ἠξει
1684 1582 1702 1616 ἡ
1727 1583 1812 1610 νεᾶνις
1834 1577 1920 1615 ἔχουσα

233 1629 448 1664 partum.Alius
462 1630 529 1656 item
543 1629 584 1657 sic
599 1628 743 1664 loquitur:
757 1629 886 1656 Tandem
897 1627 1055 1664 aliquando

234 1673 310 1700 Deus
328 1674 355 1700 in
372 1673 548 1700 multiﬁdam
566 1673 641 1700 hanc
657 1676 764 1701 terram
780 1673 978 1708 descendet,et
991 1673 1055 1702 sine

233 1718 296 1745 labe
322 1719 370 1745 ﬁet
394 1727 479 1745 caro:
497 1722 528 1744 ut
557 1718 726 1753 damnatus,
742 1717 880 1754 pendebit
908 1718 937 1745 in
963 1717 1052 1754 ligno,

234 1763 409 1798 morbosque
425 1762 540 1790 curabit
556 1761 744 1790 insanabiles.

268 1854 378 1885 Qurssr.
395 1852 549 1879 CXXXVll.
566 1851 623 1887 (76)
637 1853 708 1879 Cum
731 1850 887 1879 Christiani
911 1853 940 1879 et
959 1851 1054 1880 Judaei

233 1898 381 1925 Christum
400 1898 605 1929 confiteantur,
622 1896 745 1931 ejusque
770 1895 805 1923 de
829 1896 952 1923 adventu
969 1895 1052 1923 dubi-

233 1946 294 1970 tent
309 1942 413 1974 Judaei,
433 1941 580 1976 Veiintque
595 1940 726 1968 nondum
743 1940 840 1976 ipsum
858 1940 984 1975 venisse,
1001 1941 1052 1969 sed

232 1991 388 2014 venturum
405 1995 478 2019 esse,
498 1994 555 2021 qua
582 1985 694 2013 ratione
718 1985 790 2021 ipsis
810 1986 971 2021 poterimus
987 1994 1052 2021 per-

232 2032 354 2058 suadere
373 2032 460 2057 Deum
491 2038 555 2057 esse
583 2029 743 2062 Christum,
770 2037 971 2066 veracemque,
994 2039 1051 2058 non

231 2076 420 2110 impostorem
438 2083 510 2107 esse,
529 2077 560 2101 ut
575 2074 631 2110 ipsi
644 2074 847 2102 arbitrantur?

267 2120 364 2146 ἱιεερμί
373 2119 530 2147 .Cbristum
544 2117 663 2153 quidem
678 2121 768 2146 Deum
780 2121 808 2146 et
818 2118 975 2147 Dominum
987 2128 1051 2148 esse

229 2167 374 2192 testantur
391 2164 548 2198 propliclm,
565 2164 593 2190 et
608 2162 728 2198 quidem
745 2163 786 2190 sic
800 2163 841 2190 ait
854 2163 944 2191 David
958 2172 964 2191 :
977 2164 1051 2193 «Do-

229 2210 326 2237 minus
357 2212 442 2240 Ueus,
467 2211 493 2234 et
524 2207 659 2242 apparuit
685 2207 769 2235 nobis
784 2207 816 2235 ⁸⁷.
844 2218 858 2232 ››
874 2208 909 2235 Et
924 2215 1046 2237 rursus:

1109 1626 1176 1662 ἡμῖν
1204 1625 1328 1663 οὐράνιον
1358 1619 1445 1663 γόνον.
1463 1625 1513 1654 Καὶ
1543 1624 1629 1656 ἄλλος
1659 1624 1743 1653 πάλιν
1766 1623 1868 1663 ἔφρασεν
1883 1619 1918 1648 οὕ-

1108 1680 1173 1702 τως’
1192 1669 1258 1708 Ὀψέ
1271 1682 1337 1699 ποτε
1351 1671 1394 1698 ἐπὶ
1419 1672 1468 1706 τήν
1493 1670 1657 1709 ποΛυσχεδῆ
1681 1670 1782 1705 ταύτην
1805 1667 1917 1704 κατέρχε-

1108 1726 1151 1742 ται
1168 1716 1182 1742 ὁ
1198 1716 1263 1746 Θεὸς
1286 1719 1349 1754 γῆν,
1364 1716 1408 1743 καὶ
1438 1715 1504 1754 δίχα
1531 1715 1705 1753 πταίσματος
1736 1714 1798 1752 σὰρξ
1825 1712 1917 1750 γενήσε-

1107 1770 1175 1787 ται·
1207 1760 1243 1791 ὡς
1271 1760 1431 1798 κατάκριτος
1471 1759 1496 1787 ἐν
1532 1759 1606 1796 ξύλῳ
1633 1759 1858 1798 κρεμίισθήσεται1
1882 1753 1919 1782 καὶ

1108 1803 1201 1832 ἀνίατα
1215 1805 1287 1840 πάθη
1304 1804 1471 1843 θεραπεύσει.

1144 1849 1240 1886 Ἐρώτ.
1267 1848 1331 1886 ρλζ.
1357 1851 1523 1887 Χριστιανῶν
1551 1859 1580 1876 τε
1619 1849 1666 1876 καὶ
1694 1846 1829 1877 Ἰουδαίων
1865 1846 1920 1882 Χρι-

1108 1893 1168 1920 στὸν
1186 1893 1409 1931 ὁμολογούντων,
1426 1891 1660 1931 ἀμφιϐαλλόντων
1677 1892 1706 1921 δὲ
1729 1893 1782 1920 τῶν
1797 1888 1918 1919 Ἰουδαίων

1108 1936 1184 1965 οὔπω
1200 1937 1278 1966 αὐτὸν
1305 1937 1479 1974 ἐληλυθέναι,
1496 1937 1569 1966 ἀλλᾶ
1595 1937 1748 1976 λεγόντων,
1770 1936 1809 1964 δτι
1836 1931 1919 1972 μὲλλει

1107 1980 1244 2020 ἔρχεσθαι⁸
1269 1983 1349 2015 πόθεν
1373 1982 1470 2014 αὐτοὺς
1502 1985 1592 2010 πεῖσαι
1625 1981 1787 2021 ὀφείλομεν,
1814 1980 1852 2007 ὅτι
1882 1975 1919 2021 καί

1107 2019 1171 2058 Osric
1199 2027 1268 2054 ἐστιν
1294 2028 1308 2055 ὁ
1334 2027 1460 2066 Χριστὸς,
1475 2027 1520 2055 καὶ
1544 2027 1586 2055 ὅτι
1611 2019 1724 2063 ἀληθής
1751 2023 1871 2061 ἐστι,καὶ
1894 2019 1920 2048 οὐ

1106 2070 1221 2104 πλάνος,
1235 2072 1273 2103 ὡς
1287 2071 1363 2099 αὐτοὶ
1378 2072 1533 2108 νομίζουσιν
1547 2082 1554 2107 ;

1142 2116 1238 2145 ’Δπόκ.
1256 2117 1281 2145 1.
1293 2118 1352 2144 Ὅτι
1370 2117 1416 2153 μὲν
1431 2117 1494 2147 Θεὸς
1509 2117 1553 2144 καὶ
1570 2116 1673 2155 Κύριος
1690 2116 1704 2144 ὁ
1721 2113 1836 2153 Χριστός
1850 2112 1919 2143 ἐστιν,

1105 2162 1131 2188 οἱ
1146 2164 1283 2200 προφῆται
1302 2164 1494 2200 μαρτυροῦσιν
1511 2162 1525 2188 ὁ
1543 2161 1590 2198 μὲν
1608 2158 1696 2189 Δαϐὶδ
1724 2159 1823 2197 λέγων·
1838 2171 1852 2184 (ι
1867 2155 1921 2185 Θεὸς

1105 2206 1213 2244 Κύριος,
1229 2205 1274 2233 καὶ
1298 2205 1422 2245 ἰπὲφανεν
1443 2207 1524 2243 ἡμῖν’
1542 2217 1555 2231 n
1577 2206 1625 2233 καὶ
1651 2205 1747 2233 πάλιν·
1771 2216 1785 2230 ‹‹
1811 2202 1920 2231 ’Έκλινεν

228 2266 241 2279 ‹‹
262 2253 413 2280 inclinavit
429 2253 514 2279 eteius
541 2255 568 2278 ct
597 2251 750 2279 descendit
764 2252 796 2278 ⁸³.
815 2263 830 2276 ››
860 2254 894 2279 Et
921 2252 1047 2282 iterum:

1109 2250 1235 2288 οὐρανοὺς
1264 2251 1309 2278 καὶ
1337 2249 1450 2285 κατέϐη
1467 2264 1481 2277 ››
1497 2250 1542 2278 καὶ
1571 2250 1670 2279 πάλιν·
1686 2263 1701 2277 ‹‹
1726 2251 1757 2278 Ὁ
1780 2249 1920 2284 καθήμενος

229 2311 241 2323 (ι
259 2299 312 2331 Qui
330 2299 413 2325 sedes
429 2306 514 2331 super
531 2296 696 2329 cherubim,
717 2304 823 2331 appara
836 2297 867 2324 ³ο.
884 2297 1047 2325 »Ηιεοῆεω

228 2346 297 2370 sunt
314 2343 398 2370 verba
412 2342 562 2368 llahacuc:
581 2353 590 2365 ι
611 2341 685 2368 Deus
702 2349 718 2367 ιι
733 2341 870 2368 Τὴωιιιοιι
887 2341 981 2369 veniet
993 2342 1047 2369 νο.»

228 2388 261 2415 Et
278 2387 385 2414 Baruch
400 2395 405 2412 :
423 2398 433 2410 «ι
451 2387 501 2413 11ιο
516 2389 558 2412 ρει
576 2385 652 2413 Deus
678 2387 786 2418 noster,
803 2388 832 2412 et
845 2393 901 2412 non
918 2386 1046 2413 aestima-

227 2433 306 2459 bitur
322 2432 395 2458 alius
412 2432 552 2457 adversus
577 2438 667 2458 eum:
695 2430 805 2457 invenit
830 2438 946 2457 omnem
970 2430 1046 2458 viam

226 2478 362 2510 scientize,
380 2480 405 2504 et
425 2477 540 2503 tradidit
559 2475 639 2502 illam
655 2475 744 2502 Jacob
770 2483 860 2511 puero
876 2483 939 2510 suo,
955 2477 984 2502 et
1004 2477 1046 2503 Is-

225 2523 283 2549 rael
301 2521 405 2548 dilecto
422 2530 484 2548 suo.
503 2522 570 2547 l'ost
595 2520 654 2547 hac
680 2520 709 2546 in
735 2519 819 2548 terris
844 2520 925 2547 visus
948 2521 1003 2553 cst,
1019 2522 1048 2547 et

224 2575 290 2593 cum
310 2566 475 2592 hominibus
501 2566 690 2592 conversatus
714 2566 758 2591 est
773 2565 804 2592 ⁹¹.
823 2575 837 2588 ››
853 2564 941 2592 Vides
956 2572 1045 2600 quam

223 2610 385 2637 luculenter
401 2611 547 2645 pt'ophcl‘d:
564 2608 710 2636 Christum
726 2608 818 2637 Deum
835 2608 991 2645 appellent.

255 2701 276 2718 ⁸⁷
297 2700 371 2728 Psal.
388 2708 473 2733 cxvu,
491 2701 534 2726 27.

1104 2294 1147 2322 ἐπὶ
1176 2298 1229 2322 τῶν
1260 2292 1407 2333 χερουϐὶμ,
1440 2295 1589 2334 ἐμφάνηθι·
1623 2307 1638 2321 n
1671 2295 1686 2322 ὁ
1713 2293 1742 2322 δὲ
1772 2289 1922 2329 Ἀμϐακοὺμ

1102 2338 1185 2366 πάλιν
1201 2339 1292 2378 φησίν·
1310 2352 1324 2365 ‹‹
1340 2341 1370 2368 Ὁ
1391 2341 1455 2371 Θεὸς
1478 2340 1531 2367 ἀπὸ
1556 2339 1665 2376 Θαιμᾶν
1693 2339 1763 2374 ἥξει·
1782 2350 1795 2364 ››
1812 2338 1825 2365 ὁ
1839 2335 1865 2364 δὶ
1879 2338 1921 2362 Βα-

1103 2384 1183 2422 ρούχ’
1202 2396 1215 2410 ‹‹
1231 2385 1317 2415 Οὗτος
1333 2385 1346 2412 ὁ
1362 2384 1427 2416 Θεὸς
1453 2386 1544 2421 ἡμῶν,
1560 2384 1591 2411 οὐ
1619 2383 1817 2421 λογισθήσεται
1842 2379 1922 2417 ἕτερος

1102 2429 1169 2466 πρὸς
1185 2428 1275 2456 αὐτόν’
1293 2428 1380 2465 ἔξευρε
1394 2432 1479 2456 πᾶσαν
1506 2427 1568 2455 ὁδὸν
1594 2428 1770 2465 ἐπιστήμης,
1797 2425 1840 2454 καὶ
1867 2422 1921 2452 ἔδω-

1101 2485 1145 2501 κεν
1175 2474 1257 2509 αὐτὴν
1273 2472 1372 2503 Ἰακὼϐ
1395 2477 1435 2510 τῷ
1459 2473 1535 2501 παιδὶ
1561 2474 1659 2508 αὐτοῦ,
1684 2474 1730 2501 καὶ
1757 2470 1863 2510 Ἰσραὴλ
1888 2467 1920 2504 τῷ

1101 2519 1271 2557 ἠγαπημένῳ
1302 2520 1345 2546 ὑπ’
1369 2519 1460 2548 αὐτοῦ.
1490 2520 1567 2548 Μετὰ
1602 2521 1690 2547 τοῦτο
1729 2518 1773 2546 ἐπὶ
1804 2519 1852 2551 τῆς
1878 2516 1921 2552 γῆς

1101 2561 1190 2602 ὤφθη,
1206 2564 1250 2591 καὶ
1265 2566 1324 2595 τοῖς
1339 2564 1494 2601 ἀνθρώποις
1509 2563 1732 2602 συνανεστράφη.
1749 2576 1763 2589 υ
1781 2560 1849 2589 Ἰδοὺ
1870 2561 1921 2587 πῶς

1100 2611 1247 2646 προφανῶς
1276 2609 1301 2635 οἱ
1328 2612 1466 2648 προφῆται
1495 2608 1560 2636 Θεὸν
1587 2607 1705 2647 λέγουσι
1735 2607 1781 2635 τὸν
1808 2603 1920 2644 Χριστόν.

573 2699 594 2717 ⁸⁸
615 2698 692 2727 Psal.
709 2706 778 2734 xvu,
794 2699 838 2726 10.
876 2698 898 2716 ⁸³
917 2698 994 2728 Psal.
1011 2708 1051 2728 LX:

1122 2700 1150 2729 2.
1189 2700 1211 2718 ⁸ο
1229 2700 1336 2728 Hahae.
1353 2707 1397 2734 ιιι,
1413 2699 1440 2727 3.
1478 2699 1500 2717 οι
1525 2698 1653 2727 Baruch.
1671 2707 1715 2734 ιιι,
1731 2698 1777 2727 38.

252 2798 309 2835 (76)
326 2798 390 2826 Haec
406 2807 464 2826 non
481 2800 551 2825 sunt
564 2796 725 2827 Athanasio
740 2796 872 2833 indigna,
889 2799 917 2826 et
932 2797 962 2827 in
979 2798 1132 2828 nonnullis
1147 2798 1299 2828 codicibus
1314 2796 1474 2834 separatim
1490 2799 1657 2834 ponuntur.
