  <div class='ocr_page' id='page_1' title='image "/cluster/home/n/w/nwhite01/storage/ocr_20150623/28/hvd.32044052794351/348.png"; bbox 0 0 2036 3105; ppageno 0'>
   <div class='ocr_carea' id='block_1_1' title="bbox 135 153 956 191">
    <p class='ocr_par' dir='ltr' id='par_1_1' title="bbox 135 153 943 191">
     <span class='ocr_line' id='line_1_1' title="bbox 135 153 943 191; baseline 0 -5"><span class='ocrx_word' id='word_1_1' title='bbox 135 156 193 186; x_wconf 81' lang='grc'><strong>685</strong></span> <span class='ocrx_word' id='word_1_2' title='bbox 613 153 868 191; x_wconf 64' lang='grc' dir='ltr'><strong>ΟΙΜΞΞΤῙΟΝΕΞ</strong></span> <span class='ocrx_word' id='word_1_3' title='bbox 892 154 943 186; x_wconf 86' lang='lat' dir='ltr'><strong>AD</strong></span> 
     </span>
    </p>
   </div>
   <div class='ocr_carea' id='block_1_2' title="bbox 1013 153 1842 191">
    <p class='ocr_par' dir='ltr' id='par_1_2' title="bbox 1013 154 1842 188">
     <span class='ocr_line' id='line_1_2' title="bbox 1013 154 1842 188; baseline 0.002 -4"><span class='ocrx_word' id='word_1_4' title='bbox 1013 154 1199 187; x_wconf 77' lang='lat' dir='ltr'><strong>l&#39;l‘lOCllUM</strong></span> <span class='ocrx_word' id='word_1_5' title='bbox 1224 154 1372 188; x_wconf 75' lang='lat' dir='ltr'><strong>DUCEM.</strong></span> <span class='ocrx_word' id='word_1_6' title='bbox 1781 156 1842 188; x_wconf 83' lang='lat'><strong>686</strong></span> 
     </span>
    </p>
   </div>
   <div class='ocr_carea' id='block_1_3' title="bbox 165 218 956 258">
    <p class='ocr_par' dir='ltr' id='par_1_3' title="bbox 165 218 956 258">
     <span class='ocr_line' id='line_1_3' title="bbox 165 218 956 258; baseline -0.001 -10"><span class='ocrx_word' id='word_1_7' title='bbox 165 223 191 248; x_wconf 88' lang='lat'><strong>2.</strong></span> <span class='ocrx_word' id='word_1_8' title='bbox 209 222 269 248; x_wconf 83' lang='grc' dir='ltr'>Ὅτι</span> <span class='ocrx_word' id='word_1_9' title='bbox 285 219 314 248; x_wconf 74' lang='grc' dir='ltr'><strong>δὲ</strong></span> <span class='ocrx_word' id='word_1_10' title='bbox 329 219 463 255; x_wconf 73' lang='grc' dir='ltr'><strong>ἐλήλυθεν</strong></span> <span class='ocrx_word' id='word_1_11' title='bbox 477 218 532 256; x_wconf 73' lang='grc' dir='ltr'>ἤδη</span> <span class='ocrx_word' id='word_1_12' title='bbox 549 221 563 247; x_wconf 84' lang='grc' dir='ltr'>ὁ</span> <span class='ocrx_word' id='word_1_13' title='bbox 580 220 708 256; x_wconf 80' lang='grc' dir='ltr'>Χριστὸς,</span> <span class='ocrx_word' id='word_1_14' title='bbox 724 220 826 255; x_wconf 80' lang='grc' dir='ltr'><strong>Δανιὴλ</strong></span> <span class='ocrx_word' id='word_1_15' title='bbox 853 221 867 247; x_wconf 83' lang='grc' dir='ltr'>ὁ</span> <span class='ocrx_word' id='word_1_16' title='bbox 891 230 956 258; x_wconf 75' lang='grc' dir='ltr'>προ-</span> 
     </span>
    </p>
   </div>
   <div class='ocr_carea' id='block_1_4' title="bbox 1013 218 1840 258">
    <p class='ocr_par' dir='ltr' id='par_1_4' title="bbox 1050 221 1840 258">
     <span class='ocr_line' id='line_1_4' title="bbox 1050 221 1840 258; baseline 0 -8"><span class='ocrx_word' id='word_1_17' title='bbox 1050 224 1078 249; x_wconf 89' lang='grc'><strong>2.</strong></span> <span class='ocrx_word' id='word_1_18' title='bbox 1094 222 1244 250; x_wconf 88' lang='lat' dir='ltr'><strong>Christum</strong></span> <span class='ocrx_word' id='word_1_19' title='bbox 1260 224 1357 250; x_wconf 89' lang='lat' dir='ltr'><strong>autem</strong></span> <span class='ocrx_word' id='word_1_20' title='bbox 1371 223 1431 258; x_wconf 85' lang='lat' dir='ltr'><strong>jam</strong></span> <span class='ocrx_word' id='word_1_21' title='bbox 1450 222 1564 250; x_wconf 85' lang='lat' dir='ltr'><strong>venisse</strong></span> <span class='ocrx_word' id='word_1_22' title='bbox 1579 221 1722 251; x_wconf 79' lang='lat' dir='ltr'><strong>habemus</strong></span> <span class='ocrx_word' id='word_1_23' title='bbox 1736 230 1771 250; x_wconf 87' lang='lat' dir='ltr'><strong>ex</strong></span> <span class='ocrx_word' id='word_1_24' title='bbox 1784 222 1840 250; x_wconf 89' lang='lat' dir='ltr'><strong>Da-</strong></span> 
     </span>
    </p>
   </div>
   <div class='ocr_carea' id='block_1_5' title="bbox 132 264 959 303">
    <p class='ocr_par' dir='ltr' id='par_1_5' title="bbox 132 264 959 303">
     <span class='ocr_line' id='line_1_5' title="bbox 132 264 959 303; baseline 0 -11"><span class='ocrx_word' id='word_1_25' title='bbox 132 266 222 303; x_wconf 69' lang='grc' dir='ltr'>φήτης</span> <span class='ocrx_word' id='word_1_26' title='bbox 250 266 297 292; x_wconf 87' lang='grc' dir='ltr'>τὸν</span> <span class='ocrx_word' id='word_1_27' title='bbox 321 265 420 303; x_wconf 85' lang='grc' dir='ltr'>χρόνον</span> <span class='ocrx_word' id='word_1_28' title='bbox 444 266 495 299; x_wconf 73' lang='grc' dir='ltr'><strong>τῆς</strong></span> <span class='ocrx_word' id='word_1_29' title='bbox 523 264 672 302; x_wconf 78' lang='grc' dir='ltr'><strong>παρουσίας</strong></span> <span class='ocrx_word' id='word_1_30' title='bbox 697 264 780 292; x_wconf 70' lang='grc' dir='ltr'>αὐτοῦ</span> <span class='ocrx_word' id='word_1_31' title='bbox 817 264 959 301; x_wconf 73' lang='grc' dir='ltr'>σημαίνων</span> 
     </span>
    </p>
   </div>
   <div class='ocr_carea' id='block_1_6' title="bbox 131 308 959 347">
    <p class='ocr_par' dir='ltr' id='par_1_6' title="bbox 131 308 959 347">
     <span class='ocr_line' id='line_1_6' title="bbox 131 308 959 347; baseline 0 -11"><span class='ocrx_word' id='word_1_32' title='bbox 131 309 204 337; x_wconf 64' lang='grc' dir='ltr'>οὕτω</span> <span class='ocrx_word' id='word_1_33' title='bbox 220 309 298 347; x_wconf 71' lang='grc' dir='ltr'>ιρησὶ,</span> <span class='ocrx_word' id='word_1_34' title='bbox 316 308 423 345; x_wconf 80' lang='grc' dir='ltr'>μᾶλλον</span> <span class='ocrx_word' id='word_1_35' title='bbox 441 308 469 337; x_wconf 66' lang='grc' dir='ltr'><strong>δὲ</strong></span> <span class='ocrx_word' id='word_1_36' title='bbox 483 310 551 345; x_wconf 82' lang='grc' dir='ltr'>πρὸς</span> <span class='ocrx_word' id='word_1_37' title='bbox 563 308 643 336; x_wconf 79' lang='grc' dir='ltr'>αὐτὸν</span> <span class='ocrx_word' id='word_1_38' title='bbox 668 309 682 336; x_wconf 84' lang='grc' dir='ltr'><strong>ὸ</strong></span> <span class='ocrx_word' id='word_1_39' title='bbox 707 309 879 347; x_wconf 75' lang='grc' dir='ltr'><strong>ἀρχάγγελος</strong></span> <span class='ocrx_word' id='word_1_40' title='bbox 907 312 959 336; x_wconf 89' lang='grc' dir='ltr'><strong>Γα-</strong></span> 
     </span>
    </p>
   </div>
   <div class='ocr_carea' id='block_1_7' title="bbox 131 351 959 390">
    <p class='ocr_par' dir='ltr' id='par_1_7' title="bbox 131 351 959 390">
     <span class='ocr_line' id='line_1_7' title="bbox 131 351 959 390; baseline -0.001 -9"><span class='ocrx_word' id='word_1_41' title='bbox 131 351 229 390; x_wconf 76' lang='grc' dir='ltr'>ϐριήλ·</span> <span class='ocrx_word' id='word_1_42' title='bbox 247 367 260 380; x_wconf 80' lang='grc' dir='ltr'><strong>α</strong></span> <span class='ocrx_word' id='word_1_43' title='bbox 278 351 487 390; x_wconf 75' lang='grc' dir='ltr'>Ἑϐδομήκοντα</span> <span class='ocrx_word' id='word_1_44' title='bbox 510 352 660 390; x_wconf 77' lang='grc' dir='ltr'>ἐϐδομάδες</span> <span class='ocrx_word' id='word_1_45' title='bbox 685 354 890 390; x_wconf 78' lang='grc' dir='ltr'>σονετμήθησαν</span> <span class='ocrx_word' id='word_1_46' title='bbox 916 353 959 381; x_wconf 82' lang='grc' dir='ltr'>ἐπὶ</span> 
     </span>
    </p>
   </div>
   <div class='ocr_carea' id='block_1_8' title="bbox 131 398 960 435">
    <p class='ocr_par' dir='ltr' id='par_1_8' title="bbox 131 398 960 435">
     <span class='ocr_line' id='line_1_8' title="bbox 131 398 960 435; baseline -0.001 -9"><span class='ocrx_word' id='word_1_47' title='bbox 131 399 177 426; x_wconf 80' lang='grc' dir='ltr'>τὸν</span> <span class='ocrx_word' id='word_1_48' title='bbox 194 398 260 426; x_wconf 75' lang='grc' dir='ltr'>λαόν</span> <span class='ocrx_word' id='word_1_49' title='bbox 277 409 338 430; x_wconf 82' lang='grc' dir='ltr'>σου,</span> <span class='ocrx_word' id='word_1_50' title='bbox 352 398 397 426; x_wconf 77' lang='grc' dir='ltr'><strong>καὶ</strong></span> <span class='ocrx_word' id='word_1_51' title='bbox 413 398 456 425; x_wconf 75' lang='grc' dir='ltr'>ἐπὶ</span> <span class='ocrx_word' id='word_1_52' title='bbox 471 399 520 432; x_wconf 79' lang='grc' dir='ltr'>τὴν</span> <span class='ocrx_word' id='word_1_53' title='bbox 537 398 618 426; x_wconf 85' lang='grc' dir='ltr'>πόλιν</span> <span class='ocrx_word' id='word_1_54' title='bbox 641 398 690 432; x_wconf 77' lang='grc' dir='ltr'><strong>τὴν</strong></span> <span class='ocrx_word' id='word_1_55' title='bbox 717 398 805 435; x_wconf 83' lang='grc' dir='ltr'><strong>ἁγίαν,</strong></span> <span class='ocrx_word' id='word_1_56' title='bbox 829 400 878 425; x_wconf 78' lang='grc' dir='ltr'><strong>τοῦ</strong></span> <span class='ocrx_word' id='word_1_57' title='bbox 901 408 960 425; x_wconf 81' lang='grc' dir='ltr'>συν-</span> 
     </span>
    </p>
   </div>
   <div class='ocr_carea' id='block_1_9' title="bbox 131 442 959 481">
    <p class='ocr_par' dir='ltr' id='par_1_9' title="bbox 131 442 959 481">
     <span class='ocr_line' id='line_1_9' title="bbox 131 442 959 481; baseline -0.002 -10"><span class='ocrx_word' id='word_1_58' title='bbox 131 442 292 478; x_wconf 69' lang='grc' dir='ltr'>τελεσθῆναι</span> <span class='ocrx_word' id='word_1_59' title='bbox 313 443 456 480; x_wconf 71' lang='grc' dir='ltr'>ἁμαρτίας,</span> <span class='ocrx_word' id='word_1_60' title='bbox 472 443 516 471; x_wconf 79' lang='grc' dir='ltr'>καὶ</span> <span class='ocrx_word' id='word_1_61' title='bbox 540 445 589 470; x_wconf 81' lang='grc' dir='ltr'>τοῦ</span> <span class='ocrx_word' id='word_1_62' title='bbox 611 445 754 481; x_wconf 82' lang='grc' dir='ltr'>σφραγῖσαι</span> <span class='ocrx_word' id='word_1_63' title='bbox 780 442 925 480; x_wconf 80' lang='grc' dir='ltr'>ἁμαρτίας·</span> <span class='ocrx_word' id='word_1_64' title='bbox 945 454 959 468; x_wconf 76' lang='grc' dir='ltr'>ι)</span> 
     </span>
    </p>
   </div>
   <div class='ocr_carea' id='block_1_10' title="bbox 131 486 959 526">
    <p class='ocr_par' dir='ltr' id='par_1_10' title="bbox 131 486 959 526">
     <span class='ocr_line' id='line_1_10' title="bbox 131 486 959 526; baseline -0.001 -11"><span class='ocrx_word' id='word_1_65' title='bbox 131 488 178 516; x_wconf 72' lang='grc' dir='ltr'>καὶ</span> <span class='ocrx_word' id='word_1_66' title='bbox 208 488 276 524; x_wconf 72' lang='grc' dir='ltr'>μετὰ</span> <span class='ocrx_word' id='word_1_67' title='bbox 294 487 397 526; x_wconf 74' lang='grc' dir='ltr'>βραχύ·</span> <span class='ocrx_word' id='word_1_68' title='bbox 423 500 438 514; x_wconf 76' lang='grc' dir='ltr'>(ι</span> <span class='ocrx_word' id='word_1_69' title='bbox 465 488 514 515; x_wconf 81' lang='grc' dir='ltr'>Καὶ</span> <span class='ocrx_word' id='word_1_70' title='bbox 538 489 587 515; x_wconf 76' lang='grc' dir='ltr'>τοῦ</span> <span class='ocrx_word' id='word_1_71' title='bbox 617 490 762 526; x_wconf 81' lang='grc' dir='ltr'>σφραγῖσαι</span> <span class='ocrx_word' id='word_1_72' title='bbox 796 486 888 525; x_wconf 79' lang='grc' dir='ltr'>ὅρασιν</span> <span class='ocrx_word' id='word_1_73' title='bbox 913 487 959 514; x_wconf 81' lang='grc' dir='ltr'>καὶ</span> 
     </span>
    </p>
   </div>
   <div class='ocr_carea' id='block_1_11' title="bbox 131 530 958 572">
    <p class='ocr_par' dir='ltr' id='par_1_11' title="bbox 131 530 958 572">
     <span class='ocr_line' id='line_1_11' title="bbox 131 530 958 572; baseline -0.002 -12"><span class='ocrx_word' id='word_1_74' title='bbox 131 533 312 572; x_wconf 64' lang='grc' dir='ltr'>προφητείαν,</span> <span class='ocrx_word' id='word_1_75' title='bbox 327 532 372 560; x_wconf 73' lang='grc' dir='ltr'>καὶ</span> <span class='ocrx_word' id='word_1_76' title='bbox 386 535 436 560; x_wconf 72' lang='grc' dir='ltr'>τοῦ</span> <span class='ocrx_word' id='word_1_77' title='bbox 451 534 556 570; x_wconf 74' lang='grc' dir='ltr'>χρῖσαι.</span> <span class='ocrx_word' id='word_1_78' title='bbox 572 533 668 570; x_wconf 75' lang='grc' dir='ltr'>¹¹Αγιον</span> <span class='ocrx_word' id='word_1_79' title='bbox 684 532 777 569; x_wconf 79' lang='grc' dir='ltr'>ἁγίων.</span> <span class='ocrx_word' id='word_1_80' title='bbox 801 541 814 558; x_wconf 73' lang='grc' dir='ltr'>ι</span> <span class='ocrx_word' id='word_1_81' title='bbox 843 531 889 563; x_wconf 87' lang='grc' dir='ltr'>Τίς</span> <span class='ocrx_word' id='word_1_82' title='bbox 913 530 958 558; x_wconf 76' lang='grc' dir='ltr'>οὖν</span> 
     </span>
    </p>
   </div>
   <div class='ocr_carea' id='block_1_12' title="bbox 132 575 960 614">
    <p class='ocr_par' dir='ltr' id='par_1_12' title="bbox 132 575 960 614">
     <span class='ocr_line' id='line_1_12' title="bbox 132 575 960 614; baseline 0 -10"><span class='ocrx_word' id='word_1_83' title='bbox 132 578 203 605; x_wconf 75' lang='grc' dir='ltr'>ἐστιν</span> <span class='ocrx_word' id='word_1_84' title='bbox 218 575 310 614; x_wconf 68' lang='grc' dir='ltr'>ἕτερος</span> <span class='ocrx_word' id='word_1_85' title='bbox 326 577 557 614; x_wconf 71' lang='grc' dir='ltr'>χρισθεῖς”Αγιος</span> <span class='ocrx_word' id='word_1_86' title='bbox 582 576 666 614; x_wconf 81' lang='grc' dir='ltr'>ἁγίων</span> <span class='ocrx_word' id='word_1_87' title='bbox 691 576 713 603; x_wconf 86' lang='grc' dir='ltr'>εἱ</span> <span class='ocrx_word' id='word_1_88' title='bbox 740 577 777 612; x_wconf 80' lang='grc' dir='ltr'>μὴ</span> <span class='ocrx_word' id='word_1_89' title='bbox 806 576 819 603; x_wconf 82' lang='grc' dir='ltr'>ὁ</span> <span class='ocrx_word' id='word_1_90' title='bbox 844 576 960 614; x_wconf 81' lang='grc' dir='ltr'>Χριστὸς</span> 
     </span>
    </p>
   </div>
   <div class='ocr_carea' id='block_1_13' title="bbox 133 617 960 658">
    <p class='ocr_par' dir='ltr' id='par_1_13' title="bbox 133 617 960 658">
     <span class='ocr_line' id='line_1_13' title="bbox 133 617 960 658; baseline -0.002 -9"><span class='ocrx_word' id='word_1_91' title='bbox 133 621 229 658; x_wconf 80' lang='grc' dir='ltr'>μόνος,</span> <span class='ocrx_word' id='word_1_92' title='bbox 246 622 283 652; x_wconf 83' lang='grc' dir='ltr'>ὡς</span> <span class='ocrx_word' id='word_1_93' title='bbox 297 623 346 648; x_wconf 74' lang='grc' dir='ltr'>τοῦ</span> <span class='ocrx_word' id='word_1_94' title='bbox 361 623 428 649; x_wconf 77' lang='grc' dir='ltr'>Θεοῦ</span> <span class='ocrx_word' id='word_1_95' title='bbox 442 623 490 648; x_wconf 75' lang='grc' dir='ltr'>τοῦ</span> <span class='ocrx_word' id='word_1_96' title='bbox 506 623 606 655; x_wconf 81' lang='grc' dir='ltr'>ζῶντος</span> <span class='ocrx_word' id='word_1_97' title='bbox 619 630 625 655; x_wconf 90' lang='grc'>;</span> <span class='ocrx_word' id='word_1_98' title='bbox 643 621 677 648; x_wconf 77' lang='lat' dir='ltr'><strong>Ai</strong></span> <span class='ocrx_word' id='word_1_99' title='bbox 692 620 743 658; x_wconf 85' lang='grc' dir='ltr'><strong>γὰρ</strong></span> <span class='ocrx_word' id='word_1_100' title='bbox 767 617 960 656; x_wconf 76' lang='grc' dir='ltr'>ἐϐδομήκοντα</span> 
     </span>
    </p>
   </div>
   <div class='ocr_carea' id='block_1_14' title="bbox 132 662 958 704">
    <p class='ocr_par' dir='ltr' id='par_1_14' title="bbox 132 662 958 704">
     <span class='ocr_line' id='line_1_14' title="bbox 132 662 958 704; baseline -0.001 -10"><span class='ocrx_word' id='word_1_101' title='bbox 132 664 285 702; x_wconf 70' lang='grc' dir='ltr'>ὲϐδομάὸες</span> <span class='ocrx_word' id='word_1_102' title='bbox 310 665 469 704; x_wconf 81' lang='grc' dir='ltr'>τετρακόσια</span> <span class='ocrx_word' id='word_1_103' title='bbox 499 665 659 700; x_wconf 76' lang='grc' dir='ltr'>ἐνενήκοντα</span> <span class='ocrx_word' id='word_1_104' title='bbox 691 662 738 699; x_wconf 75' lang='grc' dir='ltr'>ἔτη</span> <span class='ocrx_word' id='word_1_105' title='bbox 768 665 958 701; x_wconf 79' lang='grc' dir='ltr'>σημαίνουσιν.</span> 
     </span>
    </p>
   </div>
   <div class='ocr_carea' id='block_1_15' title="bbox 131 708 957 746">
    <p class='ocr_par' dir='ltr' id='par_1_15' title="bbox 131 708 957 746">
     <span class='ocr_line' id='line_1_15' title="bbox 131 708 957 746; baseline -0.004 -8"><span class='ocrx_word' id='word_1_106' title='bbox 131 711 201 739; x_wconf 86' lang='grc' dir='ltr'><strong>Ἀπὸ</strong></span> <span class='ocrx_word' id='word_1_107' title='bbox 215 710 245 738; x_wconf 68' lang='grc' dir='ltr'>δὲ</span> <span class='ocrx_word' id='word_1_108' title='bbox 257 713 304 737; x_wconf 81' lang='grc' dir='ltr'><strong>τοῦ</strong></span> <span class='ocrx_word' id='word_1_109' title='bbox 320 709 421 745; x_wconf 78' lang='grc' dir='ltr'>Δανιὴλ</span> <span class='ocrx_word' id='word_1_110' title='bbox 436 708 487 740; x_wconf 74' lang='grc' dir='ltr'>ἕως</span> <span class='ocrx_word' id='word_1_111' title='bbox 502 711 551 737; x_wconf 82' lang='grc' dir='ltr'><strong>τοῦ</strong></span> <span class='ocrx_word' id='word_1_112' title='bbox 566 711 611 736; x_wconf 81' lang='grc' dir='ltr'>νῦν</span> <span class='ocrx_word' id='word_1_113' title='bbox 638 709 806 746; x_wconf 73' lang='grc' dir='ltr'>ὑπάρχουσιν</span> <span class='ocrx_word' id='word_1_114' title='bbox 831 708 878 744; x_wconf 77' lang='grc' dir='ltr'>ἔτη</span> <span class='ocrx_word' id='word_1_115' title='bbox 904 711 957 736; x_wconf 84' lang='grc' dir='ltr'>τῶν</span> 
     </span>
    </p>
   </div>
   <div class='ocr_carea' id='block_1_16' title="bbox 131 753 959 790">
    <p class='ocr_par' dir='ltr' id='par_1_16' title="bbox 131 753 959 790">
     <span class='ocr_line' id='line_1_16' title="bbox 131 753 959 790; baseline -0.002 -8"><span class='ocrx_word' id='word_1_116' title='bbox 131 754 301 783; x_wconf 78' lang='grc' dir='ltr'><strong>ὀκτακοσίων</strong></span> <span class='ocrx_word' id='word_1_117' title='bbox 328 754 426 782; x_wconf 83' lang='grc' dir='ltr'>πλείω.</span> <span class='ocrx_word' id='word_1_118' title='bbox 449 754 587 789; x_wconf 79' lang='grc' dir='ltr'>Λείξουσιν</span> <span class='ocrx_word' id='word_1_119' title='bbox 614 753 659 781; x_wconf 84' lang='grc' dir='ltr'><strong>οὗν</strong></span> <span class='ocrx_word' id='word_1_120' title='bbox 685 755 753 790; x_wconf 83' lang='grc' dir='ltr'>ἡμῖν</span> <span class='ocrx_word' id='word_1_121' title='bbox 779 753 875 781; x_wconf 85' lang='grc' dir='ltr'>λοιπὸν</span> <span class='ocrx_word' id='word_1_122' title='bbox 892 754 959 780; x_wconf 84' lang='grc' dir='ltr'>Ἰου-</span> 
     </span>
    </p>
   </div>
   <div class='ocr_carea' id='block_1_17' title="bbox 132 797 959 837">
    <p class='ocr_par' dir='ltr' id='par_1_17' title="bbox 132 797 959 837">
     <span class='ocr_line' id='line_1_17' title="bbox 132 797 959 837; baseline -0.002 -11"><span class='ocrx_word' id='word_1_123' title='bbox 132 798 215 832; x_wconf 73' lang='grc' dir='ltr'>δαῖοι,</span> <span class='ocrx_word' id='word_1_124' title='bbox 232 799 274 830; x_wconf 87' lang='grc' dir='ltr'><strong>τίς</strong></span> <span class='ocrx_word' id='word_1_125' title='bbox 290 800 352 837; x_wconf 76' lang='grc' dir='ltr'>παρ’</span> <span class='ocrx_word' id='word_1_126' title='bbox 368 798 459 829; x_wconf 78' lang='grc' dir='ltr'>αὐτοῖς</span> <span class='ocrx_word' id='word_1_127' title='bbox 481 798 607 836; x_wconf 74' lang='grc' dir='ltr'>ἐχρίσθη.</span> <span class='ocrx_word' id='word_1_128' title='bbox 624 799 720 835; x_wconf 71' lang='grc' dir='ltr'>’Ἄγιος</span> <span class='ocrx_word' id='word_1_129' title='bbox 737 798 819 835; x_wconf 80' lang='grc' dir='ltr'>ἁγίων</span> <span class='ocrx_word' id='word_1_130' title='bbox 838 797 905 834; x_wconf 83' lang='grc' dir='ltr'>μετὰ</span> <span class='ocrx_word' id='word_1_131' title='bbox 918 807 959 824; x_wconf 85' lang='grc' dir='ltr'>τε-</span> 
     </span>
    </p>
   </div>
   <div class='ocr_carea' id='block_1_18' title="bbox 131 841 960 882">
    <p class='ocr_par' dir='ltr' id='par_1_18' title="bbox 131 841 960 882">
     <span class='ocr_line' id='line_1_18' title="bbox 131 841 960 882; baseline -0.002 -11"><span class='ocrx_word' id='word_1_132' title='bbox 131 844 264 882; x_wconf 75' lang='grc' dir='ltr'>τρακόσια</span> <span class='ocrx_word' id='word_1_133' title='bbox 279 844 439 879; x_wconf 77' lang='grc' dir='ltr'>ἐνενήκοντα</span> <span class='ocrx_word' id='word_1_134' title='bbox 454 841 501 877; x_wconf 74' lang='grc' dir='ltr'>ἔτη</span> <span class='ocrx_word' id='word_1_135' title='bbox 526 845 575 870; x_wconf 81' lang='grc' dir='ltr'>τοῦ</span> <span class='ocrx_word' id='word_1_136' title='bbox 598 842 711 877; x_wconf 78' lang='grc' dir='ltr'>Δανιὴλ,</span> <span class='ocrx_word' id='word_1_137' title='bbox 734 842 779 869; x_wconf 80' lang='grc' dir='ltr'>καὶ</span> <span class='ocrx_word' id='word_1_138' title='bbox 802 843 960 880; x_wconf 74' lang='grc' dir='ltr'>κατήργησι</span> 
     </span>
    </p>
   </div>
   <div class='ocr_carea' id='block_1_19' title="bbox 130 886 959 923">
    <p class='ocr_par' dir='ltr' id='par_1_19' title="bbox 130 886 959 923">
     <span class='ocr_line' id='line_1_19' title="bbox 130 886 959 923; baseline -0.001 -8"><span class='ocrx_word' id='word_1_139' title='bbox 130 889 181 923; x_wconf 82' lang='grc' dir='ltr'><strong>τήν</strong></span> <span class='ocrx_word' id='word_1_140' title='bbox 196 889 289 921; x_wconf 70' lang='grc' dir='ltr'>θυσίαν</span> <span class='ocrx_word' id='word_1_141' title='bbox 305 888 349 915; x_wconf 79' lang='grc' dir='ltr'>καὶ</span> <span class='ocrx_word' id='word_1_142' title='bbox 365 888 414 922; x_wconf 81' lang='grc' dir='ltr'>τὴν</span> <span class='ocrx_word' id='word_1_143' title='bbox 431 886 551 922; x_wconf 74' lang='grc' dir='ltr'>σπονδὴν</span> <span class='ocrx_word' id='word_1_144' title='bbox 565 888 616 922; x_wconf 87' lang='grc' dir='ltr'><strong>τήν</strong></span> <span class='ocrx_word' id='word_1_145' title='bbox 638 888 755 923; x_wconf 80' lang='grc' dir='ltr'>νομικήν</span> <span class='ocrx_word' id='word_1_146' title='bbox 770 898 778 919; x_wconf 70' lang='grc' dir='ltr'><strong>ς</strong></span> <span class='ocrx_word' id='word_1_147' title='bbox 804 886 882 915; x_wconf 82' lang='grc' dir='ltr'>Ἀλλ’</span> <span class='ocrx_word' id='word_1_148' title='bbox 911 886 959 914; x_wconf 78' lang='grc' dir='ltr'><strong>οὐκ</strong></span> 
     </span>
    </p>
   </div>
   <div class='ocr_carea' id='block_1_20' title="bbox 129 931 958 972">
    <p class='ocr_par' dir='ltr' id='par_1_20' title="bbox 129 931 958 972">
     <span class='ocr_line' id='line_1_20' title="bbox 129 931 958 972; baseline -0.004 -11"><span class='ocrx_word' id='word_1_149' title='bbox 129 932 229 972; x_wconf 78' lang='grc' dir='ltr'>’ἔχουσι</span> <span class='ocrx_word' id='word_1_150' title='bbox 246 932 340 968; x_wconf 77' lang='grc' dir='ltr'>δεῖξαι,</span> <span class='ocrx_word' id='word_1_151' title='bbox 365 933 405 963; x_wconf 85' lang='grc' dir='ltr'><strong>τίς</strong></span> <span class='ocrx_word' id='word_1_152' title='bbox 428 934 511 960; x_wconf 75' lang='grc' dir='ltr'>τοῦτο</span> <span class='ocrx_word' id='word_1_153' title='bbox 534 932 693 967; x_wconf 79' lang='grc' dir='ltr'>πεποίηκεν,</span> <span class='ocrx_word' id='word_1_154' title='bbox 719 931 742 958; x_wconf 70' lang='grc' dir='ltr'>οἱ</span> <span class='ocrx_word' id='word_1_155' title='bbox 769 931 807 968; x_wconf 79' lang='grc' dir='ltr'>μὴ</span> <span class='ocrx_word' id='word_1_156' title='bbox 823 932 928 967; x_wconf 74' lang='grc' dir='ltr'>Ἰησοῦς</span> <span class='ocrx_word' id='word_1_157' title='bbox 944 931 958 958; x_wconf 86' lang='grc' dir='ltr'><strong>ὁ</strong></span> 
     </span>
    </p>
   </div>
   <div class='ocr_carea' id='block_1_21' title="bbox 131 978 516 1016">
    <p class='ocr_par' dir='ltr' id='par_1_21' title="bbox 131 978 516 1016">
     <span class='ocr_line' id='line_1_21' title="bbox 131 978 516 1016; baseline -0.003 -10"><span class='ocrx_word' id='word_1_158' title='bbox 131 978 252 1016; x_wconf 80' lang='grc' dir='ltr'>Χριστὸς</span> <span class='ocrx_word' id='word_1_159' title='bbox 267 978 282 1005; x_wconf 81' lang='grc' dir='ltr'>ὁ</span> <span class='ocrx_word' id='word_1_160' title='bbox 298 978 358 1008; x_wconf 83' lang='grc' dir='ltr'><strong>Υἱὸς</strong></span> <span class='ocrx_word' id='word_1_161' title='bbox 376 979 425 1005; x_wconf 81' lang='grc' dir='ltr'>τοῦ</span> <span class='ocrx_word' id='word_1_162' title='bbox 440 979 516 1005; x_wconf 83' lang='grc' dir='ltr'><strong>Θεοῦ.</strong></span> 
     </span>
    </p>
   </div>
   <div class='ocr_carea' id='block_1_22' title="bbox 165 1020 958 1058">
    <p class='ocr_par' dir='ltr' id='par_1_22' title="bbox 165 1020 958 1058">
     <span class='ocr_line' id='line_1_22' title="bbox 165 1020 958 1058; baseline -0.004 -8"><span class='ocrx_word' id='word_1_163' title='bbox 165 1024 193 1051; x_wconf 88' lang='grc'><strong>3.</strong></span> <span class='ocrx_word' id='word_1_164' title='bbox 209 1024 270 1049; x_wconf 82' lang='grc' dir='ltr'>’Ότι</span> <span class='ocrx_word' id='word_1_165' title='bbox 298 1020 327 1049; x_wconf 73' lang='grc' dir='ltr'><strong>δὲ</strong></span> <span class='ocrx_word' id='word_1_166' title='bbox 342 1021 448 1057; x_wconf 83' lang='grc' dir='ltr'>ἀληθής</span> <span class='ocrx_word' id='word_1_167' title='bbox 465 1021 532 1058; x_wconf 72' lang='grc' dir='ltr'>ἐστι,</span> <span class='ocrx_word' id='word_1_168' title='bbox 548 1021 592 1048; x_wconf 78' lang='grc' dir='ltr'><strong>καὶ</strong></span> <span class='ocrx_word' id='word_1_169' title='bbox 609 1021 640 1049; x_wconf 88' lang='grc' dir='ltr'>οὐ</span> <span class='ocrx_word' id='word_1_170' title='bbox 665 1020 780 1055; x_wconf 78' lang='grc' dir='ltr'>πλάνος,</span> <span class='ocrx_word' id='word_1_171' title='bbox 804 1021 818 1047; x_wconf 81' lang='grc' dir='ltr'>ὁ</span> <span class='ocrx_word' id='word_1_172' title='bbox 843 1021 958 1055; x_wconf 80' lang='grc' dir='ltr'>Χριστὸς</span> 
     </span>
    </p>
   </div>
   <div class='ocr_carea' id='block_1_23' title="bbox 128 1064 957 1102">
    <p class='ocr_par' dir='ltr' id='par_1_23' title="bbox 128 1064 957 1102">
     <span class='ocr_line' id='line_1_23' title="bbox 128 1064 957 1102; baseline -0.002 -8"><span class='ocrx_word' id='word_1_173' title='bbox 128 1068 168 1097; x_wconf 80' lang='grc' dir='ltr'>ὡς</span> <span class='ocrx_word' id='word_1_174' title='bbox 185 1068 264 1102; x_wconf 81' lang='grc' dir='ltr'>ὑμεῖς</span> <span class='ocrx_word' id='word_1_175' title='bbox 289 1066 422 1102; x_wconf 83' lang='grc' dir='ltr'>νομίζετε,</span> <span class='ocrx_word' id='word_1_176' title='bbox 450 1066 472 1092; x_wconf 84' lang='grc' dir='ltr'>ὦ</span> <span class='ocrx_word' id='word_1_177' title='bbox 497 1064 636 1099; x_wconf 78' lang='grc' dir='ltr'>Ἰουδαῖοι,</span> <span class='ocrx_word' id='word_1_178' title='bbox 660 1066 868 1102; x_wconf 77' lang='grc' dir='ltr'>παραστήσομεν</span> <span class='ocrx_word' id='word_1_179' title='bbox 895 1065 957 1101; x_wconf 84' lang='grc' dir='ltr'>ὑμῖν</span> 
     </span>
    </p>
   </div>
   <div class='ocr_carea' id='block_1_24' title="bbox 128 1109 958 1148">
    <p class='ocr_par' dir='ltr' id='par_1_24' title="bbox 128 1109 958 1148">
     <span class='ocr_line' id='line_1_24' title="bbox 128 1109 958 1148; baseline -0.004 -9"><span class='ocrx_word' id='word_1_180' title='bbox 128 1113 212 1139; x_wconf 67' lang='grc' dir='ltr'>τοῦτο</span> <span class='ocrx_word' id='word_1_181' title='bbox 230 1111 261 1138; x_wconf 80' lang='grc' dir='ltr'>οὐ</span> <span class='ocrx_word' id='word_1_182' title='bbox 277 1110 322 1138; x_wconf 77' lang='grc' dir='ltr'><strong>διὰ</strong></span> <span class='ocrx_word' id='word_1_183' title='bbox 337 1110 479 1148; x_wconf 77' lang='grc' dir='ltr'>ῥημάτων,</span> <span class='ocrx_word' id='word_1_184' title='bbox 503 1109 576 1137; x_wconf 75' lang='grc' dir='ltr'>ἀλλὰ</span> <span class='ocrx_word' id='word_1_185' title='bbox 601 1109 646 1137; x_wconf 83' lang='grc' dir='ltr'><strong>διὰ</strong></span> <span class='ocrx_word' id='word_1_186' title='bbox 669 1110 849 1147; x_wconf 70' lang='grc' dir='ltr'>πραγμάτων,</span> <span class='ocrx_word' id='word_1_187' title='bbox 876 1110 958 1148; x_wconf 73' lang='grc' dir='ltr'>μέχρι</span> 
     </span>
    </p>
   </div>
   <div class='ocr_carea' id='block_1_25' title="bbox 126 1153 957 1192">
    <p class='ocr_par' dir='ltr' id='par_1_25' title="bbox 126 1153 957 1192">
     <span class='ocr_line' id='line_1_25' title="bbox 126 1153 957 1192; baseline -0.001 -10"><span class='ocrx_word' id='word_1_188' title='bbox 126 1158 180 1183; x_wconf 70' lang='grc' dir='ltr'><strong>τοῦ</strong></span> <span class='ocrx_word' id='word_1_189' title='bbox 208 1157 255 1182; x_wconf 75' lang='grc' dir='ltr'>νῦν</span> <span class='ocrx_word' id='word_1_190' title='bbox 284 1155 438 1192; x_wconf 79' lang='grc' dir='ltr'>κραςόντων</span> <span class='ocrx_word' id='word_1_191' title='bbox 463 1154 508 1181; x_wconf 74' lang='grc' dir='ltr'><strong>καὶ</strong></span> <span class='ocrx_word' id='word_1_192' title='bbox 534 1154 742 1192; x_wconf 76' lang='grc' dir='ltr'>μαρτυρούντων</span> <span class='ocrx_word' id='word_1_193' title='bbox 769 1153 795 1182; x_wconf 82' lang='grc' dir='ltr'>ἐν</span> <span class='ocrx_word' id='word_1_194' title='bbox 825 1154 895 1191; x_wconf 79' lang='grc' dir='ltr'>πάσῃ</span> <span class='ocrx_word' id='word_1_195' title='bbox 923 1156 957 1191; x_wconf 82' lang='grc' dir='ltr'>τῇ</span> 
     </span>
    </p>
   </div>
   <div class='ocr_carea' id='block_1_26' title="bbox 127 1198 959 1236">
    <p class='ocr_par' dir='ltr' id='par_1_26' title="bbox 127 1198 959 1236">
     <span class='ocr_line' id='line_1_26' title="bbox 127 1198 959 1236; baseline -0.004 -8"><span class='ocrx_word' id='word_1_196' title='bbox 127 1201 294 1236; x_wconf 63' lang='grc' dir='ltr'>οἰκουμένῃ’</span> <span class='ocrx_word' id='word_1_197' title='bbox 312 1199 355 1226; x_wconf 84' lang='grc' dir='ltr'>καὶ</span> <span class='ocrx_word' id='word_1_198' title='bbox 371 1199 413 1226; x_wconf 79' lang='grc' dir='ltr'><strong>ὅτι</strong></span> <span class='ocrx_word' id='word_1_199' title='bbox 428 1200 516 1226; x_wconf 74' lang='grc' dir='ltr'>πάντα</span> <span class='ocrx_word' id='word_1_200' title='bbox 538 1199 572 1226; x_wconf 81' lang='grc' dir='ltr'><strong>τὰ</strong></span> <span class='ocrx_word' id='word_1_201' title='bbox 597 1199 640 1226; x_wconf 74' lang='grc' dir='ltr'>ὑπ’</span> <span class='ocrx_word' id='word_1_202' title='bbox 663 1198 745 1226; x_wconf 74' lang='grc' dir='ltr'>αὐτοῦ</span> <span class='ocrx_word' id='word_1_203' title='bbox 766 1198 896 1236; x_wconf 75' lang='grc' dir='ltr'><strong>κεχθέντα</strong></span> <span class='ocrx_word' id='word_1_204' title='bbox 918 1209 959 1236; x_wconf 88' lang='grc' dir='ltr'>γε-</span> 
     </span>
    </p>
   </div>
   <div class='ocr_carea' id='block_1_27' title="bbox 124 1243 959 1283">
    <p class='ocr_par' dir='ltr' id='par_1_27' title="bbox 124 1243 959 1283">
     <span class='ocr_line' id='line_1_27' title="bbox 124 1243 959 1283; baseline -0.002 -11"><span class='ocrx_word' id='word_1_205' title='bbox 124 1246 253 1283; x_wconf 70' lang='grc' dir='ltr'>γόνασιν.</span> <span class='ocrx_word' id='word_1_206' title='bbox 272 1245 338 1271; x_wconf 84' lang='grc' dir='ltr'>Εἴπε</span> <span class='ocrx_word' id='word_1_207' title='bbox 357 1243 421 1281; x_wconf 81' lang='grc' dir='ltr'>γὰρ,</span> <span class='ocrx_word' id='word_1_208' title='bbox 450 1243 492 1270; x_wconf 73' lang='grc' dir='ltr'><strong>ὅτι</strong></span> <span class='ocrx_word' id='word_1_209' title='bbox 518 1256 531 1268; x_wconf 83' lang='grc'><strong>‹‹</strong></span> <span class='ocrx_word' id='word_1_210' title='bbox 556 1244 588 1271; x_wconf 70' lang='grc' dir='ltr'><strong>Ὀ</strong></span> <span class='ocrx_word' id='word_1_211' title='bbox 611 1243 722 1280; x_wconf 80' lang='grc' dir='ltr'>οὐρανὸς</span> <span class='ocrx_word' id='word_1_212' title='bbox 747 1243 793 1270; x_wconf 84' lang='grc' dir='ltr'><strong>καὶ</strong></span> <span class='ocrx_word' id='word_1_213' title='bbox 809 1244 826 1278; x_wconf 86' lang='grc' dir='ltr'>ἡ</span> <span class='ocrx_word' id='word_1_214' title='bbox 841 1247 875 1281; x_wconf 86' lang='grc' dir='ltr'>γῆ</span> <span class='ocrx_word' id='word_1_215' title='bbox 893 1254 959 1281; x_wconf 81' lang='grc' dir='ltr'>παρ-</span> 
     </span>
    </p>
   </div>
   <div class='ocr_carea' id='block_1_28' title="bbox 127 1287 957 1326">
    <p class='ocr_par' dir='ltr' id='par_1_28' title="bbox 127 1287 957 1326">
     <span class='ocr_line' id='line_1_28' title="bbox 127 1287 957 1326; baseline -0.002 -9"><span class='ocrx_word' id='word_1_216' title='bbox 127 1289 282 1324; x_wconf 73' lang='grc' dir='ltr'>ελεύσεται,</span> <span class='ocrx_word' id='word_1_217' title='bbox 300 1289 325 1315; x_wconf 83' lang='grc' dir='ltr'>οἱ</span> <span class='ocrx_word' id='word_1_218' title='bbox 341 1287 369 1315; x_wconf 75' lang='grc' dir='ltr'>δὲ</span> <span class='ocrx_word' id='word_1_219' title='bbox 385 1288 462 1326; x_wconf 86' lang='grc' dir='ltr'>λόγοι</span> <span class='ocrx_word' id='word_1_220' title='bbox 480 1298 533 1324; x_wconf 87' lang='grc' dir='ltr'><strong>μου</strong></span> <span class='ocrx_word' id='word_1_221' title='bbox 549 1287 579 1315; x_wconf 80' lang='grc' dir='ltr'>οὐ</span> <span class='ocrx_word' id='word_1_222' title='bbox 593 1288 631 1324; x_wconf 81' lang='grc' dir='ltr'>μὴ</span> <span class='ocrx_word' id='word_1_223' title='bbox 647 1287 828 1324; x_wconf 72' lang='grc' dir='ltr'>παρέλθωσιν.</span> <span class='ocrx_word' id='word_1_224' title='bbox 848 1300 862 1313; x_wconf 84' lang='grc'><strong>››</strong></span> <span class='ocrx_word' id='word_1_225' title='bbox 879 1290 957 1315; x_wconf 88' lang='grc' dir='ltr'>Ποῖοι</span> 
     </span>
    </p>
   </div>
   <div class='ocr_carea' id='block_1_29' title="bbox 126 1332 958 1371">
    <p class='ocr_par' dir='ltr' id='par_1_29' title="bbox 126 1332 958 1371">
     <span class='ocr_line' id='line_1_29' title="bbox 126 1332 958 1371; baseline -0.002 -10"><span class='ocrx_word' id='word_1_226' title='bbox 126 1333 154 1361; x_wconf 75' lang='grc' dir='ltr'><strong>δὲ</strong></span> <span class='ocrx_word' id='word_1_227' title='bbox 174 1334 267 1371; x_wconf 78' lang='grc' dir='ltr'>λόγοι,</span> <span class='ocrx_word' id='word_1_228' title='bbox 282 1335 420 1371; x_wconf 80' lang='grc' dir='ltr'>νουνεχῶς</span> <span class='ocrx_word' id='word_1_229' title='bbox 453 1332 624 1369; x_wconf 76' lang='grc' dir='ltr'>ἀκούσωμεν.</span> <span class='ocrx_word' id='word_1_230' title='bbox 654 1332 721 1359; x_wconf 84' lang='grc' dir='ltr'>Εἷπε</span> <span class='ocrx_word' id='word_1_231' title='bbox 743 1332 805 1370; x_wconf 80' lang='grc' dir='ltr'>περὶ</span> <span class='ocrx_word' id='word_1_232' title='bbox 829 1334 877 1359; x_wconf 75' lang='grc' dir='ltr'><strong>τοῦ</strong></span> <span class='ocrx_word' id='word_1_233' title='bbox 895 1332 958 1369; x_wconf 83' lang='grc' dir='ltr'>ὑμε-</span> 
     </span>
    </p>
   </div>
   <div class='ocr_carea' id='block_1_30' title="bbox 123 1375 956 1417">
    <p class='ocr_par' dir='ltr' id='par_1_30' title="bbox 123 1375 956 1417">
     <span class='ocr_line' id='line_1_30' title="bbox 123 1375 956 1417; baseline -0.004 -11"><span class='ocrx_word' id='word_1_234' title='bbox 123 1380 212 1417; x_wconf 72' lang='grc' dir='ltr'>τέρου</span> <span class='ocrx_word' id='word_1_235' title='bbox 227 1380 304 1413; x_wconf 70' lang='grc' dir='ltr'>ναοῦ,</span> <span class='ocrx_word' id='word_1_236' title='bbox 320 1377 360 1405; x_wconf 76' lang='grc' dir='ltr'><strong>ὅτι</strong></span> <span class='ocrx_word' id='word_1_237' title='bbox 378 1390 391 1402; x_wconf 86' lang='grc'><em>‹‹</em></span> <span class='ocrx_word' id='word_1_238' title='bbox 409 1377 497 1413; x_wconf 74' lang='grc' dir='ltr'>Ἀμὴν</span> <span class='ocrx_word' id='word_1_239' title='bbox 515 1375 587 1414; x_wconf 68' lang='grc' dir='ltr'>λέγω</span> <span class='ocrx_word' id='word_1_240' title='bbox 608 1376 681 1413; x_wconf 74' lang='grc' dir='ltr'>ὑμῖν,</span> <span class='ocrx_word' id='word_1_241' title='bbox 698 1376 729 1403; x_wconf 83' lang='grc' dir='ltr'>οὐ</span> <span class='ocrx_word' id='word_1_242' title='bbox 747 1377 784 1413; x_wconf 81' lang='grc' dir='ltr'>μή</span> <span class='ocrx_word' id='word_1_243' title='bbox 811 1376 889 1413; x_wconf 78' lang='grc' dir='ltr'>μείνῃ</span> <span class='ocrx_word' id='word_1_244' title='bbox 914 1376 956 1404; x_wconf 89' lang='grc' dir='ltr'>λί-</span> 
     </span>
    </p>
   </div>
   <div class='ocr_carea' id='block_1_31' title="bbox 125 1420 956 1459">
    <p class='ocr_par' dir='ltr' id='par_1_31' title="bbox 125 1420 956 1459">
     <span class='ocr_line' id='line_1_31' title="bbox 125 1420 956 1459; baseline -0.002 -9"><span class='ocrx_word' id='word_1_245' title='bbox 125 1429 174 1455; x_wconf 73' lang='grc' dir='ltr'><strong>θος</strong></span> <span class='ocrx_word' id='word_1_246' title='bbox 189 1422 239 1450; x_wconf 77' lang='grc' dir='ltr'>ἐπὶ</span> <span class='ocrx_word' id='word_1_247' title='bbox 255 1422 331 1454; x_wconf 82' lang='grc' dir='ltr'>λίθον</span> <span class='ocrx_word' id='word_1_248' title='bbox 347 1422 388 1449; x_wconf 86' lang='grc' dir='ltr'><strong>ἐπ’</strong></span> <span class='ocrx_word' id='word_1_249' title='bbox 403 1421 488 1457; x_wconf 81' lang='grc' dir='ltr'><strong>αὐτῷ,</strong></span> <span class='ocrx_word' id='word_1_250' title='bbox 505 1421 534 1452; x_wconf 81' lang='grc' dir='ltr'>δς</span> <span class='ocrx_word' id='word_1_251' title='bbox 551 1420 581 1448; x_wconf 76' lang='grc' dir='ltr'>οὐ</span> <span class='ocrx_word' id='word_1_252' title='bbox 603 1421 640 1457; x_wconf 81' lang='grc' dir='ltr'>μή</span> <span class='ocrx_word' id='word_1_253' title='bbox 668 1420 818 1458; x_wconf 78' lang='grc' dir='ltr'>καταλυθῇ·</span> <span class='ocrx_word' id='word_1_254' title='bbox 848 1433 862 1446; x_wconf 84' lang='grc'><strong>››</strong></span> <span class='ocrx_word' id='word_1_255' title='bbox 887 1422 956 1459; x_wconf 76' lang='grc' dir='ltr'>Ἀρα</span> 
     </span>
    </p>
   </div>
   <div class='ocr_carea' id='block_1_32' title="bbox 123 1465 957 1506">
    <p class='ocr_par' dir='ltr' id='par_1_32' title="bbox 123 1465 957 1506">
     <span class='ocr_line' id='line_1_32' title="bbox 123 1465 957 1506; baseline -0.001 -12"><span class='ocrx_word' id='word_1_256' title='bbox 123 1467 239 1506; x_wconf 67' lang='grc' dir='ltr'>γέγονεν</span> <span class='ocrx_word' id='word_1_257' title='bbox 268 1466 351 1494; x_wconf 74' lang='grc' dir='ltr'>αὐτοῦ</span> <span class='ocrx_word' id='word_1_258' title='bbox 379 1467 392 1493; x_wconf 86' lang='grc' dir='ltr'><strong>ὁ</strong></span> <span class='ocrx_word' id='word_1_259' title='bbox 418 1466 512 1504; x_wconf 85' lang='grc' dir='ltr'>λόγος,</span> <span class='ocrx_word' id='word_1_260' title='bbox 533 1466 551 1500; x_wconf 74' lang='grc' dir='ltr'><strong>ἢ</strong></span> <span class='ocrx_word' id='word_1_261' title='bbox 574 1465 605 1492; x_wconf 84' lang='grc' dir='ltr'>οὐ</span> <span class='ocrx_word' id='word_1_262' title='bbox 628 1465 757 1503; x_wconf 76' lang='grc' dir='ltr'>γέγονεν;</span> <span class='ocrx_word' id='word_1_263' title='bbox 795 1466 887 1500; x_wconf 80' lang='grc' dir='ltr'>Εἶπεν,</span> <span class='ocrx_word' id='word_1_264' title='bbox 915 1466 957 1493; x_wconf 82' lang='grc' dir='ltr'><strong>ὅτι</strong></span> 
     </span>
    </p>
   </div>
   <div class='ocr_carea' id='block_1_33' title="bbox 124 1509 955 1547">
    <p class='ocr_par' dir='ltr' id='par_1_33' title="bbox 124 1509 955 1547">
     <span class='ocr_line' id='line_1_33' title="bbox 124 1509 955 1547; baseline -0.004 -7"><span class='ocrx_word' id='word_1_265' title='bbox 124 1512 288 1540; x_wconf 69' lang='grc' dir='ltr'>ἐλεύσονται</span> <span class='ocrx_word' id='word_1_266' title='bbox 317 1511 344 1538; x_wconf 77' lang='grc' dir='ltr'>οἱ</span> <span class='ocrx_word' id='word_1_267' title='bbox 368 1513 510 1547; x_wconf 80' lang='grc' dir='ltr'>Ῥωμαῖοι,</span> <span class='ocrx_word' id='word_1_268' title='bbox 535 1509 580 1537; x_wconf 75' lang='grc' dir='ltr'>καὶ</span> <span class='ocrx_word' id='word_1_269' title='bbox 604 1510 713 1547; x_wconf 73' lang='grc' dir='ltr'>ἀροῦσιν</span> <span class='ocrx_word' id='word_1_270' title='bbox 732 1510 807 1546; x_wconf 81' lang='grc' dir='ltr'>ὑμῶν</span> <span class='ocrx_word' id='word_1_271' title='bbox 823 1511 853 1538; x_wconf 76' lang='grc' dir='ltr'><strong>τὸ</strong></span> <span class='ocrx_word' id='word_1_272' title='bbox 868 1510 955 1545; x_wconf 78' lang='grc' dir='ltr'>ἔθνος,</span> 
     </span>
    </p>
   </div>
   <div class='ocr_carea' id='block_1_34' title="bbox 122 1553 955 1592">
    <p class='ocr_par' dir='ltr' id='par_1_34' title="bbox 122 1553 955 1592">
     <span class='ocr_line' id='line_1_34' title="bbox 122 1553 955 1592; baseline -0.002 -8"><span class='ocrx_word' id='word_1_273' title='bbox 122 1557 168 1584; x_wconf 75' lang='grc' dir='ltr'><strong>καὶ</strong></span> <span class='ocrx_word' id='word_1_274' title='bbox 185 1557 241 1590; x_wconf 71' lang='grc' dir='ltr'>τὴν</span> <span class='ocrx_word' id='word_1_275' title='bbox 258 1554 339 1583; x_wconf 86' lang='grc' dir='ltr'>πόλιν</span> <span class='ocrx_word' id='word_1_276' title='bbox 360 1555 405 1583; x_wconf 69' lang='grc' dir='ltr'><strong>καὶ</strong></span> <span class='ocrx_word' id='word_1_277' title='bbox 430 1555 462 1581; x_wconf 79' lang='grc' dir='ltr'>τὸ</span> <span class='ocrx_word' id='word_1_278' title='bbox 488 1553 636 1592; x_wconf 82' lang='grc' dir='ltr'>βασίλειον⁴</span> <span class='ocrx_word' id='word_1_279' title='bbox 662 1555 731 1592; x_wconf 82' lang='grc' dir='ltr'>Ἀρα</span> <span class='ocrx_word' id='word_1_280' title='bbox 753 1554 848 1592; x_wconf 70' lang='grc' dir='ltr'>γέγονε</span> <span class='ocrx_word' id='word_1_281' title='bbox 874 1557 955 1582; x_wconf 77' lang='grc' dir='ltr'>τοῦτο</span> 
     </span>
    </p>
   </div>
   <div class='ocr_carea' id='block_1_35' title="bbox 121 1598 954 1637">
    <p class='ocr_par' dir='ltr' id='par_1_35' title="bbox 121 1598 954 1637">
     <span class='ocr_line' id='line_1_35' title="bbox 121 1598 954 1637; baseline -0.001 -9"><span class='ocrx_word' id='word_1_282' title='bbox 121 1601 166 1629; x_wconf 74' lang='grc' dir='ltr'><strong>ἐπὶ</strong></span> <span class='ocrx_word' id='word_1_283' title='bbox 195 1600 403 1630; x_wconf 66' lang='grc' dir='ltr'>Οὗεσπασιανοῦ</span> <span class='ocrx_word' id='word_1_284' title='bbox 428 1599 473 1627; x_wconf 78' lang='grc' dir='ltr'>καὶ</span> <span class='ocrx_word' id='word_1_285' title='bbox 497 1599 587 1633; x_wconf 86' lang='grc' dir='ltr'>Τίτου,</span> <span class='ocrx_word' id='word_1_286' title='bbox 612 1599 629 1633; x_wconf 76' lang='grc' dir='ltr'><strong>ἢ</strong></span> <span class='ocrx_word' id='word_1_287' title='bbox 655 1598 686 1626; x_wconf 85' lang='grc' dir='ltr'>οὐ</span> <span class='ocrx_word' id='word_1_288' title='bbox 707 1599 815 1637; x_wconf 74' lang='grc' dir='ltr'>γέγονεν</span> <span class='ocrx_word' id='word_1_289' title='bbox 830 1622 836 1634; x_wconf 84' lang='grc'>,</span> <span class='ocrx_word' id='word_1_290' title='bbox 862 1600 954 1636; x_wconf 78' lang='grc' dir='ltr'>Εἶπεν,</span> 
     </span>
    </p>
   </div>
   <div class='ocr_carea' id='block_1_36' title="bbox 120 1642 953 1682">
    <p class='ocr_par' dir='ltr' id='par_1_36' title="bbox 120 1642 953 1682">
     <span class='ocr_line' id='line_1_36' title="bbox 120 1642 953 1682; baseline -0.004 -9"><span class='ocrx_word' id='word_1_291' title='bbox 120 1647 162 1674; x_wconf 83' lang='grc' dir='ltr'>δτι</span> <span class='ocrx_word' id='word_1_292' title='bbox 179 1647 195 1673; x_wconf 87' lang='grc' dir='ltr'><strong>ὁ</strong></span> <span class='ocrx_word' id='word_1_293' title='bbox 230 1645 318 1681; x_wconf 82' lang='grc' dir='ltr'>νόμος</span> <span class='ocrx_word' id='word_1_294' title='bbox 343 1644 388 1672; x_wconf 71' lang='grc' dir='ltr'>καὶ</span> <span class='ocrx_word' id='word_1_295' title='bbox 412 1644 438 1671; x_wconf 78' lang='grc' dir='ltr'>οἱ</span> <span class='ocrx_word' id='word_1_296' title='bbox 463 1647 601 1682; x_wconf 84' lang='grc' dir='ltr'>προφῆται</span> <span class='ocrx_word' id='word_1_297' title='bbox 624 1642 675 1674; x_wconf 72' lang='grc' dir='ltr'>ἕως</span> <span class='ocrx_word' id='word_1_298' title='bbox 698 1644 820 1672; x_wconf 81' lang='grc' dir='ltr'>Ἰωάννου</span> <span class='ocrx_word' id='word_1_299' title='bbox 835 1646 882 1670; x_wconf 76' lang='grc' dir='ltr'>τοῦ</span> <span class='ocrx_word' id='word_1_300' title='bbox 900 1647 953 1671; x_wconf 90' lang='grc' dir='ltr'><strong>Βα-</strong></span> 
     </span>
    </p>
   </div>
   <div class='ocr_carea' id='block_1_37' title="bbox 119 1687 954 1726">
    <p class='ocr_par' dir='ltr' id='par_1_37' title="bbox 119 1687 954 1726">
     <span class='ocr_line' id='line_1_37' title="bbox 119 1687 954 1726; baseline -0.004 -8"><span class='ocrx_word' id='word_1_301' title='bbox 119 1692 256 1723; x_wconf 70' lang='grc' dir='ltr'>πτιττοῦ,</span> <span class='ocrx_word' id='word_1_302' title='bbox 280 1689 326 1716; x_wconf 79' lang='grc' dir='ltr'>καὶ</span> <span class='ocrx_word' id='word_1_303' title='bbox 350 1689 490 1716; x_wconf 82' lang='grc' dir='ltr'>πάυονται·</span> <span class='ocrx_word' id='word_1_304' title='bbox 517 1689 589 1726; x_wconf 77' lang='grc' dir='ltr'>Ἀρα</span> <span class='ocrx_word' id='word_1_305' title='bbox 614 1687 645 1714; x_wconf 83' lang='grc' dir='ltr'>οὐ</span> <span class='ocrx_word' id='word_1_306' title='bbox 668 1688 762 1725; x_wconf 76' lang='grc' dir='ltr'>γὲγονι</span> <span class='ocrx_word' id='word_1_307' title='bbox 782 1690 882 1722; x_wconf 80' lang='grc' dir='ltr'>τοῦτο;</span> <span class='ocrx_word' id='word_1_308' title='bbox 909 1687 954 1718; x_wconf 85' lang='grc' dir='ltr'>Τίς</span> 
     </span>
    </p>
   </div>
   <div class='ocr_carea' id='block_1_38' title="bbox 120 1732 952 1774">
    <p class='ocr_par' dir='ltr' id='par_1_38' title="bbox 120 1732 952 1774">
     <span class='ocr_line' id='line_1_38' title="bbox 120 1732 952 1774; baseline -0.004 -12"><span class='ocrx_word' id='word_1_309' title='bbox 120 1736 274 1774; x_wconf 62' lang='grc' dir='ltr'>προφήτης</span> <span class='ocrx_word' id='word_1_310' title='bbox 288 1734 352 1771; x_wconf 84' lang='grc' dir='ltr'>παρ’</span> <span class='ocrx_word' id='word_1_311' title='bbox 378 1734 441 1770; x_wconf 78' lang='grc' dir='ltr'>ὑμῖν</span> <span class='ocrx_word' id='word_1_312' title='bbox 469 1732 535 1768; x_wconf 85' lang='grc' dir='ltr'><strong>μετά</strong></span> <span class='ocrx_word' id='word_1_313' title='bbox 557 1732 683 1767; x_wconf 76' lang='grc' dir='ltr'>Ἰωάννην</span> <span class='ocrx_word' id='word_1_314' title='bbox 711 1732 755 1759; x_wconf 86' lang='grc' dir='ltr'><strong>τὸν</strong></span> <span class='ocrx_word' id='word_1_315' title='bbox 781 1733 952 1768; x_wconf 55' lang='lat' dir='ltr'><strong>Burrum-mh;</strong></span> 
     </span>
    </p>
   </div>
   <div class='ocr_carea' id='block_1_39' title="bbox 120 1776 952 1815">
    <p class='ocr_par' dir='ltr' id='par_1_39' title="bbox 120 1776 952 1815">
     <span class='ocr_line' id='line_1_39' title="bbox 120 1776 952 1815; baseline -0.004 -8"><span class='ocrx_word' id='word_1_316' title='bbox 120 1779 269 1814; x_wconf 65' lang='grc' dir='ltr'>Εῧόηλον,</span> <span class='ocrx_word' id='word_1_317' title='bbox 286 1778 328 1806; x_wconf 79' lang='grc' dir='ltr'><strong>ὅτι</strong></span> <span class='ocrx_word' id='word_1_318' title='bbox 345 1776 441 1808; x_wconf 73' lang='grc' dir='ltr'>οὐδείς·</span> <span class='ocrx_word' id='word_1_319' title='bbox 460 1778 525 1806; x_wconf 71' lang='lat' dir='ltr'><strong>Eine</strong></span> <span class='ocrx_word' id='word_1_320' title='bbox 541 1776 624 1804; x_wconf 86' lang='grc' dir='ltr'>πάλιν</span> <span class='ocrx_word' id='word_1_321' title='bbox 649 1778 663 1804; x_wconf 89' lang='grc' dir='ltr'>ὁ</span> <span class='ocrx_word' id='word_1_322' title='bbox 679 1776 758 1808; x_wconf 76' lang='grc' dir='ltr'>αὐτὸς</span> <span class='ocrx_word' id='word_1_323' title='bbox 775 1777 873 1815; x_wconf 79' lang='grc' dir='ltr'>Κύριος</span> <span class='ocrx_word' id='word_1_324' title='bbox 898 1778 952 1812; x_wconf 82' lang='grc' dir='ltr'><strong>Ἰη-</strong></span> 
     </span>
    </p>
   </div>
   <div class='ocr_carea' id='block_1_40' title="bbox 120 1821 952 1860">
    <p class='ocr_par' dir='ltr' id='par_1_40' title="bbox 120 1821 952 1860">
     <span class='ocr_line' id='line_1_40' title="bbox 120 1821 952 1860; baseline -0.004 -9"><span class='ocrx_word' id='word_1_325' title='bbox 120 1826 186 1855; x_wconf 76' lang='grc' dir='ltr'>σοῦς</span> <span class='ocrx_word' id='word_1_326' title='bbox 204 1823 328 1860; x_wconf 72' lang='grc' dir='ltr'>Χριττὸς</span> <span class='ocrx_word' id='word_1_327' title='bbox 345 1823 359 1849; x_wconf 80' lang='grc' dir='ltr'><strong>ὁ</strong></span> <span class='ocrx_word' id='word_1_328' title='bbox 374 1822 503 1856; x_wconf 80' lang='grc' dir='ltr'>ἀληθινὸς</span> <span class='ocrx_word' id='word_1_329' title='bbox 520 1821 584 1852; x_wconf 88' lang='grc' dir='ltr'>Θεὸς</span> <span class='ocrx_word' id='word_1_330' title='bbox 601 1822 692 1857; x_wconf 83' lang='grc' dir='ltr'>ἡμῶν,</span> <span class='ocrx_word' id='word_1_331' title='bbox 715 1821 757 1848; x_wconf 73' lang='grc' dir='ltr'>ὃτι</span> <span class='ocrx_word' id='word_1_332' title='bbox 780 1822 952 1859; x_wconf 74' lang='grc' dir='ltr'>κηρυχθήσε-</span> 
     </span>
    </p>
   </div>
   <div class='ocr_carea' id='block_1_41' title="bbox 117 1864 951 1904">
    <p class='ocr_par' dir='ltr' id='par_1_41' title="bbox 117 1864 951 1904">
     <span class='ocr_line' id='line_1_41' title="bbox 117 1864 951 1904; baseline -0.004 -8"><span class='ocrx_word' id='word_1_333' title='bbox 117 1879 161 1896; x_wconf 76' lang='grc' dir='ltr'><strong>ται</strong></span> <span class='ocrx_word' id='word_1_334' title='bbox 185 1869 223 1896; x_wconf 82' lang='grc' dir='ltr'>τὸ</span> <span class='ocrx_word' id='word_1_335' title='bbox 254 1866 419 1904; x_wconf 70' lang='grc' dir='ltr'>Εὐαγγὲλιον</span> <span class='ocrx_word' id='word_1_336' title='bbox 445 1866 470 1893; x_wconf 75' lang='grc' dir='ltr'>ἐν</span> <span class='ocrx_word' id='word_1_337' title='bbox 493 1865 552 1902; x_wconf 80' lang='grc' dir='ltr'>ὅλῳ</span> <span class='ocrx_word' id='word_1_338' title='bbox 573 1868 612 1901; x_wconf 83' lang='grc' dir='ltr'>τῷ</span> <span class='ocrx_word' id='word_1_339' title='bbox 640 1864 747 1901; x_wconf 83' lang='grc' dir='ltr'>κὸσμῳ·</span> <span class='ocrx_word' id='word_1_340' title='bbox 775 1867 824 1903; x_wconf 77' lang='grc' dir='ltr'>ἄρα</span> <span class='ocrx_word' id='word_1_341' title='bbox 844 1867 951 1904; x_wconf 73' lang='grc' dir='ltr'>γέγονεν</span> 
     </span>
    </p>
   </div>
   <div class='ocr_carea' id='block_1_42' title="bbox 118 1909 952 1947">
    <p class='ocr_par' dir='ltr' id='par_1_42' title="bbox 118 1909 952 1947">
     <span class='ocr_line' id='line_1_42' title="bbox 118 1909 952 1947; baseline -0.004 -7"><span class='ocrx_word' id='word_1_342' title='bbox 118 1915 216 1947; x_wconf 66' lang='grc' dir='ltr'>τοῦτο,</span> <span class='ocrx_word' id='word_1_343' title='bbox 236 1913 253 1946; x_wconf 89' lang='grc' dir='ltr'>ἣ</span> <span class='ocrx_word' id='word_1_344' title='bbox 270 1911 304 1938; x_wconf 75' lang='grc' dir='ltr'>οὐ</span> <span class='ocrx_word' id='word_1_345' title='bbox 316 1911 425 1947; x_wconf 72' lang='grc' dir='ltr'>γέγονεν</span> <span class='ocrx_word' id='word_1_346' title='bbox 439 1920 446 1944; x_wconf 86' lang='grc'>;</span> <span class='ocrx_word' id='word_1_347' title='bbox 462 1909 549 1938; x_wconf 81' lang='grc' dir='ltr'>Πάλιν</span> <span class='ocrx_word' id='word_1_348' title='bbox 565 1910 649 1944; x_wconf 76' lang='grc' dir='ltr'>εἶπεν,</span> <span class='ocrx_word' id='word_1_349' title='bbox 666 1909 707 1937; x_wconf 75' lang='grc' dir='ltr'><strong>ὅτι</strong></span> <span class='ocrx_word' id='word_1_350' title='bbox 733 1909 816 1936; x_wconf 76' lang='grc' dir='ltr'>πύλαι</span> <span class='ocrx_word' id='word_1_351' title='bbox 832 1909 896 1945; x_wconf 78' lang='grc' dir='ltr'>ᾅδου</span> <span class='ocrx_word' id='word_1_352' title='bbox 922 1910 952 1937; x_wconf 80' lang='grc' dir='ltr'>οὐ</span> 
     </span>
    </p>
   </div>
   <div class='ocr_carea' id='block_1_43' title="bbox 114 1953 951 1994">
    <p class='ocr_par' dir='ltr' id='par_1_43' title="bbox 114 1953 951 1994">
     <span class='ocr_line' id='line_1_43' title="bbox 114 1953 951 1994; baseline -0.004 -10"><span class='ocrx_word' id='word_1_353' title='bbox 114 1957 322 1994; x_wconf 62' lang='grc' dir='ltr'>κατιτιύσουσι</span> <span class='ocrx_word' id='word_1_354' title='bbox 350 1956 399 1989; x_wconf 76' lang='grc' dir='ltr'><strong>τῆς</strong></span> <span class='ocrx_word' id='word_1_355' title='bbox 429 1954 603 1989; x_wconf 76' lang='grc' dir='ltr'>Ἐκκλησίας·</span> <span class='ocrx_word' id='word_1_356' title='bbox 632 1956 702 1991; x_wconf 73' lang='grc' dir='ltr'><strong>Ἀρα</strong></span> <span class='ocrx_word' id='word_1_357' title='bbox 729 1953 877 1990; x_wconf 76' lang='grc' dir='ltr'>ἐψεύσατο;</span> <span class='ocrx_word' id='word_1_358' title='bbox 908 1956 951 1989; x_wconf 78' lang='grc' dir='ltr'><strong>Μὴ</strong></span> 
     </span>
    </p>
   </div>
   <div class='ocr_carea' id='block_1_44' title="bbox 114 1998 952 2039">
    <p class='ocr_par' dir='ltr' id='par_1_44' title="bbox 114 1998 952 2039">
     <span class='ocr_line' id='line_1_44' title="bbox 114 1998 952 2039; baseline -0.002 -10"><span class='ocrx_word' id='word_1_359' title='bbox 114 2001 252 2039; x_wconf 65' lang='grc' dir='ltr'>γένοιτοί</span> <span class='ocrx_word' id='word_1_360' title='bbox 281 2000 363 2028; x_wconf 73' lang='grc' dir='ltr'>Εἶπεν</span> <span class='ocrx_word' id='word_1_361' title='bbox 390 2001 458 2036; x_wconf 86' lang='grc' dir='ltr'>ἡμῖν</span> <span class='ocrx_word' id='word_1_362' title='bbox 481 2002 540 2030; x_wconf 85' lang='grc' dir='ltr'>τοῖς</span> <span class='ocrx_word' id='word_1_363' title='bbox 566 1998 604 2029; x_wconf 82' lang='grc' dir='ltr'><strong>εἰς</strong></span> <span class='ocrx_word' id='word_1_364' title='bbox 619 1998 698 2026; x_wconf 79' lang='grc' dir='ltr'>αὐτὸν</span> <span class='ocrx_word' id='word_1_365' title='bbox 715 1998 895 2033; x_wconf 73' lang='grc' dir='ltr'>πιστεύουσιν,</span> <span class='ocrx_word' id='word_1_366' title='bbox 911 2000 952 2027; x_wconf 79' lang='grc' dir='ltr'>ὃτι</span> 
     </span>
    </p>
   </div>
   <div class='ocr_carea' id='block_1_45' title="bbox 114 2041 953 2080">
    <p class='ocr_par' dir='ltr' id='par_1_45' title="bbox 114 2041 953 2080">
     <span class='ocr_line' id='line_1_45' title="bbox 114 2041 953 2080; baseline -0.006 -6"><span class='ocrx_word' id='word_1_367' title='bbox 114 2060 126 2068; x_wconf 69' lang='grc' dir='ltr'><strong>σε</strong></span> <span class='ocrx_word' id='word_1_368' title='bbox 143 2046 266 2073; x_wconf 71' lang='grc' dir='ltr'>Ἐσεσθε</span> <span class='ocrx_word' id='word_1_369' title='bbox 283 2044 445 2080; x_wconf 78' lang='grc' dir='ltr'>μισούμενοι</span> <span class='ocrx_word' id='word_1_370' title='bbox 462 2043 513 2071; x_wconf 85' lang='grc' dir='ltr'><strong>ὑπὸ</strong></span> <span class='ocrx_word' id='word_1_371' title='bbox 528 2043 635 2070; x_wconf 80' lang='grc' dir='ltr'>πάντων</span> <span class='ocrx_word' id='word_1_372' title='bbox 652 2042 697 2070; x_wconf 81' lang='grc' dir='ltr'><strong>διὰ</strong></span> <span class='ocrx_word' id='word_1_373' title='bbox 710 2043 742 2070; x_wconf 89' lang='grc' dir='ltr'>τὸ</span> <span class='ocrx_word' id='word_1_374' title='bbox 758 2041 845 2079; x_wconf 72' lang='grc' dir='ltr'>ὄνομά</span> <span class='ocrx_word' id='word_1_375' title='bbox 862 2054 924 2080; x_wconf 84' lang='grc' dir='ltr'>μου·</span> <span class='ocrx_word' id='word_1_376' title='bbox 940 2056 953 2069; x_wconf 81' lang='grc'><strong>››</strong></span> 
     </span>
    </p>
   </div>
   <div class='ocr_carea' id='block_1_46' title="bbox 111 2086 953 2128">
    <p class='ocr_par' dir='ltr' id='par_1_46' title="bbox 111 2086 953 2128">
     <span class='ocr_line' id='line_1_46' title="bbox 111 2086 953 2128; baseline -0.001 -12"><span class='ocrx_word' id='word_1_377' title='bbox 111 2092 195 2128; x_wconf 68' lang='grc' dir='ltr'>Ἄρτι</span> <span class='ocrx_word' id='word_1_378' title='bbox 229 2088 328 2117; x_wconf 78' lang='grc' dir='ltr'>εἶ’πατε</span> <span class='ocrx_word' id='word_1_379' title='bbox 353 2090 433 2124; x_wconf 78' lang='grc' dir='ltr'>ἡμῖν,</span> <span class='ocrx_word' id='word_1_380' title='bbox 459 2087 503 2115; x_wconf 79' lang='grc' dir='ltr'>διὰ</span> <span class='ocrx_word' id='word_1_381' title='bbox 525 2088 557 2115; x_wconf 86' lang='grc' dir='ltr'>τὸ</span> <span class='ocrx_word' id='word_1_382' title='bbox 580 2086 669 2124; x_wconf 75' lang='grc' dir='ltr'>ὄνομα</span> <span class='ocrx_word' id='word_1_383' title='bbox 699 2090 748 2114; x_wconf 82' lang='grc' dir='ltr'>τοῦ</span> <span class='ocrx_word' id='word_1_384' title='bbox 779 2091 896 2125; x_wconf 78' lang='grc' dir='ltr'>Χριστοῦ</span> <span class='ocrx_word' id='word_1_385' title='bbox 922 2088 953 2116; x_wconf 81' lang='grc' dir='ltr'>οὐ</span> 
     </span>
    </p>
   </div>
   <div class='ocr_carea' id='block_1_47' title="bbox 111 2130 954 2170">
    <p class='ocr_par' dir='ltr' id='par_1_47' title="bbox 111 2130 954 2170">
     <span class='ocr_line' id='line_1_47' title="bbox 111 2130 954 2170; baseline -0.002 -7"><span class='ocrx_word' id='word_1_386' title='bbox 111 2135 204 2163; x_wconf 64' lang='grc' dir='ltr'>πάντα</span> <span class='ocrx_word' id='word_1_387' title='bbox 237 2134 276 2161; x_wconf 71' lang='grc' dir='ltr'><strong>τὰ</strong></span> <span class='ocrx_word' id='word_1_388' title='bbox 297 2132 360 2168; x_wconf 80' lang='grc' dir='ltr'>ἔθνη</span> <span class='ocrx_word' id='word_1_389' title='bbox 385 2134 459 2169; x_wconf 77' lang='grc' dir='ltr'>ἡμᾶς</span> <span class='ocrx_word' id='word_1_390' title='bbox 495 2135 568 2169; x_wconf 84' lang='grc' dir='ltr'>μισεῖ</span> <span class='ocrx_word' id='word_1_391' title='bbox 602 2132 647 2159; x_wconf 86' lang='grc' dir='ltr'>καὶ</span> <span class='ocrx_word' id='word_1_392' title='bbox 681 2130 873 2170; x_wconf 75' lang='grc' dir='ltr'>βδελύττεταις</span> <span class='ocrx_word' id='word_1_393' title='bbox 901 2133 954 2161; x_wconf 67' lang='grc' dir='ltr'><strong>Κᾶν</strong></span> 
     </span>
    </p>
   </div>
   <div class='ocr_carea' id='block_1_48' title="bbox 111 2176 953 2216">
    <p class='ocr_par' dir='ltr' id='par_1_48' title="bbox 111 2176 953 2216">
     <span class='ocr_line' id='line_1_48' title="bbox 111 2176 953 2216; baseline -0.002 -9"><span class='ocrx_word' id='word_1_394' title='bbox 111 2180 196 2216; x_wconf 76' lang='grc' dir='ltr'>ὑμεῖς</span> <span class='ocrx_word' id='word_1_395' title='bbox 213 2179 394 2212; x_wconf 72' lang='grc' dir='ltr'>σιωπήσητε,</span> <span class='ocrx_word' id='word_1_396' title='bbox 410 2176 474 2205; x_wconf 82' lang='grc' dir='ltr'>ἀλλ’</span> <span class='ocrx_word' id='word_1_397' title='bbox 488 2178 515 2204; x_wconf 79' lang='grc' dir='ltr'>οἱ</span> <span class='ocrx_word' id='word_1_398' title='bbox 543 2176 616 2209; x_wconf 83' lang='grc' dir='ltr'>λίθοι</span> <span class='ocrx_word' id='word_1_399' title='bbox 640 2176 792 2215; x_wconf 81' lang='grc' dir='ltr'>κράξονται,</span> <span class='ocrx_word' id='word_1_400' title='bbox 818 2177 863 2204; x_wconf 84' lang='grc' dir='ltr'><strong>καὶ</strong></span> <span class='ocrx_word' id='word_1_401' title='bbox 886 2177 953 2213; x_wconf 81' lang='grc' dir='ltr'>αὐτή</span> 
     </span>
    </p>
   </div>
   <div class='ocr_carea' id='block_1_49' title="bbox 109 2221 954 2259">
    <p class='ocr_par' dir='ltr' id='par_1_49' title="bbox 109 2221 954 2259">
     <span class='ocr_line' id='line_1_49' title="bbox 109 2221 954 2259; baseline -0.002 -8"><span class='ocrx_word' id='word_1_402' title='bbox 109 2223 140 2251; x_wconf 58' lang='lat' dir='ltr'><strong>Et</strong></span> <span class='ocrx_word' id='word_1_403' title='bbox 154 2227 217 2252; x_wconf 78' lang='grc' dir='ltr'><strong>τῶν</strong></span> <span class='ocrx_word' id='word_1_404' title='bbox 252 2222 426 2259; x_wconf 73' lang='grc' dir='ltr'>πραγμάτων</span> <span class='ocrx_word' id='word_1_405' title='bbox 451 2223 469 2256; x_wconf 71' lang='grc' dir='ltr'>ἡ</span> <span class='ocrx_word' id='word_1_406' title='bbox 495 2221 610 2257; x_wconf 77' lang='grc' dir='ltr'>ἀλήθεια</span> <span class='ocrx_word' id='word_1_407' title='bbox 636 2221 734 2252; x_wconf 76' lang='grc' dir='ltr'>ἱκανῶς</span> <span class='ocrx_word' id='word_1_408' title='bbox 761 2221 885 2259; x_wconf 73' lang='grc' dir='ltr'>ἐντρέψαι</span> <span class='ocrx_word' id='word_1_409' title='bbox 909 2222 954 2249; x_wconf 79' lang='grc' dir='ltr'>καὶ</span> 
     </span>
    </p>
   </div>
   <div class='ocr_carea' id='block_1_50' title="bbox 1015 266 1840 303">
    <p class='ocr_par' dir='ltr' id='par_1_50' title="bbox 1015 266 1840 303">
     <span class='ocr_line' id='line_1_50' title="bbox 1015 266 1840 303; baseline 0 -8"><span class='ocrx_word' id='word_1_410' title='bbox 1015 267 1090 295; x_wconf 90' lang='lat' dir='ltr'><strong>niele</strong></span> <span class='ocrx_word' id='word_1_411' title='bbox 1106 267 1257 303; x_wconf 87' lang='lat' dir='ltr'><strong>propheta,</strong></span> <span class='ocrx_word' id='word_1_412' title='bbox 1271 267 1321 302; x_wconf 87' lang='lat' dir='ltr'><strong>qui</strong></span> <span class='ocrx_word' id='word_1_413' title='bbox 1339 270 1457 302; x_wconf 77' lang='lat' dir='ltr'><strong>tempus</strong></span> <span class='ocrx_word' id='word_1_414' title='bbox 1473 267 1536 302; x_wconf 90' lang='lat' dir='ltr'><strong>ejus</strong></span> <span class='ocrx_word' id='word_1_415' title='bbox 1552 266 1694 294; x_wconf 79' lang='lat' dir='ltr'><strong>adventus</strong></span> <span class='ocrx_word' id='word_1_416' title='bbox 1710 267 1752 294; x_wconf 91' lang='lat' dir='ltr'><strong>sic</strong></span> <span class='ocrx_word' id='word_1_417' title='bbox 1767 267 1840 302; x_wconf 89' lang='lat' dir='ltr'><strong>ipse,</strong></span> 
     </span>
    </p>
   </div>
   <div class='ocr_carea' id='block_1_51' title="bbox 1014 310 1841 347">
    <p class='ocr_par' dir='ltr' id='par_1_51' title="bbox 1014 310 1841 347">
     <span class='ocr_line' id='line_1_51' title="bbox 1014 310 1841 347; baseline -0.001 -8"><span class='ocrx_word' id='word_1_418' title='bbox 1014 312 1056 339; x_wconf 90' lang='lat' dir='ltr'><strong>vel</strong></span> <span class='ocrx_word' id='word_1_419' title='bbox 1068 311 1165 346; x_wconf 80' lang='lat' dir='ltr'><strong>potius</strong></span> <span class='ocrx_word' id='word_1_420' title='bbox 1181 311 1373 347; x_wconf 70' lang='lat' dir='ltr'><strong>archungelus</strong></span> <span class='ocrx_word' id='word_1_421' title='bbox 1386 311 1502 339; x_wconf 82' lang='lat' dir='ltr'><strong>Gabriel</strong></span> <span class='ocrx_word' id='word_1_422' title='bbox 1518 310 1748 347; x_wconf 85' lang='lat' dir='ltr'><strong>ipsi,indicavit:</strong></span> <span class='ocrx_word' id='word_1_423' title='bbox 1769 321 1779 334; x_wconf 75' lang='grc' dir='ltr'><strong>ι</strong></span> <span class='ocrx_word' id='word_1_424' title='bbox 1793 313 1841 338; x_wconf 85' lang='lat' dir='ltr'><strong>Se-</strong></span> 
     </span>
    </p>
   </div>
   <div class='ocr_carea' id='block_1_52' title="bbox 1015 354 1840 391">
    <p class='ocr_par' dir='ltr' id='par_1_52' title="bbox 1015 354 1840 391">
     <span class='ocr_line' id='line_1_52' title="bbox 1015 354 1840 391; baseline 0.001 -10"><span class='ocrx_word' id='word_1_425' title='bbox 1015 355 1166 391; x_wconf 85' lang='lat' dir='ltr'><strong>ptuaginta</strong></span> <span class='ocrx_word' id='word_1_426' title='bbox 1180 354 1379 382; x_wconf 86' lang='lat' dir='ltr'><strong>hebdomades</strong></span> <span class='ocrx_word' id='word_1_427' title='bbox 1389 355 1560 382; x_wconf 71' lang='lat' dir='ltr'><strong>abbreviataa</strong></span> <span class='ocrx_word' id='word_1_428' title='bbox 1572 357 1642 382; x_wconf 90' lang='lat' dir='ltr'><strong>sunt</strong></span> <span class='ocrx_word' id='word_1_429' title='bbox 1653 363 1741 391; x_wconf 85' lang='lat' dir='ltr'><strong>super</strong></span> <span class='ocrx_word' id='word_1_430' title='bbox 1751 363 1840 391; x_wconf 89' lang='lat' dir='ltr'><strong>popu-</strong></span> 
     </span>
    </p>
   </div>
   <div class='ocr_carea' id='block_1_53' title="bbox 1015 399 1840 435">
    <p class='ocr_par' dir='ltr' id='par_1_53' title="bbox 1015 399 1840 435">
     <span class='ocr_line' id='line_1_53' title="bbox 1015 399 1840 435; baseline 0.001 -9"><span class='ocrx_word' id='word_1_431' title='bbox 1015 399 1075 426; x_wconf 88' lang='lat' dir='ltr'><strong>lum</strong></span> <span class='ocrx_word' id='word_1_432' title='bbox 1092 402 1175 426; x_wconf 90' lang='lat' dir='ltr'><strong>tuum</strong></span> <span class='ocrx_word' id='word_1_433' title='bbox 1191 403 1218 426; x_wconf 85' lang='lat' dir='ltr'><strong>et</strong></span> <span class='ocrx_word' id='word_1_434' title='bbox 1233 407 1322 434; x_wconf 82' lang='lat' dir='ltr'><strong>super</strong></span> <span class='ocrx_word' id='word_1_435' title='bbox 1333 400 1436 427; x_wconf 82' lang='lat' dir='ltr'><strong>urbem</strong></span> <span class='ocrx_word' id='word_1_436' title='bbox 1452 402 1635 434; x_wconf 84' lang='lat' dir='ltr'><strong>sanctam,ut</strong></span> <span class='ocrx_word' id='word_1_437' title='bbox 1650 399 1840 435; x_wconf 88' lang='lat' dir='ltr'><strong>perﬁciantur</strong></span> 
     </span>
    </p>
   </div>
   <div class='ocr_carea' id='block_1_54' title="bbox 1014 443 1837 480">
    <p class='ocr_par' dir='ltr' id='par_1_54' title="bbox 1014 443 1837 480">
     <span class='ocr_line' id='line_1_54' title="bbox 1014 443 1837 480; baseline 0 -8"><span class='ocrx_word' id='word_1_438' title='bbox 1014 446 1144 480; x_wconf 83' lang='lat' dir='ltr'><strong>peccata,</strong></span> <span class='ocrx_word' id='word_1_439' title='bbox 1159 447 1188 471; x_wconf 88' lang='lat' dir='ltr'><strong>et</strong></span> <span class='ocrx_word' id='word_1_440' title='bbox 1203 444 1395 479; x_wconf 85' lang='lat' dir='ltr'><strong>obsignentur</strong></span> <span class='ocrx_word' id='word_1_441' title='bbox 1410 446 1528 479; x_wconf 84' lang='lat' dir='ltr'><strong>peccata</strong></span> <span class='ocrx_word' id='word_1_442' title='bbox 1543 444 1591 470; x_wconf 62' lang='grc' dir='ltr'><strong>π.»</strong></span> <span class='ocrx_word' id='word_1_443' title='bbox 1604 445 1637 471; x_wconf 86' lang='lat' dir='ltr'><strong>Et</strong></span> <span class='ocrx_word' id='word_1_444' title='bbox 1654 443 1742 479; x_wconf 92' lang='lat' dir='ltr'><strong>paulo</strong></span> <span class='ocrx_word' id='word_1_445' title='bbox 1753 447 1837 479; x_wconf 87' lang='lat' dir='ltr'><strong>post:</strong></span> 
     </span>
    </p>
   </div>
   <div class='ocr_carea' id='block_1_55' title="bbox 1015 487 1838 524">
    <p class='ocr_par' dir='ltr' id='par_1_55' title="bbox 1015 487 1838 524">
     <span class='ocr_line' id='line_1_55' title="bbox 1015 487 1838 524; baseline 0.002 -10"><span class='ocrx_word' id='word_1_446' title='bbox 1015 499 1029 514; x_wconf 88' lang='lat'><strong>«</strong></span> <span class='ocrx_word' id='word_1_447' title='bbox 1047 489 1080 516; x_wconf 90' lang='lat' dir='ltr'><strong>Et</strong></span> <span class='ocrx_word' id='word_1_448' title='bbox 1094 489 1266 524; x_wconf 89' lang='lat' dir='ltr'><strong>obsignetur</strong></span> <span class='ocrx_word' id='word_1_449' title='bbox 1284 487 1356 516; x_wconf 90' lang='lat' dir='ltr'><strong>visio</strong></span> <span class='ocrx_word' id='word_1_450' title='bbox 1372 490 1400 516; x_wconf 90' lang='lat' dir='ltr'><strong>et</strong></span> <span class='ocrx_word' id='word_1_451' title='bbox 1412 488 1573 524; x_wconf 82' lang='lat' dir='ltr'><strong>prophetia,</strong></span> <span class='ocrx_word' id='word_1_452' title='bbox 1591 490 1618 516; x_wconf 89' lang='lat' dir='ltr'><strong>et</strong></span> <span class='ocrx_word' id='word_1_453' title='bbox 1630 491 1757 524; x_wconf 84' lang='lat' dir='ltr'><strong>ungatur</strong></span> <span class='ocrx_word' id='word_1_454' title='bbox 1767 489 1838 516; x_wconf 78' lang='lat' dir='ltr'><strong>San-</strong></span> 
     </span>
    </p>
   </div>
   <div class='ocr_carea' id='block_1_56' title="bbox 1014 532 1837 568">
    <p class='ocr_par' dir='ltr' id='par_1_56' title="bbox 1014 532 1837 568">
     <span class='ocr_line' id='line_1_56' title="bbox 1014 532 1837 568; baseline 0.001 -8"><span class='ocrx_word' id='word_1_455' title='bbox 1014 534 1080 560; x_wconf 86' lang='lat' dir='ltr'><strong>ctus</strong></span> <span class='ocrx_word' id='word_1_456' title='bbox 1096 536 1265 561; x_wconf 87' lang='lat' dir='ltr'><strong>sanctorum</strong></span> <span class='ocrx_word' id='word_1_457' title='bbox 1289 533 1320 560; x_wconf 69' lang='lat'><strong>93.</strong></span> <span class='ocrx_word' id='word_1_458' title='bbox 1338 543 1347 559; x_wconf 79' lang='grc' dir='ltr'><strong>ι</strong></span> <span class='ocrx_word' id='word_1_459' title='bbox 1370 533 1440 565; x_wconf 79' lang='lat' dir='ltr'><strong>Quis</strong></span> <span class='ocrx_word' id='word_1_460' title='bbox 1469 540 1536 568; x_wconf 85' lang='lat' dir='ltr'><strong>ergo</strong></span> <span class='ocrx_word' id='word_1_461' title='bbox 1561 532 1637 560; x_wconf 83' lang='lat' dir='ltr'><strong>alius</strong></span> <span class='ocrx_word' id='word_1_462' title='bbox 1662 536 1706 560; x_wconf 87' lang='lat' dir='ltr'><strong>est</strong></span> <span class='ocrx_word' id='word_1_463' title='bbox 1731 535 1837 561; x_wconf 84' lang='lat' dir='ltr'><strong>unctus</strong></span> 
     </span>
    </p>
   </div>
   <div class='ocr_carea' id='block_1_57' title="bbox 1015 577 1838 613">
    <p class='ocr_par' dir='ltr' id='par_1_57' title="bbox 1015 577 1838 613">
     <span class='ocr_line' id='line_1_57' title="bbox 1015 577 1838 613; baseline 0 -8"><span class='ocrx_word' id='word_1_464' title='bbox 1015 577 1141 605; x_wconf 86' lang='lat' dir='ltr'><strong>Sanctus</strong></span> <span class='ocrx_word' id='word_1_465' title='bbox 1166 580 1347 611; x_wconf 86' lang='lat' dir='ltr'><strong>sanctorum,</strong></span> <span class='ocrx_word' id='word_1_466' title='bbox 1371 579 1476 613; x_wconf 64' lang='lat' dir='ltr'><strong>prater</strong></span> <span class='ocrx_word' id='word_1_467' title='bbox 1503 577 1599 604; x_wconf 86' lang='lat' dir='ltr'><strong>solum</strong></span> <span class='ocrx_word' id='word_1_468' title='bbox 1623 577 1783 611; x_wconf 79' lang='lat' dir='ltr'><strong>Christum,</strong></span> <span class='ocrx_word' id='word_1_469' title='bbox 1806 580 1838 605; x_wconf 90' lang='lat' dir='ltr'><strong>ut</strong></span> 
     </span>
    </p>
   </div>
   <div class='ocr_carea' id='block_1_58' title="bbox 1015 621 1838 657">
    <p class='ocr_par' dir='ltr' id='par_1_58' title="bbox 1015 621 1838 657">
     <span class='ocr_line' id='line_1_58' title="bbox 1015 621 1838 657; baseline 0.001 -8"><span class='ocrx_word' id='word_1_470' title='bbox 1015 622 1066 649; x_wconf 87' lang='lat' dir='ltr'><strong>Dei</strong></span> <span class='ocrx_word' id='word_1_471' title='bbox 1082 622 1228 650; x_wconf 69' lang='lat' dir='ltr'><strong>viventis?</strong></span> <span class='ocrx_word' id='word_1_472' title='bbox 1242 621 1433 657; x_wconf 70' lang='lat' dir='ltr'><strong>Septuaginta</strong></span> <span class='ocrx_word' id='word_1_473' title='bbox 1453 621 1529 648; x_wconf 87' lang='lat' dir='ltr'><strong>enim</strong></span> <span class='ocrx_word' id='word_1_474' title='bbox 1555 621 1751 649; x_wconf 74' lang='lat' dir='ltr'><strong>hebdomadas</strong></span> <span class='ocrx_word' id='word_1_475' title='bbox 1767 630 1838 657; x_wconf 87' lang='lat' dir='ltr'><strong>qua-</strong></span> 
     </span>
    </p>
   </div>
   <div class='ocr_carea' id='block_1_59' title="bbox 1015 665 1841 702">
    <p class='ocr_par' dir='ltr' id='par_1_59' title="bbox 1015 665 1841 702">
     <span class='ocr_line' id='line_1_59' title="bbox 1015 665 1841 702; baseline 0.001 -9"><span class='ocrx_word' id='word_1_476' title='bbox 1015 667 1186 702; x_wconf 87' lang='lat' dir='ltr'><strong>dringentos</strong></span> <span class='ocrx_word' id='word_1_477' title='bbox 1202 667 1364 702; x_wconf 81' lang='lat' dir='ltr'><strong>nonaginta</strong></span> <span class='ocrx_word' id='word_1_478' title='bbox 1379 674 1472 694; x_wconf 89' lang='lat' dir='ltr'><strong>annos</strong></span> <span class='ocrx_word' id='word_1_479' title='bbox 1487 665 1663 701; x_wconf 75' lang='lat' dir='ltr'><strong>significant.</strong></span> <span class='ocrx_word' id='word_1_480' title='bbox 1676 666 1807 702; x_wconf 78' lang='lat' dir='ltr'><strong>Namque</strong></span> <span class='ocrx_word' id='word_1_481' title='bbox 1823 674 1841 694; x_wconf 85' lang='lat' dir='ltr'><strong>a</strong></span> 
     </span>
    </p>
   </div>
   <div class='ocr_carea' id='block_1_60' title="bbox 1017 710 1838 747">
    <p class='ocr_par' dir='ltr' id='par_1_60' title="bbox 1017 710 1838 747">
     <span class='ocr_line' id='line_1_60' title="bbox 1017 710 1838 747; baseline 0 -9"><span class='ocrx_word' id='word_1_482' title='bbox 1017 711 1133 738; x_wconf 88' lang='lat' dir='ltr'><strong>Daniele</strong></span> <span class='ocrx_word' id='word_1_483' title='bbox 1148 711 1184 738; x_wconf 87' lang='lat' dir='ltr'><strong>ad</strong></span> <span class='ocrx_word' id='word_1_484' title='bbox 1200 711 1254 738; x_wconf 91' lang='lat' dir='ltr'><strong>hoc</strong></span> <span class='ocrx_word' id='word_1_485' title='bbox 1270 714 1389 747; x_wconf 84' lang='lat' dir='ltr'><strong>tempus</strong></span> <span class='ocrx_word' id='word_1_486' title='bbox 1405 712 1475 737; x_wconf 87' lang='lat' dir='ltr'><strong>sunt</strong></span> <span class='ocrx_word' id='word_1_487' title='bbox 1487 710 1556 737; x_wconf 89' lang='lat' dir='ltr'><strong>anni</strong></span> <span class='ocrx_word' id='word_1_488' title='bbox 1573 710 1730 746; x_wconf 77' lang='lat' dir='ltr'><strong>plusquam</strong></span> <span class='ocrx_word' id='word_1_489' title='bbox 1747 711 1838 738; x_wconf 91' lang='lat' dir='ltr'><strong>octin-</strong></span> 
     </span>
    </p>
   </div>
   <div class='ocr_carea' id='block_1_61' title="bbox 1015 754 1839 792">
    <p class='ocr_par' dir='ltr' id='par_1_61' title="bbox 1015 754 1839 792">
     <span class='ocr_line' id='line_1_61' title="bbox 1015 754 1839 792; baseline 0.001 -9"><span class='ocrx_word' id='word_1_490' title='bbox 1015 756 1104 792; x_wconf 85' lang='lat' dir='ltr'><strong>genti.</strong></span> <span class='ocrx_word' id='word_1_491' title='bbox 1120 756 1283 783; x_wconf 86' lang='lat' dir='ltr'><strong>Ostendant</strong></span> <span class='ocrx_word' id='word_1_492' title='bbox 1299 755 1389 791; x_wconf 88' lang='lat' dir='ltr'><strong>igitur</strong></span> <span class='ocrx_word' id='word_1_493' title='bbox 1411 754 1495 783; x_wconf 88' lang='lat' dir='ltr'><strong>nobis</strong></span> <span class='ocrx_word' id='word_1_494' title='bbox 1514 755 1608 782; x_wconf 66' lang='lat' dir='ltr'><strong>Judaei</strong></span> <span class='ocrx_word' id='word_1_495' title='bbox 1626 755 1745 791; x_wconf 80' lang='lat' dir='ltr'><strong>quinam</strong></span> <span class='ocrx_word' id='word_1_496' title='bbox 1761 755 1839 791; x_wconf 76' lang='lat' dir='ltr'><strong>apud</strong></span> 
     </span>
    </p>
   </div>
   <div class='ocr_carea' id='block_1_62' title="bbox 1014 800 1839 836">
    <p class='ocr_par' dir='ltr' id='par_1_62' title="bbox 1014 800 1839 836">
     <span class='ocr_line' id='line_1_62' title="bbox 1014 800 1839 836; baseline 0 -8"><span class='ocrx_word' id='word_1_497' title='bbox 1014 800 1095 836; x_wconf 89' lang='lat' dir='ltr'><strong>ipsos</strong></span> <span class='ocrx_word' id='word_1_498' title='bbox 1110 803 1217 828; x_wconf 90' lang='lat' dir='ltr'><strong>unctus</strong></span> <span class='ocrx_word' id='word_1_499' title='bbox 1233 800 1272 828; x_wconf 86' lang='lat' dir='ltr'><strong>sit</strong></span> <span class='ocrx_word' id='word_1_500' title='bbox 1287 800 1414 828; x_wconf 72' lang='lat' dir='ltr'><strong>Sanctus</strong></span> <span class='ocrx_word' id='word_1_501' title='bbox 1431 801 1599 827; x_wconf 88' lang='lat' dir='ltr'><strong>sanctorum</strong></span> <span class='ocrx_word' id='word_1_502' title='bbox 1617 802 1683 835; x_wconf 90' lang='lat' dir='ltr'><strong>post</strong></span> <span class='ocrx_word' id='word_1_503' title='bbox 1697 800 1839 836; x_wconf 89' lang='lat' dir='ltr'><strong>quadrin-</strong></span> 
     </span>
    </p>
   </div>
   <div class='ocr_carea' id='block_1_63' title="bbox 1015 844 1837 881">
    <p class='ocr_par' dir='ltr' id='par_1_63' title="bbox 1015 844 1837 881">
     <span class='ocr_line' id='line_1_63' title="bbox 1015 844 1837 881; baseline 0 -9"><span class='ocrx_word' id='word_1_504' title='bbox 1015 847 1118 880; x_wconf 82' lang='lat' dir='ltr'><strong>gentos</strong></span> <span class='ocrx_word' id='word_1_505' title='bbox 1143 844 1303 881; x_wconf 85' lang='lat' dir='ltr'><strong>nonaginta</strong></span> <span class='ocrx_word' id='word_1_506' title='bbox 1329 853 1423 872; x_wconf 83' lang='lat' dir='ltr'><strong>annos</strong></span> <span class='ocrx_word' id='word_1_507' title='bbox 1446 844 1582 879; x_wconf 87' lang='lat' dir='ltr'><strong>Danielis,</strong></span> <span class='ocrx_word' id='word_1_508' title='bbox 1608 845 1657 880; x_wconf 92' lang='lat' dir='ltr'><strong>qui</strong></span> <span class='ocrx_word' id='word_1_509' title='bbox 1684 847 1712 872; x_wconf 88' lang='lat' dir='ltr'><strong>et</strong></span> <span class='ocrx_word' id='word_1_510' title='bbox 1727 845 1837 873; x_wconf 81' lang='lat' dir='ltr'><strong>sacriﬁ-</strong></span> 
     </span>
    </p>
   </div>
   <div class='ocr_carea' id='block_1_64' title="bbox 1014 888 1861 931">
    <p class='ocr_par' dir='ltr' id='par_1_64' title="bbox 1014 888 1861 931">
     <span class='ocr_line' id='line_1_64' title="bbox 1014 888 1861 931; baseline 0.001 -15"><span class='ocrx_word' id='word_1_511' title='bbox 1014 889 1092 917; x_wconf 84' lang='lat' dir='ltr'><strong>cium</strong></span> <span class='ocrx_word' id='word_1_512' title='bbox 1109 888 1338 925; x_wconf 85' lang='lat' dir='ltr'><strong>libationemque</strong></span> <span class='ocrx_word' id='word_1_513' title='bbox 1351 888 1474 925; x_wconf 78' lang='lat' dir='ltr'><strong>legalem</strong></span> <span class='ocrx_word' id='word_1_514' title='bbox 1486 889 1688 924; x_wconf 77' lang='lat' dir='ltr'><strong>abrogaverit?</strong></span> <span class='ocrx_word' id='word_1_515' title='bbox 1700 890 1774 917; x_wconf 85' lang='lat' dir='ltr'><strong>Sane</strong></span> <span class='ocrx_word' id='word_1_516' title='bbox 1790 897 1839 917; x_wconf 86' lang='lat' dir='ltr'><strong>ne-</strong></span> <span class='ocrx_word' id='word_1_517' title='bbox 1858 930 1861 931; x_wconf 19' lang='grc' dir='ltr'><em>ν</em></span> 
     </span>
    </p>
   </div>
   <div class='ocr_carea' id='block_1_65' title="bbox 1012 933 1837 969">
    <p class='ocr_par' dir='ltr' id='par_1_65' title="bbox 1012 933 1837 969">
     <span class='ocr_line' id='line_1_65' title="bbox 1012 933 1837 969; baseline 0.001 -8"><span class='ocrx_word' id='word_1_518' title='bbox 1012 933 1122 961; x_wconf 86' lang='lat' dir='ltr'><strong>minem</strong></span> <span class='ocrx_word' id='word_1_519' title='bbox 1139 933 1265 969; x_wconf 85' lang='lat' dir='ltr'><strong>poterint</strong></span> <span class='ocrx_word' id='word_1_520' title='bbox 1290 933 1418 961; x_wconf 85' lang='lat' dir='ltr'><strong>indicare</strong></span> <span class='ocrx_word' id='word_1_521' title='bbox 1438 933 1488 969; x_wconf 91' lang='lat' dir='ltr'><strong>qui</strong></span> <span class='ocrx_word' id='word_1_522' title='bbox 1504 933 1564 961; x_wconf 71' lang='lat' dir='ltr'><strong>hmc</strong></span> <span class='ocrx_word' id='word_1_523' title='bbox 1590 934 1767 969; x_wconf 60' lang='lat' dir='ltr'><strong>prastiterit,</strong></span> <span class='ocrx_word' id='word_1_524' title='bbox 1779 934 1837 962; x_wconf 86' lang='lat' dir='ltr'><strong>nisi</strong></span> 
     </span>
    </p>
   </div>
   <div class='ocr_carea' id='block_1_66' title="bbox 1012 977 1471 1006">
    <p class='ocr_par' dir='ltr' id='par_1_66' title="bbox 1012 977 1471 1006">
     <span class='ocr_line' id='line_1_66' title="bbox 1012 977 1471 1006; baseline 0 -1"><span class='ocrx_word' id='word_1_525' title='bbox 1012 978 1112 1006; x_wconf 84' lang='lat' dir='ltr'><strong>Jesum</strong></span> <span class='ocrx_word' id='word_1_526' title='bbox 1127 977 1273 1006; x_wconf 86' lang='lat' dir='ltr'><strong>Christum</strong></span> <span class='ocrx_word' id='word_1_527' title='bbox 1290 977 1395 1005; x_wconf 83' lang='lat' dir='ltr'><strong>Filium</strong></span> <span class='ocrx_word' id='word_1_528' title='bbox 1414 978 1471 1006; x_wconf 89' lang='lat' dir='ltr'><strong>Dei.</strong></span> 
     </span>
    </p>
   </div>
   <div class='ocr_carea' id='block_1_67' title="bbox 1049 1023 1837 1058">
    <p class='ocr_par' dir='ltr' id='par_1_67' title="bbox 1049 1023 1837 1058">
     <span class='ocr_line' id='line_1_67' title="bbox 1049 1023 1837 1058; baseline 0.001 -8"><span class='ocrx_word' id='word_1_529' title='bbox 1049 1023 1075 1049; x_wconf 92' lang='lat'><strong>3.</strong></span> <span class='ocrx_word' id='word_1_530' title='bbox 1092 1023 1172 1055; x_wconf 88' lang='lat' dir='ltr'><strong>Quod</strong></span> <span class='ocrx_word' id='word_1_531' title='bbox 1189 1025 1286 1050; x_wconf 87' lang='lat' dir='ltr'><strong>autem</strong></span> <span class='ocrx_word' id='word_1_532' title='bbox 1302 1030 1387 1050; x_wconf 85' lang='lat' dir='ltr'><strong>verus</strong></span> <span class='ocrx_word' id='word_1_533' title='bbox 1403 1023 1451 1056; x_wconf 88' lang='lat' dir='ltr'><strong>sit,</strong></span> <span class='ocrx_word' id='word_1_534' title='bbox 1463 1030 1519 1050; x_wconf 90' lang='lat' dir='ltr'><strong>non</strong></span> <span class='ocrx_word' id='word_1_535' title='bbox 1537 1023 1679 1058; x_wconf 86' lang='lat' dir='ltr'><strong>impostor</strong></span> <span class='ocrx_word' id='word_1_536' title='bbox 1693 1023 1837 1057; x_wconf 84' lang='lat' dir='ltr'><strong>Christus,</strong></span> 
     </span>
    </p>
   </div>
   <div class='ocr_carea' id='block_1_68' title="bbox 1014 1067 1836 1101">
    <p class='ocr_par' dir='ltr' id='par_1_68' title="bbox 1014 1067 1836 1101">
     <span class='ocr_line' id='line_1_68' title="bbox 1014 1067 1836 1101; baseline 0 -6"><span class='ocrx_word' id='word_1_537' title='bbox 1014 1070 1046 1095; x_wconf 87' lang='lat' dir='ltr'><strong>ut</strong></span> <span class='ocrx_word' id='word_1_538' title='bbox 1061 1075 1122 1101; x_wconf 90' lang='lat' dir='ltr'><strong>vos,</strong></span> <span class='ocrx_word' id='word_1_539' title='bbox 1136 1067 1240 1101; x_wconf 64' lang='lat' dir='ltr'><strong>Judaei,</strong></span> <span class='ocrx_word' id='word_1_540' title='bbox 1253 1067 1450 1100; x_wconf 84' lang='lat' dir='ltr'><strong>arbitramini,</strong></span> <span class='ocrx_word' id='word_1_541' title='bbox 1462 1067 1490 1094; x_wconf 94' lang='lat' dir='ltr'><strong>id</strong></span> <span class='ocrx_word' id='word_1_542' title='bbox 1507 1067 1587 1094; x_wconf 90' lang='lat' dir='ltr'><strong>vobis</strong></span> <span class='ocrx_word' id='word_1_543' title='bbox 1603 1076 1659 1095; x_wconf 88' lang='lat' dir='ltr'><strong>non</strong></span> <span class='ocrx_word' id='word_1_544' title='bbox 1676 1067 1771 1095; x_wconf 84' lang='lat' dir='ltr'><strong>verbis</strong></span> <span class='ocrx_word' id='word_1_545' title='bbox 1786 1068 1836 1096; x_wconf 85' lang='lat' dir='ltr'><strong>sed</strong></span> 
     </span>
    </p>
   </div>
   <div class='ocr_carea' id='block_1_69' title="bbox 1014 1111 1840 1147">
    <p class='ocr_par' dir='ltr' id='par_1_69' title="bbox 1014 1111 1840 1147">
     <span class='ocr_line' id='line_1_69' title="bbox 1014 1111 1840 1147; baseline 0 -8"><span class='ocrx_word' id='word_1_546' title='bbox 1014 1112 1097 1140; x_wconf 85' lang='lat' dir='ltr'><strong>factis</strong></span> <span class='ocrx_word' id='word_1_547' title='bbox 1113 1120 1216 1139; x_wconf 88' lang='lat' dir='ltr'><strong>sumus</strong></span> <span class='ocrx_word' id='word_1_548' title='bbox 1229 1111 1481 1147; x_wconf 61' lang='lat' dir='ltr'><strong>probatumque,</strong></span> <span class='ocrx_word' id='word_1_549' title='bbox 1498 1112 1711 1147; x_wconf 87' lang='lat' dir='ltr'><strong>inquam,facta</strong></span> <span class='ocrx_word' id='word_1_550' title='bbox 1727 1113 1754 1139; x_wconf 89' lang='lat' dir='ltr'><strong>id</strong></span> <span class='ocrx_word' id='word_1_551' title='bbox 1771 1113 1840 1140; x_wconf 87' lang='lat' dir='ltr'><strong>hac-</strong></span> 
     </span>
    </p>
   </div>
   <div class='ocr_carea' id='block_1_70' title="bbox 1012 1156 1842 1192">
    <p class='ocr_par' dir='ltr' id='par_1_70' title="bbox 1012 1156 1842 1192">
     <span class='ocr_line' id='line_1_70' title="bbox 1012 1156 1842 1192; baseline 0.001 -9"><span class='ocrx_word' id='word_1_552' title='bbox 1012 1159 1099 1184; x_wconf 89' lang='lat' dir='ltr'><strong>tenus</strong></span> <span class='ocrx_word' id='word_1_553' title='bbox 1116 1164 1166 1192; x_wconf 89' lang='lat' dir='ltr'><strong>per</strong></span> <span class='ocrx_word' id='word_1_554' title='bbox 1179 1158 1271 1184; x_wconf 89' lang='lat' dir='ltr'><strong>totum</strong></span> <span class='ocrx_word' id='word_1_555' title='bbox 1288 1156 1387 1184; x_wconf 86' lang='lat' dir='ltr'><strong>orbem</strong></span> <span class='ocrx_word' id='word_1_556' title='bbox 1405 1156 1534 1183; x_wconf 90' lang='lat' dir='ltr'><strong>clamant</strong></span> <span class='ocrx_word' id='word_1_557' title='bbox 1550 1159 1578 1183; x_wconf 87' lang='lat' dir='ltr'><strong>et</strong></span> <span class='ocrx_word' id='word_1_558' title='bbox 1593 1159 1748 1190; x_wconf 84' lang='lat' dir='ltr'><strong>testantur,</strong></span> <span class='ocrx_word' id='word_1_559' title='bbox 1766 1159 1797 1183; x_wconf 90' lang='lat' dir='ltr'><strong>ut</strong></span> <span class='ocrx_word' id='word_1_560' title='bbox 1812 1158 1842 1184; x_wconf 86' lang='lat' dir='ltr'><strong>et</strong></span> 
     </span>
    </p>
   </div>
   <div class='ocr_carea' id='block_1_71' title="bbox 1013 1199 1840 1236">
    <p class='ocr_par' dir='ltr' id='par_1_71' title="bbox 1013 1199 1840 1236">
     <span class='ocr_line' id='line_1_71' title="bbox 1013 1199 1840 1236; baseline 0.001 -9"><span class='ocrx_word' id='word_1_561' title='bbox 1013 1201 1190 1236; x_wconf 57' lang='lat' dir='ltr'><strong>omniaquae</strong></span> <span class='ocrx_word' id='word_1_562' title='bbox 1207 1200 1269 1236; x_wconf 87' lang='lat' dir='ltr'><strong>ipse</strong></span> <span class='ocrx_word' id='word_1_563' title='bbox 1285 1199 1369 1232; x_wconf 84' lang='lat' dir='ltr'><strong>dixit,</strong></span> <span class='ocrx_word' id='word_1_564' title='bbox 1387 1200 1462 1227; x_wconf 78' lang='lat' dir='ltr'><strong>facta</strong></span> <span class='ocrx_word' id='word_1_565' title='bbox 1477 1208 1551 1233; x_wconf 81' lang='lat' dir='ltr'><strong>esse,</strong></span> <span class='ocrx_word' id='word_1_566' title='bbox 1566 1201 1637 1228; x_wconf 85' lang='lat' dir='ltr'><strong>dixit</strong></span> <span class='ocrx_word' id='word_1_567' title='bbox 1653 1201 1730 1228; x_wconf 89' lang='lat' dir='ltr'><strong>enim</strong></span> <span class='ocrx_word' id='word_1_568' title='bbox 1745 1202 1840 1228; x_wconf 75' lang='lat' dir='ltr'><strong>:«Caa—</strong></span> 
     </span>
    </p>
   </div>
   <div class='ocr_carea' id='block_1_72' title="bbox 1013 1245 1840 1278">
    <p class='ocr_par' dir='ltr' id='par_1_72' title="bbox 1013 1245 1840 1278">
     <span class='ocr_line' id='line_1_72' title="bbox 1013 1245 1840 1278; baseline 0 -6"><span class='ocrx_word' id='word_1_569' title='bbox 1013 1245 1073 1272; x_wconf 89' lang='lat' dir='ltr'><strong>lum</strong></span> <span class='ocrx_word' id='word_1_570' title='bbox 1086 1247 1113 1272; x_wconf 90' lang='lat' dir='ltr'><strong>et</strong></span> <span class='ocrx_word' id='word_1_571' title='bbox 1122 1247 1200 1272; x_wconf 83' lang='lat' dir='ltr'><strong>terra</strong></span> <span class='ocrx_word' id='word_1_572' title='bbox 1211 1245 1482 1278; x_wconf 84' lang='lat' dir='ltr'><strong>transibunt,verba</strong></span> <span class='ocrx_word' id='word_1_573' title='bbox 1493 1248 1589 1273; x_wconf 85' lang='lat' dir='ltr'><strong>autem</strong></span> <span class='ocrx_word' id='word_1_574' title='bbox 1604 1254 1667 1272; x_wconf 86' lang='lat' dir='ltr'><strong>mea</strong></span> <span class='ocrx_word' id='word_1_575' title='bbox 1677 1254 1732 1273; x_wconf 91' lang='lat' dir='ltr'><strong>non</strong></span> <span class='ocrx_word' id='word_1_576' title='bbox 1747 1248 1840 1273; x_wconf 84' lang='lat' dir='ltr'><strong>trans-</strong></span> 
     </span>
    </p>
   </div>
   <div class='ocr_carea' id='block_1_73' title="bbox 1012 1289 1836 1322">
    <p class='ocr_par' dir='ltr' id='par_1_73' title="bbox 1012 1289 1836 1322">
     <span class='ocr_line' id='line_1_73' title="bbox 1012 1289 1836 1322; baseline 0.001 -6"><span class='ocrx_word' id='word_1_577' title='bbox 1012 1289 1096 1316; x_wconf 72' lang='lat' dir='ltr'><strong>iliunt</strong></span> <span class='ocrx_word' id='word_1_578' title='bbox 1106 1290 1295 1322; x_wconf 62' lang='lat' dir='ltr'><strong>“mouenam</strong></span> <span class='ocrx_word' id='word_1_579' title='bbox 1308 1291 1405 1317; x_wconf 89' lang='lat' dir='ltr'><strong>autem</strong></span> <span class='ocrx_word' id='word_1_580' title='bbox 1422 1290 1509 1317; x_wconf 83' lang='lat' dir='ltr'><strong>verba</strong></span> <span class='ocrx_word' id='word_1_581' title='bbox 1520 1290 1836 1322; x_wconf 80' lang='lat' dir='ltr'><strong>dixerit,attendamus.</strong></span> 
     </span>
    </p>
   </div>
   <div class='ocr_carea' id='block_1_74' title="bbox 1015 1334 1834 1369">
    <p class='ocr_par' dir='ltr' id='par_1_74' title="bbox 1015 1334 1834 1369">
     <span class='ocr_line' id='line_1_74' title="bbox 1015 1334 1834 1369; baseline 0 -8"><span class='ocrx_word' id='word_1_582' title='bbox 1015 1334 1089 1362; x_wconf 87' lang='lat' dir='ltr'><strong>Dixit</strong></span> <span class='ocrx_word' id='word_1_583' title='bbox 1104 1334 1139 1361; x_wconf 87' lang='lat' dir='ltr'><strong>de</strong></span> <span class='ocrx_word' id='word_1_584' title='bbox 1162 1336 1255 1362; x_wconf 88' lang='lat' dir='ltr'><strong>vestro</strong></span> <span class='ocrx_word' id='word_1_585' title='bbox 1278 1334 1407 1369; x_wconf 87' lang='lat' dir='ltr'><strong>templo:</strong></span> <span class='ocrx_word' id='word_1_586' title='bbox 1425 1345 1438 1358; x_wconf 85' lang='grc'><strong>‹‹</strong></span> <span class='ocrx_word' id='word_1_587' title='bbox 1456 1336 1560 1366; x_wconf 81' lang='lat' dir='ltr'><strong>Amen,</strong></span> <span class='ocrx_word' id='word_1_588' title='bbox 1578 1334 1642 1361; x_wconf 82' lang='lat' dir='ltr'><strong>dico</strong></span> <span class='ocrx_word' id='word_1_589' title='bbox 1669 1334 1758 1367; x_wconf 87' lang='lat' dir='ltr'><strong>vobis,</strong></span> <span class='ocrx_word' id='word_1_590' title='bbox 1776 1342 1834 1361; x_wconf 91' lang='lat' dir='ltr'><strong>non</strong></span> 
     </span>
    </p>
   </div>
   <div class='ocr_carea' id='block_1_75' title="bbox 1012 1377 1835 1414">
    <p class='ocr_par' dir='ltr' id='par_1_75' title="bbox 1012 1377 1835 1414">
     <span class='ocr_line' id='line_1_75' title="bbox 1012 1377 1835 1414; baseline 0 -8"><span class='ocrx_word' id='word_1_591' title='bbox 1012 1378 1174 1406; x_wconf 84' lang='lat' dir='ltr'><strong>remanebit</strong></span> <span class='ocrx_word' id='word_1_592' title='bbox 1184 1377 1258 1414; x_wconf 85' lang='lat' dir='ltr'><strong>lapis</strong></span> <span class='ocrx_word' id='word_1_593' title='bbox 1269 1387 1357 1414; x_wconf 87' lang='lat' dir='ltr'><strong>super</strong></span> <span class='ocrx_word' id='word_1_594' title='bbox 1367 1378 1493 1414; x_wconf 89' lang='lat' dir='ltr'><strong>lapidem</strong></span> <span class='ocrx_word' id='word_1_595' title='bbox 1506 1378 1535 1405; x_wconf 94' lang='lat' dir='ltr'><strong>in</strong></span> <span class='ocrx_word' id='word_1_596' title='bbox 1558 1378 1621 1413; x_wconf 90' lang='lat' dir='ltr'><strong>ipso</strong></span> <span class='ocrx_word' id='word_1_597' title='bbox 1632 1378 1681 1414; x_wconf 85' lang='lat' dir='ltr'><strong>qui</strong></span> <span class='ocrx_word' id='word_1_598' title='bbox 1696 1386 1752 1405; x_wconf 91' lang='lat' dir='ltr'><strong>non</strong></span> <span class='ocrx_word' id='word_1_599' title='bbox 1769 1378 1835 1406; x_wconf 89' lang='lat' dir='ltr'><strong>des-</strong></span> 
     </span>
    </p>
   </div>
   <div class='ocr_carea' id='block_1_76' title="bbox 1011 1422 1833 1458">
    <p class='ocr_par' dir='ltr' id='par_1_76' title="bbox 1011 1422 1833 1458">
     <span class='ocr_line' id='line_1_76' title="bbox 1011 1422 1833 1458; baseline -0.001 -8"><span class='ocrx_word' id='word_1_600' title='bbox 1011 1425 1127 1450; x_wconf 88' lang='lat' dir='ltr'><strong>truatur</strong></span> <span class='ocrx_word' id='word_1_601' title='bbox 1136 1423 1185 1450; x_wconf 67' lang='lat'><strong>95.»</strong></span> <span class='ocrx_word' id='word_1_602' title='bbox 1204 1423 1233 1450; x_wconf 89' lang='lat' dir='ltr'><strong>Id</strong></span> <span class='ocrx_word' id='word_1_603' title='bbox 1244 1423 1308 1458; x_wconf 89' lang='lat' dir='ltr'><strong>ejus</strong></span> <span class='ocrx_word' id='word_1_604' title='bbox 1319 1422 1439 1450; x_wconf 88' lang='lat' dir='ltr'><strong>verbum</strong></span> <span class='ocrx_word' id='word_1_605' title='bbox 1453 1423 1600 1450; x_wconf 80' lang='lat' dir='ltr'><strong>factumne</strong></span> <span class='ocrx_word' id='word_1_606' title='bbox 1612 1423 1774 1456; x_wconf 84' lang='lat' dir='ltr'><strong>est,necne?</strong></span> <span class='ocrx_word' id='word_1_607' title='bbox 1787 1422 1833 1450; x_wconf 92' lang='lat' dir='ltr'><strong>Di-</strong></span> 
     </span>
    </p>
   </div>
   <div class='ocr_carea' id='block_1_77' title="bbox 1010 1467 1834 1503">
    <p class='ocr_par' dir='ltr' id='par_1_77' title="bbox 1010 1467 1834 1503">
     <span class='ocr_line' id='line_1_77' title="bbox 1010 1467 1834 1503; baseline 0.001 -9"><span class='ocrx_word' id='word_1_608' title='bbox 1010 1468 1052 1495; x_wconf 78' lang='lat' dir='ltr'><strong>xit</strong></span> <span class='ocrx_word' id='word_1_609' title='bbox 1067 1469 1203 1495; x_wconf 86' lang='lat' dir='ltr'><strong>venturos</strong></span> <span class='ocrx_word' id='word_1_610' title='bbox 1216 1467 1562 1503; x_wconf 82' lang='lat' dir='ltr'><strong>Romanos,vestramque</strong></span> <span class='ocrx_word' id='word_1_611' title='bbox 1578 1467 1747 1495; x_wconf 83' lang='lat' dir='ltr'><strong>sublaturos</strong></span> <span class='ocrx_word' id='word_1_612' title='bbox 1763 1475 1834 1503; x_wconf 85' lang='lat' dir='ltr'><strong>gen-</strong></span> 
     </span>
    </p>
   </div>
   <div class='ocr_carea' id='block_1_78' title="bbox 1010 1511 1836 1548">
    <p class='ocr_par' dir='ltr' id='par_1_78' title="bbox 1010 1511 1836 1548">
     <span class='ocr_line' id='line_1_78' title="bbox 1010 1511 1836 1548; baseline 0.001 -9"><span class='ocrx_word' id='word_1_613' title='bbox 1010 1514 1068 1540; x_wconf 91' lang='lat' dir='ltr'><strong>tem</strong></span> <span class='ocrx_word' id='word_1_614' title='bbox 1085 1512 1246 1548; x_wconf 89' lang='lat' dir='ltr'><strong>urbemque</strong></span> <span class='ocrx_word' id='word_1_615' title='bbox 1257 1514 1286 1539; x_wconf 86' lang='lat' dir='ltr'><strong>et</strong></span> <span class='ocrx_word' id='word_1_616' title='bbox 1297 1512 1534 1547; x_wconf 87' lang='lat' dir='ltr'><strong>regnum.Annon</strong></span> <span class='ocrx_word' id='word_1_617' title='bbox 1550 1512 1604 1539; x_wconf 87' lang='lat' dir='ltr'><strong>sub</strong></span> <span class='ocrx_word' id='word_1_618' title='bbox 1616 1511 1796 1547; x_wconf 79' lang='lat' dir='ltr'><strong>Vespasiano</strong></span> <span class='ocrx_word' id='word_1_619' title='bbox 1808 1514 1836 1540; x_wconf 88' lang='lat' dir='ltr'><strong>et</strong></span> 
     </span>
    </p>
   </div>
   <div class='ocr_carea' id='block_1_79' title="bbox 1010 1555 1836 1592">
    <p class='ocr_par' dir='ltr' id='par_1_79' title="bbox 1010 1555 1836 1592">
     <span class='ocr_line' id='line_1_79' title="bbox 1010 1555 1836 1592; baseline 0 -8"><span class='ocrx_word' id='word_1_620' title='bbox 1010 1557 1073 1584; x_wconf 88' lang='lat' dir='ltr'><strong>Tito</strong></span> <span class='ocrx_word' id='word_1_621' title='bbox 1085 1556 1113 1583; x_wconf 91' lang='lat' dir='ltr'><strong>id</strong></span> <span class='ocrx_word' id='word_1_622' title='bbox 1126 1556 1234 1584; x_wconf 83' lang='lat' dir='ltr'><strong>factum</strong></span> <span class='ocrx_word' id='word_1_623' title='bbox 1246 1558 1299 1591; x_wconf 88' lang='lat' dir='ltr'><strong>est,</strong></span> <span class='ocrx_word' id='word_1_624' title='bbox 1313 1564 1403 1584; x_wconf 85' lang='lat' dir='ltr'><strong>necne</strong></span> <span class='ocrx_word' id='word_1_625' title='bbox 1413 1556 1427 1583; x_wconf 66' lang='grc' dir='ltr'><strong><em>Ἰ</em></strong></span> <span class='ocrx_word' id='word_1_626' title='bbox 1441 1555 1514 1583; x_wconf 84' lang='lat' dir='ltr'><strong>Dixit</strong></span> <span class='ocrx_word' id='word_1_627' title='bbox 1526 1556 1619 1592; x_wconf 80' lang='lat' dir='ltr'><strong>legem</strong></span> <span class='ocrx_word' id='word_1_628' title='bbox 1636 1558 1663 1583; x_wconf 84' lang='lat' dir='ltr'><strong>et</strong></span> <span class='ocrx_word' id='word_1_629' title='bbox 1679 1556 1836 1592; x_wconf 84' lang='lat' dir='ltr'><strong>prophetas</strong></span> 
     </span>
    </p>
   </div>
   <div class='ocr_carea' id='block_1_80' title="bbox 971 1589 1834 1637">
    <p class='ocr_par' dir='ltr' id='par_1_80' title="bbox 971 1589 1834 1637">
     <span class='ocr_line' id='line_1_80' title="bbox 971 1589 1834 1637; baseline -0.001 -8"><span class='ocrx_word' id='word_1_630' title='bbox 971 1589 992 1624; x_wconf 64' lang='grc' dir='ltr'><strong>(ἶ</strong></span> <span class='ocrx_word' id='word_1_631' title='bbox 1012 1609 1106 1637; x_wconf 87' lang='lat' dir='ltr'><strong>usque</strong></span> <span class='ocrx_word' id='word_1_632' title='bbox 1116 1601 1151 1628; x_wconf 82' lang='lat' dir='ltr'><strong>ad</strong></span> <span class='ocrx_word' id='word_1_633' title='bbox 1158 1589 1300 1628; x_wconf 83' lang='lat' dir='ltr'><strong>Joannem</strong></span> <span class='ocrx_word' id='word_1_634' title='bbox 1311 1600 1472 1636; x_wconf 86' lang='lat' dir='ltr'><strong>Baptistam</strong></span> <span class='ocrx_word' id='word_1_635' title='bbox 1481 1589 1834 1636; x_wconf 56' lang='lat' dir='ltr'><strong>futuros,tuncqueﬁnem</strong></span> 
     </span>
    </p>
   </div>
   <div class='ocr_carea' id='block_1_81' title="bbox 1009 1644 1834 1681">
    <p class='ocr_par' dir='ltr' id='par_1_81' title="bbox 1009 1644 1834 1681">
     <span class='ocr_line' id='line_1_81' title="bbox 1009 1644 1834 1681; baseline 0 -8"><span class='ocrx_word' id='word_1_636' title='bbox 1009 1646 1162 1673; x_wconf 86' lang='lat' dir='ltr'><strong>habituros</strong></span> <span class='ocrx_word' id='word_1_637' title='bbox 1177 1645 1217 1671; x_wconf 67' lang='grc' dir='ltr'>νει</span> <span class='ocrx_word' id='word_1_638' title='bbox 1234 1653 1332 1672; x_wconf 88' lang='lat' dir='ltr'><strong>annon</strong></span> <span class='ocrx_word' id='word_1_639' title='bbox 1348 1644 1376 1672; x_wconf 92' lang='lat' dir='ltr'><strong>id</strong></span> <span class='ocrx_word' id='word_1_640' title='bbox 1394 1645 1501 1672; x_wconf 83' lang='lat' dir='ltr'><strong>faclum</strong></span> <span class='ocrx_word' id='word_1_641' title='bbox 1518 1645 1657 1677; x_wconf 84' lang='lat' dir='ltr'><strong>est?Quis</strong></span> <span class='ocrx_word' id='word_1_642' title='bbox 1673 1646 1750 1673; x_wconf 90' lang='lat' dir='ltr'><strong>enim</strong></span> <span class='ocrx_word' id='word_1_643' title='bbox 1768 1654 1834 1681; x_wconf 87' lang='lat' dir='ltr'><strong>pro-</strong></span> 
     </span>
    </p>
   </div>
   <div class='ocr_carea' id='block_1_82' title="bbox 1009 1688 1834 1726">
    <p class='ocr_par' dir='ltr' id='par_1_82' title="bbox 1009 1688 1834 1726">
     <span class='ocr_line' id='line_1_82' title="bbox 1009 1688 1834 1726; baseline 0 -9"><span class='ocrx_word' id='word_1_644' title='bbox 1009 1690 1096 1726; x_wconf 84' lang='lat' dir='ltr'><strong>pheta</strong></span> <span class='ocrx_word' id='word_1_645' title='bbox 1111 1689 1188 1725; x_wconf 88' lang='lat' dir='ltr'><strong>apud</strong></span> <span class='ocrx_word' id='word_1_646' title='bbox 1204 1697 1254 1717; x_wconf 91' lang='lat' dir='ltr'><strong>vos</strong></span> <span class='ocrx_word' id='word_1_647' title='bbox 1279 1688 1392 1716; x_wconf 83' lang='lat' dir='ltr'><strong>exstitit</strong></span> <span class='ocrx_word' id='word_1_648' title='bbox 1405 1691 1473 1724; x_wconf 86' lang='lat' dir='ltr'><strong>post</strong></span> <span class='ocrx_word' id='word_1_649' title='bbox 1486 1690 1629 1716; x_wconf 83' lang='lat' dir='ltr'><strong>Joannem</strong></span> <span class='ocrx_word' id='word_1_650' title='bbox 1646 1690 1809 1725; x_wconf 82' lang='lat' dir='ltr'><strong>Bnptistam</strong></span> <span class='ocrx_word' id='word_1_651' title='bbox 1820 1689 1834 1716; x_wconf 75' lang='lat' dir='ltr'><strong>‘I</strong></span> 
     </span>
    </p>
   </div>
   <div class='ocr_carea' id='block_1_83' title="bbox 1008 1733 1832 1769">
    <p class='ocr_par' dir='ltr' id='par_1_83' title="bbox 1008 1733 1832 1769">
     <span class='ocr_line' id='line_1_83' title="bbox 1008 1733 1832 1769; baseline 0.001 -8"><span class='ocrx_word' id='word_1_652' title='bbox 1008 1734 1112 1762; x_wconf 90' lang='lat' dir='ltr'><strong>Nullus</strong></span> <span class='ocrx_word' id='word_1_653' title='bbox 1130 1734 1267 1769; x_wconf 87' lang='lat' dir='ltr'><strong>profecto.</strong></span> <span class='ocrx_word' id='word_1_654' title='bbox 1285 1733 1360 1760; x_wconf 84' lang='lat' dir='ltr'><strong>Dixit</strong></span> <span class='ocrx_word' id='word_1_655' title='bbox 1375 1742 1478 1761; x_wconf 88' lang='lat' dir='ltr'><strong>rursus</strong></span> <span class='ocrx_word' id='word_1_656' title='bbox 1494 1733 1571 1761; x_wconf 85' lang='lat' dir='ltr'><strong>idem</strong></span> <span class='ocrx_word' id='word_1_657' title='bbox 1590 1734 1731 1762; x_wconf 89' lang='lat' dir='ltr'><strong>Dominus</strong></span> <span class='ocrx_word' id='word_1_658' title='bbox 1745 1734 1832 1762; x_wconf 85' lang='lat' dir='ltr'><strong>Jesus</strong></span> 
     </span>
    </p>
   </div>
   <div class='ocr_carea' id='block_1_84' title="bbox 1008 1778 1830 1813">
    <p class='ocr_par' dir='ltr' id='par_1_84' title="bbox 1008 1778 1830 1813">
     <span class='ocr_line' id='line_1_84' title="bbox 1008 1778 1830 1813; baseline 0 -8"><span class='ocrx_word' id='word_1_659' title='bbox 1008 1778 1141 1806; x_wconf 86' lang='lat' dir='ltr'><strong>Christus</strong></span> <span class='ocrx_word' id='word_1_660' title='bbox 1165 1786 1251 1805; x_wconf 85' lang='lat' dir='ltr'><strong>verus</strong></span> <span class='ocrx_word' id='word_1_661' title='bbox 1277 1778 1351 1805; x_wconf 87' lang='lat' dir='ltr'><strong>Deus</strong></span> <span class='ocrx_word' id='word_1_662' title='bbox 1374 1780 1480 1812; x_wconf 85' lang='lat' dir='ltr'><strong>noster,</strong></span> <span class='ocrx_word' id='word_1_663' title='bbox 1498 1778 1686 1813; x_wconf 76' lang='lat' dir='ltr'><strong>Evangelium</strong></span> <span class='ocrx_word' id='word_1_664' title='bbox 1716 1779 1745 1805; x_wconf 90' lang='lat' dir='ltr'><strong>in</strong></span> <span class='ocrx_word' id='word_1_665' title='bbox 1770 1780 1830 1805; x_wconf 86' lang='lat' dir='ltr'><strong>toto</strong></span> 
     </span>
    </p>
   </div>
   <div class='ocr_carea' id='block_1_85' title="bbox 1009 1821 1830 1858">
    <p class='ocr_par' dir='ltr' id='par_1_85' title="bbox 1009 1821 1830 1858">
     <span class='ocr_line' id='line_1_85' title="bbox 1009 1821 1830 1858; baseline -0.001 -9"><span class='ocrx_word' id='word_1_666' title='bbox 1009 1823 1118 1849; x_wconf 88' lang='lat' dir='ltr'><strong>mundo</strong></span> <span class='ocrx_word' id='word_1_667' title='bbox 1134 1822 1322 1858; x_wconf 76' lang='lat' dir='ltr'><strong>przedicatum</strong></span> <span class='ocrx_word' id='word_1_668' title='bbox 1338 1822 1371 1848; x_wconf 92' lang='lat' dir='ltr'><strong>iri</strong></span> <span class='ocrx_word' id='word_1_669' title='bbox 1384 1822 1405 1839; x_wconf 65' lang='lat'><strong>9&quot;</strong></span> <span class='ocrx_word' id='word_1_670' title='bbox 1417 1822 1535 1849; x_wconf 86' lang='lat' dir='ltr'><strong>:factum</strong></span> <span class='ocrx_word' id='word_1_671' title='bbox 1547 1830 1614 1857; x_wconf 77' lang='lat' dir='ltr'><strong>ergo</strong></span> <span class='ocrx_word' id='word_1_672' title='bbox 1625 1822 1651 1849; x_wconf 89' lang='lat' dir='ltr'><strong>id</strong></span> <span class='ocrx_word' id='word_1_673' title='bbox 1668 1821 1830 1855; x_wconf 84' lang='lat' dir='ltr'><strong>est,necne?</strong></span> 
     </span>
    </p>
   </div>
   <div class='ocr_carea' id='block_1_86' title="bbox 1008 1866 1829 1902">
    <p class='ocr_par' dir='ltr' id='par_1_86' title="bbox 1008 1866 1829 1902">
     <span class='ocr_line' id='line_1_86' title="bbox 1008 1866 1829 1902; baseline 0 -8"><span class='ocrx_word' id='word_1_674' title='bbox 1008 1868 1085 1895; x_wconf 81' lang='lat' dir='ltr'><strong>Dixit</strong></span> <span class='ocrx_word' id='word_1_675' title='bbox 1099 1867 1168 1894; x_wconf 84' lang='lat' dir='ltr'><strong>item</strong></span> <span class='ocrx_word' id='word_1_676' title='bbox 1185 1868 1283 1902; x_wconf 80' lang='lat' dir='ltr'><strong>portas</strong></span> <span class='ocrx_word' id='word_1_677' title='bbox 1300 1866 1382 1893; x_wconf 81' lang='lat' dir='ltr'><strong>inferi</strong></span> <span class='ocrx_word' id='word_1_678' title='bbox 1399 1874 1455 1893; x_wconf 89' lang='lat' dir='ltr'><strong>non</strong></span> <span class='ocrx_word' id='word_1_679' title='bbox 1473 1867 1672 1902; x_wconf 68' lang='lat' dir='ltr'><strong>prmvalituras</strong></span> <span class='ocrx_word' id='word_1_680' title='bbox 1689 1867 1829 1894; x_wconf 84' lang='lat' dir='ltr'><strong>adversus</strong></span> 
     </span>
    </p>
   </div>
   <div class='ocr_carea' id='block_1_87' title="bbox 1007 1910 1827 1946">
    <p class='ocr_par' dir='ltr' id='par_1_87' title="bbox 1007 1910 1827 1946">
     <span class='ocr_line' id='line_1_87' title="bbox 1007 1910 1827 1946; baseline -0.001 -8"><span class='ocrx_word' id='word_1_681' title='bbox 1007 1910 1166 1938; x_wconf 73' lang='lat' dir='ltr'><strong>Ecclesium</strong></span> <span class='ocrx_word' id='word_1_682' title='bbox 1180 1910 1322 1946; x_wconf 89' lang='lat' dir='ltr'><strong>:nunquid</strong></span> <span class='ocrx_word' id='word_1_683' title='bbox 1335 1910 1475 1937; x_wconf 87' lang='lat' dir='ltr'><strong>mentitus</strong></span> <span class='ocrx_word' id='word_1_684' title='bbox 1490 1913 1531 1937; x_wconf 76' lang='lat' dir='ltr'><strong>est</strong></span> <span class='ocrx_word' id='word_1_685' title='bbox 1546 1912 1555 1936; x_wconf 61' lang='grc' dir='ltr'><strong><em>ἓ</em></strong></span> <span class='ocrx_word' id='word_1_686' title='bbox 1573 1910 1671 1937; x_wconf 76' lang='lat' dir='ltr'><strong>Absit!</strong></span> <span class='ocrx_word' id='word_1_687' title='bbox 1692 1910 1765 1937; x_wconf 76' lang='lat' dir='ltr'><strong>Dixit</strong></span> <span class='ocrx_word' id='word_1_688' title='bbox 1776 1919 1827 1937; x_wconf 88' lang='lat' dir='ltr'><strong>no-</strong></span> 
     </span>
    </p>
   </div>
   <div class='ocr_carea' id='block_1_88' title="bbox 1008 1954 1828 1991">
    <p class='ocr_par' dir='ltr' id='par_1_88' title="bbox 1008 1954 1828 1991">
     <span class='ocr_line' id='line_1_88' title="bbox 1008 1954 1828 1991; baseline 0 -9"><span class='ocrx_word' id='word_1_689' title='bbox 1008 1955 1053 1982; x_wconf 88' lang='lat' dir='ltr'><strong>bis</strong></span> <span class='ocrx_word' id='word_1_690' title='bbox 1069 1955 1119 1991; x_wconf 87' lang='lat' dir='ltr'><strong>qui</strong></span> <span class='ocrx_word' id='word_1_691' title='bbox 1141 1955 1169 1981; x_wconf 93' lang='lat' dir='ltr'><strong>in</strong></span> <span class='ocrx_word' id='word_1_692' title='bbox 1186 1955 1282 1990; x_wconf 84' lang='lat' dir='ltr'><strong>ipsum</strong></span> <span class='ocrx_word' id='word_1_693' title='bbox 1299 1954 1465 1981; x_wconf 89' lang='lat' dir='ltr'><strong>credimus:</strong></span> <span class='ocrx_word' id='word_1_694' title='bbox 1479 1965 1492 1978; x_wconf 87' lang='lat'><strong>«</strong></span> <span class='ocrx_word' id='word_1_695' title='bbox 1511 1954 1594 1981; x_wconf 69' lang='lat' dir='ltr'><strong>Erilis</strong></span> <span class='ocrx_word' id='word_1_696' title='bbox 1611 1955 1675 1981; x_wconf 83' lang='lat' dir='ltr'><strong>odio</strong></span> <span class='ocrx_word' id='word_1_697' title='bbox 1691 1955 1828 1982; x_wconf 87' lang='lat' dir='ltr'><strong>omnibus</strong></span> 
     </span>
    </p>
   </div>
   <div class='ocr_carea' id='block_1_89' title="bbox 1008 1998 1828 2036">
    <p class='ocr_par' dir='ltr' id='par_1_89' title="bbox 1008 1998 1828 2036">
     <span class='ocr_line' id='line_1_89' title="bbox 1008 1998 1828 2036; baseline 0 -9"><span class='ocrx_word' id='word_1_698' title='bbox 1008 2002 1126 2036; x_wconf 78' lang='lat' dir='ltr'><strong>propter</strong></span> <span class='ocrx_word' id='word_1_699' title='bbox 1138 2007 1244 2026; x_wconf 88' lang='lat' dir='ltr'><strong>nomen</strong></span> <span class='ocrx_word' id='word_1_700' title='bbox 1260 2006 1358 2025; x_wconf 88' lang='lat' dir='ltr'><strong>meum</strong></span> <span class='ocrx_word' id='word_1_701' title='bbox 1374 1999 1404 2025; x_wconf 67' lang='grc'><strong>9⁸.</strong></span> <span class='ocrx_word' id='word_1_702' title='bbox 1424 2009 1438 2022; x_wconf 82' lang='grc'><strong>››</strong></span> <span class='ocrx_word' id='word_1_703' title='bbox 1455 1998 1547 2025; x_wconf 85' lang='lat' dir='ltr'><strong>Dicite</strong></span> <span class='ocrx_word' id='word_1_704' title='bbox 1561 1999 1658 2034; x_wconf 81' lang='lat' dir='ltr'><strong>itaque</strong></span> <span class='ocrx_word' id='word_1_705' title='bbox 1676 1999 1766 2032; x_wconf 88' lang='lat' dir='ltr'><strong>nobis,</strong></span> <span class='ocrx_word' id='word_1_706' title='bbox 1777 2007 1828 2027; x_wconf 86' lang='lat' dir='ltr'><strong>an-</strong></span> 
     </span>
    </p>
   </div>
   <div class='ocr_carea' id='block_1_90' title="bbox 1008 2042 1830 2078">
    <p class='ocr_par' dir='ltr' id='par_1_90' title="bbox 1008 2042 1830 2078">
     <span class='ocr_line' id='line_1_90' title="bbox 1008 2042 1830 2078; baseline 0 -7"><span class='ocrx_word' id='word_1_707' title='bbox 1008 2052 1065 2072; x_wconf 89' lang='lat' dir='ltr'><strong>non</strong></span> <span class='ocrx_word' id='word_1_708' title='bbox 1082 2050 1185 2071; x_wconf 90' lang='lat' dir='ltr'><strong>omnes</strong></span> <span class='ocrx_word' id='word_1_709' title='bbox 1201 2044 1302 2078; x_wconf 81' lang='lat' dir='ltr'><strong>gentes</strong></span> <span class='ocrx_word' id='word_1_710' title='bbox 1318 2044 1436 2078; x_wconf 86' lang='lat' dir='ltr'><strong>propter</strong></span> <span class='ocrx_word' id='word_1_711' title='bbox 1450 2042 1556 2069; x_wconf 85' lang='lat' dir='ltr'><strong>Christi</strong></span> <span class='ocrx_word' id='word_1_712' title='bbox 1574 2051 1677 2070; x_wconf 87' lang='lat' dir='ltr'><strong>nomen</strong></span> <span class='ocrx_word' id='word_1_713' title='bbox 1694 2043 1760 2071; x_wconf 91' lang='lat' dir='ltr'><strong>odio</strong></span> <span class='ocrx_word' id='word_1_714' title='bbox 1778 2052 1830 2071; x_wconf 89' lang='lat' dir='ltr'><strong>nos</strong></span> 
     </span>
    </p>
   </div>
   <div class='ocr_carea' id='block_1_91' title="bbox 1008 2086 1829 2124">
    <p class='ocr_par' dir='ltr' id='par_1_91' title="bbox 1008 2086 1829 2124">
     <span class='ocr_line' id='line_1_91' title="bbox 1008 2086 1829 2124; baseline -0.001 -8"><span class='ocrx_word' id='word_1_715' title='bbox 1008 2088 1117 2116; x_wconf 84' lang='lat' dir='ltr'><strong>habent</strong></span> <span class='ocrx_word' id='word_1_716' title='bbox 1136 2089 1164 2115; x_wconf 91' lang='lat' dir='ltr'><strong>et</strong></span> <span class='ocrx_word' id='word_1_717' title='bbox 1178 2088 1391 2114; x_wconf 84' lang='lat' dir='ltr'><strong>exsecrantur?</strong></span> <span class='ocrx_word' id='word_1_718' title='bbox 1404 2086 1524 2114; x_wconf 85' lang='lat' dir='ltr'><strong>Etiamsi</strong></span> <span class='ocrx_word' id='word_1_719' title='bbox 1549 2095 1601 2115; x_wconf 88' lang='lat' dir='ltr'><strong>vos</strong></span> <span class='ocrx_word' id='word_1_720' title='bbox 1626 2088 1755 2123; x_wconf 79' lang='lat' dir='ltr'><strong>iaceatis,</strong></span> <span class='ocrx_word' id='word_1_721' title='bbox 1772 2088 1829 2124; x_wconf 87' lang='lat' dir='ltr'><strong>ipsi</strong></span> 
     </span>
    </p>
   </div>
   <div class='ocr_carea' id='block_1_92' title="bbox 1008 2131 1830 2169">
    <p class='ocr_par' dir='ltr' id='par_1_92' title="bbox 1008 2131 1830 2169">
     <span class='ocr_line' id='line_1_92' title="bbox 1008 2131 1830 2169; baseline -0.002 -7"><span class='ocrx_word' id='word_1_722' title='bbox 1008 2133 1179 2162; x_wconf 87' lang='lat' dir='ltr'><strong>clamabunt</strong></span> <span class='ocrx_word' id='word_1_723' title='bbox 1193 2132 1315 2168; x_wconf 79' lang='lat' dir='ltr'><strong>lapides,</strong></span> <span class='ocrx_word' id='word_1_724' title='bbox 1332 2131 1454 2167; x_wconf 86' lang='lat' dir='ltr'><strong>ipsaque</strong></span> <span class='ocrx_word' id='word_1_725' title='bbox 1469 2140 1566 2159; x_wconf 87' lang='lat' dir='ltr'><strong>rerum</strong></span> <span class='ocrx_word' id='word_1_726' title='bbox 1589 2132 1695 2160; x_wconf 85' lang='lat' dir='ltr'><strong>veritas</strong></span> <span class='ocrx_word' id='word_1_727' title='bbox 1711 2141 1760 2160; x_wconf 90' lang='lat' dir='ltr'><strong>vos</strong></span> <span class='ocrx_word' id='word_1_728' title='bbox 1777 2141 1830 2169; x_wconf 89' lang='lat' dir='ltr'><strong>pu-</strong></span> 
     </span>
    </p>
   </div>
   <div class='ocr_carea' id='block_1_93' title="bbox 1009 2176 1829 2213">
    <p class='ocr_par' dir='ltr' id='par_1_93' title="bbox 1009 2176 1829 2213">
     <span class='ocr_line' id='line_1_93' title="bbox 1009 2176 1829 2213; baseline -0.001 -7"><span class='ocrx_word' id='word_1_729' title='bbox 1009 2179 1078 2206; x_wconf 90' lang='lat' dir='ltr'><strong>dore</strong></span> <span class='ocrx_word' id='word_1_730' title='bbox 1094 2178 1166 2206; x_wconf 77' lang='lat' dir='ltr'><strong>setis</strong></span> <span class='ocrx_word' id='word_1_731' title='bbox 1182 2176 1288 2213; x_wconf 87' lang='lat' dir='ltr'><strong>poterit</strong></span> <span class='ocrx_word' id='word_1_732' title='bbox 1302 2176 1427 2210; x_wconf 80' lang='lat' dir='ltr'><strong>afﬁcere,</strong></span> <span class='ocrx_word' id='word_1_733' title='bbox 1438 2179 1579 2212; x_wconf 79' lang='lat' dir='ltr'><strong>cogetque</strong></span> <span class='ocrx_word' id='word_1_734' title='bbox 1596 2177 1637 2204; x_wconf 88' lang='lat' dir='ltr'><strong>vel</strong></span> <span class='ocrx_word' id='word_1_735' title='bbox 1655 2177 1760 2205; x_wconf 84' lang='lat' dir='ltr'><strong>invitos</strong></span> <span class='ocrx_word' id='word_1_736' title='bbox 1768 2186 1829 2205; x_wconf 83' lang='lat' dir='ltr'><strong>cre-</strong></span> 
     </span>
    </p>
   </div>
   <div class='ocr_carea' id='block_1_94' title="bbox 1009 2221 1829 2254">
    <p class='ocr_par' dir='ltr' id='par_1_94' title="bbox 1009 2221 1829 2254">
     <span class='ocr_line' id='line_1_94' title="bbox 1009 2221 1829 2254; baseline -0.001 -4"><span class='ocrx_word' id='word_1_737' title='bbox 1009 2223 1077 2250; x_wconf 90' lang='lat' dir='ltr'><strong>dere</strong></span> <span class='ocrx_word' id='word_1_738' title='bbox 1091 2222 1239 2250; x_wconf 87' lang='lat' dir='ltr'><strong>Christum</strong></span> <span class='ocrx_word' id='word_1_739' title='bbox 1270 2224 1359 2249; x_wconf 90' lang='lat' dir='ltr'><strong>Deum</strong></span> <span class='ocrx_word' id='word_1_740' title='bbox 1384 2221 1537 2249; x_wconf 83' lang='lat' dir='ltr'><strong>manifeste</strong></span> <span class='ocrx_word' id='word_1_741' title='bbox 1559 2222 1683 2254; x_wconf 85' lang='lat' dir='ltr'><strong>venisse,</strong></span> <span class='ocrx_word' id='word_1_742' title='bbox 1697 2222 1726 2249; x_wconf 90' lang='lat' dir='ltr'><strong>in</strong></span> <span class='ocrx_word' id='word_1_743' title='bbox 1742 2223 1829 2250; x_wconf 86' lang='lat' dir='ltr'><strong>terris</strong></span> 
     </span>
    </p>
   </div>
   <div class='ocr_carea' id='block_1_95' title="bbox 106 2265 956 2306">
    <p class='ocr_par' dir='ltr' id='par_1_95' title="bbox 106 2265 954 2306">
     <span class='ocr_line' id='line_1_95' title="bbox 106 2265 954 2306; baseline -0.005 -9"><span class='ocrx_word' id='word_1_744' title='bbox 106 2270 295 2306; x_wconf 71' lang='grc' dir='ltr'>ῖιιτασχῦναι</span> <span class='ocrx_word' id='word_1_745' title='bbox 313 2267 382 2302; x_wconf 77' lang='grc' dir='ltr'>ὑμᾶς</span> <span class='ocrx_word' id='word_1_746' title='bbox 397 2265 519 2301; x_wconf 75' lang='grc' dir='ltr'>δύναται,</span> <span class='ocrx_word' id='word_1_747' title='bbox 534 2266 579 2293; x_wconf 63' lang='grc' dir='ltr'><strong>διπὶ</strong></span> <span class='ocrx_word' id='word_1_748' title='bbox 595 2268 685 2293; x_wconf 76' lang='grc' dir='ltr'>πεῖσαι</span> <span class='ocrx_word' id='word_1_749' title='bbox 712 2265 756 2293; x_wconf 73' lang='grc' dir='ltr'><strong>ναὶ</strong></span> <span class='ocrx_word' id='word_1_750' title='bbox 774 2267 896 2302; x_wconf 76' lang='grc' dir='ltr'>ἄκοντας,</span> <span class='ocrx_word' id='word_1_751' title='bbox 913 2267 954 2294; x_wconf 85' lang='grc' dir='ltr'>δτι</span> 
     </span>
    </p>
   </div>
   <div class='ocr_carea' id='block_1_96' title="bbox 1013 2265 1830 2306">
    <p class='ocr_par' dir='ltr' id='par_1_96' title="bbox 1013 2265 1830 2300">
     <span class='ocr_line' id='line_1_96' title="bbox 1013 2265 1830 2300; baseline 0 -6"><span class='ocrx_word' id='word_1_752' title='bbox 1013 2267 1104 2295; x_wconf 85' lang='lat' dir='ltr'><strong>visum</strong></span> <span class='ocrx_word' id='word_1_753' title='bbox 1119 2275 1194 2300; x_wconf 79' lang='lat' dir='ltr'><strong>esse,</strong></span> <span class='ocrx_word' id='word_1_754' title='bbox 1210 2265 1297 2294; x_wconf 64' lang='lat' dir='ltr'><strong>caelos</strong></span> <span class='ocrx_word' id='word_1_755' title='bbox 1322 2265 1480 2294; x_wconf 79' lang='lat' dir='ltr'><strong>inclinasse</strong></span> <span class='ocrx_word' id='word_1_756' title='bbox 1504 2268 1533 2293; x_wconf 88' lang='lat' dir='ltr'><strong>et</strong></span> <span class='ocrx_word' id='word_1_757' title='bbox 1548 2266 1743 2299; x_wconf 86' lang='lat' dir='ltr'><strong>descendisse,</strong></span> <span class='ocrx_word' id='word_1_758' title='bbox 1765 2275 1830 2294; x_wconf 88' lang='lat' dir='ltr'><strong>rur-</strong></span> 
     </span>
    </p>
   </div>
   <div class='ocr_carea' id='block_1_97' title="bbox 107 2309 954 2351">
    <p class='ocr_par' dir='ltr' id='par_1_97' title="bbox 107 2309 954 2351">
     <span class='ocr_line' id='line_1_97' title="bbox 107 2309 954 2351; baseline -0.005 -10"><span class='ocrx_word' id='word_1_759' title='bbox 107 2313 236 2351; x_wconf 73' lang='grc' dir='ltr'>Σριπὸς</span> <span class='ocrx_word' id='word_1_760' title='bbox 255 2311 273 2338; x_wconf 81' lang='grc' dir='ltr'><strong>ὁ</strong></span> <span class='ocrx_word' id='word_1_761' title='bbox 289 2311 353 2342; x_wconf 84' lang='grc' dir='ltr'>Θεὸς</span> <span class='ocrx_word' id='word_1_762' title='bbox 370 2310 497 2350; x_wconf 67' lang='grc' dir='ltr'>ἰμφανῶς</span> <span class='ocrx_word' id='word_1_763' title='bbox 515 2309 585 2345; x_wconf 81' lang='grc' dir='ltr'>ἦλθε</span> <span class='ocrx_word' id='word_1_764' title='bbox 598 2310 643 2338; x_wconf 80' lang='grc' dir='ltr'>καὶ</span> <span class='ocrx_word' id='word_1_765' title='bbox 659 2310 703 2337; x_wconf 77' lang='grc' dir='ltr'><strong>ἐπὶ</strong></span> <span class='ocrx_word' id='word_1_766' title='bbox 717 2314 766 2345; x_wconf 81' lang='grc' dir='ltr'><strong>τῆς</strong></span> <span class='ocrx_word' id='word_1_767' title='bbox 786 2314 838 2348; x_wconf 83' lang='grc' dir='ltr'><strong>γῆς</strong></span> <span class='ocrx_word' id='word_1_768' title='bbox 863 2309 954 2350; x_wconf 70' lang='grc' dir='ltr'><strong>ὢφοη¹</strong></span> 
     </span>
    </p>
   </div>
   <div class='ocr_carea' id='block_1_98' title="bbox 106 2352 955 2392">
    <p class='ocr_par' dir='ltr' id='par_1_98' title="bbox 106 2352 955 2392">
     <span class='ocr_line' id='line_1_98' title="bbox 106 2352 955 2392; baseline -0.004 -6"><span class='ocrx_word' id='word_1_769' title='bbox 106 2358 154 2385; x_wconf 71' lang='grc' dir='ltr'><strong>καὶ</strong></span> <span class='ocrx_word' id='word_1_770' title='bbox 172 2356 296 2385; x_wconf 80' lang='grc' dir='ltr'>ἔκλινεν</span> <span class='ocrx_word' id='word_1_771' title='bbox 311 2355 442 2392; x_wconf 72' lang='grc' dir='ltr'>οὐρανοὺς</span> <span class='ocrx_word' id='word_1_772' title='bbox 456 2355 501 2382; x_wconf 75' lang='grc' dir='ltr'><strong>καὶ</strong></span> <span class='ocrx_word' id='word_1_773' title='bbox 516 2352 629 2390; x_wconf 68' lang='grc' dir='ltr'>κατέϐη,</span> <span class='ocrx_word' id='word_1_774' title='bbox 644 2355 689 2382; x_wconf 77' lang='grc' dir='ltr'>καὶ</span> <span class='ocrx_word' id='word_1_775' title='bbox 702 2354 784 2383; x_wconf 83' lang='grc' dir='ltr'>πάλιν</span> <span class='ocrx_word' id='word_1_776' title='bbox 800 2353 883 2391; x_wconf 64' lang='grc' dir='ltr'>ἐπέϐη</span> <span class='ocrx_word' id='word_1_777' title='bbox 912 2356 955 2383; x_wconf 73' lang='grc' dir='ltr'><strong>ἐπὶ</strong></span> 
     </span>
    </p>
   </div>
   <div class='ocr_carea' id='block_1_99' title="bbox 106 2397 955 2440">
    <p class='ocr_par' dir='ltr' id='par_1_99' title="bbox 106 2397 955 2440">
     <span class='ocr_line' id='line_1_99' title="bbox 106 2397 955 2440; baseline -0.002 -10"><span class='ocrx_word' id='word_1_778' title='bbox 106 2399 276 2440; x_wconf 67' lang='grc' dir='ltr'>χερουϐὶμ,</span> <span class='ocrx_word' id='word_1_779' title='bbox 305 2401 348 2427; x_wconf 64' lang='grc' dir='ltr'><strong>διιί</strong></span> <span class='ocrx_word' id='word_1_780' title='bbox 374 2400 519 2435; x_wconf 76' lang='grc' dir='ltr'>ίπετάσθη,</span> <span class='ocrx_word' id='word_1_781' title='bbox 542 2399 587 2427; x_wconf 74' lang='grc' dir='ltr'><strong>καὶ</strong></span> <span class='ocrx_word' id='word_1_782' title='bbox 612 2397 694 2434; x_wconf 70' lang='grc' dir='ltr'>ἀνέϐη</span> <span class='ocrx_word' id='word_1_783' title='bbox 714 2399 758 2431; x_wconf 71' lang='grc' dir='ltr'>εἷς</span> <span class='ocrx_word' id='word_1_784' title='bbox 773 2399 903 2438; x_wconf 75' lang='grc' dir='ltr'>οὐρανοὺς</span> <span class='ocrx_word' id='word_1_785' title='bbox 929 2400 955 2428; x_wconf 79' lang='grc' dir='ltr'>ἐν</span> 
     </span>
    </p>
   </div>
   <div class='ocr_carea' id='block_1_100' title="bbox 107 2444 432 2484">
    <p class='ocr_par' dir='ltr' id='par_1_100' title="bbox 107 2444 432 2484">
     <span class='ocr_line' id='line_1_100' title="bbox 107 2444 432 2484; baseline -0.006 -10"><span class='ocrx_word' id='word_1_786' title='bbox 107 2446 285 2484; x_wconf 74' lang='grc' dir='ltr'>ἀλαλαγμῷ</span> <span class='ocrx_word' id='word_1_787' title='bbox 302 2444 337 2475; x_wconf 82' lang='grc' dir='ltr'>ὡς</span> <span class='ocrx_word' id='word_1_788' title='bbox 353 2444 419 2475; x_wconf 77' lang='grc' dir='ltr'>Θεός</span> <span class='ocrx_word' id='word_1_789' title='bbox 425 2466 432 2472; x_wconf 90' lang='grc'><strong>.</strong></span> 
     </span>
    </p>
   </div>
   <div class='ocr_carea' id='block_1_101' title="bbox 144 2487 958 2526">
    <p class='ocr_par' dir='ltr' id='par_1_101' title="bbox 144 2487 958 2526">
     <span class='ocr_line' id='line_1_101' title="bbox 144 2487 958 2526; baseline 0 -10"><span class='ocrx_word' id='word_1_790' title='bbox 144 2493 173 2519; x_wconf 73' lang='grc'><strong>4.</strong></span> <span class='ocrx_word' id='word_1_791' title='bbox 209 2491 278 2519; x_wconf 77' lang='grc' dir='ltr'>Ἵνα</span> <span class='ocrx_word' id='word_1_792' title='bbox 312 2487 339 2516; x_wconf 74' lang='grc' dir='ltr'><strong>δὲ</strong></span> <span class='ocrx_word' id='word_1_793' title='bbox 374 2488 488 2519; x_wconf 84' lang='grc' dir='ltr'>τελείως</span> <span class='ocrx_word' id='word_1_794' title='bbox 525 2492 575 2523; x_wconf 86' lang='grc' dir='ltr'><strong>τῆς</strong></span> <span class='ocrx_word' id='word_1_795' title='bbox 604 2487 753 2523; x_wconf 79' lang='grc' dir='ltr'>Ἰουδαϊκῆς</span> <span class='ocrx_word' id='word_1_796' title='bbox 781 2491 958 2526; x_wconf 75' lang='grc' dir='ltr'>καταγνῶμεν</span> 
     </span>
    </p>
   </div>
   <div class='ocr_carea' id='block_1_102' title="bbox 104 2530 957 2574">
    <p class='ocr_par' dir='ltr' id='par_1_102' title="bbox 104 2530 957 2574">
     <span class='ocr_line' id='line_1_102' title="bbox 104 2530 957 2574; baseline -0.004 -11"><span class='ocrx_word' id='word_1_797' title='bbox 104 2536 301 2574; x_wconf 71' lang='grc' dir='ltr'>πωρώσεως,</span> <span class='ocrx_word' id='word_1_798' title='bbox 320 2531 413 2560; x_wconf 77' lang='grc' dir='ltr'>λοιπὸν</span> <span class='ocrx_word' id='word_1_799' title='bbox 430 2531 460 2560; x_wconf 75' lang='grc' dir='ltr'><strong>δὲ</strong></span> <span class='ocrx_word' id='word_1_800' title='bbox 473 2533 518 2560; x_wconf 79' lang='grc' dir='ltr'><strong>καὶ</strong></span> <span class='ocrx_word' id='word_1_801' title='bbox 534 2534 616 2570; x_wconf 72' lang='grc' dir='ltr'>ἡμεῖς</span> <span class='ocrx_word' id='word_1_802' title='bbox 633 2533 658 2560; x_wconf 80' lang='grc' dir='ltr'>οἱ</span> <span class='ocrx_word' id='word_1_803' title='bbox 673 2532 764 2560; x_wconf 82' lang='grc' dir='ltr'>πιστοὶ</span> <span class='ocrx_word' id='word_1_804' title='bbox 790 2530 957 2570; x_wconf 74' lang='grc' dir='ltr'>βιϐαιότεροι</span> 
     </span>
    </p>
   </div>
   <div class='ocr_carea' id='block_1_103' title="bbox 104 2575 957 2615">
    <p class='ocr_par' dir='ltr' id='par_1_103' title="bbox 104 2575 957 2615">
     <span class='ocr_line' id='line_1_103' title="bbox 104 2575 957 2615; baseline -0.001 -10"><span class='ocrx_word' id='word_1_805' title='bbox 104 2579 132 2607; x_wconf 72' lang='grc' dir='ltr'>ἐν</span> <span class='ocrx_word' id='word_1_806' title='bbox 163 2581 203 2615; x_wconf 73' lang='grc' dir='ltr'><strong>τῇ</strong></span> <span class='ocrx_word' id='word_1_807' title='bbox 234 2580 363 2615; x_wconf 76' lang='grc' dir='ltr'>Χριστοῦ</span> <span class='ocrx_word' id='word_1_808' title='bbox 388 2577 476 2604; x_wconf 83' lang='grc' dir='ltr'>πίστει</span> <span class='ocrx_word' id='word_1_809' title='bbox 502 2578 655 2615; x_wconf 73' lang='grc' dir='ltr'>γενώμεθα*</span> <span class='ocrx_word' id='word_1_810' title='bbox 682 2576 745 2615; x_wconf 78' lang='grc' dir='ltr'>φέρε</span> <span class='ocrx_word' id='word_1_811' title='bbox 770 2575 815 2604; x_wconf 74' lang='grc' dir='ltr'><strong>διὰ</strong></span> <span class='ocrx_word' id='word_1_812' title='bbox 832 2577 957 2615; x_wconf 67' lang='grc' dir='ltr'>βραχεῶν</span> 
     </span>
    </p>
   </div>
   <div class='ocr_carea' id='block_1_104' title="bbox 102 2620 959 2662">
    <p class='ocr_par' dir='ltr' id='par_1_104' title="bbox 102 2620 959 2662">
     <span class='ocr_line' id='line_1_104' title="bbox 102 2620 959 2662; baseline -0.001 -12"><span class='ocrx_word' id='word_1_813' title='bbox 102 2624 171 2662; x_wconf 77' lang='grc' dir='ltr'><strong>πιρὶ</strong></span> <span class='ocrx_word' id='word_1_814' title='bbox 189 2624 298 2657; x_wconf 65' lang='grc' dir='ltr'>πάσης</span> <span class='ocrx_word' id='word_1_815' title='bbox 327 2625 371 2656; x_wconf 75' lang='grc' dir='ltr'><strong>τῆς</strong></span> <span class='ocrx_word' id='word_1_816' title='bbox 396 2623 514 2660; x_wconf 75' lang='grc' dir='ltr'>Χριστοῦ</span> <span class='ocrx_word' id='word_1_817' title='bbox 535 2621 692 2658; x_wconf 71' lang='grc' dir='ltr'>οῗκσνομίας</span> <span class='ocrx_word' id='word_1_818' title='bbox 713 2620 757 2648; x_wconf 81' lang='grc' dir='ltr'>καὶ</span> <span class='ocrx_word' id='word_1_819' title='bbox 773 2621 834 2659; x_wconf 83' lang='grc' dir='ltr'>περὶ</span> <span class='ocrx_word' id='word_1_820' title='bbox 848 2625 897 2656; x_wconf 86' lang='grc' dir='ltr'>τῆς</span> <span class='ocrx_word' id='word_1_821' title='bbox 911 2623 959 2649; x_wconf 81' lang='grc' dir='ltr'>τοῦ</span> 
     </span>
    </p>
   </div>
   <div class='ocr_carea' id='block_1_105' title="bbox 104 2664 958 2707">
    <p class='ocr_par' dir='ltr' id='par_1_105' title="bbox 104 2664 958 2707">
     <span class='ocr_line' id='line_1_105' title="bbox 104 2664 958 2707; baseline -0.005 -11"><span class='ocrx_word' id='word_1_822' title='bbox 104 2667 303 2707; x_wconf 67' lang='grc' dir='ltr'>Εὐαγγελίου</span> <span class='ocrx_word' id='word_1_823' title='bbox 323 2664 469 2705; x_wconf 74' lang='grc' dir='ltr'>ἀπολογίας</span> <span class='ocrx_word' id='word_1_824' title='bbox 483 2665 512 2694; x_wconf 81' lang='grc' dir='ltr'><strong>ἐκ</strong></span> <span class='ocrx_word' id='word_1_825' title='bbox 527 2669 578 2701; x_wconf 86' lang='grc' dir='ltr'><strong>τῆς</strong></span> <span class='ocrx_word' id='word_1_826' title='bbox 602 2665 723 2696; x_wconf 80' lang='grc' dir='ltr'>Παλαιᾶς</span> <span class='ocrx_word' id='word_1_827' title='bbox 747 2666 886 2701; x_wconf 78' lang='grc' dir='ltr'>Διαθήχης</span> <span class='ocrx_word' id='word_1_828' title='bbox 911 2666 958 2697; x_wconf 78' lang='grc' dir='ltr'><strong>τὰς</strong></span> 
     </span>
    </p>
   </div>
   <div class='ocr_carea' id='block_1_106' title="bbox 1010 2310 1829 2347">
    <p class='ocr_par' dir='ltr' id='par_1_106' title="bbox 1010 2310 1829 2347">
     <span class='ocr_line' id='line_1_106' title="bbox 1010 2310 1829 2347; baseline 0 -8"><span class='ocrx_word' id='word_1_829' title='bbox 1010 2319 1133 2347; x_wconf 86' lang='lat' dir='ltr'><strong>sumque</strong></span> <span class='ocrx_word' id='word_1_830' title='bbox 1148 2319 1237 2347; x_wconf 90' lang='lat' dir='ltr'><strong>super</strong></span> <span class='ocrx_word' id='word_1_831' title='bbox 1259 2310 1410 2338; x_wconf 87' lang='lat' dir='ltr'><strong>cherubim</strong></span> <span class='ocrx_word' id='word_1_832' title='bbox 1431 2310 1599 2338; x_wconf 83' lang='lat' dir='ltr'><strong>ascendisse</strong></span> <span class='ocrx_word' id='word_1_833' title='bbox 1614 2313 1641 2338; x_wconf 88' lang='lat' dir='ltr'><strong>et</strong></span> <span class='ocrx_word' id='word_1_834' title='bbox 1656 2311 1777 2345; x_wconf 88' lang='lat' dir='ltr'><strong>volasse,</strong></span> <span class='ocrx_word' id='word_1_835' title='bbox 1794 2311 1829 2339; x_wconf 90' lang='lat' dir='ltr'><strong>ad</strong></span> 
     </span>
    </p>
   </div>
   <div class='ocr_carea' id='block_1_107' title="bbox 1011 2354 1690 2391">
    <p class='ocr_par' dir='ltr' id='par_1_107' title="bbox 1011 2354 1690 2391">
     <span class='ocr_line' id='line_1_107' title="bbox 1011 2354 1690 2391; baseline 0.001 -8"><span class='ocrx_word' id='word_1_836' title='bbox 1011 2355 1156 2391; x_wconf 82' lang='lat' dir='ltr'><strong>ccelosque</strong></span> <span class='ocrx_word' id='word_1_837' title='bbox 1170 2355 1200 2382; x_wconf 88' lang='lat' dir='ltr'><strong>in</strong></span> <span class='ocrx_word' id='word_1_838' title='bbox 1212 2354 1389 2390; x_wconf 87' lang='lat' dir='ltr'><strong>jubilatione</strong></span> <span class='ocrx_word' id='word_1_839' title='bbox 1404 2357 1437 2382; x_wconf 86' lang='lat' dir='ltr'><strong>ut</strong></span> <span class='ocrx_word' id='word_1_840' title='bbox 1455 2355 1542 2382; x_wconf 86' lang='lat' dir='ltr'><strong>Deum</strong></span> <span class='ocrx_word' id='word_1_841' title='bbox 1560 2355 1690 2384; x_wconf 88' lang='lat' dir='ltr'><strong>rediisse.</strong></span> 
     </span>
    </p>
   </div>
   <div class='ocr_carea' id='block_1_108' title="bbox 1049 2487 1836 2523">
    <p class='ocr_par' dir='ltr' id='par_1_108' title="bbox 1049 2487 1836 2523">
     <span class='ocr_line' id='line_1_108' title="bbox 1049 2487 1836 2523; baseline 0.003 -8"><span class='ocrx_word' id='word_1_842' title='bbox 1049 2489 1074 2515; x_wconf 79' lang='grc'><strong>4.</strong></span> <span class='ocrx_word' id='word_1_843' title='bbox 1092 2488 1128 2515; x_wconf 89' lang='lat' dir='ltr'><strong>Ut</strong></span> <span class='ocrx_word' id='word_1_844' title='bbox 1142 2490 1239 2515; x_wconf 89' lang='lat' dir='ltr'><strong>autem</strong></span> <span class='ocrx_word' id='word_1_845' title='bbox 1253 2487 1407 2515; x_wconf 86' lang='lat' dir='ltr'><strong>Judaicam</strong></span> <span class='ocrx_word' id='word_1_846' title='bbox 1423 2487 1582 2516; x_wconf 58' lang='lat' dir='ltr'><strong>cecitatem</strong></span> <span class='ocrx_word' id='word_1_847' title='bbox 1598 2487 1682 2523; x_wconf 82' lang='lat' dir='ltr'><strong>plane</strong></span> <span class='ocrx_word' id='word_1_848' title='bbox 1697 2489 1836 2517; x_wconf 89' lang='lat' dir='ltr'><strong>condem-</strong></span> 
     </span>
    </p>
   </div>
   <div class='ocr_carea' id='block_1_109' title="bbox 1013 2531 1837 2568">
    <p class='ocr_par' dir='ltr' id='par_1_109' title="bbox 1013 2531 1837 2568">
     <span class='ocr_line' id='line_1_109' title="bbox 1013 2531 1837 2568; baseline 0.001 -8"><span class='ocrx_word' id='word_1_849' title='bbox 1013 2541 1127 2566; x_wconf 82' lang='lat' dir='ltr'><strong>nemus,</strong></span> <span class='ocrx_word' id='word_1_850' title='bbox 1146 2540 1268 2567; x_wconf 88' lang='lat' dir='ltr'><strong>nosque,</strong></span> <span class='ocrx_word' id='word_1_851' title='bbox 1284 2532 1335 2568; x_wconf 90' lang='lat' dir='ltr'><strong>qui</strong></span> <span class='ocrx_word' id='word_1_852' title='bbox 1353 2531 1455 2559; x_wconf 83' lang='lat' dir='ltr'><strong>ﬁdeles</strong></span> <span class='ocrx_word' id='word_1_853' title='bbox 1480 2540 1596 2566; x_wconf 88' lang='lat' dir='ltr'><strong>sumus,</strong></span> <span class='ocrx_word' id='word_1_854' title='bbox 1613 2533 1642 2559; x_wconf 91' lang='lat' dir='ltr'><strong>in</strong></span> <span class='ocrx_word' id='word_1_855' title='bbox 1659 2533 1763 2561; x_wconf 71' lang='lat' dir='ltr'><strong>Christi</strong></span> <span class='ocrx_word' id='word_1_856' title='bbox 1782 2534 1837 2561; x_wconf 81' lang='lat' dir='ltr'><strong>ﬁde</strong></span> 
     </span>
    </p>
   </div>
   <div class='ocr_carea' id='block_1_110' title="bbox 1014 2576 1838 2612">
    <p class='ocr_par' dir='ltr' id='par_1_110' title="bbox 1014 2576 1838 2612">
     <span class='ocr_line' id='line_1_110' title="bbox 1014 2576 1838 2612; baseline 0.002 -8"><span class='ocrx_word' id='word_1_857' title='bbox 1014 2576 1157 2604; x_wconf 82' lang='lat' dir='ltr'><strong>ﬁrmiores</strong></span> <span class='ocrx_word' id='word_1_858' title='bbox 1173 2576 1334 2604; x_wconf 80' lang='lat' dir='ltr'><strong>efﬁciamur</strong></span> <span class='ocrx_word' id='word_1_859' title='bbox 1350 2585 1356 2610; x_wconf 95' lang='lat'>;</span> <span class='ocrx_word' id='word_1_860' title='bbox 1373 2576 1565 2612; x_wconf 85' lang='lat' dir='ltr'><strong>age,breviter</strong></span> <span class='ocrx_word' id='word_1_861' title='bbox 1581 2578 1615 2604; x_wconf 90' lang='lat' dir='ltr'><strong>de</strong></span> <span class='ocrx_word' id='word_1_862' title='bbox 1631 2578 1706 2605; x_wconf 70' lang='lat'><strong>249</strong></span> <span class='ocrx_word' id='word_1_863' title='bbox 1723 2578 1838 2606; x_wconf 85' lang='lat' dir='ltr'><strong>univer-</strong></span> 
     </span>
    </p>
   </div>
   <div class='ocr_carea' id='block_1_111' title="bbox 1014 2621 1837 2658">
    <p class='ocr_par' dir='ltr' id='par_1_111' title="bbox 1014 2621 1837 2658">
     <span class='ocr_line' id='line_1_111' title="bbox 1014 2621 1837 2658; baseline 0.002 -9"><span class='ocrx_word' id='word_1_864' title='bbox 1014 2630 1047 2649; x_wconf 87' lang='lat' dir='ltr'><strong>sa</strong></span> <span class='ocrx_word' id='word_1_865' title='bbox 1061 2621 1167 2649; x_wconf 87' lang='lat' dir='ltr'><strong>Christi</strong></span> <span class='ocrx_word' id='word_1_866' title='bbox 1183 2621 1345 2648; x_wconf 82' lang='lat' dir='ltr'><strong>ceconomia</strong></span> <span class='ocrx_word' id='word_1_867' title='bbox 1360 2624 1386 2648; x_wconf 89' lang='lat' dir='ltr'><strong>et</strong></span> <span class='ocrx_word' id='word_1_868' title='bbox 1412 2629 1463 2657; x_wconf 89' lang='lat' dir='ltr'><strong>pro</strong></span> <span class='ocrx_word' id='word_1_869' title='bbox 1484 2621 1633 2657; x_wconf 77' lang='lat' dir='ltr'><strong>Evangelii</strong></span> <span class='ocrx_word' id='word_1_870' title='bbox 1659 2623 1837 2658; x_wconf 83' lang='lat' dir='ltr'><strong>defensione,</strong></span> 
     </span>
    </p>
   </div>
   <div class='ocr_carea' id='block_1_112' title="bbox 1014 2665 1840 2702">
    <p class='ocr_par' dir='ltr' id='par_1_112' title="bbox 1014 2665 1840 2702">
     <span class='ocr_line' id='line_1_112' title="bbox 1014 2665 1840 2702; baseline 0.001 -8"><span class='ocrx_word' id='word_1_871' title='bbox 1014 2665 1191 2694; x_wconf 84' lang='lat' dir='ltr'><strong>testimoniis</strong></span> <span class='ocrx_word' id='word_1_872' title='bbox 1215 2673 1249 2693; x_wconf 82' lang='lat' dir='ltr'><strong>ex</strong></span> <span class='ocrx_word' id='word_1_873' title='bbox 1274 2665 1376 2693; x_wconf 86' lang='lat' dir='ltr'><strong>Vetere</strong></span> <span class='ocrx_word' id='word_1_874' title='bbox 1400 2665 1585 2694; x_wconf 84' lang='lat' dir='ltr'><strong>Testamento</strong></span> <span class='ocrx_word' id='word_1_875' title='bbox 1610 2667 1762 2702; x_wconf 82' lang='lat' dir='ltr'><strong>excerptis,</strong></span> <span class='ocrx_word' id='word_1_876' title='bbox 1779 2668 1840 2695; x_wconf 85' lang='lat' dir='ltr'><strong>dis-</strong></span> 
     </span>
    </p>
   </div>
   <div class='ocr_carea' id='block_1_113' title="bbox 139 2782 956 2819">
    <p class='ocr_par' dir='ltr' id='par_1_113' title="bbox 139 2782 956 2819">
     <span class='ocr_line' id='line_1_113' title="bbox 139 2782 956 2819; baseline 0.002 -11"><span class='ocrx_word' id='word_1_877' title='bbox 139 2787 165 2805; x_wconf 77' lang='lat' dir='ltr'><strong><em>n</em></strong></span> <span class='ocrx_word' id='word_1_878' title='bbox 183 2786 274 2814; x_wconf 68' lang='lat' dir='ltr'><strong>Dan.</strong></span> <span class='ocrx_word' id='word_1_879' title='bbox 295 2788 346 2815; x_wconf 73' lang='lat' dir='ltr'><strong>xx,</strong></span> <span class='ocrx_word' id='word_1_880' title='bbox 358 2782 401 2819; x_wconf 17' lang='lat'><strong>2&#39;17.</strong></span> <span class='ocrx_word' id='word_1_881' title='bbox 438 2783 459 2800; x_wconf 77' lang='grc'><strong>⁵³</strong></span> <span class='ocrx_word' id='word_1_882' title='bbox 473 2782 544 2811; x_wconf 89' lang='lat' dir='ltr'><strong>ibid.</strong></span> <span class='ocrx_word' id='word_1_883' title='bbox 560 2783 607 2811; x_wconf 88' lang='lat'><strong>26.</strong></span> <span class='ocrx_word' id='word_1_884' title='bbox 645 2783 668 2801; x_wconf 65' lang='lat'><strong>9‘</strong></span> <span class='ocrx_word' id='word_1_885' title='bbox 683 2782 751 2811; x_wconf 82' lang='lat' dir='ltr'><strong>Luc.</strong></span> <span class='ocrx_word' id='word_1_886' title='bbox 766 2790 828 2818; x_wconf 76' lang='lat' dir='ltr'><strong>XXI,</strong></span> <span class='ocrx_word' id='word_1_887' title='bbox 852 2782 897 2810; x_wconf 88' lang='grc'><strong>33.</strong></span> <span class='ocrx_word' id='word_1_888' title='bbox 936 2783 956 2801; x_wconf 83' lang='grc'><strong>⁰¹</strong></span> 
     </span>
    </p>
   </div>
   <div class='ocr_carea' id='block_1_114' title="bbox 1013 2782 1838 2819">
    <p class='ocr_par' dir='ltr' id='par_1_114' title="bbox 1013 2782 1838 2819">
     <span class='ocr_line' id='line_1_114' title="bbox 1013 2782 1838 2819; baseline 0.002 -9"><span class='ocrx_word' id='word_1_889' title='bbox 1013 2782 1083 2811; x_wconf 90' lang='lat' dir='ltr'><strong>atth.</strong></span> <span class='ocrx_word' id='word_1_890' title='bbox 1100 2791 1175 2817; x_wconf 73' lang='lat' dir='ltr'><strong>xxtv,</strong></span> <span class='ocrx_word' id='word_1_891' title='bbox 1191 2782 1219 2811; x_wconf 87' lang='lat'><strong>2.</strong></span> <span class='ocrx_word' id='word_1_892' title='bbox 1257 2782 1279 2800; x_wconf 75' lang='grc'><strong>⁹⁶</strong></span> <span class='ocrx_word' id='word_1_893' title='bbox 1295 2782 1364 2811; x_wconf 90' lang='lat' dir='ltr'><strong>Luc.</strong></span> <span class='ocrx_word' id='word_1_894' title='bbox 1380 2791 1438 2819; x_wconf 71' lang='lat' dir='ltr'><strong>xvx,</strong></span> <span class='ocrx_word' id='word_1_895' title='bbox 1457 2784 1499 2812; x_wconf 82' lang='lat'><strong>16.</strong></span> <span class='ocrx_word' id='word_1_896' title='bbox 1539 2785 1560 2801; x_wconf 72' lang='lat'><strong>9&quot;</strong></span> <span class='ocrx_word' id='word_1_897' title='bbox 1576 2783 1678 2812; x_wconf 88' lang='lat' dir='ltr'><strong>Matth.</strong></span> <span class='ocrx_word' id='word_1_898' title='bbox 1694 2790 1773 2817; x_wconf 72' lang='lat' dir='ltr'><strong>xxvx,</strong></span> <span class='ocrx_word' id='word_1_899' title='bbox 1793 2782 1838 2812; x_wconf 77' lang='grc'><strong>42.</strong></span> 
     </span>
    </p>
   </div>
   <div class='ocr_carea' id='block_1_115' title="bbox 102 2818 411 2858">
    <p class='ocr_par' dir='ltr' id='par_1_115' title="bbox 102 2818 411 2858">
     <span class='ocr_line' id='line_1_115' title="bbox 102 2818 411 2858; baseline 0 -12"><span class='ocrx_word' id='word_1_900' title='bbox 102 2823 125 2841; x_wconf 63' lang='grc' dir='ltr'><strong>κ</strong></span> <span class='ocrx_word' id='word_1_901' title='bbox 140 2820 267 2858; x_wconf 59' lang='lat' dir='ltr'><strong>Matth.</strong></span> <span class='ocrx_word' id='word_1_902' title='bbox 283 2824 372 2852; x_wconf 72' lang='grc' dir='ltr'>ων,</span> <span class='ocrx_word' id='word_1_903' title='bbox 386 2818 411 2846; x_wconf 86' lang='grc'><strong>9.</strong></span> 
     </span>
    </p>
   </div>
   <div class='ocr_carea' id='block_1_116' title="bbox 1291 2911 1363 2950">
    <p class='ocr_par' dir='ltr' id='par_1_116' title="bbox 1291 2911 1363 2950">
     <span class='ocr_line' id='line_1_116' title="bbox 1291 2911 1363 2950; baseline 0 0"><span class='ocrx_word' id='word_1_904' title='bbox 1291 2911 1363 2950; x_wconf 58' lang='grc' dir='ltr'>ν</span> 
     </span>
    </p>
   </div>
   <div class='ocr_carea' id='block_1_117' title="bbox 2012 0 2036 575">
    <p class='ocr_par' dir='ltr' id='par_1_117' title="bbox 2016 0 2032 575">
     <span class='ocr_line' id='line_1_117' title="bbox 2016 0 2032 575; baseline 0 -47"><span class='ocrx_word' id='word_1_905' title='bbox 2016 0 2032 575; x_wconf 67' lang='lat'><strong>1</strong></span> 
     </span>
    </p>
   </div>
  </div>
