4072 6210
384 312 501 374 687

1546 308 1608 368 S.
1661 308 2187 371 ATHANASIUS.
2218 340 2289 351 -—
2321 307 2663 372 SPURIA..

3678 314 3801 373 688

382 445 739 507 seramusld
759 444 912 499 enim
935 442 1329 498 emolumento
1344 443 1604 497 futurum
1620 445 1707 497 est
1728 441 2005 497 omnibus

2145 439 2441 515 μαρτυρίας
2500 442 2880 513 ποιησώμεθα.
2932 442 3121 498 Ἔσται
3176 443 3280 517 γὰρ
3329 448 3459 497 πᾶσι
3504 448 3620 505 τοῖς
3650 443 3804 519 ἐγκό-

382 534 483 604 qui
518 550 637 588 rem
664 534 1022 605 perpendere
1045 532 1413 588 volent.Ante
1433 532 1646 587 saecula
1668 546 1795 586 esse
1823 530 2027 585 Filium

380 627 435 678 et
456 621 708 677 Verbum
738 622 859 691 Dei,
885 621 1271 693 quiextremis
1296 621 1660 693 temporibus
1690 620 2032 674 incarnatus

381 713 489 780 est,
524 714 681 783 patet
710 727 778 764 ex
810 711 1037 782 psalmo
1091 709 1411 765 centesimo
1461 726 1654 764 nono:
1688 731 1715 759 (ι
1760 710 1837 762 Ex
1866 714 2031 763 utero

382 804 515 855 ante
546 799 855 855 luciferum
890 799 1065 871 genui
1094 803 1150 854 te
1170 799 1230 853 9°.
1268 820 1295 847 »
1346 799 1578 853 Certum
1626 797 1778 854 enim
1814 802 1904 853 est
1936 813 2030 852 ne-

381 888 599 943 minem
650 889 956 943 hominum
1008 891 1140 943 ante
1185 888 1495 942 luciferum
1547 904 1674 943 esse
1724 886 2025 958 genitum:

381 994 515 1033 nam
548 978 755 1033 lucifer
785 984 994 1049 quarta
1026 978 1117 1031 die
1149 978 1337 1031 factus
1378 982 1485 1044 est,
1518 977 1701 1031 Adam
1733 993 1865 1031 vero
1899 992 2026 1031 sex-

380 1070 441 1122 ta
472 1066 563 1120 die
595 1067 882 1121 formatus
914 1070 1021 1121 est.
1055 1066 1337 1121 Similiter
1386 1082 1518 1120 vero
1567 1070 1625 1120 et
1653 1065 1926 1121 Salomon
1958 1065 2027 1120 de

379 1153 671 1227 Unigeniti
705 1155 829 1209 Filii
859 1160 916 1210 et
956 1154 1125 1209 Verbi
1162 1154 1391 1208 Domini
1425 1155 1606 1211 nostri
1637 1154 1776 1210 Jesu
1814 1153 2025 1208 Christi

375 1244 749 1315 generatione
779 1250 912 1300 ante
943 1245 1151 1299 saecula
1196 1260 1263 1298 ex
1315 1249 1425 1298 Deo
1475 1248 1532 1298 et
1564 1244 1730 1298 Patre
1757 1243 1839 1297 sic
1871 1241 2026 1297 velut

374 1347 442 1389 ex
464 1332 651 1404 ipsius
685 1332 807 1387 Filii
839 1349 1089 1404 persona
1116 1331 1406 1403 loquitur:
1438 1354 1457 1380 «ι
1495 1336 1821 1402 Antequam
1856 1348 2024 1385 mon-

374 1424 461 1476 tes
493 1422 714 1489 ﬁerent,
735 1422 1076 1493 priusquam
1112 1426 1486 1492 erumperent
1518 1422 1865 1486 l'ontes,ante
1896 1436 2024 1475 om-

373 1525 478 1566 nes
507 1527 640 1566 vero
672 1510 850 1568 colles
898 1511 1087 1583 gignit
1131 1526 1222 1565 me
1256 1514 1296 1564 ¹.
1342 1533 1369 1559 ››
1422 1510 1901 1580 Interrogandum
1934 1514 2025 1565 est

372 1598 553 1672 igitur
581 1601 835 1666 Judzeos,
869 1617 1043 1673 quem
1096 1600 1248 1655 Deus
1281 1604 1414 1654 ante
1444 1615 1679 1654 omnem
1706 1614 1827 1654 rem
1863 1614 2021 1654 crea-

370 1691 487 1744 tam
519 1690 836 1761 genuerit?
866 1690 1009 1744 Item
1043 1705 1175 1744 vero
1202 1704 1337 1743 cum
1372 1688 1526 1743 Deus
1555 1690 1623 1743 de
1657 1688 1873 1742 Adamo
1907 1687 2019 1742 ait:

379 1797 407 1832 α
439 1779 579 1834 Ecce
608 1780 791 1835 Adam
850 1780 1037 1833 factus
1088 1782 1177 1833 est
1223 1776 1378 1831 velut
1428 1793 1583 1832 unus
1622 1792 1689 1830 ex
1722 1776 1890 1831 nobis
1921 1776 1967 1843 2,
1994 1797 2015 1823 ι
2053 1812 2101 1878 Β

374 1871 605 1923 Patrem
646 1872 703 1924 et
748 1866 955 1922 Filium
1010 1871 1065 1921 et
1114 1866 1398 1938 Spiritum
1450 1869 1720 1920 sanctum
1776 1864 2015 1920 indicat.

372 1956 515 2012 Cum
551 1958 767 2027 pariter
820 1955 1070 2011 dicitur:
1108 1979 1134 2005 ί(
1168 1954 1322 2010 Pluit
1369 1954 1653 2010 Dominus
1701 1972 1734 2010 a
1772 1952 2019 2009 Domino

369 2044 569 2117 ignem
600 2062 776 2117 super
805 2045 1143 2111 Sodomam,
1173 2045 1194 2078 ³
1226 2066 1253 2095 ››
1285 2045 1454 2099 Pater
1500 2048 1556 2100 et
1608 2043 1789 2098 Filius
1822 2048 2018 2114 aperte

373 2134 761 2207 signiﬁcatur.

439 2224 663 2289 5.0uod
692 2227 891 2279 autem
940 2223 1093 2277 Deus
1144 2222 1391 2277 Verbum
1424 2221 1598 2276 homo
1630 2224 1687 2275 et
1719 2236 1852 2276 caro
1886 2219 2017 2274 ulti-

370 2312 483 2367 mis
514 2313 879 2384 temporibus
913 2312 1037 2366 ﬁeri
1068 2311 1352 2377 debuerit,
1387 2310 1697 2364 audiamus
1727 2310 1784 2364 id
1817 2326 1849 2364 a
1882 2325 2016 2380 pro-

368 2402 561 2473 phetis
588 2403 832 2457 dictum.
868 2400 1068 2471 Itaque
1100 2402 1184 2455 sic
1210 2399 1288 2455 ait
1319 2399 1601 2470 propheta
1625 2398 1825 2465 David,
1860 2420 1887 2448 «
1914 2400 2015 2453 Be-

370 2491 638 2546 nedictus
666 2491 761 2562 qui
792 2490 952 2546 venit
981 2490 1037 2544 in
1074 2488 1567 2553 nomine,Domini
1594 2505 1607 2555 ;
1647 2490 1793 2543 Deus
1826 2486 2016 2541 Domi-

369 2585 564 2645 nus,et
595 2580 867 2652 apparuit
888 2579 1210 2634 nobis‘.»Et
1238 2595 1503 2641 rursus,«
1528 2579 1675 2632 Deus
1711 2577 2014 2632 manifeste

366 2668 618 2723 veniet“.
650 2690 676 2718 »
715 2667 894 2723 Isaias
922 2667 1062 2722 item
1107 2667 1190 2721 ita
1228 2666 1522 2737 loquitur:
1558 2688 1583 2714 «
1615 2666 1737 2720 Non
1772 2667 2014 2735 angelus

366 2773 555 2829 neque
585 2756 833 2829 legatus,
864 2757 964 2812 sed
996 2757 1120 2827 ipse
1176 2755 1458 2811 Dominus
1506 2754 1696 2809 veniet
1725 2759 1781 2808 et
1823 2753 2014 2810 salvos

367 2863 473 2901 nos
513 2846 702 2902 faciet.
738 2847 902 2901 Tunc
935 2844 1269 2917 aperientur
1298 2844 1450 2899 oculi
1498 2859 1805 2909 cmcorum,
1837 2850 1894 2898 et
1923 2858 2013 2898 ex-

366 2936 564 3007 pedita
588 2936 698 2990 erit
726 2934 925 3006 lingua
956 2934 1265 2989 balborum
1292 2949 1304 2986 :
1339 2937 1480 2987 tunc
1511 2931 1757 2987 claudus
1791 2938 1856 2988 ut
1886 2949 2013 2988 cer-

364 3040 473 3079 vus
503 3025 674 3079 saliet
692 3025 775 3078 3.»
811 3023 1109 3079 Christum
1145 3025 1282 3077 item
1311 3038 1379 3077 ex
1409 3022 1628 3076 femina
1655 3021 1878 3092 virgine
1910 3040 2012 3094 ge-

364 3114 690 3169 nerandum
714 3129 844 3169 esse
864 3113 1174 3167 audiamus
1195 3128 1263 3166 ex
1286 3111 1377 3165 bis
1400 3110 1558 3166 Isaiae
1581 3111 2010 3181 prophelmver-

363 3201 456 3257 bis
481 3218 494 3259 :
524 3225 543 3251 α
580 3204 722 3257 Ecce
768 3202 924 3273 virgo
947 3201 1255 3269 concipiet,
1288 3205 1345 3255 et
1368 3202 1552 3271 pariet
1582 3179 1790 3266 tilium,
1824 3207 1879 3256 et
1911 3219 2008 3258 νο·
2040 3179 2082 3246 C

366 3291 583 3346 cabunt
603 3308 813 3347 nomen
836 3293 964 3362 ejus
987 3295 1088 3345 Em
1100 3288 1576 3345 manuel".»ldem
1596 3291 2012 3360 rursus,cPuer

366 3385 543 3437 natus
575 3385 666 3436 est
718 3379 909 3447 nobis,
941 3386 999 3435 et
1046 3379 1203 3434 illius
1246 3378 1419 3433 datus
1471 3383 1561 3433 est
1591 3379 1797 3449 nobis;
1826 3386 1883 3435 et
1911 3398 2006 3437 vo-

367 3470 597 3525 cabitur
627 3485 838 3525 nomen
869 3470 997 3540 ejus
1025 3468 1216 3539 Magni
1257 3466 1487 3522 consilii
1519 3467 1785 3538 angelus,
1818 3469 2010 3524 admi-

365 3558 590 3630 rabilis,
622 3558 1013 3626 consiliarius,
1048 3558 1202 3613 Deus
1250 3556 1434 3626 fortis,
1477 3561 1702 3627 potens,
1736 3559 2009 3631 princeps

367 3647 723 3722 pacis,pater
752 3648 931 3702 futuri
966 3646 1160 3702 saeculi
1182 3647 1253 3700 ⁸.»
1293 3645 1512 3701 Deinde
1546 3646 1699 3700 idem
1729 3647 2010 3718 propheta

365 3737 561 3793 locum
585 3738 779 3810 ipsum
810 3736 1047 3804 indicat,
1084 3736 1180 3790 ubi
1226 3736 1283 3789 in
1316 3734 1487 3789 terris
1517 3733 1784 3790 Christus
1814 3735 2008 3791 incar-

367 3829 601 3884 nandus
630 3831 773 3896 erat,
798 3842 1007 3898 nempe
1037 3823 1341 3881 Nazareth.
1374 3845 1402 3874 «
1435 3823 1613 3878 Terra
1640 3823 1920 3891 Zabulon,
1954 3830 2012 3882 et

365 3922 522 3974 terra
546 3916 941 3989 Nepbthalim,
968 3916 1062 3970 via
1090 3914 1290 3982 maris,
1324 3917 1485 3968 trans
1527 3912 1864 3984 Jordanem,
1898 3914 2008 3971 Ga-

364 4006 516 4063 lilaia
562 4006 861 4079 gentium:
912 4004 1163 4076 populus
1217 4004 1315 4074 qui
1373 4004 1434 4058 in
1463 4004 1719 4059 tenebris
1749 4004 2007 4073 sedebat,

363 4096 510 4151 vidit
540 4095 731 4151 lucem
764 4110 1040 4165 magnam
1062 4095 1311 4148 9.»Patet
1340 4097 1534 4146 autem
1568 4091 1851 4164 populum
1874 4110 2009 4165 gen-

361 4184 533 4251 tium,
567 4184 624 4238 in
658 4184 914 4238 tenebris
944 4182 1303 4251 ignorantiae,
1337 4182 1550 4237 erroris
1581 4186 1637 4237 et
1666 4180 2004 4237 idololatria:

358 4273 772 4330 sedisse.Unde
794 4272 971 4327 David
995 4272 1210 4326 docens
1227 4271 1410 4325 Deum
1432 4271 1855 4325 incarnandum
1878 4287 2007 4327 esse

358 4368 593 4435 propter
623 4359 1286 4435 gentes,ait,«Regnavit
1308 4364 1458 4414 Deus
1481 4375 1660 4429 super
1679 4361 1950 4430 gentes”.
1970 4379 1995 4410 ι»

357 4453 515 4507 Idem
542 4458 818 4523 praterea
841 4448 1122 4521 propheta
1142 4454 1423 4518 tanquam
1446 4464 1513 4502 ex
1536 4464 1784 4517 persona
1815 4449 2002 4504 Patris

2142 548 2360 590 πτουςιν
2419 528 2652 585 ἐντεῦθεν
2707 530 2969 607 ὠφέλεια.
3021 538 3139 587 ’Ότι
3195 533 3525 603 προαιώνιος
3582 534 3611 587 6
3668 534 3797 596 Υἱὸς

2139 617 2228 671 καὶ
2260 618 2435 692 Λόγος
2464 623 2561 674 τοῦ
2605 624 2738 675 Θεοῦ
2788 619 2870 674 ἐπ’
2922 619 3168 696 ἐσχάτων
3228 622 3523 697 σαρκωθεὶς
3585 621 3644 677 ἐκ
3698 628 3799 677 τοῦ

2141 708 2221 780 ρθ’
2250 704 2494 780 ψαλμοῦ·
2547 732 2573 759 ‹‹
2632 710 2721 765 Ἐκ
2767 710 2994 784 γαστρὸς
3043 711 3149 785 πρὸ
3200 709 3479 787 ἐωσφόρου
3532 710 3799 785 ἐγέννησα

2141 816 2217 852 σε.
2254 822 2280 847 ››
2313 792 2563 866 Εὔδηλον
2604 794 2681 865 δὶ,
2734 798 2815 851 ὅτι
2864 796 3043 861 οὐδεὶς
3088 798 3383 873 ἀνθρώπων
3433 800 3539 873 πρὸ
3584 800 3796 877 ἑωσφό-

2141 904 2235 959 ρου
2268 884 2552 959 ἐγεννήθη.
2587 888 2646 943 Ὁ
2678 887 2781 962 γὰρ
2815 887 3091 965 ἑωσφόρος
3121 891 3190 961 τῇ
3240 885 3281 942 δ’
3324 888 3508 962 ἡμέρᾳ
3557 888 3792 964 ἐγένετο·

2139 973 2167 1027 ὁ
2200 970 2258 1027 δὲ
2309 971 2481 1047 Ἀδὰμ
2532 978 2600 1049 τῇ
2653 977 2695 1039 ς’
2748 976 2932 1051 ἡμέρᾳ
2982 976 3251 1045 ἐπλάσθη.
3284 976 3558 1039 Ὡσαύτως
3616 975 3671 1032 δὲ
3701 979 3795 1033 καὶ

2140 1062 2409 1135 Σολομὼν
2465 1063 2588 1140 περὶ
2636 1072 2736 1133 τῆς
2787 1066 2894 1140 πρὸ
2944 1065 3156 1120 αἰώνων
3209 1066 3268 1121 ἐκ
3298 1071 3431 1121 Θεοῦ
3464 1067 3549 1121 καὶ
3579 1069 3793 1140 Πατρὸς

2137 1153 2439 1225 γεννήσεως
2488 1156 2585 1207 τοῦ
2638 1159 2968 1228 μονογενοῦς
3028 1155 3155 1209 Υἱοῦ
3206 1156 3295 1210 xui
3362 1154 3537 1231 Λόγου
3589 1156 3793 1230 Κυρίου

2135 1242 2296 1311 ἡμῶν
2346 1242 2526 1311 Ἰησοῦ
2576 1243 2811 1316 Χριστοῦ
2859 1243 3003 1297 οὕτω
3052 1249 3236 1321 φησὶν,
3288 1245 3364 1306 ὡς
3397 1245 3455 1299 ἐκ
3484 1245 3790 1321 προσώπου

2132 1332 2229 1383 τοῦ
2261 1330 2386 1384 ι”ιοῦ
2432 1330 2617 1385 αὐτοῦ’
2673 1355 2699 1383 ‹‹
2753 1334 2865 1407 Πρὸ
2911 1337 3007 1387 τοῦ
3057 1329 3157 1409 ὅρη
3203 1337 3520 1408 γενηθῆναι,
3550 1336 3656 1409 πρὸ
3683 1340 3791 1390 τοῦ

2132 1417 2226 1480 τὰς
2268 1418 2449 1493 πηγὰς
2505 1420 2815 1492 προελθεῖν,
2872 1422 2977 1497 πρὸ
3034 1419 3090 1477 δὲ
3138 1424 3353 1477 πάντων
3392 1425 3596 1498 βουνῶν
3626 1430 3789 1499 γεννᾷ

2137 1528 2222 1579 με.
2260 1532 2285 1557 ››
2318 1509 2651 1582 Ἐρωτητὲον
2714 1510 2805 1565 οὖν
2857 1510 3049 1566 λοιπὸν
3092 1511 3184 1566 τὸν
3243 1510 3528 1582 Ἰουδαῖον,
3585 1515 3707 1567 τίνα
3756 1515 3787 1569 6

2133 1597 2261 1657 Θεὸς
2292 1597 2396 1671 πρὸ
2427 1596 2602 1667 πάσης
2658 1598 2881 1660 κτίσεως
2931 1598 3211 1673 ἐγέννησεν
3244 1620 3256 1667 ;
3308 1602 3550 1673 Ὁμοίως
3603 1600 3661 1656 δὲ
3690 1603 3787 1658 xui

2130 1685 2191 1739 τὸ
2224 1685 2389 1739 εἰπεῖν
2420 1686 2511 1739 τὸν
2541 1688 2667 1741 Θεὸν
2697 1688 2820 1763 περὶ
2846 1686 2942 1743 τοῦ
2975 1686 3169 1761 Ἀδὰμ,
3204 1690 3287 1745 ὅτι
3334 1716 3360 1742 ι(
3416 1688 3555 1745 Ἰδοὺ
3605 1690 3788 1765 Ἀδὰμ

2128 1773 2340 1850 γέγονεν
2372 1775 2447 1837 ὡς
2482 1776 2558 1837 εἷς
2590 1775 2639 1846 ὶξ
2670 1778 2848 1848 ἡμῶν,
2885 1800 2911 1828 n
2946 1777 3156 1853 Πατέρα
3177 1780 3264 1833 καὶ
3302 1780 3419 1833 Υἱὸν
3448 1781 3536 1833 καὶ
3559 1785 3787 1854 Πνεῦμα

2130 1866 2279 1938 ἅγιον
2314 1861 2499 1934 δηλοῖ.
2533 1865 2630 1919 Καὶ
2661 1862 2825 1920 πάλιν
2853 1867 2915 1921 τὸ
2939 1866 3129 1938 εἰπεῖν,
3162 1867 3244 1923 ὅτι
3277 1892 3305 1921 ‹‹
3334 1863 3553 1945 Ἐὄρεξε
3575 1871 3781 1946 Κύριος

2128 1953 2275 2024 παρὰ
2306 1953 2501 2025 Κυρίου
2530 1958 2636 2029 πῦρ
2667 1954 2752 2009 ἐπὶ
2786 1953 3029 2028 Σόδομα,
3069 1982 3088 2007 ι
3124 1963 3413 2034 προφανῶς
3447 1953 3657 2034 Πατέρα
3685 1961 3782 2015 καὶ

2129 2039 2251 2096 Υἱὸν
2287 2063 2352 2112 ση
2365 2046 2563 2115 μαίνει.

2196 2223 2250 2276 5.
2284 2222 2406 2278 ’Ὀτι
2456 2218 2513 2275 δὲ
2572 2221 2981 2298 ἐνανθρωπῆσαι
3033 2224 3124 2279 xui
3175 2228 3498 2301 σαρκοῦσθαι
3557 2226 3639 2282 ἐπ’
3689 2226 3785 2281 ἐσ-

2127 2307 2308 2383 χάτων
2340 2314 2448 2364 τῶν
2502 2313 2724 2385 ἡμερῶν
2778 2307 3008 2384 ἔμελλεν
3062 2315 3090 2367 6
3139 2314 3267 2374 Θεὸς
3301 2310 3498 2388 Λόγος,
3534 2315 3783 2370 ἀκούσω-

2130 2418 2222 2469 μεν
2251 2402 2357 2451 τῶν
2408 2403 2703 2475 προφητῶν
2753 2402 2847 2461 τὰς
2897 2401 3076 2476 φωνὰς
3127 2399 3417 2476 λεγόντων,
3460 2408 3553 2457 τοῦ
3590 2406 3781 2476 μέντοι

2125 2488 2410 2563 προφήτου
2469 2482 2654 2541 Δαϐίδ·
2720 2512 2749 2541 (ι
2815 2486 3202 2564 Εὐλογημένος
3270 2493 3298 2545 6
3368 2491 3668 2568 ἐρχόμενος
3722 2493 3778 2548 ἐν

2126 2574 2349 2647 ὀνόματι
2395 2576 2611 2652 Κυρίου·
2660 2578 2788 2639 Θεὸς
2840 2578 3056 2650 Κύριος,
3106 2580 3193 2633 xui
3245 2579 3497 2658 ἆπὲφανεν
3546 2584 3705 2654 ἡμῖν·
3746 2610 3775 2635 ››

2123 2664 2212 2718 καὶ
2260 2664 2447 2719 πάλιν·
2505 2690 2534 2717 ‹‹
2582 2666 2643 2723 Ὁ
2687 2666 2814 2729 Θεὸς
2865 2667 3115 2745 ἐμφανῶς
3164 2668 3301 2738 ἥξει·
3356 2674 3509 2724 »τοῦ
3541 2668 3597 2725 δὲ
3628 2691 3776 2745 προ-

2124 2756 2298 2830 φήτου
2343 2753 2580 2809 Ἠσαίου*
2645 2780 2664 2804 α
2721 2756 2835 2813 06x
2878 2755 3103 2832 ἄγγελος
3149 2755 3275 2812 οὐδὲ
3325 2757 3580 2833 πρέσϐυς.
3642 2758 3775 2814 ἀλλ’

2122 2842 2283 2904 αὐτὸς
2316 2843 2344 2897 6
2378 2843 2575 2917 Κύριος
2607 2844 2722 2916 ἥξει
2753 2845 2843 2899 καὶ
2874 2846 3034 2900 σώσει
3083 2847 3253 2919 ἡμᾶς.
3304 2848 3434 2902 Τότε
3485 2847 3773 2925 ὀφθαλμοὶ

2121 2928 2340 3006 τυφλῶν
2383 2929 2826 3004 ἀνοιχθήσονται,
2875 2932 2964 2985 καὶ
3013 2935 3182 3007 τρανῆ
3214 2933 3361 2989 ἔσται
3411 2935 3633 3011 γλῶσσα
3668 2958 3774 3009 μο-

2122 3016 2369 3092 γιλάλων
2397 3018 2519 3073 τότε
2549 3021 2576 3074 6
2607 3019 2797 3095 χωλὸς
2828 3021 2900 3083 ὡς
2931 3018 3129 3100 ἔλαφος
3164 3023 3428 3081 ἀλεῑται.»
3465 3026 3587 3081 ’Ὁτι
3620 3023 3678 3080 δὲ
3711 3025 3775 3080 ἐκ

2122 3108 2376 3181 γυναικὸς
2432 3108 2698 3183 παρθὲνου
2748 3112 3071 3185 γεννηθῆναι
3132 3113 3159 3166 6
3230 3115 3462 3188 Χριστὸς
3510 3112 3771 3187 ἔμελλεν,

2122 3195 2340 3251 Ἠσαίου
2395 3202 2492 3252 τοῦ
2549 3201 2834 3275 προφήτου
2881 3198 3045 3255 πάλιν
3095 3201 3412 3275 ἀκούσωμεν
3485 3201 3770 3278 λὲγοντος·

2121 3310 2147 3337 ‹‹
2184 3283 2383 3356 Ἰδοὺή
2418 3286 2679 3360 παρθένος
2731 3287 2781 3343 ἐν
2836 3289 3024 3365 γαστρὶ
3070 3289 3194 3361 ἔξει,
3238 3292 3329 3345 καὶ
3366 3292 3567 3363 τέξεται
3628 3294 3773 3362 υἱὸν,

2118 3375 2206 3429 καὶ
2237 3374 2525 3431 καλὲσουσι
2581 3378 2644 3430 τὸ
2701 3375 2874 3449 ὄνομα
2930 3378 3092 3433 αὐτοῦ
3152 3380 3533 3454 Ἐμμανουήλ*
3599 3406 3626 3433 ››
3676 3384 3773 3438 καὶ

2119 3462 2283 3519 πάλιν
2318 3466 2345 3519 ὁ
2384 3464 2561 3526 αὐτός·
2622 3490 2650 3518 ‹‹
2711 3464 2933 3521 Παιδίον
2980 3466 3234 3542 ἐγεννήθη
3285 3471 3445 3542 ἡμῖν,
3504 3471 3620 3532 υἱὸς
3675 3475 3772 3526 καὶ

2119 3549 2275 3618 ἐδόθη
2330 3555 2489 3626 ἡμῖν,
2547 3553 2635 3609 καὶ
2682 3554 2929 3611 καλεῖται
2972 3557 3033 3611 τὸ
3082 3555 3257 3631 ὄνομα
3304 3558 3466 3614 αὐτοῦ
3506 3558 3770 3635 Μεγάλης

2123 3641 2328 3718 βουλῆς
2384 3641 2629 3719 ἄγγελος,
2680 3646 3008 3718 θαυμαστὸς,
3060 3642 3395 3719 σύμϐουλος,
3448 3650 3576 3711 Θεὸς
3611 3649 3770 3724 ἰσχυ-

2118 3732 2231 3806 ρὸς,
2284 3730 2650 3802 ἐξουσιαστὴς,
2709 3732 2894 3811 ἄρχων
2946 3734 3191 3811 εἰρήνης,
3242 3738 3421 3811 πατὴρ
3476 3735 3571 3792 τοῦ
3636 3738 3771 3811 μὲλ-

2119 3818 2309 3881 λοντος
2360 3819 2579 3882 αἶῶνος.
2630 3844 2655 3870 ››
2706 3823 2839 3878 Εἶτα
2891 3823 2917 3875 6
2963 3821 3120 3884 αὐτὸς
3162 3825 3449 3901 προφήτης
3498 3823 3771 3901 λέγεικαὶ

2116 3908 2178 3962 τὸ
2206 3912 2312 3961 ποῦ
2347 3906 2537 3980 μέλλει
2584 3908 2671 3963 ἐπὶ
2716 3916 2818 3985 γῆς
2873 3913 3198 3987 σαρκοῦσθαι
3238 3913 3265 3966 6
3315 3912 3565 3987 Χριστὸς,
3596 3933 3768 3969 τουτ-

2116 3998 2255 4052 ἑστιν
2316 3996 2367 4051 ἐν
2420 3999 2678 4073 Ναζαρὲθ.
2738 4024 2767 4052 ι(
2824 4005 2897 4068 Γῆ
2946 3995 3232 4055 Ζαϐουλὼν
3289 4001 3378 4055 xui
3431 4009 3500 4075 γῆ
3548 4008 3767 4079 Νεφθα-

2118 4085 2265 4159 λιίμ,
2316 4084 2440 4148 ὁδὸς
2491 4084 2767 4157 θαλάσσης
2815 4089 2981 4163 πέραν
3032 4094 3127 4144 τοῦ
3160 4087 3460 4156 Ἰορδάνου,
3495 4089 3771 4147 Γαλιλαία

2113 4180 2221 4231 τῶν
2280 4174 2463 4239 ἐθνῶν·
2516 4177 2543 4230 ὁ
2592 4176 2721 4237 λαὸς
2772 4178 2798 4232 6
2848 4180 3154 4251 καθήμενος
3191 4177 3241 4233 ἐν
3278 4179 3455 4234 σκότει
3487 4184 3602 4258 φῶς
3658 4179 3773 4237 εἶδε

2118 4264 2275 4339 μέγα.
2308 4290 2336 4316 ››
2390 4262 2677 4340 Πρόδηλον
2718 4264 2797 4335 δὲ,
2854 4266 2936 4321 ὅτι
2987 4272 3091 4322 τῶν
3140 4266 3303 4322 ἐθνῶν
3351 4267 3481 4330 λαὸς
3530 4268 3769 4337 ἐκάθητο

2112 4352 2163 4408 ἐν
2197 4354 2372 4409 σκότει
2404 4361 2502 4425 τῆς
2534 4356 2827 4429 ἀγνωσίας,
2855 4355 3091 4426 πλάνης,
3134 4358 3224 4412 xui
3276 4355 3763 4434 είδωλολατρείας.

2113 4444 2206 4498 Διὸ
2263 4443 2351 4498 καὶ
2412 4444 2439 4497 6
2495 4439 2681 4513 Δαϐὶδ,
2736 4442 2966 4518 δεικνὺς,
3013 4445 3094 4500 ὅτι
3140 4443 3228 4500 διὰ
3272 4447 3340 4501 τὰ
3389 4445 3514 4517 ἔθνη
3569 4449 3598 4500 6
3630 4450 3765 4511 Θεὸς

355 4542 426 4595 ad
458 4541 671 4595 Filium
704 4540 821 4594 ait:
863 4558 883 4586 ιι
919 4535 1155 4591 Postula
1179 4553 1213 4590 a
1250 4552 1361 4602 me,
1396 4541 1451 4590 et
1481 4536 1629 4590 dabo
1662 4536 1766 4590 tibi
1799 4544 1999 4608 gentes

2126 4534 2434 4607 παρκοῦσθαι
2470 4529 2722 4606 ἔμελλεν,
2754 4531 2955 4611 ἔλεγεν·
2981 4560 3009 4587 ‹‹
3047 4530 3419 4591 Ἐϐασίλευσεν
3453 4537 3481 4591 6
3507 4538 3637 4600 Θεὸς
3671 4537 3763 4593 ἐπὶ

352 4630 751 4684 θωτοόὶὶιιῐειῑι
776 4633 937 4682 tuam
964 4629 1066 4681 ιι.»
1093 4625 1236 4680 Hinc
1266 4624 1501 4691 etiam,«
1522 4624 1738 4679 Omnes
1771 4630 1995 4695 gentes,

351 4718 611 4790 plaudite
639 4716 913 4772 manibus
937 4716 1004 4770 ¹².
1038 4736 1066 4764 ››
1102 4715 1171 4769 Et
1197 4730 1425 4779 rursus,
1459 4736 1486 4762 α
1522 4712 1738 4768 Omnes
1769 4720 1995 4783 gentes,
2036 4744 2049 4749 ς

348 4823 732 4880 quascunque
764 4804 1227 4873 fecisti,venient
1246 4812 1302 4858 et
1331 4802 1660 4857 adorabunt
1690 4818 1883 4856 coram
1918 4807 1993 4873 te,

344 4898 671 4967 Domine,et
686 4894 1323 4968 gloriﬁcabuntnomen
1342 4897 1507 4946 tuum
1527 4891 1584 4946 in
1605 4892 1993 4946 seaculum”.»

2104 4623 2171 4677 τὰ
2201 4622 2348 4694 ἔθνη.
2384 4647 2411 4676 ‹‹
2447 4623 2543 4678 Καὶ
2575 4622 2739 4678 πάλιν
2774 4626 2801 4679 ὁ
2834 4624 2993 4687 αὐτὸς
3026 4627 3314 4701 προφήτης
3358 4626 3433 4687 ὡς
3484 4625 3544 4680 ἐκ
3589 4647 3765 4702 ηροσ-

2105 4711 2259 4766 ώπου
2317 4716 2413 4767 τοῦ
2462 4714 2671 4788 Πασρὸς
2718 4714 2853 4787 πρὸς
2900 4715 2991 4769 τὸν
3039 4714 3161 4769 Υἱόν
3215 4733 3399 4791 φησιν·
3457 4738 3485 4767 ‹‹
3517 4713 3761 4786 Α’ίτησον

2104 4821 2211 4876 παρ
2267 4802 2424 4874 ἐμοῦ,
2472 4800 2561 4856 καὶ
2628 4800 2786 4856 δώσω
2858 4822 2942 4856 σοι
3018 4800 3141 4872 ἔθνη
3214 4804 3314 4871 την
3371 4802 3761 4878 κληρονομίαν

2105 4908 2220 4943 σουο
2256 4914 2285 4942 ››
2319 4889 2404 4944 διὸ
2435 4891 2525 4945 καὶ
2557 4916 2583 4942 ‹‹
2619 4890 2798 4945 Πάντα
2826 4892 2892 4945 τὰ
2938 4888 3079 4963 ἔθνη,
3128 4894 3431 4967 κροτήσατε
3478 4899 3693 4968 χεῖρας’
3732 4920 3757 4951 ι

339 4986 429 5040 xui
460 4984 646 5040 πάλιν·
682 5010 710 5037 ιι
742 4983 920 5039 Πάντα
943 4983 1009 5037 τὰ
1039 4978 1181 5053 ἔθνη,
1215 4981 1311 5036 ὅσα
1343 4980 1619 5051 ἐποίησας,
1652 4977 1862 5050 ἥξουσι,
1895 4980 1983 5034 καὶ
2015 4980 2479 5054 προσκύνησουσιν
2524 4980 2753 5036 ἐνώπιόν
2814 5002 2930 5051 σου,
2981 4980 3167 5057 Κύριε,
3215 4980 3305 5036 xui
3353 4978 3636 5052 δοξάσουσι
3690 4984 3756 5040 τὸ

337 5070 511 5147 ὄνομά
538 5096 631 5129 σου
663 5074 738 5136 εἰς
769 5074 859 5128 τὸν
894 5072 1080 5129 αἶ’ῶνα.

406 5169 461 5222 6.
494 5167 654 5231 Quod
688 5171 884 5221 autem
916 5165 976 5218 in
1008 5162 1343 5218 Bethlehem
1375 5162 1553 5232 (quod
1587 5175 1691 5225 est,
1726 5162 1776 5216 si
1807 5162 1983 5216 inter-

336 5256 606 5328 preteris,
638 5257 836 5311 Domus
866 5254 1054 5325 panis)
1087 5252 1428 5307 nasciturus
1476 5254 1601 5307 erat
1630 5250 1801 5320 panis
1830 5250 1981 5318 vitae,

400 5500 444 5534 99
474 5497 623 5554 Psal.
657 5514 769 5567 cxx,
799 5498 852 5552 3.

328 5572 350 5606 ⁸
380 5572 488 5628 Isa.
523 5587 693 5637 xxxv,
728 5563 780 5640 4,
811 5571 867 5623 5.
944 5567 1105 5640 TIsa.
1138 5583 1236 5634 vn,
1271 5566 1359 5623 l4.
1438 5563 1458 5598 ⁸
1490 5565 1601 5620 Isa.
1639 5580 1713 5633 Ix,
1746 5564 1800 5620 6.
1879 5563 1899 5598 ⁹
1929 5563 2070 5619 ibid.
2104 5564 2157 5620 1.

330 5644 382 5702 1.
464 5645 507 5679 ’³
536 5641 687 5700 Psal.
724 5639 925 5709 LXXXV,
954 5639 1010 5695 9.

2167 5161 2219 5216 6.
2270 5160 2396 5216 "Oti
2458 5156 2516 5213 δὲ
2562 5158 2613 5212 ἐν
2679 5157 2935 5231 Βηθλεὲμ
2981 5157 3123 5233 (ἥτις
3178 5160 3530 5233 ἑρμηνεύεται
3581 5162 3753 5226 Οἶκος

2092 5252 2189 5303 τοῦ
2244 5246 2453 5323 ἄρτου),
2505 5245 2708 5321 ἔμελλε
2753 5246 2993 5321 γενέσθαι
3045 5249 3073 5302 6
3122 5250 3283 5326 ἁρτος
3322 5257 3422 5319 τῆς
3458 5256 3628 5321 ζωῆς,
3661 5251 3757 5305 καὶ

934 5498 950 5532 ί
988 5497 1149 5549 Prov.
1182 5510 1311 5563 vm,
1342 5493 1449 5564 25.,
1510 5494 1530 5525 ²
1582 5490 1724 5547 Gen.
1782 5491 2005 5564 111,722.

2137 5491 2297 5564 Gen.
2325 5507 2461 5564 xix,
2495 5491 2585 5545 24.
2664 5490 2686 5527 ⁸
2717 5490 2870 5549 Psal.
2897 5508 3068 5564 cxvu,
3096 5494 3186 5549 26.
3264 5494 3286 5529 ⁵
3312 5492 3466 5549 Psal.
3498 5508 3655 5561 χιιι,
3688 5496 3745 5551 3.

2264 5563 2307 5597 ¹⁰
2338 5561 2487 5620 Psal.
2520 5579 2672 5634 XLVI,
2703 5564 2757 5617 8.
2839 5567 2882 5601 ιι
2918 5561 3069 5621 Psal.
3103 5581 3167 5635 ιι,
3197 5565 3252 5621 8.
3332 5566 3377 5603 ¹²
3406 5564 3560 5624 Psal.
3588 5583 3746 5635 XLVI,
