4072 6210
330 394 442 454 691

1496 393 1560 454 S.
1608 389 2137 453 ATHANASIUS.
2158 419 2233 433 --
2264 392 2574 455 SPURIA.

3633 391 3756 452 692

337 531 590 591 marunt,
624 529 682 579 et
712 532 905 595 aperte
936 524 1232 581 Christum
1264 529 1614 579 vocaverunt
1643 523 1980 590 Dominum,

2117 524 2196 586 τῆς
2229 523 2415 596 ψυχῆς
2445 523 2620 578 αὐτῶν
2653 524 2839 597 κόρας,
2865 520 2958 576 *ἱνα
2986 522 3082 584 τὰς
3139 521 3394 584 τοιαύτας
3455 523 3757 599 μαρτυρίας

337 616 458 670 1]ωο
481 613 694 685 psalmi
724 613 911 668 octavi
931 613 1107 668 verba
1131 613 1432 669 :«Domine
1459 613 1739 668 Dominus
1765 617 1984 678 noster,

341 721 518 775 quam
542 703 608 758 ad
623 702 886 757 mirabile
900 708 987 757 est
1012 719 1217 758 nomen
1245 708 1412 757 tuum
1439 704 1498 757 in
1523 703 1793 757 universa
1812 707 1982 756 terra:

342 793 616 864 quoniam
645 791 863 846 elevata
888 798 977 846 est
1008 792 1443 864 magnificentia
1465 798 1562 847 tua
1587 808 1764 863 super
1793 790 1986 845 ecslos.

343 883 422 938 Ex
439 883 862 936 oreinl‘antium
890 881 1303 936 etlactentium
1328 881 1617 952 pert'ecisti
1645 881 1988 935 laudem“.»

341 971 505 1026 Juda-
553 987 784 1041 quoque
833 971 1220 1041 proditionem
1267 970 1680 1042 praesigniﬁcat
1726 969 1991 1040 psalmus

345 1059 837 1131 quadragesimus
863 1059 1087 1130 primus
1111 1059 1218 1114 hoc
1240 1060 1413 1114 modo
1439 1076 1450 1113 :
1481 1083 1507 1109 ‹‹
1532 1059 1638 1124 qui
1661 1059 1862 1114 edebat
1891 1074 1991 1129 pa-

347 1166 448 1203 nes
465 1165 642 1214 meos,
655 1148 1048 1219 magniﬁcavit
1062 1166 1124 1202 su
1137 1165 1235 1218 per
1250 1165 1339 1202 me
1353 1147 1992 1219 supplantationem".»

347 1237 622 1292 Gentium
657 1254 788 1291 vero
817 1243 872 1291 et
927 1238 1264 1292 Judzeorum
1300 1237 1544 1292 insidias
1576 1237 1806 1292 Christo
1839 1242 1991 1290 stru-

345 1331 472 1381 ctas
501 1333 734 1381 enarrat
767 1326 1027 1397 psalmus
1053 1327 1346 1382 secundus
1368 1326 1460 1380 his
1489 1327 1720 1382 verbis:
1756 1327 1994 1390 «Quare

349 1417 714 1470 fremuerunt
744 1420 1032 1486 gentes,et
1065 1414 1262 1486 populi
1291 1416 1550 1470 meditati
1584 1407 1723 1470 sunt
1753 1414 1997 1469 inania?

348 1505 674 1560 Astiterunt
701 1521 863 1575 reges
895 1508 1153 1569 terrae,et
1187 1504 1478 1576 principes
1510 1509 1903 1560 convenerunt
1935 1504 1994 1558 in

351 1611 558 1658 unum,
595 1617 621 1642 »
653 1593 876 1648 scilicet
926 1597 1093 1648 Anna
1122 1599 1179 1648 et
1207 1593 1458 1665 Caiphae
1507 1599 1563 1648 et
1607 1593 1899 1664 principes
1931 1610 1997 1649 ac

352 1683 621 1752 Scribae,«
650 1684 930 1738 adversus
960 1682 1272 1738 Dominum
1307 1688 1364 1738 et
1395 1683 1672 1738 adversus
1699 1683 1996 1738 Christum

351 1774 480 1842 ejus
510 1773 572 1826 ²⁶.
603 1793 624 1822 υ
657 1773 759 1834 Qui
785 1772 940 1827 enim
974 1777 1196 1844 pugnat
1225 1773 1501 1828 adversus
1530 1771 1761 1839 Filium,
1782 1771 2000 1843 injuria

351 1861 582 1916 Patrem
616 1860 814 1915 afﬁcit.

425 2129 478 2182 8.
513 2128 590 2182 De
620 2128 866 2183 vinculis
895 2145 1088 2200 porro,
1139 2129 1355 2201 quibus
1406 2130 1640 2186 vinxere
1687 2129 2006 2198 Christum,

359 2217 442 2272 sic
471 2217 732 2288 loquitur
764 2218 944 2274 Isaias
976 2219 1280 2290 propheta,
1311 2219 1647 2274 Judaeorum
1696 2218 2011 2290 deplorans

363 2305 629 2361 miserias
665 2324 676 2360 :
711 2328 733 2356 α
769 2305 864 2361 νε
895 2306 1103 2362 anima:
1127 2307 1505 2378 eorum,quia
1537 2323 1774 2379 pravum
1808 2307 2009 2362 adver-

365 2413 473 2451 sus
504 2397 730 2468 seipsos
759 2395 1016 2451 inierunt
1045 2396 1355 2452 consilium
1391 2396 2014 2462 dicentes,Vineiamus

360 2486 591 2555 justum
626 2487 689 2538 27.
725 2505 753 2536 »
795 2486 925 2540 Jam
975 2502 1108 2540 vero
1154 2485 1425 2558 Judaeum
1478 2486 1790 2557 interroga,
1823 2497 1880 2539 et
1922 2486 2016 2540 dic

373 2573 486 2645 ipsi
521 2590 532 2628 :
567 2573 706 2636 Quis
739 2573 986 2630 homoin
1014 2580 1166 2629 terra
1189 2574 1410 2646 peccati
1429 2575 1846 2646 expersPCerte
1879 2591 2016 2629 eon-

373 2667 490 2718 stat
513 2663 803 2718 neminem
831 2681 1040 2734 purum
1065 2681 1099 2718 a
1129 2665 1256 2719 labe
1286 2680 1548 2729 esse,nec
1572 2665 1619 2718 si
1653 2681 1770 2718 una
1788 2668 2016 2718 tantum

373 2751 546 2806 fuerit
583 2753 706 2807 dies
729 2753 854 2807 vitea
876 2755 1001 2823 ejus
1038 2751 1098 2808 in
1120 2759 1292 2808 terra.
1313 2754 1592 2808 Prmterea
1622 2754 1706 2808 sic
1737 2737 2021 2824 prOpheta

375 2845 550 2896 Deum
578 2848 848 2911 precatur
871 2859 919 2896 :u
949 2842 1071 2896 Non
1098 2841 1282 2897 intres
1304 2842 1671 2912 injudicium
1696 2859 1827 2897 cum
1854 2857 2017 2897 servo

371 2934 492 2994 tuo,
513 2929 648 2999 quia
682 2929 1235 2999 nonjustitieabitur
1266 2934 1322 2986 in
1356 2935 1670 3001 conspectu
1700 2936 1799 2985 tuo
1825 2931 2017 2985 omnis

367 3018 565 3073 vivens
589 3020 690 3072 2⁸.»
717 3021 790 3073 Ex
815 3020 1031 3090 quibus
1052 3024 1248 3090 aperte
1270 3020 1551 3076 docemur
1572 3019 1862 3076 neminem
1891 3021 2018 3076 abs-

371 3122 482 3176 que
510 3113 746 3176 peceato
793 3123 922 3162 esse
952 3115 1156 3178 praeter
1186 3108 1374 3163 solum
1426 3109 1632 3163 Deum.
1665 3109 1794 3164 Jam
1838 3108 1982 3180 igitu
2009 3130 2015 3140 ν

367 3194 671 3248 videamus
694 3196 832 3264 quid
860 3200 1055 3250 narret
1079 3196 1244 3251 nobis
1275 3197 1450 3251 lsaias
1475 3197 1754 3267 propheta
1786 3198 1856 3252 de
1879 3215 2011 3268 pas-

2097 611 2574 689 παραγράφωνται.
2645 611 2995 684 Ἀκοόσωμεν
3078 609 3173 665 οὖν
3256 611 3344 665 καὶ
3433 610 3558 685 περὶ
3642 612 3754 666 τὼν

2097 696 2329 766 παίδων,
2389 704 2496 754 τῶν
2555 705 2632 772 τῷ
2702 703 2919 776 Χριστῴ
2978 701 3203 754 Ὡσαννά
3264 701 3602 775 βοησάντων,
3661 701 3756 754 καὶ

2100 786 2295 863 Κύριον
2358 788 2626 864 λεγόντων
2687 794 2976 866 προφανῶς
3032 791 3124 844 τὸν
3178 789 3407 865 Χριστὸν
3440 789 3648 862 ψαλμῷ
3679 797 3753 859 η”

2101 901 2128 928 ‹‹
2165 877 2324 951 Κύριε
2355 880 2382 932 ὁ
2415 878 2608 952 Κύριος
2641 880 2821 950 ἡμῶν,
2855 877 2927 940 ὡς
2968 878 3273 950 θαυμαστὸν
3322 879 3384 932 τὸ
3433 875 3606 951 ὄνομα
3658 901 3757 934 σου

2101 964 2151 1019 ἐν
2213 966 2354 1040 πάσῃ
2406 972 2475 1040 τῇ
2530 967 2759 1042 γῇίδτι
2802 967 3010 1043 ἐπήρθη
3076 969 3110 1036 ἠ
3162 967 3600 1043 μεγαλοπρέπειά
3660 991 3761 1024 σου

2102 1054 2350 1127 ὑπεράνω
2407 1061 2515 1111 τῶν
2580 1056 2845 1132 οὐρανῶν.
2911 1059 3005 1113 Ἐκ
3061 1056 3329 1128 στόματος
3390 1057 3600 1127 νηπίων
3666 1059 3758 1113 καὶ

2103 1143 2450 1213 Θηλαζόντων
2510 1147 2818 1222 κατηρνίσω
2890 1146 3056 1202 αἶνον.
3111 1169 3138 1196 ››
3200 1146 3329 1219 Περὶ
3387 1143 3445 1201 δὲ
3502 1154 3602 1216 τῆς
3655 1152 3758 1203 τοῦ

2101 1233 2281 1291 Ἰούδα
2319 1235 2630 1312 προδόσεως
2663 1235 2884 1310 ψαλμὸς
2922 1239 3008 1310 μα’
3041 1236 3210 1310 λὲγει·
3252 1258 3273 1286 ι
3304 1242 3358 1290 '0
3416 1235 3606 1300 ἐσθίων
3670 1239 3766 1312 ἆρ-

2102 1345 2229 1384 τους
2283 1345 2388 1396 μου
2439 1324 2766 1400 ἐμεγάλυνεν
2827 1325 2907 1381 ἐπ’
2940 1325 3037 1397 ἐμὲ
3087 1324 3435 1397 πτερνισμόν.
3472 1348 3501 1376 »
3542 1327 3650 1394 Τὴν
3705 1324 3765 1381 δὶ

2103 1417 2207 1467 τῶν
2268 1412 2431 1468 ἐθνῶν
2492 1414 2580 1468 καὶ
2638 1411 2914 1471 Ἰουδαίων
2967 1409 3270 1482 ἐπιϐουλήν
3311 1414 3410 1481 τήν
3465 1415 3602 1469 κατὰ
3664 1419 3765 1468 τοῦ

2106 1507 2337 1577 Χριστοῦ
2369 1504 2396 1557 ὁ
2505 1502 2726 1576 ψαλμὸς
2770 1502 2934 1578 λέγει’
2971 1528 2998 1553 ι(
3030 1505 3144 1558 Ἵνα
3189 1503 3242 1556 τί
3294 1501 3553 1579 ἐφρύαξαν
3608 1500 3762 1574 ἔθνη,

2105 1591 2195 1645 καὶ
2250 1589 2374 1646 λαοὶ
2423 1591 2756 1664 ἐμελέτησαν
2806 1593 2970 1660 κενά;
3009 1593 3353 1667 Παρέστησαν
3410 1593 3461 1645 οἱ
3517 1593 3769 1667 βασιλεῖς

2104 1685 2204 1744 τῆς
2236 1688 2364 1755 γῆς,
2395 1682 2483 1736 καὶ
2517 1683 2567 1737 οἱ
2601 1681 2863 1757 ἄρχοντες
2897 1684 3248 1756 συνήχθησαν
3308 1679 3395 1735 ἐπὶ
3453 1682 3514 1736 τὸ
3545 1682 3700 1750 αὐτὸ,
3742 1709 3768 1731 υ

2106 1767 2276 1844 ἤγουν
2312 1775 2506 1833 νΑννας
2563 1771 2653 1825 καὶ
2712 1773 2971 1848 Καϊάφας,
3003 1771 3092 1824 καὶ
3127 1771 3177 1824 οἱ
3230 1771 3506 1846 ἀρχιερεῖς
3561 1772 3652 1826 καὶ
3715 1773 3770 1826 οἱ

2024 1894 2074 1958 Β
2107 1864 2473 1934 γραμματεῖςο
2512 1885 2531 1910 ι
2568 1860 2706 1914 κατὰ
2753 1864 2850 1915 τοῦ
2903 1859 3125 1934 Κυρίου,
3156 1858 3246 1913 καὶ
3306 1859 3442 1913 κατά
3482 1863 3582 1914 τοῦ
3632 1865 3770 1935 Χρι-

2115 1952 2242 2003 στοῦ
2272 1947 2457 2005 αὐτοῦ.
2496 1973 2522 1998 ››
2548 1952 2606 2006 Ὀ
2645 1949 2744 2025 γὰρ
2798 1946 3061 2021 πολεμῶν
3113 1947 3205 2002 τὸν
3247 1948 3392 2018 Υἱὸν,
3423 1944 3628 2024 ὑϐρίζει
3678 1949 3772 2002 καὶ

2115 2037 2203 2092 τὸν
2240 2036 2470 2112 Πατέρα.

2187 2129 2242 2183 8.
2277 2126 2404 2202 Περὶ
2439 2123 2497 2180 δὲ
2555 2130 2661 2180 τῶν
2721 2124 2956 2199 δεσμῶν,
2988 2127 3062 2180 ὧν
3117 2123 3310 2196 ἔδησαν
3368 2127 3458 2181 τὸν
3517 2127 3773 2200 Χριστὸν,

2119 2213 2266 2290 λέγει
2321 2214 2626 2284 ταλανίζων
2682 2215 2808 2277 τοὺς
2871 2212 3168 2278 Ἰουδαίους
3223 2213 3442 2277 Ἡσαΐας
3489 2217 3516 2270 ὁ
3555 2217 3775 2292 προφή-

2119 2323 2241 2374 της·
2275 2329 2302 2354 ‹‹
2336 2303 2470 2360 0ὐαὶ
2500 2308 2568 2377 τῇ
2602 2307 2754 2380 ψυχῇ
2784 2304 2981 2374 αὐτῶν,
3016 2302 3156 2358 διότι
3207 2299 3596 2358 ἐϐουλεύσαντο
3652 2306 3776 2379 βου.

2124 2392 2227 2461 λήν
2285 2393 2526 2468 πονηρὰν
2581 2395 2698 2447 καθ’
2757 2393 2958 2448 ἑαυτῶν
3023 2393 3295 2468 λέγοντες·
3358 2396 3621 2465 Δήσωμεν
3683 2397 3776 2448 τὸν

2126 2479 2360 2537 δίκαιον.
2393 2507 2420 2534 ››
2473 2481 2779 2558 Ἐρώτησόν
2827 2503 2920 2555 μοι
2979 2481 3173 2538 λοιπὸν
3231 2483 3320 2536 τὸν
3369 2479 3652 2551 Ἰουδαῖον,
3685 2482 3778 2536 καὶ

2127 2571 2242 2625 εἰπὲ
2275 2571 2436 2642 αὐτῷ,
2471 2571 2553 2625 ὅτι
2583 2571 2670 2633 Τίς
2718 2572 3015 2646 ἀνθρώπων
3069 2570 3156 2625 ἐπὶ
3205 2577 3305 2645 γῆς
3357 2569 3774 2645 ἀναμάρτητος;

2129 2657 2396 2730 Εὔδηλον,
2429 2661 2512 2714 ὅτι
2543 2659 2719 2721 οὐδεὶς
2747 2661 2977 2731 καθαρὸς
3020 2659 3126 2716 ἀπὸ
3180 2659 3373 2735 ῥύπου,
3403 2657 3522 2714 οὐδ’
3558 2659 3617 2714 ἂν
3676 2659 3782 2734 μία

2126 2750 2307 2823 ἡμέρα
2335 2756 2435 2818 τῆς
2470 2755 2614 2818 ζωῆς
2646 2750 2810 2804 αὐτοῦ
2841 2748 2927 2803 ἐπὶ
2982 2756 3084 2818 τῆς
3140 2752 3262 2824 γῆς.
3297 2749 3395 2802 Καὶ
3441 2747 3607 2804 πάλιν
3666 2771 3774 2826 φη-

2127 2838 2205 2890 σὶν
2240 2839 2267 2892 ὸ
2300 2840 2586 2914 προφήτης
2619 2838 2753 2912 πρὸς
2801 2837 2949 2892 Θεόν’
2985 2861 3012 2889 α
3049 2838 3141 2905 Μή
3184 2836 3427 2910 εἰσέλθῃς
3478 2836 3552 2898 εἷς
3600 2838 3778 2912 κρίσιν

2131 2927 2262 2999 μετά
2291 2931 2386 2980 τοῦ
2440 2925 2641 2982 δούλου
2674 2947 2789 2996 σου,
2822 2925 2904 2980 ὅτι
2956 2925 3016 2981 οὐ
3069 2923 3482 2995 δικαιωθήσεται
3541 2925 3776 2981 ἐνώπιόν

2125 3037 2220 3070 σου
2251 3022 2352 3077 πᾶς
2390 3020 2516 3084 ζῶν.
2550 3040 2578 3068 ››
2613 3019 2772 3070 Ὥστε
2819 3016 3062 3094 φανερῶς
3125 3011 3506 3088 διδασκόμεθα,
3539 3015 3621 3070 ὅτι
3682 3015 3776 3070 οὗ-

2125 3102 2233 3166 δεῖς
2295 3105 2671 3180 ἀναμάρτητος
2727 3105 2772 3158 εἰ
2834 3106 2909 3177 μή
2947 3103 3107 3177 μόνος
3143 3106 3171 3159 ’ὀ
3203 3105 3353 3166 Θεός·
3389 3101 3621 3176 Ἴδωμεν
3681 3104 3771 3159 οὖν

2125 3193 2318 3248 λοιπὸν
2364 3194 2415 3248 τί
2446 3195 2473 3248 ὁ
2506 3196 2794 3268 προφήτης
2825 3192 3044 3256 Ἡσαΐας
3095 3191 3402 3269 διαλέγεται
3452 3195 3587 3266 ἡμῖν
3648 3195 3773 3269 περὶ

369 3282 530 3336 sione
557 3258 952 3354 impeecabilis
973 3284 1184 3340 Christi
1209 3285 1305 3340 Dei
1331 3258 1534 3356 nostri,
1562 3258 1686 3341 F'iiii
1715 3258 2004 3343 Dem-Sic-

2120 3289 2218 3339 τοῦ
2276 3284 2477 3345 πάθους
2532 3288 2626 3337 τοῦ
2680 3284 3060 3359 ἀναμαρτήτου
3119 3285 3352 3358 Χριστοῦ
3404 3288 3500 3339 τοῦ
3545 3288 3682 3339 Θεοῦ
3712 3286 3774 3354 ἡ-

369 3375 434 3425 ut
490 3373 632 3437 ovis,
685 3373 895 3443 inquit,
943 3375 1014 3427 ad
1077 3375 1484 3430 mactrtionem
1544 3377 1756 3431 ductus
1814 3382 1922 3444 est,
1955 3382 2013 3434 et

371 3461 538 3532 quasi
558 3478 743 3533 agnus
769 3478 965 3517 coram
991 3463 1265 3519 tondente
1287 3464 1411 3519 sine
1431 3480 1586 3530 voce,
1613 3464 1695 3519 sic
1728 3482 1841 3520 non
1875 3481 2011 3537 ape-

370 3551 484 3605 ruit
505 3568 568 3604 os
593 3552 871 3606 suum".»
893 3552 1106 3606 Notum
1131 3556 1325 3607 autem
1347 3557 1435 3607 est
1457 3551 1686 3608 siluisse
1711 3553 2012 3609 Christum

364 3644 624 3709 tempore
656 3657 773 3694 suae
809 3639 1121 3711 passionis,
1155 3656 1287 3696 cum
1320 3639 1501 3696 Pilato
1533 3641 1857 3696 sisteretur.
1886 3665 1911 3692 ιι
1947 3645 2009 3698 In

363 3727 695 3784 humilitate
718 3729 1160 3800 ejusjudicium
1194 3731 1322 3800 ejus
1353 3731 1649 3785 sublatum
1681 3735 1768 3784 est
1793 3749 1806 3795 ;
1834 3747 2006 3803 gene-

362 3817 644 3874 rationem
681 3819 808 3888 ejus
839 3819 968 3887 quis
993 3819 1288 3874 enarrabit
1310 3818 1407 3873 30?.
1439 3819 1656 3890 Nempe
1679 3836 1848 3874 nemo
1873 3821 2012 3875 divi-

362 3907 563 3965 nitatis
589 3909 1020 3979 generationem
1050 3913 1239 3980 potest
1256 3909 1660 3964 narrare.Nam
1683 3911 2009 3965 secundum

367 4014 601 4052 carnem
625 3998 922 4067 generatio
945 3997 1157 4053 Christi
1184 3998 1281 4053 Dei
1309 3999 1488 4053 nostri
1513 3998 1884 4054 describitur.
1917 3999 2010 4054 Si-

367 4087 598 4156 quidem
627 4110 652 4135 ‹‹
682 4088 750 4140 ab
775 4087 1184 4159 iniquitatibus
1210 4087 1403 4158 populi
1424 4089 1635 4143 ductus
1657 4090 1828 4143 estad
1855 4105 2006 4143 mor-

363 4179 480 4229 tem
512 4177 580 4225 ³¹.
619 4197 644 4220 ››
681 4175 1054 4231 Manifestum
1081 4177 1234 4231 enim
1265 4181 1348 4232 est
1380 4177 1672 4232 Christum
1710 4181 2008 4234 mortuum

363 4280 489 4318 esse
523 4280 624 4333 pro
658 4265 908 4333 peccatis
931 4265 1192 4320 mundi.u
1219 4267 1284 4319 Et
1309 4265 1458 4320 dabo
1485 4266 1664 4321 malos
1688 4284 1790 4338 pro
1812 4267 2007 4339 sepul-

363 4356 490 4405 tura
514 4351 641 4420 ejus
663 4352 1003 4407 33.»Judaaos
1024 4353 1288 4408 videlicet
1309 4353 1548 4407 tradidit
1569 4355 1861 4410 Romanis.
1881 4378 1908 4404 ‹‹
1944 4357 2010 4410 Et

361 4441 568 4495 divites
601 4458 700 4511 pro
737 4446 920 4496 morte
953 4443 1080 4511 ejus
1111 4442 1211 4496 ³³.»
1246 4441 1360 4496 Cur
1389 4459 1648 4512 quaeso,o
1680 4443 2007 4515 propheta?

359 4528 458 4583 Die
490 4530 657 4584 nobis
690 4535 905 4600 aperte,
939 4531 1110 4601 cujus
1140 4531 1327 4602 gratia
1349 4530 1402 4583 ?«
1438 4531 1512 4586 Eo
1543 4533 1694 4602 quod
1729 4532 2005 4605 iniquita-

2123 3381 2262 3447 μῶν,
2295 3380 2390 3429 τοῦ
2417 3376 2544 3429 Υἱοῦ
2573 3379 2670 3429 τοῦ
2701 3379 2854 3429 Θεοῦ’
2893 3401 2917 3425 α
2953 3376 3041 3436 Ὠς
3081 3370 3352 3448 πρόϐατον
3414 3373 3503 3429 ἐπὶ
3561 3377 3775 3451 σφαγὴν

2121 3461 2297 3540 ἤχθη,
2329 3463 2417 3518 καὶ
2477 3464 2550 3525 ὡς
2608 3464 2776 3537 ἀμνὸς
2835 3463 3066 3518 ἐναντίον
3125 3468 3222 3517 τοῦ
3277 3463 3554 3537 κείραντος
3616 3463 3776 3518 αὐτὸν

2123 3551 2361 3630 ἄφωνος,
2388 3553 2560 3614 οὕτως
2594 3552 2692 3608 οὐκ
2721 3552 2928 3627 ἀνοίγει
2976 3553 3038 3608 τὸ
3088 3551 3262 3624 στόμα
3304 3553 3491 3609 αὑτοῦ.
3526 3577 3554 3604 ››
3590 3551 3772 3622 Δῆλον

2122 3639 2199 3714 δὲ,
2234 3641 2314 3696 ὅτι
2347 3641 2552 3696 ἐσιώπα
2591 3644 2618 3697 ὁ
2659 3642 2886 3718 Χριστὸς
2947 3641 3168 3714 Πιλάτῳ
3225 3641 3626 3715 παριστάμενος
3685 3641 3775 3696 ἐπὶ

2118 3736 2214 3786 τοῦ
2263 3733 2462 3794 πάθους
2523 3731 2708 3787 αὐτοῦ.
2774 3757 2800 3782 ‹‹
2859 3737 2944 3786 Ἐν
3006 3735 3074 3805 τῇ
3126 3735 3442 3785 ταπεινώσει
3507 3729 3674 3785 αὐτοῦ
3736 3733 3772 3800 ἠ

2119 3821 2292 3896 κρίσις
2324 3820 2486 3875 αὐτοῦ
2517 3817 2683 3894 ᾔρθη·
2723 3821 2822 3888 τὴν
2879 3817 2936 3874 δὲ
2983 3820 3162 3894 γενεὰν
3215 3820 3378 3874 αὺτοῦ
3427 3819 3511 3881 τίς
3569 3817 3776 3896 διηγή-

2121 3929 2264 3964 σεται
2293 3928 2306 3978 ;
2345 3933 2372 3960 ››
2404 3911 2602 3985 Ἥγυυν
2629 3909 2729 3977 τὴν
2760 3915 2860 3978 τῆς
2892 3907 3149 3978 Θεότητος
3197 3905 3373 3970 οὐδεὶς
3425 3905 3772 3984 διηγήσεται·

2118 3999 2252 4053 κατά
2311 3997 2478 4073 σάρκα
2529 3998 2633 4074 γὰρ
2691 3997 3094 4073 γενεαλογεῖ-ται
3154 3997 3387 4074 Χριστὸς
3447 3998 3476 4052 ὁ
3535 3997 3666 4060 Θεὸς
3702 3999 3772 4068 ἠ-

2124 4088 2256 4158 μῶν.
2294 4112 2318 4138 (ι
2351 4087 2484 4144 Ἀπὸ
2519 4111 2546 4138 ››
2574 4088 2675 4162 γὰρ
2715 4112 2738 4140 ι
2767 4091 2874 4141 τῶν
2909 4086 3151 4158 ἀνομιῶν
3187 4089 3285 4140 τοῦ
3318 4084 3456 4140 λαοῦ
3489 4082 3643 4160 ἤχθη
3697 4086 3777 4149 εἷς

2119 4176 2364 4238 θάνατον.
2402 4201 2428 4226 ››
2465 4173 2748 4246 Πρόδηλον
2783 4171 2859 4245 δὲ,
2893 4172 2975 4228 ὅτι
3009 4174 3140 4248 ὑπὲρ
3182 4179 3292 4229 τῶν
3343 4175 3623 4248 ἁμαρτιῶν
3677 4180 3777 4230 τοῦ

2107 4262 2323 4337 κόσμου
2357 4263 2587 4339 Χριστὸς
2619 4263 2864 4325 ἀπέθανε.
2895 4287 2922 4313 ‹‹
2961 4262 3057 4319 Καὶ
3108 4259 3268 4316 δωσω
3310 4261 3436 4323 τοὺς
3488 4263 3774 4338 πονηροὺς

2117 4355 2229 4408 ἀντὶ
2288 4361 2385 4423 τῆς
2441 4361 2613 4432 ταφῆς
2646 4353 2828 4408 αὐτοῦ.
2864 4376 2891 4404 ››
2927 4351 3122 4421 Δῆλον,
3156 4352 3237 4407 ὅτι
3288 4352 3415 4414 τοὺς
3470 4351 3773 4417 Ἰουδαίους

2116 4441 2395 4519 παρέδωκε
2423 4448 2540 4504 τοῖς
2587 4442 2880 4515 Ρωμαίοις.
2918 4465 2944 4493 ‹‹
2977 4441 3073 4496 Καὶ
3121 4441 3248 4503 τοὺς
3298 4441 3599 4506 πλουσίους
3652 4444 3774 4498 ἀντὶ

2114 4538 2208 4587 τοῦ
2239 4533 2467 4586 θανάτου
2497 4530 2679 4587 αὐτοῦ.
2717 4555 2744 4580 ››
2778 4531 2873 4585 Διά
2929 4531 3004 4597 τί,
3037 4529 3081 4584 ὦ
3112 4533 3400 4608 προφῆτα;
3434 4531 3571 4587 Εἰπὲ
3630 4534 3770 4605 ἡμῖν

358 4623 476 4672 tem
513 4635 625 4672 non
661 4619 878 4687 iecerit,
913 4636 1101 4690 neque
1147 4619 1316 4674 dolus
1349 4619 1406 4673 in
1439 4636 1535 4674 ore
1584 4620 1769 4691 ipsius
1804 4622 1996 4676 inven-

2117 4625 2424 4699 προφανῶς,
2476 4619 2616 4682 τίν-λς
2661 4621 2863 4694 χάριν;
2903 4646 2923 4671 α
2958 4621 3078 4676 ’Ότι
3131 4619 3397 4695 ἁμαρτίαν
3457 4619 3558 4674 οὐκ
3615 4620 3771 4676 ἐποί-

356 4712 452 4761 tus
475 4713 563 4760 est
584 4709 684 4762 3‘.»
719 4709 864 4764 .‘25‘l
895 4708 1039 4774 Quid
1067 4709 1135 4764 ad
1163 4708 1282 4762 haec
1309 4709 1743 4776 respondebunt
1769 4710 1954 4764 Judaei
1975 4710 2003 4761 ‘2

360 4797 500 4861 Quis
532 4797 726 4864 homo,
763 4798 914 4853 sicut
966 4797 1109 4864 ovis,
1145 4797 1214 4852 ad
1266 4795 1614 4852 occisionem
1647 4797 1860 4852 ductus
1891 4801 2000 4864 est,

359 4885 454 4956 qui
491 4892 789 4956 peccatum
847 4904 958 4940 non
995 4886 1238 4940 fecerit?
1271 4887 1421 4941 Sane
1460 4886 1749 4941 neminem
1786 4887 2002 4957 peccati

359 4980 650 5046 expertem
711 4982 982 5045 poterunt
1013 4975 1288 5045 indicare,
1324 4980 1531 5046 praeter
1577 4974 1764 5030 solum
1819 4976 2000 5031 Deum

357 5063 651 5118 hominem
687 5067 925 5119 factum.

424 5155 476 5206 9.
511 5154 836 5210 Audiamus
885 5153 1059 5209 etiam
1094 5172 1219 5226 qua)
1251 5154 1429 5210 habet
1477 5154 1742 5226 psalmus
1774 5155 2001 5211 tricesi-

353 5261 484 5297 mus
518 5251 762 5314 quartus
795 5245 864 5299 de
895 5244 966 5299 iis
999 5263 1124 5314 quae
1159 5245 1286 5300 l'alsi
1323 5251 1500 5300 testes
1523 5247 1830 5300 adversum
1847 5245 2002 5300 Chri-

351 5337 510 5386 stum
544 5332 842 5389 testificati
892 5338 1077 5388 sunt:
1115 5356 1138 5385 α
1176 5333 1283 5398 Qui
1336 5334 1780 5390 insurrexerunt
1818 5334 1874 5389 in
1909 5352 2000 5390 me

347 5427 525 5478 testes
577 5421 782 5493 iniqui,
818 5439 944 5494 quae
995 5423 1334 5495 ignorabam
1386 5423 1824 5494 interrogabant
1855 5441 1946 5479 me
1982 5443 1993 5479 :

1041 5653 1086 5688 ’⁸
1117 5651 1267 5709 Psal.
1302 5672 1390 5710 XL.
1427 5656 1510 5709 10.

1023 5727 1068 5761 ³²
1099 5726 1241 5782 ibid.
1275 5727 1327 5783 9.

419 5655 462 5688 ³⁵
497 5652 646 5707 Psal.
671 5671 792 5720 vm,
823 5655 877 5720 2,
909 5654 962 5707 3.

347 5727 390 5758 δι’
421 5726 564 5781 ibid.
598 5726 649 5779 8.
728 5728 768 5764 ει
803 5725 946 5782 ibid.
1023 5727 1068 5761 υ
1099 5726 1241 5782 ibid.
1275 5727 1327 5782 9.
1406 5728 1450 5763 δε
1480 5725 1622 5782 ibid.
1660 5728 1742 5782 ιο.

1588 5655 1631 5690 ²⁶
1663 5654 1812 5710 Psal.
1849 5671 1910 5720 ιι.
1945 5658 1994 5727 1,
2026 5657 2081 5712 2.

1588 5727 1622 5782 l.
1660 5728 1742 5782 10.
1821 5727 1864 5761 ³⁵
1894 5728 2039 5784 ibid.

1894 5745 2039 5786 ιοια.

2111 4731 2261 4781 ησεν,
2294 4706 2418 4764 οὐδὲ
2471 4706 2633 4771 δόλος
2694 4708 2881 4783 εὑρέθη
2932 4707 2982 4763 ἐν
3027 4713 3106 4780 τῷ
3136 4709 3364 4781 στόματι
3419 4708 3603 4765 αὐτοῦ.
3645 4733 3674 4759 ι)
3707 4711 3770 4766 Τί

2112 4800 2248 4873 πρὸς
2298 4802 2465 4852 ταῦτα
2515 4797 2722 4870 ἐροῦσιν
2775 4797 2827 4850 οἱ
2860 4794 3282 4864 Ἰουδαῖοι;Τίς
3341 4795 3630 4874 ἄνθρωπος
3692 4800 3768 4862 ὡς

2113 4883 2384 4960 πρόϐατον
2418 4887 2504 4942 ἐπὶ
2539 4887 2747 4964 σφαγὴν
2797 4883 2973 4960 ἤχθη,
3007 4885 3272 4962 ἁμαρτίαν
3339 4888 3414 4958 μὴ
3475 4890 3718 4958 ποιήσας
3753 4909 3767 4958 ;

2111 4978 2236 5034 ἀλλ’
2269 4985 2367 5033 οὐκ
2397 4977 2586 5054 ἔχουσι
2619 4974 2786 5047 δεῖξαι
2817 4977 3099 5051 ἄνθρωπον
3152 4977 3529 5053 ἀναμάρτητον
3591 4979 3636 5032 εἰ
3688 4980 3766 5052 μή

2116 5067 2277 5141 μόνον
2304 5068 2392 5121 τὸν
2425 5067 2551 5121 Θεὸν
2575 5065 2862 5140 γενόμενον
2897 5066 3194 5139 ἄνθρωπον.

2179 5161 2234 5215 9.
2270 5156 2617 5228 Ἀκοῦσωμεν
2678 5153 2734 5210 δὲ
2791 5154 2880 5208 καὶ
2937 5156 3060 5229 περὶ
3111 5159 3218 5209 τῶν
3271 5153 3764 5232 ψευδομαρτύρων,

2109 5251 2216 5300 τῶν
2273 5246 2408 5300 κατά
2465 5249 2562 5298 τοῦ
2619 5246 2854 5316 Χριστοῦ
2909 5241 3562 5318 ψευδομαρτυρησάντων,
3617 5245 3764 5319 ψαλ-

2114 5339 2221 5408 μοῦ
2276 5332 2374 5390 λδ”
2417 5333 2818 5394 ιἈναστάντες
2872 5353 2966 5404 μοι
3020 5329 3286 5408 μάρτυρες
3348 5329 3549 5402 ἄδικοι,
3581 5332 3614 5387 ἃ
3665 5335 3767 5390 οὐκ

2110 5422 2399 5498 ἐγίνωσκον
2431 5422 2659 5497 ἠρώτων
2716 5441 2829 5493 μοι·
2865 5415 3335 5474 ἀνταποδεδώκασί
3394 5441 3484 5493 μοι
3545 5423 3767 5497 πονηρά

2160 5659 2202 5690 ²⁷
2238 5662 2344 5711 lsa.
2380 5673 2464 5723 ιιι,
2496 5655 2656 5723 9,10.
2736 5655 2780 5691 ⁸⁸
2809 5653 2962 5710 Psal.
2996 5670 3164 5722 cxau,
3197 5656 3251 5708 2.
3328 5654 3373 5689 ²⁹
3402 5653 3511 5710 lsa.
3545 5671 3670 5724 un,
3701 5658 3762 5712 7.
