2036 3105
155 213 214 243 693

632 211 890 247 OUESTIONES
912 212 964 242 AD
986 212 1217 244 ANTIOCHUM
1241 199 1387 244 DUCEM.

1801 216 1860 246 694

155 278 215 304 ἀντὶ
231 278 350 315 ἀγαθῶν,
369 289 383 303 ››
399 277 501 313 Δῆλον,
517 277 558 305 ὅτι
573 278 611 305 ὧν
628 278 642 304 6
667 278 782 315 Χριστὸς
807 277 832 304 ἐν
856 276 897 313 τῷ
922 277 976 313 λαᾷ

1039 279 1241 307 retribuebant
1257 280 1327 308 mihi
1344 280 1422 308 mala
1433 289 1485 316 pro
1501 280 1584 309 bonis
1595 281 1626 308 ³⁸.
1644 290 1657 306 ι)
1680 281 1786 310 Notum
1802 283 1858 310 uti-

155 322 229 358 αὐτῷ
244 322 387 358 πεποίηκε·
418 325 525 361 πρῶτον
553 322 600 358 μὶν
630 322 679 357 τήν
704 321 794 357 ἔξοδον
820 322 907 349 αὐτῶν
931 322 980 356 τὴν

154 366 181 401 ἐξ
196 366 348 403 Αἰγύπτου,
364 367 410 394 καὶ
443 367 476 394 τὰ
499 367 583 394 λοιπὰ
608 366 692 405 μόρια
715 366 812 403 ἀγαθὰ,
839 366 855 393 ἃ
881 366 918 397 εἷς
934 365 980 393 αὐ-

153 411 218 442 τοὺς
235 411 387 450 εἲργάσατο,
405 411 497 439 ἔπειτα
522 410 551 439 δὲ
571 411 635 442 τοὺς
658 414 803 442 νοσοῦντας
827 411 914 438 αὐτῶν
944 410 982 437 ἰά-

156 466 233 484 αατο.
251 456 316 494 Περὶ
346 455 375 483 δὲ
402 459 456 484 τῶν
485 457 712 494 μαστιγωσάντων
740 455 784 483 καὶ
810 456 979 494 ραπισάντων

153 501 200 528 τὸν
218 501 334 538 Χριστὸν
349 500 462 532 Ἡσαΐας
486 501 500 528 6
514 502 659 539 προφήτης
675 500 711 531 ὡς
728 500 757 528 ἐκ
769 500 920 538 προσώπου
932 502 981 527 τοῦ

150 548 273 583 Χριστοῦ
285 545 373 577 οὕτως
390 545 465 584 φησί·
484 558 497 571 ‹‹
513 545 567 574 Τὸν
583 545 667 573 νῶτόν
687 556 738 582 μου
755 544 859 572 δέδωκα
874 544 911 574 εἷς
929 545 979 580 μά-

150 600 259 627 στιγας,
286 590 334 621 τὰς
360 589 389 618 δὲ
415 591 540 628 σιαγόνας
572 600 624 626 μου
647 590 684 620 εἰς
713 589 878 628 ῥαπίσματα,
905 589 936 616 τὸ
952 587 980 616 δὲ

150 634 300 671 πρόσωπόν
320 645 373 671 μου
399 634 449 662 οὐκ
473 635 626 672 ἀπέστρεψα
649 634 703 662 ἀπὸ
729 634 861 672 αἰσχύνης
877 633 978 669 ἐμπτυ-

150 678 275 715 σμάτων.
306 691 320 705 (ι
349 679 469 716 Ὁμοίως
498 678 526 706 δὲ
549 679 594 706 καὶ
621 679 635 705 6
663 679 808 715 προφήτης
841 675 923 705 Δαϐἱδ
950 677 980 704 ἐκ

150 724 304 761 προσώπου
318 726 368 751 τοῦ
384 724 502 761 Χριστοῦ
525 723 551 751 ἐν
578 723 617 758 λζ’
641 723 745 760 ψαλμῷ
769 722 853 760 λέγει·
880 734 894 748 «
918 723 979 749 ’Ότι

151 768 207 805 ἐγὼ
233 768 272 798 εἷς
300 769 433 806 μάστιγας
459 768 579 805 ἕτοιμος,
604 767 650 795 καὶ
676 769 692 803 ἠ
717 766 828 802 ἆληδών
861 777 914 803 μου
937 766 978 793 ἐν-

149 813 237 840 ώπιόν
256 813 310 849 μου
325 812 379 840 ἐστι
396 812 441 840 διὰ
455 813 564 845 παντός.
577 825 592 839 ››
609 813 673 850 Περὶ
699 811 727 840 δὲ
749 813 805 849 (77)
829 813 879 844 τῆς
908 810 977 848 πρά-

149 868 219 888 σεως
231 859 282 884 τοῦ
298 860 415 894 Χριστοῦ
439 857 511 896 λέγει
535 857 666 894 Ἱερεμίας
693 858 707 884 ὁ
727 857 882 896 προφήτης·
896 868 909 881 ‹‹
928 855 977 882 Καὶ

148 899 250 929 ἔλαϐον
265 902 299 929 τὰ
313 902 458 940 τριάκοντα
471 901 594 940 ἀργύρια,
610 902 660 936 τὴν
682 902 765 938 τιμὴν
794 903 842 928 τοῦ
865 910 978 936 τετιμη-

150 948 247 983 μὲνου,
264 946 294 974 ὅν
314 946 478 982 ἐτιμήσαντο
493 946 546 974 ἀπὸ
566 947 631 973 υἱῶν
657 946 779 984 Ἰσραὴλ,
805 945 849 973 καὶ
873 944 975 972 ἔδωκαν

147 991 217 1018 αὐτὰ
230 992 269 1023 εἷς
284 991 329 1019 τὸν
346 992 426 1029 ἀγρὸν
453 993 501 1018 τυῦ
516 991 668 1029 κεραμέως,
684 991 772 1022 καθὼς
792 990 912 1025 συνέταξὲ
931 1000 977 1026 μοι

152 1035 266 1073 Κύριος.
293 1047 308 1060 »
335 1036 405 1073 Ἀρα
434 1033 514 1063 τοῦτο
544 1035 769 1073 παραγράψασθαι
803 1032 925 1068 δύνασθε,
955 1033 977 1060 ὦ

152 1079 294 1117 Ἰουδαῖοι,
302 1080 368 1117 ὅπερ
383 1080 438 1118 πρὸ
454 1080 603 1119 ὀφθαλμῶν
619 1080 717 1111 παντὸς
732 1081 780 1107 τοῦ
794 1078 900 1115 κόσμου
914 1077 979 1114 πρό-

152 1136 244 1153 πειται
272 1123 363 1152 ἔκτοτε
386 1125 431 1152 καὶ
463 1124 545 1163 μέχρι
573 1126 622 1152 τοῦ
646 1127 692 1151 νῦν
706 1134 713 1159 ;
728 1123 800 1162 λέγω
816 1122 849 1158 δὴ
866 1124 880 1150 6
896 1123 977 1161 ἀγρὸς

151 1172 202 1197 τοῦ
217 1170 358 1207 κεραμέως
381 1169 420 1200 εἰς
441 1170 528 1208 ταφὴν
551 1171 607 1199 τοῖς
623 1168 718 1205 ξένοις.
737 1168 874 1199 Ὡσαύτως
890 1167 918 1195 δὲ
933 1167 977 1194 καὶ

149 1214 291 1252 Ζαχαρίας
307 1215 320 1242 6
335 1215 482 1253 προφήτης
500 1213 571 1251 λέγει
598 1213 659 1251 περὶ
682 1215 736 1240 τῶν
758 1213 903 1250 τριάκοντα
931 1213 979 1250 ἆρ-

149 1259 257 1296 γυρίων
273 1258 311 1289 ὡς
325 1258 356 1286 ἐκ
369 1258 519 1294 προσώπου
534 1256 582 1285 τοῦ
597 1258 724 1294 Χριστοῦ·
752 1269 765 1282 (ι
787 1256 839 1285 Καὶ
864 1255 976 1291 ἔστησαν

149 1314 198 1331 τον
217 1303 313 1339 μισθόν
331 1314 385 1339 μου
400 1303 543 1339 τριάκοντα
558 1301 683 1339 ἀργύρια.
703 1313 716 1326 ι)
741 1302 802 1330 ’Ότι
828 1300 856 1328 δὲ
869 1301 919 1335 τήν
934 1300 979 1338 ἀρ-

149 1348 209 1386 χὴν
221 1350 273 1382 τῆς
288 1347 425 1386 σωτηρίας
440 1348 531 1383 ἡμῶν,
561 1345 646 1384 ἤγουν
672 1345 716 1373 τόν
741 1345 832 1382 τίμιον
855 1345 978 1382 σταυρὸν,

149 1392 179 1419 ἐν
193 1394 253 1423 τοῖς
268 1390 347 1422 ἰδίοις
365 1391 453 1428 ὥμοις
468 1390 550 1419 αὐτοῦ
566 1389 708 1418 ἐϐάστασεν
725 1391 739 1418 6
760 1390 875 1428 Χριστὸς
902 1390 978 1426 ὑψω-

149 1437 208 1464 θεὶν
238 1436 264 1464 ἐν
294 1436 378 1472 αὐτῷ,
402 1435 509 1466 Ἡσαΐας
536 1436 550 1462 6
582 1436 727 1474 προφήτης
763 1435 793 1462 ἐκ
826 1434 979 1471 Πνεῦματος

150 1481 233 1518 ἁγίου
263 1480 435 1519 ποφητεύσας
463 1481 546 1513 εἶπεν,
582 1480 623 1508 ὅτι
658 1492 672 1506 ‹‹
707 1479 816 1507 Παιδίον
849 1479 977 1518 ἐγεννήθη

148 1527 235 1562 ἡμῖν,
253 1526 310 1556 υἱὸς
325 1525 369 1552 καὶ
386 1524 466 1561 ἐδόθη
481 1526 561 1562 ἡμῖν,
578 1524 609 1552 οὗ
624 1526 641 1559 ἠ
662 1525 734 1562 ἀρχή
760 1524 803 1551 ἐπὶ
827 1526 876 1551 τοῦ
900 1523 978 1560 ὣμου

147 1570 246 1597 αὐτοῦ·
271 1581 282 1596 ι
306 1570 443 1598 τουτέστιν
468 1570 482 1597 6
506 1570 640 1604 ζωοποιὸς
656 1568 779 1606 σταυρός.
798 1568 861 1606 Περὶ
878 1567 907 1596 δὲ
930 1570 978 1595 τοῦ

147 1615 296 1647 ἆκανθίνου
321 1614 449 1654 στεφάνου
482 1615 631 1652 γέγραπται
656 1613 681 1641 ἐν
705 1616 763 1644 τοῖς
789 1614 909 1649 Ἀσμασι
924 1614 977 1640 τῶν

147 1659 292 1696 ᾀσμάτων
326 1672 339 1684 ι(

150 1703 224 1732 ἴδετε
248 1695 299 1731 ⁵τὸν
328 1695 456 1743 στᾶφανον
471 1695 512 1731 νδν
538 1695 715 1742 ἐστεφάνωσεν
740 1702 819 1729 αὐτὸν
847 1702 864 1737 ἡ
887 1702 978 1739 μήτηρ

146 1748 245 1776 αὐτοῦ’
262 1760 276 1775 ιι
292 1749 429 1776 τουτέστιν
445 1749 462 1783 ἠ
480 1749 620 1786 συναγωγή
635 1750 689 1775 τῶν
707 1746 844 1775 Ἰουδαίων
870 1747 977 1784 (μήτηρ

145 1794 200 1831 γὰρ
231 1793 351 1830 Χριστοῦ
379 1792 446 1828 αὕτη
476 1792 543 1820 κατὰ
570 1793 654 1830 σάρκα
682 1793 807 1827 νοεῖται),
836 1791 862 1818 ἐν
889 1791 980 1828 ήμὲρᾳ

146 1837 330 1877 νυμιρεύσεως
358 1837 451 1872 αὐτοῦ,
475 1837 520 1864 καὶ
546 1836 572 1864 ἐν
594 1837 685 1874 ἡμέρᾳ
720 1834 886 1874 εὐφροσύνης
916 1845 980 1873 καρ-

146 1881 209 1913 δίας
227 1881 321 1910 αὐτοῦ.
341 1894 352 1907 ι
370 1880 513 1920 Πρόδηλον
532 1880 570 1916 δὲ,
588 1881 630 1908 ὅτι
645 1881 662 1915 ἠ
686 1880 777 1919 ἥμερα
800 1882 849 1907 τοῦ
877 1879 978 1911 πάθους

146 1929 200 1954 τοῦ
214 1927 336 1964 Χριστοῦ
351 1926 384 1961 ἦν
398 1926 489 1963 ἡμέρα
503 1925 668 1965 εὐφροσύνης
684 1925 767 1953 αὐτοῦ
790 1923 834 1952 διὰ
848 1925 898 1959 τήν
923 1935 980 1951 σω-

142 1971 248 2009 τηρίαν
274 1972 366 2007 ἡμῶν.
392 1972 495 2009 ’Ὠσπερ
517 1971 566 2009 γὰρ
591 1970 702 2002 ἄκανθαι
724 1980 806 2004 τινες,
831 1969 918 2000 οὕτως
932 1969 980 1996 ὑπ-

142 2020 240 2054 ῆρχον
257 2016 285 2043 αἱ
302 2015 430 2053 ἁμαρτίαι
442 2017 491 2043 τοῦ
506 2014 623 2051 κόσμου,
639 2015 758 2049 ἅστινας,
776 2013 862 2046 ἐλθὼν
882 2014 896 2040 6
912 2014 978 2051 Χρι-

142 2062 212 2092 στὸς
229 2062 244 2088 6
273 2061 370 2096 Ἀμνὸς
392 2059 440 2088 τοῦ
465 2062 532 2087 Θεοῦ
556 2060 570 2087 ὁ
595 2058 677 2097 αἴρων
694 2059 743 2093 τήν
768 2058 899 2095 ἁμαρτίαν
930 2060 978 2085 τοῦ

140 2106 266 2142 κόσμου,
293 2104 428 2141 ἐξήλειψε.
454 2104 502 2132 Καὶ
526 2104 645 2141 καθάπερ
671 2102 715 2131 διὰ
736 2105 785 2130 τοῦ
810 2105 915 2140 καρποῦ
930 2105 978 2130 τοῦ

141 2150 234 2186 ξύλου
249 2150 267 2184 ἠ
292 2148 421 2186 ἁμαρτία,
445 2147 516 2176 οὕτω
538 2147 582 2175 διὰ
605 2150 653 2175 τοῦ
669 2147 751 2183 ξύλου
766 2149 814 2174 τοῦ
830 2149 944 2184 σταυροῦ
959 2147 976 2182 ἡ

141 2194 284 2231 σωτηρία.
301 2194 351 2221 Καὶ
368 2192 412 2221 διὰ
423 2195 504 2221 τοῦτο
520 2192 546 2220 ἐν
562 2193 644 2229 κήπῳ
658 2193 690 2220 τὸ
716 2193 802 2223 πάθος
832 2193 880 2219 τοῦ
908 2193 976 2229 Χρι-

139 2242 214 2267 στοῦ
238 2239 362 2276 γέγονεν,
385 2236 478 2272 ἐπειδή
504 2237 530 2264 ἐν
551 2235 705 2274 παραδείσῳ
721 2234 826 2274 παρέϐη
845 2236 858 2263 6
875 2235 974 2273 Ἀδάμ.

137 2288 197 2312 Axi
212 2286 294 2311 τοῦτο
316 2283 362 2310 καὶ
387 2281 476 2320 λῃστῇ
506 2280 667 2319 παράδεισος
691 2281 743 2308 ἀπὸ
767 2283 882 2318 σταυροῦ
905 2280 977 2308 ἀνοί-

135 2338 235 2367 γιται·
250 2326 296 2355 διὸ.
313 2329 394 2354 τοῦτο
423 2325 452 2354 δὲ
474 2326 518 2353 καὶ
543 2325 601 2364 ὥρᾳ
626 2325 688 2362 ἕκτῃ
712 2326 725 2352 6
751 2325 866 2363 Χριστὸς
896 2335 973 2352 σταυ-

1033 2329 1062 2354 ut
1076 2326 1239 2354 libertatem
1256 2327 1340 2354 nobis
1356 2328 1444 2354 donet

135 2376 254 2410 ροῦται,
270 2370 364 2406 ἐπειδὴ
380 2371 411 2398 τὸ
427 2370 543 2398 δειλινὸν
564 2371 578 2398 6
603 2369 693 2406 Ἀδὰμ
708 2369 850 2408 ἐξωρισθη.
877 2368 972 2405 Χολῆς

132 2418 264 2455 γεύεται,
287 2416 333 2443 ἳνα
354 2416 404 2450 τὴν
430 2415 586 2453 γλυκύτητα
606 2416 655 2449 τῆς
680 2417 778 2451 πικρᾶς
802 2413 901 2449 ἡδονῆς
924 2416 972 2442 τοῦ

131 2460 235 2498 Ἀδὰμ
259 2461 379 2495 lim-mw
405 2459 554 2497 ῥαπίζεται,
577 2458 622 2486 ’ἱνα
644 2458 705 2495 ἐμοὶ
737 2459 786 2492 τὴν
819 2457 970 2496 ἐλευθερίαν

132 2505 308 2545 χαρίσηται·
335 2504 493 2541 ἑμπτύεται,
515 2502 561 2531 τ(να
584 2504 614 2530 τὸ
653 2502 801 2542 ἐμφύσημα
823 2505 872 2530 τοῦ
896 2502 971 2540 ἁγίου

130 2550 303 2586 Uva-311.110:
341 2550 409 2585 ἡμῖν
447 2547 606 2586 χαρίσηταν
637 2546 845 2586 φραγγελοῦται,
868 2545 913 2574 ’ἶνα
940 2547 970 2574 τὸ

129 2597 182 2625 in"?
201 2597 254 2623 τοῦ
269 2595 357 2622 νώτου
374 2595 453 2630 ἡμῶν
470 2603 580 2632 φορτιον
597 2595 649 2620 τῶν
666 2593 806 2629 ἁμαρτιῶν
822 2592 969 2629 σκορπίσῃο

126 2641 294 2680 γυμνοῦται
310 2638 336 2666 ἐν
355 2637 440 2674 ξύλῳ,
465 2636 511 2664 ’ἶνα
534 2638 583 2672 τήν
604 2637 673 2674 ἐμὴν
687 2636 821 2674 αἰσχύνην
837 2637 968 2674 σκεπάσῃ·

126 2686 317 2718 Θανατοῦται,
356 2683 398 2710 ’ἱνα
429 2681 480 2718 ἐμὲ
507 2682 672 2718 ζωοποιήσῃ·
703 2681 900 2719 κατακρίνεται,
924 2680 970 2708 ’ίνα

168 2768 197 2786 ιι
215 2766 295 2795 Paul.
311 2773 405 2799 xxxw,
421 2765 465 2799 ιι,
482 2765 525 2792 12.
582 2764 604 2782 ³ο
621 2764 676 2792 lsa.
692 2754 717 2798 ιζ,
734 2764 761 2790 6.

126 2814 173 2839 ιι,
192 2804 228 2831 6.
286 2802 309 2820 “
322 2801 403 2830 Cant.
419 2808 462 2835 xu,
478 2800 521 2828 11.

171 2872 244 2916 (77)
260 2878 326 2914 Reg.
342 2877 370 2913 3,
385 2879 434 2912 τῆς
447 2875 582 2915 πράσεως.
599 2875 687 2911 Editi,
703 2871 870 2914 προδόσεως.

817 2763 839 2781 ⁸⁷
856 2763 931 2800 Psal,
944 2772 1051 2799 xxxvn,
1071 2765 1110 2792 ιι.

1037 332 1093 360 que
1109 326 1152 351 est
1167 324 1274 352 Christi
1290 325 1491 361 beneﬁcentia,
1508 325 1603 361 primo
1618 326 1751 362 ipsorum
1766 335 1858 363 popu-

1036 368 1098 396 lum
1114 377 1148 396 ex
1163 371 1284 405 Egypto
1300 370 1482 404 discessisse,
1495 373 1656 406 ceteraque
1668 379 1757 406 quam
1770 371 1859 408 pluri-

1037 421 1085 441 ma
1109 413 1138 441 in
1164 414 1229 441 illos
1252 414 1328 441 bona
1343 422 1409 442 eum
1425 415 1585 443 contulisse
1602 424 1608 442 ί
1626 423 1725 443 eorum
1743 424 1859 452 quoque

1036 458 1152 486 sanavit
1165 458 1308 486 inﬁrmos.
1324 461 1363 486 De
1380 459 1415 486 iis
1440 462 1538 486 autem
1555 460 1604 495 qui
1631 460 1816 496 ﬂagellarunt
1830 464 1860 489 et

1036 505 1243 538 percusserunt
1257 503 1417 536 Christum,
1435 503 1476 530 sic
1491 511 1526 531 ex
1550 504 1655 531 Christi
1680 513 1805 540 persona
1820 505 1859 533 lo-

1036 547 1136 582 quitur
1149 547 1239 574 Isaias
1256 555 1262 574 :
1280 558 1294 571 «
1313 549 1437 575 Dorsum
1459 556 1558 575 meum
1585 549 1651 576 dedi
1678 550 1713 577 ad
1731 549 1857 585 ﬂagella,

1035 593 1064 618 et
1078 599 1168 626 genas
1184 599 1264 618 meas
1277 591 1313 618 ad
1329 591 1429 627 alapas
1443 604 1450 620 :
1462 592 1566 620 faciem
1578 596 1675 620 autem
1692 602 1787 621 meam
1800 603 1856 622 non

1034 635 1125 662 averti
1141 635 1177 663 ab
1194 635 1355 671 ignominia
1371 639 1526 672 sputorum
1542 637 1574 664 ³⁸.
1593 649 1606 661 ››
1622 638 1761 665 Similiter
1787 638 1855 666 item

1035 680 1122 707 David
1139 680 1281 716 propheta
1295 689 1328 707 ex
1343 680 1448 708 Christi
1464 689 1589 717 persona
1613 682 1640 709 in
1667 682 1780 717 psalmo
1803 683 1856 710 tri-

1034 724 1142 752 cesimo
1156 725 1280 759 septimo
1296 725 1336 752 ait
1353 733 1359 752 :
1377 735 1391 749 ‹‹
1407 726 1550 758 Quoniam
1566 734 1618 762 ego
1636 727 1664 754 in
1682 727 1794 763 ﬂagella
1809 735 1857 763 pa-

1033 771 1115 796 ratus
1130 777 1206 804 sum,
1223 771 1251 796 et
1266 769 1349 797 dolor
1364 777 1448 797 meus
1464 770 1491 797 in
1518 773 1674 807 conspectu
1697 780 1760 799 meo
1777 781 1855 800 sem~

1033 821 1085 849 per
1101 813 1132 840 ³⁷.
1151 825 1164 837 ν
1182 814 1246 841 Hinc
1274 822 1389 850 quoque
1405 815 1440 842 de
1464 814 1572 843 Christi
1596 816 1763 844 venditione
1788 816 1858 844 dicit

1032 857 1174 885 Jeremias
1190 867 1197 892 ;
1216 869 1230 883 «
1246 858 1279 885 Et
1294 861 1468 895 acceperunt
1481 859 1601 895 triginta
1616 864 1777 896 argenteos,
1795 870 1858 897 pre-

1032 902 1105 930 tium
1122 902 1379 939 appretiati,quem
1396 904 1633 940 appretiaverunt
1644 914 1660 933 a
1677 905 1744 934 ﬁliis
1755 906 1854 940 Israel,

1032 949 1061 975 et
1075 948 1219 976 dederunt
1241 956 1290 976 eos
1304 948 1334 976 in
1358 957 1461 985 agrum
1489 949 1580 986 ﬁguli,
1607 950 1682 978 sicut
1704 952 1855 979 constituit

1033 991 1106 1019 mihi
1120 992 1262 1020 Dominus
1272 993 1305 1020 ³⁸.
1317 1004 1330 1018 ››
1348 995 1391 1020 An
1415 993 1493 1021 istud
1518 994 1674 1030 depravare
1690 996 1821 1030 potestis,
1838 1006 1853 1025 ο

1032 1036 1217 1072 Judmi,quod
1233 1040 1300 1065 ante
1311 1037 1410 1065 oculos
1423 1038 1513 1066 totius
1525 1040 1628 1067 mundi
1640 1048 1672 1067 ex
1688 1040 1736 1068 illo
1753 1041 1788 1068 ad
1801 1041 1855 1070 hoc

1033 1089 1128 1117 usque
1143 1083 1259 1116 tempus
1274 1082 1439 1117 expositum
1457 1082 1523 1111 est?
1539 1083 1654 1119 Loquor
1670 1085 1807 1113 nimirum
1821 1087 1855 1113 de

1034 1134 1103 1162 agro
1113 1125 1193 1161 ﬁguli
1204 1126 1240 1153 ad
1257 1126 1438 1162 sepulturam
1450 1128 1669 1164 peregrinorum
1684 1131 1855 1166 comparati.

1034 1170 1140 1198 Eodem
1157 1170 1244 1198 modo
1255 1170 1409 1198 Zacharias
1419 1172 1606 1208 prophetade
1617 1173 1738 1210 triginta
1753 1184 1856 1212 argen-

1033 1214 1089 1243 teis
1104 1215 1281 1243 mentionem
1294 1215 1459 1251 facit,velut
1469 1224 1503 1244 ex
1518 1225 1642 1253 persona
1658 1219 1763 1246 Christi
1778 1229 1784 1247 :
1799 1232 1811 1245 ‹‹
1826 1221 1859 1248 Et

1034 1260 1407 1295 appenderuntmercedem
1415 1269 1508 1288 meam
1518 1261 1639 1298 triginta
1652 1265 1796 1299 argenteis
1808 1265 1859 1292 ³³.»

1034 1304 1114 1336 Quod
1125 1304 1193 1332 item
1204 1304 1307 1332 salutis
1318 1307 1422 1333 nostra;
1430 1305 1780 1342 principium.preti0sum
1794 1309 1858 1336 vide

1033 1348 1102 1376 licet
1118 1349 1294 1383 crucem,sui
1306 1349 1369 1386 ipse
1384 1349 1622 1378 humeristulerit
1637 1352 1814 1380 Christusin
1827 1361 1859 1380 ea

1034 1393 1282 1428 exaltatus,Isaias
1289 1394 1431 1430 propheta
1437 1402 1471 1422 ex
1478 1394 1585 1430 Spiritu
1596 1398 1695 1423 sancto
1708 1396 1754 1423 his
1761 1397 1859 1425 verbis

1034 1438 1231 1474 prophetavit:
1249 1448 1261 1463 ιι
1278 1438 1353 1466 Puer
1364 1441 1452 1466 natus
1463 1441 1507 1466 est
1523 1440 1699 1472 nobis,lilius
1717 1444 1802 1468 natus
1814 1444 1859 1469 est

1035 1482 1129 1515 nobis,
1145 1482 1231 1518 cujus
1246 1482 1430 1518 principatus
1443 1491 1532 1519 super
1544 1483 1699 1512 humerum
1715 1485 1779 1521 ejus
1797 1486 1827 1518 ‘°,
1844 1497 1856 1509 υ

1034 1526 1144 1555 scilicet
1155 1535 1225 1554 crux
1240 1526 1363 1555 viviﬁca.
1381 1529 1417 1555 De
1441 1527 1543 1563 spinea
1559 1537 1623 1556 vero
1650 1538 1758 1557 corona
1782 1530 1857 1558 scri-

1033 1573 1115 1608 ptum
1132 1573 1176 1599 est
1189 1571 1217 1598 in
1234 1571 1361 1600 Canticis
1385 1573 1564 1600 canticorum
1583 1582 1588 1599 :
1607 1585 1620 1597 ‹‹
1638 1573 1714 1601 Filize
1739 1574 1858 1602 Jerusa-

1033 1615 1102 1649 lem,
1118 1616 1291 1652 egredimini
1308 1618 1336 1644 et
1350 1616 1444 1644 videte
1460 1625 1609 1651 coronam,
1638 1626 1694 1653 qua
1709 1620 1859 1646 coronavit

367 1652 514 1697 θυγατέρες
542 1658 733 1696 Ἰερουσαλὴμ,
771 1657 901 1693 ἐξὲλθετε,
930 1657 975 1684 καὶ

1033 1668 1100 1688 eum
1119 1662 1283 1695 matersua,
1294 1672 1307 1684 η
1323 1669 1429 1697 nempe
1443 1661 1611 1689 Judmorum
1619 1652 1771 1698 Svnagoga
1782 1663 1859 1699 (ipsa

1036 1705 1113 1733 enim
1127 1707 1221 1732 mater
1232 1704 1341 1733 Christi
1358 1706 1520 1733 secundum
1535 1714 1651 1734 carnem
1661 1707 1857 1743 intelligitur),

1037 1760 1050 1775 ι(
1066 1749 1094 1777 in
1111 1749 1156 1777 die
1172 1750 1410 1785 desponsationis
1423 1750 1530 1786 ejus,et
1545 1751 1575 1778 in
1591 1752 1637 1779 die
1653 1752 1858 1781 exsultationis

1035 1794 1131 1822 cordis
1147 1793 1236 1822 illius.
1258 1805 1272 1820 »
1290 1794 1476 1823 Manifestum
1502 1797 1600 1824 autem
1625 1799 1669 1823 est
1686 1797 1774 1829 diem,
1799 1806 1858 1831 qua

1035 1847 1141 1875 passus
1156 1841 1201 1866 est
1215 1839 1360 1874 Christus,
1377 1839 1455 1867 diem
1472 1840 1536 1875 ejus
1548 1840 1752 1869 exsultationis
1767 1841 1858 1869 fuisse

1034 1886 1152 1919 propter
1167 1883 1289 1911 salutem
1310 1886 1452 1912 nostram.
1479 1885 1575 1912 Instar
1601 1885 1677 1912 enim
1703 1885 1856 1921 spinarum

1035 1928 1115 1956 fuere
1130 1928 1234 1956 mundi
1249 1930 1377 1964 peccata,
1402 1937 1464 1962 quis
1480 1936 1533 1956 suo
1558 1929 1681 1956 adventu
1711 1930 1854 1965 Chiistus,

1033 1973 1134 2008 Agnus
1151 1973 1209 2005 Dei,
1236 1975 1387 2008 peccatum
1415 1972 1517 2000 mundi
1542 1973 1658 2008 tollens,
1684 1974 1798 2002 delevit.
1817 1976 1856 2003 Ac

1035 2017 1283 2049 quemadmodum
1301 2025 1352 2052 per
1367 2017 1493 2044 fructum
1516 2016 1598 2053 ligni,
1624 2020 1796 2053 peccatum;
1814 2019 1856 2046 sio

1034 2068 1086 2096 per
1100 2059 1214 2096 lignum
1229 2061 1336 2094 crucis,
1353 2060 1531 2089 salus.Unde
1546 2061 1576 2088 in
1592 2061 1676 2089 horto
1694 2071 1800 2097 passus
1812 2065 1857 2091 est

1033 2104 1178 2139 Christus,
1193 2104 1262 2140 quia
1277 2105 1306 2131 in
1323 2104 1459 2140 paradiso
1475 2105 1567 2134 Adam
1589 2109 1766 2141 peccaverat.
1784 2107 1857 2135 Hinc

1033 2151 1062 2176 et
1076 2148 1180 2176 latroni
1197 2148 1353 2184 paradisus
1376 2157 1392 2177 a
1412 2157 1497 2177 cruce
1524 2151 1654 2186 aperitur
1671 2160 1676 2178 :
1694 2151 1762 2178 hinc
1777 2154 1859 2180 sexta

1033 2193 1105 2221 hora
1119 2193 1275 2221 cruciﬁxus
1290 2193 1422 2222 Christus
1435 2194 1562 2230 est,quia
1573 2195 1856 2230 pomeridianotem-

1032 2246 1100 2274 pore
1114 2238 1206 2265 Adam
1222 2238 1362 2273 expulsus
1378 2241 1432 2266 est.
1450 2238 1496 2266 Fel
1509 2241 1655 2275 gustat,ut
1669 2240 1854 2268 dulcedinem

1031 2291 1135 2310 amarae
1151 2282 1309 2318 voluptatis
1326 2283 1429 2310 Adami
1444 2286 1529 2311 sanet
1544 2291 1551 2311 ε
1568 2283 1662 2319 alapis
1680 2285 1854 2320 percutitur,

1470 2336 1476 2355 :
1501 2329 1684 2364 conspuitur,
1711 2332 1743 2356 ut
1758 2330 1852 2357 sancti

1028 2371 1153 2407 Spiritus
1168 2371 1300 2399 afﬂatum
1325 2371 1410 2399 nobis
1435 2372 1584 2408 impnrtiat
1604 2382 1609 2399 :
1627 2372 1802 2409 ﬂagellatur,
1820 2377 1852 2402 ut

1029 2418 1158 2443 nostram
1174 2419 1362 2452 peccatorum
1378 2416 1525 2444 sarcinam
1542 2417 1628 2444 dorso
1644 2426 1697 2445 suo
1713 2418 1848 2446 ventilet:

1028 2459 1057 2487 in
1074 2459 1152 2496 ligno
1169 2461 1309 2494 nudatur,
1326 2463 1359 2488 ut
1374 2469 1467 2488 meam
1484 2461 1595 2497 operiat
1621 2461 1823 2498 ignomimiam
1842 2472 1848 2491 :

1027 2505 1162 2533 moritur.
1179 2508 1212 2533 ut
1226 2513 1273 2533 me
1297 2505 1420 2533 viviﬁcet
1445 2513 1451 2533 :
1478 2506 1700 2540 condemnatur,
1726 2510 1758 2535 ut
1774 2516 1820 2535 me
1836 2517 1853 2536 a

1027 2549 1231 2578 maledictionc
1247 2549 1350 2578 liberet
1366 2559 1372 2577 :
1390 2552 1476 2586 caput
1491 2551 1555 2586 ejus
1570 2552 1713 2579 arundine
1729 2553 1854 2588 percuti-

1027 2597 1085 2628 tur,
1102 2597 1134 2622 ut
1150 2594 1295 2630 serpentis
1310 2596 1398 2630 caput
1414 2596 1545 2622 conterat
1561 2603 1567 2622 :
1587 2595 1685 2623 lancea
1710 2597 1855 2634 pungitur

1027 2638 1103 2666 latus
1114 2639 1189 2674 ejus,
1206 2642 1237 2666 ut
1248 2647 1284 2667 ex
1297 2639 1403 2667 Adami
1429 2638 1519 2667 latere
1545 2642 1672 2667 creatam
1700 2641 1853 2670 mulierem

1026 2685 1120 2718 sanet,
1136 2684 1362 2719 ﬂammeamque
1377 2683 1589 2720 rhomphaaam,
1610 2693 1673 2720 qua:
1698 2685 1854 2717 adversum

1168 2765 1189 2782 ³⁸
1204 2765 1311 2793 Jerem.
1328 2772 1416 2800 xxxu,
1432 2766 1468 2800 9;
1483 2765 1705 2800 Matth.xxvn,9.
1762 2766 1785 2783 ³⁹
1796 2767 1852 2794 lsa.
