4072 6210
294 326 412 384 695

1468 322 1529 383 s.
1577 320 2099 382 A'l‘HANASlUS.
2130 353 2209 365 —
2239 278 2551 383 spinam.

3602 320 3724 380 696

299 477 406 515 nos
457 460 737 525 vibratur,
788 457 1079 524 inhibeat,
1147 474 1213 511 ac
1264 458 1432 512 nobis
1485 458 1636 511 viam
1690 455 1949 528 paradisi

2074 450 2161 524 ἐμὲ
2190 461 2291 523 τῆς
2321 455 2554 526 κατάρας
2593 453 2871 528 ἀπολύσῃ·
2904 452 3140 526 καλάμῳ
3186 454 3284 522 τὴν
3332 452 3575 531 κεφαλὴν
3625 452 3723 507 τύ-

299 547 541 620 aperiat.

2054 562 2266 611 πτιται,
2311 541 2401 597 ’ίνα
2447 544 2548 612 τὴν
2599 547 2695 597 τοῦ
2746 539 2921 621 ὄφεως
2973 542 3216 620 κεφαλὴν
3265 543 3553 617 συντρίψῃσ
3589 541 3725 616 λόγ-

305 655 381 709 χῃ
413 636 512 702 τὴν
543 632 779 707 πλευρὰν
809 631 1046 686 νύττεται
1080 635 1190 704 (78)
1216 630 1307 686 ’ίνα
1336 634 1432 701 τήν
1466 633 1523 687 ἐκ
1551 639 1649 702 τῆς
1680 631 1917 702 πλευρᾶς
1947 634 2042 684 τοῦ
2073 628 2250 703 Ἀδὰμ
2278 638 2580 695 κτισθεῖσαν
2625 630 2945 706 Θεραπεῦσῃ,
2976 632 3065 685 καὶ
3112 632 3210 699 τὴν
3264 628 3527 708 φλογίνην
3577 630 3720 707 ῥομ-

306 724 463 801 φαίαν
498 724 594 789 τήν
627 724 743 775 καθ’
769 723 928 794 ἡμῶν
962 723 1327 797 στρεφομένην
1362 723 1565 796 παύσῃ,
1596 721 1683 776 καὶ
1714 723 1813 789 τήν
1847 718 1971 774 ὁδὸν
2004 721 2139 792 ἡμῖν
2173 724 2269 774 τοῦ
2301 718 2625 795 παραδείσου
2652 720 2853 794 ἀνοίξῃ.

379 818 464 871 10.
498 816 629 871 Jam
663 816 816 885 quod
852 814 909 868 in
946 816 1138 870 medio
1189 820 1355 869 terra:
1400 815 1672 869 Christus
1721 814 1953 869 crucifi-

303 906 532 975 gendus
563 910 737 968 esset,
772 904 832 957 in
868 906 1092 974 psalmo
1127 904 1555 975 septuagesimo
1607 904 1777 957 tertio
1811 900 1953 956 scri-

304 999 471 1066 ptum
505 998 611 1057 est,
643 1016 669 1041 ‹‹
708 993 862 1048 Deus
893 1010 989 1048 rex
1022 997 1221 1047 uoster
1250 998 1384 1048 ante
1415 992 1632 1047 saecula
1682 996 1956 1063 operatus

305 1088 395 1139 est
446 1082 691 1137 salutem
742 1082 799 1135 in
834 1082 1025 1135 medio
1078 1088 1241 1136 terrae
1270 1084 1337 1136 ‘1.
1374 1103 1400 1131 ››
1437 1082 1597 1147 Quod
1651 1081 1788 1135 item
1822 1094 1955 1134 cum

306 1174 633 1228 latronibus
668 1175 819 1225 esset
852 1170 1118 1226 Christus
1148 1170 1601 1242 crucifigendus,
1636 1169 1816 1224 lsaias
1841 1168 1955 1223 ait:

311 1286 331 1309 α
373 1262 438 1314 Et
469 1277 599 1314 cum
636 1259 853 1329 iniquis
888 1263 1190 1330 reputatus
1222 1265 1310 1314 cst
1338 1261 1405 1313 ‘2.
1427 1282 1453 1309 ››
1491 1264 1567 1314 De
1596 1259 1775 1314 clavis
1807 1273 1956 1328 quo-

309 1366 421 1419 que
460 1353 516 1402 et
566 1348 877 1418 partitione
926 1348 1409 1403 vestimentorum
1477 1349 1605 1418 ejus
1656 1347 1737 1401 sic
1787 1346 1963 1400 habet

309 1437 573 1510 psalmus
606 1437 920 1492 vicesimus
952 1436 1178 1508 primus
1210 1454 1222 1491 :
1259 1460 1287 1486 ‹‹
1322 1437 1615 1492 Foderunt
1648 1436 1801 1492 εδει
1836 1451 1958 1489 ma-

310 1543 421 1581 nus
457 1542 584 1579 mea
648 1530 702 1579 et
736 1526 911 1596 pedes
954 1543 1136 1593 meos,
1192 1526 1711 1581 dinumeraverunt
1764 1523 1964 1579 omnia

312 1632 447 1671 ossa
478 1631 607 1669 mea
641 1630 653 1669 :
721 1614 1047 1669 diviserunt
1077 1615 1188 1669 sibi
1219 1615 1566 1670 vestimenta
1600 1631 1748 1680 mea,
1781 1617 1838 1669 et
1863 1629 1961 1667 su-

314 1722 417 1777 per
443 1708 658 1759 vestem
696 1720 885 1759 meam
937 1704 1227 1759 miserunt
1275 1708 1490 1758 sortem
1522 1704 1585 1756 ‘3.
1625 1725 1651 1752 »
1680 1702 1962 1758 Similiter

312 1810 444 1847 vero
476 1798 533 1847 et
562 1791 870 1846 Zacharias
911 1794 1192 1863 propheta
1236 1793 1307 1847 de
1337 1791 1513 1847 clavis
1546 1793 1629 1847 sic
1664 1792 1748 1847 ait
1781 1809 1793 1846 :
1832 1814 1855 1839 «
1893 1791 1961 1845 Et

313 1884 509 1937 dicent
537 1881 779 1944 eizQuid
804 1880 988 1951 plagae
1018 1882 1143 1935 istae
1180 1881 1237 1935 in
1274 1882 1465 1936 medio
1511 1896 1793 1936 manuum
1828 1886 1957 1934 tua-

313 1970 493 2025 rum?
526 1970 592 2023 Et
636 1970 787 2024 dicet
821 1985 832 2024 :
868 1969 983 2024 Has
1036 1970 1228 2040 accepi
1281 1970 1341 2025 in
1392 1972 1563 2025 domo
1614 1970 1955 2025 dilectorum

311 2076 576 2114 meorum
609 2059 671 2110 Ην.
710 2081 735 2106 ››
775 2059 855 2113 [ta
886 2074 1119 2129 quoque
1150 2060 1219 2113 de
1241 2061 1495 2115 tenebris
1519 2058 1781 2130 loquitur
1802 2059 1957 2112 idem

308 2148 617 2203 Zacharias
650 2147 931 2218 propheta
964 2165 977 2202 :
1016 2171 1041 2195 ‹‹
1078 2149 1144 2202 Et
1173 2148 1283 2202 erit
1314 2148 1373 2202 in
1407 2148 1501 2203 die
1534 2148 1655 2212 illa,
1702 2164 1817 2202 non
1850 2146 1960 2202 erit

308 2237 428 2305 lux,
461 2241 515 2291 et
548 2236 733 2307 frigus
765 2240 824 2291 et
852 2236 981 2307 gelu
1017 2237 1127 2291 erit
1159 2254 1270 2291 una
1298 2236 1508 2303 dies,et
1538 2236 1663 2292 dies
1695 2235 1793 2291 illa
1822 2240 1959 2291 nota

310 2325 557 2381 Domino
593 2342 605 2379 :
640 2329 695 2378 et
728 2341 841 2378 non
875 2324 1000 2380 dies
1026 2330 1082 2379 et
1112 2341 1226 2380 non
1263 2342 1392 2390 nox,
1436 2330 1492 2379 et
1536 2326 1604 2380 ad
1659 2340 1955 2394 vesperam

309 2414 419 2470 erit
448 2415 544 2468 lux
576 2416 639 2466 ‘5.
680 2436 705 2461 ››
740 2416 907 2468 Amos
942 2415 1159 2484 pariter
1207 2414 1491 2486 prOpheta
1537 2415 1618 2469 ait
1651 2433 1663 2469 :
1701 2436 1727 2461 ‹‹
1756 2415 1823 2469 Et
1852 2413 1963 2467 erit

310 2504 370 2557 in
406 2503 497 2556 die
530 2502 647 2566 illa,
687 2502 827 2556 dicit
868 2502 1165 2567 Dominus,
1200 2508 1257 2557 et
1287 2503 1510 2557 occidet
1558 2503 1643 2558 sol
1696 2504 1754 2557 in
1791 2504 1960 2557 meri-

317 2592 432 2655 die,
485 2596 541 2644 et
590 2590 687 2643 lux
748 2606 849 2661 per
902 2591 1058 2645 diem
1107 2592 1164 2645 in
1218 2595 1374 2646 terra
1417 2592 1783 2647 tenebrescet
1831 2592 1894 2646 ‘6.
1934 2616 1953 2643 η

322 2680 452 2735 Haec
501 2680 639 2733 item
691 2685 830 2734 sunt
870 2679 1052 2734 Joelis
1104 2680 1399 2751 prophetas
1450 2682 1623 2736 verba
1659 2698 1671 2735 :
1707 2680 1858 2735 «Sol
1909 2685 1966 2733 et

322 2769 463 2823 luna
495 2769 992 2833 obscurabuntur,
1025 2774 1081 2823 et
1129 2769 1307 2823 stellas
1357 2769 1656 2824 retrahent
1699 2769 1968 2840 splendo-

325 2874 447 2912 rem
481 2874 655 2911 suum
691 2874 702 2911 :
743 2858 1021 2912 Dominus
1053 2863 1250 2912 autem
1274 2875 1341 2913 ex
1373 2859 1509 2913 Sion
1534 2859 1964 2923 vociferahilur,

325 2952 382 3001 et
412 2963 479 3001 ex
508 2946 831 3001 Jerusalem
868 2947 1249 3001 dabitvocem
1285 2952 1541 3012 suam,et
1572 2947 1967 3003 commovebi—

2140 814 2223 866 10.
2257 814 2374 864 Ὅτι
2427 809 2484 865 δὲ
2533 810 2583 865 ἐν
2648 811 2797 883 μὲσῳ
2838 812 2938 879 τῆς
2987 812 3089 885 γῆς
3145 809 3378 883 ἔμελλεν
3425 811 3453 865 6
3485 811 3723 885 Χριστὸς

2066 903 2442 975 σταυροῦσθαι,
2498 899 2549 955 ἐν
2603 901 2676 976 ογ¹
2724 897 2932 973 ψαλμῷ
2991 900 3316 975 γέγραπται.
3356 924 3384 951 ‹‹
3419 901 3475 954 Ὀ
3510 898 3569 954 δὲ
3600 900 3731 961 Θεὸς

2071 987 2325 1064 βασιλεὺς
2373 990 2533 1061 ἡμῶν
2583 990 2689 1065 πρὸ
2737 989 2952 1043 αἰώνων
3006 988 3293 1063 εἰργάσατο
3349 988 3626 1063 σωτηρίαν
3673 989 3727 1044 ἐν

2072 1076 2221 1149 μέσῳ
2249 1084 2347 1147 τῆς
2376 1085 2496 1152 γῆς.
2536 1102 2562 1128 ››
2598 1078 2693 1132 Καὶ
2730 1076 2811 1131 ὅτι
2848 1078 2980 1149 μετὰ
3013 1076 3222 1151 λῃστῶν
3259 1076 3488 1149 ἔμελλεν
3526 1077 3553 1131 ὁ
3586 1079 3732 1153 Χρι-

2070 1167 2193 1228 στὸς
2244 1172 2626 1242 σταυροῦσθαι,
2675 1165 2896 1228 Ἡσαΐας
2954 1166 3104 1244 φησί·
3159 1191 3188 1218 ‹‹
3257 1166 3359 1223 Καὶ
3414 1167 3549 1239 μετά
3595 1168 3738 1222 ἀνό-

2074 1277 2189 1328 μων
2223 1254 2505 1329 ἐλογίσθη.
2545 1280 2565 1306 ιι
2598 1255 2731 1331 Περὶ
2765 1254 2821 1310 δὲ
2850 1261 2957 1310 τῶν
2991 1254 3140 1324 ἦλων
3190 1257 3280 1311 καὶ
3328 1261 3426 1311 τοῦ
3476 1254 3728 1330 διαμερι-

2070 1342 2210 1417 σμοῦ
2267 1350 2375 1399 τῶν
2422 1344 2657 1417 ἱματίων
2709 1344 2895 1412 αὐτοῦ,
2950 1343 3170 1418 ψαλμὸς
3221 1347 3300 1399 κα¹
3365 1344 3507 1399 οὕτω
3557 1343 3731 1420 λέγει·

2072 1457 2101 1485 ‹‹
2153 1434 2378 1507 Ὠρυξαν
2430 1432 2621 1508 χεῖράς
2673 1454 2778 1505 μου
2826 1434 2915 1487 καὶ
2960 1431 3129 1495 πόδας
3182 1454 3309 1506 μου,
3357 1432 3731 1507 ἐξηρίθμησαν

2072 1521 2246 1576 πάντα
2301 1523 2367 1576 τὰ
2430 1522 2559 1576 ὀστᾶ
2612 1540 2736 1595 μου³
2808 1520 3182 1597 διεμερίσαντο
3242 1523 3307 1577 τὰ
3369 1523 3559 1595 ἱμάτιά
3621 1545 3730 1595 μου

2072 1612 2306 1680 ἑαυτοῖς,
2338 1611 2427 1665 καὶ
2462 1610 2547 1665 ἐπὶ
2578 1613 2667 1665 τὸν
2702 1612 2997 1685 ἱματισμόν
3038 1633 3143 1685 μου
3174 1606 3372 1667 ἔϐαλον
3427 1609 3655 1687 κλῆρον.
3700 1639 3727 1659 »ι

2071 1700 2314 1771 Ὁμοίως
2349 1700 2405 1754 δὲ
2433 1701 2522 1755 καὶ
2555 1701 2823 1775 Ζαχαρίας
2855 1702 2882 1755 6
2913 1702 3206 1778 προφήτης
3240 1700 3362 1776 περὶ
3411 1705 3518 1756 τῶι
3564 1700 3723 1769 ἥλων

2069 1789 2243 1851 οὕτως
2294 1786 2417 1866 ἔφη·
2472 1815 2498 1840 ‹‹
2550 1792 2649 1844 Καὶ
2698 1789 2877 1862 ἐροῦσι
2928 1790 3066 1864 πρὸς
3116 1789 3296 1845 αὐτόν·
3329 1790 3390 1844 Τί
3420 1792 3473 1844 αἱ
3504 1789 3721 1866 πληγαὶ

2068 1879 2223 1933 αὗται
2272 1880 2326 1932 al
2374 1878 2471 1933 ἄνά
2526 1880 2685 1952 μέσον
2734 1884 2839 1933 τῶν
2894 1884 3095 1955 χειρῶν
3148 1900 3284 1949 σου;
3320 1879 3416 1934 Καὶ
3450 1879 3578 1954 ἐρεῖο
3612 1882 3718 1939 "Ac

2069 1966 2319 2042 ἐπλήγην
2370 1968 2421 2022 ἐν
2462 1972 2540 2037 τῷ
2588 1966 2723 2039 οἷ’κῳ
2772 1972 2878 2022 τῶν
2925 1968 3213 2042 ἀγαπητῶν
3266 1989 3391 2041 μου.
3430 1992 3458 2019 »
3489 1967 3619 2043 Περί
3652 1965 3713 2022 δὲ

2065 2060 2163 2111 τοῦ
2240 2060 2549 2127 σκοτασμοῦ
2610 2057 2637 2109 6
2706 2058 2995 2133 προφήτης
3068 2056 3341 2133 Ζαχαρίας
3415 2056 3561 2131 λέγει
3616 2056 3710 2111 οῦ-

2065 2165 2164 2199 τω·
2219 2168 2247 2196 ι(
2294 2145 2390 2199 Καὶ
2438 2143 2585 2199 ἔσται
2634 2144 2684 2199 ἐν
2738 2144 2911 2219 ἐκείνῃ
2940 2149 3007 2219 τῇ
3040 2144 3241 2221 ἡμέρᾳ,
3273 2146 3371 2200 οὐκ
3396 2144 3544 2200 ἔσται
3575 2150 3712 2221 φῶς·

2067 2233 2155 2288 καὶ
2212 2236 2389 2308 ψῦχος
2445 2233 2534 2287 καὶ
2593 2233 2760 2309 πάγος
2808 2230 2955 2288 ἔσται
3007 2234 3101 2307 μία
3148 2234 3350 2309 ἡμέρα,
3400 2233 3486 2288 καὶ
3532 2234 3717 2308 ἡμέρα

2070 2320 2243 2391 ἐκείνη
2277 2322 2492 2395 γνωστὴ
2540 2326 2619 2392 τῷ
2666 2321 2870 2397 Κυρίῳ·
2904 2322 2993 2375 καὶ
3027 2321 3134 2398 οὐχ
3164 2321 3347 2396 ἡμέρα
3383 2322 3473 2377 καὶ
3507 2321 3567 2377 οὗ
3601 2321 3717 2393 νὺξ,

2068 2411 2157 2464 καὶ
2189 2410 2324 2484 πρὸς
2359 2408 2581 2484 ἑσπέραν
2615 2407 2761 2465 ἔσται
2795 2415 2927 2487 φῶς.
2966 2435 2993 2463 »ι
3034 2411 3273 2484 Ὁμοίως
3307 2409 3363 2466 δὲ
3391 2411 3479 2465 καὶ
3530 2412 3723 2483 ’Δμὼς

2071 2500 2098 2554 6
2130 2501 2418 2574 προφήτης
2471 2498 2604 2553 εἶπε·
2660 2522 2687 2549 ‹‹
2740 2499 2837 2553 Καὶ
2890 2498 3036 2554 ἔσται
3088 2499 3138 2554 ἐν
3170 2499 3343 2574 ἐκείνῃ
3391 2504 3459 2573 τῇ
3514 2499 3720 2575 ἡμέρᾳ,

2073 2585 2220 2660 λέγει
2252 2587 2469 2661 Κῦριος.
2504 2587 2593 2641 καὶ
2627 2585 2839 2642 δύσεται
2894 2589 2922 2641 6
2972 2587 3133 2656 ἥλιος
3200 2584 3567 2664 μεσημϐρίας,
3631 2588 3723 2643 καὶ

2074 2675 2385 2729 συσκοτάσει
2419 2674 2504 2729 ἐπὶ
2534 2679 2631 2744 τῆς
2664 2683 2767 2749 γῆς
2800 2675 2851 2730 ἐν
2886 2676 3067 2751 ἡμέρᾳ
3096 2677 3158 2731 τὸ
3190 2682 3321 2754 φῶς.
3360 2701 3386 2729 »ι
3420 2678 3521 2735 Καὶ
3553 2675 3723 2746 Ἰωὴλ

2076 2763 2132 2818 δὲ
2163 2766 2191 2818 6
2240 2766 2529 2842 προφήτης
2580 2763 2743 2839 λέγει·
2793 2790 2820 2817 ‹‹
2868 2770 2927 2821 'U
2974 2764 3133 2836 ἥλιος
3164 2766 3252 2819 καὶ
3283 2768 3317 2835 ἡ
3354 2765 3556 2836 σελήνη
3594 2787 3721 2820 σκο-

2072 2853 2292 2908 τάσουσι
2326 2856 2458 2925 (79),
2491 2854 2578 2907 καὶ
2611 2854 2663 2907 οἱ
2694 2853 2915 2929 ἀστάρες
2951 2852 3169 2909 δύσουσι
3200 2856 3263 2909 τὸ
3294 2854 3493 2933 φέγγος
3522 2854 3723 2923 αὐτῶν,

2075 2945 2137 3000 Ὀ
2169 2940 2226 2997 δὲ
2274 2943 2466 3014 Κύριος
2508 2942 2566 2997 ἐκ
2621 2944 2763 2997 Σιὼν
2810 2943 3179 3018 ἀνακράξεται,
3221 2946 3309 2999 καὶ
3361 2944 3413 3016 ἑξ
3456 2946 3728 3019 Ἰερουσα-

322 3040 420 3089 tur
451 3035 659 3089 ccelum
696 3041 753 3090 et
782 3040 937 3091 terra
960 3037 1023 3091 ³⁷.
1059 3058 1086 3085 ››
1121 3036 1282 3099 Quod
1315 3040 1509 3091 autem
1541 3040 1699 3091 aceto
1747 3042 1803 3091 et
1834 3034 1960 3090 felle

2078 3029 2200 3105 λήμ
2248 3029 2408 3086 δώσει
2460 3032 2640 3109 φωνὴν
2694 3030 2879 3099 αὐτοῦ,
2934 3032 3024 3086 καὶ
3066 3035 3401 3103 σεισθήσεται
3433 3036 3460 3088 6
3493 3033 3723 3107 οὐρανὸς

321 3124 616 3192 potandus
650 3125 794 3177 foret
823 3124 1431 3189 Christus,audiamus
1450 3140 1515 3179 ex
1543 3125 1769 3196 psalmo
1793 3141 1961 3180 sexa-

318 3211 540 3281 gesimo
572 3216 769 3265 octavo
806 3229 817 3267 :
856 3234 882 3260 ι(
916 3213 1210 3268 Dederunt
1235 3212 1292 3267 in
1323 3230 1516 3269 escam
1551 3231 1742 3271 meam
1776 3214 1870 3279 fel,
1903 3219 1960 3269 et

316 3300 375 3353 in
410 3299 504 3354 siti
561 3316 690 3353 mea
739 3304 1084 3371 potaverunt
1127 3318 1219 3356 me
1268 3308 1430 3358 aceto
1456 3304 1517 3357 ‘3.
1556 3326 1582 3351 »
1616 3304 1759 3358 Hinc
1815 3303 1961 3374 ipsis

316 3388 675 3457 imprecetur
697 3388 805 3442 hoc
829 3389 997 3443 modo
1032 3405 1043 3442 :
1080 3412 1107 3439 ‹‹
1143 3390 1267 3445 Fiat
1299 3408 1501 3446 mensa
1531 3406 1959 3458 eorum,coram

313 3476 460 3547 ipsis
490 3476 548 3530 in
586 3476 878 3547 laqueum,
910 3481 966 3532 et
1008 3478 1063 3531 in
1118 3478 1551 3543 retributiones,
1585 3484 1642 3535 et
1698 3480 1752 3533 in
1791 3498 1959 3535 scan-

314 3565 534 3620 dalum.
597 3566 1001 3621 Obscurentur
1050 3566 1200 3621 oculi
1247 3583 1445 3623 eorum
1499 3585 1570 3622 ne
1599 3568 1869 3636 videant;
1905 3576 1961 3625 et

318 3655 557 3709 dorsum
590 3671 790 3709 eorum
823 3670 1055 3725 semper
1097 3653 1358 3711 incurva.
1384 3657 1625 3712 Effunde
1657 3675 1832 3729 super
1862 3676 1961 3714 eos

317 3745 461 3798 iram
492 3749 735 3809 tunm,et
770 3746 927 3798 furor
956 3744 1053 3799 iraa
1084 3749 1196 3799 ture
1229 3746 1684 3817 comprehendat
1705 3748 1962 3803 cos.Fiat

318 3832 596 3888 habitatio
628 3850 827 3888 eorum
864 3835 1115 3903 deserta,
1147 3839 1206 3889 et
1234 3834 1290 3889 in
1332 3836 1728 3892 tabernaculis
1760 3853 1959 3892 eorum

316 3940 429 3977 non
464 3923 539 3977 sit
569 3924 663 3991 qui
701 3923 987 3978 inhabitet
1016 3925 1060 3958 ‘9
1094 3940 1105 3979 :
1143 3943 1165 3974 ι
1205 3941 1412 3996 nempe
1453 3926 1507 3979 in
1556 3925 1770 3997 templo
1803 3927 1962 3997 ipso—

319 4029 446 4065 rum
480 4012 984 4083 Jerosolymitano,
1020 4014 1171 4083 quod
1204 4019 1259 4069 et
1291 4015 1521 4069 accidit.
1552 4016 1764 4070 Caetera
1796 4032 1963 4087 porro

321 4117 446 4171 quae
478 4101 535 4153 in
572 4101 797 4170 psalmo
830 4107 1176 4172 sequuntur,
1210 4104 1397 4158 instar
1427 4103 1851 4161 maledictionis
1882 4105 1965 4159 di-

321 4194 431 4253 cta,
465 4187 522 4241 in
555 4188 787 4243 Judaeos
810 4191 1123 4260 quadrent,
1150 4208 1297 4263 quos
1320 4197 1377 4247 et
1400 4193 1627 4265 Moyses
1658 4194 1752 4250 his
1774 4195 1965 4250 verbis

320 4277 649 4346 obiurgavit
683 4294 694 4329 :
734 4300 761 4327 ‹‹
798 4279 863 4332 Et
893 4279 1002 4334 erit
1030 4280 1151 4334 vita
1182 4285 1284 4335 tua
1316 4282 1578 4352 pendens
1602 4287 1734 4338 ante
1766 4284 1965 4339 oculos

317 4372 470 4431 tuos,
521 4370 577 4419 et
626 4365 861 4421 timebis
922 4366 1014 4421 die
1064 4384 1130 4422 ac
1181 4372 1371 4437 nocte,
1442 4385 1546 4424 nec
1590 4372 1790 4427 credes
1835 4373 1964 4427 vitae

321 4459 431 4509 ture
463 4456 525 4508 ⁵ο.
568 4478 585 4501 ιι

394 4545 477 4597 11.
513 4543 587 4597 De
624 4542 824 4598 lancea
873 4562 1004 4599 vero
1038 4544 1116 4599 ita
1163 4544 1424 4617 loquitur
1472 4547 1779 4603 Zacharias
1833 4567 1964 4620 pro-

320 4633 495 4704 pheta
527 4635 693 4704 quasi
729 4650 797 4688 ex
837 4650 1084 4704 persona
1114 4633 1325 4688 Christi
1361 4651 1372 4688 :
1409 4659 1434 4685 α
1468 4636 1535 4691 Et
1574 4637 1861 4708 aspicient
1894 4640 1963 4693 ad

320 4738 412 4777 me
444 4739 612 4792 quem
653 4722 1016 4776 conﬁxerunt
1046 4724 1150 4777 5‘.»
1182 4722 1262 4777 De
1307 4740 1457 4794 aqua
1486 4729 1702 4793 autem,
1738 4743 1865 4797 quas
1898 4744 1966 4782 ex

320 4816 520 4865 sancto
554 4811 681 4879 ejus
719 4812 895 4865 latere
929 4810 1121 4877 exivit,
1156 4810 1236 4865 ait
1267 4811 1548 4882 propheta
1598 4813 1753 4867 idem
1792 4832 1803 4868 :
1839 4837 1867 4865 «
1904 4814 1962 4868 In

319 4898 410 4955 die
441 4898 536 4953 illa
573 4899 751 4953 exibit
783 4916 935 4969 aqua
966 4901 1090 4954 viva
1120 4916 1188 4954 ex
1225 4899 1548 4956 Jerusalem
1583 4902 1645 4955 ⁵³.
1682 4924 1708 4951 ››
1750 4902 1966 4957 Audia-

322 5006 454 5043 mus
487 4994 680 5043 autem
714 4994 769 5043 et
805 4988 1010 5043 lsaiam
1046 4990 1387 5060 prophetam
1422 4989 1490 5045 de
1522 4991 1825 5062 sepultura
1862 4993 1966 5046 Do-

320 5077 462 5131 mini
518 5077 635 5131 haac
690 5077 1002 5143 dicentem,
1051 5078 1363 5133 etJudaaos
1411 5078 1721 5135 iridentem
1756 5097 1768 5135 ε
1805 5103 1830 5132 (ι
1874 5082 1968 5137 Vi-

386 5256 428 5290 “
462 5253 612 5307 Psal.
650 5258 836 5324 Lxxxix,
873 5256 957 5308 12.
1099 5255 1143 5288 "
1176 5255 1283 5309 Isa.
1320 5270 1436 5319 Lm,
1472 5257 1557 5311 12.

313 5325 354 5358 ⁴⁸
387 5329 565 5379 Amos
597 5342 715 5390 vux,
747 5326 799 5380 9.
914 5326 955 5359 ‘7
985 5324 1107 5380 Joel
1139 5344 1198 5396 ιι,
1236 5327 1319 5381 10.
1354 5327 1441 5394 Η,

314 5397 472 5452 char.
508 5399 731 5462 xxx,'10.
844 5396 889 5431 ⁵⁵
920 5396 1157 5453 Zachar.
1190 5415 1305 5462 xxv,
1331 5400 1385 5453 8.

320 5568 494 5658 “(18)
529 5568 613 5658 ita
645 5570 782 5658 Heg.
819 5567 873 5633 3,
926 5568 1078 5622 Editi
1126 5587 1282 5637 vero,
1327 5569 1420 5625 'lva
1465 5574 1564 5639 τήν
1597 5568 1834 5643 πλευρὰν
1866 5576 1962 5626 τοῦ

334 5636 497 5709 Aean
529 5636 843 5710 θεραπεῦσῃ.

1670 5257 1713 5291 ⁸³
1744 5256 1894 5313 Psal.
1928 5276 2041 5328 xxx,
2091 5259 2176 5314 18.
2211 5260 2296 5314 19.

1556 5327 1598 5362 ‘3
1630 5328 1779 5384 Psal.
1816 5347 2009 5402 vaxxx,
2028 5327 2130 5387 ’22.

2068 3122 2157 3176 καὶ
2190 3123 2222 3192 ἡ
2255 3128 2346 3197 γῆ.
2385 3145 2411 3171 ››
2442 3122 2565 3177 ’Ότι
2599 3118 2654 3175 δὲ
2688 3116 2915 3193 ἔμελλεν
2958 3120 3077 3194 ὅξος
3127 3122 3215 3176 καὶ
3270 3122 3449 3198 χολὴν
3499 3122 3719 3191 ποτίζε-

2070 3212 2186 3264 σθαι
2218 3210 2471 3285 Χριστὸς,
2504 3208 2729 3282 ψαλμοῦ
2756 3209 2833 3279 ξη’
2872 3209 3209 3283 ἀκούσωμεν·
3260 3235 3286 3261 ‹‹
3339 3209 3583 3267 Ἐδωκαν
3645 3211 3723 3273 εἷς

2067 3300 2129 3353 τὸ
2162 3298 2359 3374 βρῶμά
2394 3319 2496 3370 μου
2529 3295 2746 3373 χωλὴν,
2781 3297 2867 3352 καῖ
2901 3299 2976 3359 εἷς
3007 3300 3103 3367 τὴν
3140 3297 3295 3373 δίψαν
3333 3320 3437 3372 μου
3470 3299 3725 3354 ἑπόσισάν

2074 3408 2139 3461 με
2168 3383 2315 3460 ὅξος.
2354 3412 2379 3439 ››
2412 3388 2503 3442 Διὸ
2533 3388 2620 3442 καὶ
2653 3388 2842 3463 ἀρᾶται
2875 3388 3066 3450 αὐτοὺς
3100 3387 3300 3463 λέγων’
3348 3414 3375 3440 ‹‹
3430 3393 3723 3460 Γενηθήτω

2069 3478 2102 3546 ἡ
2135 3477 2370 3551 τράπεζα
2427 3477 2598 3531 αὐτῶν
2647 3475 2874 3531 ἐνώπιον
2926 3476 3089 3532 αὐτοῦ
3134 3478 3208 3538 είς
3253 3475 3456 3553 παγίδα
3502 3480 3589 3533 καὶ
3644 3478 3723 3540 εἷς

2070 3563 2450 3630 ἀνταπόδοσιν,
2503 3566 2589 3620 καὶ
2651 3566 2726 3627 εἷς
2786 3563 3105 3621 σκάνδαλον.
3167 3569 3614 3637 Σκοτισθήτωσαν
3666 3569 3721 3620 οἱ

2073 3654 2352 3727 ὀφθαλμοὶ
2387 3654 2582 3727 αὐτῶν,
2614 3660 2712 3710 τοῦ
2748 3656 2823 3727 μή
2862 3654 3104 3730 βλέπειν,
3136 3658 3224 3710 καὶ
3255 3657 3348 3710 τὸν
3398 3661 3567 3711 νῶτον
3620 3656 3724 3711 αὖ-

2069 3748 2174 3799 τῶν
2220 3741 2320 3799 ’διὰ
2377 3745 2574 3805 παντὸς
2635 3744 2929 3819 σῦγκυψον.
2991 3747 3221 3820 ’Έκχεον
3274 3745 3359 3799 ἐπ’
3398 3745 3592 3808 αὐτοὺς
3620 3748 3723 3814 τήν

2076 3834 2249 3907 ὀργήν
2280 3854 2395 3904 σου,
2430 3834 2517 3887 καὶ
2550 3835 2577 3887 6
2609 3834 2781 3905 θυμὸς
2810 3840 2911 3902 τῆς
2943 3833 3114 3909 ὀργῆς
3148 3856 3241 3888 σου
3278 3830 3575 3890 καταλάϐοι
3626 3835 3725 3889 αὖ·

2074 3921 2218 3984 τούς.
2253 3924 2543 3991 Γενηθήτω
2574 3923 2608 3991 ἠ
2661 3920 2887 3985 ἔπαυλις
2920 3922 3096 3977 αὐτῶν
3143 3925 3518 3999 ἡρημωμένη,
3545 3923 3636 3977 καὶ
3669 3923 3724 3978 ἄν

2072 4017 2186 4073 τοῖς
2222 4012 2569 4082 σγηνώμασιν
2601 4010 2776 4065 αὐτῶν
2814 4012 2889 4084 μὴ
2922 4009 3060 4065 ἔστω
3091 4013 3119 4065 6
3163 4016 3453 4066 κατοικῶν*
3492 4036 3518 4062 ››
3550 4011 3727 4086 ἤγουν

2075 4101 2103 4155 6
2136 4098 2186 4154 ἐν
2219 4098 2626 4176 Ἱεροσολύμοις
2656 4101 2783 4161 ναὸς
2816 4100 3017 4167 αὐτῶν,
3049 4099 3078 4154 ὅ
3129 4097 3195 4168 δὴ
3245 4102 3335 4155 καὶ
3374 4102 3580 4176 γέγονε,
3626 4100 3729 4156 Kal

2072 4190 2138 4245 τὰ
2170 4189 2338 4246 λοιπᾶ
2392 4187 2449 4243 δὲ
2496 4188 2591 4243 τοῦ
2639 4188 2885 4262 ψαλμοῦ,
2937 4190 3010 4251 ὡς
3056 4189 3144 4244 ἐπὶ
3174 4189 3408 4266 κατάρας
3439 4189 3731 4265 λεγόμενα,

2074 4285 2191 4340 τοῖς
2247 4276 2531 4341 Ἰουδαίοις
2583 4278 2826 4353 ἁρμόζει,
2884 4278 2976 4340 οὕς
3045 4278 3132 4333 καὶ
3193 4280 3405 4348 Μωσῆς
3455 4276 3730 4334 ὠνείδισεν

1997 4401 2043 4465 D
2076 4369 2262 4424 εἰπών·
2331 4393 2356 4420 ‹‹
2414 4366 2509 4422 Καὶ
2561 4362 2705 4420 ἔσται
2765 4367 2797 4435 ἡ
2846 4368 2956 4437 ζωή
2993 4386 3089 4421 σου
3119 4366 3432 4443 κρεμαμένη
3476 4366 3729 4423 ἀπέναντι

2073 4463 2179 4512 τῶν
2215 4456 2511 4535 ὕφθαλμῶν
2545 4476 2659 4526 σου,
2694 4457 2782 4509 καὶ
2832 4451 3121 4532 φοϐηθήσῃ
3155 4456 3363 4530 ἡμέρας
3395 4455 3483 4511 καὶ
3512 4457 3730 4529 νυκτὸς,

2073 4548 2161 4601 καὶ
2194 4547 2254 4600 οὐ
2288 4545 2590 4606 πιστεύσεις
2621 4548 2687 4609 τῆ
2724 4548 2835 4617 ζωῇ
2870 4566 2985 4599 σου.
3020 4569 3048 4596 ››

2150 4639 2234 4691 11.
2270 4634 2397 4710 Περὶ
2433 4632 2489 4688 δὲ
2519 4639 2617 4702 τῆς
2651 4631 2867 4707 λόγχης
2898 4632 3044 4707 λέγει
3080 4634 3350 4708 Ζαχαρίας
3382 4635 3409 4689 6
3444 4636 3733 4711 προφήτης

2077 4725 2152 4786 ὡς
2200 4722 2251 4778 ἐν
2306 4724 2606 4799 προσώπου
2654 4722 2751 4777 τοῦ
2798 4726 3050 4795 Χριστοῦ·
3107 4746 3132 4771 ‹‹
3188 4722 3291 4778 Καὶ
3339 4718 3732 4797 ἐπιϐλέψονται

2075 4814 2210 4889 πρὸς
2267 4815 2353 4886 με,
2406 4812 2479 4874 εἷς
2527 4811 2583 4867 ὅν
2619 4811 2978 4882 ἐξεκέντησαν.
3028 4834 3055 4862 ››
3100 4812 3233 4887 Περὶ
3286 4809 3342 4867 δὲ
3389 4817 3484 4867 τοῦ
3531 4810 3730 4875 ὕδατος

2074 4908 2175 4970 τῆς
2218 4902 2372 4975 ἁγίας
2432 4900 2593 4956 αὐτοῦ
2643 4899 2881 4976 πλευρᾶς
2932 4901 2960 4953 6
3010 4899 3168 4961 αὐτὸς
3218 4905 3507 4978 προφήτης
3559 4902 3728 4957 εἶπεν*

2078 5017 2105 5043 ι(
2140 4993 2225 5047 Ἐν
2253 4995 2321 5065 τῇ
2356 4992 2539 5067 ἡμέρᾳ
2586 4990 2761 5064 ἐκείνῃ
2824 4988 3152 5060 ἐξελεύσεται
3202 4987 3350 5065 ὕδωρ
3394 4994 3497 5059 ζῶν
3551 4990 3601 5063 ἐξ
3632 4993 3733 5045 Ἱε-

2079 5080 2389 5154 ρουσαλήμ”
2426 5104 2453 5131 ι)
2487 5079 2829 5152 ’Ᾱκυύσωμεν
2861 5076 2917 5133 δὲ
2946 5077 3035 5132 καὶ
3065 5082 3161 5133 τοῦ
3192 5080 3479 5155 προφήτου
3509 5079 3732 5135 Ἡσαΐου

2409 5259 2455 5292 “
2486 5258 2724 5313 Zachar.
2757 5275 2877 5327 xm,
2909 5259 2962 5312 6.

3072 5259 3115 5294 ⁸⁸
3168 5258 3403 5333 Zachar.
3432 5277 3549 5333 xxv,
3580 5263 3635 5326 6,
3669 5262 3727 5317 7.

2246 5333 2289 5366 ⁴⁰
2322 5330 2460 5385 ibid.
2493 5330 2683 5384 23-26.

2800 5331 2845 5365 ⁵ο
2893 5330 3061 5388 Deut.
3113 5346 3312 5399 xxvxxx,
3344 5332 3432 5386 66.
3532 5330 3595 5369 ’⁸⁸
3625 5333 3733 5390 Za-

2142 5574 2256 5646 (79)
2287 5573 2535 5639 Quidam
2569 5589 2736 5641 mss.,
2777 5572 3191 5627 συσκοτάσουσιν
