2036 3105
133 205 193 236 697

612 199 871 236 QUESTIONES
895 200 947 230 AD
968 199 1202 234 ANTIOCHUM
1224 202 1371 234 DUCEM.

1783 202 1843 232 698

131 270 195 308 περί
211 272 262 304 τῆς
276 271 363 307 ταφῆς
378 269 429 295 τοῦ
446 266 545 304 κυρίου
573 265 711 303 λέγοντος,
724 264 769 293 καὶ
795 265 869 296 ὅπως
899 263 959 292 δια-

1017 266 1082 294 dcte
1097 270 1130 295 ut
1144 268 1248 297 Justus
1272 268 1367 305 periit.
1384 270 1413 296 et
1438 276 1524 296 nemo
1546 268 1632 296 corde
1658 268 1766 304 cogitat
1780 268 1812 295 ³⁸.
1830 279 1843 293 ››

131 314 204 353 γελᾷ
228 313 293 344 τοὺς
320 310 480 342 Ἰουδαίους
499 323 512 337 (‹
529 310 614 339 Ἴδετε
638 311 675 341 ὡς
704 308 810 341 δίκαιος
825 308 962 343 ἀπώλετο,

132 359 181 386 καὶ
197 357 288 388 οὐδεὶς
304 355 444 394 ἐκδέχεται
459 357 492 392 τῇ
508 354 616 393 καρδίᾳ.
633 367 647 381 )›
663 355 743 382 Εἶπεν
769 353 814 381 οὖν
840 354 884 381 καὶ
911 354 961 387 τὴν

134 404 219 431 αὐτοῦ
232 402 386 430 ἀνάστασιν·
402 401 447 428 καὶ
463 399 557 428 πάλιν
574 412 589 425 ‹‹
607 400 673 428 Ἀπὸ
688 399 837 438 προσώπου
858 397 962 428 ἀδικίας

134 449 218 485 ἦρται
235 448 250 474 ὁ
266 446 381 481 δίκαιος,
397 445 441 473 καὶ
458 444 530 473 ἔσται
547 444 572 471 ἐν
590 444 684 485 είρήνῃ
700 445 716 478 ἡ
738 444 810 482 ταφὴ
838 443 931 470 αὐτοῦ.
949 454 960 468 ι

133 484 210 521 ιιἉΕν
227 492 323 529 εἰρήνῃ
341 503 354 516 ι(
372 489 401 518 δὲ
421 490 505 528 λέγει,
526 489 567 517 ὅτι
594 490 608 516 ὁ
634 484 753 519 mare:
779 488 837 525 μετ’
853 488 963 526 εἰρήνης

133 535 261 565 ἀπέδωκε
275 536 306 563 τὸ
322 537 402 571 σῶμα
416 537 464 562 τοῦ
486 535 576 569 Ἰησοῦ
600 535 640 569 τῷ
663 533 773 571 Ἰωσήφ.
790 532 910 569 Ὁμοίως
935 530 963 559 δὲ

132 581 179 608 καὶ
197 577 280 608 Δαϐἰδ
296 579 358 617 περὶ
372 583 422 613 τῆς
436 582 524 617 ταφῆς
541 577 623 605 αὐτοῦ
647 577 672 605 έν
697 578 739 612 πζ¹
763 576 867 614 ψαλμῷ
890 575 962 613 λέγει

131 626 171 656 ὡς
189 624 220 652 ἐκ
233 624 383 662 προσώπου
397 625 446 651 τοῦ
459 624 589 661 Χριστοῦ·
607 634 621 648 ‹‹
636 622 747 649 Ἐθεντό
766 632 799 658 με
822 621 848 648 ὲν
867 620 962 657 λάκκῳ

130 669 296 705 κατωτάτῳ,
311 668 337 695 έν
353 670 503 698 σκοτεινοῖς
530 666 575 694 καὶ
606 666 631 694 ἐν
659 668 721 702 σκιᾷ
744 666 869 693 Θανάτου·
885 676 899 691 ιι
916 665 961 692 καὶ

129 714 186 753 πρὸ
200 713 316 741 τούτων·
332 724 346 738 (ι
364 713 414 740 Καὶ
430 712 559 750 ἱγενῆθην
578 710 640 738 (be-ei
667 711 809 748 ἄνθρωπος
841 707 963 745 ἀϐοήθη-

128 769 177 789 τος
194 758 220 785 ἐν
246 760 350 795 νεκροῖς
375 756 527 793 ἐλεύθερος,
545 768 558 781 ))
574 754 661 794 ἤγουν
686 754 877 793 ἀναμάρτητος
894 755 961 790 (80).

129 803 286 840 Γέγραπται
301 800 331 829 δὲ
344 801 389 829 καὶ
405 800 431 828 ἐν
446 803 481 838 τῇ
498 798 559 829 Ἰὼϐ
576 800 674 832 οὕτως·
694 812 707 826 ‹‹
722 799 893 837 ’Δνοίγονταί
918 809 960 826 σοι

131 845 212 886 φόϐῳ
226 846 312 874 πύλαι
327 845 452 874 Gavi-tow
469 844 595 883 πυλωροὶ
611 844 640 872 Si
661 842 727 880 ᾅδου
753 843 856 875 ἰδόντες
882 842 962 879 ἔπτη-

129 894 188 928 ξαν
206 904 220 918 n
238 890 380 928 πρόδηλον
396 889 434 924 δὶ,
451 890 491 918 ὅτι
507 891 534 917 αἱ
559 890 674 917 ἐναντίαι
690 892 744 917 τῶν
761 889 898 926 δαιμόνων
915 888 960 917 δυ-

128 937 240 985 νάμεις,
254 936 377 985 ’ρμοίως
407 934 437 985 8}
451 935 504 985 fall
531 934 663 985 ill-Tt'plecl
682 935 796 972 ψαλμῷ
813 947 826 960 ‹ι
843 935 961 972 Ἐξάγων
975 952 999 985 Β

129 979 340 1017 πεπιδημένους
362 979 389 1006 ἐν
415 978 532 1016 ἀνδρείᾳ,
560 979 664 1015 ὁμοίως
690 979 754 1010 τοὺς
777 978 958 1016 παραπικραί-

131 1035 231 1055 νοντας
247 1024 311 1055 τοὺς
334 1026 527 1054 κατοικοῦντας
551 1023 577 1051 ἐν
592 1023 698 1062 τάφοις.
718 1035 731 1048 ››
747 1024 808 1051 ’Ότι
825 1021 853 1050 δὲ
869 1023 882 1049 ὁ
898 1023 961 1060 Χρμ

132 1069 197 1100 nec
213 1069 241 1096 έν
255 1070 296 1104 τῷ
309 1066 359 1105 ᾅδῃ
374 1068 518 1105 ἀπομένειν
537 1067 586 1095 οὐκ
610 1065 735 1104 ἔμελλεν,
749 1067 823 1095 ἀλλὰ
845 1067 906 1105 τριή
913 1077 959 1102 με-

132 1124 183 1151 ρος
199 1113 366 1146 ἀνίστασθαι,
382 1112 494 1149 ψαλμοῦ
512 1113 540 1140 ιε’
554 1112 723 1148 ἀκούσωμεν
741 1124 754 1137 ι(
771 1112 833 1140 ’Ότι
850 1110 899 1138 οὐκ
917 1110 960 1149 ἐγ-

130 1158 308 1194 καταλείψεις
322 1158 372 1192 τήν
382 1158 475 1194 ψυχήν
494 1167 547 1193 μου
563 1156 600 1187 εἰς
614 1155 693 1192 ᾃδην,
711 1155 773 1183 οὐδὲ
794 1154 890 1187 δώσεις
913 1156 959 1183 τὸν

131 1202 209 1230 ὅσιόν
237 1212 285 1229 σου
310 1200 377 1229 ἲδιῖν
406 1200 564 1240 διαφθοράν·
583 1212 597 1226 ››
616 1200 660 1228 καὶ
685 1199 766 1227 πάλιν
782 1200 821 1231 νς⁷
836 1199 959 1236 ψαλμοῦ·

132 1258 145 1271 (ι
163 1247 396 1284 Ἐξεγερθήσομαι
412 1244 522 1284 ὄρθρου.
540 1257 554 1271 ››
571 1245 620 1272 Καὶ
636 1246 650 1272 ὁ
666 1245 811 1284 προφήτης
836 1243 865 1272 δὲ
881 1244 960 1279 Ὠσηὲ

130 1291 222 1322 οὕτως
248 1290 311 1329 ἔφη’
339 1302 353 1316 ‹‹
378 1293 570 1329 Πορευθῶμεν,
593 1289 639 1317 καὶ
661 1289 865 1327 ἐπιστρέψωμεν
893 1289 960 1327 πρὸς

130 1336 234 1373 Κύριον
249 1336 296 1363 τὸν
311 1336 375 1363 Θεὸν
390 1336 479 1371 ἡμῶν,
496 1335 537 1362 ὅτι
552 1334 632 1365 αὐτὸς
648 1334 796 1369 πεποίηκεν
810 1335 896 1370 ἡμᾶς,
915 1334 959 1361 καὶ

131 1381 239 1408 ἲάσεται
368 1379 470 1418 ὑγιάσει
499 1381 573 1415 ἡμᾶς
600 1379 667 1415 μετᾶ
687 1377 734 1406 δύο
755 1379 869 1416 ἡμέρας,
887 1378 912 1406 ἐν
925 1381 959 1416 τῇ

131 1424 228 1463 ἡμέρᾳ
243 1426 278 1462 τῇ
300 1424 377 1462 τρίτῃ
402 1424 608 1460 ἀναστησόμεθα
630 1423 674 1451 καὶ
700 1423 847 1460 ζησόμεθα.
865 1423 959 1460 »Περὶ

132 1469 160 1498 δὲ
192 1472 248 1497 τῶν
281 1469 445 1508 μυροφόρων
475 1470 608 1506 γυναικῶν
636 1467 745 1499 Ἠσαίας
777 1469 790 1496 ὁ
815 1469 959 1506 προφήτης

132 1515 203 1542 εἶπε·
220 1526 236 1540 ‹‹
254 1516 378 1544 Γυναῖκες
397 1513 545 1551 ἐρχόμεναι
570 1512 622 1540 ἀπὸ
650 1512 721 1549 θέας,
740 1511 824 1540 δεῦτε·
851 1512 882 1540 οὐ
907 1513 959 1550 γὰρ

132 1559 186 1587 ἔστι
205 1557 275 1589 λαός
291 1555 362 1596 ἔχων
378 1557 492 1586 σύνεσιν.
509 1569 523 1584 n

167 1649 213 1677 12.
234 1647 300 1684 Περὶ
315 1645 344 1674 δὲ
357 1650 407 1681 τῆς
423 1646 586 1684 ἀναλήψεως
602 1657 649 1674 του
665 1648 783 1683 Χριστοῦ
805 1645 830 1674 ἐν
848 1647 867 1681 ζ
882 1646 926 1674 καὶ
944 1651 957 1674 ι’
974 1632 995 1666 Cl

130 1691 239 1729 ψαλμῷ
265 1691 425 1730 γέγραπται·
443 1691 522 1718 «Καὶ
551 1688 634 1725 ἐπέϐη
665 1690 708 1718 ἐπὶ
737 1688 885 1729 χερουϐἰμ,
914 1692 959 1718 καὶ

130 1736 287 1771 έπετάσθη·
317 1735 448 1771 ἐπετάσθη
475 1735 518 1763 ἐπὶ
548 1735 686 1773 πτερύγων
717 1736 834 1772 ἀνέμων.
866 1747 880 1761 ››
910 1735 959 1763 Καὶ

130 1780 214 1809 πάλιν
233 1780 260 1808 έν
278 1781 321 1817 μς⁷
336 1780 449 1817 ψαλμῷ·
467 1792 481 1806 u
497 1777 595 1814 Ἀνέϐη
612 1780 626 1807 ὁ
648 1779 714 1811 Θεὸς
743 1779 769 1807 ἐν
794 1779 958 1818 ἀλαλαγμῷ,

130 1825 233 1863 Κύριος
262 1824 289 1852 έν
316 1827 392 1864 φωνῇ
422 1824 584 1863 σάλπιγγος’
603 1835 613 1849 ι
640 1824 684 1852 καὶ
714 1823 739 1851 ἐν
771 1824 892 1862 Ζαχαρία
919 1827 959 1860 τῷ

130 1871 275 1909 προφήτῃ·
295 1881 305 1895 ι
326 1870 367 1897 Ἐν
381 1871 416 1906 τῇ
432 1869 523 1906 ἡμέρᾳ
542 1868 630 1905 ἐκείνῃ
655 1870 801 1904 στήσονσαι
827 1869 854 1896 οἱ
877 1868 959 1900 πόδες

132 1915 235 1951 Κυρίου
250 1914 288 1946 εἷς
301 1914 333 1941 τὸ
353 1912 415 1951 ὄρος
438 1916 491 1941 τῶν
509 1913 634 1947 Ἐλαιῶν,
650 1914 681 1941 τὸ
698 1913 835 1941 κατέναντι
859 1914 961 1951 Ἰερου-

132 1958 231 1995 σαλὴμ
244 1958 269 1995 is
286 1958 435 1986 ἀνατολῶν.
453 1969 467 1983 ››
484 1958 548 1995 Περὶ
564 1956 593 1985 δὲ
620 1961 670 1992 τῆς
697 1957 804 1993 ἐνδόξου
833 1956 958 1996 δευτέρας

130 2003 284 2041 παρουσίας
295 2005 345 2031 τοῦ
360 2003 424 2030 Υῖοῦ
439 2005 487 2030 τοῦ
503 2005 569 2030 Θεοῦ
585 2001 659 2040 λέγει
686 2003 788 2037 Δανιὴλ
812 2003 826 2030 ὁ
850 2004 958 2042 προφή-

129 2057 191 2082 τηςο
209 2060 224 2073 (ι
244 2048 392 2085 Ἐθεώρουν
421 2047 447 2075 ἐν
476 2046 593 2084 ὁράματι
621 2050 671 2082 τῆς
693 2047 800 2083 νυκτὸς,
824 2047 870 2075 καὶ
899 2046 958 2075 ῒδοὺ

131 2092 200 2128 μετὰ
229 2094 283 2119 τῶν
313 2091 431 2131 νεφελῶν
453 2094 502 2119 τοῦ
525 2092 640 2130 οὖρανοῦ
665 2092 702 2122 ὡς
725 2091 786 2122 Υἱὸς
814 2091 958 2128 ἀνθρώπου

128 2136 294 2174 ἐρχόμενος,
308 2137 354 2164 καὶ
369 2135 421 2167 ἓως
434 2138 483 2164 τοῦ
497 2135 620 2164 Παλαιοῦ
634 2138 688 2163 τῶν
714 2137 825 2173 ἡμερῶν
850 2134 958 2175 ἔφθασε.

129 2181 178 2208 Καὶ
194 2180 376 2218 προσηνέχθη
393 2179 475 2216 αὐτῷ.
492 2179 543 2208 Καὶ
566 2179 640 2216 αὖτῷ
668 2178 749 2215 ἐδόθη
776 2180 849 2218 ἀρχὴ
880 2180 924 2207 καὶ
940 2181 957 2215 ἡ

126 2226 211 2261 τιμαῖ)⁹
228 2225 273 2252 καί
301 2226 320 2259 ἡ
352 2224 485 2262 βασιλεία·
509 2224 554 2252 καὶ
583 2225 679 2255 πάντες
709 2225 735 2252 οἳ
762 2223 835 2260 λαοὶ,
863 2223 956 2259 φυλαὶ,

127 2269 255 2307 γλῶσσαι
280 2268 472 2297 δουλεύσουσιν
494 2268 575 2304 αὐτῷ.
592 2270 623 2298 Ἠ
646 2269 752 2304 έξουσία
776 2269 857 2297 αὐτοῦ
887 2269 958 2304 ἐξου-

1018 311 1088 348 Ejus
1104 322 1207 341 rursus
1234 314 1481 342 resurrectionem
1507 313 1553 341 his
1579 313 1710 349 praedicit
1725 313 1820 341 verbis
1837 322 1843 342 :

1021 367 1031 380 ι
1050 358 1070 383 Δ
1089 357 1161 386 facie
1175 359 1341 394 iniquitatis
1366 359 1500 386 sublatus
1515 360 1557 385 est
1575 359 1684 393 justus,
1701 360 1729 386 et
1744 358 1800 386 erit
1816 358 1844 386 in

1019 409 1088 436 pace
1105 403 1258 438 sepultura
1269 404 1333 439 ejus
1348 403 1416 437 “,nu
1434 403 1463 430 ln
1481 410 1579 438 pace,»
1597 405 1692 429 autem
1711 403 1761 436 ait,
1777 403 1846 437 quia

1017 446 1132 474 Pilatus
1143 456 1208 475 cum
1221 456 1290 484 pace
1300 447 1427 483 Josepho
1440 447 1567 474 reddidit
1579 456 1685 483 corpus
1695 448 1776 474 Jesu.
1796 447 1843 475 Sic

1017 493 1046 518 et
1061 491 1148 518 David
1165 493 1200 519 de
1227 492 1291 528 ejus
1304 492 1456 528 sepultura
1471 491 1583 528 psalmo
1607 492 1782 527 octogesimo
1800 501 1843 519 se-

1018 536 1109 572 ptimo
1125 538 1207 573 quasi
1221 546 1255 565 ex
1271 546 1397 574 persona
1414 537 1520 565 Christi
1536 537 1666 572 loquitur
1682 546 1687 565 :
1706 549 1717 562 (ι
1738 538 1843 564 Ροευθ‹

1017 583 1086 608 runt
1100 590 1145 610 me
1170 581 1200 609 in
1216 582 1280 610 lacu
1297 582 1439 614 inferiori,
1454 582 1484 609 in
1511 582 1674 609 tenebrosis
1690 584 1717 609 et
1732 582 1760 608 in
1778 591 1843 609 um-

1018 626 1068 653 bra
1093 627 1197 654 mortis
1212 627 1234 644 ⁵⁵
1250 635 1256 654 :
1273 638 1286 651 η
1303 629 1330 654 et
1355 631 1452 660 antea,
1471 637 1481 651 ι
1500 627 1533 654 Et
1559 627 1653 653 tactus
1679 635 1744 653 sum
1768 626 1843 653 sicut

1016 670 1104 698 homo
1129 671 1193 699 sine
1217 671 1363 706 ndjutorio
1391 671 1467 699 inter
1491 674 1621 699 mortuos
1648 671 1720 697 liber
1735 671 1765 704 5°,
1785 683 1793 694 -
1813 671 1841 698 id

1016 718 1070 749 est,
1086 715 1298 751 impeccabilis.
1316 716 1362 743 Sic
1374 724 1492 752 quoque
1503 715 1533 744 in
1545 715 1619 742 libro
1633 715 1687 743 Job
1702 715 1841 750 scriptum

1016 761 1060 787 est
1077 769 1083 787 :
1100 771 1114 784 «
1132 760 1310 796 Aperiuntur
1335 760 1387 788 tibi
1404 769 1462 795 pI‘EE
1477 760 1581 788 timore
1606 762 1693 795 porta:
1714 759 1817 787 mortis
1835 768 1841 787 :

1014 804 1147 832 videntes
1157 806 1254 832 autem
1265 804 1427 833 inferorum
1435 805 1577 840 janitorcs
1590 807 1774 832 tremuerunt
1785 804 1817 837 ⁸⁷,
1829 815 1842 829 ››

1016 856 1131 884 nempe,
1158 849 1340 883 adversariae,
1358 851 1390 876 ut
1407 851 1498 885 patet,
1524 849 1689 876 drcmonum
1707 849 1841 876 virtutes.

1016 892 1157 921 Similiter
1171 893 1231 921 haec
1247 894 1276 920 in
1292 893 1406 927 psalmo
1422 893 1603 929 sexagesimo
1627 892 1752 928 septimo
1769 892 1842 927 legi-

1016 946 1082 965 mus
1099 946 1106 965 :
1123 949 1136 963 «
1155 938 1208 971 Qui
1232 938 1332 966 educit
1344 937 1457 965 vinctos
1482 938 1511 965 in
1532 938 1687 971 fortudinc,
1706 937 1842 964 similiter

1014 991 1064 1011 eos
1079 982 1128 1018 qui
1153 985 1328 1018 exasperant
1352 982 1401 1018 qui
1419 982 1553 1010 habitant
1568 982 1596 1009 in
1621 982 1763 1017 sepulcris
1778 982 1808 1008 ⁵⁸.
1826 993 1839 1007 η

1016 1027 1096 1060 Quod
1113 1035 1178 1055 vero
1202 1027 1334 1055 Christus
1349 1026 1377 1055 in
1395 1025 1495 1054 inferis
1515 1034 1707 1053 remansnrus
1724 1034 1779 1052 non
1796 1034 1842 1052 es-

1015 1073 1070 1104 set,
1097 1072 1146 1099 sed
1172 1072 1258 1100 tertia
1289 1071 1334 1098 die
1368 1073 1597 1102 resurrecturus,
1634 1070 1784 1097 discamus
1809 1079 1843 1097 ex

1015 1116 1129 1152 psalmo
1155 1116 1257 1152 quinto
1284 1118 1313 1143 et
1335 1116 1448 1144 decimo
1465 1123 1471 1143 :
1490 1127 1503 1140 «
1520 1115 1663 1148 Quoniam
1688 1123 1743 1142 non
1761 1115 1842 1142 dere-

1015 1161 1129 1196 linques
1145 1161 1274 1188 animam
1301 1169 1396 1188 meam
1412 1160 1441 1187 in
1465 1159 1589 1193 inferno,
1608 1168 1659 1186 nec
1675 1159 1758 1186 dabis
1774 1168 1840 1187 san-

1015 1207 1094 1233 ctum
1110 1208 1194 1233 tuum
1210 1205 1307 1233 videre
1328 1204 1542 1241 corruptionem
1560 1205 1590 1231 ⁵³.
1609 1216 1621 1228 ›ι
1640 1204 1672 1230 Et
1688 1212 1790 1231 rursus
1807 1213 1841 1231 ex

1014 1249 1129 1285 psalmo
1154 1249 1400 1285 quinquagesimo
1425 1251 1504 1276 sexto
1521 1258 1528 1276 :
1546 1262 1558 1273 ‹ι
1578 1249 1735 1283 Exsurgam
1762 1248 1838 1275 dilu-

1015 1294 1080 1322 culo
1095 1295 1127 1322 ⁸ο,
1146 1305 1159 1319 u
1173 1294 1238 1322 Hinc
1254 1294 1362 1330 pariter
1377 1293 1463 1321 verba
1487 1298 1555 1321 sunt
1570 1293 1648 1320 Osem
1666 1293 1812 1328 prophetae
1831 1302 1837 1319 :

1015 1350 1029 1364 κ
1047 1339 1269 1367 Proficiscamur
1279 1341 1306 1366 et
1316 1340 1522 1366 convertamur
1531 1338 1566 1365 ad
1584 1338 1682 1364 [)omin
1690 1346 1735 1363 um
1747 1337 1836 1363 Deum

1015 1385 1160 1416 nostrum,
1178 1382 1320 1419 quiaipse
1335 1382 1402 1410 fecit
1413 1390 1476 1415 nos,
1493 1384 1521 1409 et
1531 1381 1645 1409 sanabit
1657 1390 1709 1408 nos
1726 1389 1731 1407 2
1750 1389 1837 1408 sanos

1015 1436 1068 1455 nos
1084 1428 1184 1455 reddet
1199 1430 1265 1463 post
1279 1428 1352 1455 duos
1364 1426 1470 1459 dies,in
1487 1426 1533 1454 die
1550 1426 1633 1453 tertia
1650 1433 1837 1460 resurgemus

1014 1474 1043 1500 et
1057 1473 1186 1500 vivemus
1199 1473 1230 1499 ⁶¹.
1249 1483 1263 1496 ››
1281 1472 1318 1499 De
1334 1471 1507 1498 mulieribus
1532 1474 1628 1498 autem
1653 1472 1835 1505 unguentum

1015 1517 1175 1545 ferentibus
1190 1516 1232 1544 sie
1247 1516 1378 1552 loquitur
1390 1515 1480 1543 Isaias
1496 1516 1636 1551 propheta
1654 1524 1684 1542 ;‹‹
1703 1514 1838 1542 Mulieres

1013 1561 1163 1589 venientes
1177 1569 1194 1589 a
1209 1560 1455 1597 contemplatione
1470 1560 1609 1588 accedite:
1628 1568 1684 1587 non
1700 1561 1745 1587 cst
1760 1559 1838 1586 enim

1014 1605 1141 1642 populus
1158 1605 1325 1641 intelligens
1337 1605 1370 1632 62.
1389 1616 1403 1629 υ

1051 1651 1097 1678 12.
1117 1650 1157 1678 De
1172 1649 1277 1678 Christi
1302 1658 1368 1678 vero
1396 1649 1597 1686 assumptione
1615 1649 1675 1676 haec
1696 1648 1843 1675 habentur

1015 1694 1128 1732 psalmo
1153 1694 1278 1730 septimo
1301 1697 1330 1722 et
1352 1694 1465 1722 decimo
1483 1702 1489 1721 :
1508 1705 1522 1719 (ι
1538 1696 1572 1721 Et
1596 1693 1727 1721 ascendit
1752 1700 1841 1728 super

1014 1739 1167 1768 cherubim
1183 1742 1213 1767 et
1226 1739 1334 1767 volavit
1348 1747 1437 1775 super
1453 1747 1563 1775 pennas
1578 1741 1729 1765 ventorum
1742 1738 1793 1765 “3m
1805 1737 1839 1764 Et

1014 1784 1121 1812 iterum
1146 1783 1260 1819 psalmo
1285 1783 1511 1820 quadragesimo
1537 1786 1616 1810 sexto
1641 1792 1677 1809 ;‹‹
1704 1782 1841 1809 Ascendit

1014 1828 1091 1857 Deus
1107 1828 1136 1856 in
1149 1828 1336 1864 jubilatioue,
1352 1831 1381 1856 et
1398 1827 1537 1855 Dominus
1553 1827 1581 1853 in
1602 1836 1668 1854 voce
1686 1828 1761 1853 tubae
1777 1827 1807 1852 ⁵³,
1826 1837 1839 1850 ››

1014 1873 1049 1900 Et
1063 1873 1092 1900 in
1109 1873 1248 1901 Zacharia
1264 1873 1405 1909 propheta
1423 1880 1447 1899 ια
1466 1875 1497 1899 In
1513 1872 1558 1898 die
1571 1872 1647 1899 253
1659 1870 1706 1897 illa
1718 1870 1839 1897 stabunt

1015 1918 1104 1953 pedes
1114 1917 1229 1945 Domini
1243 1925 1332 1953 super
1345 1919 1474 1943 montem
1486 1915 1698 1950 Olivurum,qui
1713 1916 1757 1941 est
1772 1923 1841 1941 con—

1014 1964 1060 1989 tra
1082 1961 1247 1989 Jerusalem
1273 1961 1307 1988 ad
1334 1960 1482 1988 Orientem
1498 1960 1530 1987 5'.
1550 1971 1562 1983 ν
1581 1962 1617 1986 De
1643 1958 1768 1994 glorioso
1792 1967 1842 1985 au-

1014 2007 1072 2033 tem
1089 2006 1216 2034 secundo
1230 2004 1295 2033 Filii
1308 2005 1359 2033 Dei
1370 2005 1494 2032 adventu
1511 2004 1550 2032 ait
1565 2004 1663 2031 Daniel
1677 2003 1817 2039 propheta
1835 2010 1841 2029 :

1014 2063 1027 2076 ((
1044 2050 1228 2086 Aspiciebam
1245 2049 1274 2076 in
1291 2049 1404 2077 visione
1420 2048 1524 2082 noctis,
1540 2051 1568 2075 et
1584 2057 1649 2075 ecce
1673 2057 1739 2075 cum
1756 2047 1840 2074 nubi-

1014 2096 1069 2123 bus
1085 2093 1148 2122 cmli
1161 2094 1244 2129 quasi
1257 2093 1336 2120 ﬁlius
1347 2093 1477 2121 hominis
1496 2093 1638 2126 veniebat,
1656 2095 1682 2119 et
1697 2100 1790 2127 usque
1806 2092 1840 2119 ad

1014 2139 1172 2175 Antiquum
1182 2138 1294 2165 dierum
1304 2137 1717 2174 pervenit,etadduclusestad
1726 2136 1842 2164 eum.Et

1012 2183 1068 2219 ipsi
1081 2183 1182 2211 datum
1197 2185 1241 2210 est
1252 2182 1407 2218 imperium
1420 2184 1448 2209 et
1460 2182 1553 2210 honor
1564 2185 1591 2208 et
1605 2184 1768 2217 regnum:et
1780 2189 1841 2208 om-

1013 2236 1065 2256 nes
1080 2227 1191 2264 populi,
1205 2226 1300 2254 tribus
1315 2228 1343 2254 et
1359 2226 1466 2262 linguas
1481 2226 1536 2262 ipsi
1554 2226 1690 2253 servient.
1708 2227 1840 2253 Potestas

1013 2273 1077 2307 ejus
1089 2274 1216 2308 potestas
1228 2274 1412 2307 veterumque;
1424 2279 1482 2298 non
1493 2270 1662 2307 praeteribit:
1677 2274 1705 2297 et
1717 2278 1839 2305 regnum

126 2314 173 2341 σία
202 2314 405 2348 αἱώνιος,ἣτις
432 2313 464 2340 οὗ
492 2313 695 2350 παρελεύσεται·
709 2314 755 2341 καὶ
783 2315 800 2348 ἡ
834 2313 957 2351 βασιλεία

1015 2317 1077 2352 ejus
1092 2325 1148 2344 non
1175 2318 1381 2352 corrumpetur
1395 2316 1427 2343 ⁸⁸.
1448 2313 1548 2343 »Εοοθ
1574 2318 1672 2350 aperte
1693 2324 1725 2341 ex
1752 2315 1839 2342 dictis

127 2357 216 2385 αὐτοῦ
236 2358 267 2386 οὐ
287 2357 510 2396 διαφθαρήσεται.
530 2369 543 2383 n
559 2356 629 2386 Ἰδοὺ
653 2360 744 2395 σαφῶς
769 2356 813 2385 διὰ
839 2360 893 2385 τῶν
924 2358 957 2385 εί-

127 2403 262 2440 ρημινων
278 2401 427 2438 ἐμάθομεν,
443 2401 486 2429 ὅτι
501 2401 581 2433 αὐτός
606 2401 676 2429 ἐστιν
691 2402 705 2428 ὁ
721 2402 782 2433 Υἱὸς
806 2404 856 2429 τοῦ
880 2401 958 2437 Θεοῦ,

128 2447 143 2473 ὁ
172 2447 327 2484 ηρκωθεὶς
355 2446 401 2474 καὶ
429 2446 522 2478 παθὼν
552 2445 587 2474 δι’
613 2448 698 2482 ἡμᾶς,
715 2446 759 2474 καὶ
786 2446 901 2478 ἀναστὰς
929 2447 959 2474 ἐκ

126 2492 248 2529 νεκρῶν,
264 2491 308 2519 καὶ
324 2491 489 2530 ἀναληφθεὶς
506 2491 532 2519 ὲν
549 2489 611 2528 δόξῃ
626 2492 693 2529 πρὸς
716 2491 762 2518 τὸν
786 2491 881 2519 ἑαυτοῦ
907 2495 960 2519 Πα-

125 2537 194 2574 τέρα.
208 2535 258 2563 καὶ
271 2535 354 2565 πάλιν
373 2535 485 2573 μέλλων
507 2534 634 2574 ἔρχεσθαι
659 2536 726 2572 μετὰ
754 2538 808 2563 τῶν
837 2536 957 2576 νεφελῶν

124 2582 176 2608 τοῦ
202 2580 332 2618 οὐρανοῦ,
352 2581 418 2618 μετὰ
434 2579 515 2616 δόξης
539 2580 650 2608 αἰωνίου
671 2583 760 2619 κρῖναι
786 2583 886 2615 ζῶντας
913 2582 958 2609 καὶ

1013 2361 1157 2389 discimus
1173 2360 1270 2396 ipsum
1285 2368 1349 2387 esse
1367 2359 1470 2387 Filium
1491 2359 1549 2387 Dei.
1563 2360 1610 2394 qui
1630 2360 1797 2386 incarnatus
1812 2361 1841 2386 et

1013 2414 1119 2441 passus
1129 2407 1173 2432 est
1184 2414 1234 2441 pro
1246 2404 1330 2432 nobis
1341 2413 1376 2432 ex
1387 2404 1566 2439 mortuisque
1581 2404 1839 2438 resurrexit,atque

1013 2451 1185 2485 assumptus
1196 2449 1278 2477 estin
1291 2449 1384 2485 gloria
1404 2449 1439 2476 ad
1452 2456 1538 2476 suum
1552 2448 1674 2479 Patrum,
1693 2456 1724 2474 ac
1737 2456 1840 2475 rursus

1013 2495 1155 2521 venturus
1166 2495 1211 2521 est
1221 2501 1286 2521 cum
1304 2492 1434 2520 nubibus
1445 2492 1518 2526 coeli,
1536 2501 1602 2518 cum
1615 2492 1706 2527 gloria
1721 2494 1838 2527 aeterna,

1014 2539 1047 2565 ut
1061 2538 1140 2565 vivos
1156 2539 1184 2565 et
1199 2539 1328 2565 mortuos
1350 2537 1472 2572 judieet.
1490 2536 1554 2564 Haec
1581 2544 1656 2564 enim
1672 2536 1748 2563 idem
1771 2545 1838 2572 pro-

1014 2583 1101 2619 pheta
1123 2581 1225 2610 Daniel
1247 2581 1343 2609 verbis
1368 2581 1524 2618 przedixit:
1552 2594 1564 2605 υ
1581 2580 1763 2616 Aspiciebam
1789 2581 1838 2608 do-

159 2689 184 2707 ⁸³
201 2691 262 2725 Is}.
278 2697 346 2721 Lvu,
368 2689 393 2718 1.
424 2688 455 2725 ,⁸⁸
475 2688 532 2725 Isa,
551 2696 590 2725 xx,
612 2689 655 2717 1ο.
694 2689 716 2707 ⁸⁸
730 2689 806 2718 Psal.
829 2697 952 2725 Lxxxvu,

1038 2689 1060 2708 ⁵⁸
1081 2689 1151 2717 ibid.
1172 2690 1199 2717 5.
1238 2689 1259 2707 ⁵⁷
1278 2689 1333 2718 Job
1353 2697 1469 2722 xxxvm,
1490 2688 1534 2717 l7.
1573 2689 1593 2706 ⁵⁸
1610 2688 1683 2716 Psal.
1706 2695 1791 2725 anu,
1811 2691 1838 2716 7.

123 2726 148 2744 ⁸⁹
164 2724 315 2760 Ρεαιέιν,
336 2724 382 2752 10.
420 2724 443 2742 ⁸ο
462 2723 539 2753 Psal.
560 2723 616 2758 va,
635 2725 663 2753 9.
700 2725 722 2743 ⁶¹
744 2725 809 2754 Ose.
830 2733 869 2760 v1,
890 2723 949 2754 1-3ζ

1015 2727 1017 2742 ί
1037 2725 1093 2754 Isa.
1114 2733 1201 2760 xxvn,
1224 2726 1267 2753 11.

123 2762 152 2789 6.
192 2760 220 2779 ⁸³
240 2759 360 2788 Zachar.
380 2767 438 2795 xxv,
458 2761 486 2789 4.
523 2760 545 2779 ⁸⁸
564 2760 637 2789 Dan.
657 2768 710 2795 vn,
732 2761 775 2796 13,
796 2759 839 2789 ﬂ.

1313 2725 1336 2743 ⁸³
1355 2725 1431 2754 Psal.
1452 2733 1522 2760 xvn,
1544 2726 1586 2752 11.
1624 2725 1646 2742 ει
1666 2723 1743 2751 Psal.
1763 2732 1840 2758 XLVI,

164 2864 225 2902 (80)
243 2862 292 2892 Sic
306 2863 414 2900 Reg-ius
431 2863 545 2893 tertius.
564 2863 597 2893 In
611 2863 698 2893 editis
713 2863 784 2902 haec,
800 2863 826 2892 ἰν
840 2865 944 2903 νεκροῖς
959 2877 960 2889 ι

1015 2863 1109 2903 ἱθερος,
1125 2863 1208 2903 ἤγουν
1224 2865 1423 2903 ἀναμάρτητος,
1440 2865 1556 2894 desunt.
