4096 6212
314 437 430 500 699

1476 438 1537 500 S.
1584 443 2107 507 ATHANASIUS.
2136 477 2212 488 —
2243 443 2556 507 SPURIA.

3620 438 3737 499 700

314 587 419 627 nec
451 571 644 626 throni
679 569 849 642 positi
900 577 1057 633 sunt,
1091 578 1146 627 et
1176 573 1470 644 Antiquus
1501 573 1727 629 dierum
1760 576 1910 629 sedit
1947 594 1959 632 :

2112 576 2317 650 εκροός.
2352 580 2586 650 Προεῖπε
2616 574 2718 650 γὰρ
2751 574 2875 648 περὶ
2926 573 3121 628 τούτου
3153 573 3181 626 6
3220 571 3378 632 αὐτὸς
3452 572 3742 647 προφήτης

316 660 739 715 vestimentum
766 660 894 730 ejus
927 661 1245 716 candidum
1272 663 1442 732 quasi
1464 663 1581 733 nix,
1610 664 1861 734 etcapilli
1888 681 1978 719 ca-

323 750 464 821 pitis
496 749 623 817 ejus
648 749 813 819 quasi
849 749 983 803 lana
1017 751 1535 807 munda.Thronus
1568 754 1716 824 ejus,
1743 753 1979 809 ﬂamma

322 838 481 907 ignis
518 854 528 890 :
564 844 698 891 rotce
750 838 898 907 ejus,
932 838 1087 908 ignis
1135 856 1440 895 accensus.
1497 842 1733 896 Fluvius
1769 843 1977 914 igneus

334 926 553 980 ﬂuebat
585 932 714 980 ante
758 943 912 980 eum.
948 926 1127 981 Millia
1160 926 1407 983 millium
1462 930 1872 986 ministrabant
1903 933 1974 1003 ei,

334 1020 391 1069 et
424 1015 608 1069 decies
642 1015 854 1070 millies
902 1016 1051 1070 dena
1084 1016 1267 1072 millia
1311 1020 1666 1074 assistebant
1697 1023 1773 1077 ei.
1812 1022 1975 1075 Judi-

334 1104 488 1159 cium
543 1106 713 1167 sedit,
746 1111 801 1158 ct
850 1105 978 1159 libri
1013 1107 1192 1174 aperti
1235 1112 1390 1162 sunt.
1446 1110 1803 1180 Aspiciebam
1840 1116 1975 1165 tunc

335 1199 569 1264 propter
612 1210 806 1247 vocem
859 1210 1197 1249 sermonum
1250 1198 1582 1267 grandium,
1618 1216 1765 1271 quos
1796 1217 1971 1255 cornu

328 1282 472 1337 illud
525 1283 891 1351 loquebatur,
920 1284 1103 1338 donec
1151 1284 1452 1340 interfecta
1500 1293 1654 1343 esset
1683 1290 1887 1357 bestia,
1922 1295 1979 1344 et

329 1372 599 1442 periisset
633 1390 642 1425 :
678 1378 733 1425 et
762 1389 973 1443 corpus
1003 1374 1130 1443 ejus
1162 1375 1438 1429 traditum
1462 1382 1551 1431 est
1575 1378 1788 1449 utigne
1817 1396 1974 1433 com-

334 1462 641 1515 bureretur
668 1462 770 1513 57.»
803 1462 1038 1515 Clarum
1074 1468 1266 1517 autem
1300 1469 1387 1518 est
1418 1465 1662 1521 bestiam
1697 1484 1825 1522 esse
1857 1474 1975 1522 An-

334 1549 881 1604 tichristum.Filius
912 1551 1126 1622 quippe
1160 1552 1254 1607 Dei
1292 1570 1421 1607 cum
1456 1554 1694 1624 venerit,
1727 1572 1852 1611 eam
1888 1557 1975 1611 in-

334 1639 582 1693 terficiet
632 1640 841 1709 spiritu
874 1640 990 1695 oris
1021 1640 1132 1705 sui,
1168 1641 1304 1712 quia
1346 1642 1457 1714 ipsi
1491 1644 1675 1715 gloria
1703 1649 1760 1700 et
1789 1645 1979 1718 impe-

337 1728 487 1782 rium
524 1729 578 1782 in
614 1728 827 1784 saecula
858 1730 1228 1785 saeculorum.
1258 1736 1463 1787 Amen.

410 1998 491 2051 13.
529 1998 655 2051 Haec
687 2002 882 2053 autem
937 2014 1006 2053 ex
1036 1998 1238 2054 multis
1270 2017 1459 2071 pauca
1493 2018 1560 2055 ex
1615 2001 1799 2056 sacris
1829 2003 1987 2057 Scri-

342 2087 534 2157 pturis
587 2088 1023 2157 proposuimus,
1056 2105 1189 2142 cum
1241 2091 1311 2143 ad
1365 2082 1647 2157 nostram,
1681 2092 1782 2162 qui
1825 2091 1988 2146 Chri-

343 2176 516 2230 stiani
568 2193 775 2229 sumus
825 2176 1166 2247 ampliorem
1220 2179 1416 2242 tidem,
1450 2184 1574 2232 tum
1626 2180 1693 2233 ad
1740 2181 1996 2252 pertina-

342 2264 491 2319 ciam
528 2272 584 2319 et
615 2266 929 2319 amentiam
962 2266 1297 2321 Judzeorum
1352 2269 1788 2325 confutandam.
1822 2271 1987 2326 Scili-

346 2357 437 2408 cet
470 2370 624 2407 unus
660 2358 873 2409 sanctae
905 2354 1142 2409 viviﬁcaa
1170 2355 1494 2423 Trinitatis,
1530 2361 1677 2412 Deus
1706 2358 1989 2426 Verbum,

342 2447 398 2497 et
428 2442 525 2497 Dei
564 2441 762 2508 Filius,
797 2448 854 2497 et
903 2444 1183 2500 Dominus
1229 2450 1429 2499 noster
1475 2447 1647 2501 Jesus
1699 2447 1989 2517 Christus,

340 2531 466 2601 ipse
517 2536 750 2602 propter
805 2536 1062 2587 nostram
1137 2533 1385 2589 salutem
1460 2537 1736 2591 extremis
1785 2538 1991 2594 diebus

336 2620 514 2675 homo
543 2622 728 2675 factus
780 2625 867 2676 est
898 2638 965 2675 ex
1013 2623 1403 2688 sanctissima,
1449 2624 1846 2693 immaculata,
1882 2632 1986 2683 Do-

341 2709 500 2763 mina
570 2715 768 2765 nostra
831 2711 1076 2781 Deipara
1117 2717 1172 2765 et
1211 2729 1442 2783 semper
1498 2713 1720 2785 virgine
1774 2716 1979 2771 Maria.

344 2798 622 2869 Idemque
645 2799 918 2853 omnibus
942 2801 1131 2855 divine
1156 2804 1993 2876 peractis.passusque,quem-

344 2886 659 2941 admodum
716 2886 1009 2959 prophetae
1065 2888 1465 2959 praedixerant,
1498 2906 1683 2961 genus
1724 2898 1991 2947 nostrum

349 2992 415 3029 ex
464 2976 708 3030 fallaciis
758 2981 813 3031 et
861 2977 1137 3032 servitute
1180 2978 1399 3034 inimici
1452 2980 1685 3051 eripuit.
1741 2982 1848 3036 Pro
1906 2988 1993 3037 tot

344 3065 523 3135 igitur
555 3066 850 3133 tantisque
905 3067 1202 3122 beneficiis
1236 3068 1451 3139 quibus
1484 3087 1592 3124 sua
1640 3070 1873 3125 bonitas
1906 3071 1991 3126 di-

343 3160 515 3218 gnata
549 3170 652 3207 nos
683 3160 788 3223 est,
823 3156 1164 3210 studeamus
1195 3158 1345 3229 grati
1378 3159 1426 3213 ei
1469 3174 1617 3224 esse,
1654 3169 1991 3216 sanctorum

345 3240 617 3295 videlicet
672 3244 1078 3299 mandatorum
1128 3247 1553 3312 observatione,
1590 3254 1653 3304 ut
1692 3254 1906 3305 aeterna
1937 3254 1994 3304 et

2094 663 2317 735 Δανιήλ·
2352 690 2378 715 ι‹
2415 665 2712 739 Ἐθεώρουν
2738 660 2842 725 ἕως
2872 664 2932 717 οὗ
2965 662 3147 733 θρόνοι
3180 660 3452 731 ἐτέθησαν,
3484 660 3574 716 καὶ
3630 665 3740 714 Πα-

2094 750 2247 814 λαιὸς
2280 756 2500 829 ἡμερῶν
2535 753 2784 823 ἐκάθητο·
2819 752 2908 807 καὶ
2965 753 3027 806 τὸ
3080 747 3279 823 ἔνδυμα
3323 751 3487 804 αὐτοῦ
3546 748 3737 804 λευκὸν

2095 842 2220 896 ὡσεῖ
2252 844 2413 918 χιὼν,
2448 844 2535 897 καὶ
2630 844 2743 917 θρὶξ
2773 849 2872 911 τῆς
2904 839 3147 918 κεφαλῆς
3195 840 3357 893 αὐτοῦ
3415 838 3541 892 ὡσεὶ
3593 834 3738 912 ἔριον

2092 933 2342 1004 καθαρόν.
2374 933 2434 988 Ὀ
2468 932 2655 1007 θρόνος
2686 932 2848 986 αὐτοῦ
2897 932 3032 1009 φλὸξ
3083 931 3269 1005 πυρὸς,
3304 931 3354 983 οἳ
3402 930 3599 1004 τροχοὶ
3646 927 3745 981 αὐ-

2092 1025 2188 1073 τοῦ
2241 1026 2345 1096 πῦρ
2400 1020 2616 1099 φλέγον.
2682 1022 2933 1094 Ποταμὸς
2994 1021 3160 1093 πυρὸς
3210 1018 3382 1073 εἷλκεν
3439 1016 3742 1093 ἔμπροσθεν

2095 1108 2278 1182 αὐτοῦ,
2334 1108 2511 1185 χίλιαι
2561 1107 2809 1185 χιλιάδες
2856 1108 3233 1183 ἐλειτούργουν
3290 1105 3455 1177 αὐτῷ,
3499 1106 3588 1160 καὶ
3643 1105 3744 1178 μό-

2096 1219 2205 1273 ριαι
2243 1197 2497 1271 μυριάδες
2552 1199 2912 1274 παρείστηκαν
2966 1196 3133 1267 αὐτῷ.
3169 1199 3457 1271 Κριτήριον
3511 1194 3745 1265 ἐκάθισε,

2094 1288 2183 1343 καὶ
2221 1284 2406 1364 βίϐλοι
2447 1289 2829 1363 ἠνεῴχθησαν.
2864 1288 3160 1361 Ἐθεώρουν
3220 1285 3342 1340 τότε
3392 1285 3497 1339 ἀπὸ
3558 1292 3745 1361 φωνῆς

2093 1382 2197 1432 τῶν
2232 1376 2411 1452 λόγων
2443 1382 2548 1430 τῶν
2584 1375 2858 1452 μεγάλων,
2889 1377 2965 1429 ῶν
2997 1376 3058 1430 τὸ
3088 1376 3249 1447 κέρας
3299 1373 3468 1428 ἐκεῖνο
3530 1372 3746 1441 ἐλάλει,

2093 1464 2195 1527 ἓως
2231 1467 2456 1541 ἀνῃρέθη
2502 1466 2564 1520 τὸ
2616 1465 2802 1537 θηρίον
2863 1464 2953 1519 καὶ
3012 1462 3286 1533 ἀπώλετο,
3320 1462 3407 1517 καὶ
3465 1462 3527 1516 τὸ
3586 1466 3750 1533 σῶμα

2097 1555 2259 1610 αὐτοῦ
2319 1553 2479 1625 ἐδόθη
2540 1556 2617 1616 εἰς
2677 1559 2863 1609 καῦσιν
2924 1552 3113 1628 πυρός.
3153 1550 3502 1627 »Πρόδηλον
3550 1548 3628 1619 δὲ,
3664 1550 3749 1604 ὅτι

2091 1647 2154 1709 τὸ
2188 1645 2374 1720 θηρίον
2408 1646 2435 1699 ὁ
2470 1643 2843 1719 Ἀντίχριστός
2884 1642 3044 1698 ἐστιν.
3082 1644 3144 1698 Ὀ
3173 1642 3273 1717 γὰρ
3307 1642 3425 1701 Υἱὸς
3468 1645 3566 1694 τοῦ
3613 1644 3751 1694 Θεοῦ

2097 1732 2417 1809 ἐρχόμενος,
2449 1732 2629 1787 ἀνελεῖ
2661 1732 2818 1787 αὐτὸν
2870 1737 2948 1804 τῷ
2995 1732 3263 1803 πνεύματι
3319 1734 3417 1785 τοῦ
3476 1729 3750 1801 στόματος

2096 1823 2281 1890 αὐτοῦ,
2316 1821 2399 1876 ὅτι
2426 1820 2573 1893 αὐτῷ
2605 1822 2637 1889 ἡ
2665 1818 2791 1891 δόξα
2816 1820 2904 1875 καὶ
2937 1820 2996 1874 τὸ
3041 1819 3238 1895 κράτος
3270 1819 3345 1880 εἷς
3382 1817 3509 1880 τοὺς
3541 1817 3747 1879 αἰῶνας

2093 1915 2201 1966 τῶν
2236 1910 2471 1966 αἰώνων.
2507 1911 2565 1965 Ἀ
2578 1911 2684 1981 μήν
2696 1954 2707 1965 .

2173 2003 2257 2057 13.
2287 2002 2470 2056 Ταῦτα
2500 1997 2557 2054 δὲ
2587 1998 2646 2053 ἐκ
2675 1998 2901 2054 πολλῶν
2936 1998 3094 2075 ὀλίγα
3124 1997 3182 2052 ἐκ
3227 2002 3333 2051 τῶν
3386 1996 3554 2071 ἁγίων
3612 2002 3751 2071 Γρα-

2100 2094 2212 2166 (ρῶν
2257 2089 2596 2160 παρεθέμεθα
2643 2088 2781 2162 πρὸς
2844 2089 2935 2160 μὲν
2996 2087 3263 2158 ἡμετέραν
3321 2090 3428 2140 τῶν
3491 2090 3752 2160 Χριστια-

2099 2183 2205 2232 νῶν
2242 2176 2463 2250 μείζονα
2510 2177 2710 2247 πίστιν,
2742 2177 2877 2251 πρὸς
2924 2174 3155 2251 ἔλεγχον
3206 2173 3263 2229 δὲ
3313 2177 3413 2243 τῆς
3446 2171 3754 2242 Ἰουδαϊκῆς

2103 2264 2530 2342 σκληροκαρδίας
2585 2265 2673 2319 καὶ
2733 2259 3183 2341 φρενοϐλαϐείας
3242 2266 3367 2320 ’Ότι
3428 2264 3456 2316 6
3514 2264 3590 2324 εἷς
3648 2268 3753 2332 τῆς

2102 2356 2255 2430 άγίας
2292 2360 2563 2424 ζωοποιοῦ
2592 2353 2837 2428 Τριάδος,
2871 2356 3003 2415 Θεὸς
3048 2353 3220 2428 Λόγος
3272 2354 3361 2407 καὶ
3420 2356 3553 2407 Θεοῦ
3604 2352 3756 2419 Υἱὸς,

2100 2445 2188 2500 καὶ
2221 2447 2248 2499 6
2296 2445 2493 2521 Κύριος
2537 2445 2696 2517 ἡμῶν
2748 2445 2956 2513 Ἰησοῦς
3002 2442 3253 2519 Χριστὸς,
3287 2440 3445 2502 αὐτὸς
3508 2438 3597 2495 διὰ
3650 2441 3756 2509 τὴν

2103 2535 2371 2609 ἡμετέραν
2412 2533 2680 2606 σωτηρίαν
2744 2531 2824 2586 ἐπ’
2878 2530 3119 2606 ἐσχάτων
3169 2535 3275 2585 τῶν
3328 2531 3549 2604 ἡμερῶν
3600 2528 3759 2599 ἐνην-

2103 2625 2386 2699 θρώπησεν
2420 2622 2478 2677 ἐκ
2506 2629 2606 2691 τῆς
2635 2621 2903 2695 παναγίας
2934 2620 3210 2695 ἀχράντου
3244 2617 3531 2688 δεσποίνης
3592 2620 3758 2690 ἡμῶν

2101 2713 2388 2783 Θεοτόκου,
2419 2713 2507 2766 καὶ
2540 2712 2619 2766 ἀεὶ
2670 2709 2937 2785 παρθένου
2994 2711 3225 2783 Μαρίας.
3258 2709 3356 2763 Καὶ
3415 2708 3588 2763 πάντα
3641 2709 3759 2762 Oso-

2101 2807 2321 2874 πρεπῶς
2382 2800 2840 2877 ἀπεργασάμενος,
2872 2798 2961 2852 καὶ
3018 2798 3229 2866 παθῶν,
3271 2798 3449 2861 καθὼς
3506 2798 3559 2851 οἱ
3609 2799 3763 2870 ἅγιοι

2102 2896 2364 2966 προεῖπον
2396 2893 2694 2966 προφῆται,
2727 2885 2921 2943 ἔσωσεν
2960 2886 3019 2942 ἐκ
3062 2894 3160 2956 τῆς
3210 2891 3308 2941 τοῦ
3362 2884 3562 2961 ἐχθροῦ
3615 2884 3762 2940 πλάο

2101 3002 2200 3051 νης
2231 2980 2319 3035 καὶ
2353 2978 2603 3041 δουλείας
2640 2978 2703 3032 τὸ
2760 2978 2912 3052 γένος
2970 2978 3151 3049 ἡμῶν.
3183 2976 3336 3048 Ὑπὲρ
3394 2980 3498 3029 τῶν
3553 2974 3760 3030 τοσού-

2100 3092 2206 3125 των
2263 3068 2353 3122 οὖν
2434 3068 2775 3143 εὐεργεσιῶν,
2839 3068 2911 3120 ὧν
2970 3071 3157 3141 τυχεῖν
3214 3065 3358 3138 παρά
3426 3070 3525 3132 τῆς
3592 3062 3762 3118 αὑτοῦ

2103 3161 2440 3234 ἀγαθότητος
2474 3159 2812 3230 ἠξιώθημεν,
2846 3153 3237 3228 σπουδάσωμεν
3274 3154 3548 3229 εὐάρεστοι
3608 3154 3761 3225 αὐτῷ

2102 3248 2484 3324 ἀναδειχθῆναι
2519 3246 2607 3302 διὰ
2635 3254 2735 3315 τῆς
2783 3250 2892 3301 τῶν
2940 3245 3110 3319 ἁγίων
3163 3244 3327 3299 αὐτοῦ
3376 3242 3610 3298 ἐντολῶν
3662 3241 3759 3297 ἐκ-

350 3329 582 3383 inﬁnita
611 3330 764 3384 bona
810 3333 1087 3403 consequi
1138 3334 1455 3404 possimus,
1488 3336 1545 3391 in
1588 3338 1715 3408 ipso
1764 3338 1989 3395 Christo

2112 3338 2468 3412 πληρώσεως,
2503 3336 2651 3398 ὅπως
2683 3336 2773 3390 καὶ
2801 3339 2910 3390 τῶν
2963 3334 3194 3389 αἰωνίων
3242 3332 3331 3387 καὶ
3380 3331 3762 3402 ἀτελευτητων

353 3422 464 3472 Deo
499 3423 716 3483 nostro,
750 3419 842 3474 cui
874 3420 1059 3493 gloria
1091 3427 1146 3476 et
1196 3423 1505 3495 imperium
1559 3442 1692 3480 eum
1726 3428 1991 3499 omnipo-

350 3508 490 3562 tenti
544 3510 670 3577 ejus
722 3508 907 3579 Patre,
958 3514 1015 3564 et
1052 3512 1428 3568 sanctissimo
1472 3530 1536 3568 ac
1585 3515 1807 3571 viviﬁco
1859 3517 1992 3590 Spi-

350 3597 485 3661 ritu,
556 3614 708 3652 nunc
760 3602 816 3653 et
865 3615 1096 3671 semper
1142 3605 1198 3656 et
1248 3600 1305 3656 in
1356 3603 1569 3659 sacula
1620 3604 1989 3661 saeculorum.

346 3687 551 3742 Amen.

2101 3428 2312 3503 ἀγαθῶν
2348 3425 2696 3502 ἐπιτόχωμεν
2749 3423 2797 3478 ἐν
2860 3423 3006 3495 αὐτῷ
3037 3425 3252 3493 Χριστῷ
3278 3426 3358 3493 τῷ
3406 3426 3523 3493 Θεῷ
3571 3422 3763 3491 ἡμῶν,

2102 3519 2147 3588 ᾧ
2247 3517 2371 3588 δόξα
2401 3515 2582 3570 καὶτὸ
2630 3513 2826 3586 κράτος
2875 3512 2967 3567 σὺν
3015 3516 3094 3584 τῷ
3141 3512 3536 3584 παντοκράτορι
3588 3510 3767 3583 Πατρὶ

2103 3605 2287 3674 αὐτοῦ,
2323 3605 2411 3658 καὶ
2450 3607 2530 3674 τῷ
2582 3602 2827 3677 παναγίῳ
2879 3601 2966 3656 καὶ
3025 3605 3279 3671 ζωοποιῷ
3334 3600 3637 3672 Πνεῦματι,
3665 3602 3762 3652 νῦν

2104 3695 2190 3749 καὶ
2225 3694 2327 3765 ἀεὶ,
2358 3692 2449 3747 καὶ
2481 3692 2556 3753 είς
2586 3691 2712 3753 τοὺς
2744 3691 2944 3753 αἰῶνας
2974 3696 3080 3745 τῶν
3113 3689 3350 3746 αἰώνων.
3383 3690 3582 3762 Ἄρην.

349 4002 737 4073 Quaestiones
787 4009 1119 4082 sequentes
1168 4004 1231 4063 in
1283 4004 1647 4082 Evangelia,
1697 4022 1772 4064 ex
1824 4004 2037 4066 codice
2086 4006 2238 4081 Reg.
2290 4004 2471 4076 2431,
2523 4019 2690 4060 nunc
2739 4001 3007 4082 primum
3042 3997 3367 4082 {inlucem
3418 3997 3764 4077 prodeunt.

692 4078 1093 4161 Adjiciuntur
1124 4103 1313 4161 porro
1343 4087 1405 4145 in
1436 4078 1656 4146 eodem
1689 4086 1903 4147 codice
1935 4086 2015 4145 ad
2045 4078 2280 4145 calcem
2316 4082 2689 4155 Quaestionis
2722 4082 2860 4157 136,
2893 4079 2973 4139 ad
3004 4078 3407 4140 Antiochum.

431 4233 759 4297 QU/ESTIO
795 4237 834 4287 Ι.
870 4258 895 4283 ‹‹
931 4235 1147 4292 Christi
1187 4240 1379 4292 autem
1413 4236 1708 4308 generatio
1741 4237 1825 4292 sic
1854 4241 1996 4292 erat.

354 4323 496 4376 Cum
530 4324 687 4377 enim
738 4328 891 4378 esset
921 4325 1275 4395 desponsata
1321 4333 1506 4380 mater
1536 4326 1665 4397 ejus
1699 4326 1877 4381 Maria
1906 4327 1997 4380 Jo-

352 4412 495 4483 seph
526 4413 588 4465 ⁸⁸.
628 4437 647 4461 ω
687 4412 872 4475 Quare
904 4430 1019 4468 non
1050 4413 1194 4467 dixit
1225 4430 1237 4467 :
1275 4413 1419 4468 Cum
1464 4420 1617 4469 esset
1650 4415 2002 4485 desponsata

354 4502 537 4571 virgo,
573 4501 669 4555 sed
707 4522 732 4549 α
768 4500 949 4556 Mater
977 4502 1105 4572 ejus
1126 4502 1152 4555 ?
1179 4524 1205 4551 ››

430 4590 771 4646 RESPONSIO.
808 4590 879 4645 Ut
928 4590 1225 4646 credibilis
1258 4607 1450 4647 sermo
1501 4592 1667 4659 foret,
1701 4596 1755 4646 et
1789 4596 1852 4646 ut
1898 4609 1998 4646 au-

2184 4235 2518 4290 ΕΡΩΤΠΣΙΣ
2552 4232 2615 4287 α’.
2652 4256 2677 4282 ‹‹
2711 4234 2816 4285 Τοῦ
2848 4226 2905 4283 δὲ
2937 4230 3118 4298 Ἰησοῦ
3167 4230 3400 4303 Χριστοῦ
3447 4228 3481 4296 ἠ
3514 4227 3771 4301 γέννησις

2112 4321 2284 4384 οὕτως
2316 4322 2405 4389 ἦν.
2442 4319 2872 4389 Μνηστευθείσης
2904 4317 3004 4393 γὰρ
3034 4324 3136 4386 τῆς
3173 4316 3379 4392 μητρὸς
3431 4314 3595 4370 αὐτοῦ
3651 4318 3769 4373 Μα-

2113 4411 2227 4486 ρίας
2283 4410 2362 4482 τῷ
2407 4411 2627 4486 Ἰωσήφ.
2664 4432 2691 4457 ››
2726 4407 2823 4461 Διὰ
2877 4406 2931 4461 τί
2988 4406 3088 4461 οὐκ
3135 4405 3269 4460 εἶπε·
3324 4404 3767 4475 Μνηστευθείσης

2108 4504 2207 4564 τῆς
2238 4499 2521 4574 παρθένον,
2553 4496 2697 4552 ἀλλὰ
2728 4521 2755 4547 ‹‹
2789 4500 2888 4561 τῆς
2926 4497 3133 4568 μητρὸς
3167 4494 3351 4550 αὐτοῦ.
3386 4517 3413 4545 ››

2186 4591 2581 4645 ΔΠΟΚΡΙΣΙΣ,
2643 4588 2802 4639 Ὥστε
2889 4581 3282 4660 εὐπαράδεκτον
3368 4580 3618 4658 γενέσθαι
3676 4584 3772 4637 τὸν

360 4680 916 4750 ditorem,paratum
951 4680 1021 4734 ad
1056 4680 1356 4751 quidpiam
1381 4681 1739 4735 audiendum
1774 4697 1887 4734 non
1922 4680 1977 4734 in

2117 4676 2303 4753 λόγον,
2337 4676 2423 4731 καὶ
2455 4672 2846 4751 προσδοκῶντά
2873 4695 2923 4728 τι
2969 4677 3072 4727 τῶν
3130 4673 3376 4742 συνήθων
3435 4670 3771 4734 ἀκούσασθαι

362 4774 615 4839 suetum,
642 4768 885 4825 insolitm
912 4768 990 4823 rei
1014 4769 1309 4823 additione
1332 4768 1684 4841 percelleret,
1712 4768 1956 4824 dicendo
1992 4786 2004 4824 ε

365 4883 391 4908 ‹‹
433 4862 760 4929 Antequam
802 4857 1199 4924 convenirent,
1234 4857 1466 4913 inventa
1495 4862 1583 4913 est
1615 4858 1672 4912 in
1711 4863 1872 4912 utero
1903 4857 2005 4912 ha-

362 4949 506 5003 bens
538 4950 608 5003 de
638 4948 853 5019 Spiritu
882 4951 1083 5003 sancto
1113 4948 1176 5003 ⁸9.
1212 4970 1233 4999 ι

437 5040 501 5103 Q.
533 5042 619 5092 2.‹‹
658 5039 945 5109 Apparuit
977 5042 1173 5093 autem
1206 5038 1257 5095 ei
1290 5037 1533 5110 angelus
1564 5036 1790 5093 Domini
1828 5038 1882 5091 in
1916 5052 2007 5092 so-

363 5126 515 5180 mnis
549 5128 748 5181 dicens
776 5128 884 5183 7°.»
917 5131 1105 5191 Quare
1138 5146 1248 5183 non
1283 5127 1476 5199 palam
1501 5132 1741 5199 apparet
1766 5126 2011 5197 angelus

358 5216 633 5286 Josepbo,
669 5217 1164 5287 quemadmodum
1219 5216 1557 5289 pastoribus
1588 5220 1641 5269 et
1671 5214 1958 5269 Zachariae
1983 5214 2010 5267 ‘?

434 5306 497 5361 R.
532 5306 676 5369 Quia
702 5306 1017 5361 admodum
1071 5305 1258 5361 ﬁdelis
1287 5311 1410 5361 erat
1440 5305 1524 5359 vir
1567 5304 1683 5359 ille.
1718 5303 1830 5359 Nec
1864 5320 2010 5375 opus

362 5394 445 5448 illi
479 5398 603 5449 erat
625 5395 917 5465 ejusmodi
949 5395 1191 5451 visione.

432 5488 494 5547 Q.
530 5486 581 5537 3.
637 5509 661 5532 ‹‹
712 5484 792 5539 Ne
838 5484 1047 5540 timeas
1096 5484 1355 5555 accipere
1410 5483 1649 5541 Mariam
1701 5483 2009 5555 conjugem

364 5580 526 5630 tuam
558 5575 621 5628 τί.
660 5597 687 5623 ››
718 5575 905 5640 Quare
935 5574 1081 5629 dixit
1113 5589 1125 5629 :
1161 5597 1189 5624 «
1222 5572 1302 5629 Ne
1335 5574 1543 5629 timeas
1566 5573 1592 5627 ?
1621 5591 1648 5625 ι

1704 5773 1748 5807 ⁸ο
1779 5771 1922 5829 ibid.

431 5775 473 5807 ⁶⁷
506 5772 657 5829 Psal.
690 5790 789 5846 vn,
819 5772 975 5827 9-11.
1051 5772 1094 5807 ⁸⁸
1125 5769 1326 5829 Matth.
1364 5788 1403 5841 1,
1438 5772 1626 5828 16-18.

2001 5771 2047 5808 ⁷ο
2075 5768 2219 5826 ibid.
2252 5768 2343 5823 20.

2116 4769 2205 4821 τὸν
2237 4767 2527 4842 ἀκροστήν,
2558 4762 2876 4836 καταπλήξῃ
2904 4765 2969 4834 τῇ
3015 4764 3110 4815 τοῦ
3158 4758 3464 4833 παραδόξου
3510 4758 3770 4835 πράγμα-

2115 4879 2210 4918 τος
2249 4857 2533 4931 ἐπαγωγῇ,
2596 4853 2796 4928 λέγων’
2850 4875 2878 4903 ‹‹
2933 4851 3062 4925 [Ιρὶν
3113 4850 3146 4918 ἢ
3212 4848 3486 4904 συνελθεῖν
3548 4848 3775 4914 αὐτοὺς,

2119 4944 2307 5018 εὑρέθη
2345 4943 2394 4998 ἐν
2426 4940 2618 5018 γαστρῖ
2650 4940 2853 5016 ἔχουσα
2885 4937 2945 4992 ἐκ
2975 4937 3286 5009 Πνεῦματος
3318 4936 3497 5011 ἁγίου.
3536 4960 3565 4987 ››

2192 5034 2385 5109 Ἐρώτ.
2411 5034 2518 5107 β’.‹‹
2541 5033 2717 5109 Ὠφθη
2752 5026 2809 5083 δὲ
2840 5027 2986 5098 αὐτῷ
3018 5023 3250 5102 ἅγγελος
3273 5023 3473 5101 Κυρίου
3502 5026 3624 5079 κατ’
3646 5022 3778 5101 ὄναρ

2120 5120 2315 5197 λέγων·
2353 5146 2381 5173 ››
2413 5121 2509 5175 Διὰ
2534 5120 2587 5173 τί
2619 5120 2693 5191 μή
2730 5119 2971 5194 φανερῶς
3018 5114 3262 5191 φαίνεται
3322 5113 3349 5166 6
3406 5110 3640 5187 ἅγγελος
3696 5119 3780 5185 τῷ

2119 5212 2343 5280 Ἰωσὴφ,
2378 5210 2615 5284 καθάπερ
2644 5213 2760 5267 τοῖς
2791 5204 3019 5277 ποιμέσι
3050 5202 3138 5257 καὶ
3168 5207 3247 5275 τῷ
3278 5201 3527 5278 Ζαχαρία
3551 5224 3566 5255 ι

2191 5300 2376 5356 Ἀπόκ.
2434 5300 2557 5355 ’Ότι
2617 5293 2822 5374 σφόδρα
2897 5292 3087 5353 πιστὸς
3145 5292 3210 5361 ἦν
3266 5292 3293 5344 6
3351 5291 3512 5365 ἀνὴρ,
3567 5293 3660 5346 καὶ
3715 5291 3779 5348 οὗ

2122 5387 2377 5463 δεόμενος
2408 5395 2507 5457 τῆς
2537 5386 2796 5455 τοιαύτης
2827 5380 3023 5456 ὅψεως.

2194 5480 2388 5551 Ἐρώτ.
2423 5483 2489 5553 γ’.
2520 5501 2548 5529 ι(
2582 5477 2670 5543 Μὴ
2720 5467 2971 5551 φοϐηθῇς
3018 5465 3354 5547 παραλαϐεῖν
3404 5470 3637 5544 Μαριὰμ
3676 5473 3779 5540 τὴν

2122 5570 2351 5645 γυναῖκά
2380 5589 2494 5625 σου.
2531 5590 2561 5620 ››
2594 5566 2692 5622 Διὰ
2718 5564 2771 5620 τί
2804 5562 2938 5619 εἶπε·
2972 5561 3060 5631 Μὴ
3094 5555 3368 5639 φοϐηθῇς.

2418 5769 2460 5804 τί
2495 5765 2637 5823 ibid.
