2048 3106
148 226 206 256 ’101

628 227 884 264 ΟΗΑΞΞΤΙΟΝΕΞ
906 228 958 259 AD
982 227 1216 259 ANTIOCHUM
1239 227 1387 259 DUCEM.

1800 228 1859 257 ’102

189 292 302 328 Ἀπόκρ.
330 291 439 323 Δεικνὺς
466 292 545 325 αὐτὸν
573 292 713 321 δεδοικότα
744 295 782 330 μή
805 294 976 332 προσκρούσῃ

1070 295 1103 322 R-
1120 294 1252 322 Declarat
1266 302 1332 322 eum
1349 293 1495 328 timuisse,
1521 301 1557 321 ne
1582 292 1673 321 Deum
1690 293 1859 329 oﬁ'enderet,

148 337 190 371 τῷ
205 338 276 372 Θεῷ,
292 336 329 367 ὡς
347 336 500 375 μοιχαλίδα
515 336 601 375 ἔχων.

189 381 286 417 Ἐρώτ.
303 378 334 409 δ’.
351 381 400 408 Διὰ
414 381 440 409 τί
456 382 524 415 εἷπε,
543 395 556 408 ))
571 383 620 417 τήν
636 384 749 420 γυναικά
764 393 831 418 σου;
849 395 859 409 ι

189 424 345 456 ¹Απόκ.¹Ως
377 426 415 461 μή
445 425 643 465 διεφθαρμένης
673 427 756 462 αὐτῆς
784 426 879 463 οὔσης.
897 427 980 455 Καλεῖ

149 468 181 496 δὲ
196 469 280 503 αὐτὴν
299 473 411 506 γυναῖκα
425 470 479 498 ἀπὸ
504 475 554 506 τῆς
580 472 733 508 μνηστείας·
759 472 849 509 ὥσπερ
880 472 978 503 εἰώθα-

150 524 200 550 μεν
217 511 359 551 γαμϐροὺς
377 514 466 552 λέγειν
482 516 527 543 καὶ
543 516 702 554 προγάμους
717 516 781 548 τοὺς
808 520 978 554 μνηστῆρας.

189 559 288 596 Ἐρώτ.
304 559 332 587 ε’.
352 571 364 584 ι‹
380 560 484 595 Τὲξεται
511 559 540 588 δὲ
569 561 641 590 Υἱόν.
666 573 680 587 ››
705 562 754 589 Διὰ
781 562 807 588 τί
832 561 881 588 οὐκ
910 561 978 589 εἶπε·

149 603 263 637 Τὲξεται
280 602 309 630 δὲ
325 614 366 630 σοι
381 613 387 638 ;

189 648 284 676 Ἀπόκ.
313 649 373 677 ’Ότι
403 648 453 676 οὐκ
481 649 553 685 αὖτῷ
581 649 683 686 ἔμελλε
722 650 796 687 μόνῳ
833 650 978 685 τίκτεσθαι,

149 691 226 719 ἀλλὰ
240 694 275 728 τῇ
293 692 440 730 οἰκουμένῃ
455 694 537 731 πάσῃ.

189 737 288 773 Ἐρώτ.
357 748 368 763 ι
386 738 428 765 Ἐν
445 738 562 775 ἡμέραις
577 737 700 776 Ἡρώδου
720 742 768 767 τοῦ
796 739 942 778 βασιλέως.
965 751 979 765 ››

149 781 201 808 Διὶ
228 780 254 807 τί
283 782 436 819 προσίθηκε
463 783 493 809 τὸ
523 783 639 819 ἀξίωμα,
656 783 751 820 εἰπὼν,
783 796 796 810 ι(
826 786 877 812 τοῦ
908 785 981 822 βασι-

150 824 224 856 λέως
239 835 246 858 ;
265 837 278 850 n

189 869 288 897 Ἀπόχ.
305 869 415 905 Ἐπειδὴ
440 870 484 898 καὶ
509 869 600 909 ἕτερος
626 873 732 909 γέγονεν
758 871 884 911 Ἡρώδης
904 873 918 900 ὁ
933 873 979 900 τὸν

151 912 317 952 Πρόδρομον
332 913 448 944 ἀνελών.
464 915 540 944 Ἀλλ’
555 915 656 947 ἐκεῖνος
670 916 826 954 τετράρχης
841 919 884 952 ἦν,
901 918 980 949 οὗτος

153 957 184 986 δὲ
200 958 339 997 βασιλεύς.

192 1003 289 1041 Ἐρώτ.
307 1004 336 1038 ζ.
355 1016 366 1029 ι
384 1004 518 1042 Ἐγερθεὶς
533 1003 676 1043 παράλαϐε
690 1006 721 1033 τὸ
738 1004 846 1033 παιδίον
863 1006 907 1033 καὶ
932 1007 980 1041 τὴν

159 1048 266 1085 μητέρα
292 1048 384 1076 αὐτοῦ.
403 1061 416 1074 ››
433 1049 480 1076 Διά
506 1049 533 1077 τί
560 1050 611 1077 οὐκ
637 1051 704 1085 εἶπε,
720 1051 773 1085 Τὴν
794 1052 908 1089 γυναῖκά
923 1063 981 1088 σου²

156 1091 232 1120 ἀλλὰ
249 1105 262 1118 ί(
277 1093 330 1126 Τὴν
349 1093 453 1131 μητέρα
467 1093 569 1129 αὖτοῦ;
589 1106 602 1120 ›ι

194 1137 292 1165 ’Δπόκ.
309 1136 432 1173 Ἐπειδὴ,
447 1137 497 1165 τοῦ
518 1138 601 1166 τόκου
625 1140 708 1177 πέρας
733 1137 874 1175 λαϐόντος,
896 1139 980 1176 ἐλύθη

151 1191 185 1208 τε
197 1182 216 1216 ἡ
235 1181 346 1218 ὑποψία,
365 1182 410 1209 καὶ
427 1183 441 1209 ὁ
456 1183 556 1222 Ἰωσὴφ
582 1183 730 1218 ἐπιστώθη.
753 1184 801 1211 Διά
823 1187 904 1212 τοῦτο
933 1184 980 1213 οὖν

151 1225 253 1253 λοιπὸν
275 1226 342 1262 μετὰ
355 1226 508 1264 παῤῥησίας
525 1226 676 1266 διαλέγεται
693 1229 706 1255 ὁ
728 1228 857 1266 ἄγγελος,
872 1229 915 1257 καὶ
933 1230 982 1258 οὐκ

150 1270 192 1297 έτι
206 1270 257 1304 τήν
273 1273 386 1308 γυναῖκα
401 1271 483 1298 αὐτοῦ
498 1271 586 1300 καλεῖ.

190 1315 289 1352 Ἐρώτ.
307 1316 341 1350 η’.
358 1327 373 1341 ι(
391 1315 439 1343 Καὶ
455 1318 534 1354 φεῦγε
549 1316 587 1347 εἷς
604 1315 779 1355 Αἴγυπτον.»
797 1319 846 1345 Διά
860 1318 885 1345 τί
900 1318 980 1346 ἀκού-

152 1369 214 1390 σας’
230 1371 245 1385 α
261 1361 349 1397 Φεῦγε
364 1359 403 1390 είς
420 1359 568 1398 Αἴγυπτον,
585 1374 598 1387 ))
615 1361 664 1389 οὒκ
679 1361 816 1400 ἐταράχθη
831 1373 837 1397 ;

191 1448 288 1476 ’Δπόκ.
306 1447 414 1484 Ἐπειδή
447 1450 541 1481 πιστὸς
569 1452 600 1485 ἦν
630 1451 644 1478 ὁ
672 1450 752 1487 ἀνὴρ,
777 1450 820 1480 διὸ
850 1452 978 1481 ὑπακούει

150 1493 197 1520 καὶ
214 1493 345 1522 πείθεται.

190 1538 287 1575 Ἐρώτ.
304 1538 335 1566 θ’.
352 1539 401 1566 Διὰ
414 1539 441 1566 τί
458 1538 507 1566 οὐκ
531 1539 568 1570 εἷς
593 1537 682 1575 ἄλλην
710 1540 803 1580 χώραν
832 1542 977 1579 πέμπεται,

151 1582 220 1610 ἀλλ’
236 1582 273 1613 εἷς
290 1581 426 1620 Αἴγυπτον
437 1592 445 1618 ;

189 1626 286 1655 Ἀπόκ.
303 1628 360 1656 Ἵνα
375 1627 512 1665 πληρωθῇ
533 1629 550 1663 ἡ
575 1629 728 1668 προφητεία
751 1631 768 1665 ἡ
795 1630 919 1668 λέγουσα,
936 1631 979 1659 ὅτι

149 1684 166 1697 α
184 1672 228 1708 Ἐξ
244 1671 384 1709 Αἰγύπτου
399 1672 513 1700 ἐκάλεσα
527 1673 572 1700 τὸν
589 1673 651 1700 Υἱόν
667 1685 730 1710 μου.
747 1686 761 1700 ››

186 1716 285 1753 Ἐρώτ.
302 1717 326 1745 ι’.
346 1728 359 1743 ι
374 1717 507 1748 Ἀκοῦσπς
523 1716 552 1745 δὲ
571 1718 687 1754 Ἱησοῦς,
703 1718 744 1746 ὅτι
761 1719 888 1755 Ἰωάννης
904 1731 974 1759 παρ-

147 1759 245 1795 εδόθη,
261 1761 433 1799 ἀνεχώρησεν
451 1761 488 1792 εἷς
510 1762 559 1796 τὴν
590 1762 751 1792 Γαλιλαίαν.
774 1775 787 1789 ›ι
812 1764 860 1791 Διὰ
883 1765 910 1792 τί
933 1765 977 1793 ἆν-

148 1805 310 1843 εχώρησενς

185 1849 285 1878 Ἀπόκ.
303 1848 441 1877 Παιδεόων
465 1851 540 1887 ἡμᾶς
568 1850 676 1890 φεύγειν
704 1852 768 1883 τοὺς
796 1854 976 1891 πειρασμούς.

148 1893 188 1923 06
205 1893 259 1931 γὰρ
274 1891 401 1931 ἔγκλημα
414 1896 447 1922 τὸ
463 1895 501 1931 μὴ
519 1894 622 1933 ῥίπτειν
652 1896 745 1923 ἑαυτὸν
776 1897 814 1928 εἰς
841 1897 975 1934 κίνδυνον,

150 1938 226 1966 ἀλλὰ
240 1938 272 1966 τὸ
288 1938 439 1974 ἐμπεσόντα
455 1940 493 1976 μὴ
510 1943 604 1974 στῆναι
620 1940 761 1977 γενναίως·

183 2028 284 2065 Ἐρώτ.
302 2028 345 2056 ια’.
362 2039 376 2053 ί(
392 2027 467 2055 Ἰδὼν
484 2026 513 2056 δὲ
526 2029 541 2056 ὁ
556 2029 661 2064 Ἰησοῦς
676 2030 740 2061 τοὺς
764 2029 867 2069 ὄχλους
893 2032 974 2068 ἀνέϐη

149 2072 187 2103 είς
203 2072 237 2099 τὸ
251 2072 326 2109 ὅρος.
347 2085 357 2098 ι
374 2073 423 2100 Διὰ
437 2072 463 2100 τί
477 2071 559 2108 ἀνέϐη
577 2073 614 2105 εἰς
630 2075 661 2101 τὸ
676 2072 741 2112 ὄρος
755 2088 763 2109 ;

185 2116 283 2145 ’Δπόχ.
310 2116 359 2144 Διὰ
387 2117 418 2144 τὸ
446 2116 609 2155 ἀφιλότιμον
638 2119 683 2146 καὶ
714 2119 912 2156 ἀκόμπαστον·
944 2122 974 2149 οὗ

145 2161 199 2199 γὰρ
215 2164 347 2199 περιῆγεν
363 2161 460 2193 αὐτοὺς
489 2163 547 2198 μεθ’
562 2162 667 2192 ἑαυτοῦ,
684 2163 765 2191 Ἀλλ’
781 2163 825 2192 ὅτε
851 2166 897 2201 μὲν
927 2177 975 2194 πε-

147 2208 299 2243 ριπατῆσαι
329 2205 393 2240 ἔδει,
420 2206 500 2237 αὐτὸς
527 2207 611 2243 μόνος
638 2208 746 2244 περιῄει
762 2210 914 2247 πανταχοῦ,
929 2211 973 2238 καὶ

145 2250 245 2281 πόλεις
274 2250 319 2277 καὶ
350 2250 443 2288 χώρας
471 2250 722 2288 ἐπισκοπούμενον
754 2252 798 2280 ὅτε
828 2252 857 2281 δὲ
885 2254 973 2287 πολὺς

145 2293 237 2333 ὄχλος
253 2296 377 2332 γέγονεν,
394 2295 420 2323 ἰν
433 2295 471 2322 ἑνὶ
487 2295 602 2331 ἐκάθητο
618 2297 705 2332 τόπῳ.

1035 341 1135 375 utpote
1151 339 1314 367 adulteram
1330 338 1442 366 habens
1457 346 1586 366 uxorem.

1070 384 1102 416 Ο.
1120 384 1146 410 Ιι.
1163 383 1256 415 Quare
1271 383 1354 418 dixit,
1370 384 1525 419 conjugem
1541 382 1644 410 tuam?
1660 393 1674 406 ››

1071 428 1149 457 254
1159 428 1192 455 R.
1204 428 1307 464 Utpote
1322 436 1381 455 non
1397 426 1668 463 corruptam.Vocat
1682 428 1780 454 autem
1793 434 1863 454 con-

1030 473 1145 508 jugem,
1162 473 1231 508 quia
1247 472 1426 508 desponsata
1441 474 1512 500 erat.
1530 472 1577 500 Uti
1593 471 1722 499 solemus
1738 479 1863 507 generos

1034 519 1063 544 et
1079 517 1236 552 pronubas,
1253 524 1354 544 vocare
1371 524 1484 553 procos.

1070 562 1102 593 Ο.
1115 561 1142 588 5.
1153 572 1167 586 α
1184 561 1279 588 Pariet
1294 564 1391 588 autem
1409 560 1501 588 ﬁlium
1517 561 1550 588 7’.
1562 572 1572 584 ιι
1585 561 1678 593 Quare
1693 568 1749 587 non
1766 559 1858 587 dixit:

1034 605 1130 633 Pariet
1144 607 1242 632 autem
1259 605 1335 633 tibi?

1071 650 1104 677 R.
1121 649 1194 682 Quia
1210 658 1266 677 non
1282 649 1338 685 ipsi
1354 649 1448 677 solum
1465 651 1590 686 pareret,
1608 649 1657 676 sed
1674 650 1735 676 toto
1750 647 1824 676 orbi.

1071 739 1102 771 Ο.
1119 739 1146 766 6.
1162 750 1176 763 «
1193 739 1224 766 In
1240 739 1344 766 diebus
1362 739 1482 766 Herodis
1499 738 1575 775 regis
1590 739 1623 765 ⁷³.
1655 749 1668 762 n
1694 738 1788 770 Quare
1818 737 1861 764 di-

1035 783 1174 820 gnitatem
1189 783 1311 818 addidit,
1329 791 1396 811 cum
1411 783 1495 816 dixit,
1515 793 1525 806 Ir
1543 782 1619 819 regis
1630 783 1644 810 7
1657 794 1671 808 ››

1071 873 1104 900 R.
1121 872 1194 904 Quia
1209 872 1285 900 alius
1303 872 1357 900 fuit
1372 872 1499 901 Herodes
1513 872 1562 908 qui
1577 872 1786 900 Praecursorem
1811 880 1861 900 oc-

1035 917 1116 945 cidit.
1133 918 1186 946 Sed
1204 917 1252 946 ille
1268 917 1425 952 tetrarcha,
1443 917 1488 945 hic
1504 925 1553 945 rex
1568 919 1638 945 erat.

1073 1007 1149 1039 0.7.
1173 1018 1187 1031 ι(
1215 1007 1345 1043 Surgens
1379 1006 1477 1042 accipe
1510 1014 1643 1042 puerum,
1677 1008 1706 1034 et
1738 1007 1862 1033 matrem

1037 1051 1101 1086 ejus
1128 1051 1159 1078 7‘.
1192 1062 1206 1076 ››
1235 1052 1328 1085 Quare
1358 1059 1415 1079 non
1432 1050 1526 1078 dixit:
1544 1050 1664 1079 Uxorem
1687 1052 1778 1084 tuam,
1795 1051 1858 1083 sed,

1038 1107 1052 1120 α
1069 1098 1190 1124 matrem
1207 1096 1270 1131 ejus
1282 1095 1296 1122 ‘i
1310 1105 1323 1121 ι

1072 1140 1106 1168 R.
1123 1140 1196 1173 Quia
1211 1142 1297 1176 partu
1314 1140 1494 1174 adveniente,
1520 1139 1613 1167 levata
1639 1139 1766 1176 suspicio
1794 1140 1858 1173 luit,

1036 1185 1065 1212 et
1079 1183 1187 1220 Josepb
1204 1184 1310 1212 certior
1324 1184 1419 1211 tactus
1434 1183 1559 1212 est.ldeo
1576 1192 1643 1212 cum
1661 1183 1796 1212 libertate
1812 1192 1863 1220 pa-

1036 1228 1093 1256 lam
1110 1229 1240 1264 loquitur
1254 1229 1395 1265 angelus;
1408 1236 1460 1256 nec
1477 1228 1554 1256 ultra
1570 1236 1687 1256 uxorem
1702 1229 1767 1264 ejus
1782 1231 1864 1257 vocat

1036 1273 1128 1301 illam.

1071 1320 1102 1352 0.
1119 1320 1147 1347 8.
1165 1330 1178 1344 ‹‹
1196 1319 1229 1346 Et
1243 1319 1310 1355 fuge
1327 1321 1355 1346 in
1371 1320 1521 1355 Egyptum
1537 1319 1570 1346 ⁷⁵.
1588 1329 1602 1343 ››
1618 1319 1712 1351 Quare
1727 1326 1794 1346 cum
1808 1327 1860 1346 au-

1035 1363 1127 1392 disset
1143 1372 1149 1391 :
1167 1375 1180 1388 ‹‹
1199 1364 1275 1400 Fuge
1302 1363 1331 1391 in
1357 1363 1525 1400 Egyptum,
1548 1375 1559 1389 ι
1588 1363 1776 1398 perturbatus
1801 1371 1856 1390 non

1034 1408 1114 1435 fuit?

1070 1452 1104 1480 Β.
1119 1452 1192 1484 Quia
1208 1452 1302 1480 fidelis
1315 1452 1358 1480 vir
1373 1444 1444 1485 erat,
1461 1452 1524 1480 ideo
1547 1452 1729 1488 obsequitur,
1753 1454 1782 1480 et
1805 1451 1857 1479 ob-

1034 1498 1187 1532 temperat.

1070 1541 1101 1573 Q.
1118 1542 1145 1569 υ.
1162 1541 1257 1573 Quare
1273 1541 1301 1568 in
1318 1542 1484 1578 Egyptum,
1498 1545 1526 1569 et
1542 1550 1598 1569 non
1615 1541 1645 1570 in
1662 1541 1750 1569 aliam
1768 1540 1861 1568 mitti-

1034 1587 1084 1613 tur
1100 1586 1248 1621 regionem
1259 1586 1273 1613 ‘2

1069 1630 1103 1658 Β.
1120 1630 1156 1658 Ut
1171 1630 1343 1666 impleretur
1358 1630 1511 1667 prophetia
1526 1639 1590 1667 quas
1606 1630 1694 1658 dicit:
1706 1642 1720 1656 (ι
1732 1630 1771 1658 Ex
1781 1631 1861 1666 Egy-

993 1666 1015 1700 C
1035 1677 1085 1710 pto
1101 1675 1201 1703 vocavi
1216 1674 1322 1703 Filium
1338 1683 1436 1703 meum
1450 1676 1482 1703 ⁷⁸.
1500 1686 1514 1700 ››

1067 1719 1099 1751 Ο.
1119 1720 1161 1747 10.
1180 1731 1194 1744 ιι
1211 1720 1283 1748 Cum
1299 1720 1431 1748 audisset
1443 1720 1531 1748 Jesus
1550 1719 1626 1756 quod
1651 1719 1779 1747 Joannes
1805 1721 1862 1746 tra-

1032 1764 1114 1792 ditus
1130 1767 1217 1799 esset.
1234 1764 1356 1793 secessit
1372 1765 1401 1792 in
1417 1764 1567 1793 Galilaeam
1582 1765 1614 1792 ⁷⁷.
1628 1775 1642 1789 ››
1658 1764 1752 1797 Quare
1765 1771 1864 1792 seces-

1033 1808 1072 1837 sit
1082 1808 1096 1836 Ῡ

1068 1854 1100 1881 R.
1122 1853 1291 1882 Admonens
1321 1862 1375 1882 nos
1401 1854 1555 1889 fugiendas
1579 1861 1644 1882 esse
1674 1852 1864 1881 tentationes.

1033 1897 1134 1934 Neque
1159 1898 1188 1926 id
1212 1898 1330 1926 crimini
1347 1898 1447 1931 datur,
1461 1898 1539 1934 quod
1557 1906 1613 1926 non
1630 1906 1683 1925 nos
1699 1897 1729 1924 in
1747 1897 1861 1932 pericu-

1033 1942 1094 1971 lum
1119 1942 1331 1978 conjiciamus;
1358 1942 1409 1969 sed
1433 1949 1500 1970 cum
1526 1941 1726 1976 inciderimus,
1751 1941 1777 1969 si
1802 1950 1859 1970 non

1034 1987 1207 2015 resistamus
1224 1994 1375 2023 generose.

1068 2032 1100 2064 Q.
1118 2032 1160 2059 11.
1178 2042 1192 2056 ‹‹
1209 2031 1317 2059 Videas
1333 2032 1430 2058 autem
1456 2031 1521 2066 ejus
1544 2031 1646 2059 turbas
1671 2031 1804 2059 ascendit
1828 2031 1857 2059 in

1032 2077 1160 2103 montem
1177 2076 1208 2101 "'.
1228 2087 1241 2100 »
1261 2075 1355 2107 Quare
1370 2076 1502 2104 ascendit
1516 2076 1545 2103 in
1562 2077 1690 2104 montem
1703 2075 1717 2103 ?

1066 2120 1099 2147 R.
1117 2120 1197 2152 Quod
1214 2120 1402 2148 ambitionem
1420 2120 1533 2155 fugeret
1548 2122 1577 2148 et
1591 2128 1694 2148 vanam
1719 2120 1855 2156 gloriam.

1031 2165 1092 2192 Non
1107 2164 1184 2192 enim
1212 2164 1278 2193 illas
1303 2173 1404 2192 secum
1427 2165 1657 2202 circumquaque
1680 2166 1856 2193 abducebat.

1030 2209 1085 2237 Sed
1115 2209 1232 2245 quando
1262 2209 1455 2237 incedendum
1477 2212 1548 2245 erat,
1574 2210 1636 2246 ipse
1652 2209 1732 2238 solus
1749 2210 1857 2246 ubique

1030 2253 1181 2290 circuibat,
1198 2257 1226 2282 et
1244 2254 1331 2282 urbes
1346 2256 1374 2282 et
1390 2254 1469 2282 vicos
1490 2253 1683 2290 perlustrans.
1706 2255 1778 2283 Cum
1804 2263 1856 2282 au-

1029 2301 1087 2326 tem
1105 2300 1197 2326 multa
1212 2299 1312 2326 aderat
1329 2299 1426 2332 turba,
1442 2299 1470 2326 in
1487 2307 1544 2327 uno
1560 2299 1681 2326 sedebat
1695 2298 1768 2326 loco.

183 2340 282 2376 Ἒρώτ.
300 2337 344 2368 ιϐ’.
362 2352 376 2366 α
393 2339 513 2374 Ἀνοίζας
530 2338 558 2368 δὶ
572 2340 604 2368 τὸ
622 2340 710 2377 στόμα
733 2341 814 2369 αὐτοῦ
837 2341 974 2371 ἐδίδασκεν

1067 2343 1166 2375 Q.i2.«
1181 2343 1321 2379 Aperiens
1337 2346 1434 2371 autem
1452 2352 1484 2371 os
1497 2352 1582 2371 suum
1601 2343 1853 2372 docebatillos".»

144 2383 256 2414 αὐτούς.
276 2395 290 2409 ››
306 2383 354 2411 Διὰ
367 2383 394 2411 τί
409 2384 492 2411 εἶπεν·
509 2396 523 2411 ‹‹
540 2384 662 2420 Ἀνοίξας
677 2385 709 2413 τὸ
729 2385 816 2422 στόμα
841 2386 923 2414 αὑτοῦ
938 2398 944 2422 ;
961 2400 975 2414 n

182 2426 280 2457 Ἀπόχ.
311 2429 367 2457 Ἵνα
396 2428 536 2464 μάθωμεν,
566 2429 608 2456 ὅτι
637 2430 681 2457 καὶ
710 2432 793 2467 σιγῶν
825 2430 973 2469 ἐπαίδευεν,

144 2473 214 2511 οὖχῖ
231 2472 314 2509 μόνον
326 2473 520 2511 φθεγγόμενος.

182 2518 282 2554 Ἐρώτ.
301 2518 343 2554 ιγ’.
362 2529 377 2543 ιι
392 2516 556 2555 Προσέχετε,
572 2517 649 2556 φησὶ,
664 2519 714 2552 τὴν
729 2517 918 2556 ἐλεημοσύνην
935 2522 973 2557 μὴ

143 2564 236 2590 ποιεῖν
265 2561 418 2598 ἔμπροσθεν
448 2563 502 2589 τῶν
531 2562 680 2597 ἀνθρώπων
706 2563 774 2601 πρὸς
797 2564 828 2591 τὸ
845 2565 973 2598 θεαθῆναι

140 2607 248 2637 αὐτοῖς.
264 2621 277 2632 ιι
295 2606 344 2633 Διὰ
357 2605 384 2633 τί
400 2605 443 2641 ἐηὶ
461 2606 508 2642 μὲν
524 2608 574 2639 τῆς
594 2606 782 2643 ἐλεημοσύνης
806 2610 972 2646 ηροσέθηκεν

141 2651 243 2687 εἰπὼν,
259 2650 304 2678 ἐπὶ
319 2649 348 2678 δὲ
363 2652 412 2683 τῆς
426 2653 583 2689 προσευχῆς
599 2651 643 2679 καὶ
664 2654 714 2685 τῆς
739 2653 862 2688 νηστείας
893 2653 973 2682 οὐδα-

143 2705 228 2733 tunc;

177 2739 276 2770 Ἀπόι.
307 2738 419 2774 Ἐπειδὴ
444 2739 494 2774 τὴν
525 2739 715 2777 ἐλεημοσύνην
756 2742 803 2778 μὲν
843 2740 970 2770 ἃδύνατον

140 2784 234 2819 παγεη
247 2783 348 2819 λαθεῖν,
364 2784 448 2822 ιύχήν
465 2783 493 2812 δὲ
507 2784 552 2812 καὶ
568 2784 693 2820 νηστείαν
709 2784 828 2815 δυνατόν.

177 2851 204 2868 τι
222 2851 320 2887 sum.
336 2859 357 2885 ι,
367 2851 412 2879 21.
449 2851 473 2868 τ·
486 2850 588 2880 Matth.
607 2860 638 2887 ιι,
655 2853 681 2881 1.

140 2888 166 2905 τ’
181 2886 258 2915 Ibid.
295 2887 319 2905 ιο
334 2886 436 2916 Matth.
454 2895 492 2923 vx,
510 2888 535 2916 1.

731 2853 753 2871 ⁷⁸
768 2853 842 2882 Ibid.
859 2853 904 2883 43.
942 2854 965 2872 ⁷⁸
979 2855 1053 2884 Ibid.

1031 2388 1125 2421 Quare
1141 2388 1214 2416 dixit
1231 2397 1238 2416 :
1254 2400 1268 2413 ‹‹
1286 2388 1426 2424 Aperiens
1441 2396 1473 2416 os
1489 2388 1599 2416 suum?
1613 2398 1627 2414 ι

1066 2433 1101 2462 R.
1117 2430 1154 2461 ιη
1169 2433 1336 2461 ediscamus
1351 2432 1433 2461 illum
1450 2441 1508 2460 non
1524 2432 1621 2461 solum
1635 2432 1791 2468 loquendo,
1804 2432 1855 2460 sed

1030 2477 1116 2505 etiam
1135 2477 1247 2505 silendo
1263 2477 1407 2505 docuisse.

1065 2522 1097 2554 Ο.
1127 2523 1169 2549 12.
1197 2533 1211 2547 (ι
1238 2521 1396 2556 Attendite,
1431 2522 1537 2557 inquit,
1571 2530 1607 2549 ne
1640 2521 1853 2559 eleemosynam

1029 2568 1155 2593 vestram
1173 2566 1287 2593 faciatis
1316 2574 1412 2594 coram
1433 2566 1613 2601 hominibus,
1640 2570 1672 2594 ut
1696 2566 1854 2595 videamini

1029 2611 1064 2638 ab
1080 2610 1121 2638 eis
1135 2610 1167 2637 ⁸ο.
1178 2611 1293 2643 nouare
1308 2611 1343 2638 de
1359 2610 1543 2648 eleemosyna
1559 2612 1587 2639 id
1604 2611 1729 2645 addidit,
1741 2611 1777 2639 de
1791 2619 1857 2640 ora-

1028 2655 1107 2683 tione
1122 2657 1220 2683 autem
1235 2657 1264 2683 et
1274 2655 1400 2692 jejunio,
1418 2655 1587 2685 nullatenus
1599 2656 1613 2684 ?

1063 2745 1096 2772 R.
1122 2745 1195 2778 Quia
1219 2745 1433 2782 eleemosynam
1460 2745 1641 2782 imposstbile
1666 2748 1711 2774 est
1734 2746 1852 2782 penitus

1027 2788 1116 2818 latere
1134 2798 1139 2818 :
1158 2790 1318 2819 orationem
1336 2799 1401 2818 vero
1417 2793 1446 2818 et
1456 2791 1606 2827 jejunium
1630 2790 1771 2827 possibile
1794 2792 1847 2816 est.

1110 2857 1132 2874 ⁷⁵
1146 2857 1212 2892 Ose,
1229 2866 1268 2891 ιι,
1284 2858 1309 2885 1.
1348 2857 1369 2875 ⁷⁷
1384 2857 1469 2886 Joan.
1486 2866 1526 2891 iv,
1542 2859 1585 2886 12.
1624 2858 1645 2876 ⁷³
1661 2856 1764 2885 Matth.
1780 2863 1809 2885 v,
1827 2858 1852 2884 t-
