2048 3106
198 194 257 224 703

202 306 311 333 omisso
330 305 422 336 Patre.
441 306 475 333 de
493 305 563 332 Filio
578 305 731 341 loquitur?

240 350 272 377 Η.
290 350 362 381 Quia
378 350 425 376 ille
440 350 577 377 omnibus
593 353 679 377 notus
694 351 765 383 erat,
781 350 836 378 etsi
865 358 923 377 non
951 357 1026 384 qua-

203 396 289 422 tenus
318 397 410 425 Patcr,
444 395 491 421 sed
509 396 656 429 quatenus
674 397 757 422 Deus.
772 394 946 430 Unigenitus
960 402 1026 421 vero

203 439 393 473 ignorabatur
411 448 416 465 :
436 439 509 469 ideo.
522 440 588 473 jure
605 440 669 474 ejus
689 440 822 467 notitiam
841 447 857 466 a
880 438 1026 475 principio

204 485 272 511 dare
289 484 388 515 voluit,
405 484 440 510 iis
455 484 502 519 qui
519 483 686 519 ignorarent
699 484 808 519 ipsum.

239 529 270 559 Ο.
290 529 331 554 15.
350 540 363 552 ι(
383 529 414 554 Et
429 528 549 555 verbum
567 530 629 555 erat
643 528 720 564 apud
736 528 826 555 Deum
842 528 875 555 ⁸².
895 539 909 553 ›)
933 527 1028 559 Quare

205 581 262 599 non
279 572 350 599 dixit
368 582 373 599 :
394 572 421 599 lu
440 572 521 600 Deo?

238 618 272 644 R.
291 617 420 643 Primum
439 617 556 651 quidem
573 619 606 644 ut
620 617 685 652 ejus
701 618 864 645 secundum
890 617 1027 653 hyposta-

202 662 247 689 sin
270 662 459 688 azternitatr-m
488 661 649 689 declararet
676 663 771 690 nobis.
795 662 905 690 Deinde
919 661 1028 689 clarius

202 709 230 734 et
245 706 373 741 apertius
393 706 497 733 rcvclet
514 706 608 738 nobis,
625 706 679 734 hoc
695 707 822 734 Verbum
837 714 903 734 esse
925 708 1027 740 Deum,

202 763 215 775 ι(
234 754 265 778 ln
283 751 391 777 mundo
408 755 469 777 erat
483 751 506 768 ⁸³
524 759 530 779 :
548 762 559 776 ι
578 759 635 778 non
653 753 685 778 ut
701 752 810 779 mundo
825 751 1028 779 cmaavusteo

202 804 330 830 namque
347 795 452 829 adjecit
469 803 474 822 :
494 806 508 819 α
523 795 558 822 Et
577 796 706 823 mundus
731 804 783 832 per
807 795 905 831 ipsum
933 795 1028 822 factus

203 843 245 867 est
261 841 292 866 ⁸⁸.
312 851 325 863 ››

238 886 268 917 Q.
290 885 329 911 to.
347 897 359 908 ιι
388 884 421 910 Et,
447 884 591 919 aspiciens
617 885 645 912 in
672 884 776 912 cmlum
802 885 950 912 benedixit
974 893 1027 920 pa-

204 938 255 956 nes
271 930 302 955 “5.
321 940 333 953 ι)
351 930 441 960 Quare
458 937 523 956 cum
539 937 659 956 sursum
675 929 839 965 aspexisset
853 931 916 956 tum
939 929 1028 957 bene-
1042 945 1067 978 B

203 972 299 999 dixit?

241 1017 273 1043 ll.
292 1017 387 1044 Primo
405 1021 435 1044 ut
452 1017 618 1044 ostenderet
632 1025 663 1044 se
679 1026 696 1044 a
711 1017 794 1045 Patre
814 1024 895 1050 esse;
921 1025 1026 1045 secun-

202 1062 238 1088 do
265 1064 295 1088 ut
320 1070 372 1088 nos
389 1063 513 1093 doceret.
531 1069 567 1089 ne
583 1061 665 1097 prius
681 1062 716 1088 ad
733 1070 865 1089 mensam
882 1062 1027 1089 accidere-

203 1114 276 1138 mus,
295 1107 384 1133 donec
400 1106 423 1133 ei
441 1105 550 1141 gratias
566 1105 730 1141 egissemus
745 1105 796 1141 qui
821 1113 919 1134 escam
943 1106 1027 1134 nobis

202 1151 293 1178 daret.

237 1195 268 1226 Ο.
287 1196 328 1222 17.
347 1197 440 1227 Quare
453 1196 481 1223 in
498 1196 612 1223 deserto
635 1196 810 1223 miraculum
836 1203 945 1231 panum
968 1195 1028 1223 effl-

202 1240 250 1273 oit,
269 1242 296 1266 et
311 1241 441 1275 quinque
457 1239 548 1267 millia
564 1240 637 1267 alit?

239 1285 313 1313 255
351 1285 395 1311 Π.
432 1285 466 1311 Ut
500 1284 572 1312 nulli
607 1292 727 1320 prorsus
761 1285 896 1312 subesset
933 1284 1028 1320 suspi-

202 1330 277 1357 cioni
295 1329 482 1362 miraculum,
499 1337 643 1364 nemoque
666 1329 847 1356 existimaret
872 1336 906 1356 ex
932 1328 1027 1364 proxi-

203 1382 249 1401 mo
268 1374 403 1408 quodam
428 1375 503 1406 vico,
528 1373 679 1409 quidpiam
696 1373 733 1400 ad
748 1381 880 1401 mensam
897 1372 1028 1400 delatum

204 1418 305 1445 fuisse.

240 1464 271 1494 Ο.
290 1463 331 1489 18.
351 1462 383 1489 Et
399 1461 584 1489 abstulerunt
598 1470 632 1490 ex
647 1462 773 1490 residuis
796 1461 968 1498 fragmentis
994 1461 1027 1490 “.

204 1507 297 1537 Quare
326 1515 381 1533 non
407 1507 511 1542 integri
536 1514 637 1542 panes,
663 1507 713 1534 sed
739 1507 905 1543 fragments
929 1514 1029 1542 super-

205 1551 307 1578 fuere?

240 1595 272 1622 R.
291 1595 327 1621 Ut
342 1596 509 1623 ostenderet
532 1603 596 1623 esse
620 1595 671 1623 illa
696 1604 730 1623 ex
753 1595 878 1632 quinque
902 1595 1028 1631 panibus

205 1641 379 1675 fragmenta,
402 1643 429 1666 et
454 1643 486 1667 ut
511 1640 560 1676 qui
585 1649 641 1668 non
668 1627 789 1668 aderant
821 1627 882 1668 rem
903 1627 1028 1677 -gestam
1044 1627 1066 1662 ί)

204 1684 375 1716 ediscerent,
403 1692 437 1711 ne
462 1685 527 1720 quis
551 1684 580 1712 id
601 1685 788 1721 phantasiam
804 1694 869 1714 esse
884 1685 1031 1713 existima-

209 1731 261 1755 ret.

242 1777 273 1808 ρ.
292 1775 334 1802 19.
353 1785 365 1798 ‹‹
383 1774 542 1801 Duodecim
557 1774 699 1810 cophinos
712 1775 745 1802 ⁸⁷.
770 1786 784 1799 ››
807 1775 901 1807 Quare
927 1774 1033 1802 duode‘

207 1819 262 1846 oim
280 1819 419 1855 cophinos
435 1819 651 1856 impleverunt?

244 1865 274 1891 Β.
292 1864 325 1891 Ut
343 1867 370 1891 et
385 1864 444 1899 ipse
460 1864 550 1892 Iudas
573 1864 709 1892 deferret.
736 1865 850 1892 Poterat
872 1864 950 1892 enim
974 1865 1034 1892 tur-

208 1909 311 1936 barum
338 1909 439 1936 sedare
466 1911 582 1936 tamem.
605 1910 642 1936 At
656 1917 713 1937 non
731 1908 881 1936 novissent
895 1907 1033 1944 discipuli

208 1954 343 1981 virtutem
359 1954 432 1988 ejus.

246 1999 277 2029 Ο.
294 1999 337 2024 20.
352 1999 445 2029 Quare
462 2007 517 2026 non
544 1998 645 2031 Pilato,
671 1998 722 2026 sed
748 1998 830 2026 uxori
855 1997 937 2025 illius
960 1997 1033 2025 visio

211 2043 265 2069 fuit
282 2043 328 2069 δῖ’ίῖ
957 2074 969 2085 Ι

248 2087 280 2113 Π.
298 2087 393 2113 Primo
411 2087 527 2121 quidem
545 2087 614 2123 quia
630 2087 718 2123 digna
734 2089 796 2115 erat
810 2087 890 2123 ipsa;
908 2095 959 2115 seu
984 2095 1034 2123 po-

210 2131 280 2165 tius,
307 2131 375 2165 quia
400 2131 422 2157 si
449 2130 568 2158 vidisset
592 2131 650 2164 ille,
678 2140 864 2167 nequaquam
889 2131 1036 2167 illamque

211 2177 282 2204 ﬁdes
298 2176 396 2203 habite
412 2177 534 2204 fuisset:
547 2176 591 2204 vel
609 2185 666 2204 non
683 2179 848 2211 narrasset;
865 2177 986 2213 ideoque
1002 2186 1037 2205 ex

212 2221 309 2248 divina
325 2220 544 2256 dispensatione
560 2229 631 2249 uxor
647 2221 789 2250 visionem
809 2221 908 2255 habet,
935 2225 968 2250 ut
991 2230 1037 2250 res

212 2266 308 2302 palam
326 2266 460 2293 omnibus
478 2266 568 2293 fieret.

784 195 817 225 S.
839 193 1103 225 ATHANASIUS.
1115 210 1153 216 —
1164 194 1318 225 SPURIA.

234 262 266 294 Ο.
284 261 327 288 14.
346 271 359 285 ‹‹
376 260 406 287 ln
424 260 567 296 principio
582 263 644 289 erat
667 260 795 289 Verbum
819 261 851 288 δι.
878 271 893 285 »
917 261 1021 294 Quare,
1039 260 1065 293 Α

1836 197 1888 227 704

1116 260 1212 296 Ἐρώτ.
1229 259 1260 288 δ’.
1279 271 1293 286 ιι
1307 261 1350 288 Ἐν
1368 260 1442 298 ἀρχῇ
1457 260 1492 295 ἧν
1508 260 1522 288 6
1538 259 1635 299 Λόγος.
1646 271 1660 286 ››
1670 260 1717 288 Διὸ.
1729 260 1754 288 τί
1768 259 1838 299 ἀφεὶς
1847 262 1886 289 τὸν

1081 303 1198 342 Πατέρα,
1215 305 1277 343 περὶ
1291 307 1339 332 τοῦ
1355 305 1419 333 Υὶοῦ
1436 304 1588 342 διαλέγεται
1601 315 1607 339 ;

1117 349 1210 377 Ἀπόκ.
1227 350 1288 378 ’Ὁτι
1318 349 1419 380 ἐκεῖνος
1450 349 1496 386 μὲν
1525 348 1611 387 δῆλον
1636 349 1731 376 ἅπασιν
1744 350 1786 384 ἦν,
1803 349 1825 377 εἴ
1848 350 1886 378 καὶ

1084 393 1122 429 μὴ
1138 393 1175 424 ὡς
1191 394 1294 431 Πατὴρ,
1311 394 1374 433 ἀλιί
1390 394 1427 425 ὡς
1457 393 1530 424 Θιός·
1548 394 1562 421 ὁ
1587 392 1615 421 δὲ
1642 394 1791 431 Μονογενὴς
1816 394 1886 432 ἠγνο-

1082 440 1148 465 εῖτο.
1164 438 1215 466 Καὶ
1240 438 1352 469 εΐκότως
1380 439 1430 473 τὴν
1457 438 1518 474 περὶ
1548 437 1630 465 αὐτοῦ
1654 440 1749 475 γνῶσιν
1765 438 1789 465 ἐν
1804 448 1887 474 προοι-

1084 482 1153 518 μίων
1169 481 1317 510 ἐσπούδασε
1332 481 1436 519 διδάξαι
1449 482 1513 513 τοὺς
1529 482 1579 509 ούκ
1593 481 1697 513 εἰδότας
1712 482 1798 511 αὐτόν.

1117 527 1215 564 Ἐρώτ.
1233 530 1271 555 ιε’.
1284 540 1299 553 ‹‹
1317 527 1364 554 Καὶ
1379 528 1392 554 ὁ
1408 527 1499 564 Λόγος
1514 527 1547 561 ἦν
1562 527 1630 565 πρὸς
1644 527 1689 554 τὸν
1706 527 1800 556 Θεόν.»
1811 527 1855 554 Διὰ
1865 526 1888 555 τί

1082 570 1132 598 οὐκ
1147 571 1218 598 εἶπεν
1235 571 1260 598 ἐν
1277 573 1335 607 Θεῷ
1348 581 1354 605 ;

1119 615 1213 643 Ἀπόκ.
1244 618 1355 650 Πρῶτον
1397 615 1444 652 μὲν
1474 616 1523 650 τήν
1552 616 1611 643 καθ’
1640 615 1779 643 ὑπόστασιν
1817 615 1888 643 αὐτοῦ

1082 659 1226 695 ἀϊδιότητα
1241 660 1378 700 ἐμφαίνων
1394 661 1473 697 ἡμῖν·
1493 660 1550 688 εἶτα
1569 660 1614 687 καὶ
1643 660 1799 699 σαφέστερον
1826 660 1889 694 αὐτῷ

1082 706 1198 741 προϊὼν,
1224 704 1395 742 ἀπεκάλυψεν
1423 705 1578 742 ἐπαγαγὼν,
1607 704 1649 732 ὅτι
1679 705 1694 732 ὁ
1715 705 1797 742 Λόγος
1822 704 1889 734 οὗτος

1082 749 1126 776 καὶ
1151 750 1216 781 Θεὸς
1244 750 1286 785 ἦν.
1303 762 1318 775 ‹‹
1334 750 1377 778 Ἐν
1405 750 1445 785 τῷ
1475 747 1572 786 κόσμὼ
1599 750 1644 784 ἦν·
1673 761 1688 775 ››
1712 749 1763 787 οὐχ
1789 749 1823 780 ὡς
1848 750 1890 776 τοῦ

1082 794 1187 831 κόσμου
1203 794 1365 832 σύγχρονος.
1382 794 1430 821 Διὰ
1457 794 1508 832 γὰρ
1532 796 1612 822 τοῦτο
1637 793 1765 831 ἐπήγαγε*
1781 806 1794 820 (ι
1810 793 1854 820 Καὶ
1878 793 1889 819 6

1082 839 1185 875 κόσμος
1202 838 1236 866 δι’
1251 839 1334 866 αὐτοῦ
1350 838 1467 877 ἐγένετο.
1486 851 1515 880 υ.

1120 884 1216 921 Ἐρώτ.
1235 885 1276 916 ις’.
1296 895 1307 910 ι
1325 884 1374 911 Καὶ
1390 881 1544 921 ἀναϐλέψας
1560 883 1598 915 εἰς
1615 883 1687 916 τοὺς
1711 882 1843 920 οὐρανοὺς,
1856 882 1890 909 εύ-

1083 928 1187 966 λόγησε
1201 928 1265 960 τοὺς
1280 929 1389 966 ἄρτους.
1406 940 1420 954 n
1435 929 1483 956 Διὰ
1498 928 1524 956 τί
1539 925 1683 964 ἀνέϐλεψε,
1698 927 1742 955 καὶ
1763 926 1842 957 οὕτως
1856 926 1890 954 εὖ·

1082 973 1196 1011 λόγησεν
1210 983 1216 1008 ;

1117 1017 1210 1046 Ἀπόκ.
1226 1020 1336 1056 Πρῶτον
1355 1018 1401 1054 μὲν
1415 1016 1461 1044 ’ίνα
1483 1016 1564 1053 δείξῃ,
1581 1016 1623 1044 ὅτι
1651 1016 1706 1043 ἀπὸ
1733 1018 1779 1043 τοῦ
1798 1015 1888 1052 Πατρός

1082 1062 1147 1089 ἐστι·
1165 1060 1288 1099 δεύτερον
1305 1060 1334 1089 δὲ
1349 1060 1484 1089 παιδεύων
1499 1062 1585 1097 ἡμᾶς,
1604 1062 1641 1097 μή
1667 1060 1795 1099 πρότερον
1819 1060 1888 1087 ἅπτε-

1082 1107 1142 1134 σθαι
1156 1107 1292 1143 τραπέζης
1307 1104 1361 1137 ἕως
1391 1106 1421 1133 ἂν
1436 1105 1680 1144 εὐχαριστήσωμεν
1701 1104 1740 1142 τῷ
1765 1105 1811 1139 τὴν
1834 1113 1889 1141 τρο-

1082 1151 1135 1190 φὴν
1150 1151 1167 1185 ἠ
1173 1154 1218 1187 μῖν
1235 1151 1395 1189 παρέχοντι.

1117 1196 1214 1233 Ἐρώτ.
1233 1196 1274 1230 ιζ’.
1292 1195 1340 1222 Διὰ
1354 1195 1381 1222 τί
1396 1194 1422 1222 ἐν
1437 1195 1534 1233 ἐρήμῳ
1563 1195 1595 1222 τὸ
1617 1196 1674 1222 τῶν
1704 1193 1787 1233 ἄρτων
1814 1194 1891 1229 θαῦμα

1082 1242 1165 1273 ποιεῖ,
1181 1241 1226 1267 καὶ
1242 1239 1480 1277 ηεντακισχιλίους
1493 1240 1605 1278 τρέφει;

1118 1284 1212 1313 Ἀπόκ,
1228 1285 1286 1312 Ἵνα
1303 1284 1360 1320 μεθ’
1384 1281 1539 1320 ὑπερϐολῆς
1564 1284 1719 1311 ἀνύποπτον
1748 1282 1842 1320 ὑπάρξῃ
1865 1281 1890 1307 τὸ

1083 1331 1182 1365 θαῦμα,
1198 1329 1243 1356 καὶ
1261 1327 1358 1365 μηδεὶς
1374 1328 1474 1366 νομίσῃ
1502 1328 1622 1364 πλησίον
1652 1328 1752 1365 κώμην
1779 1325 1889 1363 κειμένην

1083 1373 1240 1411 εἰσενεγκεῖν
1256 1383 1283 1400 τι
1299 1373 1336 1404 εἰς
1351 1373 1400 1408 τήν
1417 1373 1563 1410 τράπεζαν.

1119 1463 1215 1499 Ἐρώτ.
1234 1462 1278 1497 ιη’.
1286 1462 1336 1489 Καὶ
1351 1461 1419 1500 ᾔραν
1437 1461 1467 1490 ἐκ
1480 1464 1534 1489 τῶν
1551 1463 1773 1498 περισσευμάτων
1785 1458 1891 1495 κλασμά-

1081 1517 1147 1535 των.
1164 1506 1212 1534 Διὰ
1226 1506 1253 1534 τί
1283 1506 1336 1544 οὐχ
1365 1506 1518 1543 ὁλόκληροι
1545 1504 1633 1544 ἄρτοι,
1665 1505 1738 1534 ἀλλὰ
1767 1504 1891 1540 κλάσματα

1083 1551 1270 1589 ἐπερίσσευσαν
1276 1572 1283 1579 .

1120 1596 1215 1625 Ἀπόκ.
1231 1596 1289 1624 Ἰνα
1304 1594 1387 1632 δείξῃ,
1403 1594 1444 1623 δτι
1463 1597 1517 1623 τῶν
1547 1595 1627 1623 πάντε
1641 1595 1731 1632 ἄρτων
1752 1593 1801 1621 εἰσὶ
1821 1593 1892 1620 ταῦτα

1083 1640 1242 1676 πλάσματα,
1259 1639 1303 1667 καὶ
1319 1639 1389 1667 ὥστε
1411 1639 1475 1671 τοὺς
1504 1638 1622 1671 ἁπόντας
1655 1640 1747 1676 μαθεῖν
1773 1637 1803 1665 τὸ
1825 1645 1891 1674 γεγε-

1085 1685 1212 1722 νημένον,
1242 1685 1286 1712 καὶ
1312 1683 1358 1712 ’ίνα
1388 1686 1426 1721 μή
1464 1694 1506 1716 τις
1542 1684 1688 1724 φαντασίαν
1717 1683 1812 1720 νομίσῃ
1835 1680 1891 1708 εἶναι

1085 1741 1176 1758 τουτο.

1122 1774 1218 1812 Ἐρώτ.
1237 1775 1279 1806 ιθ’.
1294 1785 1308 1799 ‹‹
1325 1773 1434 1801 Δώδεκα
1447 1773 1585 1813 κοφίνους.
1603 1784 1617 1799 n
1635 1773 1686 1801 Διὰ
1699 1772 1725 1800 τί
1745 1770 1842 1800 δώδεκα
1853 1779 1892 1796 κο-

1088 1820 1181 1859 φίνους
1197 1818 1358 1857 ἐπλήρωσαν
1372 1827 1379 1853 ;

1123 1864 1218 1892 Ἀπόκ.
1247 1865 1305 1892 Ἵνα
1333 1863 1378 1890 καὶ
1407 1861 1509 1894 Ἰούδας
1545 1863 1679 1900 βαστάσῃ.
1709 1860 1829 1890 Ἐδύνατο
1854 1858 1894 1896 μὶν

1086 1910 1137 1947 γὰρ
1156 1908 1201 1936 καὶ
1225 1906 1317 1936 σϐέσαι
1339 1910 1392 1935 τῶν
1418 1905 1512 1946 ὄχλων
1536 1908 1586 1942 τὴν
1608 1910 1712 1935 πεῖναν·
1732 1905 1793 1934 ἀλλ’
1806 1904 1850 1933 οὐκ
1869 1902 1893 1929 ἃν

1088 1952 1206 1991 ἔγνωσαν
1224 1953 1249 1980 οἱ
1267 1953 1384 1990 μαθηταὶ
1398 1952 1447 1986 τὴν
1463 1950 1589 1988 δύναμιν.

1123 1998 1221 2036 Ἐρώτ.
1236 1997 1270 2025 κ’.
1287 1997 1336 2024 Διὰ
1349 1996 1376 2024 τί
1391 1996 1446 2034 οὐχ
1460 1997 1474 2024 6
1491 1995 1610 2027 Πιλᾶτος
1626 1997 1688 2034 ὁρᾷ,
1704 1995 1765 2024 ἀλλ’
1780 1995 1796 2029 ἠ
1809 1991 1893 2021 τούτου

1105 2044 1154 2077 υνή
1169 2052 1175 2077 ;

1087 2053 1220 2115 γυῖἘτένίκ.
1237 2087 1349 2124 Πρῶτον
1373 2086 1420 2122 μὶν
1446 2085 1488 2113 ὅτι
1512 2084 1600 2120 ἐκείνη
1628 2085 1691 2121 ἀξία
1708 2085 1754 2120 ἦν,
1769 2084 1786 2118 ἢ
1803 2080 1893 2119 μᾶλλον

1089 2130 1142 2166 ὅτι,
1172 2131 1194 2158 εἰ
1224 2130 1302 2161 αὐτὸς
1329 2128 1405 2166 εἶδεν,
1441 2129 1490 2157 οὐκ
1520 2129 1549 2157 ἃν
1575 2129 1720 2165 ἐπιστεύθη
1750 2126 1855 2164 ὸμδίως⁵
1880 2123 1895 2157 ἢ

1089 2175 1147 2204 οὐδ’
1163 2176 1192 2203 ἂν
1209 2174 1320 2211 ἐξεῖπεν·
1338 2174 1382 2202 διὰ
1405 2176 1485 2202 τοῦτο
1511 2174 1697 2210 οἰκονομεῖται
1725 2174 1772 2208 τὴν
1799 2172 1896 2210 γυναῖκα

1090 2219 1169 2256 ἰδεῖν,
1186 2220 1255 2248 ὥστε
1268 2218 1422 2254 κατάδηλον
1436 2219 1557 2257 γενέσθαι
1571 2221 1664 2247 πᾶσιν.

248 2311 339 2342 0.21.
358 2322 370 2334 ‹‹
390 2311 424 2337 Et
453 2310 627 2346 cruciﬁgunt
651 2318 717 2337 cum
744 2318 777 2338 eo
801 2310 875 2338 duos
898 2310 1031 2340 latrones.

1128 2312 1224 2347 Έρώτ.
1240 2310 1290 2337 κα’.
1307 2321 1321 2336 (ι
1339 2309 1388 2337 Καῖ
1413 2310 1605 2345 συσταυροῦσιν
1627 2307 1700 2344 αύτῷ
1727 2306 1773 2335 δύο
1796 2303 1896 2342 λῃστὰς,

214 2364 304 2382 unum
323 2364 338 2382 ιι
354 2355 461 2381 dextri»
478 2357 506 2382 et
523 2363 615 2381 unum
632 2363 649 2381 ο
663 2354 793 2382 sinistris
803 2355 835 2381 ‘9.
847 2365 861 2378 ››
869 2354 962 2386 Quare
977 2364 1035 2383 me-

213 2400 293 2427 dium
313 2400 387 2426 inter
403 2399 530 2427 latrones
547 2399 752 2427 cruciﬁxerunt
778 2398 871 2434 illum,
897 2402 925 2427 et
947 2408 1037 2435 quare

214 2445 345 2472 clamans
362 2444 459 2471 emisit
474 2443 611 2479 spiritum
626 2445 638 2471 Ρ

250 2491 281 2517 R.
300 2489 336 2516 Ut
351 2498 451 2516 eorum
474 2489 556 2516 fames
581 2488 737 2525 participes
760 2490 850 2523 esset,
875 2490 904 2517 et
926 2490 959 2517 ut
982 2488 1037 2516 im-

216 2534 344 2570 pleretur
368 2534 443 2569 quod
467 2533 579 2561 dictum
594 2535 659 2561 est:
678 2544 693 2559 «
708 2533 779 2562 Cum
797 2533 907 2570 iniquis
923 2534 1038 2569 reputau

216 2581 263 2606 tus
284 2582 327 2606 est
352 2579 381 2605 νο.
411 2590 423 2602 ››
454 2578 489 2605 Ut
513 2578 716 2606 ostenderetur
743 2586 777 2606 ex
806 2580 949 2614 potestate
978 2586 1038 2606 rem

217 2623 302 2650 effici.
321 2623 575 2656 Quemadmodum
592 2623 665 2650 dixit
681 2631 687 2650 :
705 2634 719 2648 «
746 2625 920 2651 Potestatem
946 2622 1040 2651 habeo

216 2668 341 2704 ponendi
368 2668 496 2695 animam
522 2675 627 2702 meum,
649 2669 677 2695 et
693 2669 865 2703 potestatem
882 2668 974 2696 habeo
990 2675 1039 2696 su-

219 2713 316 2740 mendi
332 2721 395 2740 eam
408 2714 440 2739 ιη.
461 2724 472 2736 ν)
782 2717 794 2723 '

1091 2354 1136 2383 livet
1151 2355 1181 2383 ἐκ
1197 2354 1302 2392 δεξιῶν,
1316 2354 1361 2382 καὶ
1380 2352 1426 2382 ἕνα
1451 2353 1476 2388 ἐξ
1502 2353 1659 2390 ιὺωνύμων.
1679 2365 1691 2377 ι)
1708 2352 1756 2380 Διὰ
1781 2350 1805 2378 τί
1827 2349 1895 2385 μέσον

1091 2399 1169 2427 αὐτὸν
1197 2399 1366 2437 ἐσταύρωσαν
1395 2401 1449 2426 τῶν
1477 2397 1594 2434 λῃστῶν,
1620 2397 1665 2425 ααὶ
1694 2395 1739 2424 διὰ
1765 2395 1790 2423 τί
1813 2392 1896 2431 κράξας

1091 2446 1178 2484 ἀφῆκε
1192 2444 1223 2471 τὸ
1238 2446 1345 2480 πνεῦμα
1356 2454 1363 2479 ;

1127 2488 1223 2517 Ἀπόκ.
1239 2479 1346 2526 ’Ὶναντῇ
1363 2486 1427 2526 δόξῃ
1457 2489 1492 2524 τῇ
1522 2486 1629 2515 ἐκείνων
1659 2486 1817 2521 κοινωνήσῃ,
1831 2482 1847 2516 ἦ
1859 2479 1897 2507 ’ἶνα

1093 2534 1229 2571 πληρωθῇ
1258 2533 1289 2561 τὸ
1320 2532 1410 2571 ῥηθὲν·
1441 2531 1482 2559 ὅτι
1511 2531 1555 2559 καὶ
1572 2544 1586 2558 ι(
1611 2531 1686 2560 Μετὰ
1713 2529 1816 2566 ἀνόμων
1843 2525 1898 2554 ἐλο-

1093 2577 1185 2615 γίσθη·
1200 2588 1214 2603 ››
1229 2576 1275 2604 καὶ
1288 2575 1332 2604 *ίνα
1348 2574 1455 2614 δειχθῇ,
1472 2575 1514 2603 ὅτι
1529 2575 1587 2603 κατ’
1611 2574 1728 2612 ἐξουσίαν
1744 2573 1775 2600 τὸ
1802 2573 1899 2615 πρᾶγμα

1095 2614 1218 2659 γίνεται·
1249 2622 1338 2652 καθὼς
1371 2620 1416 2648 καὶ
1444 2619 1547 2658 ἔλεγεν,
1577 2620 1618 2648 ὅτι
1648 2632 1662 2646 α
1694 2616 1825 2654 Ἐξοοσίαν
1851 2614 1899 2659 ξχω

1095 2655 1179 2694 θεῖναι
1209 2667 1258 2701 τὴν
1286 2666 1379 2703 ψυχήν
1411 2675 1474 2702 μου,
1588 2663 1706 2700 ἐξουσίαν
1735 2662 1791 2700 ἔχω
1819 2655 1899 2688 λαϐεῖν

1097 2710 1191 2746 αὐτήν.
1208 2722 1222 2736 η

253 2827 272 2844 ⁵¹
290 2827 373 2854 Joan.
390 2834 409 2858 ι,
427 2826 451 2853 1.
489 2824 513 2842 ⁸⁸
528 2823 601 2853 Ibid.
639 2824 662 2842 ⁸³
677 2824 750 2852 Ibid.
769 2825 812 2853 10.
850 2824 872 2842 ⁸⁸
887 2824 961 2853 Ibid.
999 2825 1021 2843 ³⁵

1098 2824 1140 2852 th.
1156 2831 1213 2860 xw,
1230 2823 1273 2851 i9.
1311 2822 1334 2840 ⁸⁸
1349 2822 1424 2851 Ibid.
1439 2822 1485 2850 20.
1523 2822 1545 2840 ³⁷
1562 2821 1634 2850 Ibid.
1671 2820 1694 2839 ³³
1708 2818 1807 2849 Matth.
1821 2822 1898 2848 ωτι,

223 2864 262 2891 19.
301 2863 323 2880 ⁸⁹
340 2862 410 2890 Ibid.
428 2862 472 2889 38.
511 2861 534 2879 ’°
548 2863 603 2889 lea.
621 2868 679 2897 LIII,
695 2861 737 2889 12.
776 2862 797 2879 ⁹¹
813 2860 897 2889 Joan.
914 2869 943 2897 ι,
960 2861 1003 2889 18.
