2048 3106
149 143 210 174 705

625 139 883 177 QU/ES'I‘IONES
907 140 958 170 AD
971 136 1212 171 ,ANTIOCHUM
1237 138 1382 172 DUCEM.

1795 145 1854 176 706

187 207 284 246 Ἐρώτ.
299 205 352 235 κε’·
368 219 383 233 ‹‹
404 207 470 244 Πρὶν
485 206 620 244 ἀλέκτορα
639 208 773 245 φωνῆσαι,
801 205 860 243 τρὶς
885 204 973 243 ἀπαρ-

1064 207 1096 239 0.
1112 207 1157 234 22.
1175 218 1188 232 α
1205 210 1369 244 Antequam
1386 208 1482 244 gallus
1494 211 1602 244 cantet,
1626 212 1671 238 ter
1693 219 1740 239 me
1764 220 1852 248 nege-

147 254 223 290 νήσῃ
241 263 283 288 με.
300 265 314 278 )›
332 254 394 283 Πῶς
411 252 425 278 ὁ
443 252 489 288 μὲν
506 252 653 285 Ματθαῖος,
670 250 711 278 ὅτι
730 251 800 278 εἶπεν
825 250 838 277 ὁ
862 250 977 287 Χριστὸς

147 300 190 333 τῷ
207 294 312 334 Πέτρῳ⁵
330 309 344 321 ι(
361 296 427 333 Ηρὶν
449 295 582 333 ἀλέκτορα
596 296 729 334 λφωνῆσαι
753 293 812 331 τρίς
837 295 979 332 ἀπαρνήσῃ

150 352 196 379 με’
213 355 228 367 n
244 342 258 369 6
274 340 303 369 δὲ
324 342 433 379 Μάρκος
464 341 548 378 λέγει,
576 340 630 376 ὅτι,
654 340 699 368 ὅτε
725 340 771 377 μὲν
797 340 865 375 ἅπαξ
890 340 979 376 ἠρνή-

149 397 228 422 σατο,
255 386 317 414 τότε
336 388 444 424 πρῶτον
476 385 613 424 ἐφώνησεν
647 386 662 413 6
686 384 852 422 ἀλεκτρυών·
882 383 927 411 ὅτε
951 382 980 411 δὲ

147 432 255 469 τρίτον,
269 431 332 458 τότε
348 429 494 468 δεύτερονς
512 432 574 461 [Ιὼς
601 428 646 457 οὖν
672 430 862 467 εὑρεθήσονται
887 428 977 464 ἀληθῆ

151 476 294 515 ἀμφότερα
307 485 314 510 ;

154 519 160 523 ’
188 520 283 548 ’Λπόκ.
310 517 421 553 Ἐπειδὴ
445 519 505 551 καθ’
529 518 641 554 ἑκάστην
677 519 787 556 ἀγωγὴν
818 517 863 545 καὶ
889 518 978 555 τρίτον

150 565 198 592 καὶ
212 564 339 602 τέταρτον
356 566 452 602 φωνεῖν
469 561 561 595 εἴωθεν
579 562 746 600 ἁλεκτρυὼν,
770 561 862 597 δήλῶν
878 563 892 589 ὁ
908 562 981 599 Μάρ-

150 619 213 643 κος,
237 608 278 636 ὅτι
308 607 371 636 οὐδὲ
394 609 412 643 ἠ
436 608 512 647 φωνή
531 607 611 635 αὐτὸν
626 607 735 645 ἆπέσχε,
751 607 795 634 καὶ
812 607 850 638 εἱς
867 608 979 643 μνήμην

151 653 250 691 ἤγαγε,
277 652 358 680 τοῦτό
388 649 590 692 φησιν.’”Ωσ-τε
618 652 758 691 ἀμφότερα
797 651 888 686 ἀληθῆ
918 651 979 679 εἱσι.

152 698 242 735 Πρινὴ
270 697 322 735 γὰρ
347 698 398 731 τήν
431 697 492 733 μίαν
523 697 631 735 ἀγωγὴν
662 696 805 734 ἀπαρτίσαι
844 696 890 724 τὸν
917 695 980 723 ἁλι-

150 742 280 779 κτρυόνα,
305 742 396 780 τρίτον
425 742 575 779 ἠρνήσατο.
605 741 685 770 Οὕτω
720 740 749 768 δὲ
786 739 913 779 περιδεὴς
946 741 980 774 ἦν

151 787 198 815 καὶ
229 785 333 826 σφόδρα
361 786 553 821 ἀποτεθνηκὼς
579 788 619 822 τῷ
648 784 711 821 δέει,
748 785 789 813 ὅτι
828 785 858 813 οὐ
898 784 979 821 μόνον

152 833 306 869 ἠρνήσατο,
327 830 389 859 ἀλλ’
414 830 477 859 οὐδὲ
502 831 653 867 ἀνεμνήσθη
680 829 800 863 οἵκοθιν,
826 829 871 857 καὶ
899 831 982 856 ταῦτα

152 878 202 904 τοῦ
218 875 397 913 ἀλεκτρυόνος
409 877 592 911 σωνήσαντος,
608 873 660 905 ἕως
685 873 716 901 οὖ
739 874 771 901 τὸ
800 873 912 911 βλέμμα
932 875 980 900 τοῦ

152 920 321 949 διδασκάλου
347 920 456 958 γέγονεν
484 919 558 956 αὐτῷ
582 919 640 947 ἀντὶ
664 920 755 958 φωνῆς
781 919 829 945 Καὶ
853 920 934 945 τοῦτο
964 918 978 945 6

153 968 262 996 Λουκᾶς
290 963 382 1000 δηλῶν
411 975 503 1004 φησιν,
530 963 572 991 ὅτι
607 961 749 1000 ἐνέϐλεψεν
789 963 827 994 εἱς
856 962 935 990 αὐτὸν
966 963 980 990 6

154 1009 283 1048 Χριστός.

189 1054 289 1091 Ἐρώτ,
304 1054 354 1092 κγ’.
372 1065 386 1080 ι(
403 1052 454 1081 Καὶ
480 1052 595 1088 ἐξελθὼν
621 1050 671 1087 ἔξω
695 1050 809 1080 ἕκλαυσε
832 1054 948 1090 πικρῶς.
965 1063 979 1078 »

151 1098 204 1126 Διά
217 1098 244 1126 τί
260 1097 374 1133 ἐξελθὼν
390 1096 441 1134 ἔξω
454 1096 581 1125 ἔκλαυσεν
598 1106 605 1131 ;
669 1094 677 1100 “

192 1142 290 1171 Ἀπόκ.
317 1141 429 1176 Ἐπειδή
457 1141 508 1169 οὐκ
544 1140 649 1178 ἐτόλμα
671 1141 801 1180 ’φανερῶς
831 1140 980 1178 ἔμπροσθεν

150 1187 276 1222 πάντων,
298 1186 344 1214 ’ἱνα
369 1187 406 1223 μὴ
431 1186 609 1223 κατηγορηθῇ
636 1184 681 1213 διὰ
705 1188 757 1213 τῶν
784 1185 919 1223 δακρύων,
936 1185 981 1212 καὶ

150 1232 267 1270 γνωσθῇ
286 1231 410 1267 μαθητής
424 1230 507 1258 αὐτοῦ
523 1230 600 1258 εἷναι,

194 1275 293 1312 Ἑρώτ.
309 1274 358 1304 κδ’.
378 1287 392 1301 (ι
406 1274 569 1303 Ἐσθιόντων
584 1273 613 1301 δὲ
629 1275 701 1302 εἶπεν
718 1274 810 1305 αὐτοῖς
825 1274 839 1300 6
854 1273 980 1311 Χριστὸς,

152 1321 198 1348 ὅτι
216 1320 262 1351 Εἷς
277 1319 304 1355 ἐξ
328 1320 404 1356 ὑμῶν
434 1317 589 1357 παραδώσει
620 1329 662 1355 με.
687 1330 702 1345 ιι
724 1318 772 1346 Διά
786 1318 822 1353 τί,
837 1318 981 1345 ἐσθιόντων

154 1365 260 1398 αὐτῶν,
271 1364 332 1402 περὶ
347 1367 397 1398 τῆς
411 1362 558 1401 προδοσίας
574 1363 667 1394 αὐτοῖς
683 1362 853 1400 διαλέγεται;

192 1409 288 1438 Ἀπόκ.
305 1410 363 1436 ’Ὶνα
389 1408 435 1436 καὶ
458 1408 510 1435 ἀπὸ
533 1410 581 1435 τοῦ
604 1410 700 1445 καιροῦ
725 1407 771 1435 καὶ
784 1411 833 1442 τῆς
847 1407 983 1444 τραπέζης

154 1453 231 1491 δείξῃ
248 1454 298 1487 τὴν
314 1453 446 1490 πονηρίαν
461 1455 509 1480 τοῦ
524 1451 670 1489 προδότουο
687 1452 736 1480 Καὶ
759 1452 809 1490 γὰρ
834 1451 879 1479 καί
904 1452 983 1482 αὒτὸς

152 1498 214 1525 ius?
223 1500 326 1535 παρῆν.

193 1543 291 1580 Ἐρώτ.
307 1542 355 1570 κε’.
373 1554 386 1567 ι(
402 1541 449 1572 Εἷς
465 1541 490 1577 ἐξ
507 1541 582 1578 ὑμῶν
598 1540 753 1579 παραδώσει
771 1551 813 1578 με.
846 1552 859 1566 ι)
885 1541 933 1568 Διὰ
955 1540 982 1568 τί

996 888 1020 922 Β

152 1569 306 1614 013111113;-
323 1569 355 1614 Ὁ
370 1569 448 1613 δεῖνά.
460 1569 493 1622 με
507 1569 673 1623 παραδώέεγ
692 1585 755 1613 ἀλλ’
771 1569 785 1612 II
800 1586 847 1617 Εἷς
863 1584 888 1620 ii
905 1585 981 1622 ὑμῶν
998 1569 1020 1602 c

151 1629 312 1668 παραδώσει
332 1640 376 1667 με,
394 1643 405 1657 1
424 1628 584 1669 φειδόμενος
599 1630 644 1658 καὶ
660 1630 686 1658 ἄν
700 1630 789 1667 τούτῳ
802 1639 809 1665 ;

194 1683 292 1712 Ἀπόκ.
323 1682 487 1720 Φειδόμενος
510 1683 555 1711 καὶ
581 1683 608 1711 ἐν
630 1683 720 1719 τούτῳ
751 1685 800 1711 τοῦ
835 1681 982 1721 προδότου”

156 1728 229 1756 ὣστε
244 1728 326 1756 πάλιν
353 1727 445 1755 δοῦναι
471 1728 545 1764 αὐτῷ
572 1728 713 1765 μετανοίας
733 1727 851 1764 ἐξουσίαν
875 1731 924 1756 τοῦ
939 1728 985 1756 λα-

1033 251 1079 279 bis
1104 252 1136 278 ”.
1163 262 1177 276 ››
1202 252 1295 284 Quare
1311 252 1464 280 Matthaaus
1478 253 1519 281 ait
1533 253 1658 282 dixissse
1673 258 1758 283 Petro
1771 256 1855 284 Chri-

1033 297 1129 323 stum:
1143 306 1154 319 κ
1164 297 1327 332 Antequam
1343 297 1438 332 gallus
1454 300 1552 326 cantet
1566 301 1609 327 ter
1618 308 1664 327 me
1672 301 1793 335 negabis
1802 301 1857 328 οη»

1034 339 1150 367 Marcus
1165 343 1273 374 autem,
1284 342 1361 376 quod
1378 350 1444 369 cum
1461 343 1551 370 semel
1563 347 1709 380 negasset,
1721 348 1791 372 tunc
1802 346 1859 381 pri-

1034 392 1117 412 mum
1133 386 1293 412 cantavcrit
1308 385 1406 421 gallus
1423 394 1428 413 :
1446 395 1512 414 cum
1529 391 1625 415 autem
1643 391 1686 416 ter
1710 393 1856 426 negasset,

1033 430 1104 456 tunc
1118 430 1248 457 secundo
1265 430 1424 458 cantaverit
1435 431 1448 458 ?
1464 432 1614 464 Quomodo
1631 436 1788 470 utrumque
1812 443 1858 463 ve-

1035 481 1101 500 rum
1117 473 1192 501 erit?

1070 517 1184 549 R.Quia
1199 526 1376 555 unaquaque
1388 520 1448 548 vice
1463 522 1507 549 ter
1521 524 1550 549 et
1565 525 1669 558 quater
1683 523 1777 559 gallus
1793 533 1858 553 can-

1034 563 1097 589 tare
1112 561 1196 595 solet,
1213 565 1246 589 ut
1260 563 1424 592 ostenderet
1441 565 1556 593 Marcus
1582 575 1763 602 nequaquam
1789 570 1857 605 galli

1035 614 1133 634 vocem
1149 606 1316 635 cohibuisse
1332 607 1459 643 Petrum,
1476 613 1503 637 et
1518 611 1553 637 ad
1570 614 1742 640 memoriam
1759 614 1858 642 Domi-

1035 650 1107 677 niozu
1139 651 1218 678 vocis
1250 660 1411 685 revocasse,
1446 653 1486 681 ita
1519 655 1633 683 locutus
1664 660 1714 684 est.
1752 658 1794 686 Ita
1826 662 1860 686 ut

1035 696 1195 730 utrumque
1211 694 1248 722 sit
1263 704 1374 723 Verum.
1396 698 1560 733 Antequam
1585 700 1663 728 enim
1689 710 1740 737 pro
1766 702 1861 738 prima

1034 738 1097 766 vice
1107 739 1269 767 absolveret
1281 744 1399 768 cantum
1410 741 1516 777 gallus,
1529 745 1572 771 ter
1583 746 1708 780 negavit.
1721 747 1763 774 Ita
1774 755 1859 782 porro

1036 782 1223 817 formidabat,
1243 784 1284 811 ita
1306 788 1416 812 terrore
1442 790 1545 822 captus
1568 791 1597 815 et
1617 790 1699 824 quasi
1725 794 1860 820 mortuus

1036 830 1109 861 erat,
1127 830 1230 855 utnon
1248 830 1334 856 modo
1360 835 1489 866 negaret,
1514 833 1562 859 sed
1590 835 1744 869 nequidem
1770 844 1804 863 ex
1828 845 1860 865 se

1036 871 1116 899 illius
1142 872 1213 900 dicti
1240 874 1452 908 recordaretur,
1477 876 1591 905 etiamsi
1608 882 1737 907 cantaret
1751 881 1859 915 gallus,

1035 916 1127 944 donec
1151 916 1210 944 illic
1239 918 1316 946 vocis
1346 918 1408 947 loco
1438 921 1532 948 adfuit
1559 924 1690 958 magistri
1720 924 1857 954 intuitus.

1035 961 1116 994 Quod
1146 961 1298 991 declarans
1323 963 1414 991 Lucas
1438 965 1488 999 ait,
1514 967 1590 1001 quod
1616 970 1775 1004 respexerit
1789 979 1856 998 eum

1035 1005 1170 1033 Christus
1184 1006 1229 1034 '3‘.

1071 1049 1104 1081 Ο.
1119 1050 1164 1077 23.
1181 1062 1194 1075 ‹‹
1209 1051 1243 1078 Et
1257 1059 1394 1088 egressus
1410 1053 1486 1081 {oras
1502 1054 1580 1082 ﬂevit
1593 1065 1691 1085 amare
1707 1059 1756 1085 9‘.»
1766 1060 1860 1092 Quare

1037 1094 1114 1122 foras
1129 1102 1268 1130 egressus
1284 1097 1386 1124 ﬂevit?

1073 1139 1105 1166 Β.
1122 1139 1196 1171 Quia
1208 1139 1236 1167 id
1255 1149 1311 1168 non
1328 1142 1454 1170 audebat
1471 1143 1565 1179 palam
1591 1149 1618 1173 et
1643 1155 1739 1175 coram
1765 1149 1862 1177 omni-

1037 1183 1103 1216 bus,
1130 1192 1166 1211 ne
1190 1184 1253 1212 suis
1278 1185 1415 1222 lacrymis
1439 1192 1637 1224 accusaretur,
1652 1194 1680 1219 et
1696 1192 1860 1229 discipulus

1036 1227 1116 1255 illius
1132 1236 1196 1256 esse
1210 1229 1485 1265 deprehenderetur.

1072 1273 1104 1305 Ο.
1120 1273 1165 1299 24.
1178 1284 1191 1298 ‹‹
1205 1273 1366 1302 Edentibus
1381 1276 1456 1309 istis,
1469 1277 1541 1305 dixit
1555 1278 1597 1306 eis
1612 1280 1764 1310 Christus:
1779 1282 1859 1311 Unus

1037 1320 1166 1345 vestrum
1182 1325 1227 1345 me
1243 1319 1404 1347 traditurus
1419 1323 1463 1348 est
1486 1322 1517 1349 π.
1545 1334 1558 1347 n
1584 1323 1677 1355 Quare
1704 1327 1861 1355 edentibus

1037 1361 1096 1389 illis
1112 1362 1148 1389 de
1163 1362 1327 1397 proditione
1342 1363 1496 1400 loquitur?

1075 1405 1161 1450 R.AUt
1185 1414 1201 1432 a
1224 1408 1355 1443 tempore
1378 1416 1486 1437 mensa:
1511 1412 1678 1440 ostenderet
1701 1415 1859 1450 proditoris

1037 1448 1210 1484 nequitiam.
1228 1450 1300 1478 Nam
1315 1452 1416 1480 aderat
1431 1453 1489 1482 ille.

1074 1540 1106 1571 Ο.
1117 1540 1162 1566 25.
1178 1550 1192 1565 α
1203 1542 1284 1568 Unus
1299 1544 1427 1570 vestrum
1443 1551 1491 1572 me
1505 1545 1667 1574 traditurus
1684 1551 1861 1582 est.»Quare

1039 1591 1097 1611 non
1110 1584 1183 1611 dixit
1198 1592 1205 1611 ε
1223 1584 1272 1612 Ille
1288 1593 1335 1613 me
1349 1588 1461 1621 tradet;
1479 1589 1529 1616 sed
1546 1601 1560 1615 (ι
1573 1590 1654 1619 Unus
1670 1596 1798 1622 vestrum
1816 1603 1862 1623 me

1038 1628 1145 1662 tradet,
1164 1639 1178 1653 »
1194 1631 1225 1656 ut
1239 1632 1268 1657 et
1282 1628 1312 1657 in
1328 1630 1383 1659 hoc
1399 1631 1440 1659 illi
1456 1635 1609 1668 parceret?

1075 1681 1109 1709 Ρ..
1126 1681 1162 1709 Ut
1177 1682 1206 1709 in
1222 1682 1275 1710 hoc
1291 1687 1423 1719 parceret
1437 1687 1588 1725 proditori,
1606 1690 1746 1727 daretque
1761 1692 1802 1720 illi
1819 1693 1860 1721 lo-

1039 1734 1104 1754 cum
1122 1727 1281 1763 pnznitendi
1295 1731 1324 1756 et
1339 1729 1621 1770 latendi.Voluitque
1638 1744 1739 1764 omnes
1756 1740 1863 1772 perter-

156 1776 225 1805 θεῖν.
245 1773 294 1800 Καὶ
310 1772 426 1810 αἱρεῖται
442 1770 561 1812 φοϐῆσαι
578 1774 696 1804 ἅπαντας
712 1773 777 1811 ὑπὲρ
793 1775 840 1800 τοῦ
854 1771 981 1800 διασῶσαι

1049 1772 1176 1807 eiecere,
1193 1774 1225 1800 ut
1240 1772 1318 1801 hunc
1330 1774 1442 1802 salvum
1459 1776 1574 1806 faceret.

155 1828 256 1845 τουτον
261 1839 268 1845 .

196 1862 297 1900 Ἐρώτ.
312 1865 363 1894 κςν.
380 1873 394 1887 ι(
408 1862 491 1889 Ἦσαν
508 1860 537 1889 δὲ
562 1861 606 1889 καὶ
627 1863 654 1889 αἲ
678 1864 801 1900 γυναῖκες
824 1861 986 1890 συνακολου-

1075 1863 1107 1895 Ο.
1122 1863 1167 1891 26.
1185 1875 1198 1889 α
1216 1864 1304 1892 Erant
1327 1867 1425 1894 autem
1450 1868 1478 1894 et
1503 1868 1641 1897 mulieres
1665 1879 1728 1906 qua".
1755 1875 1862 1901 secutae

153 1908 274 1943 θήσασαι
301 1907 353 1934 ἀπὸ
376 1910 425 1942 τῆς
453 1906 610 1938 Γαλιλαίας.
637 1919 647 1933 ι
666 1908 714 1935 Διά
737 1907 763 1935 τί
781 1908 916 1945 μέμνηται
931 1910 981 1936 τῶι

1049 1907 1155 1935 'uerant
1179 1916 1246 1936 eum
1271 1917 1287 1936 a
1312 1909 1430 1938 Galilaea
1444 1911 1475 1939 κ.
1495 1923 1504 1934 ε
1523 1912 1616 1945 Quare
1634 1919 1775 1944 memorat
1793 1926 1859 1945 mu-

155 1952 298 1990 γυναικῶν
313 1953 368 1979 τῶν
382 1951 660 1987 συνακολουθησασῶν
676 1952 750 1988 αὐτῷ
763 1962 770 1986 ;

195 1996 296 2024 Ἀπόκ.
311 1997 407 2027 Ὅπως
423 1995 495 2034 δείξῃ
510 1997 561 2031 τήν
577 1996 686 2031 πολλὴν
701 1996 788 2024 αὐτῶν
809 1996 983 2036 προσεδρίαν,

151 2041 201 2068 καὶ
217 2040 260 2068 ὅτι
279 2040 363 2078 μέχρι
378 2043 431 2068 τῶν
446 2039 574 2068 κινδύνων
589 2043 724 2078 παρῆσαν.
745 2042 808 2069 Ὅτε
822 2041 874 2079 γὰρ
890 2042 915 2069 οἱ
934 2052 984 2079 μα-

152 2085 240 2120 θηταὶ
256 2084 366 2124 ἔφυγον,
382 2085 459 2113 αὗται
475 2086 717 2124 προσεκαρτέρουν.

192 2139 292 2177 Ἕρώτ.
308 2139 357 2173 κζ’.
375 2150 389 2164 ‹‹
410 2141 471 2170 Ηῶς
495 2138 537 2172 σὺ,
563 2139 656 2177 φησὶν,
677 2138 808 2170 Ἰουδαῖος
830 2137 866 2166 ὢν
894 2142 983 2175 ζητεῖς

1039 1951 1126 1980 lieres
1142 1960 1204 1988 quae
1220 1956 1325 1981 secutas
1340 1954 1454 1983 fuerant
1468 1956 1558 1985 eum?

1076 1996 1109 2024 R.
1127 1996 1164 2025 Ut
1180 2006 1316 2034 magnam
1333 2000 1500 2028 ostenderet
1521 2010 1621 2030 earum
1647 2005 1862 2042 assiduitatem,

1040 2041 1177 2077 quodque
1191 2042 1226 2069 ad
1243 2042 1372 2078 pericula
1387 2052 1481 2080 usque
1496 2046 1670 2076 adfuissent.
1688 2050 1759 2078 Cum
1777 2051 1859 2087 fuge-

1039 2088 1104 2113 rent
1118 2094 1245 2122 namque
1260 2087 1406 2123 discipuli,
1425 2088 1480 2116 illaa
1495 2093 1729 2126 perseverabant.

1075 2140 1107 2172 Q.
1122 2139 1168 2168 27.
1184 2151 1197 2164 ‹‹
1215 2141 1308 2173 Quare
1324 2143 1366 2176 tu,
1382 2141 1503 2171 Judaaus
1519 2152 1585 2173 cum
1601 2147 1653 2180 sis,
1670 2148 1769 2176 bibere
1785 2157 1801 2176 a
1817 2157 1864 2177 me

148 2184 221 2220 παρ’
238 2184 309 2220 ἐμοῦ
324 2186 397 2211 πιεῖν
414 2182 498 2221 ὕδωρ,
517 2182 714 2222 Σαμαρείτιδος
742 2183 844 2219 οὕσηςς
861 2195 874 2209 ››
900 2182 981 2216 Πόθεν

1049 2183 1136 2211 ιοεοίε
1152 2192 1269 2219 aquam,
1286 2193 1349 2220 qum
1376 2194 1441 2214 sum
1467 2188 1653 2219 Samaritana
1676 2192 1721 2219 9"?
1745 2204 1759 2218 ‹‹
1784 2193 1864 2222 Unde

150 2228 240 2256 αὐτὸν
266 2227 432 2267 γνωρίσασα,
458 2227 589 2256 Ἰουδαῖον
613 2228 690 2264 εἶναι,
715 2228 792 2266 φησὶ,
808 2229 876 2267 πρὸς
891 2227 982 2255 αὐτόν·

151 2284 168 2300 ι
186 2275 252 2304 Πῶς
266 2272 299 2299 σὺ
315 2271 447 2304 Ἰουδαῖος
463 2271 520 2308 div;
539 2285 553 2299 ι)

190 2325 294 2355 ’Δπόκ.
318 2326 385 2354 Ἀπὸ
408 2328 457 2353 τοῦ
480 2327 634 2364 σχήματος,
659 2325 725 2357 ἴσως
749 2325 795 2354 καὶ
815 2327 864 2361 τῆς
893 2324 984 2353 διαλέ-

149 2370 237 2405 ειως.

190 2414 291 2450 Ἐρώτ.
307 2415 362 2450 κη’.
377 2427 391 2440 (ι
408 2414 457 2442 Καὶ
472 2414 596 2453 ἐγέννησε
609 2415 655 2442 τὸν
675 2415 733 2442 υἱὸν
750 2415 834 2450 αὐτῆς
846 2415 892 2442 τὸν
908 2425 985 2453 πρω-

999 2254 1023 2287 D
1039 2254 1210 2301 3.1.3.2.;
1217 2254 1312 2302 ἔίέἷ»

1039 2236 1130 2264 gnara
1154 2228 1288 2257 Judaeum
1313 2229 1397 2258 illum
1413 2240 1487 2267 esse,
1504 2234 1545 2262 ait
1561 2234 1603 2262 illi
1622 2244 1627 2262 :
1647 2238 1740 2269 Quare
1754 2240 1796 2273 tu,
1812 2238 1864 2266 Ju-

1077 2327 1153 2355 256
1167 2326 1200 2354 Η.
1218 2327 1258 2355 Ex
1272 2327 1386 2363 habitu,
1402 2333 1431 2358 et
1442 2330 1564 2360 fortasse
1579 2340 1612 2360 ex
1628 2334 1761 2363 diulecto.

1076 2416 1107 2448 Q.
1117 2416 1161 2443 28.
1172 2427 1185 2440 «
1197 2416 1231 2444 Et
1248 2417 1355 2452 peperit
1370 2417 1463 2446 ﬁlium
1477 2428 1564 2448 suum
1576 2422 1803 2458 primogenitum
1814 2424 1863 2451 ".-

145 2458 282 2487 τότοκον.
299 2470 314 2484 ››
339 2459 388 2486 Διά
411 2459 438 2486 τί
460 2459 529 2494 εἷπε,
558 2471 572 2485 ‹‹
595 2459 789 2498 πρωτότοκον;
813 2471 827 2485 ››
850 2457 918 2487 Οὐδὲ
932 2459 981 2497 γὰρ

1049 2459 1133 2492 )uare
1148 2460 1230 2494 dixit,
1249 2472 1263 2486 ι(
1279 2462 1552 2498 primogenitum?»
1565 2465 1664 2502 Neque
1677 2457 1756 2495 enim
1773 2468 1865 2497 alium

146 2502 241 2541 ἔσχεν
255 2502 341 2531 ἄλλον
358 2503 415 2531 υἱὸν
429 2504 446 2539 ἠ
464 2504 593 2543 Πιναγίσι.

191 2557 292 2585 Ἀπόκ.
309 2555 421 2591 Ἐπειδὴ
437 2557 501 2585 Θεὸς
519 2557 648 2596 ὑπάρχων
665 2557 793 2593 ἀληθινὸς
817 2558 831 2585 6
852 2557 877 2593 ἑξ
901 2556 983 2590 αὐτῆς

1038 2503 1144 2532 habuit
1156 2504 1248 2532 lilium
1265 2507 1455 2535 sanctissima
1468 2508 1590 2545 (Virgo).

1074 2560 1107 2585 Β.
1125 2558 1198 2591 Quia
1213 2561 1288 2587 Deus
1304 2568 1370 2587 cum
1386 2564 1463 2589 esset
1478 2570 1563 2590 verus
1578 2565 1627 2599 qui
1644 2574 1677 2592 ex
1693 2565 1742 2592 illa
1768 2566 1863 2593 incar-

148 2601 311 2639 σαριωθείς
349 2600 446 2638 Κύριος
476 2602 557 2638 ἡμῶν
589 2604 695 2638 Ἰησοῦς
721 2602 848 2639 Χριστὸς,
875 2603 981 2639 γέγονεν

1049 2605 1126 2631 latus
1150 2605 1195 2630 est
1218 2603 1361 2633 Dominus
1386 2609 1485 2634 noster
1506 2607 1592 2636 Jesus
1608 2609 1753 2644 Christus,
1770 2611 1864 2639 factus

143 2646 243 2683 ἡμῶν
257 2644 301 2673 διὰ
313 2646 365 2680 τὴν
387 2646 522 2684 σάρκωσιν
546 2645 674 2686 ἀδελφὸς,
695 2646 793 2675 τούτου
816 2647 896 2685 χάριν
915 2646 983 2674 ὠνο-

187 2768 217 2786 .
233 2765 340 2804 Matth.
351 2775 428 2804 gxyx,
443 2767 488 2797 34,
535 2768 557 2787 ⁸⁸
576 2768 664 2797 Maro.
680 2776 738 2802 xxv,
754 2768 798 2796 31.

143 2810 255 2837 mn,
267 2803 312 2832 55.
351 2803 373 2821 ¹¹⁷
387 2803 455 2833 Luc.
472 2812 503 2840 ιι,
518 2805 545 2832 7.
585 2804 606 2822 "
620 2804 705 2833 Joan.
722 2812 760 2840 IV,
776 2805 802 2832 5.

846 2767 880 2785 ⁸³¹
895 2768 964 2797 Luc.
979 2776 1051 2802 xm,
1066 2768 1112 2796 61.

1038 2649 1083 2675 est
1099 2655 1150 2683 per
1169 2647 1401 2677 incarnationem
1427 2650 1515 2679 frater
1538 2654 1645 2686 noster,
1672 2655 1863 2689 quamobrem

1159 2769 1182 2786 “
1196 2768 1301 2798 Matth.
1317 2778 1393 2805 xxvx,
1408 2771 1453 2801 75.
1500 2773 1521 2790 ⁸⁵
1537 2773 1609 2803 Ibid.
1625 2774 1671 2803 21.
1719 2775 1741 2793 ³ο
1756 2773 1859 2803 Matth-
