  <div class='ocr_page' id='page_1' title='image "/cluster/home/n/w/nwhite01/storage/ocr_20150623/28/hvd.32044052794351/359.png"; bbox 0 0 2048 3106; ppageno 0'>
   <div class='ocr_carea' id='block_1_1' title="bbox 204 155 261 183">
    <p class='ocr_par' dir='ltr' id='par_1_1' title="bbox 204 155 261 183">
     <span class='ocr_line' id='line_1_1' title="bbox 204 155 261 183; baseline -0.018 0"><span class='ocrx_word' id='word_1_1' title='bbox 204 155 261 183; x_wconf 73' lang='lat'><strong>707</strong></span> 
     </span>
    </p>
   </div>
   <div class='ocr_carea' id='block_1_2' title="bbox 782 145 1326 180">
    <p class='ocr_par' dir='ltr' id='par_1_2' title="bbox 782 145 1326 180">
     <span class='ocr_line' id='line_1_2' title="bbox 782 145 1326 180; baseline -0.002 -1"><span class='ocrx_word' id='word_1_2' title='bbox 782 147 814 179; x_wconf 87' lang='lat' dir='ltr'><strong>S.</strong></span> <span class='ocrx_word' id='word_1_3' title='bbox 838 145 1100 179; x_wconf 81' lang='lat' dir='ltr'><strong>ATHANASIUS.</strong></span> <span class='ocrx_word' id='word_1_4' title='bbox 1118 164 1156 170; x_wconf 95' lang='lat'><strong>——</strong></span> <span class='ocrx_word' id='word_1_5' title='bbox 1171 145 1326 180; x_wconf 81' lang='lat' dir='ltr'><strong>SPURIA.</strong></span> 
     </span>
    </p>
   </div>
   <div class='ocr_carea' id='block_1_3' title="bbox 1837 151 1889 183">
    <p class='ocr_par' dir='ltr' id='par_1_3' title="bbox 1837 151 1889 183">
     <span class='ocr_line' id='line_1_3' title="bbox 1837 151 1889 183; baseline 0.058 -3"><span class='ocrx_word' id='word_1_6' title='bbox 1837 151 1889 183; x_wconf 69' lang='lat'><strong>70.8</strong></span> 
     </span>
    </p>
   </div>
   <div class='ocr_carea' id='block_1_4' title="bbox 200 213 1027 253">
    <p class='ocr_par' dir='ltr' id='par_1_4' title="bbox 200 213 1027 253">
     <span class='ocr_line' id='line_1_4' title="bbox 200 213 1027 253; baseline -0.007 -5"><span class='ocrx_word' id='word_1_7' title='bbox 200 222 320 249; x_wconf 86' lang='lat' dir='ltr'><strong>vocatus</strong></span> <span class='ocrx_word' id='word_1_8' title='bbox 336 221 380 246; x_wconf 88' lang='lat' dir='ltr'><strong>est</strong></span> <span class='ocrx_word' id='word_1_9' title='bbox 395 213 620 253; x_wconf 72' lang='lat' dir='ltr'><strong>primogenitae,</strong></span> <span class='ocrx_word' id='word_1_10' title='bbox 634 219 732 252; x_wconf 81' lang='lat' dir='ltr'><strong>utpote</strong></span> <span class='ocrx_word' id='word_1_11' title='bbox 748 216 798 252; x_wconf 87' lang='lat' dir='ltr'><strong>qui</strong></span> <span class='ocrx_word' id='word_1_12' title='bbox 816 216 926 252; x_wconf 85' lang='lat' dir='ltr'><strong>primas</strong></span> <span class='ocrx_word' id='word_1_13' title='bbox 941 215 1027 243; x_wconf 87' lang='lat' dir='ltr'><strong>habe-</strong></span> 
     </span>
    </p>
   </div>
   <div class='ocr_carea' id='block_1_5' title="bbox 1094 213 1890 253">
    <p class='ocr_par' dir='ltr' id='par_1_5' title="bbox 1094 214 1890 252">
     <span class='ocr_line' id='line_1_5' title="bbox 1094 214 1890 252; baseline 0.005 -11"><span class='ocrx_word' id='word_1_14' title='bbox 1094 214 1176 249; x_wconf 76' lang='grc' dir='ltr'>ιάσθη</span> <span class='ocrx_word' id='word_1_15' title='bbox 1216 215 1402 252; x_wconf 77' lang='grc' dir='ltr'>πρωτότοκος,</span> <span class='ocrx_word' id='word_1_16' title='bbox 1441 215 1478 245; x_wconf 83' lang='grc' dir='ltr'>ὠς</span> <span class='ocrx_word' id='word_1_17' title='bbox 1512 215 1660 252; x_wconf 67' lang='grc' dir='ltr'>πρωτεύων</span> <span class='ocrx_word' id='word_1_18' title='bbox 1694 215 1719 243; x_wconf 85' lang='grc' dir='ltr'><strong>ἐν</strong></span> <span class='ocrx_word' id='word_1_19' title='bbox 1748 220 1821 244; x_wconf 72' lang='grc' dir='ltr'>πᾶσιν</span> <span class='ocrx_word' id='word_1_20' title='bbox 1848 218 1890 245; x_wconf 82' lang='grc' dir='ltr'><strong>αὒ-</strong></span> 
     </span>
    </p>
   </div>
   <div class='ocr_carea' id='block_1_6' title="bbox 204 263 463 294">
    <p class='ocr_par' dir='ltr' id='par_1_6' title="bbox 204 263 463 294">
     <span class='ocr_line' id='line_1_6' title="bbox 204 263 463 294; baseline -0.015 0"><span class='ocrx_word' id='word_1_21' title='bbox 204 265 294 294; x_wconf 89' lang='lat' dir='ltr'><strong>retin</strong></span> <span class='ocrx_word' id='word_1_22' title='bbox 311 263 463 292; x_wconf 86' lang='lat' dir='ltr'><strong>omnibus.</strong></span> 
     </span>
    </p>
   </div>
   <div class='ocr_carea' id='block_1_7' title="bbox 238 305 1033 343">
    <p class='ocr_par' dir='ltr' id='par_1_7' title="bbox 238 305 1033 343">
     <span class='ocr_line' id='line_1_7' title="bbox 238 305 1033 343; baseline -0.006 -6"><span class='ocrx_word' id='word_1_23' title='bbox 238 312 269 343; x_wconf 89' lang='lat' dir='ltr'><strong>Q.</strong></span> <span class='ocrx_word' id='word_1_24' title='bbox 285 310 330 336; x_wconf 77' lang='lat'><strong>:29.</strong></span> <span class='ocrx_word' id='word_1_25' title='bbox 342 320 354 333; x_wconf 73' lang='grc' dir='ltr'>‹ι</span> <span class='ocrx_word' id='word_1_26' title='bbox 366 310 400 335; x_wconf 85' lang='lat' dir='ltr'><strong>Et</strong></span> <span class='ocrx_word' id='word_1_27' title='bbox 416 307 567 335; x_wconf 81' lang='lat' dir='ltr'><strong>reclinavit</strong></span> <span class='ocrx_word' id='word_1_28' title='bbox 582 315 650 334; x_wconf 91' lang='lat' dir='ltr'><strong>eum</strong></span> <span class='ocrx_word' id='word_1_29' title='bbox 665 307 694 334; x_wconf 90' lang='lat' dir='ltr'><strong>in</strong></span> <span class='ocrx_word' id='word_1_30' title='bbox 711 306 852 342; x_wconf 67' lang='lat' dir='ltr'><strong>praesepio</strong></span> <span class='ocrx_word' id='word_1_31' title='bbox 867 307 900 333; x_wconf 66' lang='grc' dir='ltr'><strong>σθ.</strong></span> <span class='ocrx_word' id='word_1_32' title='bbox 917 317 927 330; x_wconf 79' lang='grc' dir='ltr'><strong>ι</strong></span> <span class='ocrx_word' id='word_1_33' title='bbox 939 305 1033 337; x_wconf 86' lang='lat' dir='ltr'><strong>Quare</strong></span> 
     </span>
    </p>
   </div>
   <div class='ocr_carea' id='block_1_8' title="bbox 206 351 660 391">
    <p class='ocr_par' dir='ltr' id='par_1_8' title="bbox 206 351 660 391">
     <span class='ocr_line' id='line_1_8' title="bbox 206 351 660 391; baseline -0.009 -8"><span class='ocrx_word' id='word_1_34' title='bbox 206 355 235 383; x_wconf 86' lang='lat' dir='ltr'><strong>in</strong></span> <span class='ocrx_word' id='word_1_35' title='bbox 253 353 392 391; x_wconf 63' lang='lat' dir='ltr'><strong>praesepio</strong></span> <span class='ocrx_word' id='word_1_36' title='bbox 409 352 567 380; x_wconf 87' lang='lat' dir='ltr'><strong>reclinatus</strong></span> <span class='ocrx_word' id='word_1_37' title='bbox 584 351 660 379; x_wconf 82' lang='lat' dir='ltr'><strong>fuit?</strong></span> 
     </span>
    </p>
   </div>
   <div class='ocr_carea' id='block_1_9' title="bbox 242 395 1032 429">
    <p class='ocr_par' dir='ltr' id='par_1_9' title="bbox 242 395 1032 429">
     <span class='ocr_line' id='line_1_9' title="bbox 242 395 1032 429; baseline -0.006 -2"><span class='ocrx_word' id='word_1_38' title='bbox 242 400 274 427; x_wconf 73' lang='grc' dir='ltr'><strong>Β.</strong></span> <span class='ocrx_word' id='word_1_39' title='bbox 286 399 322 426; x_wconf 92' lang='lat' dir='ltr'><strong>Ut</strong></span> <span class='ocrx_word' id='word_1_40' title='bbox 339 407 390 425; x_wconf 84' lang='lat' dir='ltr'><strong>nos</strong></span> <span class='ocrx_word' id='word_1_41' title='bbox 402 398 438 425; x_wconf 81' lang='lat' dir='ltr'><strong>ab</strong></span> <span class='ocrx_word' id='word_1_42' title='bbox 453 396 707 425; x_wconf 81' lang='lat' dir='ltr'><strong>irrationabilitate</strong></span> <span class='ocrx_word' id='word_1_43' title='bbox 722 395 869 429; x_wconf 79' lang='lat' dir='ltr'><strong>liberaret,</strong></span> <span class='ocrx_word' id='word_1_44' title='bbox 879 395 1032 423; x_wconf 88' lang='lat' dir='ltr'><strong>brutorum</strong></span> 
     </span>
    </p>
   </div>
   <div class='ocr_carea' id='block_1_10' title="bbox 207 440 1032 477">
    <p class='ocr_par' dir='ltr' id='par_1_10' title="bbox 207 440 1032 477">
     <span class='ocr_line' id='line_1_10' title="bbox 207 440 1032 477; baseline -0.007 -5"><span class='ocrx_word' id='word_1_45' title='bbox 207 444 307 472; x_wconf 85' lang='lat' dir='ltr'><strong>relicta</strong></span> <span class='ocrx_word' id='word_1_46' title='bbox 323 443 398 476; x_wconf 77' lang='lat' dir='ltr'><strong>vita;</strong></span> <span class='ocrx_word' id='word_1_47' title='bbox 415 441 614 477; x_wconf 87' lang='lat' dir='ltr'><strong>tribueretque</strong></span> <span class='ocrx_word' id='word_1_48' title='bbox 629 440 798 469; x_wconf 90' lang='lat' dir='ltr'><strong>hominibus</strong></span> <span class='ocrx_word' id='word_1_49' title='bbox 822 442 1032 476; x_wconf 76' lang='lat' dir='ltr'><strong>congruentem</strong></span> 
     </span>
    </p>
   </div>
   <div class='ocr_carea' id='block_1_11' title="bbox 207 488 404 525">
    <p class='ocr_par' dir='ltr' id='par_1_11' title="bbox 207 488 404 525">
     <span class='ocr_line' id='line_1_11' title="bbox 207 488 404 525; baseline -0.015 -8"><span class='ocrx_word' id='word_1_50' title='bbox 207 488 404 525; x_wconf 82' lang='lat' dir='ltr'><strong>prudentium.</strong></span> 
     </span>
    </p>
   </div>
   <div class='ocr_carea' id='block_1_12' title="bbox 244 529 1032 566">
    <p class='ocr_par' dir='ltr' id='par_1_12' title="bbox 244 529 1032 566">
     <span class='ocr_line' id='line_1_12' title="bbox 244 529 1032 566; baseline -0.005 -6"><span class='ocrx_word' id='word_1_51' title='bbox 244 534 276 566; x_wconf 89' lang='grc' dir='ltr'><strong>Ο,</strong></span> <span class='ocrx_word' id='word_1_52' title='bbox 293 533 336 560; x_wconf 90' lang='lat'><strong>30.</strong></span> <span class='ocrx_word' id='word_1_53' title='bbox 355 544 368 557; x_wconf 86' lang='grc'><strong>‹‹</strong></span> <span class='ocrx_word' id='word_1_54' title='bbox 387 532 477 559; x_wconf 84' lang='lat' dir='ltr'><strong>Homo</strong></span> <span class='ocrx_word' id='word_1_55' title='bbox 493 530 688 558; x_wconf 79' lang='lat' dir='ltr'><strong>descendebat</strong></span> <span class='ocrx_word' id='word_1_56' title='bbox 702 529 739 557; x_wconf 83' lang='lat' dir='ltr'><strong>ab</strong></span> <span class='ocrx_word' id='word_1_57' title='bbox 754 529 916 557; x_wconf 80' lang='lat' dir='ltr'><strong>Jerusalem</strong></span> <span class='ocrx_word' id='word_1_58' title='bbox 933 529 961 556; x_wconf 90' lang='lat' dir='ltr'><strong>in</strong></span> <span class='ocrx_word' id='word_1_59' title='bbox 984 529 1032 556; x_wconf 90' lang='lat' dir='ltr'><strong>Je-</strong></span> 
     </span>
    </p>
   </div>
   <div class='ocr_carea' id='block_1_13' title="bbox 207 573 1030 612">
    <p class='ocr_par' dir='ltr' id='par_1_13' title="bbox 207 573 1030 612">
     <span class='ocr_line' id='line_1_13' title="bbox 207 573 1030 612; baseline -0.006 -7"><span class='ocrx_word' id='word_1_60' title='bbox 207 578 299 612; x_wconf 79' lang='lat' dir='ltr'><strong>richo,</strong></span> <span class='ocrx_word' id='word_1_61' title='bbox 316 580 343 604; x_wconf 87' lang='lat' dir='ltr'><strong>et</strong></span> <span class='ocrx_word' id='word_1_62' title='bbox 359 576 462 604; x_wconf 81' lang='lat' dir='ltr'><strong>incidit</strong></span> <span class='ocrx_word' id='word_1_63' title='bbox 477 576 506 603; x_wconf 92' lang='lat' dir='ltr'><strong>in</strong></span> <span class='ocrx_word' id='word_1_64' title='bbox 523 575 650 603; x_wconf 83' lang='lat' dir='ltr'><strong>latrones</strong></span> <span class='ocrx_word' id='word_1_65' title='bbox 668 576 688 602; x_wconf 83' lang='grc' dir='ltr'><strong>ί.</strong></span> <span class='ocrx_word' id='word_1_66' title='bbox 705 585 718 599; x_wconf 75' lang='grc' dir='ltr'><strong>ιι</strong></span> <span class='ocrx_word' id='word_1_67' title='bbox 736 574 806 606; x_wconf 87' lang='lat' dir='ltr'><strong>Quis</strong></span> <span class='ocrx_word' id='word_1_68' title='bbox 832 573 940 601; x_wconf 80' lang='lat' dir='ltr'><strong>homo?</strong></span> <span class='ocrx_word' id='word_1_69' title='bbox 964 574 1030 606; x_wconf 66' lang='lat' dir='ltr'><strong>Qum</strong></span> 
     </span>
    </p>
   </div>
   <div class='ocr_carea' id='block_1_14' title="bbox 204 618 865 653">
    <p class='ocr_par' dir='ltr' id='par_1_14' title="bbox 204 618 865 653">
     <span class='ocr_line' id='line_1_14' title="bbox 204 618 865 653; baseline -0.006 -4"><span class='ocrx_word' id='word_1_70' title='bbox 204 621 367 649; x_wconf 82' lang='lat' dir='ltr'><strong>Jerusalem</strong></span> <span class='ocrx_word' id='word_1_71' title='bbox 379 621 392 648; x_wconf 83' lang='lat'><strong>‘?</strong></span> <span class='ocrx_word' id='word_1_72' title='bbox 410 622 476 653; x_wconf 72' lang='lat' dir='ltr'><strong>Quae</strong></span> <span class='ocrx_word' id='word_1_73' title='bbox 493 619 630 647; x_wconf 82' lang='lat' dir='ltr'><strong>Jericho?</strong></span> <span class='ocrx_word' id='word_1_74' title='bbox 646 619 699 651; x_wconf 89' lang='lat' dir='ltr'><strong>Qui</strong></span> <span class='ocrx_word' id='word_1_75' title='bbox 714 618 843 646; x_wconf 88' lang='lat' dir='ltr'><strong>latrones</strong></span> <span class='ocrx_word' id='word_1_76' title='bbox 852 618 865 644; x_wconf 76' lang='lat' dir='ltr'><strong>‘I</strong></span> 
     </span>
    </p>
   </div>
   <div class='ocr_carea' id='block_1_15' title="bbox 243 706 1031 744">
    <p class='ocr_par' dir='ltr' id='par_1_15' title="bbox 243 706 1031 744">
     <span class='ocr_line' id='line_1_15' title="bbox 243 706 1031 744; baseline -0.006 -5"><span class='ocrx_word' id='word_1_77' title='bbox 243 712 275 739; x_wconf 75' lang='grc' dir='ltr'><strong>Η.</strong></span> <span class='ocrx_word' id='word_1_78' title='bbox 294 711 384 739; x_wconf 86' lang='lat' dir='ltr'><strong>Homo</strong></span> <span class='ocrx_word' id='word_1_79' title='bbox 401 712 445 737; x_wconf 88' lang='lat' dir='ltr'><strong>est</strong></span> <span class='ocrx_word' id='word_1_80' title='bbox 459 710 569 743; x_wconf 85' lang='lat' dir='ltr'><strong>Adam;</strong></span> <span class='ocrx_word' id='word_1_81' title='bbox 586 708 760 741; x_wconf 78' lang='lat' dir='ltr'><strong>Jerusalem,</strong></span> <span class='ocrx_word' id='word_1_82' title='bbox 777 706 1031 744; x_wconf 82' lang='lat' dir='ltr'><strong>paradisus;Jeri-</strong></span> 
     </span>
    </p>
   </div>
   <div class='ocr_carea' id='block_1_16' title="bbox 203 754 824 792">
    <p class='ocr_par' dir='ltr' id='par_1_16' title="bbox 203 754 824 792">
     <span class='ocr_line' id='line_1_16' title="bbox 203 754 824 792; baseline -0.006 -8"><span class='ocrx_word' id='word_1_83' title='bbox 203 757 267 792; x_wconf 86' lang='lat' dir='ltr'><strong>eho,</strong></span> <span class='ocrx_word' id='word_1_84' title='bbox 284 756 330 783; x_wconf 89' lang='lat' dir='ltr'><strong>hic</strong></span> <span class='ocrx_word' id='word_1_85' title='bbox 347 755 493 789; x_wconf 79' lang='lat' dir='ltr'><strong>mundus;</strong></span> <span class='ocrx_word' id='word_1_86' title='bbox 510 754 650 786; x_wconf 82' lang='lat' dir='ltr'><strong>latrones,</strong></span> <span class='ocrx_word' id='word_1_87' title='bbox 667 754 824 781; x_wconf 71' lang='lat' dir='ltr'><strong>daemones.</strong></span> 
     </span>
    </p>
   </div>
   <div class='ocr_carea' id='block_1_17' title="bbox 240 840 1026 877">
    <p class='ocr_par' dir='ltr' id='par_1_17' title="bbox 240 840 1026 877">
     <span class='ocr_line' id='line_1_17' title="bbox 240 840 1026 877; baseline -0.006 -5"><span class='ocrx_word' id='word_1_88' title='bbox 240 845 396 877; x_wconf 79' lang='lat' dir='ltr'><strong>Q.31.Casu</strong></span> <span class='ocrx_word' id='word_1_89' title='bbox 415 845 512 871; x_wconf 83' lang='lat' dir='ltr'><strong>autem</strong></span> <span class='ocrx_word' id='word_1_90' title='bbox 529 842 666 877; x_wconf 82' lang='lat' dir='ltr'><strong>sacerdos</strong></span> <span class='ocrx_word' id='word_1_91' title='bbox 682 841 801 877; x_wconf 87' lang='lat' dir='ltr'><strong>quidam</strong></span> <span class='ocrx_word' id='word_1_92' title='bbox 814 840 916 868; x_wconf 88' lang='lat' dir='ltr'><strong>videns</strong></span> <span class='ocrx_word' id='word_1_93' title='bbox 927 841 937 857; x_wconf 79' lang='grc'>²</span> <span class='ocrx_word' id='word_1_94' title='bbox 948 849 1026 873; x_wconf 89' lang='lat' dir='ltr'><strong>eum,</strong></span> 
     </span>
    </p>
   </div>
   <div class='ocr_carea' id='block_1_18' title="bbox 203 885 1068 933">
    <p class='ocr_par' dir='ltr' id='par_1_18' title="bbox 203 885 1068 933">
     <span class='ocr_line' id='line_1_18' title="bbox 203 885 1068 933; baseline -0.006 -17"><span class='ocrx_word' id='word_1_95' title='bbox 203 888 401 924; x_wconf 78' lang='lat' dir='ltr'><strong>pertransivit.</strong></span> <span class='ocrx_word' id='word_1_96' title='bbox 423 888 516 915; x_wconf 79' lang='lat' dir='ltr'><strong>Levita</strong></span> <span class='ocrx_word' id='word_1_97' title='bbox 531 885 676 914; x_wconf 82' lang='lat' dir='ltr'><strong>similiter.</strong></span> <span class='ocrx_word' id='word_1_98' title='bbox 703 885 906 913; x_wconf 77' lang='lat' dir='ltr'><strong>Samaritanus</strong></span> <span class='ocrx_word' id='word_1_99' title='bbox 929 887 1027 912; x_wconf 85' lang='lat' dir='ltr'><strong>autem</strong></span> <span class='ocrx_word' id='word_1_100' title='bbox 1043 899 1068 933; x_wconf 83' lang='lat' dir='ltr'><strong>B</strong></span> 
     </span>
    </p>
   </div>
   <div class='ocr_carea' id='block_1_19' title="bbox 202 928 1030 965">
    <p class='ocr_par' dir='ltr' id='par_1_19' title="bbox 202 928 1030 965">
     <span class='ocr_line' id='line_1_19' title="bbox 202 928 1030 965; baseline -0.006 -5"><span class='ocrx_word' id='word_1_101' title='bbox 202 934 304 961; x_wconf 86' lang='lat' dir='ltr'><strong>videns</strong></span> <span class='ocrx_word' id='word_1_102' title='bbox 320 941 397 964; x_wconf 81' lang='lat' dir='ltr'><strong>eum,</strong></span> <span class='ocrx_word' id='word_1_103' title='bbox 415 930 616 959; x_wconf 79' lang='lat' dir='ltr'><strong>misericordia</strong></span> <span class='ocrx_word' id='word_1_104' title='bbox 632 932 729 958; x_wconf 85' lang='lat' dir='ltr'><strong>motus</strong></span> <span class='ocrx_word' id='word_1_105' title='bbox 746 932 799 962; x_wconf 86' lang='lat' dir='ltr'><strong>est,</strong></span> <span class='ocrx_word' id='word_1_106' title='bbox 817 931 845 957; x_wconf 89' lang='lat' dir='ltr'><strong>et</strong></span> <span class='ocrx_word' id='word_1_107' title='bbox 856 929 955 965; x_wconf 75' lang='lat' dir='ltr'><strong>ligavit</strong></span> <span class='ocrx_word' id='word_1_108' title='bbox 970 928 1030 956; x_wconf 90' lang='lat' dir='ltr'><strong>vul-</strong></span> 
     </span>
    </p>
   </div>
   <div class='ocr_carea' id='block_1_20' title="bbox 201 972 1029 1011">
    <p class='ocr_par' dir='ltr' id='par_1_20' title="bbox 201 972 1029 1011">
     <span class='ocr_line' id='line_1_20' title="bbox 201 972 1029 1011; baseline -0.006 -6"><span class='ocrx_word' id='word_1_109' title='bbox 201 987 271 1006; x_wconf 85' lang='lat' dir='ltr'><strong>nera</strong></span> <span class='ocrx_word' id='word_1_110' title='bbox 296 978 369 1011; x_wconf 84' lang='lat' dir='ltr'><strong>ejus.</strong></span> <span class='ocrx_word' id='word_1_111' title='bbox 396 975 470 1009; x_wconf 87' lang='lat' dir='ltr'><strong>Quid</strong></span> <span class='ocrx_word' id='word_1_112' title='bbox 496 975 580 1008; x_wconf 89' lang='lat' dir='ltr'><strong>illud,</strong></span> <span class='ocrx_word' id='word_1_113' title='bbox 611 985 623 1001; x_wconf 76' lang='grc' dir='ltr'>ι</span> <span class='ocrx_word' id='word_1_114' title='bbox 645 975 740 1002; x_wconf 77' lang='lat' dir='ltr'><strong>Casu?</strong></span> <span class='ocrx_word' id='word_1_115' title='bbox 755 985 768 998; x_wconf 83' lang='lat'><strong>«</strong></span> <span class='ocrx_word' id='word_1_116' title='bbox 785 973 855 1005; x_wconf 84' lang='lat' dir='ltr'><strong>Quis</strong></span> <span class='ocrx_word' id='word_1_117' title='bbox 872 972 1029 1001; x_wconf 77' lang='lat' dir='ltr'><strong>sacerdos?</strong></span> 
     </span>
    </p>
   </div>
   <div class='ocr_carea' id='block_1_21' title="bbox 203 1019 734 1054">
    <p class='ocr_par' dir='ltr' id='par_1_21' title="bbox 203 1019 734 1054">
     <span class='ocr_line' id='line_1_21' title="bbox 203 1019 734 1054; baseline -0.006 -4"><span class='ocrx_word' id='word_1_118' title='bbox 203 1024 272 1054; x_wconf 84' lang='lat' dir='ltr'><strong>Quis</strong></span> <span class='ocrx_word' id='word_1_119' title='bbox 290 1022 385 1050; x_wconf 74' lang='lat' dir='ltr'><strong>Levita</strong></span> <span class='ocrx_word' id='word_1_120' title='bbox 396 1022 409 1048; x_wconf 85' lang='lat'><strong>‘?</strong></span> <span class='ocrx_word' id='word_1_121' title='bbox 425 1021 495 1054; x_wconf 80' lang='lat' dir='ltr'><strong>Quis</strong></span> <span class='ocrx_word' id='word_1_122' title='bbox 509 1019 734 1048; x_wconf 76' lang='lat' dir='ltr'><strong>Samaritanus?</strong></span> 
     </span>
    </p>
   </div>
   <div class='ocr_carea' id='block_1_22' title="bbox 240 1062 1027 1100">
    <p class='ocr_par' dir='ltr' id='par_1_22' title="bbox 240 1062 1027 1100">
     <span class='ocr_line' id='line_1_22' title="bbox 240 1062 1027 1100; baseline -0.005 -7"><span class='ocrx_word' id='word_1_123' title='bbox 240 1067 272 1094; x_wconf 74' lang='grc' dir='ltr'><strong>Β.</strong></span> <span class='ocrx_word' id='word_1_124' title='bbox 292 1066 377 1100; x_wconf 84' lang='lat' dir='ltr'><strong>Illud,</strong></span> <span class='ocrx_word' id='word_1_125' title='bbox 395 1077 407 1090; x_wconf 84' lang='grc'><strong>‹‹</strong></span> <span class='ocrx_word' id='word_1_126' title='bbox 424 1066 510 1098; x_wconf 85' lang='lat' dir='ltr'><strong>Casu,</strong></span> <span class='ocrx_word' id='word_1_127' title='bbox 528 1075 541 1089; x_wconf 87' lang='lat'>»</span> <span class='ocrx_word' id='word_1_128' title='bbox 555 1064 583 1091; x_wconf 90' lang='lat' dir='ltr'><strong>id</strong></span> <span class='ocrx_word' id='word_1_129' title='bbox 600 1067 654 1097; x_wconf 89' lang='lat' dir='ltr'><strong>est,</strong></span> <span class='ocrx_word' id='word_1_130' title='bbox 671 1072 704 1091; x_wconf 82' lang='lat' dir='ltr'><strong>ex</strong></span> <span class='ocrx_word' id='word_1_131' title='bbox 719 1063 818 1091; x_wconf 86' lang='lat' dir='ltr'><strong>divina</strong></span> <span class='ocrx_word' id='word_1_132' title='bbox 838 1062 1027 1098; x_wconf 78' lang='lat' dir='ltr'><strong>providentia.</strong></span> 
     </span>
    </p>
   </div>
   <div class='ocr_carea' id='block_1_23' title="bbox 203 1107 1030 1144">
    <p class='ocr_par' dir='ltr' id='par_1_23' title="bbox 203 1107 1030 1144">
     <span class='ocr_line' id='line_1_23' title="bbox 203 1107 1030 1144; baseline -0.006 -5"><span class='ocrx_word' id='word_1_133' title='bbox 203 1111 344 1139; x_wconf 84' lang='lat' dir='ltr'><strong>Sacerdos</strong></span> <span class='ocrx_word' id='word_1_134' title='bbox 360 1110 472 1143; x_wconf 81' lang='lat' dir='ltr'><strong>estlex;</strong></span> <span class='ocrx_word' id='word_1_135' title='bbox 485 1109 591 1143; x_wconf 82' lang='lat' dir='ltr'><strong>Levita,</strong></span> <span class='ocrx_word' id='word_1_136' title='bbox 609 1108 741 1144; x_wconf 81' lang='lat' dir='ltr'><strong>magistri</strong></span> <span class='ocrx_word' id='word_1_137' title='bbox 755 1116 789 1135; x_wconf 83' lang='lat' dir='ltr'><strong>ex</strong></span> <span class='ocrx_word' id='word_1_138' title='bbox 800 1107 921 1135; x_wconf 88' lang='lat' dir='ltr'><strong>Levitico</strong></span> <span class='ocrx_word' id='word_1_139' title='bbox 937 1115 1030 1134; x_wconf 85' lang='lat' dir='ltr'><strong>sacer-</strong></span> 
     </span>
    </p>
   </div>
   <div class='ocr_carea' id='block_1_24' title="bbox 206 1153 690 1189">
    <p class='ocr_par' dir='ltr' id='par_1_24' title="bbox 206 1153 690 1189">
     <span class='ocr_line' id='line_1_24' title="bbox 206 1153 690 1189; baseline -0.006 -6"><span class='ocrx_word' id='word_1_140' title='bbox 206 1157 301 1189; x_wconf 81' lang='lat' dir='ltr'><strong>dotio;</strong></span> <span class='ocrx_word' id='word_1_141' title='bbox 319 1156 532 1189; x_wconf 79' lang='lat' dir='ltr'><strong>Samaritanus,</strong></span> <span class='ocrx_word' id='word_1_142' title='bbox 547 1153 690 1181; x_wconf 81' lang='lat' dir='ltr'><strong>Christus.</strong></span> 
     </span>
    </p>
   </div>
   <div class='ocr_carea' id='block_1_25' title="bbox 240 1240 963 1277">
    <p class='ocr_par' dir='ltr' id='par_1_25' title="bbox 240 1240 963 1277">
     <span class='ocr_line' id='line_1_25' title="bbox 240 1240 963 1277; baseline -0.004 -6"><span class='ocrx_word' id='word_1_143' title='bbox 240 1246 271 1277; x_wconf 86' lang='grc' dir='ltr'><strong>Ο.</strong></span> <span class='ocrx_word' id='word_1_144' title='bbox 288 1245 331 1271; x_wconf 75' lang='lat'><strong>32.</strong></span> <span class='ocrx_word' id='word_1_145' title='bbox 350 1246 443 1276; x_wconf 80' lang='lat' dir='ltr'><strong>Quare</strong></span> <span class='ocrx_word' id='word_1_146' title='bbox 458 1243 565 1271; x_wconf 89' lang='lat' dir='ltr'><strong>dicitur</strong></span> <span class='ocrx_word' id='word_1_147' title='bbox 580 1242 794 1275; x_wconf 81' lang='lat' dir='ltr'><strong>Samaritanus,</strong></span> <span class='ocrx_word' id='word_1_148' title='bbox 809 1240 963 1268; x_wconf 86' lang='lat' dir='ltr'><strong>Christus?</strong></span> 
     </span>
    </p>
   </div>
   <div class='ocr_carea' id='block_1_26' title="bbox 240 1330 1026 1366">
    <p class='ocr_par' dir='ltr' id='par_1_26' title="bbox 240 1330 1026 1366">
     <span class='ocr_line' id='line_1_26' title="bbox 240 1330 1026 1366; baseline -0.004 -5"><span class='ocrx_word' id='word_1_149' title='bbox 240 1336 271 1361; x_wconf 85' lang='lat' dir='ltr'><strong>R.</strong></span> <span class='ocrx_word' id='word_1_150' title='bbox 298 1334 370 1365; x_wconf 82' lang='lat' dir='ltr'><strong>Quia</strong></span> <span class='ocrx_word' id='word_1_151' title='bbox 393 1332 487 1360; x_wconf 65' lang='lat' dir='ltr'><strong>Judaei</strong></span> <span class='ocrx_word' id='word_1_152' title='bbox 503 1331 586 1359; x_wconf 89' lang='lat' dir='ltr'><strong>illum</strong></span> <span class='ocrx_word' id='word_1_153' title='bbox 604 1331 645 1358; x_wconf 82' lang='lat' dir='ltr'><strong>ita</strong></span> <span class='ocrx_word' id='word_1_154' title='bbox 661 1333 867 1366; x_wconf 78' lang='lat' dir='ltr'><strong>nuncuparunt</strong></span> <span class='ocrx_word' id='word_1_155' title='bbox 881 1330 1003 1357; x_wconf 89' lang='lat' dir='ltr'><strong>dicendo</strong></span> <span class='ocrx_word' id='word_1_156' title='bbox 1019 1339 1026 1358; x_wconf 85' lang='lat'><strong>:</strong></span> 
     </span>
    </p>
   </div>
   <div class='ocr_carea' id='block_1_27' title="bbox 203 1374 906 1411">
    <p class='ocr_par' dir='ltr' id='par_1_27' title="bbox 203 1374 906 1411">
     <span class='ocr_line' id='line_1_27' title="bbox 203 1374 906 1411; baseline -0.001 -8"><span class='ocrx_word' id='word_1_157' title='bbox 203 1391 216 1403; x_wconf 83' lang='grc' dir='ltr'>(ι</span> <span class='ocrx_word' id='word_1_158' title='bbox 236 1378 439 1405; x_wconf 79' lang='lat' dir='ltr'><strong>Samaritanus</strong></span> <span class='ocrx_word' id='word_1_159' title='bbox 456 1384 497 1411; x_wconf 89' lang='lat' dir='ltr'><strong>es,</strong></span> <span class='ocrx_word' id='word_1_160' title='bbox 514 1380 543 1403; x_wconf 88' lang='lat' dir='ltr'><strong>et</strong></span> <span class='ocrx_word' id='word_1_161' title='bbox 554 1375 731 1403; x_wconf 66' lang='lat' dir='ltr'><strong>daemonium</strong></span> <span class='ocrx_word' id='word_1_162' title='bbox 749 1374 839 1402; x_wconf 78' lang='lat' dir='ltr'><strong>habes</strong></span> <span class='ocrx_word' id='word_1_163' title='bbox 854 1374 874 1402; x_wconf 82' lang='grc'><strong>³.</strong></span> <span class='ocrx_word' id='word_1_164' title='bbox 892 1385 906 1399; x_wconf 83' lang='lat'><strong><em>»</em></strong></span> 
     </span>
    </p>
   </div>
   <div class='ocr_carea' id='block_1_28' title="bbox 237 1419 1028 1455">
    <p class='ocr_par' dir='ltr' id='par_1_28' title="bbox 237 1419 1028 1455">
     <span class='ocr_line' id='line_1_28' title="bbox 237 1419 1028 1455; baseline -0.004 -6"><span class='ocrx_word' id='word_1_165' title='bbox 237 1423 269 1454; x_wconf 86' lang='grc' dir='ltr'><strong>Ο.</strong></span> <span class='ocrx_word' id='word_1_166' title='bbox 348 1433 360 1445; x_wconf 73' lang='grc' dir='ltr'>«ι</span> <span class='ocrx_word' id='word_1_167' title='bbox 380 1422 499 1448; x_wconf 78' lang='lat' dir='ltr'><strong>Factum</strong></span> <span class='ocrx_word' id='word_1_168' title='bbox 516 1423 560 1448; x_wconf 86' lang='lat' dir='ltr'><strong>est</strong></span> <span class='ocrx_word' id='word_1_169' title='bbox 575 1422 684 1452; x_wconf 84' lang='lat' dir='ltr'><strong>autem,</strong></span> <span class='ocrx_word' id='word_1_170' title='bbox 702 1419 807 1455; x_wconf 83' lang='lat' dir='ltr'><strong>inquit,</strong></span> <span class='ocrx_word' id='word_1_171' title='bbox 820 1420 852 1445; x_wconf 88' lang='lat' dir='ltr'><strong>ut</strong></span> <span class='ocrx_word' id='word_1_172' title='bbox 866 1421 1028 1446; x_wconf 89' lang='lat' dir='ltr'><strong>moreretur</strong></span> 
     </span>
    </p>
   </div>
   <div class='ocr_carea' id='block_1_29' title="bbox 205 1463 1027 1501">
    <p class='ocr_par' dir='ltr' id='par_1_29' title="bbox 205 1463 1027 1501">
     <span class='ocr_line' id='line_1_29' title="bbox 205 1463 1027 1501; baseline -0.004 -7"><span class='ocrx_word' id='word_1_173' title='bbox 205 1468 342 1499; x_wconf 79' lang='lat' dir='ltr'><strong>Lazarus,</strong></span> <span class='ocrx_word' id='word_1_174' title='bbox 358 1469 386 1493; x_wconf 79' lang='lat' dir='ltr'><strong>et</strong></span> <span class='ocrx_word' id='word_1_175' title='bbox 405 1468 568 1501; x_wconf 81' lang='lat' dir='ltr'><strong>portaretur</strong></span> <span class='ocrx_word' id='word_1_176' title='bbox 581 1465 617 1491; x_wconf 87' lang='lat' dir='ltr'><strong>ab</strong></span> <span class='ocrx_word' id='word_1_177' title='bbox 633 1463 746 1499; x_wconf 81' lang='lat' dir='ltr'><strong>angelis</strong></span> <span class='ocrx_word' id='word_1_178' title='bbox 770 1463 799 1490; x_wconf 91' lang='lat' dir='ltr'><strong>iu</strong></span> <span class='ocrx_word' id='word_1_179' title='bbox 826 1464 910 1491; x_wconf 88' lang='lat' dir='ltr'><strong>sinus</strong></span> <span class='ocrx_word' id='word_1_180' title='bbox 936 1464 1027 1491; x_wconf 81' lang='lat' dir='ltr'><strong>Abra-</strong></span> 
     </span>
    </p>
   </div>
   <div class='ocr_carea' id='block_1_30' title="bbox 204 1507 1000 1544">
    <p class='ocr_par' dir='ltr' id='par_1_30' title="bbox 204 1507 1000 1544">
     <span class='ocr_line' id='line_1_30' title="bbox 204 1507 1000 1544; baseline -0.003 -7"><span class='ocrx_word' id='word_1_181' title='bbox 204 1511 247 1538; x_wconf 68' lang='lat' dir='ltr'><strong>hm</strong></span> <span class='ocrx_word' id='word_1_182' title='bbox 263 1512 281 1537; x_wconf 77' lang='grc'><strong>³.</strong></span> <span class='ocrx_word' id='word_1_183' title='bbox 300 1523 313 1535; x_wconf 76' lang='grc'><strong><em>››</em></strong></span> <span class='ocrx_word' id='word_1_184' title='bbox 329 1513 422 1541; x_wconf 77' lang='lat' dir='ltr'><strong>Quare</strong></span> <span class='ocrx_word' id='word_1_185' title='bbox 437 1509 561 1537; x_wconf 89' lang='lat' dir='ltr'><strong>moritur</strong></span> <span class='ocrx_word' id='word_1_186' title='bbox 576 1508 702 1536; x_wconf 81' lang='lat' dir='ltr'><strong>Lazarus</strong></span> <span class='ocrx_word' id='word_1_187' title='bbox 714 1508 886 1544; x_wconf 79' lang='lat' dir='ltr'><strong>priusquam</strong></span> <span class='ocrx_word' id='word_1_188' title='bbox 902 1507 1000 1536; x_wconf 81' lang='lat' dir='ltr'><strong>dives?</strong></span> 
     </span>
    </p>
   </div>
   <div class='ocr_carea' id='block_1_31' title="bbox 239 1584 1063 1633">
    <p class='ocr_par' dir='ltr' id='par_1_31' title="bbox 239 1584 1063 1633">
     <span class='ocr_line' id='line_1_31' title="bbox 239 1584 1063 1633; baseline -0.001 -8"><span class='ocrx_word' id='word_1_189' title='bbox 239 1599 271 1625; x_wconf 72' lang='grc' dir='ltr'><strong>Β.</strong></span> <span class='ocrx_word' id='word_1_190' title='bbox 290 1599 323 1625; x_wconf 90' lang='lat' dir='ltr'><strong>Ut</strong></span> <span class='ocrx_word' id='word_1_191' title='bbox 340 1598 438 1626; x_wconf 88' lang='lat' dir='ltr'><strong>nullus</strong></span> <span class='ocrx_word' id='word_1_192' title='bbox 454 1597 536 1625; x_wconf 87' lang='lat' dir='ltr'><strong>diviti</strong></span> <span class='ocrx_word' id='word_1_193' title='bbox 552 1596 733 1625; x_wconf 87' lang='lat' dir='ltr'><strong>excusationi</strong></span> <span class='ocrx_word' id='word_1_194' title='bbox 749 1596 830 1625; x_wconf 88' lang='lat' dir='ltr'><strong>locus</strong></span> <span class='ocrx_word' id='word_1_195' title='bbox 846 1597 1025 1633; x_wconf 87' lang='lat' dir='ltr'><strong>relinquere-</strong></span> <span class='ocrx_word' id='word_1_196' title='bbox 1041 1584 1063 1618; x_wconf 71' lang='lat' dir='ltr'><strong>CI</strong></span> 
     </span>
    </p>
   </div>
   <div class='ocr_carea' id='block_1_32' title="bbox 200 1641 1026 1678">
    <p class='ocr_par' dir='ltr' id='par_1_32' title="bbox 200 1641 1026 1678">
     <span class='ocr_line' id='line_1_32' title="bbox 200 1641 1026 1678; baseline -0.001 -8"><span class='ocrx_word' id='word_1_197' title='bbox 200 1645 249 1670; x_wconf 91' lang='lat' dir='ltr'><strong>tur</strong></span> <span class='ocrx_word' id='word_1_198' title='bbox 267 1651 272 1670; x_wconf 90' lang='lat'>:</span> <span class='ocrx_word' id='word_1_199' title='bbox 290 1643 365 1678; x_wconf 88' lang='lat' dir='ltr'><strong>quod</strong></span> <span class='ocrx_word' id='word_1_200' title='bbox 382 1642 491 1669; x_wconf 83' lang='lat' dir='ltr'><strong>scilicet</strong></span> <span class='ocrx_word' id='word_1_201' title='bbox 507 1641 617 1677; x_wconf 88' lang='lat' dir='ltr'><strong>aliquid</strong></span> <span class='ocrx_word' id='word_1_202' title='bbox 631 1644 804 1677; x_wconf 80' lang='lat' dir='ltr'><strong>erogaturus</strong></span> <span class='ocrx_word' id='word_1_203' title='bbox 823 1644 901 1669; x_wconf 85' lang='lat' dir='ltr'><strong>esset</strong></span> <span class='ocrx_word' id='word_1_204' title='bbox 922 1641 964 1669; x_wconf 90' lang='lat' dir='ltr'><strong>illi</strong></span> <span class='ocrx_word' id='word_1_205' title='bbox 989 1642 1026 1676; x_wconf 91' lang='lat' dir='ltr'><strong>(si</strong></span> 
     </span>
    </p>
   </div>
   <div class='ocr_carea' id='block_1_33' title="bbox 202 1687 345 1720">
    <p class='ocr_par' dir='ltr' id='par_1_33' title="bbox 202 1687 345 1720">
     <span class='ocr_line' id='line_1_33' title="bbox 202 1687 345 1720; baseline -0.007 -7"><span class='ocrx_word' id='word_1_206' title='bbox 202 1687 345 1720; x_wconf 81' lang='lat' dir='ltr'><strong>vixisset.)</strong></span> 
     </span>
    </p>
   </div>
   <div class='ocr_carea' id='block_1_34' title="bbox 240 1729 1029 1763">
    <p class='ocr_par' dir='ltr' id='par_1_34' title="bbox 240 1729 1029 1763">
     <span class='ocr_line' id='line_1_34' title="bbox 240 1729 1029 1763; baseline -0.001 -5"><span class='ocrx_word' id='word_1_207' title='bbox 240 1730 462 1763; x_wconf 76' lang='lat' dir='ltr'><strong>Q.3-l.«Elevans</strong></span> <span class='ocrx_word' id='word_1_208' title='bbox 477 1731 575 1758; x_wconf 84' lang='lat' dir='ltr'><strong>autem</strong></span> <span class='ocrx_word' id='word_1_209' title='bbox 589 1730 670 1757; x_wconf 86' lang='lat' dir='ltr'><strong>dives</strong></span> <span class='ocrx_word' id='word_1_210' title='bbox 685 1729 785 1757; x_wconf 91' lang='lat' dir='ltr'><strong>oculos</strong></span> <span class='ocrx_word' id='word_1_211' title='bbox 797 1738 866 1757; x_wconf 91' lang='lat' dir='ltr'><strong>suos</strong></span> <span class='ocrx_word' id='word_1_212' title='bbox 875 1738 941 1757; x_wconf 88' lang='lat' dir='ltr'><strong>cum</strong></span> <span class='ocrx_word' id='word_1_213' title='bbox 951 1731 1029 1757; x_wconf 87' lang='lat' dir='ltr'><strong>esset</strong></span> 
     </span>
    </p>
   </div>
   <div class='ocr_carea' id='block_1_35' title="bbox 205 1773 1026 1806">
    <p class='ocr_par' dir='ltr' id='par_1_35' title="bbox 205 1773 1026 1806">
     <span class='ocr_line' id='line_1_35' title="bbox 205 1773 1026 1806; baseline -0.002 -4"><span class='ocrx_word' id='word_1_214' title='bbox 205 1776 233 1803; x_wconf 89' lang='lat' dir='ltr'><strong>in</strong></span> <span class='ocrx_word' id='word_1_215' title='bbox 251 1775 414 1806; x_wconf 69' lang='lat' dir='ltr'><strong>tormentis.</strong></span> <span class='ocrx_word' id='word_1_216' title='bbox 432 1775 504 1802; x_wconf 91' lang='lat' dir='ltr'><strong>vidit</strong></span> <span class='ocrx_word' id='word_1_217' title='bbox 520 1774 658 1802; x_wconf 79' lang='lat' dir='ltr'><strong>Lazarum</strong></span> <span class='ocrx_word' id='word_1_218' title='bbox 675 1774 702 1801; x_wconf 93' lang='lat' dir='ltr'><strong>in</strong></span> <span class='ocrx_word' id='word_1_219' title='bbox 719 1773 833 1801; x_wconf 84' lang='lat' dir='ltr'><strong>sinibus</strong></span> <span class='ocrx_word' id='word_1_220' title='bbox 847 1773 968 1801; x_wconf 67' lang='lat' dir='ltr'><strong>Abrahae</strong></span> <span class='ocrx_word' id='word_1_221' title='bbox 980 1774 1000 1800; x_wconf 79' lang='grc'>⁵.</span> <span class='ocrx_word' id='word_1_222' title='bbox 1012 1785 1026 1798; x_wconf 86' lang='grc'><strong>››</strong></span> 
     </span>
    </p>
   </div>
   <div class='ocr_carea' id='block_1_36' title="bbox 204 1817 1026 1856">
    <p class='ocr_par' dir='ltr' id='par_1_36' title="bbox 204 1817 1026 1856">
     <span class='ocr_line' id='line_1_36' title="bbox 204 1817 1026 1856; baseline -0.004 -8"><span class='ocrx_word' id='word_1_223' title='bbox 204 1821 297 1852; x_wconf 81' lang='lat' dir='ltr'><strong>Quare</strong></span> <span class='ocrx_word' id='word_1_224' title='bbox 314 1828 369 1847; x_wconf 86' lang='lat' dir='ltr'><strong>non</strong></span> <span class='ocrx_word' id='word_1_225' title='bbox 388 1819 469 1854; x_wconf 83' lang='lat' dir='ltr'><strong>ulibi,</strong></span> <span class='ocrx_word' id='word_1_226' title='bbox 486 1819 534 1846; x_wconf 89' lang='lat' dir='ltr'><strong>sed</strong></span> <span class='ocrx_word' id='word_1_227' title='bbox 552 1819 581 1846; x_wconf 89' lang='lat' dir='ltr'><strong>in</strong></span> <span class='ocrx_word' id='word_1_228' title='bbox 599 1818 714 1846; x_wconf 84' lang='lat' dir='ltr'><strong>sinibns</strong></span> <span class='ocrx_word' id='word_1_229' title='bbox 725 1818 849 1856; x_wconf 51' lang='lat' dir='ltr'><strong>‘Abrahzn</strong></span> <span class='ocrx_word' id='word_1_230' title='bbox 874 1817 950 1845; x_wconf 84' lang='lat' dir='ltr'><strong>videt</strong></span> <span class='ocrx_word' id='word_1_231' title='bbox 974 1819 1026 1846; x_wconf 86' lang='lat' dir='ltr'><strong>La-</strong></span> 
     </span>
    </p>
   </div>
   <div class='ocr_carea' id='block_1_37' title="bbox 202 1864 323 1893">
    <p class='ocr_par' dir='ltr' id='par_1_37' title="bbox 202 1864 323 1893">
     <span class='ocr_line' id='line_1_37' title="bbox 202 1864 323 1893; baseline 0 -2"><span class='ocrx_word' id='word_1_232' title='bbox 202 1874 301 1893; x_wconf 82' lang='lat' dir='ltr'><strong>zarum</strong></span> <span class='ocrx_word' id='word_1_233' title='bbox 313 1864 323 1891; x_wconf 65' lang='grc' dir='ltr'><strong><em>Ρ</em></strong></span> 
     </span>
    </p>
   </div>
   <div class='ocr_carea' id='block_1_38' title="bbox 239 1907 1026 1943">
    <p class='ocr_par' dir='ltr' id='par_1_38' title="bbox 239 1907 1026 1943">
     <span class='ocr_line' id='line_1_38' title="bbox 239 1907 1026 1943; baseline -0.003 -7"><span class='ocrx_word' id='word_1_234' title='bbox 239 1910 271 1937; x_wconf 74' lang='lat' dir='ltr'><strong>lt.</strong></span> <span class='ocrx_word' id='word_1_235' title='bbox 289 1910 362 1941; x_wconf 91' lang='lat' dir='ltr'><strong>Quia</strong></span> <span class='ocrx_word' id='word_1_236' title='bbox 378 1909 455 1936; x_wconf 84' lang='lat' dir='ltr'><strong>sicut</strong></span> <span class='ocrx_word' id='word_1_237' title='bbox 469 1908 614 1936; x_wconf 82' lang='lat' dir='ltr'><strong>Adamum</strong></span> <span class='ocrx_word' id='word_1_238' title='bbox 641 1908 718 1935; x_wconf 87' lang='lat' dir='ltr'><strong>Deus</strong></span> <span class='ocrx_word' id='word_1_239' title='bbox 741 1907 861 1943; x_wconf 85' lang='lat' dir='ltr'><strong>ejiciens</strong></span> <span class='ocrx_word' id='word_1_240' title='bbox 884 1916 917 1935; x_wconf 87' lang='lat' dir='ltr'><strong>ex</strong></span> <span class='ocrx_word' id='word_1_241' title='bbox 942 1915 1026 1943; x_wconf 85' lang='lat' dir='ltr'><strong>para-</strong></span> 
     </span>
    </p>
   </div>
   <div class='ocr_carea' id='block_1_39' title="bbox 200 1952 1025 1989">
    <p class='ocr_par' dir='ltr' id='par_1_39' title="bbox 200 1952 1025 1989">
     <span class='ocr_line' id='line_1_39' title="bbox 200 1952 1025 1989; baseline -0.004 -8"><span class='ocrx_word' id='word_1_242' title='bbox 200 1955 275 1987; x_wconf 79' lang='lat' dir='ltr'><strong>diso,</strong></span> <span class='ocrx_word' id='word_1_243' title='bbox 302 1955 397 1989; x_wconf 75' lang='lat' dir='ltr'><strong>posuit</strong></span> <span class='ocrx_word' id='word_1_244' title='bbox 424 1953 507 1980; x_wconf 86' lang='lat' dir='ltr'><strong>illum</strong></span> <span class='ocrx_word' id='word_1_245' title='bbox 533 1961 548 1980; x_wconf 85' lang='lat' dir='ltr'><strong>e</strong></span> <span class='ocrx_word' id='word_1_246' title='bbox 573 1952 699 1988; x_wconf 83' lang='lat' dir='ltr'><strong>regione,</strong></span> <span class='ocrx_word' id='word_1_247' title='bbox 726 1955 757 1979; x_wconf 89' lang='lat' dir='ltr'><strong>ut</strong></span> <span class='ocrx_word' id='word_1_248' title='bbox 780 1952 918 1979; x_wconf 86' lang='lat' dir='ltr'><strong>assiduus</strong></span> <span class='ocrx_word' id='word_1_249' title='bbox 942 1960 1025 1987; x_wconf 88' lang='lat' dir='ltr'><strong>aspe-</strong></span> 
     </span>
    </p>
   </div>
   <div class='ocr_carea' id='block_1_40' title="bbox 202 1996 1025 2033">
    <p class='ocr_par' dir='ltr' id='par_1_40' title="bbox 202 1996 1025 2033">
     <span class='ocr_line' id='line_1_40' title="bbox 202 1996 1025 2033; baseline -0.002 -8"><span class='ocrx_word' id='word_1_250' title='bbox 202 2002 265 2026; x_wconf 82' lang='lat' dir='ltr'><strong>ctus</strong></span> <span class='ocrx_word' id='word_1_251' title='bbox 282 1999 345 2033; x_wconf 71' lang='lat' dir='ltr'><strong>ejus</strong></span> <span class='ocrx_word' id='word_1_252' title='bbox 363 2005 516 2025; x_wconf 55' lang='lat' dir='ltr'><strong>umerorum</strong></span> <span class='ocrx_word' id='word_1_253' title='bbox 542 2005 695 2029; x_wconf 83' lang='lat' dir='ltr'><strong>renovans,</strong></span> <span class='ocrx_word' id='word_1_254' title='bbox 722 1998 862 2032; x_wconf 87' lang='lat' dir='ltr'><strong>majorem</strong></span> <span class='ocrx_word' id='word_1_255' title='bbox 888 1996 930 2024; x_wconf 87' lang='lat' dir='ltr'><strong>illi</strong></span> <span class='ocrx_word' id='word_1_256' title='bbox 955 2005 1025 2031; x_wconf 65' lang='lat' dir='ltr'><strong>pras-</strong></span> 
     </span>
    </p>
   </div>
   <div class='ocr_carea' id='block_1_41' title="bbox 200 2040 1025 2076">
    <p class='ocr_par' dir='ltr' id='par_1_41' title="bbox 200 2040 1025 2076">
     <span class='ocr_line' id='line_1_41' title="bbox 200 2040 1025 2076; baseline -0.002 -6"><span class='ocrx_word' id='word_1_257' title='bbox 200 2043 282 2070; x_wconf 84' lang='lat' dir='ltr'><strong>beret</strong></span> <span class='ocrx_word' id='word_1_258' title='bbox 308 2043 352 2069; x_wconf 83' lang='lat' dir='ltr'><strong>sui</strong></span> <span class='ocrx_word' id='word_1_259' title='bbox 371 2052 385 2068; x_wconf 68' lang='grc' dir='ltr'>ει</span> <span class='ocrx_word' id='word_1_260' title='bbox 400 2042 484 2069; x_wconf 84' lang='lat' dir='ltr'><strong>bonis</strong></span> <span class='ocrx_word' id='word_1_261' title='bbox 499 2040 558 2069; x_wconf 88' lang='lat' dir='ltr'><strong>illis</strong></span> <span class='ocrx_word' id='word_1_262' title='bbox 573 2041 674 2076; x_wconf 84' lang='lat' dir='ltr'><strong>lapsus</strong></span> <span class='ocrx_word' id='word_1_263' title='bbox 690 2049 826 2075; x_wconf 85' lang='lat' dir='ltr'><strong>sensum;</strong></span> <span class='ocrx_word' id='word_1_264' title='bbox 843 2041 885 2068; x_wconf 86' lang='lat' dir='ltr'><strong>ita</strong></span> <span class='ocrx_word' id='word_1_265' title='bbox 900 2044 928 2068; x_wconf 90' lang='lat' dir='ltr'><strong>et</strong></span> <span class='ocrx_word' id='word_1_266' title='bbox 942 2040 1025 2068; x_wconf 89' lang='lat' dir='ltr'><strong>illum</strong></span> 
     </span>
    </p>
   </div>
   <div class='ocr_carea' id='block_1_42' title="bbox 199 2085 1027 2122">
    <p class='ocr_par' dir='ltr' id='par_1_42' title="bbox 199 2085 1027 2122">
     <span class='ocr_line' id='line_1_42' title="bbox 199 2085 1027 2122; baseline -0.001 -9"><span class='ocrx_word' id='word_1_267' title='bbox 199 2095 213 2113; x_wconf 87' lang='lat' dir='ltr'><strong>e</strong></span> <span class='ocrx_word' id='word_1_268' title='bbox 232 2086 347 2122; x_wconf 76' lang='lat' dir='ltr'><strong>regione</strong></span> <span class='ocrx_word' id='word_1_269' title='bbox 365 2085 463 2113; x_wconf 80' lang='lat' dir='ltr'><strong>Luzari</strong></span> <span class='ocrx_word' id='word_1_270' title='bbox 479 2085 641 2119; x_wconf 82' lang='lat' dir='ltr'><strong>constituit,</strong></span> <span class='ocrx_word' id='word_1_271' title='bbox 654 2087 687 2113; x_wconf 90' lang='lat' dir='ltr'><strong>ut</strong></span> <span class='ocrx_word' id='word_1_272' title='bbox 697 2085 898 2113; x_wconf 84' lang='lat' dir='ltr'><strong>vehementius</strong></span> <span class='ocrx_word' id='word_1_273' title='bbox 913 2086 1027 2113; x_wconf 88' lang='lat' dir='ltr'><strong>morde-</strong></span> 
     </span>
    </p>
   </div>
   <div class='ocr_carea' id='block_1_43' title="bbox 202 2132 292 2158">
    <p class='ocr_par' dir='ltr' id='par_1_43' title="bbox 202 2132 292 2158">
     <span class='ocr_line' id='line_1_43' title="bbox 202 2132 292 2158; baseline 0 -1"><span class='ocrx_word' id='word_1_274' title='bbox 202 2132 292 2158; x_wconf 75' lang='lat' dir='ltr'><strong>retur.</strong></span> 
     </span>
    </p>
   </div>
   <div class='ocr_carea' id='block_1_44' title="bbox 236 2172 1025 2208">
    <p class='ocr_par' dir='ltr' id='par_1_44' title="bbox 236 2172 1025 2208">
     <span class='ocr_line' id='line_1_44' title="bbox 236 2172 1025 2208; baseline 0.001 -7"><span class='ocrx_word' id='word_1_275' title='bbox 236 2176 267 2208; x_wconf 89' lang='lat' dir='ltr'><strong>Q.</strong></span> <span class='ocrx_word' id='word_1_276' title='bbox 285 2175 328 2201; x_wconf 81' lang='lat'><strong>35.</strong></span> <span class='ocrx_word' id='word_1_277' title='bbox 350 2175 443 2206; x_wconf 85' lang='lat' dir='ltr'><strong>Quare</strong></span> <span class='ocrx_word' id='word_1_278' title='bbox 466 2182 523 2202; x_wconf 93' lang='lat' dir='ltr'><strong>non</strong></span> <span class='ocrx_word' id='word_1_279' title='bbox 548 2173 578 2201; x_wconf 89' lang='lat' dir='ltr'><strong>in</strong></span> <span class='ocrx_word' id='word_1_280' title='bbox 602 2172 660 2201; x_wconf 82' lang='lat' dir='ltr'><strong>alio</strong></span> <span class='ocrx_word' id='word_1_281' title='bbox 681 2173 763 2208; x_wconf 88' lang='lat' dir='ltr'><strong>justo</strong></span> <span class='ocrx_word' id='word_1_282' title='bbox 787 2173 861 2202; x_wconf 88' lang='lat' dir='ltr'><strong>vidit</strong></span> <span class='ocrx_word' id='word_1_283' title='bbox 885 2174 1025 2202; x_wconf 75' lang='lat' dir='ltr'><strong>Lazarum</strong></span> 
     </span>
    </p>
   </div>
   <div class='ocr_carea' id='block_1_45' title="bbox 200 2218 767 2252">
    <p class='ocr_par' dir='ltr' id='par_1_45' title="bbox 200 2218 767 2252">
     <span class='ocr_line' id='line_1_45' title="bbox 200 2218 767 2252; baseline -0.004 -5"><span class='ocrx_word' id='word_1_284' title='bbox 200 2220 280 2247; x_wconf 80' lang='lat' dir='ltr'><strong>dives</strong></span> <span class='ocrx_word' id='word_1_285' title='bbox 298 2219 363 2252; x_wconf 88' lang='lat' dir='ltr'><strong>ille;</strong></span> <span class='ocrx_word' id='word_1_286' title='bbox 381 2219 430 2246; x_wconf 84' lang='lat' dir='ltr'><strong>sed</strong></span> <span class='ocrx_word' id='word_1_287' title='bbox 447 2218 476 2246; x_wconf 90' lang='lat' dir='ltr'><strong>in</strong></span> <span class='ocrx_word' id='word_1_288' title='bbox 493 2218 608 2246; x_wconf 90' lang='lat' dir='ltr'><strong>sinibus</strong></span> <span class='ocrx_word' id='word_1_289' title='bbox 622 2218 767 2245; x_wconf 63' lang='lat' dir='ltr'><strong>Abrahae?</strong></span> 
     </span>
    </p>
   </div>
   <div class='ocr_carea' id='block_1_46' title="bbox 238 2262 1065 2299">
    <p class='ocr_par' dir='ltr' id='par_1_46' title="bbox 238 2262 1065 2299">
     <span class='ocr_line' id='line_1_46' title="bbox 238 2262 1065 2299; baseline 0 -8"><span class='ocrx_word' id='word_1_290' title='bbox 238 2265 270 2292; x_wconf 75' lang='lat' dir='ltr'><strong>R.</strong></span> <span class='ocrx_word' id='word_1_291' title='bbox 290 2264 360 2297; x_wconf 79' lang='lat' dir='ltr'><strong>Quia</strong></span> <span class='ocrx_word' id='word_1_292' title='bbox 384 2262 540 2299; x_wconf 82' lang='lat' dir='ltr'><strong>hospitalis</strong></span> <span class='ocrx_word' id='word_1_293' title='bbox 565 2262 712 2290; x_wconf 83' lang='lat' dir='ltr'><strong>Abraham</strong></span> <span class='ocrx_word' id='word_1_294' title='bbox 741 2263 850 2296; x_wconf 78' lang='lat' dir='ltr'><strong>fuerat;</strong></span> <span class='ocrx_word' id='word_1_295' title='bbox 879 2267 908 2290; x_wconf 89' lang='lat' dir='ltr'><strong>ut</strong></span> <span class='ocrx_word' id='word_1_296' title='bbox 929 2263 1065 2299; x_wconf 85' lang='lat' dir='ltr'><strong>itaqueD</strong></span> 
     </span>
    </p>
   </div>
   <div class='ocr_carea' id='block_1_47' title="bbox 201 2305 1026 2344">
    <p class='ocr_par' dir='ltr' id='par_1_47' title="bbox 201 2305 1026 2344">
     <span class='ocr_line' id='line_1_47' title="bbox 201 2305 1026 2344; baseline -0.002 -7"><span class='ocrx_word' id='word_1_297' title='bbox 201 2311 371 2344; x_wconf 77' lang='lat' dir='ltr'><strong>argueretur</strong></span> <span class='ocrx_word' id='word_1_298' title='bbox 396 2309 431 2334; x_wconf 87' lang='lat' dir='ltr'><strong>ob</strong></span> <span class='ocrx_word' id='word_1_299' title='bbox 457 2315 541 2335; x_wconf 84' lang='lat' dir='ltr'><strong>suam</strong></span> <span class='ocrx_word' id='word_1_300' title='bbox 566 2314 636 2342; x_wconf 80' lang='lat' dir='ltr'><strong>erga</strong></span> <span class='ocrx_word' id='word_1_301' title='bbox 659 2305 790 2342; x_wconf 81' lang='lat' dir='ltr'><strong>hospites</strong></span> <span class='ocrx_word' id='word_1_302' title='bbox 806 2307 959 2341; x_wconf 62' lang='lat' dir='ltr'><strong>saevitiam,</strong></span> <span class='ocrx_word' id='word_1_303' title='bbox 976 2308 1026 2335; x_wconf 85' lang='lat' dir='ltr'><strong>La-</strong></span> 
     </span>
    </p>
   </div>
   <div class='ocr_carea' id='block_1_48' title="bbox 200 2350 1026 2386">
    <p class='ocr_par' dir='ltr' id='par_1_48' title="bbox 200 2350 1026 2386">
     <span class='ocr_line' id='line_1_48' title="bbox 200 2350 1026 2386; baseline -0.001 -6"><span class='ocrx_word' id='word_1_304' title='bbox 200 2362 300 2380; x_wconf 80' lang='lat' dir='ltr'><strong>zarum</strong></span> <span class='ocrx_word' id='word_1_305' title='bbox 319 2361 384 2379; x_wconf 77' lang='lat' dir='ltr'><strong>rum</strong></span> <span class='ocrx_word' id='word_1_306' title='bbox 402 2352 451 2379; x_wconf 88' lang='lat' dir='ltr'><strong>illo</strong></span> <span class='ocrx_word' id='word_1_307' title='bbox 467 2351 553 2379; x_wconf 84' lang='lat' dir='ltr'><strong>videt.</strong></span> <span class='ocrx_word' id='word_1_308' title='bbox 571 2350 621 2378; x_wconf 91' lang='lat' dir='ltr'><strong>llle</strong></span> <span class='ocrx_word' id='word_1_309' title='bbox 639 2359 765 2386; x_wconf 87' lang='lat' dir='ltr'><strong>namque</strong></span> <span class='ocrx_word' id='word_1_310' title='bbox 789 2351 914 2379; x_wconf 83' lang='lat' dir='ltr'><strong>viatores</strong></span> <span class='ocrx_word' id='word_1_311' title='bbox 938 2352 1026 2379; x_wconf 82' lang='lat' dir='ltr'><strong>etiam</strong></span> 
     </span>
    </p>
   </div>
   <div class='ocr_carea' id='block_1_49' title="bbox 199 2395 1025 2432">
    <p class='ocr_par' dir='ltr' id='par_1_49' title="bbox 199 2395 1025 2432">
     <span class='ocr_line' id='line_1_49' title="bbox 199 2395 1025 2432; baseline -0.002 -7"><span class='ocrx_word' id='word_1_312' title='bbox 199 2397 360 2432; x_wconf 70' lang='lat' dir='ltr'><strong>excipiebat</strong></span> <span class='ocrx_word' id='word_1_313' title='bbox 383 2397 392 2413; x_wconf 78' lang='grc' dir='ltr'><strong>ε</strong></span> <span class='ocrx_word' id='word_1_314' title='bbox 406 2406 411 2429; x_wconf 71' lang='lat'>;</span> <span class='ocrx_word' id='word_1_315' title='bbox 436 2395 483 2423; x_wconf 88' lang='lat' dir='ltr'><strong>hic</strong></span> <span class='ocrx_word' id='word_1_316' title='bbox 499 2403 565 2423; x_wconf 90' lang='lat' dir='ltr'><strong>vero</strong></span> <span class='ocrx_word' id='word_1_317' title='bbox 580 2403 647 2423; x_wconf 85' lang='lat' dir='ltr'><strong>eum</strong></span> <span class='ocrx_word' id='word_1_318' title='bbox 664 2395 714 2431; x_wconf 90' lang='lat' dir='ltr'><strong>qui</strong></span> <span class='ocrx_word' id='word_1_319' title='bbox 726 2395 805 2423; x_wconf 88' lang='lat' dir='ltr'><strong>intus</strong></span> <span class='ocrx_word' id='word_1_320' title='bbox 819 2397 881 2423; x_wconf 85' lang='lat' dir='ltr'><strong>erat</strong></span> <span class='ocrx_word' id='word_1_321' title='bbox 896 2398 1025 2423; x_wconf 87' lang='lat' dir='ltr'><strong>contem-</strong></span> 
     </span>
    </p>
   </div>
   <div class='ocr_carea' id='block_1_50' title="bbox 203 2442 324 2469">
    <p class='ocr_par' dir='ltr' id='par_1_50' title="bbox 203 2442 324 2469">
     <span class='ocr_line' id='line_1_50' title="bbox 203 2442 324 2469; baseline -0.017 0"><span class='ocrx_word' id='word_1_322' title='bbox 203 2443 290 2469; x_wconf 79' lang='lat' dir='ltr'><strong>nebat</strong></span> <span class='ocrx_word' id='word_1_323' title='bbox 305 2442 324 2467; x_wconf 89' lang='grc'><strong>⁷.</strong></span> 
     </span>
    </p>
   </div>
   <div class='ocr_carea' id='block_1_51' title="bbox 238 2484 1026 2519">
    <p class='ocr_par' dir='ltr' id='par_1_51' title="bbox 238 2484 1026 2519">
     <span class='ocr_line' id='line_1_51' title="bbox 238 2484 1026 2519; baseline -0.004 -6"><span class='ocrx_word' id='word_1_324' title='bbox 238 2489 270 2519; x_wconf 88' lang='lat' dir='ltr'><strong>Q.</strong></span> <span class='ocrx_word' id='word_1_325' title='bbox 300 2487 343 2512; x_wconf 74' lang='lat'><strong>30.</strong></span> <span class='ocrx_word' id='word_1_326' title='bbox 377 2499 388 2509; x_wconf 64' lang='grc' dir='ltr'><strong>α</strong></span> <span class='ocrx_word' id='word_1_327' title='bbox 422 2486 505 2513; x_wconf 86' lang='lat' dir='ltr'><strong>Pater</strong></span> <span class='ocrx_word' id='word_1_328' title='bbox 530 2484 689 2519; x_wconf 82' lang='lat' dir='ltr'><strong>Abraham,</strong></span> <span class='ocrx_word' id='word_1_329' title='bbox 717 2484 855 2513; x_wconf 83' lang='lat' dir='ltr'><strong>miserere</strong></span> <span class='ocrx_word' id='word_1_330' title='bbox 879 2485 936 2515; x_wconf 88' lang='lat' dir='ltr'><strong>mei</strong></span> <span class='ocrx_word' id='word_1_331' title='bbox 965 2486 985 2512; x_wconf 78' lang='grc'><strong>⁸.</strong></span> <span class='ocrx_word' id='word_1_332' title='bbox 1011 2497 1026 2510; x_wconf 75' lang='grc' dir='ltr'><strong>ιι</strong></span> 
     </span>
    </p>
   </div>
   <div class='ocr_carea' id='block_1_52' title="bbox 200 2529 1024 2566">
    <p class='ocr_par' dir='ltr' id='par_1_52' title="bbox 200 2529 1024 2566">
     <span class='ocr_line' id='line_1_52' title="bbox 200 2529 1024 2566; baseline 0 -8"><span class='ocrx_word' id='word_1_333' title='bbox 200 2532 294 2564; x_wconf 81' lang='lat' dir='ltr'><strong>Quare</strong></span> <span class='ocrx_word' id='word_1_334' title='bbox 324 2540 379 2557; x_wconf 87' lang='lat' dir='ltr'><strong>non</strong></span> <span class='ocrx_word' id='word_1_335' title='bbox 409 2531 513 2558; x_wconf 83' lang='lat' dir='ltr'><strong>Lazaro</strong></span> <span class='ocrx_word' id='word_1_336' title='bbox 543 2538 709 2558; x_wconf 84' lang='lat' dir='ltr'><strong>sermonem</strong></span> <span class='ocrx_word' id='word_1_337' title='bbox 739 2529 838 2566; x_wconf 81' lang='lat' dir='ltr'><strong>dirigit</strong></span> <span class='ocrx_word' id='word_1_338' title='bbox 866 2530 958 2564; x_wconf 87' lang='lat' dir='ltr'><strong>dives,</strong></span> <span class='ocrx_word' id='word_1_339' title='bbox 975 2530 1024 2558; x_wconf 87' lang='lat' dir='ltr'><strong>sed</strong></span> 
     </span>
    </p>
   </div>
   <div class='ocr_carea' id='block_1_53' title="bbox 199 2575 388 2602">
    <p class='ocr_par' dir='ltr' id='par_1_53' title="bbox 199 2575 388 2602">
     <span class='ocr_line' id='line_1_53' title="bbox 199 2575 388 2602; baseline -0.005 0"><span class='ocrx_word' id='word_1_340' title='bbox 199 2575 365 2602; x_wconf 83' lang='lat' dir='ltr'><strong>Abruhamo</strong></span> <span class='ocrx_word' id='word_1_341' title='bbox 376 2575 388 2601; x_wconf 70' lang='lat' dir='ltr'><strong>‘L’</strong></span> 
     </span>
    </p>
   </div>
   <div class='ocr_carea' id='block_1_54' title="bbox 236 2619 1026 2655">
    <p class='ocr_par' dir='ltr' id='par_1_54' title="bbox 236 2619 1026 2655">
     <span class='ocr_line' id='line_1_54' title="bbox 236 2619 1026 2655; baseline 0.001 -9"><span class='ocrx_word' id='word_1_342' title='bbox 236 2620 267 2646; x_wconf 74' lang='grc' dir='ltr'><strong>Η.</strong></span> <span class='ocrx_word' id='word_1_343' title='bbox 286 2620 363 2651; x_wconf 80' lang='lat' dir='ltr'><strong>Quod</strong></span> <span class='ocrx_word' id='word_1_344' title='bbox 382 2619 577 2652; x_wconf 87' lang='lat' dir='ltr'><strong>erubesceret,</strong></span> <span class='ocrx_word' id='word_1_345' title='bbox 587 2620 616 2646; x_wconf 85' lang='lat' dir='ltr'><strong>et</strong></span> <span class='ocrx_word' id='word_1_346' title='bbox 632 2619 741 2654; x_wconf 84' lang='lat' dir='ltr'><strong>pudore</strong></span> <span class='ocrx_word' id='word_1_347' title='bbox 757 2621 905 2647; x_wconf 84' lang='lat' dir='ltr'><strong>teneretur</strong></span> <span class='ocrx_word' id='word_1_348' title='bbox 921 2628 927 2647; x_wconf 92' lang='lat'>:</span> <span class='ocrx_word' id='word_1_349' title='bbox 945 2621 1026 2655; x_wconf 87' lang='lat' dir='ltr'><strong>puta-</strong></span> 
     </span>
    </p>
   </div>
   <div class='ocr_carea' id='block_1_55' title="bbox 199 2662 997 2699">
    <p class='ocr_par' dir='ltr' id='par_1_55' title="bbox 199 2662 997 2699">
     <span class='ocr_line' id='line_1_55' title="bbox 199 2662 997 2699; baseline -0.001 -7"><span class='ocrx_word' id='word_1_350' title='bbox 199 2665 249 2692; x_wconf 82' lang='lat' dir='ltr'><strong>bat</strong></span> <span class='ocrx_word' id='word_1_351' title='bbox 264 2665 341 2692; x_wconf 85' lang='lat' dir='ltr'><strong>enim</strong></span> <span class='ocrx_word' id='word_1_352' title='bbox 358 2672 424 2691; x_wconf 79' lang='lat' dir='ltr'><strong>eum</strong></span> <span class='ocrx_word' id='word_1_353' title='bbox 438 2662 552 2699; x_wconf 69' lang='lat' dir='ltr'><strong>injuria:</strong></span> <span class='ocrx_word' id='word_1_354' title='bbox 568 2662 655 2690; x_wconf 67' lang='lat' dir='ltr'><strong>illatis</strong></span> <span class='ocrx_word' id='word_1_355' title='bbox 672 2663 845 2691; x_wconf 86' lang='lat' dir='ltr'><strong>memoriam</strong></span> <span class='ocrx_word' id='word_1_356' title='bbox 862 2665 997 2692; x_wconf 78' lang='lat' dir='ltr'><strong>retinere.</strong></span> 
     </span>
    </p>
   </div>
   <div class='ocr_carea' id='block_1_56' title="bbox 235 2774 926 2810">
    <p class='ocr_par' dir='ltr' id='par_1_56' title="bbox 235 2774 926 2810">
     <span class='ocr_line' id='line_1_56' title="bbox 235 2774 926 2810; baseline 0 -7"><span class='ocrx_word' id='word_1_357' title='bbox 235 2776 257 2793; x_wconf 66' lang='lat'><strong>“9</strong></span> <span class='ocrx_word' id='word_1_358' title='bbox 273 2776 340 2803; x_wconf 91' lang='lat' dir='ltr'><strong>Luc.</strong></span> <span class='ocrx_word' id='word_1_359' title='bbox 358 2784 389 2809; x_wconf 82' lang='grc' dir='ltr'>ιι,</span> <span class='ocrx_word' id='word_1_360' title='bbox 405 2776 431 2802; x_wconf 90' lang='grc'><strong>7.</strong></span> <span class='ocrx_word' id='word_1_361' title='bbox 472 2776 480 2793; x_wconf 76' lang='grc' dir='ltr'>ι</span> <span class='ocrx_word' id='word_1_362' title='bbox 498 2774 568 2810; x_wconf 90' lang='lat' dir='ltr'><strong>Luc,</strong></span> <span class='ocrx_word' id='word_1_363' title='bbox 584 2783 612 2808; x_wconf 86' lang='lat' dir='ltr'><strong>x,</strong></span> <span class='ocrx_word' id='word_1_364' title='bbox 628 2775 674 2802; x_wconf 87' lang='lat'><strong>30.</strong></span> <span class='ocrx_word' id='word_1_365' title='bbox 713 2774 723 2792; x_wconf 78' lang='grc'><strong>²</strong></span> <span class='ocrx_word' id='word_1_366' title='bbox 739 2774 813 2804; x_wconf 88' lang='lat' dir='ltr'><strong>Ibid.</strong></span> <span class='ocrx_word' id='word_1_367' title='bbox 829 2774 926 2803; x_wconf 66' lang='lat'><strong>34-35.</strong></span> 
     </span>
    </p>
   </div>
   <div class='ocr_carea' id='block_1_57' title="bbox 199 2810 772 2846">
    <p class='ocr_par' dir='ltr' id='par_1_57' title="bbox 199 2810 772 2846">
     <span class='ocr_line' id='line_1_57' title="bbox 199 2810 772 2846; baseline 0 -7"><span class='ocrx_word' id='word_1_368' title='bbox 199 2814 248 2841; x_wconf 83' lang='lat'><strong>28.</strong></span> <span class='ocrx_word' id='word_1_369' title='bbox 284 2813 293 2829; x_wconf 86' lang='grc'>⁷</span> <span class='ocrx_word' id='word_1_370' title='bbox 310 2812 378 2840; x_wconf 90' lang='lat' dir='ltr'><strong>Luc.</strong></span> <span class='ocrx_word' id='word_1_371' title='bbox 395 2819 451 2846; x_wconf 77' lang='lat' dir='ltr'><strong>xvr,</strong></span> <span class='ocrx_word' id='word_1_372' title='bbox 466 2810 512 2844; x_wconf 86' lang='lat'><strong>20,</strong></span> <span class='ocrx_word' id='word_1_373' title='bbox 527 2811 572 2839; x_wconf 85' lang='grc'><strong>21.</strong></span> <span class='ocrx_word' id='word_1_374' title='bbox 611 2811 621 2828; x_wconf 81' lang='grc'>⁸</span> <span class='ocrx_word' id='word_1_375' title='bbox 637 2810 710 2839; x_wconf 89' lang='lat' dir='ltr'><strong>Ibid.</strong></span> <span class='ocrx_word' id='word_1_376' title='bbox 726 2811 772 2839; x_wconf 81' lang='grc'><strong>24.</strong></span> 
     </span>
    </p>
   </div>
   <div class='ocr_carea' id='block_1_58' title="bbox 966 2773 1483 2811">
    <p class='ocr_par' dir='ltr' id='par_1_58' title="bbox 966 2773 1483 2811">
     <span class='ocr_line' id='line_1_58' title="bbox 966 2773 1483 2811; baseline -0.004 -8"><span class='ocrx_word' id='word_1_377' title='bbox 966 2775 977 2793; x_wconf 88' lang='grc'><em>³</em></span> <span class='ocrx_word' id='word_1_378' title='bbox 992 2774 1076 2805; x_wconf 85' lang='lat' dir='ltr'><strong>Joan.</strong></span> <span class='ocrx_word' id='word_1_379' title='bbox 1091 2782 1155 2811; x_wconf 78' lang='lat' dir='ltr'><strong>vni,</strong></span> <span class='ocrx_word' id='word_1_380' title='bbox 1171 2775 1216 2802; x_wconf 83' lang='grc'><strong>48.</strong></span> <span class='ocrx_word' id='word_1_381' title='bbox 1254 2775 1265 2792; x_wconf 75' lang='grc'><strong>⁸</strong></span> <span class='ocrx_word' id='word_1_382' title='bbox 1282 2774 1349 2802; x_wconf 88' lang='lat' dir='ltr'><strong>Luc.</strong></span> <span class='ocrx_word' id='word_1_383' title='bbox 1365 2782 1422 2808; x_wconf 79' lang='lat' dir='ltr'><strong>xvr,</strong></span> <span class='ocrx_word' id='word_1_384' title='bbox 1438 2773 1483 2801; x_wconf 87' lang='lat'><strong>22.</strong></span> 
     </span>
    </p>
   </div>
   <div class='ocr_carea' id='block_1_59' title="bbox 1087 256 1142 289">
    <p class='ocr_par' dir='ltr' id='par_1_59' title="bbox 1087 256 1142 289">
     <span class='ocr_line' id='line_1_59' title="bbox 1087 256 1142 289; baseline -0.018 -3"><span class='ocrx_word' id='word_1_385' title='bbox 1087 256 1142 289; x_wconf 83' lang='grc' dir='ltr'>τός·</span> 
     </span>
    </p>
   </div>
   <div class='ocr_carea' id='block_1_60' title="bbox 1123 303 1890 345">
    <p class='ocr_par' dir='ltr' id='par_1_60' title="bbox 1123 303 1890 345">
     <span class='ocr_line' id='line_1_60' title="bbox 1123 303 1890 345; baseline 0 -13"><span class='ocrx_word' id='word_1_386' title='bbox 1123 304 1220 341; x_wconf 84' lang='grc' dir='ltr'>Ἐρώτ,</span> <span class='ocrx_word' id='word_1_387' title='bbox 1236 305 1286 331; x_wconf 86' lang='grc' dir='ltr'><strong>κθ’.</strong></span> <span class='ocrx_word' id='word_1_388' title='bbox 1304 316 1317 329; x_wconf 81' lang='grc' dir='ltr'><strong>α</strong></span> <span class='ocrx_word' id='word_1_389' title='bbox 1336 304 1384 331; x_wconf 84' lang='grc' dir='ltr'><strong>Καὶ</strong></span> <span class='ocrx_word' id='word_1_390' title='bbox 1404 303 1539 332; x_wconf 71' lang='grc' dir='ltr'><strong>ἀνέκλινεν</strong></span> <span class='ocrx_word' id='word_1_391' title='bbox 1566 305 1645 332; x_wconf 74' lang='grc' dir='ltr'>αὐτὸν</span> <span class='ocrx_word' id='word_1_392' title='bbox 1671 304 1696 332; x_wconf 83' lang='grc' dir='ltr'><strong>ἐν</strong></span> <span class='ocrx_word' id='word_1_393' title='bbox 1721 307 1754 343; x_wconf 78' lang='grc' dir='ltr'>τῇ</span> <span class='ocrx_word' id='word_1_394' title='bbox 1779 307 1863 345; x_wconf 74' lang='grc' dir='ltr'>φάτνῃ,</span> <span class='ocrx_word' id='word_1_395' title='bbox 1878 319 1890 332; x_wconf 80' lang='lat' dir='ltr'><strong>n</strong></span> 
     </span>
    </p>
   </div>
   <div class='ocr_carea' id='block_1_61' title="bbox 1088 347 1530 387">
    <p class='ocr_par' dir='ltr' id='par_1_61' title="bbox 1088 347 1530 387">
     <span class='ocr_line' id='line_1_61' title="bbox 1088 347 1530 387; baseline 0.002 -12"><span class='ocrx_word' id='word_1_396' title='bbox 1088 348 1137 375; x_wconf 70' lang='grc' dir='ltr'><strong>Διὰ</strong></span> <span class='ocrx_word' id='word_1_397' title='bbox 1150 348 1176 375; x_wconf 76' lang='grc' dir='ltr'><strong>τί</strong></span> <span class='ocrx_word' id='word_1_398' title='bbox 1192 347 1218 375; x_wconf 78' lang='grc' dir='ltr'><strong>ἐν</strong></span> <span class='ocrx_word' id='word_1_399' title='bbox 1233 350 1268 385; x_wconf 76' lang='grc' dir='ltr'>τῇ</span> <span class='ocrx_word' id='word_1_400' title='bbox 1285 348 1367 387; x_wconf 68' lang='grc' dir='ltr'>φάτνῃ</span> <span class='ocrx_word' id='word_1_401' title='bbox 1382 348 1510 383; x_wconf 81' lang='grc' dir='ltr'>ἀνεκλίϐη</span> <span class='ocrx_word' id='word_1_402' title='bbox 1524 358 1530 383; x_wconf 90' lang='grc'><strong>;</strong></span> 
     </span>
    </p>
   </div>
   <div class='ocr_carea' id='block_1_62' title="bbox 1124 392 1891 432">
    <p class='ocr_par' dir='ltr' id='par_1_62' title="bbox 1124 392 1891 432">
     <span class='ocr_line' id='line_1_62' title="bbox 1124 392 1891 432; baseline 0.003 -12"><span class='ocrx_word' id='word_1_403' title='bbox 1124 393 1220 421; x_wconf 84' lang='grc' dir='ltr'>Ἀπόκ.</span> <span class='ocrx_word' id='word_1_404' title='bbox 1235 394 1293 420; x_wconf 85' lang='grc' dir='ltr'><strong>Ἵνα</strong></span> <span class='ocrx_word' id='word_1_405' title='bbox 1306 394 1380 430; x_wconf 75' lang='grc' dir='ltr'>ἡμᾶς</span> <span class='ocrx_word' id='word_1_406' title='bbox 1394 397 1443 428; x_wconf 85' lang='grc' dir='ltr'>τῆς</span> <span class='ocrx_word' id='word_1_407' title='bbox 1460 392 1571 431; x_wconf 80' lang='grc' dir='ltr'>ἀλογίας</span> <span class='ocrx_word' id='word_1_408' title='bbox 1587 393 1765 432; x_wconf 74' lang='grc' dir='ltr'><strong>ἐλευθερώσῃ,</strong></span> <span class='ocrx_word' id='word_1_409' title='bbox 1779 395 1821 422; x_wconf 81' lang='grc' dir='ltr'>τὸν</span> <span class='ocrx_word' id='word_1_410' title='bbox 1833 406 1891 431; x_wconf 78' lang='grc' dir='ltr'>κτη-</span> 
     </span>
    </p>
   </div>
   <div class='ocr_carea' id='block_1_63' title="bbox 1086 437 1891 477">
    <p class='ocr_par' dir='ltr' id='par_1_63' title="bbox 1086 437 1891 477">
     <span class='ocr_line' id='line_1_63' title="bbox 1086 437 1891 477; baseline 0.004 -13"><span class='ocrx_word' id='word_1_411' title='bbox 1086 447 1206 475; x_wconf 80' lang='grc' dir='ltr'>ντπρεπη</span> <span class='ocrx_word' id='word_1_412' title='bbox 1226 438 1440 475; x_wconf 77' lang='grc' dir='ltr'>μεταμιίψαντας</span> <span class='ocrx_word' id='word_1_413' title='bbox 1458 437 1528 475; x_wconf 79' lang='grc' dir='ltr'>βίον,</span> <span class='ocrx_word' id='word_1_414' title='bbox 1544 438 1588 465; x_wconf 86' lang='grc' dir='ltr'><strong>καὶ</strong></span> <span class='ocrx_word' id='word_1_415' title='bbox 1604 439 1652 473; x_wconf 78' lang='grc' dir='ltr'><strong>τὴν</strong></span> <span class='ocrx_word' id='word_1_416' title='bbox 1681 439 1824 477; x_wconf 77' lang='grc' dir='ltr'>ἀνθρώποις</span> <span class='ocrx_word' id='word_1_417' title='bbox 1837 440 1891 477; x_wconf 78' lang='grc' dir='ltr'>πρέ-</span> 
     </span>
    </p>
   </div>
   <div class='ocr_carea' id='block_1_64' title="bbox 1087 482 1460 520">
    <p class='ocr_par' dir='ltr' id='par_1_64' title="bbox 1087 482 1460 520">
     <span class='ocr_line' id='line_1_64' title="bbox 1087 482 1460 520; baseline 0.003 -11"><span class='ocrx_word' id='word_1_418' title='bbox 1087 493 1186 510; x_wconf 85' lang='grc' dir='ltr'>πουσαν</span> <span class='ocrx_word' id='word_1_419' title='bbox 1203 483 1331 520; x_wconf 80' lang='grc' dir='ltr'>παράσχῃ</span> <span class='ocrx_word' id='word_1_420' title='bbox 1346 482 1460 511; x_wconf 80' lang='grc' dir='ltr'>σύνεσιν.</span> 
     </span>
    </p>
   </div>
   <div class='ocr_carea' id='block_1_65' title="bbox 1122 525 1891 566">
    <p class='ocr_par' dir='ltr' id='par_1_65' title="bbox 1122 525 1891 566">
     <span class='ocr_line' id='line_1_65' title="bbox 1122 525 1891 566; baseline 0.003 -12"><span class='ocrx_word' id='word_1_421' title='bbox 1122 528 1218 565; x_wconf 86' lang='grc' dir='ltr'>Ἐρώτ.</span> <span class='ocrx_word' id='word_1_422' title='bbox 1235 527 1269 555; x_wconf 86' lang='grc' dir='ltr'><strong>λ’.</strong></span> <span class='ocrx_word' id='word_1_423' title='bbox 1286 540 1299 553; x_wconf 92' lang='grc'><em>‹‹</em></span> <span class='ocrx_word' id='word_1_424' title='bbox 1317 528 1478 564; x_wconf 74' lang='grc' dir='ltr'>’Ἄνθρωπος</span> <span class='ocrx_word' id='word_1_425' title='bbox 1493 525 1646 556; x_wconf 75' lang='grc' dir='ltr'>κατέϐαινεν</span> <span class='ocrx_word' id='word_1_426' title='bbox 1663 528 1715 556; x_wconf 84' lang='grc' dir='ltr'>ἀπὸ</span> <span class='ocrx_word' id='word_1_427' title='bbox 1728 529 1891 566; x_wconf 71' lang='grc' dir='ltr'>Ἰερουσαλὴμ</span> 
     </span>
    </p>
   </div>
   <div class='ocr_carea' id='block_1_66' title="bbox 1086 571 1890 611">
    <p class='ocr_par' dir='ltr' id='par_1_66' title="bbox 1086 571 1890 611">
     <span class='ocr_line' id='line_1_66' title="bbox 1086 571 1890 611; baseline 0.004 -13"><span class='ocrx_word' id='word_1_428' title='bbox 1086 571 1124 602; x_wconf 83' lang='grc' dir='ltr'>εἷς</span> <span class='ocrx_word' id='word_1_429' title='bbox 1140 572 1258 610; x_wconf 77' lang='grc' dir='ltr'>Ίεριγὼ,</span> <span class='ocrx_word' id='word_1_430' title='bbox 1273 572 1317 599; x_wconf 85' lang='grc' dir='ltr'><strong>καὶ</strong></span> <span class='ocrx_word' id='word_1_431' title='bbox 1333 571 1442 609; x_wconf 77' lang='grc' dir='ltr'><strong>λῃσταῖς</strong></span> <span class='ocrx_word' id='word_1_432' title='bbox 1458 573 1611 609; x_wconf 67' lang='grc' dir='ltr'>περιέπεσε.</span> <span class='ocrx_word' id='word_1_433' title='bbox 1629 585 1642 598; x_wconf 80' lang='grc'><strong>››</strong></span> <span class='ocrx_word' id='word_1_434' title='bbox 1659 572 1707 604; x_wconf 85' lang='grc' dir='ltr'><strong>Τίς</strong></span> <span class='ocrx_word' id='word_1_435' title='bbox 1727 573 1740 600; x_wconf 86' lang='grc' dir='ltr'>ὁ</span> <span class='ocrx_word' id='word_1_436' title='bbox 1755 572 1890 611; x_wconf 75' lang='grc' dir='ltr'>ἄνθρωπος,</span> 
     </span>
    </p>
   </div>
   <div class='ocr_carea' id='block_1_67' title="bbox 1085 615 1889 656">
    <p class='ocr_par' dir='ltr' id='par_1_67' title="bbox 1085 615 1889 656">
     <span class='ocr_line' id='line_1_67' title="bbox 1085 615 1889 656; baseline 0.002 -13"><span class='ocrx_word' id='word_1_437' title='bbox 1085 616 1129 644; x_wconf 66' lang='grc' dir='ltr'><strong>καὶ</strong></span> <span class='ocrx_word' id='word_1_438' title='bbox 1144 616 1185 647; x_wconf 82' lang='grc' dir='ltr'><strong>τίς</strong></span> <span class='ocrx_word' id='word_1_439' title='bbox 1201 618 1218 651; x_wconf 81' lang='grc' dir='ltr'><strong>ἡ</strong></span> <span class='ocrx_word' id='word_1_440' title='bbox 1233 615 1424 654; x_wconf 80' lang='grc' dir='ltr'>Ἰερουσαλὴμ,</span> <span class='ocrx_word' id='word_1_441' title='bbox 1439 617 1484 644; x_wconf 87' lang='grc' dir='ltr'><strong>καὶ</strong></span> <span class='ocrx_word' id='word_1_442' title='bbox 1498 617 1539 647; x_wconf 84' lang='grc' dir='ltr'><strong>τίς</strong></span> <span class='ocrx_word' id='word_1_443' title='bbox 1552 618 1569 652; x_wconf 82' lang='grc' dir='ltr'><strong>ἡ</strong></span> <span class='ocrx_word' id='word_1_444' title='bbox 1584 617 1702 656; x_wconf 83' lang='grc' dir='ltr'>Ἱεριχὼ,</span> <span class='ocrx_word' id='word_1_445' title='bbox 1719 618 1762 645; x_wconf 85' lang='grc' dir='ltr'><strong>καὶ</strong></span> <span class='ocrx_word' id='word_1_446' title='bbox 1783 618 1846 648; x_wconf 86' lang='grc' dir='ltr'>τίνις</span> <span class='ocrx_word' id='word_1_447' title='bbox 1868 619 1889 645; x_wconf 77' lang='grc' dir='ltr'>οἱ</span> 
     </span>
    </p>
   </div>
   <div class='ocr_carea' id='block_1_68' title="bbox 1085 660 1202 698">
    <p class='ocr_par' dir='ltr' id='par_1_68' title="bbox 1085 660 1202 698">
     <span class='ocr_line' id='line_1_68' title="bbox 1085 660 1202 698; baseline -0.009 -9"><span class='ocrx_word' id='word_1_448' title='bbox 1085 660 1183 698; x_wconf 74' lang='grc' dir='ltr'>λῃσταί</span> <span class='ocrx_word' id='word_1_449' title='bbox 1195 671 1202 696; x_wconf 86' lang='grc'><strong>;</strong></span> 
     </span>
    </p>
   </div>
   <div class='ocr_carea' id='block_1_69' title="bbox 1120 705 1890 744">
    <p class='ocr_par' dir='ltr' id='par_1_69' title="bbox 1120 705 1890 744">
     <span class='ocr_line' id='line_1_69' title="bbox 1120 705 1890 744; baseline 0 -10"><span class='ocrx_word' id='word_1_450' title='bbox 1120 706 1216 734; x_wconf 88' lang='grc' dir='ltr'>Ἀπόκ.</span> <span class='ocrx_word' id='word_1_451' title='bbox 1232 706 1392 744; x_wconf 79' lang='grc' dir='ltr'>Ἄνθρωπος</span> <span class='ocrx_word' id='word_1_452' title='bbox 1419 706 1465 743; x_wconf 73' lang='grc' dir='ltr'><strong>μὲν</strong></span> <span class='ocrx_word' id='word_1_453' title='bbox 1494 706 1508 733; x_wconf 86' lang='grc' dir='ltr'><strong>ὁ</strong></span> <span class='ocrx_word' id='word_1_454' title='bbox 1534 705 1634 743; x_wconf 78' lang='grc' dir='ltr'><strong>Ἀδάμ..</strong></span> <span class='ocrx_word' id='word_1_455' title='bbox 1656 707 1830 744; x_wconf 82' lang='grc' dir='ltr'>Ἰερουσαλὴμ</span> <span class='ocrx_word' id='word_1_456' title='bbox 1843 706 1890 734; x_wconf 76' lang='grc' dir='ltr'>δὶὸ</span> 
     </span>
    </p>
   </div>
   <div class='ocr_carea' id='block_1_70' title="bbox 1083 749 1889 789">
    <p class='ocr_par' dir='ltr' id='par_1_70' title="bbox 1083 749 1889 789">
     <span class='ocr_line' id='line_1_70' title="bbox 1083 749 1889 789; baseline 0.002 -12"><span class='ocrx_word' id='word_1_457' title='bbox 1083 749 1256 787; x_wconf 85' lang='grc' dir='ltr'>παράδεισος·</span> <span class='ocrx_word' id='word_1_458' title='bbox 1273 751 1382 788; x_wconf 72' lang='grc' dir='ltr'>Ἱεριλὼ</span> <span class='ocrx_word' id='word_1_459' title='bbox 1398 749 1427 778; x_wconf 76' lang='grc' dir='ltr'><strong>δὲ</strong></span> <span class='ocrx_word' id='word_1_460' title='bbox 1446 750 1525 782; x_wconf 79' lang='grc' dir='ltr'>οὗτος</span> <span class='ocrx_word' id='word_1_461' title='bbox 1540 751 1555 778; x_wconf 82' lang='grc' dir='ltr'><strong>ὸ</strong></span> <span class='ocrx_word' id='word_1_462' title='bbox 1579 751 1694 787; x_wconf 78' lang='grc' dir='ltr'>κόσμος,</span> <span class='ocrx_word' id='word_1_463' title='bbox 1709 751 1752 778; x_wconf 85' lang='grc' dir='ltr'><strong>καὶ</strong></span> <span class='ocrx_word' id='word_1_464' title='bbox 1767 750 1853 789; x_wconf 79' lang='grc' dir='ltr'>λῃσταὶ</span> <span class='ocrx_word' id='word_1_465' title='bbox 1867 752 1889 779; x_wconf 65' lang='grc' dir='ltr'>οἱ</span> 
     </span>
    </p>
   </div>
   <div class='ocr_carea' id='block_1_71' title="bbox 1084 793 1224 831">
    <p class='ocr_par' dir='ltr' id='par_1_71' title="bbox 1084 793 1224 831">
     <span class='ocr_line' id='line_1_71' title="bbox 1084 793 1224 831; baseline 0.014 -10"><span class='ocrx_word' id='word_1_466' title='bbox 1084 793 1224 831; x_wconf 81' lang='grc' dir='ltr'>δαίμονες.</span> 
     </span>
    </p>
   </div>
   <div class='ocr_carea' id='block_1_72' title="bbox 1118 838 1888 877">
    <p class='ocr_par' dir='ltr' id='par_1_72' title="bbox 1118 838 1888 877">
     <span class='ocr_line' id='line_1_72' title="bbox 1118 838 1888 877; baseline -0.001 -10"><span class='ocrx_word' id='word_1_467' title='bbox 1118 839 1214 877; x_wconf 87' lang='grc' dir='ltr'><strong>Ἐρώτ.</strong></span> <span class='ocrx_word' id='word_1_468' title='bbox 1232 839 1282 867; x_wconf 47' lang='grc' dir='ltr'>λα(</span> <span class='ocrx_word' id='word_1_469' title='bbox 1301 839 1372 867; x_wconf 77' lang='grc' dir='ltr'>Κατὰ</span> <span class='ocrx_word' id='word_1_470' title='bbox 1386 839 1528 877; x_wconf 81' lang='grc' dir='ltr'>συγκορίαν</span> <span class='ocrx_word' id='word_1_471' title='bbox 1547 838 1575 867; x_wconf 68' lang='grc' dir='ltr'><strong>δὲ</strong></span> <span class='ocrx_word' id='word_1_472' title='bbox 1591 840 1679 877; x_wconf 81' lang='grc' dir='ltr'>ἱερεύς</span> <span class='ocrx_word' id='word_1_473' title='bbox 1694 851 1735 871; x_wconf 87' lang='grc' dir='ltr'><strong>τις</strong></span> <span class='ocrx_word' id='word_1_474' title='bbox 1750 839 1810 868; x_wconf 75' lang='grc' dir='ltr'><strong>ἲδὼν</strong></span> <span class='ocrx_word' id='word_1_475' title='bbox 1821 840 1888 867; x_wconf 81' lang='grc' dir='ltr'>αὐτὸν</span> 
     </span>
    </p>
   </div>
   <div class='ocr_carea' id='block_1_73' title="bbox 1083 883 1890 921">
    <p class='ocr_par' dir='ltr' id='par_1_73' title="bbox 1083 883 1890 921">
     <span class='ocr_line' id='line_1_73' title="bbox 1083 883 1890 921; baseline 0 -10"><span class='ocrx_word' id='word_1_476' title='bbox 1083 883 1280 921; x_wconf 82' lang='grc' dir='ltr'>ἀντιπαρῆλθε·</span> <span class='ocrx_word' id='word_1_477' title='bbox 1307 884 1351 911; x_wconf 85' lang='grc' dir='ltr'><strong>καὶ</strong></span> <span class='ocrx_word' id='word_1_478' title='bbox 1386 883 1496 918; x_wconf 75' lang='grc' dir='ltr'>λευΐτης</span> <span class='ocrx_word' id='word_1_479' title='bbox 1530 884 1646 920; x_wconf 79' lang='grc' dir='ltr'>ὁμοίως.</span> <span class='ocrx_word' id='word_1_480' title='bbox 1682 884 1843 921; x_wconf 74' lang='grc' dir='ltr'>Σαμαόείτης</span> <span class='ocrx_word' id='word_1_481' title='bbox 1866 883 1890 911; x_wconf 79' lang='grc' dir='ltr'>δὶ</span> 
     </span>
    </p>
   </div>
   <div class='ocr_carea' id='block_1_74' title="bbox 1086 927 1890 966">
    <p class='ocr_par' dir='ltr' id='par_1_74' title="bbox 1086 927 1890 966">
     <span class='ocr_line' id='line_1_74' title="bbox 1086 927 1890 966; baseline 0 -11"><span class='ocrx_word' id='word_1_482' title='bbox 1086 927 1150 955; x_wconf 85' lang='grc' dir='ltr'>ἰδὼν</span> <span class='ocrx_word' id='word_1_483' title='bbox 1166 928 1255 962; x_wconf 82' lang='grc' dir='ltr'>αὐτὸν,</span> <span class='ocrx_word' id='word_1_484' title='bbox 1273 928 1488 966; x_wconf 77' lang='grc' dir='ltr'>ἐσπλαγχνίσθη,</span> <span class='ocrx_word' id='word_1_485' title='bbox 1505 929 1550 956; x_wconf 84' lang='grc' dir='ltr'><strong>καὶ</strong></span> <span class='ocrx_word' id='word_1_486' title='bbox 1565 928 1699 965; x_wconf 66' lang='grc' dir='ltr'>κατέδησε</span> <span class='ocrx_word' id='word_1_487' title='bbox 1712 930 1744 957; x_wconf 75' lang='grc' dir='ltr'>τὰ</span> <span class='ocrx_word' id='word_1_488' title='bbox 1765 929 1890 966; x_wconf 70' lang='grc' dir='ltr'>τραύματα</span> 
     </span>
    </p>
   </div>
   <div class='ocr_carea' id='block_1_75' title="bbox 1084 974 1888 1012">
    <p class='ocr_par' dir='ltr' id='par_1_75' title="bbox 1084 974 1888 1012">
     <span class='ocr_line' id='line_1_75' title="bbox 1084 974 1888 1012; baseline -0.001 -11"><span class='ocrx_word' id='word_1_489' title='bbox 1084 974 1176 1002; x_wconf 76' lang='grc' dir='ltr'>αὐτοῦ.</span> <span class='ocrx_word' id='word_1_490' title='bbox 1188 974 1218 1001; x_wconf 81' lang='lat' dir='ltr'><strong>Ti</strong></span> <span class='ocrx_word' id='word_1_491' title='bbox 1232 974 1264 1008; x_wconf 80' lang='grc' dir='ltr'><strong>ἧν</strong></span> <span class='ocrx_word' id='word_1_492' title='bbox 1281 974 1322 1007; x_wconf 78' lang='grc' dir='ltr'><strong>τὸ,</strong></span> <span class='ocrx_word' id='word_1_493' title='bbox 1344 986 1357 999; x_wconf 76' lang='grc' dir='ltr'><strong>α</strong></span> <span class='ocrx_word' id='word_1_494' title='bbox 1373 975 1441 1002; x_wconf 76' lang='grc' dir='ltr'>κατὰ</span> <span class='ocrx_word' id='word_1_495' title='bbox 1456 974 1600 1012; x_wconf 78' lang='grc' dir='ltr'><strong>συγκυρίαν</strong></span> <span class='ocrx_word' id='word_1_496' title='bbox 1614 985 1620 1009; x_wconf 89' lang='grc'>;</span> <span class='ocrx_word' id='word_1_497' title='bbox 1639 987 1653 1001; x_wconf 74' lang='grc' dir='ltr'><strong>υ</strong></span> <span class='ocrx_word' id='word_1_498' title='bbox 1669 975 1714 1002; x_wconf 87' lang='grc' dir='ltr'><strong>καὶ</strong></span> <span class='ocrx_word' id='word_1_499' title='bbox 1728 975 1767 1006; x_wconf 91' lang='grc' dir='ltr'><strong>τίς</strong></span> <span class='ocrx_word' id='word_1_500' title='bbox 1782 976 1795 1002; x_wconf 81' lang='grc' dir='ltr'>ὁ</span> <span class='ocrx_word' id='word_1_501' title='bbox 1805 974 1888 1012; x_wconf 65' lang='lat' dir='ltr'><strong>laps-3:;</strong></span> 
     </span>
    </p>
   </div>
   <div class='ocr_carea' id='block_1_76' title="bbox 1084 1018 1711 1057">
    <p class='ocr_par' dir='ltr' id='par_1_76' title="bbox 1084 1018 1711 1057">
     <span class='ocr_line' id='line_1_76' title="bbox 1084 1018 1711 1057; baseline 0.002 -11"><span class='ocrx_word' id='word_1_502' title='bbox 1084 1019 1128 1046; x_wconf 81' lang='grc' dir='ltr'>καὶ</span> <span class='ocrx_word' id='word_1_503' title='bbox 1142 1019 1184 1046; x_wconf 87' lang='grc' dir='ltr'>τίτ</span> <span class='ocrx_word' id='word_1_504' title='bbox 1199 1020 1213 1046; x_wconf 84' lang='grc' dir='ltr'><strong>ὁ</strong></span> <span class='ocrx_word' id='word_1_505' title='bbox 1229 1018 1356 1053; x_wconf 56' lang='lat' dir='ltr'><strong>leui-mc;</strong></span> <span class='ocrx_word' id='word_1_506' title='bbox 1370 1019 1414 1046; x_wconf 83' lang='grc' dir='ltr'><strong>καὶ</strong></span> <span class='ocrx_word' id='word_1_507' title='bbox 1429 1019 1469 1050; x_wconf 86' lang='grc' dir='ltr'><strong>τίς</strong></span> <span class='ocrx_word' id='word_1_508' title='bbox 1486 1020 1500 1046; x_wconf 87' lang='grc' dir='ltr'>ὁ</span> <span class='ocrx_word' id='word_1_509' title='bbox 1517 1019 1711 1057; x_wconf 75' lang='grc' dir='ltr'>Σαμαρείτηςς</span> 
     </span>
    </p>
   </div>
   <div class='ocr_carea' id='block_1_77' title="bbox 1120 1062 1888 1101">
    <p class='ocr_par' dir='ltr' id='par_1_77' title="bbox 1120 1062 1888 1101">
     <span class='ocr_line' id='line_1_77' title="bbox 1120 1062 1888 1101; baseline -0.003 -9"><span class='ocrx_word' id='word_1_510' title='bbox 1120 1064 1215 1092; x_wconf 84' lang='grc' dir='ltr'>Ἀπόκ.</span> <span class='ocrx_word' id='word_1_511' title='bbox 1230 1064 1268 1092; x_wconf 84' lang='grc' dir='ltr'><strong>Τὸ</strong></span> <span class='ocrx_word' id='word_1_512' title='bbox 1294 1064 1340 1100; x_wconf 72' lang='grc' dir='ltr'>μὲν</span> <span class='ocrx_word' id='word_1_513' title='bbox 1369 1076 1382 1089; x_wconf 80' lang='grc'><strong>‹‹</strong></span> <span class='ocrx_word' id='word_1_514' title='bbox 1408 1063 1475 1091; x_wconf 84' lang='grc' dir='ltr'><strong>κατά</strong></span> <span class='ocrx_word' id='word_1_515' title='bbox 1498 1063 1642 1101; x_wconf 77' lang='grc' dir='ltr'><strong>συγκυρίαν</strong></span> <span class='ocrx_word' id='word_1_516' title='bbox 1674 1076 1687 1089; x_wconf 78' lang='grc' dir='ltr'><strong>υ</strong></span> <span class='ocrx_word' id='word_1_517' title='bbox 1711 1063 1798 1098; x_wconf 80' lang='grc' dir='ltr'>δηλοῖ·</span> <span class='ocrx_word' id='word_1_518' title='bbox 1821 1062 1848 1090; x_wconf 74' lang='grc' dir='ltr'><strong>τὰ</strong></span> <span class='ocrx_word' id='word_1_519' title='bbox 1863 1062 1888 1090; x_wconf 80' lang='grc' dir='ltr'>ἐκ</span> 
     </span>
    </p>
   </div>
   <div class='ocr_carea' id='block_1_78' title="bbox 1083 1105 1888 1145">
    <p class='ocr_par' dir='ltr' id='par_1_78' title="bbox 1083 1105 1888 1145">
     <span class='ocr_line' id='line_1_78' title="bbox 1083 1105 1888 1145; baseline -0.002 -10"><span class='ocrx_word' id='word_1_520' title='bbox 1083 1108 1153 1139; x_wconf 82' lang='grc' dir='ltr'>θείας</span> <span class='ocrx_word' id='word_1_521' title='bbox 1170 1108 1334 1144; x_wconf 60' lang='grc' dir='ltr'>οἰκονομίας</span> <span class='ocrx_word' id='word_1_522' title='bbox 1349 1107 1434 1145; x_wconf 71' lang='grc' dir='ltr'>ἱερεὺς</span> <span class='ocrx_word' id='word_1_523' title='bbox 1451 1106 1480 1135; x_wconf 71' lang='grc' dir='ltr'><strong>δέ</strong></span> <span class='ocrx_word' id='word_1_524' title='bbox 1495 1107 1566 1136; x_wconf 78' lang='grc' dir='ltr'>ἐστιν</span> <span class='ocrx_word' id='word_1_525' title='bbox 1580 1108 1594 1135; x_wconf 77' lang='grc' dir='ltr'><strong>ὁ</strong></span> <span class='ocrx_word' id='word_1_526' title='bbox 1620 1108 1717 1144; x_wconf 89' lang='grc' dir='ltr'>νόμος.</span> <span class='ocrx_word' id='word_1_527' title='bbox 1741 1107 1843 1142; x_wconf 65' lang='grc' dir='ltr'>λευῗτης</span> <span class='ocrx_word' id='word_1_528' title='bbox 1865 1105 1888 1134; x_wconf 72' lang='grc' dir='ltr'><strong>δὲ</strong></span> 
     </span>
    </p>
   </div>
   <div class='ocr_carea' id='block_1_79' title="bbox 1084 1151 1888 1190">
    <p class='ocr_par' dir='ltr' id='par_1_79' title="bbox 1084 1151 1888 1190">
     <span class='ocr_line' id='line_1_79' title="bbox 1084 1151 1888 1190; baseline -0.001 -11"><span class='ocrx_word' id='word_1_529' title='bbox 1084 1153 1109 1179; x_wconf 78' lang='grc' dir='ltr'>οἱ</span> <span class='ocrx_word' id='word_1_530' title='bbox 1125 1152 1178 1180; x_wconf 78' lang='grc' dir='ltr'>ἀπὸ</span> <span class='ocrx_word' id='word_1_531' title='bbox 1191 1156 1241 1187; x_wconf 85' lang='grc' dir='ltr'><strong>τῆς</strong></span> <span class='ocrx_word' id='word_1_532' title='bbox 1258 1151 1396 1187; x_wconf 83' lang='grc' dir='ltr'>λευϊτικῆς</span> <span class='ocrx_word' id='word_1_533' title='bbox 1412 1152 1561 1190; x_wconf 71' lang='grc' dir='ltr'><strong>ἱερωσύνης</strong></span> <span class='ocrx_word' id='word_1_534' title='bbox 1578 1151 1749 1180; x_wconf 68' lang='grc' dir='ltr'>διδάσκαλοι*</span> <span class='ocrx_word' id='word_1_535' title='bbox 1765 1151 1888 1189; x_wconf 75' lang='grc' dir='ltr'>Σαμαρεί-</span> 
     </span>
    </p>
   </div>
   <div class='ocr_carea' id='block_1_80' title="bbox 1082 1196 1337 1233">
    <p class='ocr_par' dir='ltr' id='par_1_80' title="bbox 1082 1196 1337 1233">
     <span class='ocr_line' id='line_1_80' title="bbox 1082 1196 1337 1233; baseline 0.004 -9"><span class='ocrx_word' id='word_1_536' title='bbox 1082 1208 1132 1232; x_wconf 88' lang='grc' dir='ltr'><strong>της</strong></span> <span class='ocrx_word' id='word_1_537' title='bbox 1144 1196 1172 1224; x_wconf 78' lang='grc' dir='ltr'><strong>δὲ</strong></span> <span class='ocrx_word' id='word_1_538' title='bbox 1187 1198 1201 1224; x_wconf 87' lang='grc' dir='ltr'>ὁ</span> <span class='ocrx_word' id='word_1_539' title='bbox 1212 1196 1337 1233; x_wconf 86' lang='grc' dir='ltr'>Χριστός.</span> 
     </span>
    </p>
   </div>
   <div class='ocr_carea' id='block_1_81' title="bbox 1119 1239 1886 1279">
    <p class='ocr_par' dir='ltr' id='par_1_81' title="bbox 1119 1239 1886 1279">
     <span class='ocr_line' id='line_1_81' title="bbox 1119 1239 1886 1279; baseline 0 -10"><span class='ocrx_word' id='word_1_540' title='bbox 1119 1242 1215 1279; x_wconf 82' lang='grc' dir='ltr'><strong>Ἐρώτ.</strong></span> <span class='ocrx_word' id='word_1_541' title='bbox 1233 1240 1284 1269; x_wconf 78' lang='grc' dir='ltr'>λϐ’.</span> <span class='ocrx_word' id='word_1_542' title='bbox 1302 1241 1350 1268; x_wconf 75' lang='grc' dir='ltr'><strong>Καὶ</strong></span> <span class='ocrx_word' id='word_1_543' title='bbox 1376 1239 1420 1268; x_wconf 75' lang='grc' dir='ltr'>διὰ</span> <span class='ocrx_word' id='word_1_544' title='bbox 1446 1242 1472 1269; x_wconf 82' lang='grc' dir='ltr'>τί</span> <span class='ocrx_word' id='word_1_545' title='bbox 1494 1240 1598 1279; x_wconf 70' lang='grc' dir='ltr'>λέγεται</span> <span class='ocrx_word' id='word_1_546' title='bbox 1620 1241 1791 1279; x_wconf 82' lang='grc' dir='ltr'>Σαμαρείτης</span> <span class='ocrx_word' id='word_1_547' title='bbox 1805 1242 1817 1268; x_wconf 80' lang='grc' dir='ltr'>ὁ</span> <span class='ocrx_word' id='word_1_548' title='bbox 1831 1241 1886 1278; x_wconf 81' lang='grc' dir='ltr'>Χρι-</span> 
     </span>
    </p>
   </div>
   <div class='ocr_carea' id='block_1_82' title="bbox 1083 1285 1163 1318">
    <p class='ocr_par' dir='ltr' id='par_1_82' title="bbox 1083 1285 1163 1318">
     <span class='ocr_line' id='line_1_82' title="bbox 1083 1285 1163 1318; baseline 0.025 -2"><span class='ocrx_word' id='word_1_549' title='bbox 1083 1285 1144 1316; x_wconf 76' lang='grc' dir='ltr'>στός</span> <span class='ocrx_word' id='word_1_550' title='bbox 1157 1295 1163 1318; x_wconf 87' lang='grc'>;</span> 
     </span>
    </p>
   </div>
   <div class='ocr_carea' id='block_1_83' title="bbox 1118 1328 1884 1361">
    <p class='ocr_par' dir='ltr' id='par_1_83' title="bbox 1118 1328 1884 1361">
     <span class='ocr_line' id='line_1_83' title="bbox 1118 1328 1884 1361; baseline -0.004 -4"><span class='ocrx_word' id='word_1_551' title='bbox 1118 1329 1213 1358; x_wconf 79' lang='grc' dir='ltr'><strong>Ἀπὸκ.</strong></span> <span class='ocrx_word' id='word_1_552' title='bbox 1231 1330 1279 1357; x_wconf 74' lang='grc' dir='ltr'><strong>Διὰ</strong></span> <span class='ocrx_word' id='word_1_553' title='bbox 1290 1330 1321 1357; x_wconf 85' lang='grc' dir='ltr'><strong>τὸ</strong></span> <span class='ocrx_word' id='word_1_554' title='bbox 1335 1329 1398 1361; x_wconf 73' lang='grc' dir='ltr'>τοὺς</span> <span class='ocrx_word' id='word_1_555' title='bbox 1415 1328 1561 1361; x_wconf 72' lang='grc' dir='ltr'><strong>Ἰουδαίους</strong></span> <span class='ocrx_word' id='word_1_556' title='bbox 1585 1330 1665 1358; x_wconf 84' lang='grc' dir='ltr'>αὐτὸν</span> <span class='ocrx_word' id='word_1_557' title='bbox 1693 1329 1775 1360; x_wconf 74' lang='grc' dir='ltr'>οὓτως</span> <span class='ocrx_word' id='word_1_558' title='bbox 1798 1328 1884 1355; x_wconf 73' lang='grc' dir='ltr'>ἀποκα-</span> 
     </span>
    </p>
   </div>
   <div class='ocr_carea' id='block_1_84' title="bbox 1083 1372 1816 1412">
    <p class='ocr_par' dir='ltr' id='par_1_84' title="bbox 1083 1372 1816 1412">
     <span class='ocr_line' id='line_1_84' title="bbox 1083 1372 1816 1412; baseline -0.001 -10"><span class='ocrx_word' id='word_1_559' title='bbox 1083 1374 1140 1402; x_wconf 79' lang='grc' dir='ltr'>λεῖν</span> <span class='ocrx_word' id='word_1_560' title='bbox 1156 1374 1196 1401; x_wconf 76' lang='grc' dir='ltr'>ὃτι</span> <span class='ocrx_word' id='word_1_561' title='bbox 1215 1386 1228 1401; x_wconf 71' lang='grc' dir='ltr'><strong>α</strong></span> <span class='ocrx_word' id='word_1_562' title='bbox 1246 1374 1417 1412; x_wconf 81' lang='grc' dir='ltr'>Σαμαρείτης</span> <span class='ocrx_word' id='word_1_563' title='bbox 1434 1374 1468 1408; x_wconf 77' lang='grc' dir='ltr'><strong>εἶ,</strong></span> <span class='ocrx_word' id='word_1_564' title='bbox 1484 1375 1528 1401; x_wconf 84' lang='grc' dir='ltr'><strong>καὶ</strong></span> <span class='ocrx_word' id='word_1_565' title='bbox 1545 1373 1688 1409; x_wconf 82' lang='grc' dir='ltr'>δαιμόνιον</span> <span class='ocrx_word' id='word_1_566' title='bbox 1706 1372 1785 1411; x_wconf 74' lang='grc' dir='ltr'>ἔχεις.</span> <span class='ocrx_word' id='word_1_567' title='bbox 1803 1386 1816 1398; x_wconf 76' lang='grc' dir='ltr'>ι)</span> 
     </span>
    </p>
   </div>
   <div class='ocr_carea' id='block_1_85' title="bbox 1117 1416 1888 1457">
    <p class='ocr_par' dir='ltr' id='par_1_85' title="bbox 1117 1416 1888 1457">
     <span class='ocr_line' id='line_1_85' title="bbox 1117 1416 1888 1457; baseline -0.005 -10"><span class='ocrx_word' id='word_1_568' title='bbox 1117 1420 1213 1457; x_wconf 83' lang='grc' dir='ltr'>Ἐρώτ.</span> <span class='ocrx_word' id='word_1_569' title='bbox 1231 1418 1281 1457; x_wconf 83' lang='grc' dir='ltr'>λγ.</span> <span class='ocrx_word' id='word_1_570' title='bbox 1298 1431 1311 1444; x_wconf 72' lang='grc' dir='ltr'>«ι</span> <span class='ocrx_word' id='word_1_571' title='bbox 1329 1419 1448 1456; x_wconf 67' lang='grc' dir='ltr'>Ἐγένετο</span> <span class='ocrx_word' id='word_1_572' title='bbox 1464 1418 1503 1455; x_wconf 71' lang='grc' dir='ltr'><strong>δὲ,</strong></span> <span class='ocrx_word' id='word_1_573' title='bbox 1520 1419 1609 1457; x_wconf 80' lang='grc' dir='ltr'>φησὶν,</span> <span class='ocrx_word' id='word_1_574' title='bbox 1633 1420 1775 1447; x_wconf 81' lang='grc' dir='ltr'><strong>ἀποθανεῖν</strong></span> <span class='ocrx_word' id='word_1_575' title='bbox 1790 1417 1831 1445; x_wconf 81' lang='grc' dir='ltr'>τὸν</span> <span class='ocrx_word' id='word_1_576' title='bbox 1847 1416 1888 1443; x_wconf 76' lang='grc' dir='ltr'><strong>Λά-</strong></span> 
     </span>
    </p>
   </div>
   <div class='ocr_carea' id='block_1_86' title="bbox 1083 1459 1886 1501">
    <p class='ocr_par' dir='ltr' id='par_1_86' title="bbox 1083 1459 1886 1501">
     <span class='ocr_line' id='line_1_86' title="bbox 1083 1459 1886 1501; baseline -0.004 -11"><span class='ocrx_word' id='word_1_577' title='bbox 1083 1466 1161 1501; x_wconf 78' lang='grc' dir='ltr'>ζαρον</span> <span class='ocrx_word' id='word_1_578' title='bbox 1188 1463 1233 1490; x_wconf 86' lang='grc' dir='ltr'><strong>καὶ</strong></span> <span class='ocrx_word' id='word_1_579' title='bbox 1254 1463 1435 1501; x_wconf 75' lang='grc' dir='ltr'>ἀπενεχθῆναι</span> <span class='ocrx_word' id='word_1_580' title='bbox 1469 1463 1520 1490; x_wconf 83' lang='grc' dir='ltr'>ὑπὸ</span> <span class='ocrx_word' id='word_1_581' title='bbox 1544 1465 1598 1490; x_wconf 83' lang='grc' dir='ltr'><strong>αῶν</strong></span> <span class='ocrx_word' id='word_1_582' title='bbox 1623 1462 1747 1501; x_wconf 66' lang='grc' dir='ltr'>ἀγγέλων</span> <span class='ocrx_word' id='word_1_583' title='bbox 1777 1462 1812 1492; x_wconf 73' lang='grc' dir='ltr'>εἰς</span> <span class='ocrx_word' id='word_1_584' title='bbox 1833 1459 1886 1490; x_wconf 75' lang='grc' dir='ltr'>τοὺς</span> 
     </span>
    </p>
   </div>
   <div class='ocr_carea' id='block_1_87' title="bbox 1080 1504 1888 1545">
    <p class='ocr_par' dir='ltr' id='par_1_87' title="bbox 1080 1504 1888 1545">
     <span class='ocr_line' id='line_1_87' title="bbox 1080 1504 1888 1545; baseline -0.004 -10"><span class='ocrx_word' id='word_1_585' title='bbox 1080 1507 1201 1539; x_wconf 87' lang='grc' dir='ltr'>κόλπους</span> <span class='ocrx_word' id='word_1_586' title='bbox 1215 1509 1263 1535; x_wconf 79' lang='grc' dir='ltr'><strong>τοῦ</strong></span> <span class='ocrx_word' id='word_1_587' title='bbox 1279 1505 1410 1545; x_wconf 69' lang='grc' dir='ltr'>’Λϐραάμη</span> <span class='ocrx_word' id='word_1_588' title='bbox 1428 1519 1442 1533; x_wconf 88' lang='grc'><strong>›)</strong></span> <span class='ocrx_word' id='word_1_589' title='bbox 1459 1507 1507 1535; x_wconf 79' lang='grc' dir='ltr'><strong>Διά</strong></span> <span class='ocrx_word' id='word_1_590' title='bbox 1527 1507 1554 1535; x_wconf 87' lang='grc' dir='ltr'>τί</span> <span class='ocrx_word' id='word_1_591' title='bbox 1575 1507 1740 1543; x_wconf 83' lang='grc' dir='ltr'>ἀποθνήσκει</span> <span class='ocrx_word' id='word_1_592' title='bbox 1764 1507 1861 1543; x_wconf 84' lang='grc' dir='ltr'>πρῶτον</span> <span class='ocrx_word' id='word_1_593' title='bbox 1876 1504 1888 1530; x_wconf 83' lang='grc' dir='ltr'><strong>ὁ</strong></span> 
     </span>
    </p>
   </div>
   <div class='ocr_carea' id='block_1_88' title="bbox 1082 1551 1515 1590">
    <p class='ocr_par' dir='ltr' id='par_1_88' title="bbox 1082 1551 1515 1590">
     <span class='ocr_line' id='line_1_88' title="bbox 1082 1551 1515 1590; baseline 0 -11"><span class='ocrx_word' id='word_1_594' title='bbox 1082 1553 1204 1590; x_wconf 78' lang='grc' dir='ltr'>Λάζαρος</span> <span class='ocrx_word' id='word_1_595' title='bbox 1219 1552 1291 1589; x_wconf 81' lang='grc' dir='ltr'><strong>παρᾶ</strong></span> <span class='ocrx_word' id='word_1_596' title='bbox 1305 1552 1350 1579; x_wconf 83' lang='grc' dir='ltr'><strong>τὸν</strong></span> <span class='ocrx_word' id='word_1_597' title='bbox 1365 1551 1496 1579; x_wconf 80' lang='grc' dir='ltr'>πλούσιον</span> <span class='ocrx_word' id='word_1_598' title='bbox 1509 1562 1515 1587; x_wconf 84' lang='grc'><strong>;</strong></span> 
     </span>
    </p>
   </div>
   <div class='ocr_carea' id='block_1_89' title="bbox 1117 1594 1888 1635">
    <p class='ocr_par' dir='ltr' id='par_1_89' title="bbox 1117 1594 1888 1635">
     <span class='ocr_line' id='line_1_89' title="bbox 1117 1594 1888 1635; baseline -0.005 -11"><span class='ocrx_word' id='word_1_599' title='bbox 1117 1596 1213 1625; x_wconf 85' lang='grc' dir='ltr'><strong>Ἀπόκ.</strong></span> <span class='ocrx_word' id='word_1_600' title='bbox 1238 1598 1296 1624; x_wconf 82' lang='grc' dir='ltr'>Ἵνα</span> <span class='ocrx_word' id='word_1_601' title='bbox 1321 1595 1458 1632; x_wconf 78' lang='grc' dir='ltr'>μηδεμιᾶς</span> <span class='ocrx_word' id='word_1_602' title='bbox 1490 1596 1644 1634; x_wconf 79' lang='grc' dir='ltr'>ἀπολογίας</span> <span class='ocrx_word' id='word_1_603' title='bbox 1678 1597 1806 1635; x_wconf 82' lang='grc' dir='ltr'>πρόφασις</span> <span class='ocrx_word' id='word_1_604' title='bbox 1834 1594 1888 1621; x_wconf 82' lang='grc' dir='ltr'>ὑπο·</span> 
     </span>
    </p>
   </div>
   <div class='ocr_carea' id='block_1_90' title="bbox 1082 1636 1887 1677">
    <p class='ocr_par' dir='ltr' id='par_1_90' title="bbox 1082 1636 1887 1677">
     <span class='ocr_line' id='line_1_90' title="bbox 1082 1636 1887 1677; baseline -0.002 -9"><span class='ocrx_word' id='word_1_605' title='bbox 1082 1640 1210 1676; x_wconf 83' lang='grc' dir='ltr'>λείπηται</span> <span class='ocrx_word' id='word_1_606' title='bbox 1232 1643 1280 1668; x_wconf 84' lang='grc' dir='ltr'>τοῦ</span> <span class='ocrx_word' id='word_1_607' title='bbox 1303 1640 1448 1675; x_wconf 75' lang='grc' dir='ltr'>πλουσίου,</span> <span class='ocrx_word' id='word_1_608' title='bbox 1473 1641 1510 1671; x_wconf 83' lang='grc' dir='ltr'><strong>ὡς</strong></span> <span class='ocrx_word' id='word_1_609' title='bbox 1537 1640 1691 1677; x_wconf 71' lang='grc' dir='ltr'>μέλλοντος</span> <span class='ocrx_word' id='word_1_610' title='bbox 1720 1640 1830 1667; x_wconf 74' lang='grc' dir='ltr'>εὐποιεῖν</span> <span class='ocrx_word' id='word_1_611' title='bbox 1856 1636 1887 1666; x_wconf 80' lang='grc' dir='ltr'>εἷς</span> 
     </span>
    </p>
   </div>
   <div class='ocr_carea' id='block_1_91' title="bbox 1082 1683 1171 1714">
    <p class='ocr_par' dir='ltr' id='par_1_91' title="bbox 1082 1683 1171 1714">
     <span class='ocr_line' id='line_1_91' title="bbox 1082 1683 1171 1714; baseline 0.011 -1"><span class='ocrx_word' id='word_1_612' title='bbox 1082 1683 1171 1714; x_wconf 76' lang='grc' dir='ltr'>αὐτόν.</span> 
     </span>
    </p>
   </div>
   <div class='ocr_carea' id='block_1_92' title="bbox 1118 1725 1889 1768">
    <p class='ocr_par' dir='ltr' id='par_1_92' title="bbox 1118 1725 1889 1768">
     <span class='ocr_line' id='line_1_92' title="bbox 1118 1725 1889 1768; baseline -0.008 -11"><span class='ocrx_word' id='word_1_613' title='bbox 1118 1730 1213 1767; x_wconf 86' lang='grc' dir='ltr'>Ἐρώτ.</span> <span class='ocrx_word' id='word_1_614' title='bbox 1230 1728 1281 1758; x_wconf 80' lang='grc' dir='ltr'>λδ’.</span> <span class='ocrx_word' id='word_1_615' title='bbox 1300 1741 1313 1755; x_wconf 89' lang='grc'><strong>‹‹</strong></span> <span class='ocrx_word' id='word_1_616' title='bbox 1330 1726 1495 1765; x_wconf 67' lang='grc' dir='ltr'>Ἀναϐλέψας</span> <span class='ocrx_word' id='word_1_617' title='bbox 1510 1727 1538 1756; x_wconf 73' lang='grc' dir='ltr'><strong>δὲ</strong></span> <span class='ocrx_word' id='word_1_618' title='bbox 1561 1731 1629 1760; x_wconf 82' lang='grc' dir='ltr'>τοῖς,</span> <span class='ocrx_word' id='word_1_619' title='bbox 1649 1727 1798 1768; x_wconf 79' lang='grc' dir='ltr'>ὀφθαλμοῖς</span> <span class='ocrx_word' id='word_1_620' title='bbox 1819 1725 1889 1753; x_wconf 80' lang='grc' dir='ltr'><strong>αὖτοῦ</strong></span> 
     </span>
    </p>
   </div>
   <div class='ocr_carea' id='block_1_93' title="bbox 1081 1770 1887 1810">
    <p class='ocr_par' dir='ltr' id='par_1_93' title="bbox 1081 1770 1887 1810">
     <span class='ocr_line' id='line_1_93' title="bbox 1081 1770 1887 1810; baseline 0 -9"><span class='ocrx_word' id='word_1_621' title='bbox 1081 1774 1095 1801; x_wconf 77' lang='grc' dir='ltr'>ὸ</span> <span class='ocrx_word' id='word_1_622' title='bbox 1124 1773 1267 1807; x_wconf 74' lang='grc' dir='ltr'>πλούσιος,</span> <span class='ocrx_word' id='word_1_623' title='bbox 1296 1774 1346 1810; x_wconf 73' lang='grc' dir='ltr'>ὁρᾷ</span> <span class='ocrx_word' id='word_1_624' title='bbox 1369 1773 1414 1800; x_wconf 85' lang='grc' dir='ltr'>τὸν</span> <span class='ocrx_word' id='word_1_625' title='bbox 1442 1772 1564 1810; x_wconf 81' lang='grc' dir='ltr'>Λάζαρον</span> <span class='ocrx_word' id='word_1_626' title='bbox 1587 1773 1613 1801; x_wconf 80' lang='grc' dir='ltr'>ἐν</span> <span class='ocrx_word' id='word_1_627' title='bbox 1636 1776 1695 1804; x_wconf 82' lang='grc' dir='ltr'>τοῖς</span> <span class='ocrx_word' id='word_1_628' title='bbox 1717 1772 1825 1801; x_wconf 82' lang='grc' dir='ltr'>κόλποις</span> <span class='ocrx_word' id='word_1_629' title='bbox 1847 1770 1887 1797; x_wconf 66' lang='grc' dir='ltr'><strong>τι)ὖ</strong></span> 
     </span>
    </p>
   </div>
   <div class='ocr_carea' id='block_1_94' title="bbox 1081 1814 1887 1856">
    <p class='ocr_par' dir='ltr' id='par_1_94' title="bbox 1081 1814 1887 1856">
     <span class='ocr_line' id='line_1_94' title="bbox 1081 1814 1887 1856; baseline -0.005 -10"><span class='ocrx_word' id='word_1_630' title='bbox 1081 1816 1215 1856; x_wconf 73' lang='grc' dir='ltr'>Ἀϐραάμ..</span> <span class='ocrx_word' id='word_1_631' title='bbox 1232 1831 1245 1844; x_wconf 73' lang='grc' dir='ltr'><strong>υ</strong></span> <span class='ocrx_word' id='word_1_632' title='bbox 1261 1818 1309 1845; x_wconf 72' lang='grc' dir='ltr'><strong>Διά</strong></span> <span class='ocrx_word' id='word_1_633' title='bbox 1323 1817 1348 1844; x_wconf 84' lang='grc' dir='ltr'><strong>τί</strong></span> <span class='ocrx_word' id='word_1_634' title='bbox 1364 1817 1413 1844; x_wconf 77' lang='grc' dir='ltr'>οὐκ</span> <span class='ocrx_word' id='word_1_635' title='bbox 1429 1817 1565 1854; x_wconf 76' lang='grc' dir='ltr'>ἀλλαχοῦ,</span> <span class='ocrx_word' id='word_1_636' title='bbox 1583 1817 1648 1845; x_wconf 84' lang='grc' dir='ltr'>ἀλλ’</span> <span class='ocrx_word' id='word_1_637' title='bbox 1664 1818 1689 1845; x_wconf 81' lang='grc' dir='ltr'>ἐν</span> <span class='ocrx_word' id='word_1_638' title='bbox 1708 1819 1764 1847; x_wconf 77' lang='grc' dir='ltr'>τοῖς</span> <span class='ocrx_word' id='word_1_639' title='bbox 1787 1814 1887 1843; x_wconf 74' lang='grc' dir='ltr'>κόλποις</span> 
     </span>
    </p>
   </div>
   <div class='ocr_carea' id='block_1_95' title="bbox 1079 1860 1547 1900">
    <p class='ocr_par' dir='ltr' id='par_1_95' title="bbox 1079 1860 1547 1900">
     <span class='ocr_line' id='line_1_95' title="bbox 1079 1860 1547 1900; baseline -0.004 -10"><span class='ocrx_word' id='word_1_640' title='bbox 1079 1864 1127 1890; x_wconf 80' lang='grc' dir='ltr'>τοῦ</span> <span class='ocrx_word' id='word_1_641' title='bbox 1141 1860 1266 1900; x_wconf 76' lang='grc' dir='ltr'>Ἀϐραὰμ</span> <span class='ocrx_word' id='word_1_642' title='bbox 1281 1863 1330 1900; x_wconf 79' lang='grc' dir='ltr'>ὁρᾷ</span> <span class='ocrx_word' id='word_1_643' title='bbox 1344 1862 1388 1889; x_wconf 86' lang='grc' dir='ltr'><strong>τὸν</strong></span> <span class='ocrx_word' id='word_1_644' title='bbox 1406 1862 1527 1899; x_wconf 72' lang='grc' dir='ltr'>Λάζαρον</span> <span class='ocrx_word' id='word_1_645' title='bbox 1541 1872 1547 1896; x_wconf 88' lang='grc'><strong>;</strong></span> 
     </span>
    </p>
   </div>
   <div class='ocr_carea' id='block_1_96' title="bbox 1116 1901 1886 1944">
    <p class='ocr_par' dir='ltr' id='par_1_96' title="bbox 1116 1901 1886 1944">
     <span class='ocr_line' id='line_1_96' title="bbox 1116 1901 1886 1944; baseline -0.004 -10"><span class='ocrx_word' id='word_1_646' title='bbox 1116 1907 1211 1935; x_wconf 75' lang='grc' dir='ltr'>’Λπόκ.</span> <span class='ocrx_word' id='word_1_647' title='bbox 1229 1906 1351 1942; x_wconf 75' lang='grc' dir='ltr'>Ἐπειδὴ,</span> <span class='ocrx_word' id='word_1_648' title='bbox 1367 1905 1458 1944; x_wconf 80' lang='grc' dir='ltr'>ὣσπερ</span> <span class='ocrx_word' id='word_1_649' title='bbox 1473 1907 1518 1933; x_wconf 85' lang='grc' dir='ltr'><strong>τὸν</strong></span> <span class='ocrx_word' id='word_1_650' title='bbox 1537 1905 1626 1942; x_wconf 77' lang='grc' dir='ltr'><strong>Ἀδὰμ.</strong></span> <span class='ocrx_word' id='word_1_651' title='bbox 1653 1904 1774 1933; x_wconf 74' lang='grc' dir='ltr'>ἐκϐαΛὼν</span> <span class='ocrx_word' id='word_1_652' title='bbox 1798 1904 1811 1931; x_wconf 79' lang='grc' dir='ltr'>ὁ</span> <span class='ocrx_word' id='word_1_653' title='bbox 1832 1901 1886 1931; x_wconf 75' lang='grc' dir='ltr'><strong>Θεὸς</strong></span> 
     </span>
    </p>
   </div>
   <div class='ocr_carea' id='block_1_97' title="bbox 1080 1945 1887 1989">
    <p class='ocr_par' dir='ltr' id='par_1_97' title="bbox 1080 1945 1887 1989">
     <span class='ocr_line' id='line_1_97' title="bbox 1080 1945 1887 1989; baseline -0.005 -10"><span class='ocrx_word' id='word_1_654' title='bbox 1080 1952 1109 1979; x_wconf 80' lang='grc' dir='ltr'>ἐκ</span> <span class='ocrx_word' id='word_1_655' title='bbox 1123 1954 1171 1979; x_wconf 75' lang='grc' dir='ltr'>τοῦ</span> <span class='ocrx_word' id='word_1_656' title='bbox 1186 1950 1359 1989; x_wconf 81' lang='grc' dir='ltr'>παραδείσου,</span> <span class='ocrx_word' id='word_1_657' title='bbox 1382 1951 1542 1989; x_wconf 72' lang='grc' dir='ltr'>καταντικρὺ</span> <span class='ocrx_word' id='word_1_658' title='bbox 1556 1953 1654 1978; x_wconf 73' lang='grc' dir='ltr'>τοῦτον</span> <span class='ocrx_word' id='word_1_659' title='bbox 1677 1950 1829 1986; x_wconf 78' lang='grc' dir='ltr'>κατῴκισεν,</span> <span class='ocrx_word' id='word_1_660' title='bbox 1849 1945 1887 1972; x_wconf 62' lang='grc' dir='ltr'><strong>’ἷνπ</strong></span> 
     </span>
    </p>
   </div>
   <div class='ocr_carea' id='block_1_98' title="bbox 1079 1990 1888 2034">
    <p class='ocr_par' dir='ltr' id='par_1_98' title="bbox 1079 1990 1888 2034">
     <span class='ocr_line' id='line_1_98' title="bbox 1079 1990 1888 2034; baseline -0.007 -11"><span class='ocrx_word' id='word_1_661' title='bbox 1079 1998 1097 2031; x_wconf 86' lang='grc' dir='ltr'><strong>ἡ</strong></span> <span class='ocrx_word' id='word_1_662' title='bbox 1112 1996 1227 2034; x_wconf 82' lang='grc' dir='ltr'>σννεχής</span> <span class='ocrx_word' id='word_1_663' title='bbox 1252 1994 1323 2032; x_wconf 70' lang='grc' dir='ltr'>ὄψις,</span> <span class='ocrx_word' id='word_1_664' title='bbox 1350 1995 1511 2022; x_wconf 77' lang='grc' dir='ltr'>ἀνανευοῦσα</span> <span class='ocrx_word' id='word_1_665' title='bbox 1535 1996 1566 2022; x_wconf 86' lang='grc' dir='ltr'><strong>τὸ</strong></span> <span class='ocrx_word' id='word_1_666' title='bbox 1592 1995 1690 2030; x_wconf 77' lang='grc' dir='ltr'>πάθος,</span> <span class='ocrx_word' id='word_1_667' title='bbox 1713 1990 1888 2031; x_wconf 76' lang='grc' dir='ltr'>ἀκρεϐεστέραν</span> 
     </span>
    </p>
   </div>
   <div class='ocr_carea' id='block_1_99' title="bbox 1080 2034 1888 2078">
    <p class='ocr_par' dir='ltr' id='par_1_99' title="bbox 1080 2034 1888 2078">
     <span class='ocr_line' id='line_1_99' title="bbox 1080 2034 1888 2078; baseline -0.007 -10"><span class='ocrx_word' id='word_1_668' title='bbox 1080 2041 1154 2076; x_wconf 80' lang='grc' dir='ltr'><strong>αὖτῷ</strong></span> <span class='ocrx_word' id='word_1_669' title='bbox 1168 2041 1295 2078; x_wconf 80' lang='grc' dir='ltr'>παράσχῃ</span> <span class='ocrx_word' id='word_1_670' title='bbox 1309 2040 1358 2073; x_wconf 73' lang='grc' dir='ltr'>τῆς</span> <span class='ocrx_word' id='word_1_671' title='bbox 1374 2039 1532 2070; x_wconf 82' lang='grc' dir='ltr'>ἐκπτώσεως</span> <span class='ocrx_word' id='word_1_672' title='bbox 1548 2042 1601 2066; x_wconf 84' lang='grc' dir='ltr'><strong>τῶν</strong></span> <span class='ocrx_word' id='word_1_673' title='bbox 1620 2038 1728 2077; x_wconf 77' lang='grc' dir='ltr'>ἀγαοῶν</span> <span class='ocrx_word' id='word_1_674' title='bbox 1742 2038 1790 2071; x_wconf 77' lang='grc' dir='ltr'>τήν</span> <span class='ocrx_word' id='word_1_675' title='bbox 1806 2034 1888 2068; x_wconf 65' lang='lat' dir='ltr'><strong>nican-</strong></span> 
     </span>
    </p>
   </div>
   <div class='ocr_carea' id='block_1_100' title="bbox 1079 2079 1887 2119">
    <p class='ocr_par' dir='ltr' id='par_1_100' title="bbox 1079 2079 1887 2119">
     <span class='ocr_line' id='line_1_100' title="bbox 1079 2079 1887 2119; baseline -0.007 -6"><span class='ocrx_word' id='word_1_676' title='bbox 1079 2095 1132 2113; x_wconf 77' lang='lat' dir='ltr'><strong>aw&#39;</strong></span> <span class='ocrx_word' id='word_1_677' title='bbox 1148 2084 1220 2112; x_wconf 81' lang='grc' dir='ltr'>οὕτω</span> <span class='ocrx_word' id='word_1_678' title='bbox 1236 2084 1264 2112; x_wconf 75' lang='grc' dir='ltr'><strong>δὲ</strong></span> <span class='ocrx_word' id='word_1_679' title='bbox 1283 2084 1327 2111; x_wconf 87' lang='grc' dir='ltr'><strong>καὶ</strong></span> <span class='ocrx_word' id='word_1_680' title='bbox 1341 2086 1436 2111; x_wconf 73' lang='grc' dir='ltr'>τοῦτον</span> <span class='ocrx_word' id='word_1_681' title='bbox 1453 2085 1591 2111; x_wconf 65' lang='grc' dir='ltr'>κατέναντι</span> <span class='ocrx_word' id='word_1_682' title='bbox 1611 2086 1661 2111; x_wconf 79' lang='grc' dir='ltr'><strong>τοῦ</strong></span> <span class='ocrx_word' id='word_1_683' title='bbox 1677 2082 1798 2119; x_wconf 81' lang='grc' dir='ltr'>Λαζάρου</span> <span class='ocrx_word' id='word_1_684' title='bbox 1812 2079 1887 2113; x_wconf 79' lang='grc' dir='ltr'>κατῷ-</span> 
     </span>
    </p>
   </div>
   <div class='ocr_carea' id='block_1_101' title="bbox 1079 2127 1599 2166">
    <p class='ocr_par' dir='ltr' id='par_1_101' title="bbox 1079 2127 1599 2166">
     <span class='ocr_line' id='line_1_101' title="bbox 1079 2127 1599 2166; baseline -0.006 -8"><span class='ocrx_word' id='word_1_685' title='bbox 1079 2140 1164 2165; x_wconf 74' lang='grc' dir='ltr'>κισεν,</span> <span class='ocrx_word' id='word_1_686' title='bbox 1178 2128 1223 2156; x_wconf 66' lang='grc' dir='ltr'>’ίνα</span> <span class='ocrx_word' id='word_1_687' title='bbox 1239 2128 1369 2165; x_wconf 83' lang='grc' dir='ltr'>μειζόνως</span> <span class='ocrx_word' id='word_1_688' title='bbox 1384 2127 1599 2166; x_wconf 71' lang='grc' dir='ltr'>κατατρύχηται.</span> 
     </span>
    </p>
   </div>
   <div class='ocr_carea' id='block_1_102' title="bbox 1116 2167 1891 2212">
    <p class='ocr_par' dir='ltr' id='par_1_102' title="bbox 1116 2167 1891 2212">
     <span class='ocr_line' id='line_1_102' title="bbox 1116 2167 1891 2212; baseline -0.01 -10"><span class='ocrx_word' id='word_1_689' title='bbox 1116 2174 1213 2212; x_wconf 84' lang='grc' dir='ltr'>Ἑρώτ.</span> <span class='ocrx_word' id='word_1_690' title='bbox 1231 2172 1277 2200; x_wconf 86' lang='grc' dir='ltr'>λε’.</span> <span class='ocrx_word' id='word_1_691' title='bbox 1295 2172 1344 2199; x_wconf 81' lang='grc' dir='ltr'><strong>Καὶ</strong></span> <span class='ocrx_word' id='word_1_692' title='bbox 1356 2171 1400 2199; x_wconf 80' lang='grc' dir='ltr'>διὰ</span> <span class='ocrx_word' id='word_1_693' title='bbox 1414 2172 1440 2199; x_wconf 83' lang='grc' dir='ltr'>τί</span> <span class='ocrx_word' id='word_1_694' title='bbox 1457 2172 1505 2199; x_wconf 87' lang='grc' dir='ltr'><strong>οὐκ</strong></span> <span class='ocrx_word' id='word_1_695' title='bbox 1519 2172 1545 2199; x_wconf 71' lang='grc' dir='ltr'>ἂι</span> <span class='ocrx_word' id='word_1_696' title='bbox 1563 2171 1642 2208; x_wconf 74' lang='grc' dir='ltr'>ἄλλῳ</span> <span class='ocrx_word' id='word_1_697' title='bbox 1656 2171 1753 2207; x_wconf 84' lang='grc' dir='ltr'>δικαίῳ</span> <span class='ocrx_word' id='word_1_698' title='bbox 1763 2170 1806 2212; x_wconf 77' lang='grc' dir='ltr'><strong>τὸν</strong></span> <span class='ocrx_word' id='word_1_699' title='bbox 1818 2167 1891 2212; x_wconf 65' lang='grc' dir='ltr'>Δᾴζα-</span> 
     </span>
    </p>
   </div>
   <div class='ocr_carea' id='block_1_103' title="bbox 1081 2210 1889 2256">
    <p class='ocr_par' dir='ltr' id='par_1_103' title="bbox 1081 2210 1889 2256">
     <span class='ocr_line' id='line_1_103' title="bbox 1081 2210 1889 2256; baseline -0.005 -11"><span class='ocrx_word' id='word_1_700' title='bbox 1081 2229 1127 2256; x_wconf 88' lang='grc' dir='ltr'><strong>ρον</strong></span> <span class='ocrx_word' id='word_1_701' title='bbox 1142 2210 1192 2256; x_wconf 70' lang='grc' dir='ltr'>δρᾷ</span> <span class='ocrx_word' id='word_1_702' title='bbox 1206 2217 1220 2244; x_wconf 80' lang='grc' dir='ltr'>ὁ</span> <span class='ocrx_word' id='word_1_703' title='bbox 1235 2216 1377 2252; x_wconf 63' lang='grc' dir='ltr'>πλούσιος,</span> <span class='ocrx_word' id='word_1_704' title='bbox 1395 2216 1457 2244; x_wconf 78' lang='grc' dir='ltr'>ἀλλ’</span> <span class='ocrx_word' id='word_1_705' title='bbox 1468 2216 1493 2243; x_wconf 79' lang='grc' dir='ltr'>ἐν</span> <span class='ocrx_word' id='word_1_706' title='bbox 1503 2219 1562 2247; x_wconf 84' lang='grc' dir='ltr'>τοῖς</span> <span class='ocrx_word' id='word_1_707' title='bbox 1573 2215 1689 2246; x_wconf 84' lang='grc' dir='ltr'>κόλποις</span> <span class='ocrx_word' id='word_1_708' title='bbox 1701 2217 1749 2242; x_wconf 81' lang='grc' dir='ltr'><strong>τοῦ</strong></span> <span class='ocrx_word' id='word_1_709' title='bbox 1759 2210 1889 2256; x_wconf 56' lang='grc' dir='ltr'>Ἀϐραάξς</span> 
     </span>
    </p>
   </div>
   <div class='ocr_carea' id='block_1_104' title="bbox 1116 2252 1889 2300">
    <p class='ocr_par' dir='ltr' id='par_1_104' title="bbox 1116 2252 1889 2300">
     <span class='ocr_line' id='line_1_104' title="bbox 1116 2252 1889 2300; baseline -0.006 -10"><span class='ocrx_word' id='word_1_710' title='bbox 1116 2252 1212 2290; x_wconf 80' lang='grc' dir='ltr'>Ἀπόκ.</span> <span class='ocrx_word' id='word_1_711' title='bbox 1238 2260 1347 2295; x_wconf 75' lang='grc' dir='ltr'>Ἐπειδή</span> <span class='ocrx_word' id='word_1_712' title='bbox 1377 2260 1517 2300; x_wconf 78' lang='grc' dir='ltr'>φιλόξενος</span> <span class='ocrx_word' id='word_1_713' title='bbox 1542 2260 1574 2295; x_wconf 78' lang='grc' dir='ltr'><strong>ἧν</strong></span> <span class='ocrx_word' id='word_1_714' title='bbox 1599 2261 1613 2287; x_wconf 84' lang='grc' dir='ltr'>ὁ</span> <span class='ocrx_word' id='word_1_715' title='bbox 1637 2257 1770 2296; x_wconf 77' lang='grc' dir='ltr'>Ἀϐραάμ.</span> <span class='ocrx_word' id='word_1_716' title='bbox 1794 2252 1889 2284; x_wconf 53' lang='lat' dir='ltr'><strong>“li/05V</strong></span> 
     </span>
    </p>
   </div>
   <div class='ocr_carea' id='block_1_105' title="bbox 1081 2300 1890 2345">
    <p class='ocr_par' dir='ltr' id='par_1_105' title="bbox 1081 2300 1890 2345">
     <span class='ocr_line' id='line_1_105' title="bbox 1081 2300 1890 2345; baseline -0.01 -11"><span class='ocrx_word' id='word_1_717' title='bbox 1081 2305 1194 2345; x_wconf 76' lang='grc' dir='ltr'>ἔλεγχος</span> <span class='ocrx_word' id='word_1_718' title='bbox 1228 2305 1309 2333; x_wconf 70' lang='grc' dir='ltr'>αὐτοῦ</span> <span class='ocrx_word' id='word_1_719' title='bbox 1339 2305 1449 2342; x_wconf 71' lang='grc' dir='ltr'>γένηται</span> <span class='ocrx_word' id='word_1_720' title='bbox 1482 2308 1532 2340; x_wconf 84' lang='grc' dir='ltr'><strong>τῆς</strong></span> <span class='ocrx_word' id='word_1_721' title='bbox 1566 2304 1726 2341; x_wconf 79' lang='grc' dir='ltr'>μισοξενίας,</span> <span class='ocrx_word' id='word_1_722' title='bbox 1758 2301 1800 2329; x_wconf 77' lang='grc' dir='ltr'><strong>διὰ</strong></span> <span class='ocrx_word' id='word_1_723' title='bbox 1821 2300 1890 2345; x_wconf 64' lang='grc' dir='ltr'>τοῦτο</span> 
     </span>
    </p>
   </div>
   <div class='ocr_carea' id='block_1_106' title="bbox 1082 2342 1890 2387">
    <p class='ocr_par' dir='ltr' id='par_1_106' title="bbox 1082 2342 1890 2387">
     <span class='ocr_line' id='line_1_106' title="bbox 1082 2342 1890 2387; baseline -0.009 -9"><span class='ocrx_word' id='word_1_724' title='bbox 1082 2351 1160 2379; x_wconf 80' lang='grc' dir='ltr'>αὐτὸν</span> <span class='ocrx_word' id='word_1_725' title='bbox 1190 2351 1247 2387; x_wconf 84' lang='grc' dir='ltr'>μετ’</span> <span class='ocrx_word' id='word_1_726' title='bbox 1276 2350 1378 2377; x_wconf 70' lang='grc' dir='ltr'>ἐκείνου</span> <span class='ocrx_word' id='word_1_727' title='bbox 1405 2349 1511 2387; x_wconf 74' lang='grc' dir='ltr'>βλέπει·</span> <span class='ocrx_word' id='word_1_728' title='bbox 1545 2350 1664 2380; x_wconf 67' lang='grc' dir='ltr'>Ἐκεῖνος</span> <span class='ocrx_word' id='word_1_729' title='bbox 1688 2349 1738 2386; x_wconf 77' lang='grc' dir='ltr'>γὰρ</span> <span class='ocrx_word' id='word_1_730' title='bbox 1773 2344 1814 2373; x_wconf 85' lang='grc' dir='ltr'><strong>καὶ</strong></span> <span class='ocrx_word' id='word_1_731' title='bbox 1835 2342 1890 2371; x_wconf 77' lang='grc' dir='ltr'>τοὺς</span> 
     </span>
    </p>
   </div>
   <div class='ocr_carea' id='block_1_107' title="bbox 1081 2389 1889 2432">
    <p class='ocr_par' dir='ltr' id='par_1_107' title="bbox 1081 2389 1889 2432">
     <span class='ocr_line' id='line_1_107' title="bbox 1081 2389 1889 2432; baseline -0.007 -10"><span class='ocrx_word' id='word_1_732' title='bbox 1081 2394 1227 2432; x_wconf 79' lang='grc' dir='ltr'>παροδίτας</span> <span class='ocrx_word' id='word_1_733' title='bbox 1244 2392 1406 2432; x_wconf 79' lang='grc' dir='ltr'>ἐξενοδόχει·</span> <span class='ocrx_word' id='word_1_734' title='bbox 1424 2393 1502 2425; x_wconf 76' lang='grc' dir='ltr'>οὗτος</span> <span class='ocrx_word' id='word_1_735' title='bbox 1518 2392 1547 2421; x_wconf 69' lang='grc' dir='ltr'><strong>δὲ</strong></span> <span class='ocrx_word' id='word_1_736' title='bbox 1561 2394 1606 2421; x_wconf 85' lang='grc' dir='ltr'><strong>καὶ</strong></span> <span class='ocrx_word' id='word_1_737' title='bbox 1630 2394 1676 2421; x_wconf 90' lang='grc' dir='ltr'><strong>τὸν</strong></span> <span class='ocrx_word' id='word_1_738' title='bbox 1703 2392 1754 2420; x_wconf 77' lang='grc' dir='ltr'>ἔσω</span> <span class='ocrx_word' id='word_1_739' title='bbox 1779 2389 1889 2424; x_wconf 77' lang='grc' dir='ltr'>κείμενον</span> 
     </span>
    </p>
   </div>
   <div class='ocr_carea' id='block_1_108' title="bbox 1081 2440 1219 2478">
    <p class='ocr_par' dir='ltr' id='par_1_108' title="bbox 1081 2440 1219 2478">
     <span class='ocr_line' id='line_1_108' title="bbox 1081 2440 1219 2478; baseline -0.007 -11"><span class='ocrx_word' id='word_1_740' title='bbox 1081 2440 1219 2478; x_wconf 81' lang='grc' dir='ltr'>παρεώρα-</span> 
     </span>
    </p>
   </div>
   <div class='ocr_carea' id='block_1_109' title="bbox 1117 2478 1891 2522">
    <p class='ocr_par' dir='ltr' id='par_1_109' title="bbox 1117 2478 1891 2522">
     <span class='ocr_line' id='line_1_109' title="bbox 1117 2478 1891 2522; baseline -0.009 -9"><span class='ocrx_word' id='word_1_741' title='bbox 1117 2484 1215 2522; x_wconf 83' lang='grc' dir='ltr'>Ἐρώτ.</span> <span class='ocrx_word' id='word_1_742' title='bbox 1232 2483 1282 2519; x_wconf 74' lang='grc' dir='ltr'>λς’,</span> <span class='ocrx_word' id='word_1_743' title='bbox 1300 2496 1313 2509; x_wconf 90' lang='grc'><em>‹‹</em></span> <span class='ocrx_word' id='word_1_744' title='bbox 1338 2482 1423 2521; x_wconf 76' lang='grc' dir='ltr'>Πάτερ</span> <span class='ocrx_word' id='word_1_745' title='bbox 1451 2480 1585 2521; x_wconf 77' lang='grc' dir='ltr'>Ἀϐραὰμ,</span> <span class='ocrx_word' id='word_1_746' title='bbox 1612 2482 1725 2517; x_wconf 67' lang='grc' dir='ltr'>ἐλέησόν</span> <span class='ocrx_word' id='word_1_747' title='bbox 1751 2493 1791 2519; x_wconf 88' lang='grc' dir='ltr'>με.</span> <span class='ocrx_word' id='word_1_748' title='bbox 1808 2481 1851 2509; x_wconf 75' lang='grc' dir='ltr'><strong>Διά</strong></span> <span class='ocrx_word' id='word_1_749' title='bbox 1868 2478 1891 2505; x_wconf 82' lang='grc' dir='ltr'><strong>τί</strong></span> 
     </span>
    </p>
   </div>
   <div class='ocr_carea' id='block_1_110' title="bbox 1081 2525 1891 2566">
    <p class='ocr_par' dir='ltr' id='par_1_110' title="bbox 1081 2525 1891 2566">
     <span class='ocr_line' id='line_1_110' title="bbox 1081 2525 1891 2566; baseline -0.001 -11"><span class='ocrx_word' id='word_1_750' title='bbox 1081 2528 1111 2555; x_wconf 80' lang='grc' dir='ltr'><strong>οὐ</strong></span> <span class='ocrx_word' id='word_1_751' title='bbox 1127 2528 1195 2566; x_wconf 80' lang='grc' dir='ltr'>πρὸς</span> <span class='ocrx_word' id='word_1_752' title='bbox 1209 2528 1255 2555; x_wconf 78' lang='grc' dir='ltr'><strong>τὸν</strong></span> <span class='ocrx_word' id='word_1_753' title='bbox 1270 2527 1390 2566; x_wconf 79' lang='grc' dir='ltr'>Λάζαρον</span> <span class='ocrx_word' id='word_1_754' title='bbox 1404 2528 1449 2554; x_wconf 88' lang='grc' dir='ltr'><strong>τὸν</strong></span> <span class='ocrx_word' id='word_1_755' title='bbox 1467 2527 1551 2565; x_wconf 89' lang='grc' dir='ltr'>λόγον</span> <span class='ocrx_word' id='word_1_756' title='bbox 1567 2526 1703 2554; x_wconf 77' lang='grc' dir='ltr'>ἀπέτεινεν</span> <span class='ocrx_word' id='word_1_757' title='bbox 1725 2528 1738 2554; x_wconf 72' lang='grc' dir='ltr'><strong>ὁ</strong></span> <span class='ocrx_word' id='word_1_758' title='bbox 1762 2525 1891 2555; x_wconf 71' lang='grc' dir='ltr'>πλούσιος.</span> 
     </span>
    </p>
   </div>
   <div class='ocr_carea' id='block_1_111' title="bbox 1081 2569 1454 2611">
    <p class='ocr_par' dir='ltr' id='par_1_111' title="bbox 1081 2569 1454 2611">
     <span class='ocr_line' id='line_1_111' title="bbox 1081 2569 1454 2611; baseline -0.005 -10"><span class='ocrx_word' id='word_1_759' title='bbox 1081 2572 1153 2601; x_wconf 79' lang='grc' dir='ltr'>ἀλλὰ</span> <span class='ocrx_word' id='word_1_760' title='bbox 1169 2573 1235 2611; x_wconf 85' lang='grc' dir='ltr'>πρὸς</span> <span class='ocrx_word' id='word_1_761' title='bbox 1249 2572 1294 2599; x_wconf 85' lang='grc' dir='ltr'>τὸν</span> <span class='ocrx_word' id='word_1_762' title='bbox 1312 2569 1454 2609; x_wconf 72' lang='grc' dir='ltr'>Ἀϐραάμ;</span> 
     </span>
    </p>
   </div>
   <div class='ocr_carea' id='block_1_112' title="bbox 1116 2612 1890 2655">
    <p class='ocr_par' dir='ltr' id='par_1_112' title="bbox 1116 2612 1890 2655">
     <span class='ocr_line' id='line_1_112' title="bbox 1116 2612 1890 2655; baseline -0.004 -10"><span class='ocrx_word' id='word_1_763' title='bbox 1116 2617 1213 2645; x_wconf 83' lang='grc' dir='ltr'>Ἀπόκ.</span> <span class='ocrx_word' id='word_1_764' title='bbox 1231 2615 1340 2651; x_wconf 80' lang='grc' dir='ltr'>Ἐπειδὴ</span> <span class='ocrx_word' id='word_1_765' title='bbox 1357 2615 1490 2654; x_wconf 77' lang='grc' dir='ltr'>ᾐσχύνετο</span> <span class='ocrx_word' id='word_1_766' title='bbox 1515 2616 1559 2643; x_wconf 81' lang='grc' dir='ltr'><strong>καί</strong></span> <span class='ocrx_word' id='word_1_767' title='bbox 1574 2616 1700 2655; x_wconf 77' lang='grc' dir='ltr'>ήρυθρία’</span> <span class='ocrx_word' id='word_1_768' title='bbox 1725 2615 1827 2652; x_wconf 77' lang='grc' dir='ltr'>ἐνόμιζε</span> <span class='ocrx_word' id='word_1_769' title='bbox 1845 2612 1890 2651; x_wconf 78' lang='grc' dir='ltr'>γὰρ</span> 
     </span>
    </p>
   </div>
   <div class='ocr_carea' id='block_1_113' title="bbox 1081 2659 1741 2699">
    <p class='ocr_par' dir='ltr' id='par_1_113' title="bbox 1081 2659 1741 2699">
     <span class='ocr_line' id='line_1_113' title="bbox 1081 2659 1741 2699; baseline -0.005 -9"><span class='ocrx_word' id='word_1_770' title='bbox 1081 2662 1158 2690; x_wconf 84' lang='grc' dir='ltr'>αὐτὸν</span> <span class='ocrx_word' id='word_1_771' title='bbox 1178 2663 1351 2699; x_wconf 84' lang='grc' dir='ltr'>μνησικακιῖν</span> <span class='ocrx_word' id='word_1_772' title='bbox 1368 2659 1403 2688; x_wconf 82' lang='grc' dir='ltr'><strong>δι’</strong></span> <span class='ocrx_word' id='word_1_773' title='bbox 1417 2660 1454 2688; x_wconf 82' lang='grc' dir='ltr'><strong>ὢν</strong></span> <span class='ocrx_word' id='word_1_774' title='bbox 1471 2659 1579 2699; x_wconf 76' lang='grc' dir='ltr'>ἔπραξεν</span> <span class='ocrx_word' id='word_1_775' title='bbox 1597 2660 1634 2691; x_wconf 76' lang='grc' dir='ltr'>εἷς</span> <span class='ocrx_word' id='word_1_776' title='bbox 1650 2660 1741 2688; x_wconf 80' lang='grc' dir='ltr'>αὑτόν.</span> 
     </span>
    </p>
   </div>
   <div class='ocr_carea' id='block_1_114' title="bbox 1522 2770 1889 2802">
    <p class='ocr_par' dir='ltr' id='par_1_114' title="bbox 1522 2770 1889 2802">
     <span class='ocr_line' id='line_1_114' title="bbox 1522 2770 1889 2802; baseline -0.022 0"><span class='ocrx_word' id='word_1_777' title='bbox 1522 2774 1532 2791; x_wconf 84' lang='grc'><strong><em>⁵</em></strong></span> <span class='ocrx_word' id='word_1_778' title='bbox 1547 2773 1619 2802; x_wconf 78' lang='lat' dir='ltr'><strong>Ibid.</strong></span> <span class='ocrx_word' id='word_1_779' title='bbox 1635 2773 1682 2800; x_wconf 87' lang='lat'><strong>23.</strong></span> <span class='ocrx_word' id='word_1_780' title='bbox 1721 2770 1731 2788; x_wconf 82' lang='grc'><strong><em>⁸</em></strong></span> <span class='ocrx_word' id='word_1_781' title='bbox 1746 2771 1889 2800; x_wconf 74' lang='lat' dir='ltr'><strong>Gemma,</strong></span> 
     </span>
    </p>
   </div>
  </div>
