4096 6212
371 333 482 391 ’711

1542 330 1605 389 S.
1654 318 2179 389 ATHANASIUS.
2208 359 2286 369 -—
2316 320 2623 387 SPURIA.

3678 322 3793 388 712

1549 489 1683 545 ΤΟΥ
1722 488 1809 543 ΕΝ
1852 486 2080 542 ΛΓΙΟΙΣ
2126 485 2397 541 ΙΙΔΤΡΟΣ
2442 486 2633 541 ΗΜΩΝ

1719 635 2450 732 ΑΘΑΝΑΣΗΠΫ

992 809 1241 858 ΡΗΣΕΙΣ
1285 806 1397 857 ΚΑΙ
1440 799 1822 857 ΕΡΜΗΝΕΙΑΙ
1862 797 2279 853 ΠΑΡΑΒΟΛΩΝ
2320 796 2451 852 ΤΟΥ
2489 798 2687 852 ΑΥΙΟΥ
2725 798 3166 854 ΕΥΑΙΤΕΛΙΟΥ.

1511 1049 2670 1148 S.P.N.ATHANASH

1107 1226 1291 1281 DICTA
1336 1228 1419 1281 ET
1451 1220 2101 1281 INTERPRETATIONES
2140 1218 2641 1276 PARABOLARUM
2679 1219 3055 1275 EVANGELII.

440 1494 692 1557 Quaestio
727 1494 767 1547 Ι.
801 1515 826 1539 α
865 1493 940 1546 lte
973 1492 1030 1545 in
1069 1491 1403 1562 oppositum
1432 1489 1647 1555 vicum,
1680 1490 1737 1541 et
1770 1484 2021 1540 invenic-
2052 1487 2106 1552 Α

367 1584 445 1638 tis
480 1583 772 1637 hominem
807 1581 1073 1652 lagenam
1110 1597 1273 1651 aqua
1306 1577 1673 1649 hajulantem
1706 1578 1745 1631 9.
1786 1598 1805 1623 ι

439 1672 713 1734 Quaenam
756 1670 959 1723 civitas
993 1671 1109 1723 est?
1132 1667 1405 1723 Ecclesia.
1429 1670 1562 1732 Quae
1594 1682 1758 1736 aqum
1791 1662 2024 1735 lagena?

367 1762 646 1815 Sanctum
707 1759 1015 1829 baptisma.
1068 1759 1208 1822 Quis
1260 1756 1357 1810 ille
1407 1755 1623 1810 homo?
1674 1755 2020 1818 Praecursor,

365 1850 527 1911 Quod
562 1847 970 1901 coenaeulum?
1003 1846 1266 1916 Regnum
1303 1843 1605 1899 caelorum.

436 1937 498 2000 Q.
528 1938 597 1990 ll.
625 1960 651 1984 ‹‹
684 1934 886 1989 Simile
908 1938 999 1989 est
1032 1950 1276 2003 regnum
1309 1931 1591 1987 ccelorum
1626 1930 1846 1986 homini
1874 1929 2018 2001 regi,

364 2027 462 2098 qui
496 2027 680 2081 voluit
712 2026 999 2080 rationem
1038 2040 1250 2095 ponere
1279 2040 1413 2078 cum
1446 2022 1629 2078 servis
1660 2021 1784 2076 suis
1809 2022 1872 2075 ¹⁰.
1908 2042 1935 2069 ››

430 2205 573 2269 Quis
622 2209 709 2259 est
760 2203 857 2257 ille
907 2202 1050 2257 rex?
1105 2202 1277 2256 Deus.
1328 2198 1473 2262 Quis
1531 2198 1758 2253 debitor
1815 2198 2013 2251 decem

359 2293 520 2347 mille
576 2290 983 2347 talentorum?
1054 2292 1255 2353 Homo,
1324 2287 1424 2359 qui
1495 2285 1697 2341 multis
1764 2284 2013 2356 peccatis

356 2382 877 2445 obnoxius,divinee
896 2385 1092 2434 tamen
1113 2384 1200 2432 est
1216 2376 1684 2448 longanimitatis
1703 2376 2010 2446 particeps.

356 2471 497 2533 Quis
529 2476 762 2524 centum
795 2467 1162 2523 denariorum
1192 2466 1461 2520 debitor?
1487 2463 1770 2519 Subditus
1808 2479 2012 2517 servus

356 2561 507 2629 ejus,
542 2558 642 2629 qui
671 2559 1021 2612 talentorum
1057 2557 1252 2610 decem
1287 2555 1536 2608 debebat
1567 2551 1771 2618 millia,
1805 2552 1905 2623 qui
1957 2555 2013 2606 et

355 2646 480 2718 ipse
514 2648 749 2717 quidem
776 2646 878 2699 Dei
902 2645 1410 2714 longanimitatem
1436 2646 1731 2712 expertus,
1757 2638 2011 2695 crudelis

354 2740 551 2790 tamen
586 2752 651 2789 ac
686 2736 869 2788 durus
900 2748 1038 2803 erga
1070 2746 1414 2786 conservum
1448 2745 1620 2782 suum
1655 2728 1815 2781 visus
1844 2732 1950 2780 est.

431 2827 562 2877 ALIA
595 2839 889 2877 PARABOLA
923 2821 1016 2875 Ill.
1052 2843 1080 2869 ‹‹
1119 2821 1297 2874 Homo
1338 2818 1579 2888 quidam
1629 2817 1776 2869 duos
1826 2816 2004 2871 habe-

355 2913 454 2966 bat
482 2912 676 2971 ltilios.
728 2916 783 2963 et
837 2910 937 2963 uni
987 2910 1129 2962 dixit
1166 2926 1177 2962 :
1215 2908 1367 2962 Vade
1406 2908 1464 2960 in
1496 2904 1744 2958 vineam.
1779 2905 1883 2968 Qui
1920 2920 2004 2957 re-

353 3001 592 3071 spondit
626 3018 636 3054 :
672 3001 792 3053 Non
827 3000 943 3067 ibo,
968 2997 1205 3052 etabiit.
1232 2997 1301 3050 Et
1331 2995 1615 3049 accedens
1645 2993 1716 3047 ad
1751 2992 2001 3046 alterum

353 3088 498 3140 dixit
560 3086 871 3152 similiter;
941 3086 1040 3156 qui
1123 3083 1486 3155 respondit:
1538 3082 1698 3136 Vado
1766 3086 1821 3136 et
1887 3096 2001 3135 non

354 3174 497 3227 θὶήὶῑ
532 3178 659 3227 ίί.)›

424 3262 565 3326 Quis
599 3261 693 3314 ille
726 3261 941 3315 homo?
971 3262 1145 3317 Deus.
1178 3260 1319 3323 Quis
1346 3259 1465 3327 ille,
1517 3260 1613 3329 qui
1662 3258 1825 3323 dixit,
1878 3259 1999 3327 Ibo,

349 3356 406 3404 et
435 3367 547 3404 non
582 3349 761 3403 abiit?
794 3350 1000 3404 Judaei.
1032 3350 1171 3414 Quis
1200 3349 1297 3402 ille
1327 3349 1427 3419 qui
1461 3348 1623 3411 dixit,
1647 3347 1770 3401 Non
1803 3346 1919 3412 ibo,
1946 3351 2002 3400 et

348 3443 542 3493 tamen
577 3437 760 3492 abiit?
795 3437 1069 3509 POpulus,
1105 3437 1203 3507 qui
1236 3446 1320 3490 est
1355 3452 1423 3489 ex
1453 3436 1745 3505 gentibus.

419 3530 557 3581 ALIA
591 3544 883 3580 PARABOLA
919 3525 1006 3579 ιν.
1050 3548 1078 3577 ‹‹
1128 3526 1394 3579 Hominis
1440 3523 1748 3592 cujusdam
1803 3521 1997 3577 divitis

346 3631 484 3686 ager
516 3615 723 3669 uberes
758 3616 982 3669 fructus
1014 3613 1148 3668 tulit
1170 3613 1414 3677 “.anliS
1444 3612 1541 3665 ille
1573 3611 1993 3679 homo?Judas,

345 3712 402 3759 et
436 3703 535 3775 qui
567 3704 718 3758 sicut
750 3705 874 3774 ipse
904 3703 1061 3758 avari
1095 3706 1233 3757 sunt
1261 3708 1317 3756 et
1347 3705 1612 3756 amantes
1644 3699 1920 3771 pecuniae.

414 3801 556 3847 ALIA
586 3793 651 3845 V.
689 3816 713 3842 ‹‹
756 3794 836 3847 [te
869 3793 926 3847 in
960 3792 1148 3846 vicum
1183 3791 1279 3861 qui
1316 3795 1518 3845 contra
1547 3806 1647 3843 vos
1679 3793 1785 3851 est,
1819 3794 1875 3842 et
1904 3788 1991 3842 in-

340 3882 576 3936 vinietis
608 3882 833 3935 asinam
866 3880 1167 3953 alligatam
1201 3884 1257 3934 et
1287 3878 1510 3949 pullum
1546 3877 1603 3932 ⁸³.
1630 3876 1779 3940 »Ουί
1802 3875 1993 3931 vicus?

339 3972 615 4033 Mundus;
642 3972 805 4025 asina
837 3987 990 4039 vero,
1013 3968 1222 4035 Judzei;
1252 3968 1466 4039 pullus,
1491 3966 1826 4021 Christiani.
1852 3965 1993 4031 Quis

339 4059 582 4129 ligavit?
615 4060 868 4114 Mosaica
898 4059 1009 4113 lex.
1039 4058 1179 4120 Quis
1210 4058 1426 4113 solvit?
1456 4056 1744 4112 Christus.
1785 4054 1991 4109 Pullus

339 4147 493 4200 enim
526 4152 615 4200 est
647 4149 819 4202 bruta
848 4147 1215 4203 ethnicorum
1249 4145 1729 4201 irrationabilitas
1751 4150 1809 4200 et
1831 4143 1992 4215 igno~

339 4238 550 4292 rantia.

409 4330 546 4381 ALIA
582 4326 669 4379 IV.
710 4348 729 4375 α
767 4331 849 4379 Ite
879 4325 937 4380 in
970 4325 1164 4380 vicum
1197 4324 1296 4395 qui
1331 4330 1537 4379 contra
1598 4340 1698 4378 vos
1763 4326 1852 4377 est
1916 4322 1988 4375 ad

336 4417 675 4485 quemdam.
731 4423 789 4469 et
820 4416 994 4469 dicite
1024 4414 1072 4468 ei
1130 4431 1143 4469 :
1199 4413 1478 4483 Magister
1525 4413 1687 4477 dicit,
1733 4412 1899 4483 Apud
1938 4416 1990 4467 te

337 4505 483 4558 facio
536 4505 755 4558 Pascha
807 4520 940 4557 cum
992 4502 1299 4571 discipulis
1349 4502 1495 4555 meis
1548 4502 1613 4553 η.
1652 4522 1678 4549 ››
1711 4501 1845 4565 Qum
1878 4502 1991 4554 ista

335 4592 584 4647 civitas?
620 4595 909 4647 lnl'ernus.
931 4592 1072 4656 Quis
1105 4590 1199 4645 ille
1230 4590 1464 4659 quidam
1487 4590 1513 4641 ?
1542 4589 1746 4643 Adam.
1767 4590 1810 4642 A
1843 4604 1994 4643 mor-

337 4681 456 4736 tuis
484 4681 640 4735 enim
676 4682 869 4751 ipsum
903 4679 1262 4734 excitaturus
1293 4681 1440 4732 erat.

408 4771 553 4824 Anu
581 4768 950 4831 ou.£51‘.VlI.
989 4790 1008 4816 α
1046 4768 1176 4823 Jam
1219 4782 1351 4821 vero
1400 4770 1459 4819 et
1506 4763 1728 4820 securis
1777 4765 1848 4818 ad
1898 4782 1987 4819 ar-

332 4860 542 4915 borum
575 4860 828 4912 radicem
863 4861 951 4912 est
985 4856 1173 4926 posita
1204 4857 1265 4911 ¹⁶.
1301 4876 1329 4904 ››

408 4950 577 5003 RESP.
614 4948 793 5001 Radix
825 4951 913 5002 est
942 4946 1086 5001 ﬁdes
1138 4962 1151 4999 :
1201 4946 1395 5010 arbor,
1450 4943 1623 4999 homo
1675 4959 1688 4995 ε

330 5038 466 5092 ﬁnis
502 5035 781 5091 hominis.

403 5133 544 5180 ΑιιΑ
576 5125 721 5179 Vlll.
759 5148 783 5173 ‹‹
820 5124 1000 5179 Homo
1028 5123 1263 5192 quidam
1298 5123 1536 5176 domum
1585 5137 1754 5175 suam
1808 5120 1984 5175 aditi-

332 5215 478 5271 cavit
527 5231 704 5284 supra
752 5219 975 5283 petram
1028 5212 1093 5266 ‘5.
1124 5234 1150 5260 ››
1180 5211 1322 5275 Quis
1357 5210 1451 5266 ille
1482 5209 1706 5265 homo?
1735 5210 1985 5265 Sanctus

332 5308 559 5369 Petrus;
596 5300 1084 5425 pet‘raﬁuhristus;
1118 5300 1351 5365 domus,
1378 5300 1550 5367 ﬁdes;
1586 5302 1817 5366 ventus,
1860 5300 1982 5353 dia-

400 5433 420 5466 ⁹
445 5432 811 5495 Maronmfn‘i.

329 5520 481 5573 xxvx,
518 5503 603 5567 18,
640 5502 723 5555 19.
804 5499 848 5536 1⁸
878 5499 1082 5556 Matth.
1114 5515 1200 5569 III,
1235 5495 1357 5552 1Ο.”
1403 5498 1445 5532 ιδ
1472 5495 1676 5551 Matth.
1711 5513 1813 5569 vn,
1846 5498 1935 5552 24.

1741 4942 1984 5012 securis,

2207 1482 2507 1554 Ἐρώτησις
2540 1483 2603 1537 α’.
2634 1508 2659 1531 ‹‹
2692 1480 2991 1545 Ἀπέλθατε
3041 1480 3114 1543 εἷς
3141 1483 3240 1551 τὴν
3276 1482 3523 1538 ἀπέναντι
3563 1485 3787 1556 κώμην,

2131 1570 2218 1625 καὶ
2253 1570 2505 1646 εὑρήσετε
2536 1568 2816 1644 ἄνθρωπον
2851 1570 3107 1646 κεράμιον
3136 1568 3331 1634 ὕδατος
3367 1572 3719 1645 βαστάζοντα.
3759 1599 3787 1623 ››

2204 1659 2302 1721 Τίς
2335 1662 2367 1728 ἡ
2402 1656 2565 1720 πόλις
2600 1679 2612 1725 ;
2649 1658 2964 1730 Ἐκκλησία.
3008 1661 3068 1713 Τί
3116 1661 3178 1715 τὸ
3226 1662 3483 1737 κεράμιον
3532 1666 3630 1716 τοῦ
3662 1660 3789 1717 ὕδα-

2129 1770 2220 1810 τος
2250 1768 2264 1817 ;
2298 1750 2367 1801 Τὸ
2410 1749 2557 1823 ἅγιον
2614 1749 2914 1821 βάπτὶσμα.
2962 1749 3049 1810 Τίς
3086 1750 3113 1803 6
3163 1747 3444 1823 ἅνθρωπος
3480 1769 3493 1819 ;
3526 1752 3588 1807 Ὁ
3638 1751 3783 1827 Πρό-

2131 1834 2354 1910 δρομος.
2389 1838 2453 1893 Τί
2481 1839 2543 1891 τὸ
2574 1836 2813 1911 ἀνιῦγεον
2845 1857 2857 1905 ;
2889 1843 2948 1892 Ἠ
2985 1836 3236 1913 βασιλεία
3265 1843 3371 1892 τῶν
3408 1838 3669 1915 οὐρανῶν.

2202 1926 2395 2000 Ἐρώτ.
2536 1927 2869 1998 «Ὡμοιώθη
2903 1929 2937 1995 ἡ
2976 1926 3225 2002 βασιλεία
3252 1932 3359 1982 τῶν
3396 1927 3636 2003 οὐρανῶν
3685 1929 3784 1983 ἀν-

2128 2014 2331 2089 θρώπῳ
2381 2013 2616 2091 βασιλεῖ,
2667 2015 2811 2077 ὅστις
2859 2014 3098 2086 ἠθέλησε
3156 2023 3376 2092 συνᾶραι
3429 2015 3589 2093 λόγον
3644 2020 3786 2091 μετὰ

2125 2108 2233 2158 τῶν
2267 2101 2478 2159 δούλων
2503 2103 2687 2161 αὐτοῦ.
2727 2129 2748 2154 ιι

2196 2192 2286 2254 Τίς
2318 2194 2344 2247 6
2383 2192 2637 2265 βασιλεύς
2673 2213 2684 2259 ;
2719 2195 2775 2246 Ὀ
2806 2193 2956 2255 Θεός.
3004 2193 3095 2255 Τίς
3126 2195 3153 2247 ὁ
3187 2193 3474 2272 ὀφειλέτης
3527 2200 3635 2249 τῶν
3675 2219 3781 2269 μυ-

2128 2283 2255 2356 ρίων
2315 2281 2594 2336 ταλάντων
2631 2302 2643 2350 ;
2678 2284 2737 2339 Ὁ
2791 2282 3073 2359 ἅνθρωπος
3105 2284 3133 2337 6
3193 2282 3244 2337 ἐν
3303 2283 3541 2347 πολλαῖς
3602 2287 3780 2359 ἀμαρ-

2123 2370 2262 2433 τίαις
2293 2374 2391 2439 τῆς
2421 2376 2517 2426 τοῦ
2567 2375 2699 2425 Θεοῦ
2753 2370 3130 2446 μακροθυμίας
3177 2367 3495 2431 ἀπολαϐών.
3527 2374 3620 2435 Τίς
3654 2377 3684 2429 ὁ
3714 2376 3782 2429 ti

2123 2461 2310 2515 ἑκατὸν
2347 2458 2574 2535 δηνάρια
2607 2464 2746 2531 (80')
2772 2481 2783 2527 ;
2818 2462 2876 2518 '0
2905 2460 3221 2537 ὑποχείριος
3241 2466 3336 2516 τοῦ
3367 2468 3779 2538 χρεωστοῦντος

2118 2552 2185 2604 τὰ
2220 2549 2385 2624 μυρία
2412 2547 2667 2603 τάλαντα·
2702 2549 2790 2603 καὶ
2822 2550 2981 2611 αὐτὸς
3035 2551 3129 2623 μὲν
3159 2546 3319 2626 ἔτυχε
3372 2553 3777 2628 μακροθυμίας,

2120 2637 2276 2700 οὗτος
2311 2637 2367 2693 δὲ
2399 2639 2564 2715 ὲιράνη
2601 2637 2754 2711 ὠμὸς
2773 2639 2862 2692 καὶ
2897 2637 3135 2712 σκληρὸς
3167 2640 3301 2715 πρὸς
3334 2640 3427 2693 τὸν
3460 2638 3773 2713 ὁμόδουλον

2118 2748 2299 2783 αυτου.

2186 2816 2373 2893 Ἑτέρα
2417 2811 2707 2891 παραϐολὴ
2758 2824 2823 2890 γ’.
2880 2841 2908 2869 ι(
2971 2816 3297 2889 ’Ἄνθρωπός
3353 2838 3438 2879 τις
3498 2818 3614 2893 εἶχε
3674 2816 3773 2873 δύο

2112 2905 2289 2968 τέκνα,
2340 2904 2426 2959 καῖ
2486 2905 2600 2959 εἶπε
2647 2910 2724 2976 τῷ
2775 2904 3145 2961 έν1.’¹ΛπελΘε
3198 2906 3273 2968 εἷς
3305 2906 3396 2961 τὸν
3443 2906 3771 2979 ἀμπελῶνω

2111 2994 2201 3048 καὶ
2234 2994 2349 3048 εἶπε
2396 2994 2483 3048 καὶ
2528 2998 2607 3065 τῷ
2658 2993 2841 3069 ἑτέρῳ·
2890 2995 2977 3048 καὶ
3027 2995 3189 3049 εἶπεν·
3242 2996 3481 3069 Ὑπάγω,
3532 2996 3622 3049 καὶ
3671 2996 3774 3051 οὐχ

2111 3080 2379 3153 ἀπῆλθεν.
2417 3107 2443 3132 ››

2183 3172 2275 3233 Τίς
2329 3173 2355 3226 6
2411 3170 2737 3247 ἄνθρωποςς
2799 3172 2855 3224 '0
2902 3167 3053 3230 Θεὸς.
3098 3170 3188 3233 Τίς
3258 3174 3285 3226 6
3362 3172 3551 3241 εἰπὼν,
3600 3174 3774 3227 Ὑπά-

2107 3282 2207 3334 γω,
2239 3260 2328 3314 καὶ
2382 3260 2482 3314 οὐκ
2538 3259 2828 3328 ἀπῆλθεν;
2887 3262 2939 3313 οἱ
3013 3256 3286 3315 Ἰουδαῖοι.
3347 3260 3436 3321 Τίς
3488 3262 3515 3314 ὁ
3574 3261 3767 3329 εἰπὼν,

2110 3349 2205 3410 Τίς
2263 3351 2290 3404 6
2350 3349 2536 3417 εἰπὼν,
2591 3349 2714 3423 Οὐχ
2773 3348 2986 3424 ὑπάγω,
3045 3348 3134 3403 καὶ
3215 3348 3456 3413 ἀπῆλθεν
3519 3368 3532 3418 ;
3592 3351 3653 3406 Ὀ
3714 3350 3767 3421 ὲξ

2110 3435 2276 3499 ἐθνῶν
2307 3431 2458 3497 λαὸς.

2182 3523 2367 3595 ’Ἄλλη
2403 3520 2603 3599 παραὸ.
2638 3522 2698 3581 δ’.
2735 3550 2761 3575 ‹‹
2817 3526 3133 3599 Ἀνθρώπου
3181 3526 3327 3588 τινὸς
3374 3524 3641 3580 πλουσίου
3675 3526 3763 3582 εὖ-

2106 3612 2338 3689 φόρησεν
2372 3617 2406 3683 ἦ
2457 3613 2634 3687 χώρα.
2668 3636 2693 3665 ⁸⁵
2729 3616 2821 3676 Τίς
2872 3616 2899 3668 ὁ
2952 3616 3234 3689 ἄνθρωπος
3272 3635 3284 3683 ;
3317 3616 3378 3670 Ὁ
3410 3613 3640 3687 Ἰούδας,
3669 3616 3761 3670 καὶ

2105 3704 2156 3756 οἱ
2187 3704 2301 3756 κατ’
2335 3702 2489 3757 αὐτὸν
2524 3702 2843 3758 πλεονέκται
2875 3704 2963 3758 καὶ
2997 3702 3341 3780 φιλάργυροι.

2174 3793 2358 3867 Ἑτέρα
2403 3793 2438 3846 ε’
2466 3836 2478 3848 .
2522 3816 2549 3843 ‹‹
2608 3792 2903 3848 Ἀπέλθατε
2945 3792 3020 3853 εἷς
3068 3794 3169 3860 τὴν
3228 3793 3476 3846 ἀπέναντι
3532 3791 3757 3863 κώμην,

2101 3882 2190 3933 καὶ
2251 3880 2502 3955 εὑρήσετε
2560 3877 2681 3934 ὄνον
2744 3881 2832 3935 καὶ
2894 3880 3078 3935 πῶλον
3140 3878 3451 3953 δεδεμένην.
3489 3907 3517 3930 ››
3566 3880 3663 3942 Τίς
3717 3883 3755 3950 ἡ

2100 3971 2263 4041 κώμη
2300 3972 2399 4038 ;Ὁ
2434 3970 2660 4041 κόσμος.
2711 3972 2875 4031 ’Όνος
2926 3968 2982 4024 δὲ
3032 3972 3083 4023 o't
3144 3968 3422 4025 Ἰουδαῖοι⁹
3476 3968 3668 4031 πῶλος
3702 3972 3760 4024 οἱ

2100 4058 2432 4130 Χριστιανοέ.
2467 4058 2523 4109 Ὀ
2555 4056 2722 4127 δήσας
2759 4078 2771 4125 ;
2809 4058 2991 4131 Νόμος
3026 4060 3052 4112 ὁ
3088 4057 3401 4120 Μωσαϊκὸς.
3438 4060 3496 4115 Ὀ
3542 4057 3708 4120 λύσας
3744 4080 3760 4126 ς

2101 4146 2128 4199 ὁ
2160 4145 2407 4219 Χριστός.
2447 4146 2639 4208 Πῶλος
2688 4148 2790 4222 γάρ
2842 4146 2952 4202 ἐστι
3000 4152 3107 4203 τῶν
3160 4148 3325 4212 ἐθνῶν
3355 4151 3388 4217 ἡ
3422 4146 3619 4224 ἀλογία
3667 4148 3763 4202 καὶ

2022 4218 2065 4286 C
2103 4236 2137 4302 ἡ
2172 4218 2426 4309 ἀγνωσία.

2174 4321 2357 4393 Ἀλλη
2395 4324 2455 4386 ς’.
2510 4348 2538 4377 ‹‹
2601 4322 2896 4387 Ἀπέλθατε
2957 4324 3034 4386 εἷς
3090 4326 3188 4393 τήν
3246 4324 3501 4379 ἀπέναντι
3558 4324 3763 4397 κώμην

2101 4412 2237 4487 πρὸς
2266 4413 2355 4466 τὸν
2404 4410 2571 4478 δεῖνα,
2623 4412 2712 4467 καὶ
2764 4409 2948 4469 εἷ’πατε
2996 4413 3163 4485 αὐτῷ’
3198 4415 3253 4467 '0
3303 4411 3638 4475 Διδάσκαλος
3669 4414 3767 4469 λέ-

2100 4520 2201 4576 γει’
2250 4501 2391 4573 Πρὸς
2452 4502 2509 4555 σὲ
2565 4506 2709 4555 ποιῶ
2763 4503 2824 4556 τὸ
2883 4502 3074 4578 Πάσχα
3137 4503 3269 4574 μετά
3325 4508 3432 4558 τῶν
3498 4505 3761 4575 μαθητῶν

2106 4609 2228 4660 μου.
2264 4612 2290 4639 ››
2323 4588 2413 4651 Τίς
2463 4591 2497 4658 ἡ
2547 4588 2709 4652 πόλις
2742 4610 2754 4658 ;
2784 4592 2844 4648 Ὀ
2898 4586 3055 4661 ᾅδης.
3100 4592 3160 4648 Ὁ
3211 4588 3357 4647 δεῖμα
3388 4611 3400 4659 ;
3436 4593 3498 4648 Ὁ
3549 4590 3759 4665 Ἀδάμ·

2101 4673 2301 4749 ἔμελλε
2331 4677 2434 4751 γὰρ
2466 4677 2664 4754 ἐγεῖραι
2697 4678 2857 4733 αὐτὸν
2892 4678 2951 4734 ἐκ
2979 4684 3207 4753 νεκρῶν,

2172 4765 2355 4839 Ἑτέρα
2402 4764 2559 4839 ἐρώτ.
2615 4768 2676 4835 ζ’.
2715 4791 2735 4817 α
2791 4764 2931 4837 ’Ήδη
2985 4764 3042 4821 δὶ
3082 4767 3238 4836 καὶή
3289 4767 3441 4838 ἀξίνη
3487 4767 3627 4842 πρὸς
3656 4771 3764 4837 τὴν

2101 4852 2251 4928 ῥίζαν
2283 4857 2390 4906 τῶν
2424 4851 2658 4929 δένδρων
2690 4860 2885 4911 κεῖται.
2924 4878 2951 4907 ››

2170 4942 2362 4996 Ἀπόκ.
2393 4942 2539 5011 Ῥίζα
2589 4942 2730 4997 ἐστὶν
2762 4945 2795 5013 ἠ
2849 4944 3046 5006 πίστις’
3090 4945 3152 4999 τὸ
3205 4942 3443 5022 δένδρον,
3477 4946 3506 4998 6
3539 4942 3763 5019 ἅνθρωο

2096 5050 2216 5091 ποςο
2252 5033 2286 5099 ἡ
2320 5030 2494 5102 ἀξίνη,
2518 5032 2581 5087 τὸ
2610 5037 2707 5087 τοῦ
2741 5033 3030 5105 ἀνθρώπου
3060 5031 3239 5095 τέλος.

2166 5118 2349 5193 Ἑτέρα
2399 5121 2469 5189 η’.
2504 5146 2524 5171 α
2561 5122 2888 5195 ’Ἄνθρωπός
2918 5143 3000 5184 τις
3051 5116 3379 5195 ᾠκοδόμησε
3423 5122 3522 5190 τήν
3578 5121 3758 5177 οἰκίαν

2096 5206 2259 5262 αὐτοῦ
2310 5206 2396 5261 ἐπὶ
2440 5209 2540 5276 τὴν
2591 5208 2811 5285 πέτραν.
2853 5234 2872 5259 υ
2907 5210 2996 5271 Τίς
3041 5211 3068 5264 ὁ
3112 5209 3398 5286 ἄνθρωπος
3432 5228 3447 5279 ;
3480 5211 3538 5263 '0
3596 5208 3759 5286 ἅγιος

2096 5297 2315 5373 Πέτρος·
2374 5296 2560 5371 πέτρα,
2619 5300 2646 5352 ὁ
2698 5299 2951 5373 Χριστός
3004 5300 3168 5368 οἰκία,
3216 5301 3250 5371 ἠ
3301 5298 3501 5363 πίστις·
3550 5298 3759 5374 ἄνεμος

892 5427 936 5464 ίο
967 5425 1172 5482 Matth.
1205 5443 1363 5497 xvm,
1395 5426 1525 5499 23._
1550 5424 1849 5499 .“_Matth.
1883 5442 2000 5499 xxx,
2030 5426 2122 5498 28,
2148 5426 2239 5482 29.
2319 5426 2365 5461 ¹²
2397 5426 2535 5483 Luc.
2559 5444 2659 5499 x11,
2696 5428 2781 5483 16.
2864 5428 2907 5462 ¹³
2927 5427 3132 5485 Matth.
3156 5444 3272 5496 xxx,
3294 5427 3382 5483 20.
3465 5429 3510 5463 “
3540 5428 3754 5487 Matth.

398 5648 534 5723 (80")
561 5644 652 5706 Τίς
686 5644 712 5697 ὁ
742 5643 807 5695 τὰ
828 5640 1012 5697 ἕκατον
1047 5637 1293 5717 δηνάρια.
1327 5640 1545 5714 Supple
1577 5638 1830 5720 ὀφείλων.
1865 5642 1995 5699 EDI'I

2136 5658 2300 5698 TROL.
