2048 3106
183 183 244 213 ⁸713

821 182 1079 220 ΟΠΕΒἮΟΝΕΒ
1102 183 1141 214 IN
1164 186 1201 214 N.
1224 183 1260 214 'l‘.

1827 186 1887 216 ’ΠΙ

185 250 201 276 ὁ
216 246 358 280 διάϐολος.
375 249 406 278 Ὁ
426 248 455 276 δὶ
477 247 520 276 ἐπὶ
543 248 592 284 τήν
616 249 708 286 ἄμμον
734 248 918 286 οἰκοδομήσας
943 249 1008 278 Ἰού-

1074 250 1154 278 Dolus
1168 253 1221 279 est.
1238 251 1291 284 Qui
1307 258 1373 278 vero
1383 258 1472 286 super
1486 258 1605 278 arenam
1615 250 1778 283 aadilicavit,
1793 251 1886 279 Judas

185 291 245 324 δας·
260 292 353 329 ἄμμος
368 293 419 331 γάρ
436 292 507 321 ἐστιν
522 294 538 328 ἠ
554 293 683 331 ἀκαρπία.

222 336 316 372 Ἄλλη
332 338 365 369 θ’.
385 350 395 363 ιι
413 338 553 375 Ὡμοιώθη
569 339 587 373 ἡ
605 338 729 376 βασιλεία
751 341 804 366 τῶν
829 338 948 376 οὐρανῶν
965 338 1010 365 ἆν-

187 382 291 420 θρώπῳ
317 381 436 420 βασιλεῖ,
461 381 535 413 ὅστις
561 382 672 418 ἐποίησε
694 385 798 421 γάμους
820 382 860 419 τῷ
885 383 937 419 υἱῷ
963 382 1010 410 αὐ-

186 429 246 456 τοῦ.
264 439 279 452 ››
294 425 339 457 Τίς
362 427 376 454 ὁ
397 426 526 464 βασιλεύς
541 437 548 461 ς
565 427 579 454 6
603 427 678 458 Θεός.
701 428 749 458 Τίς
774 428 788 455 6
813 427 871 458 υἱός
887 436 894 462 ;
910 427 925 455 6
949 430 1012 463 Χρι-

186 471 261 502 στός,
276 471 355 502 Τίνες
379 471 406 498 οἱ
426 470 592 508 κεκλημένοι
608 481 615 507 ;
631 475 769 510 προφῆται
789 472 834 499 καὶ
850 471 1010 499 ἀπόστολοι.

187 515 267 546 Τίνες
292 515 318 543 οἱ
346 515 544 551 ἀπαντήσαντες
561 526 567 550 ;
584 516 610 543 οἱ
639 515 778 544 Ἰουδαῖοι.
805 516 878 547 Τίνες
907 516 934 542 οὶ
958 525 1009 542 πα-

187 561 366 599 ραγινόμενοι
383 570 390 594 ;
407 561 434 587 οἱ
449 559 474 596 ἐξ
490 560 584 589 ἐθνῶν.
600 560 644 592 Τίς
660 561 673 588 6
692 561 729 597 μή
746 560 819 598 ἔχων
842 559 942 597 ἔνδυμα
960 560 1011 598 γά-

189 605 297 642 μου;ὁ
315 603 428 640 Ἰούδας,
453 605 498 632 καὶ
523 605 548 632 οἱ
576 606 633 633 κατ’
663 605 742 633 αὐτὸν
770 605 884 640 ἀναξίως
910 604 1012 640 ἐπιπη-

187 649 289 681 δῶντες
305 649 342 681 εἷς
357 650 390 677 τὰ
405 648 479 687 ἅγια.

223 694 318 729 ’Ἄλλη
349 695 375 722 ι’.
405 706 419 720 ‹‹
448 694 529 721 Εἶπεν
557 694 572 721 6
601 694 698 733 Κύριος
725 695 793 731 πρὸς
820 694 866 721 τὸν
898 694 1010 731 Πέτρον*

186 738 308 767 "Am-.105
330 739 368 769 εἱς
391 739 442 773 τήν
467 738 613 773 θάλασσαν,
637 738 682 766 καὶ
708 738 775 777 βάλε
798 737 951 777 ἄγκιστρον,
967 737 1012 766 καί

185 784 233 811 τὸν
263 781 398 811 ἀναϐάντα
425 785 532 821 πρῶτον
561 783 639 821 ἰχθὺν
669 784 744 821 ἆρον,
773 784 818 810 καὶ
848 784 954 819 ἀνοίξας
981 783 1012 810 τὸ

186 829 278 865 στόμα
306 827 399 861 αὐτοῦ,
427 827 549 865 ειῗιρήσεις
580 831 716 865 στατῆρα.
747 828 849 855 Τοῦτον
879 826 925 859 δὸς
954 827 1013 855 ἀντὶ

186 874 257 911 ἐμοῦ
286 874 331 901 καὶ
360 876 418 902 σοῦ.
435 885 450 899 ››
465 873 509 904 Τίς
537 874 554 908 ἡ
584 873 728 907 Θάλασσα;
752 874 767 900 6
786 873 901 910 κόσμος.
928 873 959 901 Τί
981 874 1013 901 τὸ

187 919 356 957 ἄγκιστρον;
386 919 401 946 ὁ
427 918 512 955 λόγος
540 920 588 945 τοῦ
617 920 695 968 ῥεοῦζ
726 917 859 968 Ἰχβὺςμὸ
887 917 1013 968 Χριστός.
1030 935 1054 968 Β

189 964 300 1001 Στατὴρ
316 963 330 990 6
350 963 463 1000 σταυρὸς
487 964 535 990 τοῦ
560 962 670 1000 Κυρίου,
686 961 712 990 ἐν
728 963 751 998 ᾧ
766 961 867 999 ἔμελλε
890 962 1014 993 κάκεῖνος

186 1008 390 1045 σταυρωθῆναι,
405 1006 451 1034 καὶ
467 1007 481 1034 6
498 1006 611 1044 Πέτρος.

224 1051 320 1089 Ἑτέρα
335 1052 378 1079 ια’.
411 1064 423 1079 α
443 1051 604 1089 ’Ἄνθρωπός
629 1061 670 1082 τις
702 1051 760 1089 εἶχε
785 1050 833 1079 δύο
859 1050 945 1087 υἱοὺς,
969 1050 1015 1078 καὶ

187 1097 263 1123 εἶπεν
279 1097 293 1123 6
308 1095 438 1134 νεώτερος
457 1095 544 1123 αὐτῶν
564 1098 604 1131 τῷ
628 1095 719 1132 πατρί·
740 1096 835 1132 Πάτερ,
852 1093 898 1126 δός
925 1106 982 1132 μοι.
999 1107 1014 1121 ››

188 1141 239 1171 Τίς
255 1141 269 1168 6
284 1140 425 1177 ἄνθρωπος
443 1150 450 1174 ;
467 1140 481 1167 6
497 1140 571 1170 Θεός.
588 1140 622 1168 Οἱ
643 1139 691 1167 δύο
716 1139 770 1167 υἱοί
789 1149 796 1174 ;
813 1140 838 1167 οἱ
854 1138 954 1168 δίκαιοι
971 1139 1015 1167 καὶ

187 1186 215 1212 οἱ
231 1183 403 1223 ἁμαρτωλοί.
419 1185 558 1222 Navii-rapo:
585 1185 641 1215 υἱὸς
666 1185 680 1212 6
698 1185 748 1219 τὴν
772 1185 886 1222 γνώμην
903 1182 1015 1211 ἄστατον

186 1227 276 1267 ἔχων.
291 1229 327 1256 Τὸ
341 1227 492 1257 ἐπιϐάλλον
513 1229 606 1266 μέρος,
623 1230 656 1256 τὰ
680 1228 762 1266 λόγια
776 1231 824 1256 τοῦ
848 1231 915 1256 Θεοῦ
929 1228 974 1256 καὶ
989 1229 1016 1256 αἱ

187 1273 299 1302 ἐντολαὶ
315 1273 407 1302 αὐτοῦ.

225 1318 319 1353 ’Ἄλλη
337 1318 382 1356 ιβ’.
405 1330 420 1344 ‹‹
438 1317 599 1354 Ἀνθρωπος
621 1327 664 1349 τις
688 1317 797 1355 εὖγενής
822 1316 954 1355 ἐπορεύθη
979 1316 1017 1347 είς

188 1362 286 1401 χώραν
304 1362 419 1399 μακρὰν,
435 1364 483 1389 τοῦ
499 1359 592 1389 λαϐεῖν
617 1361 766 1400 βασιλείαν.
784 1374 798 1388 ››
814 1363 986 1397 Ἄνθρωπος,
1002 1361 1016 1388 6

189 1408 269 1439 θεό<’
286 1407 366 1445 χώρα
391 1407 510 1444 μαράἡ
532 1406 577 1434 ἐπί
597 1410 648 1444 γῆς
672 1407 807 1445 παρουσία
831 1405 922 1434 αὐτοῦ·
941 1406 1016 1442 βασι-

190 1451 254 1480 λεία
277 1453 295 1486 ἡ
320 1450 431 1489 δευτέρα
452 1451 596 1487 παρουσία·
618 1451 644 1478 οἱ
660 1450 756 1479 δοῦλοι
782 1451 808 1478 οἱ
824 1454 973 1490 προφῆται,
991 1450 1017 1477 οἱ

192 1495 357 1530 ἀπόστολοι,
372 1496 417 1522 καὶ
433 1495 459 1522 οἱ
476 1496 620 1533 μάρτυρες,
635 1498 665 1523 Ἡ
683 1494 711 1523 δὲ
727 1499 780 1532 μνᾶ
804 1495 873 1523 ἐστιν
889 1496 906 1530 ἡ
924 1495 1016 1532 χάρις,

190 1542 223 1576 ἦν
240 1539 335 1569 ἔλαϐεν
350 1538 465 1574 Ἰούδας,
481 1539 585 1577 ὁμοίως
601 1540 645 1568 καὶ
660 1541 691 1567 τὸ
704 1541 846 1568 τάλαντον.

1065 296 1110 323 est
1126 304 1133 329 ;
1149 303 1238 323 arena
1254 295 1401 330 siquidem
1416 297 1462 323 est
1477 294 1628 323 sterilitas.

1100 341 1170 367 ΑιιΑ
1184 340 1228 367 ΙΧ.
1246 350 1256 363 ι
1273 339 1373 367 Simile
1387 341 1496 367 factum
1525 342 1570 367 est
1591 348 1715 375 regnum
1742 339 1882 367 c-nlorum

1065 382 1178 411 homini
1193 383 1265 419 regi,
1281 384 1332 419 qui
1360 383 1482 419 nuptias
1497 384 1648 419 apparavit
1665 383 1723 410 lilio
1752 392 1805 411 suo
1823 384 1853 410 Π.
1870 395 1884 409 ››

1066 428 1137 460 Quis
1151 427 1200 455 ille
1215 436 1263 456 rex
1273 428 1286 455 ‘I
1301 428 1388 455 Deus.
1404 428 1475 460 Quis
1489 428 1590 456 ﬁlius?
1603 428 1746 455 Christus.
1764 428 1888 460 Quinam

1065 474 1149 500 erant
1162 472 1254 500 vocati
1266 477 1277 499 !
1292 472 1439 508 prophetes
1453 475 1482 500 et
1495 472 1628 512 apostoli.
1641 473 1764 505 Quinam
1781 473 1890 500 abnue-

1066 516 1159 544 bant?
1173 516 1277 545 Judaei.
1293 517 1348 549 Qui
1376 525 1441 545 vero
1456 517 1618 545 venerunt?
1634 517 1661 544 bi
1677 518 1724 552 qui
1756 519 1840 545 erant
1854 525 1889 544 ex

1065 561 1212 597 gentibus.
1230 561 1300 593 Quis
1325 569 1381 589 non
1409 561 1538 589 habebat
1561 562 1719 597 nuptialem
1751 560 1887 589 vestem?

1065 605 1169 638 Judas.
1185 607 1213 633 et
1227 605 1288 641 qui,
1304 606 1554 641 quemadmodum
1570 606 1643 641 ipse,
1661 607 1696 633 ad
1720 608 1820 634 sancta
1840 606 1888 632 in-

1067 650 1155 686 digne
1169 650 1337 686 prosiliunt.

1102 700 1173 722 ALIA
1186 694 1219 722 X.
1239 706 1250 719 ι
1266 695 1342 722 Dixit
1361 694 1504 723 Dominus
1533 695 1570 723 ed
1600 695 1719 722 Petrum
1737 703 1743 722 ί
1760 695 1838 722 Vade
1853 694 1889 721 ad

1067 742 1190 774 mare,et
1200 740 1321 767 hamum
1337 740 1456 775 projioe,
1473 739 1661 775 primumque
1683 740 1732 775 qui
1748 746 1891 775 egressus

1067 784 1155 811 fuerit
1170 784 1279 820 piscem
1294 792 1376 820 cape,
1392 784 1456 819 ejus
1471 786 1570 820 aperto
1586 792 1645 817 ore,
1660 784 1892 811 statereminve—

1068 828 1142 863 nies,
1158 827 1237 856 hunc
1252 836 1303 864 pro
1320 836 1367 856 me
1381 828 1448 855 dato
1467 832 1495 856 et
1510 836 1561 864 pro
1577 831 1605 856 te
1622 829 1652 855 ιε.
1671 840 1684 853 ››
1702 829 1782 862 Quod
1812 835 1893 855 mare

1067 872 1140 900 illud
1169 872 1232 901 est?
1248 872 1397 907 mundus;
1413 872 1530 906 hamus,
1557 873 1678 901 verbum
1701 873 1751 901 Dei
1767 886 1773 906 ;
1791 871 1891 908 piscis,

1068 917 1202 945 Christus
1217 926 1224 951 ;
1237 920 1413 951 βίαιοι-,οισι
1425 916 1554 952 Domini,
1566 917 1595 945 in
1611 926 1669 953 qua
1685 922 1713 945 et
1724 918 1787 953 ipse
1799 916 1892 945 cruci-

1069 962 1206 998 ﬁgendus
1216 964 1288 996 erat,
1304 963 1333 990 et
1347 964 1460 990 Petrus.

1105 1052 1181 1081 259
1210 1052 1279 1079 Anu
1305 1051 1353 1079 XI.
1372 1062 1382 1076 ι
1400 1051 1492 1079 Homo
1521 1051 1641 1087 quidam
1664 1052 1738 1079 duos
1767 1053 1894 1081 habebat

1071 1096 1158 1132 ﬁlios,
1174 1096 1253 1124 Dixit
1268 1096 1364 1124 minor
1388 1099 1460 1124 natu
1476 1096 1512 1124 ad
1543 1098 1655 1131 patrem
1672 1105 1759 1124 suum
1776 1107 1781 1125 ε
1800 1098 1892 1133 Pater,

1071 1141 1109 1168 da
1137 1140 1278 1168 mihi”.s
1304 1140 1372 1172 Quis
1396 1139 1444 1168 ille
1471 1140 1582 1168 homo?
1603 1141 1689 1169 Deus.
1720 1142 1782 1169 Duo
1810 1143 1861 1169 lilii
1881 1143 1895 1169 ’ἔ

1066 1184 1143 1221 justi
1157 1187 1186 1212 et
1201 1186 1377 1221 peccatores.
1394 1183 1487 1212 Filius
1512 1184 1609 1213 minor
1624 1188 1705 1218 natu,
1721 1187 1770 1222 qui
1797 1190 1894 1215 mente

1071 1232 1115 1257 est
1129 1229 1270 1257 instabili.
1287 1229 1360 1257 Pars
1375 1228 1459 1257 illum
1488 1237 1676 1263 concernens,
1692 1234 1761 1258 sunt
1775 1231 1894 1267 eloquia

1071 1275 1101 1300 et
1116 1273 1256 1300 mandata
1266 1272 1327 1300 Dei.

1106 1318 1176 1344 ALlA
1190 1316 1251 1345 XII.
1269 1328 1283 1342 ‹‹
1300 1316 1392 1344 Homo
1408 1316 1528 1352 quidem
1540 1317 1612 1345 abiit
1628 1319 1655 1345 in
1672 1320 1818 1354 regionem
1832 1320 1894 1347 lon-

1071 1361 1213 1396 ginquam
1229 1361 1264 1389 ad
1286 1361 1488 1396 accipiendum
1511 1369 1634 1397 regnum
1651 1364 1682 1389 ²⁰.
1701 1375 1714 1387 υ
1731 1366 1822 1391 Homo
1847 1364 1895 1391 ille

1071 1405 1149 1434 Deus
1177 1408 1231 1433 est.
1257 1405 1430 1441 Longinqus
1443 1405 1523 1441 regio
1538 1409 1583 1433 est
1609 1407 1752 1434 adventus
1780 1409 1844 1443 ejus
1865 1409 1895 1435 in

1072 1452 1191 1478 terram.
1208 1450 1352 1485 Regnum,
1374 1450 1523 1478 secundus
1551 1451 1616 1486 ejus
1645 1452 1799 1480 adventus.
1817 1453 1896 1480 Servi

1072 1497 1142 1522 sunt
1157 1494 1316 1530 prophetae,
1332 1493 1457 1530 apostoli
1476 1497 1505 1522 et
1529 1502 1682 1531 martyres.
1700 1496 1768 1524 Mne
1797 1500 1895 1525 autem

1071 1542 1116 1567 est
1125 1539 1229 1574 gratia,
1245 1547 1335 1574 quam
1350 1541 1501 1574 acceperat
1514 1539 1607 1567 Judas
1624 1548 1630 1567 :
1649 1541 1785 1568 similiter
1808 1542 1896 1569 etiam

1072 1583 1227 1611 talentum.

228 1628 321 1664 ’Ἄλλη
411 1640 425 1655 (ι
440 1628 598 1666 Ἄνθρωπός
621 1639 663 1660 τις
688 1618 829 1668 ἐφότευσεν
854 1628 1014 1665 ἀμπελῶνα,

1108 1631 1179 1656 Anu
1188 1628 1262 1655 XIII.
1279 1638 1294 1653 «
1307 1627 1398 1655 Homo
1413 1627 1534 1663 quidam
1559 1628 1700 1664 plantavit
1724 1630 1851 1665 vineam,
1867 1633 1896 1658 et

189 1674 236 1702 καὶ
253 1674 379 1712 φραγμὸν
403 1673 475 1709 αὐτῷ
499 1674 700 1709 περιέθηκεν.»
724 1674 881 1711 ’Άνθρωπος
906 1674 921 1700 6
940 1673 1016 1704 Θεός·

190 1717 325 1755 ἆμπιλὼν
341 1718 355 1744 6
378 1717 492 1754 κόσμος·
509 1719 526 1752 ὴ
550 1717 633 1753 ληνὸς
656 1718 687 1745 τὸ
715 1717 863 1755 βάπτισμα·
880 1718 894 1744 6
916 1717 1018 1755 πύργος

190 1765 210 1797 ἡ
225 1763 327 1793 πίστις·
344 1762 370 1789 οἱ
385 1762 501 1800 γεωργοὶ
523 1763 548 1789 οἱ
574 1761 711 1791 Ἰουδαῖοι·
737 1763 764 1789 οἱ
788 1761 883 1789 δοῦλοι
907 1765 1016 1800 προφῆ-

189 1818 248 1841 ται,
262 1806 423 1842 ἀπόστολοι,
448 1806 492 1834 καὶ
514 1805 655 1844 μάρτυρες.
681 1806 729 1834 Καὶ
744 1806 899 1834 ἀπέστειλεν
919 1805 1017 1837 αὐτοὺς

193 1851 321 1889 κηρύξαι,
351 1851 395 1878 καὶ
420 1851 575 1878 ἀπέκτειναν
602 1850 711 1882 αὐτούς’
741 1850 869 1882 ὡσαύτως
897 1850 942 1878 καὶ
970 1851 1016 1878 τὸν

195 1898 333 1933 μονογενῆ
356 1895 418 1922 Υἱὸν
441 1895 486 1922 καὶ
509 1896 595 1933 Λόγον
619 1897 667 1922 τοῦ
692 1897 769 1929 Θεοῦ,
794 1896 839 1922 καὶ
864 1895 969 1932 ἐπήρθη
990 1894 1016 1930 ἐξ

188 1940 278 1967 αὐτῶν
294 1941 313 1974 ἡ
331 1939 466 1976 βασιλεία,
493 1939 538 1966 καὶ
556 1938 635 1975 ἐδόθη
652 1939 810 1976 Ῥωμαίοις;
834 1942 892 1970 τοῖς
907 1941 1015 1967 ποιοῦσι

187 1984 254 2015 τοὺς
282 1983 403 2020 καρποὺς
431 1983 514 2018 αὐτῆς
532 2006 538 2012 .
569 1984 651 2011 Αὐτοὶ
681 1982 709 2011 δὲ
736 1984 814 2011 κακοὶ
842 1987 932 2015 κακῶς
963 1984 1014 2011 ἀπ-

189 2029 297 2057 ώλοντο
324 2027 369 2056 διὰ
390 2028 441 2063 τὴν
467 2028 590 2056 ἀπιστίαν
613 2027 700 2056 αὐτῶν
717 2028 761 2056 καί
784 2028 1012 2066 σκληροκαρδίαν.

226 2072 320 2108 νΔλλη
347 2071 390 2101 ιδ’.
408 2084 422 2098 (ι
438 2072 565 2108 Ἐξῆλθεν
590 2073 605 2100 6
627 2073 743 2110 σπείρων
763 2075 812 2100 τοῦ
838 2076 945 2110 σπεῖραι
967 2073 1013 2100 τὸν

190 2118 292 2154 σπόρον
309 2117 402 2145 αὐτοῦ.
420 2129 435 2143 ››
450 2118 481 2146 ὐ
495 2117 596 2155 σπόρος
621 2117 690 2144 ἐστὶν
708 2118 722 2144 6
738 2117 821 2154 λόγος
844 2120 892 2145 τοῦ
907 2120 983 2145 Θεοῦ·
1000 2118 1014 2145 6

189 2162 344 2198 περιπεσὼν
367 2162 405 2192 εἰς
429 2162 480 2196 τήν
505 2161 620 2193 ἄκανθαν
645 2162 659 2189 6
686 2160 798 2193 Ἰούδας-
825 2161 950 2194 ἀπελθὼν
964 2163 1014 2199 γὰρ

190 2206 343 2243 ἀπήγξατο,
373 2206 418 2233 καὶ
446 2205 480 2233 τὰ
507 2206 617 2233 πετεινὰ
639 2208 687 2234 τοῦ
716 2206 835 2244 οὖροινοῦ
863 2207 1014 2246 κατὲφαγον

189 2251 282 2278 αὐτόν·
297 2251 329 2278 τὸ
351 2249 380 2278 δὶ
404 2250 447 2278 ἐπὶ
470 2251 520 2286 τὴν
544 2254 596 2289 γῆν
621 2251 670 2285 τήν
696 2251 798 2288 ἀγαθὴν
823 2252 849 2278 οἳ
873 2253 1015 2290 προφῆται

188 2295 236 2323 καὶ
252 2294 414 2323 ἀπόστολοι.

226 2339 320 2375 Ἄλλη
338 2340 377 2368 ιε’.
393 2352 408 2366 ι(
424 2338 587 2378 ’Ἄνθρωπός
608 2350 650 2371 τις
672 2337 826 2368 κατέϐαινεν
848 2340 900 2368 ἀπὸ
914 2341 1015 2378 Ἰερου-

191 2383 288 2420 σαλὴμ
314 2383 352 2415 εἰς
376 2384 496 2422 Ἱεριχὼ,
524 2383 569 2411 καὶ
595 2383 706 2420 λῃσταῖς
730 2384 896 2421 περιέπεσεν.
915 2395 930 2410 »
950 2385 1016 2412 'Av-

190 2434 304 2465 θρωπος
317 2428 331 2455 ὀ
348 2426 445 2465 Ἀδάμ·
471 2427 653 2465 Ἰερουσαλὴμ
674 2428 688 2455 6
714 2426 887 2466 παράδεισος·
908 2429 1016 2466 Ἱεριχὼ

191 2472 333 2509 δκόσμος·
351 2472 450 2510 λῃσταὶ
476 2473 501 2500 οἱ
525 2472 642 2510 πονηροί
667 2472 800 2510 λογισμοὶ
824 2473 868 2500 καὶ
888 2474 906 2508 ἡ
931 2474 1016 2510 παρά-

192 2514 284 2548 ϐασις·
310 2516 398 2553 ἱερεὺς
419 2517 445 2544 οἱ
469 2519 618 2556 προφῆται·
644 2517 758 2552 Λευὶτης
774 2517 788 2544 6
805 2517 947 2548 Μωσαϊκὸς
971 2517 1018 2544 νό-

193 2571 257 2598 μος·
283 2561 457 2599 Σαμαρείτης
486 2561 500 2588 6
529 2558 665 2599 Χριστός·
695 2560 787 2589 ἔλαιον
816 2561 861 2589 καὶ
892 2562 964 2593 οἶνος
987 2562 1019 2589 τὸ

192 2606 288 2642 τίμιον
312 2608 392 2642 σῶμα
406 2606 450 2632 καὶ
478 2605 555 2642 αἷμα,
572 2605 663 2633 καὶτὸ
679 2606 754 2643 ἅγιον
772 2606 921 2643 βάπτισμα·
937 2607 968 2634 τὸ
992 2605 1021 2634 δὶ

191 2648 358 2688 πανδοχεῖον
383 2650 401 2684 ἡ
425 2649 582 2685 Ἐκκλησία·
599 2650 614 2677 6
637 2648 790 2688 πανδοχεὺς
815 2651 830 2678 6
854 2650 928 2688 ἅγιος
948 2653 1021 2680 Παῦ-

192 2693 256 2726 λος·
271 2687 305 2722 τᾶ
318 2693 367 2722 δύο
384 2687 509 2733 δηνάρια,
534 2695 551 2729 ἡ
575 2693 682 2722 Παλαιὰ
700 2687 745 2722 καί
770 2696 787 2729 ἡ
811 2694 864 2722 Νὲα
878 2687 1020 2731 νΔιαθήκη.

231 2803 253 2821 ¹⁷
269 2803 375 2831 Matth.
391 2811 462 2836 xvu,
476 2802 503 2830 2,
540 2838 543 2839 ν
602 2803 623 2822 ί¹
644 2803 747 2832 Matth.
765 2811 833 2839 xvu,
849 2804 884 2833 26

193 2839 220 2858 ³³
234 2839 343 2869 Metili.
362 2847 425 2872 xm,
440 2839 467 2866 3.
524 2838 548 2856 ³⁸
563 2839 621 2867 ch
634 2847 685 2868 xu.
702 2839 745 2868 19.

360 2902 492 2934 ΡΑτιλοι..
516 2902 571 2934 Gn.
596 2903 735 2936 XXVIII.

967 2804 990 2823 ¹⁹
1004 2804 1072 2833 an.
1098 2813 1143 2839 xv,
1165 2806 1204 2834 I2.

1073 1681 1173 1708 sepem
1198 1672 1224 1701 ei
1254 1672 1447 1700 circumdedit
1457 1672 1491 1699 ’1.
1509 1683 1524 1697 υ
1540 1672 1631 1701 Homo
1647 1674 1694 1701 ille
1728 1677 1770 1702 cst
1802 1675 1896 1709 Deus;

1071 1718 1167 1752 vinea,
1184 1718 1326 1745 mundus.
1352 1716 1502 1751 Torculur,
1518 1720 1564 1745 est
1592 1718 1779 1753 baptismus;
1796 1720 1895 1753 turris,

1072 1762 1145 1790 ﬁdes
1161 1762 1324 1797 :agricolm,
1341 1763 1412 1789 sunt
1425 1761 1537 1790 Judaei:
1554 1763 1627 1790 servi
1654 1764 1809 1798 prophetae,
1825 1772 1895 1798 apu-

1072 1806 1139 1835 stoli
1155 1809 1183 1834 et
1199 1810 1352 1843 martyres.
1368 1807 1404 1834 Et
1417 1806 1470 1835 hoe
1499 1807 1581 1835 misit
1600 1811 1632 1834 ut
1649 1808 1850 1842 pradicarent,
1867 1811 1896 1835 et

1071 1851 1240 1879 occiderunt
1253 1859 1304 1879 eos
1316 1860 1322 1879 :
1336 1852 1471 1881 similiter
1481 1853 1569 1880 etiam
1582 1852 1763 1886 unigenitum
1777 1852 1891 1886 Filium,

1071 1896 1121 1931 qui
1137 1898 1182 1923 est
1192 1895 1319 1923 Verbum
1343 1896 1393 1924 Dei
1411 1906 1417 1924 :
1434 1899 1463 1924 et
1478 1896 1608 1923 ablatum
1633 1896 1668 1922 ab
1687 1896 1757 1930 ipsis
1783 1898 1826 1922 est
1846 1904 1891 1923 re-

1070 1947 1162 1975 gnum
1175 1942 1204 1967 et
1218 1940 1320 1967 datum
1343 1943 1388 1968 est
1406 1941 1556 1972 Romanis.
1570 1940 1619 1974 qui
1651 1940 1762 1966 faciunt
1779 1939 1892 1967 fructus

1070 1985 1144 2018 ejus.
1162 1984 1221 2019 Ipsi
1237 1992 1302 2012 vero
1318 1985 1396 2017 mali,
1413 1984 1490 2012 male
1505 1984 1664 2020 perierunt,
1682 1986 1798 2019 propter
1813 1983 1891 2018 ipso-

1070 2037 1135 2056 rum
1151 2028 1384 2056 incredulitatem
1401 2032 1430 2056 et
1444 2028 1581 2056 duritiem
1592 2029 1699 2055 cordis.

1104 2074 1172 2100 ALIA
1187 2071 1259 2100 XIV.
1273 2083 1287 2097 ι(
1305 2073 1407 2106 Exivit,
1423 2073 1473 2108 qui
1489 2073 1615 2101 seminat
1631 2074 1665 2099 ad
1682 2073 1890 2100 seminandum

1070 2124 1170 2145 semen
1186 2125 1274 2144 suum
1288 2117 1321 2145 ²².
1338 2128 1352 2142 ι»
1370 2117 1474 2145 Semen
1490 2119 1534 2145 est
1548 2117 1668 2144 verbum
1689 2117 1746 2144 Dei.
1764 2117 1844 2150 Quod
1859 2117 1891 2145 in

1067 2161 1169 2196 spinas
1183 2161 1457 2198 cecidit,Judns,qui
1473 2162 1575 2189 abiens
1590 2162 1779 2197 semetipsum
1793 2165 1889 2189 stren-

1069 2204 1190 2241 gulavit.
1207 2208 1235 2233 et
1261 2205 1392 2233 volucres
1408 2205 1472 2233 caeli
1488 2206 1664 2233 devorarunt
1692 2214 1771 2233 eum.
1787 2208 1891 2232 Semen

1068 2262 1136 2281 vero
1151 2254 1227 2289 quod
1245 2254 1351 2282 cecidit
1363 2255 1393 2282 in
1408 2257 1518 2283 terram
1530 2256 1647 2287 bonam,
1661 2254 1807 2289 prophetae
1824 2256 1894 2281 sunt

1032 2298 1055 2330 D
1071 2301 1101 2326 et
1111 2298 1244 2334 apostoli.

1105 2344 1175 2371 ALIA
1190 2342 1247 2371 XV.
1266 2354 1280 2369 ιι
1296 2344 1387 2372 Homo
1404 2344 1527 2380 quidam
1544 2344 1580 2371 ab
1594 2344 1757 2371 Jerusalem
1774 2344 1895 2371 descen-

1071 2387 1159 2415 debat
1170 2387 1296 2422 Jericbo,
1313 2391 1341 2415 et
1356 2388 1460 2416 incidit
1474 2389 1504 2416 in
1518 2388 1645 2416 latrones
1658 2389 1689 2414 ³³.
1709 2400 1719 2412 ι›
1742 2388 1833 2415 Homo
1849 2388 1898 2415 ille

1071 2435 1116 2460 est
1127 2432 1218 2459 Adam
1230 2444 1236 2465 ς
1248 2432 1424 2465 Jerusalem,
1434 2432 1605 2468 paradisus:
1618 2432 1743 2464 Jericho,
1757 2433 1896 2465 mundus;

1072 2476 1213 2510 latrones,
1225 2479 1295 2503 sunt
1315 2476 1397 2504 mala;
1424 2477 1615 2512 cogitationes
1632 2479 1659 2503 et
1680 2476 1873 2511 transgressio
1891 2486 1897 2510 ;

1073 2521 1218 2553 sacerdos,
1234 2520 1381 2556 prophetes
1395 2529 1401 2552 ;
1420 2521 1531 2555 levites,
1549 2521 1672 2548 Mosaica
1690 2520 1753 2554 lex;
1769 2521 1897 2547 Samari~

1073 2568 1171 2598 tenus,
1188 2564 1341 2598 Christus;
1359 2565 1455 2592 oleum
1472 2567 1501 2591 et
1525 2565 1636 2599 vinum,
1655 2565 1816 2599 pretiosum
1833 2573 1897 2592 cor-

1075 2617 1131 2645 pus
1146 2611 1174 2636 et
1189 2609 1322 2644 sanguis,
1334 2611 1362 2636 et
1372 2611 1508 2636 sanctum
1523 2609 1689 2644 baptisma;
1707 2609 1897 2636 diversorium

1075 2655 1174 2681 autem
1199 2655 1244 2680 est
1271 2652 1461 2686 Ecclesia;et
1486 2653 1604 2689 hospes,
1620 2657 1741 2681 sanctus
1771 2653 1898 2687 Paulus;

1078 2697 1137 2726 duo
1152 2697 1265 2725 denarii
1280 2700 1349 2726 sunt
1371 2698 1462 2726 Vetus
1479 2700 1507 2726 et
1526 2697 1638 2726 Novum
1666 2698 1899 2727 Testamentum.

1293 2807 1314 2824 ²⁰
1336 2807 1400 2834 Luc.
1427 2815 1486 2841 XIX,
1501 2806 1546 2835 22.
1632 2807 1652 2824 ²¹
1667 2806 1769 2835 Matth.
1795 2814 1850 2833 κω.
1867 2805 1902 2832 33

1702 2906 1740 2935 23
