2048 3106
160 181 216 211 ⁵111

796 181 1055 217 ΟΗᾸΣΞΊῚΟΝΕΕ
1079 184 1117 214 ΙΝ
1141 185 1177 214 Ν.
1201 185 1237 215 Τ.

1810 191 1869 219 718

159 247 346 284 Σαμιρειτῶψ
365 245 556 282 ὶτελεύτησαν,
583 246 641 283 μετ’
669 245 787 278 ἐκείνους
817 246 978 285 ὲπόρνευσενη

1043 249 1136 286 legem
1154 251 1266 286 habuit,
1283 251 1389 279 mortui
1415 253 1464 288 qui
1477 253 1539 288 jam
1559 255 1660 286 erant;
1688 256 1787 289 postea
1804 264 1869 283 vero

160 289 249 322 οὐδεὶς
264 290 314 329 γὰρ
330 291 400 328 πρὸς
415 289 499 325 αὐτὴν
515 291 552 321 ὡς
569 288 688 327 νὸμιμον
708 293 823 329 γυναῖκα
845 293 987 331 προσεγγί-

160 338 212 370 ζειν
229 333 376 370 ἠϐούλετο.
394 335 499 370 Ἐκείνη
516 333 545 362 δὲ
562 336 600 371 μή
618 336 735 374 φέρουσα
757 335 913 373 χαλινῶσαι
937 337 985 372 τὴν

159 380 315 416 ἐπιθυμίαν,
331 379 468 417 λαθραίως
484 379 542 418 εἶχε
556 380 601 407 τὸν
618 381 785 417 πορνεύονται
807 381 865 417 μετ’
891 381 985 417 αὐτῆς,

158 425 202 452 καὶ
218 424 268 452 οὐκ
282 425 316 459 ἦν
332 424 393 452 οὕτε
407 425 557 463 περιφανὴς
573 423 634 452 οὕτε
649 425 777 461 νόμιμος.
794 425 864 464 Εἶχε
886 424 915 453 δὲ
939 425 987 454 αὖ-

157 469 203 497 τὸν
220 468 305 507 ἄνδρα
319 471 457 507 κρυπτῶς.

193 568 290 605 Ἐρώτ.
327 565 377 595 κδ’.
417 565 491 598 Τίνες
527 567 592 595 εἰσὶν
630 567 758 603 ἀληθινοὶ
788 569 983 606 προσκυνηταὶ,

156 612 254 643 οἵτινες
282 613 352 648 μήτε
380 611 406 639 ἐν
431 614 471 648 τῷ
495 609 551 649 ὅρει
577 612 681 648 ἐκείνῳ,
705 613 775 648 μήτε
800 612 827 639 ἐν
852 613 985 651 Ἰερουσα-

157 656 230 694 λὴμ,
253 656 317 684 ἀλλ’
342 656 368 684 ἐν
393 655 525 693 πνεύματι
541 656 586 684 καὶ
601 656 715 693 ἀληθείᾳ
727 659 909 695 προσκυνοῦσι
937 658 983 685 τὸν

156 701 223 729 Θεόν
235 711 243 736 ;

193 745 290 774 ’Δπόκ.
311 745 395 774 Οὗτοί
407 745 473 773 εἰσιν
502 746 528 773 οἱ
553 745 579 772 ἐν
607 744 722 782 ἐρήμοις
750 745 796 773 καὶ
827 743 911 784 ὄρεσι,
938 745 983 774 καὶ

156 789 305 825 σπηλαίοις
330 790 375 817 καὶ
398 793 458 821 ταῖς
489 790 568 820 ὀπαῖς
606 791 656 825 τῆς
695 794 748 828 γῆς
782 793 982 825 κατοικοῦντες,

154 834 264 869 οἵτινες,
294 834 384 872 χωρὶς
413 834 544 869 συνάξεως
573 833 800 870 ἐκκλησιαστικῆς
831 833 865 862 δι’
894 832 981 873 ἔργων

153 880 260 917 ἀγαθῶν
276 879 341 915 Θείῳ
356 878 488 915 πνεύματι
505 878 700 917 φωτιζόμενοι,
726 878 752 906 ἐν
780 878 914 916 πνεύματι
936 879 981 906 καὶ

154 922 269 959 ἀληθείᾳ
293 925 474 961 προσκυνοῦσι
498 923 543 950 τὸν
569 922 632 950 Θεὸν
657 923 702 950 καὶ
724 922 827 961 Πατέρα
842 925 922 960 ἡμῶν
935 924 980 951 τὸν

153 967 181 994 ἰν
209 970 268 999 τοῖς
297 967 434 1005 οὐρανοῖς,
465 966 611 1003 ἐμέμπτως
640 967 760 1005 βιοῦντες
788 967 832 995 καὶ
857 970 896 1004 τῷ
924 969 983 1004 Θεῷ

152 1009 359 1051 εὖσεϐοφρόνως
399 1011 586 1050 λατρεύοντες,
624 1011 651 1039 ἐν
689 1012 761 1049 πάσῃ
791 1009 911 1048 εὐσεϐείᾳ
935 1012 981 1039 καὶ

151 1056 301 1092 σεμνότητι
316 1058 369 1083 τῶν
391 1056 492 1093 ἀρετῶν
516 1055 728 1092 διαλάμποντες,
753 1056 799 1083 καὶ
821 1056 871 1084 οὐκ
886 1055 980 1094 ἔχουσι

151 1111 250 1138 χρειαν
278 1100 426 1136 ἐκκλησίας
451 1100 468 1135 ἢ
491 1100 587 1135 τόπου,
603 1099 667 1128 ἀλλ’
683 1100 760 1128 αὐτοί
775 1100 884 1132 ἑαυτοὺς
900 1101 981 1132 ναοὺς

150 1147 295 1176 ποιοῦντες
309 1148 369 1176 ταῖς
394 1145 509 1182 ἀγαθαῖς
533 1144 680 1183 ἐργασίαις,
708 1145 733 1172 ἐν
749 1145 828 1173 παντὶ
843 1145 921 1182 τόπῳ
935 1145 981 1173 καὶ

149 1188 295 1228 πανταχοῖ)
311 1189 480 1227 εὐαρεστοῦσι
495 1189 526 1217 τὸ
540 1192 628 1226 Θεῖον,
644 1188 826 1221 ἀδιαλείπτως
851 1192 897 1217 καὶ
912 1189 981 1217 εἴλι-

147 1237 253 1271 χρινῶς
280 1233 359 1261 αὐτὸν
391 1233 581 1271 θεραπεύοντες
610 1234 694 1265 πάσας
722 1235 770 1266 τὰς
798 1235 903 1273 ἡμέρας
930 1238 981 1270 τῆς

150 1281 229 1313 ζωῆς
244 1278 343 1306 αὐτῶν.

187 1322 287 1360 Ἐρώτ.
304 1326 350 1351 κε’.
381 1323 414 1351 Τί
444 1323 526 1361 λέγει*
557 1335 571 1349 ι(
598 1322 657 1350 Ἐὰν
674 1321 721 1350 δύο
738 1323 814 1360 ὑμῶν
830 1324 980 1363 συμφωνή-

152 1377 239 1395 σωσιν
256 1366 300 1394 ἐπὶ
325 1370 376 1402 τῆς
403 1371 465 1405 γῆς,
490 1367 534 1395 ἐπὶ
563 1368 663 1399 παντὸς
686 1367 857 1406 πράγματος,
884 1367 915 1396 οὗ
935 1368 979 1395 ἐὰν

154 1412 335 1447 αἶτήσωνται,
350 1413 489 1449 γενήσεται
505 1411 596 1442 αὐτοῖς
609 1422 616 1446 ;
634 1424 648 1437 n

192 1456 293 1484 ’Δπόκ.
309 1456 434 1483 Τουτέστι
458 1455 520 1493 περὶ
550 1457 649 1487 παντὸς
674 1456 845 1495 πράγματος,
875 1458 906 1484 οὗ
936 1457 978 1485 ἰὰν

154 1502 328 1540 συμφωνήσῃ
349 1502 367 1535 ἡ
395 1500 472 1538 ψυχὴ
498 1500 565 1537 μετὰ
580 1503 628 1528 τοῦ
644 1501 781 1537 σώματος,
796 1499 921 1532 εὐσεϐοῦς
935 1501 980 1528 καὶ

152 1545 283 1583 ἐναρέτου
307 1546 476 1581 ζητήματος,
503 1546 517 1572 ὁ
540 1545 604 1576 Θεὸς
626 1545 652 1572 ἐν
670 1545 744 1582 μέσῳ
765 1545 853 1573 αὐτῶν
866 1545 980 1584 γίνεται,

151 1590 247 1627 ὥσπερ
272 1592 312 1625 τῷ
341 1589 424 1625 Ἑλίᾳ
450 1589 476 1616 ἐν
502 1592 542 1625 τῷ
571 1587 639 1627 ὄρει,
669 1590 714 1616 καὶ
753 1589 855 1624 Δανιὴλ
885 1589 910 1617 ἐν
939 1593 979 1627 τῷ

150 1634 249 1670 λάκκῳ
274 1633 495 1672 προσομιλήσας,
519 1634 563 1661 καὶ
587 1634 620 1661 τὰ
643 1634 782 1671 αἰτήματα
800 1634 887 1662 αὐτῶν
904 1634 978 1670 πλη-

148 1680 256 1716 ρώσας.

186 1723 287 1761 Ἐρώτ.
303 1724 355 1755 xc’.
370 1722 400 1750 Τί
425 1722 510 1760 λέγει·
539 1735 554 1748 ‹‹
578 1723 648 1755 Ἰσθι
674 1722 771 1750 εὐνοῶν
796 1725 835 1759 τῷ
850 1722 979 1760 ἀντιδίκῳ

148 1778 212 1802 σου,
228 1767 283 1798 ἓως
295 1766 326 1795 οὗ
341 1767 367 1795 cI
380 1766 406 1795 ἐν
422 1769 456 1804 τῇ
473 1765 528 1803 ὑδῷ
545 1768 603 1804 μετ’
618 1766 702 1794 αὐτοῦ
712 1768 726 1795 7
742 1779 756 1792 »

185 1857 287 1885 Ἀπόκ.
305 1854 451 1885 Ἀντίδικόν
481 1855 541 1884 ἐστε
562 1856 595 1883 τὸ
624 1855 704 1893 σῶμα
731 1857 765 1888 τῆ
785 1857 872 1894 ψυχῇ.
890 1858 977 1884 Ταῦτα

147 1901 202 1939 γὰρ
243 1899 381 1936 ἀλλήλοις
418 1901 576 1935 ἀντίκειται,
605 1899 642 1931 ὥς
670 1911 735 1939 φησι
767 1899 884 1931 ΠαῦΛος.
913 1901 976 1928 Ὑπ-

148 1945 311 1981 ωπιάζομεν
328 1945 378 1982 γὰρ
392 1944 437 1972 καὶ
453 1944 680 1982 ὂουλαγωγοῦμεν
697 1944 729 1972 τὸ
745 1947 834 1981 σῶμα,
851 1944 975 1972 εὐνοοῦν-

147 2000 192 2020 τες
209 1987 257 2016 διὰ
281 1989 406 2024 νηστείας
432 1989 476 2016 καὶ
501 1988 648 2027 ἀγρυπνίας
671 1988 717 2016 καὶ
742 1993 791 2024 τῆς
808 1989 908 2024 λοιπῆς
925 1999 976 2016 κα-

147 2034 310 2066 κοπαθείας,
335 2031 381 2060 ἵνα
405 2032 502 2069 μηκέτι
535 2032 701 2068 ἐξανίσταται
729 2036 779 2068 τῆς
808 2034 901 2071 ψυχῆς
931 2031 976 2060 διὰ

146 2079 243 2105 παθῶν
272 2081 323 2112 τῆς
348 2077 470 2113 ἀτιμίας.
496 2076 573 2105 Ὁδὸν
599 2077 682 2114 λέγει,
706 2077 752 2104 τὸν
779 2077 891 2114 μάταιον
917 2077 976 2115 βίον

143 2125 244 2150 τοῦτον
257 2122 303 2149 καὶ
334 2121 448 2149 πλάνον*
478 2121 507 2149 ἃν
535 2121 585 2160 γὰρ
610 2120 681 2158 λυθῇ
696 2122 713 2155 ἡ
730 2122 806 2159 ψυχή
819 2123 867 2149 τοῦ
883 2122 975 2158 σώμα-

143 2177 203 2201 τος,
220 2167 266 2194 καὶ
280 2165 375 2203 ἐξέλθῃ
388 2168 436 2193 τοῦ
463 2166 523 2204 βίου
551 2165 650 2193 τούτου
676 2166 721 2193 καὶ
744 2169 795 2201 τῆς
826 2165 901 2200 ὁδοῦ,
925 2165 975 2194 οὐκ

143 2211 183 2239 ἔτι
200 2212 363 2249 ἰργάζεσοαι
380 2211 476 2249 ἀγαθὸν
493 2209 613 2239 δύναται.
632 2209 789 2249 Κοδράντης
813 2209 842 2238 δὶ
865 2211 972 2249 λέγεται

141 2256 188 2284 καὶ
205 2256 274 2283 αὐτο
288 2256 320 2283 τὸ
344 2255 552 2293 ἐγκατάλειμμα
574 2257 622 2283 τοῦ
647 2255 785 2291 ἑνθυμίου.
808 2255 920 2293 Λέγεται
945 2254 973 2283 δὲ

144 2301 191 2328 καὶ
223 2302 241 2335 ἡ
272 2298 424 2335 συνείδησις
453 2298 595 2330 ἀντίδικος·
626 2298 734 2337 ἆλέγχει
760 2299 811 2338 γὰρ
846 2300 919 2336 ἡμᾶς
948 2299 974 2327 ἐν

143 2347 180 2382 τῇ
196 2343 297 2382 καρδίᾳ
322 2346 461 2382 κρυπτῶς,
475 2344 520 2371 καὶ
535 2343 701 2381 ἀναχαιτίζει
725 2344 778 2371 ἀπὸ
801 2345 850 2371 τοῦ
878 2346 973 2379 κακοῦ,

144 2390 191 2417 καὶ
208 2389 253 2416 ἐὰν
273 2390 311 2425 μὴ
341 2388 499 2424 ἀκούσωμεν
530 2388 623 2423 αὐτοῦ,
652 2386 767 2426 ἔσχατον
791 2386 975 2425 παραδίδωσιν

144 2435 223 2470 ἡμᾶς
238 2433 266 2460 ἐν
280 2436 321 2469 τῷ
334 2432 469 2470 κριτηρίῳ
484 2434 532 2459 τοῦ
551 2434 618 2460 Θεοῦ
642 2433 687 2459 καί
712 2431 835 2469 δώσομεν
866 2432 974 2464 εὐθύνας

147 2478 217 2515 ὑπὲρ
231 2488 262 2505 τε
276 2480 330 2504 τῶν
349 2476 476 2514 μεγάλων
498 2477 715 2514 ἁμαρτημάτων,
729 2476 774 2504 καὶ
788 2479 842 2504 τῶν
857 2476 973 2505 εὐτελῶν

145 2521 192 2549 καὶ
210 2521 272 2549 λίαν
288 2520 453 2559 ἐλαχίστων,

182 2575 282 2612 Ἐρώτ.
297 2575 346 2609 κζ’·
362 2573 393 2601 Τί
422 2573 503 2602 ἐστιν.
529 2586 544 2600 ‹‹
568 2574 708 2611 Ὡμοιώθη
734 2575 751 2609 ἠ
778 2574 901 2612 βασιλεία
918 2577 973 2603 τῶν

144 2619 270 2657 οὐρανῶν
281 2619 374 2655 κόκκῳ
388 2618 525 2650 σινάπεως
538 2628 546 2653 ;
563 2630 577 2644 »

182 2663 283 2692 ’Δπόιι.
297 2664 348 2691 Διὰ
360 2664 410 2698 τήν
436 2663 635 2701 ἁνθρωπότητα
649 2662 734 2702 λέγει,
750 2662 791 2691 ὅτι
807 2676 821 2690 (ί
838 2662 973 2696 Πλούσιος

142 2708 182 2737 ὧν
211 2708 391 2736 ἐταπείνωσεν
413 2707 506 2736 ἑαυτὸν
534 2707 617 2746 μέχρι
648 2708 773 2743 θανάτου,
800 2708 915 2736 θανάτου
944 2707 972 2736 δὲ

1042 294 1247 323 scortabatur:
1278 304 1362 324 nemo
1398 296 1545 331 siquidem
1582 305 1648 324 cum
1681 305 1713 324 ea
1744 301 1773 325 ut
1803 307 1868 326 cum

1041 347 1130 367 uxore
1154 338 1286 376 legitima
1310 341 1387 369 coire
1414 341 1538 369 volebat.
1556 341 1608 369 Illa
1638 351 1704 369 vero
1733 344 1871 379 concupi-

1041 383 1184 412 scentiam
1200 393 1285 413 suam
1314 394 1379 413 cum
1411 385 1556 413 refrenare
1585 394 1641 413 non
1668 389 1775 421 posset,
1794 387 1869 415 clam

1040 428 1116 463 apud
1133 436 1164 456 se
1179 428 1273 457 virum
1298 430 1415 463 habuit,
1430 438 1496 458 cum
1523 438 1579 465 quo
1600 431 1801 465 fornicarctnr,
1819 440 1868 459 ne-

1040 480 1095 507 que
1110 475 1173 500 erat
1193 473 1241 501 hic
1265 474 1440 502 manifestus
1467 476 1517 502 aut
1544 474 1692 510 legitimus
1723 476 1865 504 maritus:

1040 517 1091 545 sed
1107 524 1174 545 eum
1190 518 1282 546 virum
1300 527 1400 547 secum
1413 519 1540 547 habebat
1554 520 1675 547 occulte.

1076 571 1189 603 QUIEST.
1205 571 1300 600 XXIV.
1319 572 1443 605 Quinam
1460 575 1529 600 sunt
1543 572 1584 600 illi
1611 573 1668 599 veri
1685 574 1862 607 adoratores,

1040 614 1090 649 qui
1106 623 1158 643 nec
1187 615 1217 643 in
1233 615 1288 643 hoc
1317 618 1426 651 monte,
1451 625 1504 644 nec
1530 616 1731 651 Jerosolymis,
1753 618 1801 645 sed
1833 618 1862 645 in

1039 658 1145 694 spiritu
1162 659 1285 688 adorant
1299 662 1390 689 Deum
1405 663 1433 688 et
1448 661 1478 688 in
1493 661 1611 689 veritate
1624 661 1666 687 35‘?

1073 746 1158 775 Rssr.
1175 747 1225 775 Isti
1254 750 1324 776 sunt
1337 748 1386 784 qui
1402 748 1433 776 in
1456 749 1579 777 desertis
1594 751 1622 776 et
1649 749 1676 776 in
1701 750 1862 783 montibus,

1038 790 1088 826 qui
1103 791 1133 819 in
1149 792 1298 828 speluncis
1327 795 1355 821 et
1383 793 1515 821 cavernis
1538 796 1621 821 terrae
1652 794 1795 827 habitant,
1812 795 1863 830 qui

1037 835 1110 863 citra
1137 840 1313 865 conventum
1342 837 1481 871 ecclesiae,
1501 846 1552 874 per
1580 846 1667 874 opera
1696 839 1781 872 bona,
1813 839 1863 866 Dei

1037 880 1142 916 spiritu
1173 880 1341 917 illuminati,
1358 882 1389 910 in
1418 882 1523 918 spiritu
1543 884 1571 910 et
1598 883 1717 910 veritate
1740 884 1863 911 adorant

1036 926 1128 953 Deum
1143 928 1172 953 et
1185 927 1300 954 Patrem
1317 929 1451 954 nostrum
1468 927 1517 962 qui
1532 930 1576 955 est
1593 927 1622 954 in
1640 927 1729 954 caelis.
1747 928 1799 960 Qui
1817 928 1860 954 in-

1037 969 1152 1005 culpate
1167 970 1279 1006 vivunt,
1296 973 1324 998 et
1351 973 1441 999 Deum
1464 971 1599 1008 religiose
1618 975 1645 999 et
1672 972 1718 1007 pie
1733 972 1860 1000 colentes

1036 1014 1116 1042 omni
1132 1014 1240 1050 pietate
1255 1017 1284 1043 et
1310 1015 1464 1044 honestate
1493 1015 1634 1044 virtutum
1651 1017 1792 1050 relucent,
1808 1026 1861 1045 nec

1036 1066 1110 1094 opus
1125 1059 1235 1087 habent
1254 1059 1385 1096 ecclesia,
1399 1063 1450 1088 aut
1474 1060 1537 1089 loco
1553 1060 1621 1088 huic
1637 1061 1676 1088 rei
1702 1062 1859 1094 destinato,

1036 1103 1086 1130 sed
1103 1103 1158 1138 ipsi
1173 1104 1346 1140 semetipsos
1368 1104 1478 1141 templa
1491 1105 1577 1133 bonis
1601 1106 1738 1141 operibus
1753 1106 1860 1133 facien-

1035 1148 1090 1182 tes,
1106 1148 1209 1183 quovis
1225 1148 1287 1176 loco
1315 1151 1344 1176 et
1360 1149 1470 1185 ubique
1497 1149 1555 1177 Deo
1580 1149 1715 1185 placent:
1735 1150 1859 1186 denique

1036 1190 1154 1219 assidue
1169 1194 1197 1220 et
1210 1192 1323 1221 sincere
1351 1193 1490 1221 omnibus
1513 1194 1617 1222 diebus
1637 1194 1699 1222 vitae
1724 1204 1783 1222 sua:
1797 1202 1860 1222 ser-

1034 1235 1127 1264 viunt.

1071 1324 1179 1356 Qus-251'.
1195 1324 1277 1353 XXV.
1292 1325 1366 1357 Quid
1395 1328 1440 1354 est
1454 1327 1532 1362 quod
1563 1326 1678 1362 inquit:
1713 1337 1726 1352 «
1742 1328 1771 1354 Si
1802 1328 1859 1354 duo

1034 1373 1163 1397 vestrum
1179 1370 1380 1398 consenserint
1403 1378 1492 1406 super
1512 1372 1631 1406 terram,
1652 1380 1860 1406 quamcunque

1036 1422 1095 1442 rem
1112 1414 1256 1450 petierint,
1273 1414 1393 1442 dabitur
1408 1415 1451 1443 eis
1460 1415 1482 1432 ³⁸
1494 1414 1508 1442 ?
1525 1426 1539 1439 »

1072 1458 1158 1485 RESP.
1175 1458 1234 1486 Hoc
1248 1460 1294 1486 est
1309 1458 1345 1486 de
1361 1467 1544 1495 quacumque
1566 1467 1596 1487 re
1612 1460 1777 1486 convenerit
1793 1460 1858 1486 uni-

1036 1510 1084 1529 ma
1098 1510 1165 1530 cum
1181 1511 1311 1538 corpore,
1327 1503 1363 1531 de
1382 1503 1430 1539 pio
1455 1503 1593 1531 nimirum
1611 1506 1639 1531 et
1663 1504 1752 1539 probo
1767 1512 1858 1539 nego-

1036 1547 1086 1582 tio,
1105 1550 1179 1576 Deus
1194 1547 1248 1575 erit
1262 1548 1292 1575 in
1321 1549 1416 1576 medio
1441 1557 1552 1583 eorum,
1577 1548 1653 1576 sicut
1669 1557 1734 1575 cum
1751 1548 1812 1576 Elia
1828 1550 1856 1576 in

1036 1595 1144 1626 monte,
1156 1594 1183 1619 et
1199 1593 1225 1620 in
1240 1593 1350 1620 foveam
1362 1601 1431 1620 cum
1449 1593 1564 1621 Daniele
1576 1595 1705 1620 versatus
1717 1596 1769 1626 est,
1783 1594 1859 1628 ipso-

994 1624 1015 1657 C
1035 1644 1098 1663 rum
1115 1624 1280 1673 adimplens
1295 1637 1460 1673 petitiones.

1070 1725 1183 1757 Quass'r.
1212 1724 1307 1753 XXVI.
1336 1725 1411 1758 Quid
1440 1725 1512 1754 illud
1529 1726 1605 1762 quod
1634 1726 1723 1753 dicit:
1754 1738 1763 1750 ιε
1793 1726 1860 1753 Esto

1033 1769 1191 1797 benevolus
1205 1778 1272 1797 cum
1297 1770 1463 1798 adversario
1488 1773 1549 1805 tuo,
1574 1771 1644 1798 dum
1672 1770 1767 1797 adhuc
1783 1778 1813 1797 es
1830 1770 1859 1797 in

1032 1813 1078 1841 via
1092 1822 1160 1842 cum
1175 1813 1225 1842 illo
1236 1815 1258 1832 ³⁷
1271 1814 1285 1841 ?
1301 1826 1313 1841 ι

1068 1858 1153 1886 Βιερ.
1169 1858 1361 1886 Adversarius
1376 1858 1480 1886 animis
1496 1867 1603 1894 corpus
1620 1862 1663 1885 est
1677 1868 1682 1885 :
1704 1859 1762 1885 haec
1779 1858 1857 1885 enim

1031 1902 1087 1930 sibi
1104 1903 1297 1931 adversantur
1320 1902 1455 1935 invicem,
1485 1903 1733 1938 quemadmodum
1761 1902 1856 1937 inquit

1030 1947 1139 1975 Paulus
1150 1947 1171 1964 ⁸·
1185 1956 1192 1981 ;
1208 1946 1389 1983 castigamus
1403 1947 1482 1974 enim
1498 1950 1527 1974 et
1547 1947 1577 1974 in
1593 1947 1761 1974 servitutem
1779 1946 1855 1973 redi-

1030 1991 1127 2027 gimus
1143 1999 1250 2027 corpus
1264 1999 1316 2026 per
1334 1991 1458 2026 jejunis,
1472 1990 1588 2027 vigilias
1613 1994 1640 2018 et
1658 1999 1708 2026 per
1723 1991 1795 2017 alias
1811 1991 1852 2017 af-

1030 2034 1191 2063 ﬂistiones:
1208 2035 1296 2071 idque
1318 2035 1393 2063 bono
1408 2037 1437 2063 et
1450 2035 1590 2063 benevolo
1615 2036 1723 2069 animo,
1739 2044 1773 2062 nc
1789 2043 1850 2062 am-

1029 2079 1107 2115 plius
1122 2082 1224 2107 contra
1238 2079 1367 2107 animam
1383 2088 1435 2115 per
1456 2080 1708 2116 concupiscentiae
1725 2080 1851 2116 ignomi-

1029 2124 1128 2152 niosas
1144 2123 1286 2160 insurgat.
1302 2124 1386 2152 Viam
1406 2124 1488 2157 dicit.
1502 2133 1606 2153 vanam
1630 2125 1704 2152 hanc
1720 2125 1851 2153 fallacem

1028 2169 1117 2196 vitam
1133 2178 1139 2196 :
1157 2177 1225 2196 nam
1241 2178 1258 2196 a
1273 2177 1394 2205 corpore
1411 2171 1564 2205 post-luam
1592 2170 1688 2198 anima
1706 2173 1850 2205 separata,

1027 2216 1056 2241 et
1071 2221 1106 2241 ex
1121 2213 1174 2241 hac
1189 2213 1247 2241 vita
1267 2213 1372 2249 viaque
1387 2213 1476 2242 fuerit
1499 2222 1625 2250 egressa,
1652 2224 1708 2242 non
1725 2215 1852 2250 amplius

1029 2261 1124 2294 potest
1138 2258 1254 2293 operari
1270 2258 1391 2286 bonum.
1412 2259 1565 2290 Quadrans
1590 2262 1686 2287 autem
1704 2259 1852 2293 dicuntur,

989 2310 1011 2343 Ι)
1030 2312 1043 2328 α
1055 2302 1125 2338 ipsis
1140 2302 1270 2338 reliquiae
1291 2302 1519 2339 cogitationis”.
1537 2314 1550 2327 υ
1573 2303 1688 2331 Dicitur
1704 2312 1768 2330 vero
1785 2312 1853 2331 con-

1028 2346 1151 2374 scientia
1175 2347 1380 2375 adversarius:
1412 2355 1480 2374 nam
1505 2347 1618 2375 occulte
1647 2348 1675 2375 in
1700 2350 1786 2375 corde
1802 2357 1854 2375 no-

1028 2394 1088 2418 stro
1116 2391 1275 2426 redarguit,
1305 2394 1418 2419 coercet
1446 2400 1463 2419 a
1488 2391 1617 2426 malo,et
1645 2393 1667 2419 si
1698 2393 1791 2420 simus
1808 2393 1851 2419 in-

1028 2436 1208 2468 obedientes,
1229 2436 1330 2463 eadem
1355 2444 1408 2463 nos
1438 2436 1557 2463 demum
1586 2437 1621 2463 ad
1647 2437 1696 2464 Dei
1721 2437 1851 2464 tribunal

1028 2480 1115 2512 sistit,
1133 2480 1182 2506 ubi
1198 2481 1227 2506 et
1242 2488 1342 2515 pennas
1357 2480 1494 2507 dabimus
1510 2482 1574 2508 tum
1602 2482 1765 2508 enormium
1783 2490 1851 2517 pce-

1029 2526 1172 2557 catorum,
1187 2526 1251 2551 tum
1267 2523 1355 2551 etiam
1368 2523 1476 2551 levium
1493 2526 1522 2552 et
1537 2525 1738 2553 minimarum.

1063 2578 1172 2610 ρυωτ.
1186 2576 1299 2604 XXVII.
1324 2576 1398 2608 Quid
1415 2576 1488 2604 illud
1504 2580 1566 2605 est:
1584 2589 1598 2603 «
1625 2578 1724 2605 Simile
1741 2579 1849 2606 factum

1028 2624 1073 2649 est
1088 2629 1209 2656 regnum
1224 2621 1362 2649 calorum
1379 2629 1470 2657 grano
1486 2621 1597 2657 sinapis
1609 2623 1651 2649 ‘0?
1669 2634 1681 2646 ››

1063 2667 1148 2693 Resp.
1159 2665 1281 2701 Propter
1288 2665 1448 2693 humanam
1460 2674 1544 2693 suam
1556 2667 1753 2694 naturamlioc
1762 2668 1848 2696 dicit:

1028 2708 1143 2738 «Dives
1158 2709 1237 2737 enim
1266 2718 1333 2737 cum
1362 2712 1449 2743 esset,
1478 2709 1644 2739 humiliavit
1660 2712 1850 2748 semetipsum

181 2800 304 2828 "Jonn.
336 2807 375 2834 tv,
404 2798 449 2834 23,
464 2798 510 2827 24.
548 2798 570 2817 ³⁸
598 2798 705 2827 Matth.
734 2806 815 2834 xvm,
846 2799 890 2827 19.
929 2799 950 2817 ³⁸⁸

1040 2799 1081 2827 th.
1112 2807 1139 2833 ν,
1169 2799 1214 2826 25.
1253 2800 1277 2817 3'
1304 2799 1368 2828 Gal.
1396 2808 1424 2835 v,
1454 2800 1498 2828 17.
1540 2800 1563 2819 ³⁸
1590 2801 1665 2829 Psel.
1697 2809 1775 2835 Lxxv,
1804 2802 1848 2828 41.

143 2835 166 2854 ⁸⁸
181 2836 285 2864 Matth.
306 2843 373 2870 xui,
388 2835 433 2862 31.
