4096 6212
392 358 512 415 719
1557 343 1618 400 S.
1668 336 2294 399 ATHANASIUS.-—-
2327 338 2639 402 SPUHIA.
3689 338 3806 399 720

394 503 582 560 usque
612 487 683 542 ad
742 489 1013 549 mortem,
1068 482 1318 532 mortem
1375 490 1507 528 vero
1548 472 1740 528 crucis
1760 474 1821 525 ιι.
1860 494 1887 521 ››
1919 471 2013 527 Ma

2156 476 2406 546 σταυροῦ.
2452 498 2479 523 ››
2514 476 2666 546 Μέγα
2698 469 2755 526 ’δὲ
2782 472 2869 527 καὶ
2901 475 3090 545 κομῶν
3139 475 3255 533 τοῖς
3301 468 3534 549 φύλλοις
3583 469 3674 526 διά
3700 473 3800 541 τὴν

392 592 573 650 gnum
608 578 803 628 autem
835 577 891 626 et
921 568 1075 625 toliis
1104 565 1405 620 luxurians
1438 562 1567 617 olus
1607 562 1771 630 dicit,
1808 567 2041 633 propter

392 664 777 720 divinitatem.
814 658 1089 713 Volucres
1120 660 1316 709 autem
1348 651 1497 719 caeli,
1523 652 1707 707 ramis
1737 652 1864 722 ejus
1895 650 2037 706 insi-

394 755 620 817 dentes,
654 749 991 822 prophetas,
1022 743 1319 816 apostolos
1361 747 1419 797 et
1465 739 1850 811 evangelistas
1878 740 2039 811 ipsos

392 842 693 997 "1:31:51:
725 924 969 981 XXVIII.
1001 923 1145 987 Quid
1180 920 1325 975 illud
1370 918 1699 990 signiﬁcat:
1734 939 1763 967 «
1796 916 1922 972 Non
1954 918 2036 971 t'a-

394 1020 560 1078 cietis
591 1019 784 1073 sisoen
816 1031 884 1069 ex
912 1029 1081 1068 coma
1110 1008 1320 1081 capitis
1350 1007 1525 1063 vestri
1547 1008 1591 1041 ⁴²
1610 1007 1636 1061 ‘I
1671 1029 1691 1056 ιι

465 1109 612 1165 261
653 1107 822 1161 Rssr.
856 1104 965 1173 (81)
1011 1100 1215 1156 Sisoen
1263 1098 1500 1169 quidam
1534 1097 1705 1151 aliter
1748 1095 2037 1167 interpre-

392 1199 491 1254 tati
526 1201 684 1253 sunt.
719 1195 835 1263 Ego
867 1191 951 1246 sic
981 1191 1168 1245 sentio
1198 1205 1210 1242 :
1247 1187 1539 1258 prohiberi
1571 1186 1678 1241 hac
1706 1185 1832 1255 lege
1864 1185 2037 1255 capil-

388 1289 578 1342 lorum
609 1293 936 1338 tonsuram.
964 1279 1327 1333 Consuevere
1359 1292 1613 1345 namque
1642 1275 1819 1328 δι·ωοὶ
1851 1273 2035 1328 iul'an-

386 1382 513 1431 tum
548 1374 790 1427 vertices
821 1385 937 1423 non
966 1366 1226 1427 tondere,
1259 1370 1316 1419 et
1336 1364 1579 1434 capillos
1607 1379 1856 1427 servare,
1880 1378 2033 1417 eam-

386 1479 501 1536 que
529 1461 907 1534 postmodum
940 1454 1304 1511 daamonibus
1335 1452 1623 1508 dedicare.

456 1554 678 1616 Qums'r.
712 1546 897 1604 XXIX.
957 1547 1145 1611 Quare
1197 1543 1355 1597 ﬂavit
1410 1541 1470 1595 in
1528 1540 1849 1612 discipulos
1891 1557 2031 1596 suos

384 1641 672 1704 Christus,
698 1638 925 1692 dicens:
950 1659 977 1683 ‹‹
995 1632 1253 1703 Accipite
1274 1632 1568 1701 Scriptum
1591 1636 1862 1684 sanctum
1885 1630 1929 1663 ⁴³
1949 1629 1976 1684 ‘I
1997 1652 2025 1678 »

456 1731 623 1785 Rssr.
657 1722 1163 1791 Quemadmodum
1195 1735 1371 1790 super
1398 1734 1547 1773 casco
1580 1717 1713 1772 fecit
1742 1717 2030 1784 lutum,et

2151 558 2402 630 θεότητα.
2439 560 2661 617 ΙΙετεινά
2693 558 2749 615 δὲ
2795 565 2891 615 τοῦ
2938 559 3169 632 οὐρανοῦ
3216 559 3268 614 ἒν
3300 565 3418 622 τοῖς
3447 558 3671 623 κλάδοις
3702 561 3801 616 a15-
3879 606 3884 610 .

2146 652 2243 702 τοῦ
2275 651 2556 727 προφήτας
2585 670 2675 705 και
2706 648 3070 719 ἀποστόλους,
3102 649 3191 704 καὶ
3222 648 3415 711 αὐτοὺς
3462 649 3589 712 τοὺς
3639 650 3798 725 εὐαγ-

2147 735 2402 810 γελιστάς
2434 738 2851 813 καθεζομένους.

2217 915 2413 990 Ἐρώτ.
2442 924 2544 986 κη’.
2581 917 2640 970 Τί
2672 916 2780 971 ἐστι
2811 916 2893 971 τό·
2931 941 2957 969 ‹‹
2992 916 3063 972 Οὐ
3096 919 3352 988 ποιήσετε
3384 917 3569 988 σισόην
3605 916 3663 973 ἐκ
3690 926 3792 989 τῆς

2144 1000 2321 1074 κόμης
2352 1010 2453 1072 τῆς
2483 1004 2726 1081 κεφαλῆς
2759 1006 2908 1078 ὑμῶν
2937 1024 2949 1074 ;
2988 1030 3014 1057 ››

2216 1092 2407 1149 ’Δπόκ.
2460 1094 2615 1156 Τινὲς
2662 1095 2753 1149 τὸν
2806 1094 2991 1166 σισόην
3044 1093 3229 1156 ἀλλὼς
3278 1097 3649 1171 ἡρμήνευσανν
3686 1096 3790 1173 ἐγὼ

2144 1177 2201 1234 δὲ
2232 1183 2386 1253 οἶμαι
2416 1183 2515 1251 τὴν
2550 1182 2843 1258 ἀπόκαρσιν
2897 1185 2989 1237 τὸν
3030 1183 3198 1256 νόμον
3231 1183 3601 1259 ἀπαγορεύειν,
3646 1186 3784 1244 Εἰώ-

2141 1271 2260 1323 θασι
2292 1271 2394 1346 γὰρ
2428 1271 2478 1324 οἱ
2508 1271 2780 1341 ’Έλληνες
2817 1274 2890 1344 μὴ
2924 1272 3227 1347 ἀποκείρειν
3276 1277 3385 1327 τῶν
3432 1272 3636 1329 παίδων
3695 1276 3790 1337 τὰς

2142 1360 2399 1435 κορυφὰς,
2431 1359 2519 1413 καὶ
2550 1362 2673 1422 τοὺς
2711 1358 2920 1433 μαλοὺς
2949 1362 3058 1432 ἐᾷν,
3091 1362 3179 1416 καὶ
3210 1362 3435 1424 τούτους
3472 1365 3604 1435 μετά
3650 1364 3788 1439 χρό-

2138 1468 2228 1500 νον
2262 1447 2562 1503 ἀνατιθέναι
2594 1455 2709 1510 τοῖς
2742 1447 3013 1521 δαίμοσιν.

2212 1537 2402 1609 Ἐρώτ.
2434 1540 2533 1592 κΘ’.
2570 1540 2665 1592 Διά
2693 1538 2744 1592 τί
2778 1537 3096 1615 ἐνεφύσησεν
3132 1540 3158 1593 6
3190 1540 3421 1614 Χριστὸς
3455 1546 3569 1603 τοῖς
3604 1552 3786 1614 μαθη-

2136 1630 2253 1686 ταῖς
2284 1624 2447 1680 αὐτοῦ
2481 1624 2674 1701 λέγων·
2710 1654 2733 1678 α
2781 1622 2984 1682 Λάϐετε
3040 1633 3255 1700 Πνεῦμα
3287 1629 3437 1702 ἅγιον
3466 1648 3478 1695 ;
3508 1656 3529 1682 ι

2207 1713 2401 1772 Ἀπόκ.
2443 1716 2645 1791 Ὥσπερ
2679 1715 2765 1769 ἐπὶ
2796 1719 2891 1770 τοῦ
2921 1716 3129 1793 τυφλοῦ
3171 1716 3393 1787 ἐποίησε
3439 1715 3643 1787 πηλὸν,
3694 1720 3786 1773 καὶ

383 1820 511 1889 ejus
543 1816 741 1873 oculos
773 1811 1025 1878 illinivit,
1082 1813 1147 1863 ut
1195 1808 1525 1863 ostenderet
1571 1806 1721 1877 quod
1770 1807 1895 1878 ipse
1925 1812 2018 1875 sit,

2140 1799 2393 1877 ἐπέχρισε
2446 1802 2571 1864 τοὺς
2632 1802 2949 1879 ὀφθαλμοὺς
3010 1804 3194 1877 αὐτοῦ,
3251 1804 3332 1860 ἴνα
3362 1802 3530 1879 δείξῃ,
3574 1805 3654 1860 ὅτι
3688 1806 3782 1861 αὖ·

384 1908 482 1979 qui
515 1909 585 1961 ab
618 1904 783 1959 initio
817 1899 1085 1955 formavit
1124 1897 1420 1952 hominem
1464 1911 1532 1950 ex
1560 1895 1718 1950 luto:
1753 1897 1825 1950 ad
1858 1912 2022 1950 eum-

382 1998 514 2051 dem
549 1994 783 2048 modum
816 1987 1136 2044 insul'flavit
1163 1986 1341 2041 etiam
1372 1984 1432 2038 in
1464 1983 1806 2054 discipulos,
1838 1984 2025 2039 decla-

379 2101 516 2140 rans
547 2099 610 2137 se
640 2097 787 2147 esse,
821 2078 920 2149 qui
952 2076 1222 2147 spiritum
1256 2075 1352 2128 det
1371 2085 1426 2127 et
1455 2073 1630 2127 vitam
1663 2072 2022 2143 hominibus,

382 2190 482 2243 per
504 2170 860 2243 primitivam
884 2165 1044 2220 illam
1071 2163 1537 2234 inspirationem,
1558 2178 1733 2232 quam
1760 2163 1818 2215 in
1836 2162 2019 2216 Adam

377 2259 703 2333 inspiravit.
738 2256 901 2321 Quod
959 2259 1154 2308 autem
1199 2251 1422 2320 inquit:
1457 2273 1484 2299 ‹‹
1545 2249 1801 2320 Accipite
1840 2250 2023 2321 Spiri-

374 2356 499 2405 tum
532 2353 825 2410 sanctum,
878 2366 906 2393 »
934 2343 1094 2398 dedit
1140 2341 1286 2412 ipsis
1331 2356 1431 2410 per
1478 2339 1652 2392 istam
1688 2338 2024 2409 inspiratio-

377 2455 535 2507 nem,
587 2439 931 2505 potestatem
982 2437 1039 2486 et
1084 2428 1332 2499 gratiam
1390 2428 1724 2482 remittendi
1767 2435 2021 2498 peccata.

382 2528 649 2580 Adventu
680 2530 871 2577 autem
896 2523 1109 2591 (sancti
1140 2516 1414 2587 Spiritus)
1445 2515 1501 2569 in
1527 2519 1732 2570 sancta
1756 2517 2025 2571 Penteco-

379 2622 487 2683 ste,
526 2610 799 2683 baptismi
847 2613 904 2664 et
951 2608 1254 2678 signorum
1303 2605 1575 2658 virtutem
1625 2604 1846 2659 tribuit.
1889 2605 2022 2661 Ideo

380 2704 608 2769 inquit:
646 2700 821 2754 «Vos
875 2694 1315 2768 baptizabimini
1348 2694 1402 2746 in
1452 2692 1667 2764 Spiritu
1713 2701 1914 2749 sancto
1964 2699 2023 2751 et

378 2791 674 2863 accipietis
718 2788 992 2841 virtutem
1043 2781 1509 2854 supervenientis
1540 2782 1599 2835 in
1641 2798 1740 2836 vos
1772 2781 2019 2852 Spiritus

379 2879 649 2935 sancti“.
686 2900 712 2925 ››
746 2880 890 2929 Nam
922 2878 1057 2927 ante
1089 2870 1421 2941 passionem
1454 2872 1580 2937 ejus
1621 2870 1866 2939 apostoli
1901 2888 2014 2925 non

375 2970 663 3024 sanabant
689 2970 933 3036 aegrotos
975 2978 1073 3031 per
1100 2959 1384 3030 Spiritum
1433 2964 1703 3013 sanctum
1734 2974 1747 3011 :
1783 2960 1883 3013 sed
1919 2977 2019 3030 per

374 3062 717 3128 potestatem
752 3058 809 3108 et
841 3051 1182 3106 mandatum
1223 3047 1335 3101 sibi
1368 3064 1400 3101 a
1429 3047 1655 3102 Christo
1709 3047 2011 3104 traditum.

372 3169 401 3196 ‹‹
434 3146 700 3201 Nondum
734 3142 888 3195 enim
918 3144 1042 3194 erat
1084 3138 1339 3209 Spiritus
1378 3142 1638 3205 sanctus,
1672 3138 1810 3207 quia
1838 3137 2012 3193 Jesus

376 3236 637 3289 nondum
674 3232 859 3285 fuerat
872 3227 1231 3299 gloriﬁcatue
1251 3226 1314 3279 ‘5.
1332 3244 1359 3275 ιι
1385 3228 1423 3278 Α
1443 3230 1689 3279 mortuis
1714 3242 1845 3280 vero
1865 3233 2015 3297 post-

379 3339 554 3394 quam
602 3316 915 3373 resurrexit
966 3314 1325 3387 gloriﬁcatus
1381 3319 1492 3367 est.
1571 3314 1851 3385 Spiritum
1913 3332 2019 3369 au-

377 3417 493 3467 tem
529 3413 792 3465 sanctum
826 3421 961 3460 cum
992 3407 1175 3471 vocat,
1206 3419 1319 3457 non
1352 3403 1537 3456 sancti
1581 3403 1832 3472 Spiritus
1866 3404 2020 3457 indi-

385 3506 477 3557 cat
502 3496 882 3571 hypostasin:
918 3498 1038 3547 haec
1063 3492 1219 3546 enim
1252 3495 1553 3555 eratante,
1580 3496 1637 3545 et
1668 3496 1771 3554 est,
1807 3498 1863 3546 et
1892 3492 2021 3559 erit,

387 3591 486 3646 sed
517 3588 771 3659 Spiritus
823 3582 1009 3638 sancti
1069 3581 1309 3646 donum,
1345 3580 1498 3649 quod
1557 3584 1688 3650 post
1732 3580 2023 3635 ascensio-

386 3696 542 3745 nem,
585 3674 832 3738 decimo,
862 3678 991 3744 post
1020 3670 1502 3725 resurrectionem
1543 3685 1696 3735 vero,
1727 3670 2026 3739 quinqua-

381 3769 605 3842 gesimo
637 3767 729 3819 die
759 3762 915 3818 venit
945 3777 1120 3831 super
1149 3756 1468 3829 discipulos
1499 3757 1735 3812 Christi.

448 3880 673 3943 Quass'r.
710 3870 870 3925 XXX.
901 3868 1042 3932 Quis
1073 3871 1163 3921 est
1192 3864 1290 3920 ille
1313 3865 1494 3933 judex
1541 3863 1889 3936 iniquitatis,
1921 3866 2019 3937 qui

374 3983 564 4038 neque
588 3966 769 4020 Deum
802 3959 992 4024 timet,
1036 3972 1137 4011 nec
1168 3955 1463 4010 hominem
1487 3953 1760 4009 veretur?

437 4142 600 4197 Resp.
637 4140 828 4193 Deus:
889 4150 992 4190 nec
1037 4134 1189 4189 enim
1241 4131 1328 4187 vel
1378 4136 1553 4186 Deum
1606 4132 1800 4199 habet,
1834 4149 2009 4203 quem

356 4230 603 4293 timeat;
634 4227 717 4280 vel
752 4224 1070 4286 hominem,
1106 4238 1275 4293 quem
1311 4225 1664 4275 revereatur.
1703 4244 1723 4267 ι
1764 4221 1893 4275 Erat
1911 4238 2010 4276 au.

354 4323 474 4375 tem
508 4319 563 4371 in
594 4333 661 4370 ea
709 4315 943 4368 civitate
998 4310 1173 4365 vidua
1202 4309 1467 4380 qumdam
1491 4311 1553 4360 ‘5.
1586 4311 1719 4374 Quis
1781 4309 1880 4364 illa
1917 4310 2004 4365 vi-

353 4409 470 4463 dua
498 4406 633 4461 est?
663 4403 860 4458 anima
892 4401 1177 4470 cujusque
1234 4398 1509 4464 hominis,
1542 4414 1668 4468 quea
1700 4397 2001 4454 diabolum

349 4494 667 4567 aliquando
702 4490 980 4547 maritum
1032 4487 1273 4542 habuit:
1306 4503 1419 4557 quo
1472 4487 1795 4556 repudiato,
1829 4486 1995 4541 Chri-

2132 1890 2224 1953 τός
2258 1890 2395 1945 ἐστιν
2432 1893 2458 1946 6
2506 1890 2715 1954 πλάσας
2757 1896 2871 1947 κατ’
2913 1893 3087 1969 ἀρχὰς
3137 1895 3226 1948 τὸν
3259 1892 3542 1970 ἄνθρωπον
3582 1894 3643 1949 ἐκ
3682 1900 3782 1951 τοῦ

2132 1977 2337 2049 πηλοῦ·
2389 1982 2478 2035 τὸν
2524 1982 2682 2036 αὐτὸν
2735 1980 2800 2050 δὴ
2852 1982 3052 2057 τρόπον
3101 1983 3190 2038 καὶ
3237 1989 3357 2045 τοῖς
3392 1990 3656 2055 μαθηταῖς
3695 1984 3781 2039 ἐν·

2136 2068 2384 2145 εφύσησε,
2436 2067 2669 2136 δεικνὺς,
2716 2069 2797 2125 ὅτι
2844 2070 3002 2133 αὐτός
3048 2071 3186 2126 ἐστιν
3240 2073 3268 2126 6
3301 2069 3426 2133 δοὺς
3462 2074 3632 2141 πνοὴν
3689 2074 3777 2128 καὶ

2137 2159 2280 2227 ζωὴν
2335 2164 2451 2221 τοῖς
2498 2159 2804 2235 ἀνθρώποις
2852 2158 2942 2214 διά
2982 2165 3080 2215 τοῦ
3120 2159 3356 2216 παλαιοῦ
3388 2161 3779 2239 ἐμφυσήματος

2131 2251 2228 2299 τοῦ
2286 2246 2423 2321 πρὸς
2477 2248 2569 2302 τὸν
2622 2245 2818 2320 Ἀδάμ.
2879 2249 3061 2305 Εἰπὼν
3123 2247 3179 2304 δὲ
3238 2249 3439 2312 αὐτοῖς·
3499 2275 3527 2301 ‹‹
3576 2246 3778 2306 Λάϐετε

2134 2340 2350 2407 Πνεῦμα
2396 2338 2572 2410 ἅγιονι
2635 2334 2887 2392 »ἔδωκεν
2948 2338 3128 2399 αὐτοῖς
3186 2337 3424 2410 ἐξουσίαν
3478 2340 3568 2393 καὶ
3614 2340 3775 2415 χάριν

2134 2421 2223 2477 διά
2251 2430 2345 2479 τοῦ
2377 2424 2765 2502 ἐμφυσήματος
2796 2427 2930 2502 πρὸς
2972 2428 3032 2481 τὸ
3080 2428 3289 2503 ἀφιέναι
3342 2428 3629 2501 ἁμαρτίας.
3682 2428 3780 2482 Διά

2130 2519 2230 2580 τῆς
2289 2512 2684 2591 ἇπιφοιτήσεως
2736 2514 2787 2570 ἐν
2842 2519 2909 2588 τῇ
2963 2515 3090 2589 ἁγίᾳ
3138 2519 3482 2589 Πεντηκοστῇ
3532 2518 3632 2583 τήν
3682 2522 3779 2571 τοῦ

2136 2601 2508 2675 βαπτίσματος
2563 2604 2651 2657 καὶ
2707 2604 2805 2672 τὴν
2864 2609 2972 2658 τῶν
3031 2604 3272 2677 σημείων
3325 2603 3587 2680 ἑνὲργειαν
3638 2626 3776 2678 παρ-

2131 2697 2266 2765 εῖχε.
2349 2693 2439 2745 Διό
2512 2712 2695 2769 φησιν·
2776 2719 2801 2745 ‹‹
2875 2694 3055 2767 Ὑμεῖς
3116 2691 3172 2748 δὲ
3236 2694 3661 2769 βαπτισθήσεσθε
3720 2694 3772 2749 ἐν

2130 2780 2400 2852 Πνεύματι
2432 2781 2586 2856 άγίῳ,
2640 2781 2728 2835 καὶ
2782 2781 3020 2855 λήψεσθε
3060 2779 3285 2855 δύναμιν
3321 2778 3645 2846 ἐπελθόντος
3676 2787 3774 2837 τοῦ

2128 2869 2284 2943 ἁγίου
2330 2869 2637 2941 Πνεύματος
2698 2869 2777 2947 ἐφ’
2837 2871 2994 2943 ὑμᾶς.
3046 2896 3073 2921 ››
3128 2872 3239 2945 Πρὸ
3286 2870 3387 2945 γὰρ
3435 2875 3532 2925 τοῦ
3564 2873 3771 2934 πάθους

2124 2957 2222 3011 οὐκ
2278 2956 2328 3011 ἐν
2390 2957 2659 3031 Πνεῦματι
2719 2958 2857 3033 ἁγίῳ
2912 2961 3009 3020 τάς
3065 2956 3231 3020 ἰάσεις
3280 2957 3494 3013 ἐποίουν
3541 2960 3591 3012 o't
3632 2958 3769 3013 ἀπό-

2121 3044 2330 3118 στολοι,
2409 3044 2553 3101 ἀλλά
2624 3051 2691 3120 τῇ
2769 3047 2914 3122 παρά
2965 3052 3061 3101 τοῦ
3118 3052 3349 3122 Χριστοῦ
3410 3047 3619 3118 ἐξουσίᾳ
3673 3047 3765 3102 καὶ

2120 3137 2426 3211 προστάξει.
2492 3161 2511 3185 ιι
2574 3135 2741 3192 Οῦπω
2799 3137 2900 3211 γὰρ
2950 3136 3014 3204 ἦν
3062 3140 3281 3207 Πνεῦμα
3311 3136 3481 3210 ἅγιον,
3515 3135 3595 3190 ὅτι
3657 3138 3765 3206 ’1η-

2131 3228 2253 3285 σοῦς
2302 3222 2515 3278 οὐδέπω
2573 3221 2854 3294 ἐδοξάσθη.
2916 3249 2943 3277 ››
2996 3222 3310 3294 Δεδὸξασται
3361 3222 3419 3279 δὲ
3450 3224 3680 3299 ἐγερθεὶς
3718 3224 3775 3278 ὲκ

2128 3317 2354 3385 νεκρῶν,
2392 3338 2417 3363 ‹‹
2451 3318 2667 3387 Πνεῦμα
2696 3310 2753 3367 δὲ
2809 3315 2956 3387 ἅγιον
3017 3313 3297 3386 ὀνομάζων
3357 3313 3418 3367 οὗ
3474 3318 3572 3367 τοῦ
3620 3313 3775 3387 άγίου

2132 3399 2444 3472 ΙΙνεύματος
2496 3402 2595 3469 τὴν
2658 3400 2964 3455 ὑπόστασιν·
3024 3400 3154 3455 αὐτὸ
3210 3402 3314 3477 γὰρ
3358 3403 3424 3470 ἣν
3455 3423 3513 3456 τε
3543 3401 3624 3455 ἀεὶ
3686 3401 3773 3455 καὶ

2132 3487 2239 3545 ἔστι
2272 3492 2359 3546 καὶ
2389 3490 2555 3560 ἔσται,
2587 3492 2731 3548 ἀλλά
2760 3494 2823 3547 τὸ
2853 3494 2948 3547 τοῦ
2980 3493 3135 3568 άγίου
3169 3494 3481 3566 Πνεῦματος
3505 3495 3772 3569 χάρισμα,

2131 3578 2262 3654 ὅπερ
2294 3582 2428 3635 κατά
2455 3584 2551 3650 την
2587 3579 2810 3652 δεκάτην
2844 3580 3050 3655 ἡμέραν
3081 3588 3179 3650 τῆς
3208 3580 3551 3655 ἀναληψεως,
3577 3603 3775 3651 πεντη-

2131 3671 2331 3738 κοστὴν
2366 3668 2422 3724 δὲ
2449 3678 2547 3740 τῆς
2578 3670 2934 3741 ἀναστάσεως,
2968 3669 3055 3724 ἐπὶ
3087 3669 3213 3732 τοὺς
3262 3676 3494 3745 Χριστοῦ
3529 3674 3778 3743 μαθητάς

2129 3779 2326 3821 κατεφο
2336 3759 2417 3828 ίτη
2427 3780 2509 3813 σεν
2518 3803 2530 3816 ,

2199 3867 2392 3941 Ἐρώτ.
2454 3864 2522 3921 λ’.
2572 3866 2661 3927 Τίς
2734 3865 2871 3921 ἐστιν
2942 3866 2969 3920 6
3040 3867 3232 3940 κριτὴς
3300 3873 3402 3935 τῆς
3450 3863 3681 3931 ἀδικίας,
3743 3868 3773 3921 6

2132 3957 2269 4027 μήτε
2296 3956 2385 4009 τὸν
2439 3955 2565 4009 Θεὸν
2624 3950 2985 4031 φοϐούμενος,
3020 3957 3158 4027 μήτε
3189 3955 3473 4029 ἄνθρωπον
3522 3954 3774 4029 ἐντρεπόο

2128 4065 2285 4117 μενος
2311 4063 2324 4110 ;

2193 4132 2380 4187 ’Λπόκ·
2432 4134 2491 4189 Ὁ
2535 4131 2682 4194 Θεός·
2739 4129 2863 4188 οὔτε
2909 4133 3013 4208 γὰρ
3063 4133 3189 4188 Θεὸν
3235 4132 3378 4208 ἔχει,
3426 4132 3482 4186 ὅν
3516 4128 3769 4211 φοϐηθή-

2118 4244 2284 4294 σεται,
2334 4218 2455 4277 οὔτε
2511 4222 2791 4295 ἄνθρωπον
2852 4222 3262 4295 ἐντραπήσεται.
3316 4246 3345 4274 ‹‹
3393 4224 3549 4296 Χήρα
3594 4218 3653 4276 δὲ.
3681 4244 3764 4285 τις

2114 4314 2178 4380 ἦν
2209 4311 2259 4367 ἐν
2290 4310 2356 4385 τῇ
2388 4311 2566 4366 πόλει.
2605 4334 2631 4359 ι)
2688 4311 2777 4372 Τίς
2836 4309 2891 4365 δὲ
2935 4313 2969 4380 ἡ
3027 4313 3176 4385 χήρα
3227 4310 3402 4379 ἐκείνη
3437 4337 3452 4379 ς
3492 4312 3525 4378 ἡ
3559 4312 3764 4374 παντὸς

2114 4399 2397 4475 ἀνθρώπου
2429 4402 2605 4473 ψυχή,
2638 4400 2671 4467 ἢ
2724 4420 2856 4454 ποτε
2886 4400 2976 4453 τὸν
3011 4394 3269 4454 διάϐολον
3303 4395 3471 4473 ἄνδρα
3530 4398 3760 4474 ἔχουσα,

2109 4491 2198 4543 καὶ
2232 4488 2575 4564 ἀποῤῥίψασα
2632 4487 2813 4558 αὐτὰν,
2873 4490 2962 4544 τὸν
3022 4486 3079 4543 δὶ
3135 4489 3359 4561 Χριστὸν
3420 4488 3756 4565 ἐνστερνισα-

346 4558 504 4640 stum
540 4601 605 4639 ex
636 4582 829 4635 animo
862 4575 1303 4647 complectitur:
1355 4574 1530 4627 vidua
1578 4579 1689 4639 est,
1722 4591 1787 4629 ac
1820 4592 1993 4632 orans

2140 4578 2266 4646 .tm,
2517 4579 2798 4652 τυγχάνει,
2849 4577 2938 4631 καὶ
2988 4558 3321 4632 δέεταικαΘ³
3351 4558 3580 4647 εκάστην
3610 4580 3755 4651 ἡμέ-

342 4680 511 4729 nocte
542 4673 751 4742 dieque
775 4668 1037 4739 judicem
1080 4666 1442 4735 deprecatur,
1485 4667 1541 4717 et
1571 4662 1777 4734 lugens
1807 4664 1984 4720 dicit:

342 4785 370 4813 «
401 4763 641 4819 Vindice
677 4777 767 4814 me
799 4759 868 4813 de
899 4753 1228 4812 adversario
1262 4769 1387 4808 meo
1411 4753 1473 4806 ν’.
1514 4775 1533 4799 ιι

404 4944 621 5005 Ουιιεετ.
660 4939 853 4992 XXXI.
890 4933 1028 5001 Quis
1061 4938 1253 4987 autem
1287 4937 1376 4985 est
1400 4930 1806 4985 adversarius?

404 5032 569 5085 ltssp.
606 5029 903 5094 Diabolus,
956 5024 1052 5095 qui
1101 5029 1381 5092 tanquam
1443 5020 1530 5074 leo
1580 5020 1816 5091 rugiens
1864 5019 1980 5074 cir-

330 5120 468 5185 cuit,
502 5135 764 5190 quarens
798 5131 969 5186 quem
997 5113 1228 5167 devoret
1247 5110 1310 5165 ⁴⁸.
1348 5133 1374 5159 ››

401 5211 618 5273 ρυλεετ.
719 5204 928 5261 XXXII.
1017 5200 1163 5265 Quid
1252 5205 1444 5253 autem
1539 5198 1683 5253 dixit
1762 5200 1973 5268 iudex:

324 5319 353 5349 «
385 5297 629 5355 Etiamsi
664 5312 778 5351 non
811 5293 1047 5348 timeam
1081 5289 1289 5357 Deum,
1324 5303 1431 5342 nec
1486 5286 1784 5342 hominem
1818 5304 1975 5344 reve-

1000 5443 1045 5479 ιοα
1104 5440 1283 5496 Levit.
1343 5456 1457 5511 xu,
1516 5439 1604 5495 l7.

388 5450 430 5488 ⁴¹
464 5447 712 5521 Philipp.
748 5464 808 5513 ll,
868 5446 923 5501 8.
1000 5446 1045 5479 ‘9
1104 5446 1283 5496 Levit.
1343 5457 1376 5493 x

388 5540 470 5580 Il.
504 5523 555 5577 3.
638 5522 678 5554 ‘7
711 5520 850 5575 ibid.
928 5516 972 5550 ⁴⁸
1004 5517 1025 5571 Ι
1055 5518 1209 5569 Petr.
1242 5528 1294 5580 v,
1327 5511 1380 5566 8.

310 5537 403 5580 XVI
432 5540 470 5587 ι,
504 5523 555 5577 3.
620 5520 678 5554 ί⁴⁷
711 5520 850 5575 ibid.

1684 5441 1729 5475 ‘3
1784 5441 1954 5497 Joau.
2010 5457 2104 5512 xx,
2160 5443 2250 5497 22.

2103 4686 2195 4739 ραν
2224 4666 2313 4720 καὶ
2344 4666 2525 4736 νύκτα,
2582 4667 2674 4720 τὸν
2727 4667 2917 4741 κριτὴν
2978 4666 3365 4742 παρακαλοῦσα
3410 4666 3499 4720 καὶ
3552 4664 3749 4739 68090-

2099 4754 2230 4826 μὲνη
2261 4755 2350 4809 καὶ
2382 4754 2629 4829 λέγουσα’
2670 4780 2690 4805 α
2745 4751 3059 4825 Ἐκδίκησόν
3105 4776 3171 4827 με
3203 4755 3308 4809 ἀπὸ
3337 4760 3433 4809 τοῦ
3464 4753 3748 4811 ἀντιδίκου

2098 4863 2222 4913 μου.
2261 4868 2281 4894 ι

2165 4932 2355 5004 Ἐρώτ-
2392 4930 2492 4986 λα’·
2523 4930 2612 4992 Τίς
2657 4928 2713 4985 δὲ
2744 4930 2884 4986 ἐστιν
2920 4933 2947 4985 6
2980 4929 3285 4999 ἀντίδικοςς

2163 5020 2353 5076 Ἀπόκ.
2387 5021 2446 5076 Ὁ
2475 5015 2754 5090 διάϐολος,
2788 5022 2815 5075 6
2849 5046 2874 5071 «
2901 5021 2975 5083 ὡς
3008 5022 3145 5075 κέων
3177 5020 3485 5093 ὠρυόμενος
3507 5042 3742 5095 περιπα-

2087 5112 2217 5173 τῶν,
2255 5114 2429 5179 ζητῶν
2460 5109 2579 5164 τίνα
2625 5110 2877 5183 καταπίῃ.
2916 5134 2942 5161 ››

2161 5199 2353 5271 Ἑρώτ.
2388 5196 2494 5273 λβ’.
2526 5198 2593 5255 Τί
2652 5196 2707 5252 δέ
2759 5198 2902 5252 εἶπεν
2955 5199 2982 5251 6
3026 5199 3241 5273 κριτής
3305 5222 3332 5250 ιι
3388 5199 3454 5255 Εἴ
3500 5201 3590 5254 καί
3641 5201 3735 5254 τὸν

2086 5286 2212 5341 Θεὸν
2275 5287 2335 5342 οὐ
2394 5282 2692 5364 φοϐοῦμαι,
2751 5288 2842 5341 καὶ
2894 5288 3175 5363 ἄνθρωπον
3233 5287 3330 5343 οὐκ
3377 5287 3734 5363 ἐντρέπομαι,

2329 5442 2377 5479 “
2431 5443 2557 5499 Aot.
2612 5459 2652 5513 ι,
2715 5442 2768 5500 8.
2849 5442 2896 5478 “
2948 5441 3120 5500 Joan.
3178 5458 3279 5514 vn,
3338 5441 3428 5499 39.
3506 5444 3727 5501 “Luc.

381 5665 493 5742 (81)
526 5665 651 5720 Hac
684 5667 771 5720 est
803 5660 1047 5736 quaestio
1080 5657 1146 5713 28
1176 5654 1521 5713 Theodoreti
1549 5657 1604 5712 in
1643 5656 1807 5713 Levii.
1842 5655 2050 5712 iisdem
2078 5655 2200 5713 fere
2232 5654 2443 5714 verbis.
