2048 3106
1505 5 1523 13 ,1
1534 5 1647 22 νέας-η.
1658 6 1902 34 Ῐ-λτξτνμξτγρῖ
1919 10 1950 32 "m7
1963 9 1975 29 τ
2001 9 2011 12 Α

180 186 237 215 ’121
818 185 983 221 ΟΗᾸΞΞἿῚ(

1046 183 1075 215 lS
1097 185 1135 215 IN
1160 186 1196 215 N.
1219 186 1254 215 T.
1826 183 1886 214 722

181 250 244 278 ἀλλ’
272 249 317 278 οὖν
348 249 484 285 ἐκδικήσω
511 249 605 284 αὐτὴν,
631 249 677 277 ἵνα
714 251 751 287 μὴ
783 250 921 288 ἐρχομένη
953 250 983 278 ὗτι

1060 259 1134 284 rear,
1152 251 1305 280 vindicabo
1320 253 1418 279 tamen
1436 258 1512 284 eam,
1529 259 1564 278 ne
1578 250 1696 278 veniens
1723 258 1770 278 me
1795 249 1885 286 sugil-

179 295 286 332 ωπιάζῃ
304 305 345 331 με.
363 306 377 320 ››
394 294 445 322 Καὶ
470 294 589 333 έπιφέρει
605 295 619 322 6
643 294 740 333 Κύριος
762 294 858 333 λέγων·
878 307 888 320 ιι
906 294 1003 322 Ἀκού-

179 350 252 375 σατε,
266 339 293 367 τί
309 338 384 376 λέγει
400 339 414 366 6
429 339 525 376 κριτὴς
541 342 591 374 τῆς
607 338 712 371 ἀδικίας
741 351 754 365 ι(
771 339 786 366 6
810 339 884 370 Θεός’
909 337 1002 373 ἐπειδή

177 384 262 420 κρίνει
290 384 334 411 καὶ
363 383 515 421 κατακρίνει
544 384 606 415 τοὺς
636 383 754 415 ἀδίκους.
783 395 797 410 ‹‹
823 383 924 420 Δικαίῳ
951 383 1001 421 γὰρ

175 429 262 465 νόμος
279 427 310 456 οὐ
324 430 421 456 κεῖται.
439 440 454 454 ››

211 473 309 511 Ἐρώτ.
325 472 377 511 λγ¹.
394 475 456 504 ΙΙῶς
484 473 606 508 νοητέον,
623 472 665 501 ὅτι
691 485 706 499 ιι
728 476 754 501 Ὁ
778 471 851 511 ἔχων
878 472 998 509 ἱμάτιον,

173 517 334 553 πωλησάτω
349 517 424 553 αὐτὸ,
439 517 484 545 καὶ
499 517 656 556 ἀγορασάτω
674 517 811 556 μάχαιραν
825 526 831 551 ;
851 528 865 543 ››

207 604 304 636 Ἀπόκ.
327 608 413 634 Τοῦτο
438 607 495 634 εἷπε
514 606 642 645 γνωρίσαι
667 606 753 635 θέλων
779 607 793 634 6
813 606 913 643 Κύριος
936 609 996 637 τοῖς

168 650 337 682 ἀποστόλοις
350 652 399 686 τήν
414 650 559 689 προδοςίαν
576 651 669 685 αὐτοῦ,
685 650 729 678 καὶ
744 651 793 685 τήν
819 649 914 689 ἔφοδον
941 652 995 678 τῶν

169 696 322 726 Ἰουδαίων.
348 695 417 726 Οὔτε
435 697 481 725 οὖν
507 697 618 728 τελείως
642 696 859 733 παρεσιώπησεν,
885 695 931 723 ’ίνα
955 697 993 732 μὴ

166 744 202 780 τῇ
217 741 305 780 ἀθρόᾳ
324 740 413 781 ἐφόδῳ
435 743 620 779 ταραχθῶσιν,
637 739 699 769 οὕτε
723 740 804 769 πάλιν
828 740 938 771 τελείως
968 740 994 768 έ-

166 786 310 825 γνώρισεν,
324 785 371 814 ἵνα
387 787 425 823 μή
441 784 529 822 δειλίᾳ
543 785 596 813 τινὶ
611 787 824 823 κατασχεθῶσιν.

201 876 300 913 Ἐρώτ.
317 874 367 904 λό¹.
384 877 446 907 Πῶς
461 876 476 902 6
491 875 579 914 φιλῶν
593 876 642 910 τὴν
659 876 752 913 ψυχὴν
767 875 848 902 αὐτοῦ
863 875 990 903 ἀπολέσει

163 920 250 956 αὖτήν
263 930 270 956 ς

200 965 296 993 ’Δπόκ.
314 965 345 993 Ὀ
361 965 408 1002 μὶν
425 965 512 1004 φιλῶν
527 965 576 1000 τὴν
599 965 691 1002 ψυχὴν
720 964 802 992 αὐτοῦ
829 963 899 992 ἐστιν
914 965 928 992 6
942 964 989 995 τὰς

161 1009 282 1040 ἀτόπους
306 1009 449 1046 ἐπιθυμίας
476 1009 557 1037 αὐτοῦ
580 1011 678 1036 ποιῶν·
704 1010 718 1037 6
740 1008 769 1036 δὲ
793 1011 879 1045 μισῶν
903 1009 986 1044 αὐτήν

162 1054 236 1082 ἐστιν
252 1055 267 1082 ὸ
284 1055 321 1091 μὴ
352 1053 431 1082 εἶ’κων
459 1053 526 1091 αὐτῇ
554 1054 587 1081 τὰ
615 1053 768 1092 βλάπτοντα
796 1053 956 1092 γελιυοούῃ·
973 1054 987 1081 6

163 1098 191 1126 δὲ
208 1098 297 1131 θέλων
313 1098 395 1133 αὐτὴν
413 1098 543 1127 ἀπολέσαι
559 1098 614 1126 ἐστὶ
629 1100 703 1136 παρά
730 1099 762 1126 τὸ
791 1097 850 1127 δέον
879 1098 908 1126 ἐκ
933 1101 986 1127 τῶν

161 1143 358 1181 ἐπερχομένων
384 1143 451 1181 αὐτῇ
476 1142 608 1171 κινδύνων
641 1142 685 1171 καῖ
714 1143 832 1180 θλίψεων
859 1143 904 1171 καὶ
929 1154 987 1171 πει-

159 1190 277 1226 ρασμῶν
306 1187 443 1226 διαφυγεῖν
467 1187 618 1227 ἐφιέμενος.
647 1189 748 1226 ’Ὠσπερ
778 1188 824 1215 οὗν
857 1188 902 1215 καὶ
935 1188 985 1222 τὴν

158 1233 230 1269 ὑπὲρ
259 1232 342 1260 αὐτοῦ
367 1232 392 1259 ἒν
416 1235 475 1263 τοῖς
502 1231 637 1263 κινδύνοις
668 1232 815 1271 γινομένην
847 1232 985 1260 ἀπώλειαν

157 1277 300 1315 σωτηρίαν
326 1276 474 1313 ὠνόμασεν·
501 1276 587 1308 οὕτως
613 1277 720 1315 εὑρήσει
742 1277 825 1312 αὐτὴν
852 1277 889 1308 εἷς
913 1278 985 1312 ζωὴν

155 1323 209 1357 τήν
229 1321 350 1349 αίώνιον.

196 1365 295 1403 Ἐρώτ.
324 1365 372 1394 λε’.
387 1365 418 1393 Τί
445 1365 525 1393 ἐστιν’
542 1378 555 1391 α
573 1365 633 1394 Ἐὰν
662 1366 676 1393 6
701 1364 786 1401 δεξιός
814 1377 863 1393 σου
885 1366 985 1405 ὀφθαλ-

158 1411 227 1448 μὸς,
241 1411 259 1445 ἢ
275 1412 293 1445 ἡ
310 1410 371 1449 χείρ
387 1421 435 1438 σου
459 1409 628 1445 σκανδαλίζει
654 1421 692 1444 σε,
708 1409 833 1448 ἔκκοψον,
847 1411 891 1438 καὶ
919 1410 986 1448 βάλε

156 1455 215 1482 ἀπὸ
232 1457 281 1482 σοῦ
292 1464 300 1489 ;
318 1467 333 1480 ››

194 1500 295 1529 Ἀπόκ.
312 1499 352 1529 Οὖ
381 1500 442 1538 περὶ
470 1501 524 1527 τῶν
555 1499 647 1536 μελῶν
676 1502 724 1527 τοῦ
754 1500 879 1537 σώματος
902 1502 985 1528 τοῦτο

156 1543 271 1582 εἴρηκεν
301 1545 315 1572 6
345 1544 455 1583 Κύριος’
485 1542 588 1582 ἅπαγεί
618 1543 691 1571 ἀλλὰ
718 1544 778 1581 περὶ
818 1544 906 1584 φίλων
940 1545 984 1572 καὶ

156 1591 308 1627 συγγενῶν·
327 1587 398 1626 μέλη
428 1589 478 1628 γὰρ
508 1588 640 1624 ἀλλήλων
667 1587 756 1625 ἐσμέν.
773 1589 832 1617 Ἐὰν
860 1590 918 1623 οὖν,
935 1601 985 1629 φη-

1059 295 1099 323 let
1113 297 1145 324 ⁸⁸.
1164 307 1177 321 ›ι
1193 297 1227 324 Et
1241 296 1341 324 subdit
1356 295 1508 329 Dominus,
1526 295 1644 322 dicens:
1663 306 1675 318 ιι
1693 294 1882 329 Audite,quid

1058 341 1136 368 dicat
1150 341 1237 375 iudex
1253 340 1418 376 iniquitatis
1433 340 1466 372 ⁵ο,
1484 351 1497 363 ››
1515 339 1592 367 Deus
1617 340 1745 372 scilicet;
1763 339 1881 374 iniquos

1058 385 1134 412 enim
1148 386 1263 421 judicat
1276 388 1304 413 et
1324 385 1510 413 condemnat.
1528 396 1542 409 ι‹
1572 386 1654 412 Iusto
1685 392 1810 420 namque
1833 383 1879 412 lex

1056 438 1113 457 non
1130 432 1174 457 est
1190 430 1284 465 posita
1298 430 1332 457 δι.
1351 440 1365 454 ››

1090 475 1202 507 Ουλεετ.
1225 474 1348 502 XXXIII.
1378 474 1529 506 Quomodo
1554 473 1624 500 illud
1651 473 1875 509 intelligendum

1053 521 1116 547 est:
1136 530 1150 544 υ
1165 518 1219 552 Qui
1236 519 1359 555 pallium
1388 518 1486 551 habet,
1516 519 1622 545 vendat
1648 521 1676 545 et
1707 521 1784 545 emat
1811 517 1877 553 gla-

1053 563 1133 590 dium
1149 563 1190 590 ⁶²⁶2
1204 575 1218 589 ››

1088 608 1172 636 Rasr.
1190 608 1248 635 Hoc
1263 608 1328 636 ideo
1345 608 1419 635 dixit
1434 607 1588 637 Dominus.
1605 610 1637 634 ut
1653 607 1792 642 apostolis
1807 615 1873 642 pro-

1050 652 1189 680 ditionem
1206 653 1263 680 sibi
1278 653 1462 684 intentatam,
1479 656 1577 679 nolam
1592 652 1707 683 faceret,
1723 655 1752 678 et
1765 651 1872 679 adven-

1049 698 1113 724 tum
1127 697 1307 724 Judaeorum.
1321 697 1394 733 Ergo
1410 696 1482 724 illud
1500 705 1553 723 nec
1568 696 1688 723 omnino
1716 695 1870 729 subticuit,

1049 748 1084 768 ne
1101 742 1251 777 repentino
1267 742 1357 769 turba:
1373 742 1496 769 adventu
1514 743 1702 772 terrerentur,
1715 748 1768 767 nec
1782 740 1869 767 etiam

1047 785 1165 821 penitus
1181 786 1239 814 illis
1253 785 1392 814 indicavit
1408 786 1516 820 omnia,
1534 793 1570 812 ne
1584 785 1799 820 corriperentur
1814 784 1868 812 ali-

1045 837 1104 865 quo
1120 833 1211 858 metu.

1081 875 1186 907 QUEST
1200 875 1319 904 XXXIV.
1343 875 1491 909 Quomodo
1510 885 1523 901 ιι
1552 875 1602 910 qui
1632 877 1712 902 amat
1737 874 1866 902 animam

1045 926 1141 954 suam,
1162 920 1263 956 perdet
1276 928 1339 948 eam
1356 920 1401 947 5'?
1411 931 1425 945 ιι

1079 962 1163 992 Rssr.
1186 966 1213 991 ιε
1229 964 1358 1000 quidem,
1374 964 1423 1000 qui
1439 973 1523 992 suam
1549 967 1627 991 amat
1653 964 1794 998 animam,
1818 966 1863 992 est

1042 1008 1090 1042 qui
1107 1009 1251 1036 absurdus
1267 1010 1519 1044 concupiscentiae
1542 1017 1612 1036 suas
1629 1012 1786 1044 perpetrat.
1807 1011 1860 1043 Qui

1041 1060 1108 1080 vero
1123 1053 1184 1080 odit
1197 1062 1271 1084 eam.
1289 1056 1333 1081 est
1347 1054 1395 1089 qui
1416 1054 1470 1089 ipsi
1489 1054 1572 1081 noxis
1594 1055 1708 1088 jubenti
1738 1056 1860 1084 minime

1042 1098 1130 1125 cedit.
1146 1098 1199 1129 Qui
1217 1101 1315 1126 autem
1327 1098 1455 1126 animam
1471 1107 1554 1125 suam
1571 1099 1632 1126 vult
1656 1101 1786 1134 perdere.
1816 1106 1861 1131 est

1041 1142 1090 1177 qui
1108 1142 1290 1169 imminentia
1301 1142 1439 1178 pericula,
1456 1143 1627 1170 afﬂictiones
1640 1148 1668 1171 et
1684 1146 1861 1175 tentationes

1041 1188 1098 1216 alio
1113 1196 1199 1223 quam
1217 1197 1269 1224 par
1283 1188 1322 1216 sit
1336 1189 1422 1217 modo
1437 1189 1563 1223 effugere
1589 1192 1677 1225 cupit.
1710 1192 1745 1220 Ut
1773 1194 1863 1225 igitur

1041 1238 1161 1261 mortem
1174 1234 1202 1261 in
1219 1234 1357 1270 periculis
1372 1234 1417 1262 sui
1437 1243 1525 1263 causa
1541 1240 1719 1271 susceptam,
1737 1239 1861 1268 salutem

1039 1279 1165 1309 vocavit.
1178 1278 1218 1305 ita
1233 1280 1344 1306 certum
1361 1281 1406 1306 est
1429 1287 1494 1306 eum
1512 1279 1592 1306 illam
1611 1280 1640 1306 in
1668 1281 1726 1308 vita
1755 1286 1863 1312 (eterna

1039 1322 1238 1351 inventurum.

1075 1368 1188 1399 Qums'r.
1206 1368 1311 1396 XXXV.
1327 1368 1473 1402 Quidnam
1495 1371 1539 1396 est
1569 1368 1639 1396 illud
1663 1379 1686 1397 τι
1704 1371 1732 1397 Si
1759 1372 1862 1400 oculus

1040 1414 1109 1440 tuus
1133 1413 1242 1448 dexter,
1258 1415 1309 1441 aut
1336 1422 1442 1441 manus
1462 1415 1513 1441 tua
1542 1415 1719 1442 scandalizat
1747 1419 1783 1449 te,
1809 1417 1860 1444 ab-

1040 1457 1148 1492 scidde,
1165 1460 1193 1484 et
1209 1458 1315 1494 projice
1328 1458 1379 1484 abs
1395 1459 1423 1484 te
1436 1458 1481 1485 “‘1
1499 1470 1512 1481 υ

1076 1502 1152 1530 Rssa
1180 1502 1242 1529 Non
1258 1503 1293 1530 de
1312 1502 1453 1530 membris
1477 1503 1605 1538 corporis
1629 1503 1683 1530 hoc
1712 1504 1785 1532 dixit
1808 1508 1858 1533 Do-

1041 1546 1148 1578 minus,
1165 1546 1258 1574 absit!
1276 1546 1327 1574 sed
1343 1547 1378 1574 de
1401 1546 1503 1574 amicis
1519 1549 1546 1574 et
1561 1549 1709 1582 cognatis:
1728 1551 1859 1578 membra

1040 1598 1167 1626 namque
1178 1598 1282 1618 sumus
1295 1590 1430 1618 invicem.
1455 1591 1484 1618 Si
1514 1591 1613 1627 igitur,
1631 1592 1737 1628 inquit.
1767 1594 1859 1623 habes

156 1634 212 1668 σὶν,
229 1632 296 1672 ἔχῃς
312 1634 390 1673 φίλον
406 1633 450 1661 καὶ
472 1635 587 1672 συγγενῆ
613 1633 756 1671 ἀναγκαῖόν
786 1644 827 1661 σοι
856 1621 983 1669 ὅ·ιτα,ι‹ξ›ς

1046 1635 1167 1662 amicum
1185 1637 1413 1670 autcognatum,
1429 1636 1513 1671 cujus
1528 1638 1610 1663 tanta
1626 1638 1677 1664 tibi
1696 1639 1735 1665 sit
1761 1648 1856 1667 neces-

153 1677 245 1713 δεξιὸν
263 1677 405 1716 ὀφθαλμὸν
420 1678 438 1713 ἢ
455 1680 544 1716 χεῖρα·
560 1677 670 1705 κατὰτὸ
687 1677 828 1716 εἰρημένον
855 1679 907 1706 ὑπὸ
934 1681 983 1706 τοῦ

152 1720 233 1759 Ἰὼϐ,
250 1722 292 1750 ὅτι
311 1733 322 1747 ι
348 1723 506 1761 Ὀφθαλμὸς
534 1721 611 1759 ἤμην
640 1721 761 1762 τυφλῶν,
777 1723 844 1754 ποῦς
874 1721 903 1751 δὲ
927 1733 983 1761 χω-

153 1769 224 1795 λῶν·
241 1779 256 1792 ν
271 1766 315 1794 καὶ
333 1765 402 1797 ἴδοις
418 1767 510 1794 ἑαυτὸν
535 1766 723 1804 βλαπτόμενον
747 1768 797 1802 τήν
818 1768 909 1806 ψυχήν
938 1768 983 1795 ὑπ’

150 1811 250 1847 αὐτοῦ,
267 1810 383 1848 ἔκκοψον
414 1810 492 1838 αὐτὸν
517 1812 569 1839 ἀπὸ
594 1813 651 1838 σοῦ·
670 1810 783 1848 οὐδεμία
806 1812 858 1850 γὰρ
881 1823 981 1840 κοινω-

149 1854 198 1881 νία
215 1854 285 1894 φωτὶ
301 1855 369 1893 πρὸς
384 1854 488 1891 σκότος,
507 1854 625 1891 μάλιστα
647 1854 690 1882 ἐὰν
716 1855 881 1893 ὑποκρίσεώς
909 1866 982 1887 τινος

149 1900 198 1927 καὶ
216 1898 301 1927 δόλου
318 1900 480 1937 μετέχωσιν.

188 1946 247 1973 Τοῦ
263 1943 459 1982 Χρυσοστόμου
474 1943 524 1976 λςέ.
544 1947 633 1979 Συκῆν
650 1944 709 1982 εἶχέ
723 1954 764 1975 τις
781 1944 807 1971 ἐν
829 1947 869 1981 τῷ
893 1946 979 1982 ἀμπε-

151 1988 226 2017 λῶνι
256 1988 411 2023 αὖτοῦ,καὶ
438 1988 508 2024 ἦλθε
537 1991 624 2024 ζητῶν
653 1988 679 2016 έν
707 1989 775 2027 αὐτῇ
797 1989 911 2027 καρπὸν,
935 1990 978 2017 καὶ

151 2033 211 2071 οὐχ
225 2034 314 2071 εὗρεν.

189 2078 286 2106 Ἀπόκ.
303 2081 393 2113 Συκῆν
411 2075 469 2109 ἔθος
484 2079 518 2115 τῇ
534 2079 627 2117 Γραφῇ
641 2078 734 2106 καλεῖν
763 2079 812 2113 τήν
840 2078 866 2106 έν
891 2079 979 2117 ἁμαρ-

147 2123 225 2154 τίαις
239 2123 344 2161 ψυχήν·
361 2121 509 2159 ἀμπελῶνα
535 2121 564 2149 δὶ
585 2123 636 2157 τὴν
662 2125 715 2150 τῶν
744 2126 846 2151 πιστῶν
859 2123 977 2159 Ἐκκλη-

147 2168 221 2195 σίαν·
240 2165 450 2205 ἀμπελουργοὺς
481 2165 510 2194 δὲ
538 2166 602 2198 τοὺς
630 2167 774 2205 ἀγγέλους.
789 2167 865 2196 Ἐπεὶ
891 2167 936 2195 οὖν
951 2168 976 2196 έν

146 2214 185 2250 τῇ
203 2211 355 2248 Ἐκκλησίᾳ
369 2211 487 2247 ἀναξίαις
504 2212 624 2250 βιοῦντες
640 2213 711 2248 (81¹)
725 2215 774 2247 τῆς
789 2212 915 2248 πίστεως,
929 2212 979 2240 οὒκ

147 2256 297 2294 ἆμπελὼν,
328 2255 402 2284 ἀλλά
441 2257 509 2291 συκῆ
546 2255 734 2292 ὀνομάζονται.
766 2257 813 2285 Ἐκ
839 2257 897 2288 νέας
928 2258 975 2294 μὲν

1038 1679 1121 1714 sitas,
1135 1682 1245 1715 quanta
1254 1679 1296 1706 vel
1314 1680 1422 1707 dexteri
1440 1680 1481 1706 tui
1499 1681 1574 1708 262
1592 1681 1667 1708 oculi
1684 1682 1726 1709 vel
1744 1692 1859 1717 manus,

1033 1724 1117 1760 juxta
1132 1724 1242 1752 dictum
1259 1724 1324 1752 Jobi
1339 1732 1345 1751 :
1359 1736 1373 1749 «
1389 1724 1498 1752 Oculus
1515 1734 1593 1752 eram
1606 1734 1760 1758 caecorum,
1772 1732 1801 1755 ct
1811 1738 1860 1765 pes

1037 1768 1208 1796 claudorum
1223 1768 1259 1801 xu;
1278 1779 1292 1793 ι)
1307 1770 1336 1796 et
1349 1769 1458 1796 videris
1473 1770 1509 1796 ab
1524 1769 1588 1805 ipso
1604 1771 1744 1798 damnum
1759 1772 1858 1801 inferri

1039 1812 1141 1840 anima;
1166 1815 1231 1846 ture,
1249 1813 1386 1840 abscinde
1401 1821 1485 1840 eum:
1500 1814 1579 1840 nulla
1596 1823 1723 1850 namque
1737 1816 1792 1843 luci
1810 1826 1858 1844 so-

1036 1857 1126 1885 cietas
1142 1865 1208 1885 cum
1224 1857 1371 1891 tenebris;
1389 1857 1514 1885 maxime
1530 1858 1552 1884 si
1567 1859 1635 1893 quid
1651 1859 1791 1887 simulent
1814 1861 1856 1888 vel

1037 1902 1238 1930 fraudulenter
1248 1904 1345 1937 agant.

1071 1948 1267 1974 Casxsosrom
1282 1946 1404 1973 XXXVI.
1425 1946 1521 1973 I-‘icnm
1539 1946 1664 1973 habebat
1689 1948 1810 1982 quidam
1827 1949 1855 1977 in

1035 1990 1118 2018 vinea
1134 1999 1198 2025 sua,
1212 1992 1240 2018 et
1254 1990 1333 2017 venit
1348 1998 1481 2026 quaerens
1495 1990 1523 2017 in
1536 1999 1568 2017 ea
1584 1991 1723 2026 fructum,
1750 1995 1778 2020 et
1799 2001 1855 2021 non

1035 2034 1146 2062 invenit
1159 2035 1191 2062 ⁸⁸.

1071 2079 1158 2106 Beas.
1187 2078 1286 2106 Ficum
1317 2078 1468 2115 Scriptura
1496 2087 1600 2106 vocare
1631 2080 1704 2107 solet
1731 2082 1857 2117 peccatis

1036 2123 1190 2151 obnoxiam
1214 2123 1359 2156 animam;
1375 2122 1488 2150 vineam
1507 2132 1571 2150 vero
1603 2124 1731 2152 fidelium
1760 2126 1857 2153 Eccle-

1029 2169 1106 2203 _siam
1121 2178 1128 2203 ;
1144 2169 1281 2196 vinitores
1298 2172 1407 2202 autem,
1439 2169 1567 2204 angelos.
1584 2169 1703 2201 Quando
1724 2171 1812 2205 igitur
1826 2172 1855 2199 in

1033 2215 1161 2243 Ecclesia
1176 2214 1265 2242 vitam
1281 2214 1393 2242 ducunt
1408 2214 1465 2241 ﬁde
1485 2223 1537 2242 sua
1552 2214 1723 2250 indignam;
1742 2225 1797 2244 non
1813 2217 1855 2245 vi-

1033 2267 1087 2287 nea
1102 2261 1251 2292 vocantur,
1274 2259 1324 2287 sed
1354 2259 1437 2286 ficus.
1466 2260 1537 2292 Quia
1560 2269 1576 2286 ει
1605 2261 1705 2287 tenera
1734 2261 1852 2297 quidem

148 2300 274 2336 ἡλικίας,
291 2300 328 2330 ὡς
354 2300 437 2336 εἰκὸς,
454 2299 478 2327 ἐν
504 2300 572 2338 αὐτῇ
597 2301 767 2340 φυτευθέντες
796 2299 839 2328 διὰ
854 2303 901 2329 τοῦ
927 2302 975 2339 βα-

1046 2307 1122 2339 itate,
1139 2311 1171 2333 ut
1185 2314 1237 2341 par
1250 2307 1304 2340 est,
1321 2305 1348 2332 in
1366 2313 1399 2332 ea
1416 2312 1466 2341 per
1481 2305 1659 2341 baptismum
1674 2306 1808 2341 plantati,
1825 2310 1853 2336 et

148 2346 318 2382 πτίσματος,
335 2345 419 2384 μέχρι
435 2343 464 2373 δὶ
481 2346 584 2383 γήρους
607 2346 653 2373 τὸν
676 2345 776 2383 τρόπον
801 2344 974 2382 μεταϐαλλό-

150 2401 241 2427 μενοι·
261 2390 372 2423 ιῖκότως
398 2391 574 2430 μακρόθυμος
591 2392 605 2419 6
620 2392 683 2423 Θεὸς
707 2391 780 2430 λέγει
805 2394 845 2428 τῷ
868 2391 975 2428 ἀμπελ-

149 2439 253 2475 ουργῷ,
283 2435 346 2471 ἤτοι
369 2439 410 2472 τῷ
438 2435 547 2474 ἀγγέλῳ
575 2439 625 2471 τῆς
654 2436 830 2472 Ἐκκλησίας”
861 2449 875 2461 u
905 2436 975 2464 Ἰδοὺ

147 2480 213 2519 τρία
227 2479 274 2515 ἔτη
292 2478 411 2518 ἔρχομαι
428 2482 516 2515 ζητῶν
531 2480 634 2517 καρπὸν
650 2479 676 2508 έν
697 2483 731 2517 τῇ
756 2483 835 2518 συκῇ,
851 2481 895 2508 καὶ
923 2480 976 2518 οὐχ

149 2525 278 2562 εὖρέσκω.
294 2526 429 2561 Ἕκκοψον
459 2524 553 2560 αὐτήν·
575 2524 622 2552 ἵνα
645 2525 670 2552 τί
695 2525 739 2552 καὶ
765 2526 814 2560 τὴν
843 2529 894 2564 γῆν
909 2536 973 2553 κατ-

216 2573 227 2578 .-
261 2572 267 2581 .
321 2568 333 2578 ι
494 2569 500 2578 μ
579 2569 591 2577 οι
688 2569 694 2577 ν
722 2571 728 2578 ι
806 2570 812 2578 1
871 2573 884 2578 -
964 2570 970 2578 ι

146 2580 246 2608 αργει;
269 2570 291 2598 Ο
319 2569 348 2597 et
372 2578 451 2608 φησι·
466 2572 555 2607 Rupis,
576 2580 639 2608 αφες
666 2580 749 2605 αυτην
769 2580 813 2597 και
838 2581 919 2598 τουτο
943 2581 975 2598 το

145 2614 218 2649 ἔτος,
232 2613 287 2645 ἕως
312 2613 343 2641 οὗ
368 2613 462 2650 σκάψω
487 2614 548 2652 περὶ
573 2614 656 2648 αὐτὴν
678 2614 722 2642 καὶ
741 2614 818 2652 βάλω
833 2614 941 2651 κόπρια.
960 2627 974 2639 υ

144 2660 219 2698 Τρία
234 2658 281 2687 οὖν
298 2657 345 2694 ἔτη
361 2657 428 2686 εἶσὶν
449 2657 474 2685 έν
498 2658 663 2696 ἀνθρώποις,
679 2658 705 2685 ἐν
731 2660 772 2690 οἷς
797 2657 904 2697 ἔρχεται
930 2662 975 2694 ζη·

143 2707 200 2733 τῶν
212 2704 318 2742 καρπὸν
337 2702 351 2730 ό
366 2702 443 2739 θεὸς,
469 2703 495 2730 αἲ
519 2705 592 2741 τρεῖς
621 2703 833 2740 μεθηλικιώσιις
856 2705 906 2732 τοῦ
929 2703 972 2730 ἀν-

183 2764 278 2792 "Luc
292 2762 417 2795 “111,4,
439 2762 467 2789 5.
505 2761 528 2780 ⁵ο
556 2762 627 2790 ibid.
642 2763 671 2790 6.
717 2763 861 2790 “l'l‘im.
894 2771 912 2795 ι,
939 2763 964 2789 9.
1003 2763 1026 2780 ⁵³
1068 2763 1135 2791 Luc.
1164 2771 1231 2791 xxu.
1269 2762 1315 2790 36.
1352 2763 1375 2781 ⁵³
1403 2763 1487 2792 Joan.
1518 2772 1566 2797 xu,
1608 2766 1652 2792 25.

185 2800 231 2827 29.
286 2798 374 2826 “Job
397 2805 462 2827 xxv.
493 2797 529 2826 15
579 2798 602 2816 ⁸⁸
631 2798 699 2827 Luc.
716 2806 780 2827 xm.
794 2799 822 2826 6.
873 2798 895 2816 ⁵⁷
910 2798 982 2826 ibid.
998 2799 1027 2827 7.
1042 2799 1068 2827 8.

976 2819 982 2826 ι
1003 2818 1027 2832 υ,
1042 2818 1068 2827 ν.

144 2800 231 2836 v,29.
286 2798 374 2826 “Job
397 2805 462 2831 xxv,
493 2797 529 2826 15
579 2798 602 2816 ⁸⁸
631 2798 699 2827 Luc.
716 2806 780 2833 xm,
794 2799 822 2826 6.

183 2848 253 2886 (εν)
269 2845 383 2883 ἀναξίως
401 2845 531 2884 βιοῦν-ται.

1030 2351 1065 2378 ad
1075 2352 1253 2379 senectutem
1263 2357 1356 2385 usque
1367 2349 1402 2377 ad
1410 2349 1487 2377 hunc
1497 2350 1614 2377 modum
1630 2350 1773 2379 immutati
1784 2360 1851 2381 cum

1030 2394 1204 2428 sint,merito
1222 2394 1296 2421 Deus
1308 2394 1498 2429 quantumvis
1511 2395 1695 2429 mquanimis,
1725 2396 1795 2424 dicit
1814 2398 1848 2424 ad

1030 2439 1182 2466 vinitorem
1199 2437 1242 2465 vel
1254 2437 1390 2474 angelum
1407 2438 1540 2465 Ecclesiae
1555 2448 1560 2465 :
1575 2439 1668 2466 «Ecce
1681 2440 1775 2467 tribus
1789 2442 1849 2476 jam

1030 2483 1115 2511 annis
1130 2482 1223 2514 venio.
1242 2482 1367 2510 fructum
1381 2491 1513 2517 quaerens
1530 2483 1626 2511 inista
1652 2485 1716 2517 ficu.
1735 2494 1786 2513 nec
1806 2488 1851 2514 ta~

1031 2536 1098 2556 men
1114 2527 1237 2555 invenio.
1254 2527 1396 2555 Exscinde
1411 2535 1473 2554 eam
1491 2536 1497 2559 ;
1514 2536 1604 2563 quare
1621 2531 1726 2557 lerrnm
1745 2530 1855 2560 inutili-

1031 2576 1075 2600 ter
1090 2572 1235 2608 occupat?
1247 2572 1295 2599 llle
1310 2580 1375 2599 vero
1393 2573 1566 2608 respondet:
1584 2574 1715 2607 Domine,
1733 2576 1796 2604 sine
1813 2577 1852 2605 il-

1030 2617 1086 2644 lam
1105 2616 1200 2644 adhuc
1216 2616 1269 2643 hoc
1284 2618 1398 2643 tantum
1415 2625 1502 2649 anno,
1521 2617 1612 2645 donec
1629 2618 1708 2647 fovea
1739 2620 1850 2650 circum

1030 2668 1094 2689 eam
1113 2660 1186 2688 facta
1202 2659 1309 2687 misero
1323 2661 1436 2688 stercus
1445 2660 1481 2687 ‘7‘?
1492 2672 1505 2684 ››
1516 2662 1585 2688 'l‘res
1596 2662 1687 2697 igitur
1702 2666 1851 2695 suntanni

1029 2705 1194 2740 hominum,
1210 2704 1240 2732 in
1256 2703 1364 2741 quibus
1378 2704 1458 2732 venit
1474 2707 1547 2733 Deus
1563 2714 1696 2741 quaerens
1712 2708 1849 2745 fructum;

1692 2766 1713 2783 ⁵⁸
1743 2767 1846 2797 Matth.
