2048 3106
187 173 246 203 ’123

769 173 801 203 S.
826 171 1092 203 ATHANASIUS.
1104 189 1140 194 _
1156 172 1311 203 SPURIA.

1838 175 1895 204 ’124

190 248 254 276 quis
276 242 344 267 sunt
367 238 496 267 hominis
520 241 579 266 tres
594 239 679 266 varies
708 241 818 273 (states,
840 241 940 275 utpote
966 247 1009 275 qu:

1073 238 1229 276 θρώπου,ἢ
1262 240 1299 271 ὡς
1327 238 1433 274 παιδία,
1464 239 1603 276 νεώτεροι,
1632 239 1678 267 καὶ
1705 236 1894 278 πρεσϐύτεροι.

190 284 272 320 pueri
289 285 428 320 primum,
447 283 552 311 deinde
568 283 704 319 juvenes,
734 286 882 320 postremo
907 291 1012 312 sumus

188 337 283 357 senes.
309 328 391 355 Multi
408 327 486 355 enim
508 328 536 356 in
554 327 618 364 ipsa
647 331 796 356 senectute
808 329 926 356 demum
943 328 1014 356 resi-

190 381 287 409 puere,
305 372 354 408 qui
378 381 426 408 per
451 372 613 400 afﬂetiones
630 372 712 407 fossi,
729 375 757 400 et
773 381 823 409 per
837 372 1014 402 tentationel

1070 282 1175 311 Πολλοὶ
1205 283 1267 322 γὰρ,
1284 283 1309 311 έν
1337 284 1410 321 αὐτῷ
1438 286 1478 320 τῷ
1502 285 1576 322 γήρᾳ
1605 284 1828 321 μετανοήσαντες,
1851 283 1896 312 διὰ

1070 328 1187 364 θλίψεών
1216 339 1245 355 τε
1274 328 1429 367 παφέντες,
1445 328 1489 356 καὶ
1520 327 1564 356 διὰ
1592 330 1750 365 πειρασμῶν
1781 327 1895 367 δεξάμε-

1068 383 1110 399 νοι
1124 373 1235 410 κόπρια,
1251 374 1300 408 τὴν
1316 373 1413 411 ἀρετὴν
1431 372 1666 412 ἐκαρποφόρησαν.

190 420 304 453 recepto
321 420 457 451 stercore,
475 417 602 445 fructum
619 425 719 453 suum,
735 418 872 445 virtutem
883 417 1005 452 scilicet,
1023 417 1179 453 protulere.

224 464 337 489 CYBILLI
353 461 488 490 XXXVII.
506 462 599 494 Quare
614 461 741 490 Ecclesia
769 464 887 489 vocatur
915 461 1009 490 Eccle-

190 507 244 539 sia,
261 509 289 533 et
300 514 389 541 quare
406 506 513 534 dicitur
527 505 671 534 catholica
681 506 695 533 ?

225 565 312 592 Rsss.
331 564 459 591 Ecclesia
473 564 594 600 quidem
610 564 730 599 dicitur,
755 566 908 600 propterea
936 564 1013 599 quod

190 611 348 636 evocantur
371 617 494 640 omnes;
510 608 654 637 catholica
663 617 740 644 vero,
758 612 910 645 propterea
935 609 1013 645 quod

189 662 241 688 per
257 655 350 680 totum
370 653 515 680 mundum
537 652 643 680 diffusa
662 653 710 680 sit.

224 707 338 739 Qums'r.
358 706 518 739 XXXVIII.,
543 705 624 734 Unde
644 706 753 734 dicitur
768 705 912 734 haeresis?

224 759 310 786 Rssr.
327 759 369 785 Ab
381 767 413 786 eo
436 759 513 794 quod
526 758 593 794 quis
609 758 699 795 eligat
710 761 738 787 et
760 760 938 795 exsequatur
951 766 1015 787 sen-

185 803 308 831 tentiam
322 812 405 831 suam
423 803 580 839 propriam.

226 856 394 883 Paorosmo
410 856 525 884 XXXIX.
548 867 562 881 «
592 856 680 884 Orate
694 865 730 885 ne
754 857 823 893 fuga
837 859 934 885 vestra
963 857 1013 886 fiat

190 901 218 928 in
236 901 340 934 hieme,
358 901 399 928 vel
419 901 446 927 in
464 901 585 929 sabbato
601 901 623 922 '8
640 912 653 926 η

1102 460 1239 500 Κυρίλλου
1255 461 1306 497 λζ.
1322 462 1371 490 Διὰ
1384 462 1410 489 τί
1424 463 1442 498 ἡ
1465 461 1615 497 Ἐκκλησία
1638 461 1760 490 καλεῖται
1777 461 1894 498 Ἐκκλη-

1069 505 1121 540 σία,
1137 506 1181 533 καὶ
1198 505 1243 534 διὰ
1255 505 1282 533 τί
1297 506 1430 542 καθολική
1444 516 1451 541 ;

1104 559 1197 588 Ἀπόκ.
1229 559 1376 595 Ἐκκλησία
1406 560 1463 596 μὶν,
1494 558 1539 587 διὰ
1570 560 1602 587 τὸ
1630 559 1730 591 πάντας
1766 559 1894 588 ἐκκαλεῖ-

1068 606 1137 632 σθαι·
1154 604 1286 640 καθολική
1313 604 1352 640 δὲ,
1368 604 1438 632 διότι
1460 603 1582 632 καθόλου
1610 606 1659 631 τοῦ
1683 604 1787 640 κόσμου
1809 615 1892 642 κεχυ-

1070 649 1137 685 μένη
1154 649 1280 687 ὑπάρχει.

1104 703 1254 741 Ἐρώτησις
1269 704 1323 738 Λη’.
1341 703 1425 735 Ηόθιν
1443 702 1551 741 λέγεται
1567 701 1668 741 αἵρεσις
1683 712 1690 737 ς

1104 756 1201 785 Ἀπόκ.
1217 756 1284 785 Ἀπὸ
1307 759 1356 784 τοῦ
1381 756 1516 794 αἱρεῖσθαί
1543 767 1569 784 τι
1593 754 1662 784 ἴδιον
1680 756 1725 784 καὶ
1749 758 1829 784 τοῦτο
1855 756 1896 792 ἐξ·

1068 801 1227 829 ακολουθεῖν
1232 822 1240 830 .

1103 854 1230 890 Κείμενον
1248 853 1297 883 λθ’.
1316 866 1330 880 ‹‹
1352 852 1479 892 Εὕχεσθε,
1493 853 1540 882 ἵνα
1570 855 1607 891 μὴ
1637 863 1748 891 γενηται
1775 854 1792 888 ὴ
1818 855 1892 893 φυγὴ

1068 898 1144 935 ὑμῶν
1164 898 1189 925 ἐν
1206 900 1336 936 χειμῶνι,
1353 898 1370 932 ἢ
1387 897 1414 926 έν
1430 895 1568 935 σαϐϐάτῳ.

226 945 403 973 EXPLICATIG.
421 946 587 973 Notandum
613 946 690 981 quod
707 945 834 974 hiemem
850 946 926 974 Deus
953 955 1009 976 non

1087 929 1260 981 ’Ἑρμηνὲίαί
1285 929 1470 980 Σημειωιτέον⁷
1496 929 1575 970 ὅτι.ιὸ
1604 943 1668 974 Θεὸς
1687 945 1813 981 χειμῶνα
1841 943 1894 971 οὐκ

190 990 298 1017 fecerit.
318 990 465 1025 Scriptum
481 991 526 1018 est
541 989 635 1018 enim:
656 1002 666 1014 ε
683 992 822 1018 Estatem
850 993 878 1019 et
904 999 953 1018 ver
980 993 1011 1019 tu

193 1034 347 1071 plasmasti
361 1043 393 1061 ea
412 1035 443 1062 5°.
459 1044 472 1059 »
489 1034 599 1071 Fugere
613 1042 681 1063 vero
692 1035 763 1063 dicit
782 1043 848 1063 cum
861 1035 960 1063 animo.
970 1042 1013 1064 se'

192 1081 311 1115 paratur
327 1088 343 1106 a
358 1086 487 1113 corpore.
500 1079 631 1107 Hiemem
658 1082 755 1107 autem
773 1082 890 1116 peccata
917 1082 1010 1115 vocat,

195 1125 226 1151 et.
242 1123 400 1151 Sabbulum
419 1123 562 1151 incuriam
576 1132 583 1158 ;
598 1132 638 1151 vae
654 1126 753 1152 autem
769 1124 917 1161 animaafin
943 1133 1011 1161 peo-

194 1170 269 1202 cato,
286 1168 419 1195 socordia
432 1169 459 1195 et
475 1167 651 1204 negligentia
661 1168 836 1197 constitutae.

222 1224 293 1249 Ama
308 1229 472 1249 raoposnlo
487 1221 542 1249 XL.
560 1232 574 1247 ‹‹
591 1221 742 1258 Lapidem,
767 1229 855 1257 quem
872 1222 1009 1258 reproba-

192 1268 261 1293 runt
275 1266 452 1293 adilicantes
466 1265 498 1292 ⁸ο.
517 1276 531 1290 ››

223 1311 400 1338 ΕΧΡιιιῖΑτιο.
415 1310 501 1346 Lapis
517 1309 565 1338 ille
580 1309 715 1338 Christus
729 1312 784 1343 est,
814 1318 900 1346 quem
931 1310 1008 1339 Scri—

188 1356 243 1390 bae,
264 1354 397 1382 Pharisaei
415 1358 442 1382 et
457 1354 588 1383 seniores
606 1354 720 1383 Judaici
741 1355 839 1391 populi
872 1355 1007 1391 reproba-

188 1402 268 1432 runt,
285 1402 313 1427 ct
326 1400 419 1427 factus
436 1402 480 1427 est
502 1400 592 1435 caput
615 1399 751 1427 Ecclesia:
766 1399 909 1436 gentium.
926 1400 1007 1432 Quod

189 1446 307 1480 propter
319 1444 456 1472 unionem
473 1445 501 1472 et
515 1452 692 1472 consensum
708 1444 786 1479 ﬁdei,
803 1444 853 1480 qui
875 1447 919 1472 est
933 1444 1010 1472 inter

190 1491 303 1524 gentes,
317 1489 433 1515 dicitur.
446 1487 519 1520 Quia
535 1496 662 1524 namque
677 1488 786 1524 posteri
815 1497 882 1516 cum
912 1489 1008 1525 genti-

187 1532 271 1567 lium,
289 1535 350 1559 tum
368 1534 453 1560 etiam
476 1533 643 1561 Judzeorum
674 1532 860 1561 crediderunt
874 1533 904 1561 in
928 1533 1008 1561 Chri-

188 1579 278 1609 stum,
296 1577 394 1612 anguli
411 1576 633 1605 similitudinem
651 1577 737 1605 ret‘ert
751 1577 895 1612 Christus,
912 1578 960 1614 qui
976 1578 1007 1605 il-

186 1620 282 1647 lorum
300 1622 431 1655 posteros
445 1619 591 1656 copulavit
602 1621 630 1647 in
647 1621 713 1648 (ide.
728 1621 911 1650 Diciturvero
920 1622 1008 1650 etiam
1025 1614 1046 1648 C

187 1663 244 1691 alio
253 1665 337 1691 modo
344 1664 383 1691 Ch
390 1664 477 1691 ristus
487 1664 562 1700 lapis
571 1664 882 1701 angularis.Siquidem
893 1667 1010 1702 quando

188 1709 371 1736 construitur
386 1709 491 1736 domus
507 1708 615 1745 aliqua,
637 1711 747 1745 ponunt
775 1711 954 1739 aediﬁcantes
980 1712 1008 1739 in

187 1752 294 1789 angulo
305 1753 379 1780 muri
391 1752 517 1788 lapidem
527 1753 654 1789 aliquem
667 1761 818 1782 summum
828 1755 1008 1792 angularem.

188 1798 238 1833 qui
255 1797 396 1833 angulum
414 1798 442 1824 in
457 1797 630 1826 summitate
645 1798 804 1827 contineat.
837 1799 916 1827 Talis
944 1809 1011 1829 vero

187 1842 262 1878 lapis
279 1843 307 1869 in
318 1851 435 1869 summo
452 1842 513 1870 loco
527 1842 602 1870 muri
619 1843 807 1879 constitutus,
825 1853 883 1872 una
893 1845 1011 1881 copulat

188 1890 216 1915 et
231 1887 359 1914 continet
376 1888 449 1914 duos
465 1887 602 1923 parietes.
620 1887 679 1915 Hoc
702 1887 793 1924 igitur
820 1889 905 1917 modo
928 1889 1009 1917 Chri-

188 1934 251 1959 stus
267 1940 383 1967 quoque
399 1940 536 1959 summus
548 1931 622 1968 lapis
638 1932 788 1969 angularia
803 1932 921 1967 dicitur,
943 1934 1012 1970 quia

186 1976 214 2003 in
227 1984 317 2003 unum
335 1976 452 2011 copulat
474 1976 548 2004 duos
579 1977 653 2004 istos
678 1977 816 2013 populos:
842 1978 1011 2007 Judaaorum

186 2020 320 2047 videlicet
336 2023 363 2047 ct
379 2020 535 2055 gentilium
552 2020 705 2057 populum,
719 2023 806 2059 atque
816 2030 879 2050 eam
894 2024 931 2051 ob
942 2031 1010 2051 cau-

187 2072 249 2092 sam
268 2064 419 2099 angularia
437 2064 510 2100 lapis
526 2065 625 2093 dictus
639 2068 694 2094 est.

221 2154 332 2185 Quasr.
346 2152 417 2185 Quid
436 2155 481 2181 est
495 2154 573 2190 quod
589 2154 662 2182 dixit
676 2154 811 2184 Christus
827 2158 944 2185 Petro...
962 2156 976 2184 ?

1067 987 1186 1023 ἐποίησε.
1204 986 1354 1026 Γέγραπται
1369 987 1432 1025 γάρ·
1457 998 1467 1011 ι

1067 1043 1113 1063 σας
1129 1032 1206 1061 αὐτά.
1223 1044 1237 1058 n
1254 1035 1354 1070 Φυγεῖν
1385 1031 1413 1059 δὲ
1438 1031 1520 1070 λέγει,
1538 1032 1637 1060 ὁπόταν
1654 1033 1671 1067 ἡ
1687 1033 1763 1070 ψυχὴ
1788 1032 1817 1059 ἐκ
1841 1034 1892 1059 τοῦ

1066 1078 1192 1114 σώματος
1216 1077 1375 1115 χωρίζεται.
1395 1077 1524 1113 Χιιμῶνα
1552 1076 1581 1104 δὲ
1608 1077 1657 1108 τὰς
1683 1076 1816 1115 ἁμαρτίας
1846 1087 1893 1104 κα-

1066 1121 1118 1150 λεῖ·
1150 1119 1283 1149 σάϐϐατον
1312 1120 1341 1149 δὲ
1367 1122 1417 1156 τήν
1447 1121 1595 1158 ἆμέλιιαν·
1626 1121 1671 1149 καὶ
1700 1121 1760 1149 οὖαί
1787 1122 1838 1156 τὴν
1865 1121 1891 1148 ἐν

1065 1166 1184 1203 ἁμαρτίᾳ
1199 1165 1244 1194 καὶ
1261 1166 1361 1203 ἀθυμίᾳ
1375 1165 1419 1193 καὶ
1435 1164 1552 1203 ἀμελείᾳ
1565 1167 1669 1204 ψυχήν.

1492 987 1574 1026 Θέρος
1603 988 1647 1015 καὶ
1672 987 1718 1024 ἔαρ
1747 987 1778 1015 σὺ
1802 986 1892 1015 ἔπλα-

1099 1220 1208 1258 Ἒτερον
1233 1219 1358 1257 κείμενον
1385 1220 1422 1257 μ’.
1439 1231 1453 1245 ((
1479 1219 1558 1246 Λίθον
1584 1218 1612 1246 ’ὀν
1635 1217 1839 1255 ἀπεδοκίμασαν
1866 1219 1892 1246 οἱ

1064 1263 1284 1301 οἰκοδομοῦντες.
1302 1276 1316 1290 »

1098 1309 1253 1347 Ἐρμηνεία.
1271 1309 1354 1341 Λίθος
1382 1309 1396 1336 ὁ
1427 1308 1553 1346 Χριστὸς,
1577 1307 1649 1339 ὅστις
1676 1306 1884 1344 ἀπεδοκιμάσθη

1064 1354 1115 1382 ὑπὸ
1143 1356 1196 1381 τῶν
1226 1354 1409 1392 γραμματέων
1436 1353 1481 1381 καὶ
1510 1352 1665 1391 Φαρισαίων
1695 1353 1739 1381 καὶ
1767 1351 1889 1391 πρεσϐυ-

1061 1399 1146 1436 τέρων
1162 1400 1212 1425 τοῦ
1241 1398 1308 1426 λαοῦ
1335 1400 1388 1425 τῶν
1405 1396 1555 1432 Ἰουδαίων,
1570 1397 1616 1425 καὶ
1646 1397 1751 1435 ἐγένετο
1776 1398 1886 1436 κεφαλή

1062 1446 1112 1478 τῆς
1127 1442 1289 1478 Ἑκκλησίας
1305 1444 1359 1470 τῶν
1375 1441 1467 1471 ἐθνῶν.
1480 1443 1511 1469 Ὃ
1527 1441 1633 1480 Λέγεται
1650 1440 1694 1469 διὰ
1712 1442 1743 1469 τὸ
1768 1453 1887 1480 συγκρα-

1061 1490 1116 1515 τεῖν
1134 1486 1159 1515 ἰν
1175 1489 1208 1524 τῇ
1226 1487 1313 1514 πίστει
1329 1486 1367 1518 εἷς
1384 1486 1448 1523 μίαν
1470 1486 1599 1523 ὁμόνοιαν
1625 1486 1659 1513 τὰ
1681 1484 1756 1522 ἔθνη.
1773 1486 1886 1522 Ἐπειδὴ

1061 1533 1112 1570 γὰρ
1126 1532 1159 1559 τὰ
1174 1531 1292 1570 ἀπόγονα
1304 1533 1358 1559 τῶν
1372 1530 1514 1566 Ἐλλήνων
1530 1530 1574 1558 καὶ
1590 1533 1642 1559 τῶν
1669 1529 1807 1559 Ἰουδαίων
1836 1542 1886 1559 πε-

1062 1576 1218 1604 πιστεύκασι
1244 1578 1284 1612 τῷ
1306 1577 1426 1612 Χριστῷ,
1442 1574 1487 1603 διὰ
1511 1577 1591 1603 τοῦτο
1620 1575 1708 1613 γωνίᾳ
1736 1576 1886 1611 ἀπεικάσθη

1064 1621 1108 1649 καὶ
1125 1621 1139 1648 ὁ
1155 1621 1280 1658 Χριστὸς,
1297 1620 1337 1647 ὅτι
1361 1619 1425 1651 τοὺς
1453 1619 1550 1657 γόνους
1577 1619 1687 1647 ἐκείνων
1715 1622 1831 1657 συνῆψεν
1863 1620 1889 1647 έν

1063 1668 1098 1703 τῇ
1114 1665 1211 1693 πίστει.
1230 1665 1339 1703 Λέγεται
1356 1663 1385 1692 δὲ
1398 1664 1449 1692 καὶ·
1460 1665 1528 1692 κατὰ
1551 1663 1636 1693 ἄλλον
1661 1665 1722 1691 τινὰ
1748 1664 1852 1702 τρόπον
1876 1665 1889 1692 ὁ

1064 1711 1179 1749 Χριστὸς
1209 1709 1286 1742 λίθος
1327 1710 1535 1747 ἀκρογωνιαῖος,
1564 1707 1670 1744 έπειδή,
1703 1708 1747 1736 ὅτε
1773 1709 1894 1744 κτίζεται

1065 1755 1147 1789 οῑκία,
1161 1754 1348 1792 προστιθέασιν
1365 1754 1390 1781 οἱ
1407 1752 1617 1790 οἰκοδομοῦντες
1642 1753 1668 1781 ἐν
1693 1755 1727 1790 τῇ
1743 1753 1831 1791 γωνίᾳ
1844 1752 1893 1781 τοῦ

1064 1799 1177 1838 τοίχους
1193 1798 1270 1828 λίθον
1286 1799 1495 1837 ἆκρογωνιαῖον,
1511 1797 1572 1833 ἤτοι
1593 1798 1638 1826 τὸν
1668 1797 1768 1836 ἔχοντα
1791 1798 1892 1835 γωνίαν

1066 1844 1092 1872 ἐν
1107 1846 1141 1881 τῇ
1159 1843 1227 1881 ἄκρᾳ
1251 1843 1343 1871 αὐτοῦ.
1361 1843 1455 1871 Πεσὼν
1481 1841 1509 1870 δὶ
1524 1843 1538 1870 ὁ
1552 1843 1675 1873 τοιοῦτος
1705 1842 1731 1870 ἐν
1758 1844 1793 1880 τῇ
1823 1841 1894 1880 ἄκρᾳ

1067 1891 1115 1916 τοῦ
1130 1888 1255 1927 τοίχους,
1273 1888 1397 1916 συνάπτει
1412 1887 1457 1915 καὶ
1472 1890 1566 1925 κρατεῖ
1579 1887 1611 1915 τὰ
1627 1886 1675 1915 δύο
1692 1887 1775 1926 τοίχη
1802 1886 1829 1914 έν
1856 1889 1895 1922 τῷ

1066 1934 1132 1970 ἅμα.
1149 1933 1224 1962 Κατὰ
1253 1932 1298 1960 οὖν
1328 1934 1451 1960 τοιοῦτον
1478 1931 1579 1970 τρόπον
1605 1930 1713 1969 λέγεται
1735 1931 1781 1959 καὶ
1796 1931 1810 1959 ὁ
1828 1933 1894 1969 Χρι-

1065 1978 1126 2009 στὸς
1142 1978 1216 2009 λίθος
1232 1978 1442 2015 ἀκρογωνιαῖος,
1458 1976 1499 2004 ὅτι
1522 1977 1626 2013 συνῆψε
1648 1976 1713 2007 τοὺς
1734 1974 1782 2003 δύο
1806 1975 1895 2006 λαοὺς

1065 2023 1091 2051 ἰν
1119 2025 1159 2059 τῷ
1182 2022 1248 2059 ἅμα,
1271 2022 1317 2049 τὸν
1339 2032 1368 2049 τε
1393 2020 1458 2049 λαὸν
1483 2023 1536 2048 τῶν
1559 2019 1697 2049 Ἰουδαίων
1720 2020 1764 2048 καὶ
1792 2020 1840 2048 τὸν
1867 2020 1893 2055 ἐξ

1065 2067 1168 2095 ἐθνῶν·
1198 2066 1242 2094 καὶ
1272 2065 1317 2093 διὰ
1343 2068 1425 2094 τοῦτο
1455 2065 1532 2097 λίθος
1561 2065 1759 2104 ἇκρογωνιαῖος
1787 2064 1896 2101 ὠνόμα-

1065 2122 1135 2140 σται.

1101 2156 1198 2195 Ἐρώτ.
1214 2155 1244 2183 Τί
1260 2156 1329 2184 ἐστιν
1344 2156 1358 2183 ὂ
1375 2154 1481 2193 εἴρηκεν
1499 2155 1512 2183 ὁ
1529 2155 1644 2193 Χριστὸς
1666 2154 1706 2183 τῶ
1730 2154 1865 2191 Πέτρῳ...
1882 2162 1890 2182 :

882 2229 930 2256 Hic
944 2228 1041 2258 desunt
1054 2229 1179 2266 quaedam

184 2287 288 2321 turbae,
305 2289 333 2314 et
348 2288 479 2315 tenentes
495 2286 643 2315 Christum
658 2287 688 2315 in
704 2288 801 2317 medio
817 2289 874 2324 sui,
891 2290 1009 2327 incipie-

1072 2293 1175 2322 τοῦντες
1190 2291 1217 2318 oi.
1233 2288 1328 2328 ὄχλοι,
1344 2288 1388 2317 καὶ
1407 2287 1487 2326 μέσον
1509 2287 1597 2316 αὐτῶν
1622 2286 1732 2326 ἔχοντες
1759 2286 1806 2315 τόν
1832 2288 1899 2325 Χρι-

194 2332 267 2359 bant
282 2331 405 2359 latenter
416 2340 430 2358 ιι
442 2333 522 2368 tergo
533 2332 597 2368 ejus
613 2331 711 2368 aliqui,
720 2335 748 2360 et
764 2333 921 2370 pulsabant
933 2343 1010 2371 eum,

187 2376 472 2411 autinterrogahant
486 2383 564 2411 eum,
590 2376 640 2404 alii
662 2378 825 2406 tentantes:
853 2379 900 2407 Dic
915 2379 1010 2415 nobis,

186 2429 284 2448 nonne
294 2420 400 2456 aliquis
410 2421 444 2448 de
453 2420 559 2457 populo
566 2420 639 2449 clam
649 2423 677 2449 te
687 2422 914 2458 percussit?etsi
923 2424 1009 2458 nosti,

185 2465 397 2501 prophetiza,et
411 2465 547 2500 loquere:
562 2468 693 2494 monstra
706 2467 865 2495 nobiseum
879 2476 913 2495 ex
924 2468 1010 2497 turba

182 2509 231 2545 qui
249 2512 275 2536 te
288 2509 461 2544 verberavit,
482 2512 511 2538 et
536 2518 748 2547 cognoscemus
773 2512 913 2548 quoniam
942 2521 1007 2549 pro-

184 2554 273 2590 pheta
288 2563 319 2581 es
344 2557 385 2581 tu.

219 2599 295 2627 263
316 2599 429 2630 Quinsr.
444 2597 512 2626 XLI.
529 2598 676 2632 Quidnam
691 2602 737 2628 est
751 2600 842 2629 illud:
862 2611 873 2626 ε
903 2602 937 2629 Et
966 2601 1008 2630 in-

181 2643 287 2671 clinato
305 2643 400 2679 capite
418 2642 538 2670 tradidit
548 2643 686 2680 spiritum
702 2645 723 2663 ⁶¹
743 2647 754 2672 ?
771 2657 784 2668 ιι
806 2646 878 2673 Nnm
904 2654 1006 2674 omnes

181 2688 360 2722 moribundi,
380 2687 547 2716 moriuntur
557 2688 697 2725 primum,
711 2693 740 2718 et
750 2691 815 2718 tum
826 2691 943 2719 demum
961 2692 1004 2720 in-

182 2732 295 2762 clinant
311 2732 416 2768 capita.

216 2842 236 2858 ⁵⁸
253 2841 354 2869 Matth.
372 2849 446 2874 xxw,
461 2840 507 2870 20.
558 2841 580 2859 "
593 2841 669 2870 Psal.
686 2850 782 2878 LXXIII,
802 2843 844 2871 17.

1067 2336 1128 2363 στὸν
1157 2334 1281 2374 ἤρχοντο
1311 2334 1437 2371 κρυπτῶς
1473 2330 1581 2365 ὄπισθεν
1619 2332 1701 2360 αὐτοῦ
1738 2342 1823 2368 τινες,
1852 2332 1897 2360 καὶ

1067 2379 1177 2418 ἔκρουον
1195 2379 1285 2414 αὑτὸν,
1300 2379 1318 2414 ἣ
1335 2379 1451 2416 ἠρώτων
1476 2377 1556 2405 αὐτὸν
1581 2376 1663 2405 ἄλλοι
1688 2375 1895 2413 δοκιμάζοντες,

1065 2424 1133 2452 Εἰπὲ
1153 2425 1231 2461 ἡμῖν,
1248 2425 1299 2462 ἄρα
1322 2422 1364 2454 τίς
1391 2421 1470 2460 ἔτυψέ
1494 2432 1524 2450 σε
1548 2421 1578 2450 ἐκ
1599 2423 1648 2449 τοῦ
1668 2420 1736 2449 λαοῦ
1751 2421 1893 2460 κρυφίωςς

1064 2469 1109 2497 καὶ
1134 2469 1177 2497 ἐὰν
1208 2467 1292 2503 οἶδας,
1319 2468 1509 2506 προφήτευσον
1538 2465 1582 2494 καὶ
1613 2465 1680 2493 ἔπε’
1711 2464 1797 2502 δεῖξον
1824 2466 1894 2501 ἡμῖν

1064 2512 1094 2541 ἐκ
1121 2515 1169 2541 τοῦ
1197 2510 1286 2551 ὄχλου
1313 2512 1359 2540 τὸν
1389 2511 1509 2549 τύψαντά
1535 2521 1573 2546 σε,
1590 2510 1635 2537 καὶ
1659 2509 1835 2548 γνωσόμεθα,
1851 2509 1894 2537 ὅτι

1063 2559 1206 2597 προφήτης
1223 2557 1247 2585 εἶ
1258 2557 1300 2586 σύ.

1099 2602 1195 2639 Ἐρώτ.
1228 2602 1282 2639 μα’.
1299 2600 1334 2630 Τί
1363 2599 1428 2628 ἐστι·
1446 2613 1460 2626 ι(
1493 2599 1542 2627 Καὶ
1570 2598 1664 2630 κλίνας
1694 2599 1743 2633 τὴν
1770 2598 1895 2637 κεφαλῆν

1061 2645 1201 2684 παρέδωκε
1215 2646 1246 2674 τὸ
1262 2648 1388 2682 πνεῦμα;
1408 2658 1419 2670 ιι
1437 2644 1488 2672 Καὶ
1504 2644 1556 2682 γὰρ
1581 2642 1677 2674 πάντες
1701 2643 1726 2670 οἳ
1756 2643 1891 2678 θνήσκον-

1059 2701 1104 2722 τες
1132 2693 1239 2728 πρῶτον
1260 2690 1418 2725 τελευτῶσι,
1443 2689 1488 2717 καὶ
1514 2688 1587 2718 οὕτω
1609 2688 1656 2719 τὰς
1681 2687 1783 2716 ἱαυτῶν
1803 2697 1891 2724 κεφα-

1061 2735 1110 2767 λὰς
1126 2735 1274 2764 κλίνουσιν.

896 2843 918 2861 ⁶⁰
932 2842 1009 2872 Psal.
1025 2851 1111 2880 cxvu,
1126 2844 1171 2872 22.
1210 2844 1231 2863 δι
1247 2843 1332 2872 Joan.
1350 2851 1407 2878 nx,
1423 2842 1467 2870 30.
