2048 3106
148 158 207 188 ’127

731 156 763 186 S.
786 153 1096 186 ATHANASIUS.—
1111 154 1268 185 SPURIA.

1795 154 1859 185 ’128

150 225 178 251 et
194 231 261 251 cum
277 231 331 251 suo
346 222 488 258 sanguine
503 223 531 249 in
549 224 632 249 vasto
660 221 729 249 vivit
752 221 814 249 luto
829 229 835 249 :
854 219 972 256 quando

1040 217 1120 256 ῧσπερ
1135 218 1186 256 γὰρ
1203 219 1217 247 ὸ
1239 219 1331 257 ἰχθὺς,
1355 218 1407 251 ἕως
1432 219 1502 248 ἐστὶν
1529 219 1555 248 ἑν
1577 221 1612 257 τῇ
1641 219 1774 258 θαλάσσῃ,
1800 219 1860 258 ἔχει

149 276 216 296 vero
231 269 419 303 oaptussxtra
435 275 541 302 aquam
554 266 804 300 venerit,moritur
815 273 822 293 :
833 265 867 292 ad
879 264 977 301 ignem

148 320 215 340 vero
239 311 353 348 positus
377 314 494 339 assatur
526 313 555 338 et
588 311 682 344 areﬁt,
715 310 868 346 perditque
891 316 976 337 suam

151 364 268 384 omnem
285 355 599 383 immunditiem.’l‘alis
614 355 703 382 etiam
719 357 763 382 est
778 354 866 382 homo
880 362 887 381 :
905 354 976 381 dum

150 401 246 428 adhuc
262 403 305 427 est
321 401 348 427 in
367 399 463 427 medio
478 400 543 427 vitas
560 408 620 426 suis
642 399 798 432 curriculo,
818 398 977 434 voluptati-

150 445 206 472 bus
221 444 353 478 indulget
366 446 394 470 et
410 443 613 471 immoderatis
624 443 978 478 concupiscentiis.0uan-

152 490 188 516 do
204 498 270 516 vero
287 488 386 516 relicto
404 488 526 518 mundo.
543 488 635 515 ascesi
650 490 679 515 et
702 487 842 523 asperiori
866 487 931 514 vitae
949 487 977 513 in

152 534 266 560 deserto
284 541 400 568 operam
419 532 541 566 dederit,
558 532 650 560 sancti
674 532 797 568 spiritus
821 531 888 567 igne
903 530 979 558 cale-

153 578 259 609 factus,
278 586 293 604 a
310 578 373 604 suis
389 577 543 605 affectibus
557 576 673 609 arescit,
686 579 715 604 et
728 576 764 604 ab
781 576 859 604 omni
877 583 979 611 repur-

155 626 242 658 gatur
257 621 457 654 immnnditia,
474 623 563 656 atque
578 629 629 656 per
643 620 766 648 virtutes
783 622 902 656 accepta
924 622 979 647 Deo

155 667 281 693 efﬁcitur
296 666 400 692 hostia.
418 665 491 693 Nam
507 665 583 692 sicut
605 665 694 701 piscis
718 665 754 692 ad
776 665 918 692 carbones
933 672 978 691 as-

155 713 249 742 satus,
266 711 298 737 fit
313 710 484 737 commodus
499 712 527 737 et
541 709 622 737 utilis
637 709 722 737 cibus
739 718 746 737 :
761 709 804 737 sic
820 709 908 736 homo
929 716 980 743 per

156 754 279 781 calorem
297 754 422 788 Spiritus
438 754 531 781 sancti
547 755 733 790 repurgatus,
745 752 842 781 hostia
856 753 979 780 Domino

157 802 273 834 accepta
290 799 424 825 efﬁcitur.

1032 265 1117 290 πᾶσαν
1133 264 1182 297 τὴν
1200 264 1349 301 ὑγρότητα,
1365 264 1410 292 καὶ
1435 266 1468 301 ζῇ
1495 265 1562 301 μετά
1576 266 1625 292 τοῦ
1644 263 1761 301 αἵματος
1777 264 1860 292 αίιτοῦ

1030 308 1075 335 καὶ
1092 307 1180 343 πάσης
1205 308 1292 340 ἰλύος·
1319 308 1381 336 ὅταν
1407 308 1435 336 δὲ
1459 311 1582 347 κρατηθῇ
1607 308 1657 344 ἔξω
1678 311 1727 337 τοῦ
1749 308 1860 346 ὕδατος,

1030 354 1184 390 νεκροῦται·
1213 352 1355 389 τιθέμενος
1384 352 1414 380 ὃὶ
1442 353 1468 380 ἐν
1498 355 1538 390 τῷ
1561 353 1627 392 πυρὶ
1653 353 1783 381 ὀπτοῦται
1813 354 1861 381 καὶ

1032 395 1194 432 ξηραίνεται,
1218 397 1262 424 καί
1291 397 1426 425 ἀπόλλυσι
1450 401 1536 425 πᾶσαν
1561 398 1643 426 αὐτοῦ
1665 398 1716 433 τὴν
1740 398 1861 436 ἀκαθαρ-

1033 440 1101 468 σίαν·
1126 441 1245 478 τοιούτῳ
1269 442 1364 480 τρόπῳ
1380 441 1435 470 ἐστὶ
1459 442 1505 471 καὶ
1521 443 1535 469 ὁ
1548 443 1690 481 ἄνθρωπος
1708 453 1715 459 ·
1730 441 1784 474 ’ἕως
1801 443 1862 470 ἐστὶ

1035 487 1115 521 μέσον
1136 488 1184 513 τοῦ
1210 486 1281 524 βίου,
1305 488 1337 523 ζῇ
1367 486 1496 523 ἐμπαθῶς
1519 487 1590 525 πρὸς
1613 488 1660 519 τὰς
1688 486 1790 522 ἡδονὰς
1815 487 1863 515 καὶ

1033 530 1201 561 ἀκολάστους
1215 530 1371 567 ἐπιθυμίας.
1398 532 1480 560 Ὅταν
1506 530 1536 559 δὲ
1559 532 1664 569 ἀποστῇ
1678 534 1726 559 τοῦ
1739 532 1859 568 κόσμου,

1033 574 1078 602 καὶ
1096 575 1183 612 βιώσῃ
1197 574 1222 602 ἐν
1239 575 1351 610 ἀσκήσει
1366 575 1411 603 καὶ
1436 575 1634 614 σκληραγωγίᾳ
1648 576 1674 604 ἒν
1697 578 1732 613 τῇ
1748 576 1861 614 ἐρήμῳ,

1036 619 1087 646 ὑπὸ
1100 619 1186 656 πυρὸς
1201 621 1249 647 τοῦ
1271 619 1348 658 ἁγίου
1373 620 1529 657 Πνεύματος
1553 621 1777 658 θερμαινόμενος,
1798 620 1863 648 τότε

1035 663 1187 701 ξηραίνεται
1203 663 1233 691 ἐκ
1255 666 1308 691 τῶν
1331 665 1436 700 παθῶν,
1466 665 1511 692 καὶ
1532 665 1687 703 καθαίρεται
1704 665 1756 692 ἀπὸ
1771 666 1863 701 πάσης

1034 706 1198 744 ἀκαθαρσίας
1214 730 1221 742 ,
1248 708 1293 734 καὶ
1321 708 1423 746 γίνεται
1460 710 1500 744 τῷ
1527 711 1585 745 Θεῷ
1614 708 1691 736 θυσία
1720 709 1864 746 εὐάρεστος

1035 749 1080 778 διὰ
1094 753 1146 778 τῶν
1170 751 1284 789 ἀρετῶν.
1310 753 1412 791 ’Ὠσπερ
1437 753 1451 780 ὁ
1477 752 1556 791 ἰχθὺς
1580 753 1682 791 γίνεται
1708 752 1863 789 ἰπιτήδειος

1037 795 1073 826 εἶς
1101 797 1205 834 τροφὴν
1234 796 1363 830 ὀπτηθεὶς
1392 797 1433 824 ἐπ’
1462 797 1600 835 ἀνθράκων
1619 809 1626 816 π
1656 798 1743 830 οὕτως
1771 798 1817 826 καὶ
1849 799 1864 826 ὁ

159 842 312 880 ἄνθρωπος,
329 841 372 868 διὰ
388 846 436 876 τῆς
451 842 553 880 θέρμης
567 844 616 869 τοῦ
632 842 711 879 ἁγίου
728 841 883 878 Πνεύματος
900 841 1055 878 καθαρθεὶς,
1070 839 1171 878 γίνεται
1188 841 1266 868 θυσία
1281 840 1476 879 εὐπρόσδεκτος
1490 845 1530 878 τῷ
1544 842 1646 880 Κυρίῳ.

195 902 271 929 264
286 901 367 928 Nunc
385 901 462 936 quod
478 901 513 929 ad
536 901 632 928 favum
650 900 746 928 mellis
762 900 877 936 attinet,
893 899 981 927 talem

160 946 247 973 habet
267 945 547 981 interpretationem.
570 946 764 978 Quaerendum
788 945 889 980 itaque
910 952 982 980 quo-
997 955 1021 987 B

161 991 248 1018 modo
265 998 320 1017 non
341 990 427 1017 fuerit
443 989 500 1018 mel
516 990 581 1018 sine
597 991 671 1018 favo.
693 990 743 1018 Est
765 990 884 1026 quidem
902 989 983 1017 favus

165 1035 228 1062 sine
244 1035 338 1069 melle,
364 1038 392 1062 et
417 1034 571 1070 aliquando
596 1034 652 1063 mel
677 1037 722 1062 est
746 1034 808 1063 sine
832 1034 895 1062 favo
913 1043 920 1062 :
935 1034 984 1062 hic

158 1088 225 1107 vero
241 1081 386 1115 repertum
403 1081 448 1107 est
464 1081 643 1116 utrumque;
659 1088 717 1115 quo
733 1087 799 1107 vero
807 1080 890 1115 pacto
904 1078 983 1107 audi.

161 1124 218 1151 Mel
235 1124 351 1159 quidem
378 1125 497 1160 propter
520 1123 613 1151 sancti
638 1123 765 1159 Spiritus
788 1123 983 1158 dulcedinem,

161 1177 247 1204 quam
256 1176 344 1203 super
351 1168 498 1203 apostolos
504 1170 532 1195 et
540 1176 641 1196 omnes
651 1168 750 1195 ﬁdeles
757 1168 904 1196 eifusurus
912 1169 983 1195 erat.

161 1213 267 1240 Favum
282 1221 348 1240 vero
365 1213 479 1247 habuit,
499 1214 616 1249 propter
640 1212 838 1249 signaculum,
854 1220 912 1248 quo
935 1220 986 1248 per

158 1257 338 1293 baptismum
355 1266 455 1284 omnes
472 1257 572 1285 ﬁdeles
588 1256 763 1293 obsignavit.
788 1256 902 1284 Etenim
919 1256 983 1284 the-

158 1310 265 1329 saurus
281 1304 389 1336 quanto
407 1302 500 1337 magis
511 1301 646 1329 inclusus
662 1304 705 1329 est
722 1301 751 1328 in
767 1302 925 1334 favo,tanto
940 1302 986 1328 est

160 1346 260 1373 tutior.
278 1346 426 1373 Consimili
445 1346 530 1374 modo
546 1347 574 1374 et
588 1346 688 1382 gratia:
704 1346 807 1373 divina:
823 1348 891 1373 tutae
916 1347 986 1373 sunt

164 1391 194 1418 in
209 1390 393 1426 homine,qui
409 1390 547 1427 baptismi
557 1390 742 1427 signaculum
755 1393 782 1418 et
797 1390 913 1427 signum
924 1398 986 1418 cru-

165 1436 346 1471 cis,denique
364 1436 449 1463 {idem
461 1443 578 1472 quoque
594 1443 657 1471 quae
670 1437 715 1463 est
730 1435 759 1463 in
771 1435 919 1463 Christum
934 1435 986 1462 ba~

165 1481 222 1507 bet.

427 1596 465 1623 De
479 1596 569 1630 gloria
583 1595 722 1631 (Chr-isti.)

197 1666 310 1697 Qumsr.
328 1665 411 1693 XLV.
428 1665 585 1694 Sciendum
601 1674 666 1694 vero
682 1666 760 1702 quod
771 1666 914 1695 Dominus
930 1675 984 1694 no-

166 1690 324 1737 sterviesus
331 1690 700 1746 ξιῖτίέιῖιζῷᾎξῖςῖιηὶῖεξ
710 1690 820 1746 Spirith
835 1713 935 1739 saneto
955 1713 984 1739 et
998 1690 1020 1724 α

163 1762 196 1782 ex
212 1754 303 1781 Maria
319 1757 458 1790 perpetua
474 1754 594 1790 Virgine
605 1754 791 1791 sumpsisset,
808 1757 835 1782 et
850 1755 983 1783 incarna-

160 1801 209 1826 tus
225 1798 327 1826 fuisset
342 1807 352 1829 .'
370 1801 524 1834 postquam
542 1798 671 1827 humana
692 1799 791 1826 omnia
807 1799 985 1835 suscepisset

164 1847 268 1880 praeter
278 1847 429 1880 peccatum
446 1847 474 1872 et
489 1844 701 1878 inﬁrmitatem,
731 1847 888 1881 postquam
905 1847 986 1873 tanta

163 1889 303 1917 edidisset
320 1888 608 1925 miracula,essetque
624 1888 824 1923 cruciﬂxus,et
839 1889 924 1917 tertia
940 1890 986 1917 die

164 1934 370 1961 resurrexisset
385 1934 547 1961 secundum
558 1933 926 1970 Scripturas,postmodum
939 1943 985 1962 as-

164 1979 301 2012 sumptus
317 1979 372 2009 est,
389 1979 416 2004 et
432 1977 565 2005 consedit
580 1977 616 2005 ad
632 1977 780 2006 dexteram
805 1977 865 2006 Dei.
884 1980 985 2005 Dexte-

165 2030 227 2048 ram
244 2030 309 2048 vero
324 2022 371 2048 Dei
388 2030 454 2048 cum
470 2021 566 2056 audis,
583 2029 620 2049 no
634 2021 713 2050 locos
729 2021 772 2049 vel
798 2021 908 2057 figuras
922 2021 985 2058 glo-

165 2066 212 2092 riae
238 2065 455 2093 circumscribe.
479 2065 619 2093 Dextrum
644 2065 752 2094 etenim
780 2068 808 2094 ct
831 2066 986 2094 sinistrum

165 2111 235 2137 sunt
251 2109 577 2144 circumscripturarum
594 2118 690 2138 rerum
708 2119 715 2138 :
732 2110 810 2139 Deus
825 2113 924 2139 autem
940 2111 985 2139 in-

165 2155 280 2181 creatus
297 2155 340 2180 est
356 2156 383 2180 et
400 2153 542 2187 infinitus,
559 2154 605 2182 cui
621 2154 703 2182 nulla
717 2154 823 2183 ascribi
838 2155 941 2189 forma,
959 2157 988 2183 et

165 2198 213 2233 qui
227 2206 277 2225 nec
296 2198 357 2233 ipse
373 2198 576 2226 circumscribi
591 2198 843 2234 quoat.Dexteram
858 2208 925 2228 vero
937 2200 986 2228 Dei

165 2243 282 2278 quando
300 2242 490 2277 audieris,Dei
506 2242 627 2279 gloriam
644 2246 673 2271 et
687 2243 828 2271 honorem
844 2244 985 2281 intelligo.

166 2287 199 2314 Et
215 2287 263 2314 Dei
282 2287 400 2322 quidem
417 2287 507 2314 Filius
527 2289 556 2314 et
579 2287 667 2322 Deus,
694 2287 779 2315 sicuti
804 2288 916 2316 dictum
932 2291 986 2324 est,

167 2334 233 2367 post
256 2331 443 2367 adimpletum
468 2333 557 2359 totam
583 2331 843 2367 dispensationem,
867 2332 986 2360 tandem

1073 899 1111 927 Τὸ
1128 897 1157 926 δὲ
1180 899 1233 926 ἀπὸ
1261 899 1402 936 μελισσίου
1426 900 1521 938 κηρίον
1548 900 1603 928 ἐστὶ
1631 900 1713 929 πάλιν
1732 901 1863 936 τοιαύτην

1037 941 1100 981 ἔχον
1116 944 1165 978 τήν
1183 943 1338 981 ἑρμηνείαν.
1356 944 1490 980 Ζητητέον
1513 944 1603 973 τοίνυν
1629 947 1687 977 πῶς
1712 945 1761 974 οὐκ
1783 947 1817 980 ἦν
1832 946 1866 974 τὸ

1040 987 1101 1024 μέλι
1127 988 1216 1026 χωρὶς
1240 989 1350 1025 κηρίου.
1365 990 1440 1017 ’Ἐστι
1466 988 1495 1017 δὲ
1514 990 1558 1017 καὶ
1582 989 1679 1028 κηρίον
1705 990 1793 1029 χωρὶς
1820 991 1867 1027 μὲ-

1039 1031 1126 1063 λιτος·
1141 1033 1186 1060 καὶ
1207 1030 1262 1060 ἔστι
1286 1033 1331 1061 καὶ
1359 1033 1421 1070 μέλι
1437 1034 1525 1072 χωρὶς
1550 1033 1659 1071 κηρίου·
1676 1033 1731 1062 ἐκεῖ
1745 1034 1774 1062 δὲ
1790 1034 1865 1073 εὗρέ-

1040 1082 1124 1112 θησαν
1152 1077 1185 1104 τὰ
1214 1077 1363 1116 ἀμφότερα·
1393 1079 1463 1105 κατά
1475 1078 1536 1106 τίνα
1559 1077 1588 1106 δὲ
1606 1078 1866 1117 τρόπον,ἆκουσον.

1038 1122 1073 1149 Τὸ
1090 1121 1136 1158 μὲν
1155 1120 1217 1158 μέλι
1234 1120 1279 1150 διὰ
1293 1123 1342 1157 τήν
1359 1122 1518 1160 γλυκύτητα
1531 1125 1580 1150 τοῦ
1600 1123 1677 1162 ἁγίου
1693 1124 1865 1160 Ηνεῦματος,

1038 1167 1068 1200 ἢν
1084 1164 1199 1202 ἔμελλεν
1216 1166 1320 1204 ἐκχέειν
1337 1167 1404 1205 πρὸς
1419 1167 1483 1199 τοὺς
1507 1167 1677 1199 ἀποστόλους
1701 1168 1745 1195 καὶ
1760 1169 1866 1199 πάντας

1038 1209 1101 1241 τοὺς
1126 1211 1247 1242 πιστούς·
1274 1211 1307 1239 τὸ
1335 1210 1364 1239 δὲ
1392 1211 1488 1250 κηρίον
1518 1211 1563 1240 διὰ
1588 1213 1638 1246 τὴν
1665 1211 1810 1252 σφραγῖδα,
1835 1214 1869 1248 ἦν

1039 1255 1153 1293 παρέχει
1168 1258 1227 1286 τοῖς
1243 1258 1351 1287 πιστοῖς
1376 1259 1440 1283 πᾶσι
1457 1255 1501 1283 διὰ
1522 1258 1571 1284 τοῦ
1595 1257 1793 1295 βαπτίσματος.
1817 1258 1867 1285 Καὶ

1038 1298 1118 1337 γᾶρὸ
1148 1299 1294 1337 θησαυρὸς,
1317 1299 1379 1328 ὅσον
1409 1300 1463 1328 ἐστί
1491 1298 1658 1339 βεϐυσμένος
1682 1300 1726 1329 διὰ
1755 1302 1867 1340 κηρίου,

1039 1344 1167 1370 τοσοῦτόν
1184 1343 1254 1371 ἐστιν
1272 1344 1481 1383 ἀσφαλέστερος.
1498 1346 1619 1383 Τοιούτῳ
1638 1346 1732 1384 τρόπῳ
1759 1346 1806 1374 οὖν
1821 1347 1868 1375 καὶ

1040 1388 1054 1415 ὁ
1069 1390 1119 1422 τῆς
1134 1388 1205 1419 θείας
1221 1389 1335 1426 χάριτος
1354 1388 1473 1421 πλοῦτος
1489 1389 1514 1417 ἐν
1529 1392 1569 1426 τῷ
1593 1391 1729 1429 ἀνθρώπῳ
1747 1390 1869 1429 ὑπάρχει

1042 1431 1155 1468 ἄσυλος,
1172 1431 1244 1470 ἔχων
1268 1433 1317 1467 τήν
1344 1432 1476 1472 σφραγῖδα
1495 1436 1544 1462 τοῦ
1566 1434 1643 1473 ἁγίου
1668 1434 1869 1473 βαπτίσματος,

1041 1476 1086 1503 καὶ
1114 1477 1145 1504 τὸ
1174 1480 1289 1514 σημεῖον
1317 1479 1366 1505 τοῦ
1394 1480 1528 1517 σταυροῦ,
1555 1479 1601 1506 καὶ
1630 1480 1679 1514 τήν
1708 1479 1797 1507 πίστιν
1830 1480 1869 1511 εἷς

1041 1519 1164 1556 Χριστόν.

1363 1593 1428 1629 Πιρί
1452 1591 1544 1628 δόξης.

1079 1661 1174 1700 Ἐρώτ.
1194 1663 1243 1699 με’.
1272 1662 1390 1690 Γίνωσκε
1418 1661 1457 1699 δὲ,
1474 1662 1515 1691 ὅτι
1546 1664 1560 1691 ὁ
1589 1663 1686 1702 Κύριος
1716 1666 1797 1702 ἡμῶν
1822 1666 1867 1693 καὶ

1039 1706 1104 1738 Θεὸς
1133 1707 1238 1742 Ἰησοῦς
1261 1708 1384 1744 Χριστὸς,
1410 1708 1477 1744 μετὰ
1499 1708 1529 1736 τὸ
1553 1710 1721 1747 σαρκωθῆναι
1738 1709 1768 1737 ἐκ
1784 1710 1867 1738 Πνεύ-

1041 1761 1124 1787 ματος
1140 1751 1216 1789 ἁγίου
1244 1752 1289 1779 καὶ
1319 1751 1349 1779 ἐκ
1376 1756 1426 1787 τῆς
1455 1752 1495 1780 ἀεὶ
1520 1753 1654 1791 παρθένου
1677 1754 1795 1792 Μαρίας,
1820 1755 1866 1782 καὶ

1038 1795 1266 1832 ἐνανθρωπῆσαι,
1297 1796 1342 1824 καὶ
1372 1796 1458 1824 πάντα
1497 1797 1650 1834 ἀνθρώπινα
1680 1796 1866 1827 ἀναλαϐέσθαι

1040 1839 1127 1877 χωρὶς
1153 1841 1285 1879 ἁμαρτίας
1306 1840 1350 1868 καὶ
1376 1841 1522 1879 ἀσθενείας,
1547 1841 1591 1869 καὶ
1616 1843 1682 1879 μετὰ
1704 1842 1736 1870 τὸ
1760 1844 1867 1880 θαυμα-

1038 1887 1185 1922 τουργῆσαι
1213 1885 1258 1912 καὶ
1292 1887 1502 1924 σταυρωθῆναι,
1531 1886 1576 1913 καὶ
1604 1888 1638 1924 τῇ
1665 1886 1744 1924 τρίτῃ
1773 1888 1869 1925 ἡμέρᾳ

1039 1928 1186 1963 ἀναστῆναι
1205 1930 1273 1957 κατά
1295 1930 1343 1961 τάς
1367 1930 1486 1969 Γραφὰς,
1511 1929 1619 1968 ὕστερον
1645 1930 1799 1970 ἀνελήφθη,
1821 1933 1868 1960 καὶ

1041 1972 1160 2005 ἐκάθισεν
1189 1973 1215 2002 ἐν
1244 1973 1316 2010 δεξιᾷ
1341 1977 1390 2002 τοῦ
1419 1977 1497 2003 Θεοῦ.
1514 1975 1604 2010 Δεξιὰν
1632 1974 1661 2004 δὲ
1689 1976 1796 2004 ἀκούων
1818 1979 1869 2004 τοῦ

1040 2020 1117 2053 Θεοῦ,
1135 2019 1172 2054 μὴ
1196 2018 1297 2049 τόπους
1319 2019 1364 2046 καὶ
1387 2020 1518 2057 σχήματα
1539 2018 1620 2056 δόξης
1645 2020 1807 2060 περίγραφε.
1824 2026 1871 2049 Δε-

1041 2062 1083 2097 ξιὰ
1105 2062 1157 2100 γὰρ
1179 2063 1223 2090 καὶ
1248 2063 1375 2102 ἀριστερά
1397 2066 1451 2091 τῶν
1476 2065 1717 2104 περιγραφομένων
1744 2065 1814 2092 ἐστίν
1829 2075 1836 2081 ·
1853 2066 1868 2094 ὁ

1041 2104 1070 2134 δὲ
1085 2107 1149 2138 Θεὸς
1179 2107 1316 2139 ἄπλαστος
1340 2108 1384 2135 καὶ
1416 2108 1541 2147 ἀόριστος
1571 2109 1616 2136 καὶ
1647 2109 1869 2148 ἀσχημάτιστος,

1040 2150 1085 2178 καὶ
1113 2151 1312 2189 ἁπερίγραπτός
1341 2151 1396 2179 ἐστι
1414 2173 1420 2180 .
1451 2153 1541 2189 Δεξιὰν
1576 2151 1604 2181 δὲ
1630 2155 1679 2181 τοῦ
1708 2156 1774 2182 Θεοῦ
1804 2154 1867 2182 ὅταν

1041 2195 1168 2232 ἀκούσῃς,
1198 2197 1248 2231 τὴν
1277 2195 1354 2231 δόξαν
1384 2196 1428 2224 καὶ
1457 2198 1507 2231 τήν
1529 2198 1614 2234 τιμὴν
1637 2200 1686 2225 τοῦ
1709 2200 1775 2226 Θεοῦ
1801 2199 1870 2226 εἶναι

1041 2239 1107 2268 νόει.
1136 2240 1184 2267 Καὶ
1214 2240 1228 2267 ὁ
1259 2240 1305 2277 μὲν
1336 2241 1398 2272 Υἱὸς
1426 2243 1476 2268 τοῦ
1506 2243 1572 2269 Θεοῦ
1601 2242 1645 2269 καὶ
1673 2242 1753 2279 Θεὸς⁹
1777 2243 1870 2275 καθὼς

1042 2283 1158 2322 ε’ίρηται,
1176 2285 1242 2321 μετά
1256 2285 1287 2312 τὸ
1309 2284 1456 2323 πληρῶσαι
1480 2289 1565 2314 πᾶσαν
1590 2286 1765 2324 οἷκονομίαν,
1791 2287 1870 2315 ὕστε-

1043 2339 1088 2367 ρον
1119 2329 1269 2366 ἀνελήφθη·
1299 2330 1329 2357 τὸ
1355 2328 1384 2357 δὶ
1413 2332 1521 2368 Πνεῦμα
1548 2331 1579 2358 τὸ
1610 2332 1707 2369 ἅγιον,
1737 2331 1869 2364 κατελθὸν

166 2378 337 2411 assumptus
354 2375 538 2411 estSpiritus
548 2384 614 2404 vero
629 2379 748 2404 sanctus
762 2376 790 2403 in
800 2378 900 2405 sancto
916 2377 983 2405 festc

1043 2372 1085 2400 ἐπὶ
1113 2373 1177 2404 τοὺς
1206 2373 1298 2411 ἁγίους
1326 2373 1448 2410 μαθητὰς
1476 2376 1510 2411 τῇ
1533 2374 1598 2411 ἁγίᾳ
1622 2377 1807 2412 Πεντηκοστῇ,
1823 2376 1871 2403 καὶ

166 2421 350 2447 Pentecostes
370 2428 458 2456 super
477 2421 594 2448 sanctos
610 2420 929 2456 apostolosveniens,et
939 2429 988 2448 su-

166 2473 217 2500 pCI‘
232 2473 348 2492 ormnem
366 2472 481 2492 carnem
498 2465 681 2499 CEUSUSJIOD
696 2467 740 2492 est
755 2473 857 2493 I'Ul‘SllB
874 2473 988 2492 assum-

166 2512 245 2544 ptus,
261 2510 310 2536 sed
328 2510 356 2536 in
373 2508 590 2544 generationem
607 2511 636 2537 et
650 2509 867 2546 generationem
884 2509 990 2537 transit

166 2554 195 2580 in
212 2563 323 2589 omnes,
350 2557 378 2581 et
403 2553 487 2582 sicuti
513 2553 673 2590 quemlibet
697 2554 849 2582 hominum
880 2553 990 2582 invenit

166 2598 279 2626 habitat
303 2599 332 2626 in
349 2606 380 2626 eo
393 2607 444 2635 pro
459 2598 571 2627 ratione
582 2598 719 2635 puritatis
734 2599 878 2635 cujusque
893 2598 988 2626 homi-

167 2643 354 2677 nis,multum
373 2643 400 2670 in
417 2642 516 2672 anima
524 2651 668 2680 superans
684 2643 868 2671 dulcedinem
881 2642 986 2670 mellis.

203 2734 315 2764 Qums'r.
332 2733 427 2759 XLVI.
440 2732 514 2764 Quid
531 2733 666 2767 estquod
683 2732 754 2759 dicit
768 2731 901 2759 Christus
914 2739 920 2759 :
932 2743 945 2756 α
957 2731 987 2759 Si

168 2778 233 2813 quis
249 2777 364 2804 locutus
381 2777 466 2804 fuerit
482 2776 594 2812 aliquid
610 2778 710 2804 contra
726 2776 833 2804 Filium
847 2775 986 2810 hominis,

168 2823 331 2850 reniitlelur
346 2822 369 2849 ei
390 2831 394 2848 :
413 2824 441 2849 ut
458 2821 482 2849 si
499 2821 564 2857 quis
580 2820 696 2849 locutus
709 2820 796 2849 fuerit
810 2823 912 2849 contra
923 2820 987 2856 Spi-

1044 2417 1154 2456 ἐκχυθὶν
1182 2417 1225 2445 ἐπὶ
1251 2421 1336 2446 πᾶσαν
1361 2419 1455 2456 σάρκα,
1472 2418 1522 2447 οὐκ
1545 2418 1697 2457 ἀνελήφθη,
1714 2418 1787 2447 ἀλλὰ
1802 2420 1872 2447 κατὰ

1043 2462 1135 2499 γενεὰν
1163 2462 1207 2489 καὶ
1236 2463 1326 2501 γενεὰν
1358 2461 1494 2501 διέρχεται
1520 2463 1557 2494 εἷς
1581 2463 1694 2500 πάντας,
1716 2463 1762 2491 καὶ
1777 2465 1869 2492 καθὼς

1043 2505 1089 2534 ἕνα
1115 2505 1225 2534 ἕκαστον
1257 2507 1330 2544 εὕροι
1359 2507 1412 2535 τῶν
1442 2508 1605 2544 ἀνθρώπων,
1635 2511 1802 2541 κατασκηνοῖ
1828 2508 1872 2537 ἐπ’

1044 2550 1122 2579 αὐτὸν
1145 2552 1212 2579 κατὰ
1240 2552 1289 2586 τήν
1316 2552 1461 2590 ἀναλογίαν
1488 2555 1537 2587 τῆς
1563 2551 1675 2580 ἑκάστου
1701 2553 1872 2590 καθάρσεως,

1045 2595 1109 2633 ὑπὲρ
1127 2596 1189 2633 μέλι
1205 2595 1338 2634 γλυκάζον
1355 2595 1380 2623 ἐν
1397 2598 1430 2632 τῇ
1447 2598 1535 2636 ψυχῇ.

1080 2729 1176 2767 Ἐρώτ.
1196 2730 1247 2767 μς’.
1263 2730 1293 2757 Τί
1318 2729 1387 2757 ἐστιν
1411 2730 1426 2758 ’ὁ
1452 2730 1524 2757 εἶπεν
1541 2730 1555 2757 ὁ
1579 2730 1708 2768 Χριστὸς,
1723 2729 1764 2758 ὅτι
1789 2742 1803 2756 ‹‹
1818 2732 1872 2762 "Oc

1043 2776 1073 2802 ἂν
1090 2773 1152 2811 εἷίπῃ
1172 2774 1253 2812 λόγον
1282 2774 1350 2802 κατὰ
1370 2776 1419 2802 τοῦ
1442 2775 1507 2802 Υἱοῦ
1531 2774 1685 2811 ἀνθρώπου,
1708 2775 1871 2814 ἀφεθήσεται

1041 2819 1124 2855 αὐτῷ·
1142 2819 1171 2850 ὃς
1188 2817 1211 2846 δ’
1227 2818 1256 2846 ἂν
1272 2818 1334 2857 εἷ’πῃ
1360 2819 1428 2847 κατὰ
1450 2821 1499 2847 τοῦ
1524 2819 1604 2858 ἁγίου
1629 2821 1796 2856 Πνεῦματος,
1820 2819 1873 2849 οὐκ
