4096 6212
464 339 576 403 731
1626 340 1684 401 S.
1732 341 2130 401 ATHANASI

2238 374 2359 423 ,—
2397 342 2708 404 SPURIA.
3733 347 3837 407 732

465 488 598 528 nem
636 486 919 542 aquarum
952 469 1215 543 dixisset,
1260 474 1635 545 postmodum
1697 472 1913 529 multas
1944 489 2110 528 voca-

2238 492 2332 527 των
2366 471 2554 545 εἰπὼν,
2593 473 2725 547 μετά
2751 478 2919 529 ταῦτα
2948 472 3162 536 πολλὰς
3201 473 3616 547 προσωνόμασε;
3651 497 3675 528 α
3719 482 3837 531 Συν-

470 559 599 616 vit?
654 559 849 630 Inquit
910 559 1113 615 enim:
1154 585 1181 611 (ι
1230 562 1589 635 Congregata
1646 566 1734 617 est
1787 578 1960 634 aqua,
1988 578 2111 633 quae

2238 562 2378 636 ἤχθη
2415 586 2443 612 ››
2472 563 2596 638 γὰρ,
2628 564 2783 639 φησὶ,
2815 587 2842 615 ‹‹
2878 563 2940 617 τὸ
2973 560 3126 637 ὕδωρ
3157 562 3221 618 τὸ
3254 563 3501 617 ὑποκάτω
3527 568 3620 618 τοῦ
3646 563 3841 641 οὐρανοῦ

464 649 571 706 sub
604 648 745 704 caelo
778 652 920 716 erat,
949 648 1005 704 in
1040 650 1522 723 congregationes
1552 668 1691 707 suas
1711 652 1773 705 ⁷ο.
1810 670 1836 702 ι

2238 650 2302 712 εἷς
2333 652 2427 713 τὰς
2459 654 2772 728 συναγωγὰς
2806 652 3003 706 αὐτῶν.
3039 676 3067 703 ››

536 740 706 793 Resp.
745 738 869 793 Una
896 743 983 795 est
1035 756 1323 811 aquarum
1361 744 1571 795 natura
1602 744 1659 795 et
1715 740 2110 813 congregatio.

2298 740 2488 795 Ἀπόκ.
2524 741 2637 797 Μία
2670 740 2778 795 ἐστὶ
2809 746 2916 795 τῶν
2953 739 3160 796 ὑδάτων
3193 743 3227 810 ἡ
3260 740 3414 818 φῦσις
3442 742 3527 795 καὶ
3550 746 3825 819 συναγωγήο

464 827 776 884 Pluraliter
817 844 949 883 vero
1004 829 1375 886 eollectiones
1405 829 1651 898 vocavit,
1677 846 1742 884 eo
1776 831 1930 901 quod
1956 828 2116 884 aliud

2238 828 2607 898 πληθυντικῶς
2668 827 2725 884 δὲ
2780 830 2875 891 τὰς
2938 830 3252 904 συναγωγὰς
3312 829 3597 903 ὠνόμασεν,
3678 830 3834 900 ἐπειδὴ

468 918 703 991 quidem
737 920 826 971 est
858 917 1124 973 Indicum
1161 918 1603 991 pelagus,aliud
1630 934 1761 974 vero
1788 918 2114 987 Ponticum,

2238 916 2367 973 ἱλλο
2402 918 2496 991 μὲν
2526 919 2589 973 τὸ
2623 916 2845 975 Ἰνδικὸν
2878 918 3132 996 πέλαγνς,
3181 915 3321 974 ἄλλο
3370 916 3426 973 δὶ
3469 919 3527 973 τὸ
3585 922 3832 991 Ποντικὸν,

465 1014 524 1064 et
583 1008 739 1062 aliud
798 1008 1178 1076 Atlanticum,
1244 1007 1401 1063 aliud
1487 1009 1815 1079 Propontis,
1856 1009 2114 1075 [Egaaum

2238 1008 2315 1061 μιαῖ
2345 1008 2406 1061 τὸ
2440 1007 2781 1064 Ἀτλαντικὸν
2809 1004 3042 1083 ἔτερνον,
3073 1008 3161 1062 καὶ
3194 1006 3336 1062 ἄλλο
3371 1008 3461 1080 μὲν
3492 1010 3525 1078 ἡ
3545 1009 3831 1084 Προποντὶς,

461 1100 641 1167 aliud,
676 1109 732 1157 et
763 1100 919 1157 aliud
957 1098 1111 1154 Ionis
1161 1098 1349 1153 sinus.
1386 1098 1554 1153 Extra
1584 1114 1741 1165 vero,
1775 1102 1986 1152 terram
2040 1095 2117 1151 al-

2238 1098 2313 1151 ιιαὶ
2345 1099 2566 1174 Αἰγαῖον
2600 1095 2804 1175 ἕτερον,
2837 1099 2925 1153 καὶ
2975 1097 3147 1159 ἄλλος
3198 1097 3361 1153 πάλιν
3413 1100 3439 1153 6
3489 1100 3677 1159 Ἰώνιο,
3720 1098 3833 1153 κόλ-

464 1191 575 1247 luit
608 1194 929 1249 maximum
956 1188 1217 1261 pelagus,
1245 1190 1397 1261 quod
1430 1196 1723 1244 Uceanum
1757 1188 1997 1259 quidam
2021 1204 2116 1243 vo-

2238 1211 2347 1250 πος.
2379 1190 2610 1260 ’Ἑξωθεν
2645 1187 2702 1244 δὲ
2731 1188 2894 1245 πάλιν
2925 1188 3190 1244 ἐπίκειται
3218 1190 3282 1244 τὸ
3318 1188 3566 1264 μέγιστον
3611 1188 3833 1263 πέλαγος,

463 1287 615 1336 cant.
653 1284 791 1337 Eam
824 1282 896 1336 ob
929 1296 1189 1347 causam,
1226 1295 1437 1349 aquam
1472 1278 1710 1348 quidem
1749 1282 1811 1331 ut
1862 1283 1949 1332 est
1980 1294 2117 1331 con-

2238 1278 2425 1341 ἕτινες
2485 1280 2731 1333 Ὠκεανὸν
2791 1277 3138 1350 ὀνομάζουσι.
3192 1278 3401 1338 Τούτου
3452 1278 3627 1353 χάριν,
3656 1278 3721 1339 ὡς
3752 1279 3827 1349 μὲν

467 1375 725 1442 gregata,
758 1368 1162 1425 coliectiouem
1197 1384 1209 1433 ;
1247 1371 1309 1421 ut
1344 1372 1541 1422 autem
1583 1366 1656 1421 ab
1708 1365 1821 1421 alia
1851 1369 2119 1436 separata

2238 1368 2591 1443 πυνηγμὲνην,
2625 1369 2946 1442 συναγωγὴν
2985 1366 3108 1439 μίαν
3146 1366 3446 1440 ὠνόμασεν·
3500 1366 3569 1429 ὡς
3615 1363 3666 1420 δὲ
3717 1364 3829 1420 διαι-

466 1465 580 1526 est,
613 1459 981 1515 collectiones
1014 1455 1258 1512 vocavit.

2240 1475 2268 1529 ρ
2281 1477 2343 1510 ου
2354 1457 2543 1528 μένην,
2578 1457 2909 1531 συναγωγάς.

539 1550 767 1613 Ουίεετ.
808 1553 861 1602 ιλ.
896 1546 1084 1610 Quare
1136 1547 1333 1600 lumen
1368 1544 1678 1616 separabat
1710 1543 1865 1600 diem
1901 1546 1957 1599 et
2015 1560 2116 1599 no-

2301 1546 2493 1619 Ἐρώτ.
2538 1548 2598 1603 ν’.
2636 1550 2797 1600 Ποῖον
2832 1549 2944 1621 φῶς
2976 1544 3211 1620 ἐχώριζε
3241 1546 3341 1614 τὴν
3383 1543 3583 1618 ἡμέραν
3626 1543 3707 1598 καὶ
3750 1544 3827 1610 τήν

468 1641 616 1693 cteui
642 1642 957 1708 antequam
983 1635 1069 1692 sol
1094 1646 1324 1690 creatus
1348 1634 1688 1690 essetPNam
1711 1632 1872 1689 solet
1893 1632 2120 1705 reliqua

2238 1633 2410 1705 νύκτα,
2439 1634 2564 1710 πρὶν
2592 1636 2835 1710 γενέσθαι
2864 1634 2956 1689 τὸν
2982 1631 3181 1704 ἤλίον;
3217 1633 3312 1688 Καὶ
3362 1634 3461 1710 γὰρ
3494 1635 3519 1688 6
3562 1631 3709 1702 ἥλιος
3760 1631 3829 1686 καὶ

469 1724 787 1781 luminaria
819 1729 1019 1797 postea
1038 1724 1274 1779 demum
1297 1726 1436 1778 sunt
1462 1724 1632 1779 facta.
1657 1722 1957 1786 Quomodo
1981 1738 2117 1794 ergo

2238 1724 2282 1778 οἱ
2310 1721 2501 1779 λοιποὶ
2544 1731 2826 1801 φωστῆρες
2858 1723 3076 1799 ὕστερον
3110 1722 3369 1799 ἐγένοντο.
3405 1748 3431 1773 ι(
3465 1722 3557 1777 Καὶ
3586 1721 3769 1797 ἐγένετο
3798 1718 3843 1775 δὶ

468 1813 615 1870 illud
647 1814 1132 1886 intelligendum:
1166 1836 1193 1862 «
1230 1813 1297 1867 Et
1327 1811 1437 1867 fuit
1460 1828 1700 1881 vespera
1728 1815 1783 1866 et
1816 1811 1926 1867 fuit
1950 1827 2120 1866 mane

2238 1812 2452 1887 ἑσπέρα,
2484 1814 2573 1868 καὶ
2609 1813 2819 1888 ἐγένετο
2850 1810 2996 1889 πρωΐ
3030 1815 3230 1888 ἡμέρα,
3267 1837 3295 1863 ››
3326 1818 3445 1874 πῶς
3475 1814 3572 1887 γὰρ
3613 1810 3836 1879 νοητέον;

474 1903 599 1959 dies
629 1906 696 1974 τί,
729 1926 756 1953 ››
793 1920 925 1958 cum
947 1901 1028 1958 sol
1064 1902 1324 1957 nondum
1354 1901 1553 1957 esset?

2238 1901 2384 1957 οὕπω
2412 1906 2512 1977 γάρ
2544 1901 2727 1972 ἥλιος.

2303 1992 2492 2047 Ἀπόκ.
2526 1993 2595 2046 Τὸ
2627 1997 2739 2069 φῶς
2782 1991 2924 2046 εἶπεν
2972 1993 2999 2046 6
3047 1990 3198 2062 Θεὸς,
3247 1991 3335 2046 καὶ
3389 1990 3604 2065 ἐγένετο.
3657 1990 3830 2043 Ἐκεῖνο

2232 2081 2323 2137 οὖν
2351 2083 2416 2151 ἦν
2450 2082 2511 2136 τὸ
2543 2078 2871 2157 διαχωρίζον
2904 2082 3001 2150 τὴν
3035 2082 3242 2156 ἡμέραν
3275 2081 3367 2134 καὶ
3397 2080 3491 2148 τὴν
3538 2079 3704 2133 νύκτα.
3749 2074 3829 2130 Καὶ

2231 2172 2375 2225 εἷπει
2410 2172 2437 2224 6
2470 2171 2621 2240 Θεὸς,
2650 2169 2731 2224 ὅτι
2763 2194 2788 2218 u
2824 2170 3110 2239 Γενηθήτῶ
3142 2173 3275 2247 φῶς,
3308 2169 3402 2223 καὶ
3442 2168 3635 2244 ἐγένετο
3664 2170 3779 2242 φῶς.
3806 2188 3826 2213 υ

2229 2262 2404 2316 Τοῦτο
2462 2259 2561 2313 οὐκ
2608 2255 2749 2313 ⁴ἔστιν
2799 2257 2983 2327 ἥλιος·
3036 2264 3191 2312 ποῖον
3242 2255 3297 2312 δέ
3329 2257 3439 2313 ἐστι
3465 2261 3617 2312 τοῦτο
3638 2256 3693 2310 τὸ
3719 2257 3828 2331 φῶς,

2233 2346 2481 2403 ἄκουσον.
2516 2352 2684 2403 Τοῦτο
2713 2349 2776 2402 τὸ
2807 2352 2921 2424 φῶς
2973 2345 3082 2402 ἐστι
3132 2347 3195 2402 τὸ
3244 2346 3509 2422 πρωῖνὸν,
3561 2345 3681 2418 ὅπερ
3730 2342 3830 2396 ἀνα»

2233 2436 2417 2492 τέλλει
2449 2438 2539 2492 καὶ
2571 2437 2791 2515 φωτίζει
2818 2438 2909 2491 τὸν
2962 2436 3165 2509 κόσμον
3228 2436 3335 2490 ἀπὸ
3384 2436 3527 2511 πρωῒ
3570 2433 3683 2508 πρὶν
3730 2431 3830 2485 ἁνα-

2232 2526 2408 2582 τεῖλαι
2438 2528 2528 2581 τὸν
2579 2526 2759 2595 ἥλιον.
2821 2526 2917 2580 Καὶ
2963 2523 3157 2598 μηδεὶς
3186 2525 3411 2598 νομίσῃ,
3444 2523 3522 2579 ὅτι
3568 2527 3657 2578 τοῦ
3700 2518 3832 2589 ἡλίου

2233 2616 2343 2672 ἐστὶ
2372 2616 2433 2671 τὸ
2466 2616 2661 2693 φέγγος
2712 2615 2904 2685 ἐκεῖνο,
2964 2614 3095 2687 ὅπερ
3153 2612 3375 2690 αὐγάζει
3432 2612 3565 2687 ταχὺ
3614 2610 3693 2665 καὶ
3746 2629 3831 2683 ρω-

2230 2707 2365 2775 τίζει
2397 2707 2485 2760 τὸν
2516 2700 2721 2779 κόσμον
2753 2705 2879 2779 πρὶν
2910 2708 3007 2758 τοῦ
3037 2704 3223 2774 ἡλίου·
3259 2701 3390 2758 ἀλλ’
3422 2701 3545 2757 αὐτό
3574 2700 3699 2755 ἐστιν
3728 2695 3831 2768 ὅπερ

2233 2793 2441 2868 λέγειὴ
2478 2795 2683 2871 Γραφή·
2741 2818 2769 2845 ‹‹
2816 2793 2918 2849 Καὶ
2965 2792 3107 2847 εἶπεν
3161 2792 3189 2846 6
3220 2791 3375 2854 Θεός·
3427 2790 3693 2859 Γενηθήτω
3721 2788 3830 2857 φῶς,

2232 2883 2321 2938 καὶ
2354 2881 2558 2957 ἐγένετο
2590 2886 2726 2959 φῶς.
2759 2906 2786 2933 ››
2819 2885 2986 2936 Τοῦτο
3017 2881 3079 2935 τὸ
3111 2884 3224 2958 φῶς
3254 2878 3408 2934 πολὺ
3457 2879 3542 2933 καὶ
3592 2872 3828 2950 ὑπέρλαμ-

2234 2993 2369 3048 προν
2405 2972 2673 3046 ὑπάρχον,
2706 2970 2827 3025 τότε
2858 2968 3055 3025 διεῖλεν
3090 2969 3219 3024 αὐτὸ
3262 2971 3290 3024 6
3324 2970 3452 3031 Θεὸς
3484 2968 3554 3029 εἰς
3580 2965 3691 3024 τοὺς
3740 2981 3831 3038 φω-

2235 3064 2459 3135 στῆρας,
2486 3060 2577 3115 τόν
2608 3080 2667 3115 τε
2692 3058 2823 3129 ἥλιο
2850 3060 2937 3114 καὶ
2967 3060 3065 3127 τὴν
3099 3057 3340 3129 σελήνην
3374 3058 3461 3113 καὶ
3489 3057 3552 3111 τὰ
3581 3052 3743 3110 λοιπά.

2311 3151 2503 3223 Ἐρώτ.
2536 3150 2631 3206 ναί.
2665 3148 2724 3203 Τί
2757 3146 2921 3222 λέγει,
2956 3147 3039 3203 ὅτι
3072 3171 3101 3200 ‹‹
3131 3153 3411 3203 Ἔστωσαν
3445 3147 3517 3208 εἷς
3548 3147 3726 3215 σημεῖα
3762 3136 3832 3191 καὶ

2240 3240 2316 3301 εἷς
2349 3237 2590 3314 καιροὺς,
2618 3238 2706 3292 καὶ
2738 3236 2946 3313 ἡμέρας
2979 3236 3066 3291 καὶ
3095 3235 3375 3298 ἐνιαυτούς
3402 3255 3415 3303 ;
3449 3259 3475 3289 η

2311 3330 2505 3384 Ἀποκ.
2541 3332 2753 3399 Σημεῖα
2782 3324 2942 3380 καλεῖ
2969 3325 3031 3379 τὸ
3064 3321 3258 3379 εἰδέναι
3306 3325 3510 3400 σπόρου
3558 3319 3721 3393 καιρὸν
3765 3312 3836 3368 καὶ

2240 3420 2451 3491 θέρους,
2483 3416 2573 3471 καὶ
2604 3420 2895 3491 τρυγητοῦ,
2927 3415 2990 3469 τὸ
3021 3419 3274 3492 φυτεῦσαι
3310 3412 3362 3469 ἐν
3388 3413 3526 3483 ποίῳ
3552 3413 3728 3481 καιρῷ,
3751 3402 3832 3492 πό-

2237 3490 2309 3561 τί
2333 3504 2491 3577 ξύλον
2522 3490 2726 3577 τεμεῖν,
2762 3490 3158 3579 Ἕκαστος-γὰρ
3191 3505 3382 3577 καιρὸς
3432 3499 3545 3577 ἔχει
3589 3498 3677 3566 τὴν
3728 3490 3834 3546 ἰδίαν

2241 3593 2507 3670 ἐργασίαν.
2540 3592 2803 3667 Τέσσαρας
2835 3592 2937 3666 γὰρ
2972 3589 3087 3667 ἔχει
3117 3592 3343 3667 καιροὺς
3388 3592 3415 3645 6
3463 3588 3664 3665 χρόνος·
3711 3579 3837 3637 ’ἑκασ-

2238 3704 2332 3745 to;
2366 3680 2423 3738 δὲ
2453 3682 2639 3759 καιρὸς
2673 3677 2787 3756 ἔχει
2818 3682 2917 3750 τὴν
2954 3677 3089 3735 ἰδίαν
3120 3680 3393 3755 ἐργασίαν.

549 1994 715 2049 RESP.
752 1993 874 2048 Fiat
901 1992 1020 2059 lux,
1045 1991 1191 2047 dixit
1220 1996 1392 2055 Deus,
1418 1996 1476 2046 et
1499 1991 1652 2046 facta
1680 1994 1787 2046 est.
1824 1989 1927 2046 Illa
1947 1989 2123 2062 igitur

478 2089 620 2150 erat,
654 2100 781 2153 quae
831 2081 1228 2153 distinguebat
1287 2080 1440 2136 diem
1475 2097 1540 2136 ac
1572 2085 1821 2136 noctem.
1855 2079 1924 2135 Et
1978 2079 2124 2135 dixit

476 2174 653 2238 Deus,
677 2194 695 2220 α
737 2172 859 2226 Fiat
880 2169 1000 2237 lux,
1024 2175 1082 2225 et
1105 2170 1256 2225 facta
1285 2175 1393 2225 est.
1419 2191 1445 2217 η
1483 2169 1598 2223 Lux
1622 2168 1722 2223 illa
1753 2186 1866 2224 non
1897 2173 1988 2225 est
2010 2167 2119 2224 sol:

476 2260 668 2331 qualis
702 2276 832 2314 vero
864 2258 963 2313 lux
994 2258 1254 2324 sit,audi.
1284 2260 1383 2314 Est
1410 2257 1531 2315 haec
1560 2257 1659 2312 lux
1687 2256 1790 2312 illa
1812 2257 2122 2323 matutina,

478 2366 608 2421 quae
640 2350 897 2404 exoritur
926 2347 1187 2404 diluculo
1218 2354 1273 2403 et
1325 2347 1612 2403 mundum
1648 2347 1926 2414 illustrat,
1966 2351 2123 2403 ante-

475 2455 652 2510 quam
686 2437 771 2492 sol
802 2437 1043 2491 oriatur.
1076 2436 1191 2491 Nec
1222 2436 1437 2506 aliquis
1470 2432 1817 2507 putet,quod
1851 2435 1992 2491 solis
2024 2435 2117 2490 hic

475 2526 754 2598 splendor
783 2526 860 2580 sit
889 2526 986 2597 qui
1020 2525 1203 2580 solem
1250 2526 1603 2597 praeveniens
1637 2526 1837 2580 statim
1888 2524 2039 2580 lucet
2068 2530 2124 2580 et

478 2617 765 2670 mundum
801 2613 1094 2681 illustrat;
1128 2614 1229 2669 sed
1262 2613 1371 2669 hoc
1412 2613 1556 2668 illud
1608 2613 1803 2686 ipsum
1850 2618 1938 2669 est
1968 2615 2122 2685 quod

477 2704 621 2759 dicit
650 2705 953 2775 Scriptura
985 2721 997 2758 :
1035 2725 1063 2753 «
1096 2704 1165 2758 Et
1209 2702 1355 2758 dixit
1407 2704 1553 2758 Deus
1582 2721 1595 2759 :
1635 2702 1755 2757 Fiat
1802 2702 1921 2768 lux,
1950 2712 2003 2757 et
2034 2703 2122 2758 fa—

477 2798 571 2849 cta
602 2798 690 2848 est
720 2792 820 2847 lux
845 2794 907 2847 ⁷³.
948 2816 968 2841 υ
1011 2794 1136 2847 [1ωο
1166 2790 1268 2847 lux
1298 2808 1510 2863 magna
1536 2797 1593 2847 et
1645 2791 2125 2864 splendidissima

480 2900 612 2939 cum
638 2888 813 2949 esset,
846 2881 1043 2938 divisit
1073 2898 1202 2936 eam
1247 2886 1396 2937 Deus
1430 2882 1485 2936 in
1542 2880 1853 2937 luminaria
1880 2881 1998 2950 illa,
2032 2898 2123 2938 so-

480 2971 593 3026 lem
627 2976 682 3026 et
712 2971 938 3040 lunam,
972 2975 1027 3025 et
1060 2970 1306 3041 reliqua.

555 3152 665 3222 (85)
697 3154 921 3216 Quaesr.
957 3152 1039 3207 LI.
1076 3151 1225 3215 Quid
1257 3156 1344 3207 est
1374 3154 1526 3223 quod
1560 3153 1751 3223 inquit
1784 3169 1796 3206 :
1832 3176 1858 3201 «
1893 3153 2023 3207 Sint
2067 3154 2121 3207 in

489 3240 657 3310 signa
688 3246 743 3294 et
774 3244 1057 3310 tempora,
1082 3245 1139 3295 et
1166 3242 1292 3296 dies
1322 3246 1378 3295 et
1409 3258 1596 3295 annos
1617 3243 1660 3275 ’⁷³
1684 3241 1710 3294 Ῥ
1743 3263 1771 3292 ››

559 3328 729 3383 Esse.
762 3329 939 3399 Signa
982 3334 1167 3396 vocat,
1202 3329 1273 3383 ad
1325 3330 1795 3398 cognoscendum
1847 3330 2128 3386 sementis

487 3417 786 3481 faciendae,
823 3416 1037 3472 messis
1066 3422 1123 3472 et
1155 3417 1457 3473 vindemiae
1489 3419 2129 3491 opportunitatem,quo

484 3510 746 3576 tempore
780 3505 1191 3574 plantandum,
1225 3511 1281 3561 et
1321 3506 1480 3578 ligna
1540 3507 1775 3578 quando
1834 3509 2126 3563 caedenda.

484 3596 630 3650 Nam
664 3595 878 3665 quaevis
910 3598 1228 3666 tempestas
1256 3595 1548 3667 peculiare
1571 3596 1746 3651 habet
1776 3613 1944 3668 opus.
1979 3602 2129 3663 Qua-

484 3688 615 3740 tuor
667 3700 921 3754 namque
979 3687 1358 3755 tempestates
1413 3684 1587 3740 habet
1640 3702 1851 3752 annus,
1880 3702 2127 3757 quarum

490 3788 735 3845 quaeque
768 3790 941 3827 suum
973 3790 1119 3844 opus
1154 3772 1348 3829 habet.

558 3864 899 3929 (86)Qu.£s'r.
914 3862 1020 3916 LII.
1048 3863 1235 3926 Quare
1268 3862 1499 3934 plantas
1529 3864 1763 3934 quidem
1797 3868 1930 3920 ante
1959 3863 2134 3919 lumi-

492 3949 656 4005 naria
689 3949 903 4004 creavit
932 3950 1105 4017 Deus,
1142 3951 1420 4007 animalia
1441 3969 1570 4008 vero
1605 3952 1780 4024 post?

564 4040 734 4092 RESP.
770 4042 1080 4109 Propterea
1111 4040 1264 4109 quod
1300 4039 1508 4111 plantas
1540 4050 1679 4096 sunt
1708 4042 2061 4108 inanimatae,
2083 4046 2139 4098 et

494 4141 609 4180 non
642 4126 861 4180 habent
892 4127 1112 4196 oculos,
1137 4133 1389 4196 suntque
1409 4135 1612 4185 creata
1646 4137 1778 4187 ante
1800 4131 2134 4188 luminaria.

493 4213 874 4285 Splendorem
907 4216 1064 4270 enim
1099 4216 1247 4272 lucis
1286 4220 1617 4288 portabant,
1663 4226 1794 4291 post
1824 4220 2139 4277 luminaria

494 4320 627 4358 vero
663 4305 897 4359 tandem
916 4304 1198 4361 animalia
1227 4314 1420 4362 creata
1439 4288 1955 4366 sunt.Namlucem
1975 4310 2132 4366 illam

2249 4288 2385 4379 μετὰ
2416 4302 2473 4359 δὲ
2528 4302 2655 4365 τοὺς
2716 4308 3007 4379 φωστῆρας
3065 4288 3286 4375 ὕστερον
3348 4299 3585 4375 ἐγένοντο
3635 4291 3696 4347 τὰ
3738 4288 3840 4383 ζῶξ

498 4408 773 4462 magnam
807 4409 981 4463 quam
1013 4394 1166 4449 Deus
1198 4395 1432 4461 fecerat,
1468 4396 1524 4452 in
1562 4395 1874 4453 luminaria
1902 4399 2132 4456 divisit:

2247 4378 2434 4462 ἔπειδή
2468 4393 2710 4469 ἐμέρισεν
2732 4378 2770 4446 6
2807 4391 2936 4453 Θεὸς
2964 4391 3027 4445 τὸ
3058 4394 3169 4468 φῶς
3203 4390 3266 4443 τὸ
3296 4392 3508 4463 πρῶτον
3556 4384 3634 4475 τὸ.
3659 4378 3777 4475 μέγα
3820 4378 3841 4475 ξ

497 4498 628 4553 quas
662 4482 755 4535 lux
780 4482 915 4536 hinc
945 4481 1082 4536 inde
1112 4482 1396 4554 dispersa,
1429 4484 1801 4555 aliquatenus
1832 4493 1920 4541 est
1950 4487 2132 4542 immi-

2249 4482 2501 4553 ἐποίησεν
2562 4480 2637 4543 εἷς
2693 4478 2823 4542 τοὺς
2887 4486 3196 4556 φωστῆρας,
3245 4479 3335 4532 καὶ
3369 4469 3841 4562 6‘tecmop'itletin,1‘3li

498 4575 676 4625 nuta:
705 4572 859 4641 quod
892 4571 1005 4625 nisi
1037 4571 1252 4626 factum
1280 4571 1485 4628 fuisset
1516 4590 1629 4628 non
1655 4575 1986 4645 potuissent
2015 4576 2132 4632 ani-

2254 4571 2458 4647 ἐγένετο
2517 4570 2898 4646 ἐλαφρότερον
2960 4568 3005 4623 εἲ
3067 4568 3142 4640 μὴ
3171 4568 3272 4641 γὰρ
3307 4565 3478 4625 οὕτως
3506 4563 3718 4649 ἐγένετο,
3768 4566 3843 4649 ουδξ

494 4659 673 4715 malia
729 4659 1020 4715 sustinere
1074 4677 1354 4733 magnum
1402 4662 1600 4733 jubar,
1659 4668 1717 4718 et
1772 4664 2132 4736 splendorem

2251 4646 2486 4731 ἠδύνατο
2526 4661 2589 4713 τὰ
2622 4662 2731 4727 ζῶα
2764 4657 3047 4735 ὑποφέρειν
3079 4658 3177 4725 τὴν
3212 4654 3428 4723 πολλὴν
3482 4646 3733 4739 ἀστραπήν
3775 4646 3843 4739 κξιί

489 4749 672 4804 totius
736 4749 889 4821 ignis
946 4732 1259 4819 ejusmodi.
1302 4732 1491 4821 Atque
1550 4751 1728 4823 hujus
1788 4732 2025 4823 quidem
2058 4753 2132 4808 rei

2247 4751 2344 4818 τὴν
2379 4747 2743 4824 λαμπρότητα
2774 4732 2908 4802 ὅλου
2935 4750 3035 4801 τοῦ
3064 4745 3233 4818 πυρὸς
3271 4743 3496 4799 ἐκείνου.
3518 4738 3613 4796 Καὶ
3642 4732 3720 4789 διὰ
3742 4732 3843 4824 r013:

492 4840 681 4911 gratia
710 4843 1004 4907 postremo
1024 4843 1163 4894 sunt
1186 4839 1464 4894 animalia
1484 4845 1770 4905 creata,ut
1800 4840 1959 4896 illius
1988 4840 2132 4913 ignis

2248 4860 2310 4893 το
2342 4838 2588 4913 ἐγένοντο
2621 4835 2838 4912 ὕστερον
2869 4836 2937 4890 τὰ
2967 4839 3097 4904 ζῶα,
3127 4832 3273 4895 ὅπως
3299 4830 3556 4887 δύνωνται
3587 4825 3744 4903 φέρειν
3769 4825 3845 4869 του

493 4926 863 4998 splendorem
898 4927 1151 4997 perferre
1179 4933 1435 5000 possent.

566 5018 794 5079 Qums'r.
832 5015 977 5071 LIII.
1012 5018 1200 5082 Quare
1231 5022 1382 5075 Deus
1407 5035 1540 5073 cum
1571 5034 1639 5073 ex
1695 5022 1850 5074 terra
1882 5020 2145 5075 finxisset

496 5103 817 5170 hominem,
846 5122 959 5159 non
984 5105 1156 5160 etiam
1184 5106 1350 5162 ﬁnxit
1372 5108 1569 5176 Evam,
1595 5108 1693 5163 sed
1720 5124 1846 5163 eam
1876 5110 2145 5164 formavit

494 5208 561 5247 ex
595 5193 719 5261 ejus
760 5198 914 5247 costa
944 5195 968 5248 '?

563 5282 823 5337 RespNe
854 5284 1138 5339 haberent
1169 5286 1529 5341 occasionem
1555 5285 1970 5357 dicendi,aliud
2014 5304 2142 5343 esse

2315 3860 2507 3936 Ἐρώτ.
2538 3860 2641 3935 νβ’.
2674 3860 2773 3915 Διὰ
2800 3858 2852 3913 τί
2882 3858 2947 3912 τὸ.
2981 3858 3073 3930 μὶν
3106 3857 3243 3936 φυτὰ
3272 3859 3383 3932 πρὸ
3430 3858 3533 3911 τῶν
3582 3849 3838 3931 φωστῆρων

2246 3950 2496 4019 ἐποίησεν
2531 3950 2558 4004 ὁ
2590 3948 2743 4017 Θεὸς,
2769 3949 2835 4002 τὰ
2865 3944 2923 4001 δὲ
2958 3951 3069 4016 ζῶα
3101 3948 3234 4018 μετὰ
3262 3951 3465 4014 redita;
3775 4015 3795 4029 ν

2319 4036 2508 4094 Ἀπόκ.
2546 4035 2693 4091 Διότι
2724 4035 2791 4089 τὰ
2824 4034 2920 4108 μὲν
2979 4034 3117 4110 φυτά
3174 4032 3307 4087 εἴσιν
3366 4035 3566 4106 ἄψυχα,
3617 4025 3695 4080 καὶ
3746 4025 3841 4110 οὗτε

2250 4125 2567 4204 ὀφθαλμοὺς
2625 4106 2838 4200 ἔχουσι,
2886 4106 3336 4192 καὶνὺιτίσθησαν
3391 4122 3492 4196 πρὸ
3537 4122 3633 4173 τῶν
3662 4106 3841 4204 φῳστῆ·

2249 4200 2374 4293 ρέυν.
2440 4212 2728 4283 ἐϐάσταζον
2789 4213 2893 4288 γὰρ
2952 4216 3049 4267 τοῦ
3109 4212 3287 4289 φωτὸς
3344 4213 3443 4278 τήν
3503 4200 3838 4293 iamest”...-

2250 4929 2421 5003 πυρὸς
2451 4928 2550 4996 τὴν
2582 4924 2967 5001 λαμπρότητα.

2325 4987 2519 5090 ;Ερώτ;
2550 4987 2778 5091 νγᾍᾏιὸι
2807 5013 2860 5068 τί
2891 5014 2918 5068 ὁ
2951 5013 3078 5075 Θεὸς
3133 5009 3346 5073 πλάσας
3392 5010 3481 5065 τὸν
3532 5002 3779 5091 ἄνθρωπον
3801 4987 3845 5043 ἐκ

2252 5110 2348 5172 τῆς
2378 5113 2501 5181 γῆς,
2537 5105 2635 5159 οὐκ
2665 5102 2866 5159 ἔπλασε
2894 5102 2983 5157 καὶ
3012 5103 3110 5170 τὴν
3143 5096 3305 5173 Εὕαν,
3337 5097 3462 5156 ἀλλ’
3501 5095 3557 5151 ἐκ
3581 5093 3671 5159 τῆς
3714 5083 3846 5139 πλευ·

2255 5202 2348 5271 ρᾶς
2378 5194 2541 5250 αὑτοῦ
2573 5190 2801 5248 ἔπλασεν
2829 5192 2995 5261 αὐτήν
3024 5211 3037 5260 ;
3576 5269 3584 5271 Α
3665 5259 3706 5271 ,η
3725 5258 3741 5271 ,
3831 5251 3841 5267 κ

2326 5283 2520 5339 Ἀπόκ.
2553 5287 2668 5337 Ἵνα
2702 5283 2777 5354 μὴ
2812 5258 3299 5357 ἔχωσιννάφορμήν
3329 5272 3524 5351 λέγειν,
3555 5269 3633 5325 ὅτι
3661 5258 3780 5319 ἄλλο
3802 5258 3849 5305 τὸ

563 5480 606 5514 ⁷ο
646 5481 787 5536 Gen.
828 5498 865 5546 ι,
911 5481 962 5534 9.
1041 5482 1084 5515 τί
1128 5481 1267 5538 ibid.
1310 5483 1363 5537 5.
1441 5482 1486 5517 ⁷³
1523 5480 1665 5537 ibid.
1698 5484 1756 5540 6.
1876 5485 1920 5520 ⁷³
1958 5483 2101 5540 ibid.
2136 5484 2224 5541 M.

565 5661 676 5732 (86)
712 5661 854 5715 Vide
883 5662 1098 5727 Quaest.
1136 5660 1201 5715 15
1232 5659 1450 5718 Theod.
1482 5661 1544 5715 in
1574 5659 1757 5718 Gener.
2323 5661 2430 5734 (87)
2459 5659 2810 5721 Theodoreti
2840 5659 3054 5728 Quaest.
3088 5656 3157 5717 16
3184 5654 3244 5716 in
3275 5653 3463 5714 Gula.
