2048 3106
145 176 206 206 ’133

708 177 1105 210 INTERPRETATIONES
1128 180 1179 211 EX
1202 182 1239 213 ν.
1261 183 1296 213 '1‘.

1555 0 1570 4 η
1586 0 1740 13 -γνκ.ἶ‹,τ,

1792 184 1851 214 ’134

145 240 233 279 χῶμά
248 241 303 268 ἔστι
317 243 366 268 τοῦ
382 239 481 278 Ἀδὰμ,
495 241 540 269 καὶ
556 241 627 270 ἄλλο
640 245 690 277 τῆς
706 240 788 274 Ebur
815 243 861 271 καὶ
879 246 962 281 κρεῖσ-

1032 245 1128 274 lutum
1145 249 1225 283 Adae,
1242 251 1270 277 et
1288 249 1366 277 aliud
1392 250 1471 278 Evee:
1501 252 1529 278 et
1559 249 1655 277 lutum
1679 250 1755 278 266
1784 250 1852 278 Adaa

145 295 193 312 σον
208 286 241 319 ἧν
256 286 288 312 τὸ
306 287 390 323 χῶμα
405 286 420 313 ’ὸ
445 284 545 314 ἔπλασε
566 287 611 314 τὸν
633 285 730 323 Ἀδὰμ,
753 287 798 314 καὶ
823 287 848 324 ἐξ
874 287 974 315 ἐκείνου

145 330 214 357 εἰσὶν
231 330 258 357 ei.
277 329 357 358 καλοὶ
384 330 429 357 καὶ
458 330 577 367 ἐνάρετοι
607 330 756 369 ἄνθρωποι·
787 331 840 359 ἀπὸ
870 330 899 359 δὲ
924 336 975 368 τῆς

145 372 219 405 Εὔας
234 374 299 402 εἰσὶν
324 374 350 401 οἱ
374 374 452 402 κακοὶ
476 375 521 402 καὶ
545 376 673 413 πονηροὶ,
688 375 733 403 καὶ
757 376 782 403 οἱ
807 375 914 404 σκολιοὶ
930 375 973 404 ἅν-

147 422 263 456 θρωποι.
278 418 326 446 Διά
339 420 420 446 τοῦτο
436 417 548 447 ἔπλασεν
564 419 662 451 αὐτοὺς
678 420 692 447 ’ό
708 421 772 452 Θεὸς
789 420 814 457 ἐξ
832 420 893 452 ἐνὸς
915 422 974 459 χώ-

147 473 235 499 ματος
240 483 246 490 .

184 507 280 546 Ἐρώτ,
295 506 343 536 νδ’.
361 507 410 535 Διὰ
430 507 465 544 τί,
489 509 526 539 ὡς
553 506 609 536 ἔστι
632 512 755 547 κρεῖσσον
780 510 825 537 καὶ
852 508 972 548 παραδο-

145 552 254 590 ξότερον
279 552 388 589 ποίημα
406 555 454 580 τοῦ
478 555 545 580 Θεοῦ
560 553 574 580 ὁ
599 553 742 592 ἄνθρωπος
770 554 895 592 (βασιλέα
922 555 971 592 γὰρ

143 597 227 624 αὐτὸν
254 596 401 632 πεποίηκεν
431 596 473 624 ἐπὶ
500 600 550 632 τῆς
573 601 636 635 γῆς,
652 598 697 625 καὶ
726 599 784 626 κατ’
812 597 903 626 εῑκόνα
927 600 972 626 καὶ

142 642 205 670 καθ’
230 641 363 678 ὁμοίωσιν
387 640 469 669 αὐτοῦ
494 641 618 678 ἐποίησεν
645 642 748 680 αὐτὸν),
768 645 826 675 πῶς
856 642 970 671 ἔπλασεν

142 686 227 714 αὐτὸν
243 686 258 713 ὁ
273 686 337 717 Θεὸς
358 685 467 723 ὕστερον
483 686 589 714 πάντων
602 700 609 722 ς

181 738 278 768 ’Δπόκ.
296 738 406 774 Ἐπειδὴ
425 739 515 778 ὥσπερ
534 740 671 778 βασιλεὺς,
687 740 749 769 ὅταν
776 741 871 779 μέλλει
887 742 969 771 ἀπελ-

141 787 199 817 θεῖν
214 784 240 812 ἐν
265 784 345 812 πόλει
361 784 424 820 τινὶ²
449 787 556 822 πρῶτον
582 785 782 823 εὐτρεπίζουσιν
812 786 893 814 αὐτοῦ
919 787 969 822 τήν

141 828 302 867 ἓτοιμασίαν
319 851 327 864 ,
356 828 401 856 καὶ
427 830 668 865 κατασκευάζοντες
698 830 779 858 αὐτοῦ
802 832 851 866 τὴν
883 830 969 869 δωρο-

140 873 254 913 φορίαν,
282 874 327 902 καὶ
355 876 442 901 πᾶσαν
471 874 554 902 αὐτοῦ
583 875 632 909 τὴν
666 875 812 914 ὑπηρεσίαν
833 876 877 904 καὶ
905 876 968 904 ἀνά-

1030 293 1221 328 ΡΝΕΒὶᾶΠῖίΠΒ
1260 302 1334 328 esse,
1365 296 1502 331 quodque
1519 303 1552 322 ex
1568 295 1623 322 hoc
1639 294 1707 322 boni
1723 300 1749 322 et
1767 294 1850 330 probi

1029 337 1175 374 homines,
1219 347 1253 367 ex
1285 339 1344 367 Eva
1364 348 1430 367 vero
1458 340 1519 367 sint
1556 339 1635 372 mali,
1666 339 1793 376 perversi
1822 341 1850 366 et

1029 382 1119 418 pravi.
1136 383 1203 411 Ideo
1219 384 1287 411 fecit
1310 392 1360 412 eos
1374 384 1452 412 Dcus
1468 393 1500 411 ex
1517 393 1573 412 uno
1603 384 1764 420 eodemque
1788 383 1849 412 luto

1028 429 1111 455 terra:
1116 449 1122 455 .

1063 519 1175 550 Qumsr.
1192 518 1261 546 LIV.
1277 518 1349 546 Cum
1366 518 1554 555 prazstantius
1567 521 1594 546 et
1606 519 1769 547 mirabilius
1784 519 1846 554 opi-

1027 563 1127 592 ficium
1143 563 1193 591 Dei
1211 563 1249 590 sit
1264 562 1351 591 homo
1366 563 1473 600 (regem
1490 564 1567 591 enim
1580 563 1767 598 ipsumterrm
1781 572 1848 591 con-

1027 607 1125 636 stituit
1143 609 1172 636 et
1186 609 1349 636 secundum
1376 607 1534 644 imaginem
1565 607 1846 643 similitudinemque

1027 661 1112 684 suam
1128 653 1235 681 creavit
1248 653 1424 689 ipsum),cur
1436 653 1568 680 omnium
1582 655 1762 688 postremum
1771 660 1847 680 crea-

1025 693 1067 721 vit
1085 692 1180 720 Deus?

1062 746 1149 774 RESP.
1170 747 1427 779 Quemadmodum
1448 755 1494 774 rex
1514 746 1631 782 quando
1660 745 1690 773 in
1716 744 1845 781 aliquam

1025 791 1129 819 urbem
1142 792 1320 820 adventurus
1341 791 1459 825 dicitur,
1484 791 1613 827 primum
1642 798 1759 818 omnem
1781 791 1846 826 ejus

1025 839 1200 873 apparatum
1213 836 1373 870 instruunt,
1391 839 1529 872 parantes
1558 836 1634 863 dona
1661 843 1724 871 qua:
1748 835 1844 863 confe-

1024 883 1100 917 rant,
1112 883 1140 909 et
1159 883 1254 909 totum
1283 880 1455 910 satellitium
1471 883 1499 908 et
1522 880 1695 916 hospitium,
1727 887 1759 907 ac
1780 882 1843 907 tum

139 929 253 953 παυσιν,
271 919 337 956 μετὰ
358 921 440 946 τοῦτο
465 917 494 946 δὲ
519 920 695 958 παραγίνεται
712 921 726 948 ὸ
744 920 879 959 βασιλεὺς,
896 920 962 949 οὕτιι

1024 927 1143 955 demum
1166 926 1281 955 advenit
1309 935 1372 954 rex:
1396 927 1431 954 ad
1461 926 1596 954 eumdem
1626 925 1744 953 modum
1773 933 1841 952 cum

139 964 241 1002 γέγονε
248 963 292 991 καὶ
308 963 352 991 ἐπὶ
368 964 414 991 τοῦ
424 963 693 1002 ἀνθρώπου.Πρῶτον
710 963 862 1005 ἐφρόντισεν
875 966 889 993 ὁ
900 966 965 998 Θεὸς

137 1009 176 1036 τὰ
203 1012 254 1043 τῆς
280 1008 453 1040 ἀναπαύσεως
475 1009 567 1045 αὐτοῦ,
591 1009 635 1037 καί
662 1009 804 1048 εἷ’ργάσατο
827 1016 875 1045 τήν
901 1021 964 1038 κατ-

138 1053 232 1081 οικίαν
260 1053 341 1081 αὐτοῦ
365 1053 410 1081 καὶ
439 1056 524 1082 πᾶσαν
553 1055 603 1089 τήν
631 1054 725 1092 χρείαν
748 1055 792 1083 καὶ
817 1056 963 1083 ἀνάπαυσιν

137 1098 236 1133 mito-3,
254 1098 298 1126 καὶ
316 1099 384 1135 μετᾶ
397 1100 480 1126 ταῦτα
495 1096 608 1126 ἔπλασεν
624 1099 715 1127 αὐτόν.

177 1152 276 1189 Ἐρώτ.
293 1152 337 1180 νε’.
353 1151 384 1179 Τί
405 1151 461 1180 ἐστι
475 1152 517 1180 τό·
534 1165 547 1179 ‹‹
564 1154 727 1190 Ποιήσωμεν
752 1154 892 1192 ἄνθρωπον
906 1155 965 1183 κατ’

134 1196 232 1225 εἰκόνα
255 1196 401 1235 ἡμετέραν,
424 1197 469 1224 καὶ
495 1198 554 1225 καθ’
578 1197 709 1234 ὁμοίωσιν
728 1208 734 1233 ;
753 1211 766 1224 n
782 1199 814 1227 Τί
829 1199 860 1226 τὸ
876 1210 891 1225 «
905 1200 964 1227 κατ’

134 1239 233 1269 ιίκόνα
250 1251 258 1276 ;
278 1254 288 1267 ι
305 1241 350 1269 καὶ
364 1240 391 1269 τί
406 1242 437 1269 τὸ
453 1253 469 1268 α
483 1242 540 1269 καθ’
555 1242 687 1279 ὁμοίωσιν
705 1252 711 1278 ;
731 1255 741 1268 ι

171 1336 273 1366 ⁷Λπόκ,
288 1338 350 1376 Οὐχ
364 1336 454 1377 ὥσπερ
479 1339 505 1366 οἱ
529 1339 679 1377 ἅνθρωποι,
696 1339 783 1371 οὕτως
807 1341 851 1368 καὶ
867 1342 881 1369 ὁ
897 1343 962 1374 Θεός

134 1384 212 1412 ἔστιν
229 1381 476 1422 ἀνθρωπόμορφος·
502 1384 602 1420 ἄπαγει
619 1383 707 1412 Ἀλλά
724 1385 755 1412 τὸ
772 1396 786 1411 ι(
810 1387 868 1414 κατ’
892 1387 963 1415 εἰκό-

131 1440 167 1456 να
185 1440 202 1454 ιο
224 1427 306 1456 τοῦτό
335 1428 416 1455 ἐστιν·
446 1425 536 1466 ὥσπερ
560 1428 610 1466 γὰρ
637 1429 651 1456 ὁ
675 1429 739 1460 Θεὸς
770 1429 905 1468 βασιλεύει
935 1432 962 1460 ἐν

133 1472 220 1501 παντὶ
244 1472 350 1509 κόσμῳ,
367 1472 411 1499 καὶ
436 1472 526 1510 ἄρχει,
550 1473 595 1500 καὶ
619 1473 764 1508 ἐξουσιάζει
789 1476 896 1503 πάντων
910 1479 963 1503 τῶν

132 1517 160 1545 ἐν
178 1516 289 1554 οὐρανῷ
317 1516 361 1544 καὶ
389 1516 423 1554 τῇ
439 1519 487 1554 γῇ·
504 1517 575 1545 οὕτω
600 1518 644 1545 καὶ
670 1518 684 1545 ὁ
707 1516 849 1556 ἅνθρωπος
866 1519 960 1558 ἄρχων

126 1562 173 1590 καὶ
195 1561 326 1599 βασιλεὺς
349 1561 497 1597 καθέστηκε
525 1562 632 1589 πάντων
660 1564 713 1590 τῶν
738 1562 861 1601 ἐπιγείων
891 1575 962 1602 πρα-

1021 970 1139 1002 homine
1154 979 1270 1008 quoque
1285 971 1395 999 factum
1412 973 1464 999 est.
1481 971 1578 998 Primo
1593 968 1794 998 habitaculum
1816 968 1842 996 ei

1019 1017 1186 1053 procuravit
1200 1016 1288 1050 Deus,
1304 1015 1429 1051 fecitque
1450 1016 1548 1043 sedem
1578 1014 1779 1049 habitationis,
1805 1021 1839 1041 ac

1019 1061 1054 1089 de
1070 1061 1206 1090 omnibus
1222 1060 1395 1089 necessariis
1406 1060 1432 1088 ei
1444 1060 1601 1096 prospexit,
1625 1061 1725 1095 postea
1740 1059 1838 1095 ipsum

1018 1106 1135 1134 ereavit.

1054 1160 1107 1194 (8’7)
1124 1161 1236 1193 Qua-131'.
1255 1160 1309 1187 LV.
1326 1159 1572 1193 Quidilludestzu
1584 1158 1735 1186 Faciamus
1747 1157 1840 1185 homi-

1019 1213 1083 1232 nem
1095 1205 1131 1232 ad
1146 1205 1306 1241 imaginem
1322 1207 1350 1232 et
1362 1204 1586 1233 similitudinem
1619 1206 1748 1231 nostram
1765 1203 1787 1219 τδ
1798 1202 1812 1228 '2
1822 1213 1837 1227 »

1017 1249 1090 1282 Quid
1106 1253 1149 1277 est
1163 1261 1177 1275 α
1193 1249 1396 1286 adimaginem
1409 1251 1419 1276 ἓ
1430 1249 1485 1276 "Et
1495 1248 1564 1284 quid
1577 1248 1660 1280 illud,
1670 1259 1679 1272 ι
1693 1247 1728 1275 ad
1754 1246 1838 1274 simi-

1017 1293 1174 1322 litudinem
1184 1293 1198 1321 δῖ
1212 1305 1227 1319 »

1052 1348 1137 1375 Rssr.
1152 1347 1214 1375 Non
1230 1350 1276 1376 est
1292 1348 1377 1383 Deus,
1395 1348 1479 1374 sicuti
1502 1349 1572 1374 sunt
1602 1346 1747 1376 homines,
1778 1344 1834 1371 hu-

1017 1400 1134 1421 manam
1144 1392 1255 1420 habens
1268 1392 1391 1428 ﬁguram
1405 1400 1410 1423 ;
1429 1392 1504 1418 absit
1517 1391 1586 1418 iSed
1600 1390 1675 1426 quod
1684 1389 1764 1421 dicit,
1775 1397 1785 1412 ι
1799 1388 1834 1414 ad

1017 1437 1174 1473 imaginem
1189 1445 1195 1464 :
1214 1448 1227 1460 ι)
1244 1436 1298 1463 hee
1314 1438 1368 1469 est,
1382 1436 1457 1463 sicut
1482 1437 1509 1462 in
1526 1438 1586 1462 toto
1615 1434 1724 1461 mundo
1753 1433 1829 1460 Deus

1016 1483 1130 1516 regnat,
1145 1481 1280 1516 imperat.
1296 1481 1325 1508 et
1340 1483 1511 1515 potestatem
1532 1481 1645 1507 exercet
1665 1479 1694 1505 in
1720 1477 1830 1510 omnia,

1016 1529 1080 1557 quas
1096 1521 1125 1548 in
1136 1520 1207 1548 ecelo
1222 1523 1292 1548 sunt
1305 1523 1334 1548 et
1346 1528 1409 1556 quis
1426 1521 1453 1547 in
1467 1523 1552 1551 terra;
1571 1519 1612 1546 sic
1627 1519 1715 1546 etiam
1731 1517 1830 1551 homo,

1015 1566 1152 1602 princeps
1165 1567 1193 1592 et
1207 1573 1256 1593 rex
1270 1564 1447 1592 constitutus
1476 1567 1520 1592 est
1548 1572 1636 1600 super
1657 1571 1759 1591 omnes
1789 1568 1835 1588 res

125 1608 257 1645 γμάτων,
286 1606 331 1633 καὶ
360 1605 564 1641 αὖτιξουσίωςὸ
594 1606 720 1644 βούλεται
744 1607 865 1645 πράττει,
889 1616 955 1642 καθ-

1021 1611 1214 1644 ,errestres,et
1224 1609 1314 1637 libera
1328 1617 1383 1636 sua
1402 1608 1549 1636 voluntate
1571 1608 1639 1636 facit
1665 1609 1741 1643 quod
1771 1605 1833 1634 vult

127 1653 199 1689 άπερ
215 1650 260 1678 καὶ
278 1651 292 1677 ὁ
307 1650 383 1681 Θιός·
399 1650 443 1678 καὶ
471 1651 552 1678 τοῦτό
581 1651 636 1679 ἐστι
663 1652 695 1679 τὸ
711 1664 725 1678 ‹‹
741 1653 799 1680 κατ’
828 1653 928 1683 εἰκόνα.
946 1667 960 1681 »

123 1697 164 1724 Τὸ
182 1695 215 1723 se
229 1707 244 1721 ι(
260 1695 320 1722 καθ’
345 1694 477 1731 ὁμοίωσίν
495 1706 510 1720 ››
526 1694 581 1722 ἐστι
605 1696 636 1723 τὸ
652 1696 749 1734 ἀγαθὸν
765 1698 809 1724 καί
825 1697 958 1735 ἐνάρετον.

124 1742 233 1777 ’Ὠσπερ
247 1740 300 1777 γὰρ
316 1739 331 1766 ὁ
347 1739 411 1770 Θεὸς
432 1738 533 1777 ἀγαθός
559 1739 614 1767 ἐστι
630 1740 675 1767 καὶ
693 1740 831 1777 ἐλεήμων,
847 1742 892 1769 καὶ
916 1742 960 1770 aii-

123 1785 300 1822 σπλαγχνος,
315 1783 361 1811 καὶ
393 1782 508 1820 δίκαιος,
538 1783 714 1823 μακρὸθυμός
743 1795 772 1813 τε
794 1786 838 1813 καὶ
862 1790 959 1824 πρᾶος,

124 1829 300 1867 ἀγαπητικός
325 1839 355 1856 τε
382 1828 426 1855 καὶ
455 1829 608 1864 συμπαθὴς,
635 1829 771 1866 εἰρηνικός
792 1841 821 1858 τε
840 1831 885 1858 καὶ
901 1831 960 1859 ἐπι-

124 1874 216 1907 εικὴς,
233 1872 319 1901 ἐλεῶν
342 1873 388 1900 καὶ
410 1872 515 1912 τρέφων
541 1873 642 1905 πάντας
665 1874 835 1911 ἀνθρώπους,
857 1875 900 1903 καὶ
916 1876 959 1903 ἐπὶ

124 1922 192 1946 πᾶσι
222 1918 255 1945 τὸ
284 1917 384 1954 ἀγαθὸν
407 1916 620 1954 ἐνδεικνύμενος
651 1918 769 1955 τοιούτῳ
783 1920 877 1957 τρόπῳ
905 1920 960 1959 εἷρ-

125 1973 232 2000 γιιστιτο
261 1962 308 1989 καὶ
337 1961 448 1995 ἔπλασε,
464 1962 509 1989 καὶ
536 1962 608 1990 Θέλει
639 1963 704 1990 εἶναι
732 1964 778 1991 τὸν
808 1964 959 2001 ἄνθρωπον,

122 2007 169 2035 ’ἱνα
201 2006 277 2043 πάσῃ
320 2006 404 2044 ἀρετῇ
441 2006 550 2044 ὑπάρχῃ
585 2007 860 2045 κατακεκοσμημένος
878 2032 885 2044 ,
914 2009 959 2037 καὶ

126 2054 319 2089 μιμεῖται
344 2053 404 2086 Θεῷ
422 2051 489 2078 κατὰ
502 2051 533 2078 τὸ
558 2050 667 2079 δυνατὸν
694 2053 827 2090 ἀνθρώπῳ
842 2053 869 2081 ἐν
885 2054 958 2091 πάσῃ

126 2097 298 2135 ἁγαθοιργίᾳ
312 2095 357 2123 καὶ
373 2095 529 2132 σεμνότητι.

159 2186 266 2224 Ἐρώτ.
281 2185 333 2217 νς’.
354 2184 415 2213 Τίνι
441 2184 455 2211 ὁ
479 2184 544 2216 Θεὸς
564 2183 665 2222 εἴρηκε·
684 2196 696 2212 ι
723 2186 886 2223 Ποιήσωμεν
912 2187 958 2214 ἄν·

122 2236 238 2269 θρωπον
267 2230 326 2257 κατ’
356 2228 446 2257 εἰκόνα
460 2229 604 2267 ἡμετέραν,
620 2229 665 2257 καὶ
693 2230 753 2262 καθ’
767 2229 900 2266 ὁμοίωσιν
918 2241 925 2266 ;
941 2242 955 2259 ο

160 2327 263 2356 Ἀπόκ.
278 2326 352 2358 Τινὶς
365 2329 419 2353 τῶν
446 2325 613 2364 δυσωνύμων
634 2327 776 2366 αὶρετικῶν
798 2328 867 2365 πρὸς
891 2328 957 2360 τοὺς

122 2371 259 2411 ὰγγίλους
273 2370 338 2398 αὐτὸ
364 2370 499 2408 εἰρηκέναι
525 2370 569 2398 καὶ
587 2372 651 2402 τοὺς
666 2371 803 2409 πονηροὺς
827 2371 957 2408 δαίμονας

122 2417 245 2457 Mum
263 2425 269 2431 ·
287 2415 319 2443 οὗ
348 2415 480 2446 συνιέντες
502 2415 528 2442 o't
556 2413 737 2454 ἐμϐρόντητοι
755 2438 762 2451 ,
779 2416 822 2444 ὅτι
837 2416 869 2444 οὐ
897 2418 957 2446 κατ’

123 2461 236 2491 εἰκόνας
265 2459 400 2497 ἡμετερας
430 2458 480 2498 ἔφη
498 2482 505 2495 ,
521 2458 594 2488 ἀλλά
622 2461 681 2488 κατ’
696 2460 787 2488 εἰκόνα
808 2462 955 2500 ἡμετέραν.

122 2508 198 2535 Θεοῦ
226 2503 255 2532 δὶ
283 2504 327 2531 καὶ
351 2503 474 2541 ἀγγέλων
501 2503 546 2531 καὶ
562 2503 697 2541 δαιμόνων
714 2503 776 2533 οὔτε
791 2505 869 2533 οὐσία
895 2505 957 2534 οὔτε

124 2550 213 2578 εἰκὼν
227 2550 244 2584 ἠ
261 2548 340 2584 αὐτή.
357 2549 429 2585 Ἐγὼ
445 2546 474 2575 δέ
488 2558 571 2586 φημι,
588 2548 640 2583 ὅτι,
657 2552 823 2588 προθεωρῶν
843 2551 892 2585 τήν
908 2553 957 2579 τοῦ

123 2596 300 2631 Ιονογινοῦς
330 2592 464 2630 σάρκωσίν
493 2603 523 2620 τε.
548 2593 592 2620 καὶ
618 2593 831 2632 ἰνανθρώπησιν,
848 2595 892 2622 καὶ
920 2596 957 2627 ὡς

120 2640 230 2673 ταύτην
255 2639 304 2673 τὴν
321 2637 400 2677 φύσιν
429 2637 459 2665 ἐκ
473 2637 610 2676 Παρθένου
639 2638 766 2676 λήψεται,
794 2639 839 2667 καὶ
869 2639 956 2671 οὕτως

122 2685 218 2719 ἑαυτῷ
245 2682 273 2710 ἓν
303 2683 351 2719 μὶν
365 2681 511 2718 πρόσωπον
528 2684 594 2710 Θιοῦ
616 2683 660 2710 καὶ
685 2683 827 2722 ἀνθρώπου
846 2685 956 2721 νοήσας,

121 2729 170 2756 καὶ
189 2729 255 2764 μίαν
279 2727 353 2763 αὐτῷ
375 2725 558 2763 προσκύνησιν
583 2729 655 2764 παρὰ
677 2731 727 2763 τῆς
751 2728 863 2760 κτίσεως
884 2728 955 2756 ἁπά-

161 2793 187 2810 ⁷⁸
201 2792 275 2820 Gen.
292 2792 312 2825 i,
329 2790 376 2819 26.

164 2845 223 2880 (87)
238 2844 308 2873 Vide
323 2844 432 2876 Deest.
445 2842 480 2870 20
495 2842 605 2873 Theod.
622 2844 652 2872 in
666 2845 760 2873 Genu.
808 2860 814 2864 -

1015 1655 1092 1683 sicut
1105 1654 1169 1690 ipse
1181 1654 1265 1681 Deus.
1283 1653 1316 1681 Et
1326 1653 1381 1681 hoc
1396 1657 1440 1680 est
1451 1654 1526 1688 quod
1545 1653 1661 1685 dicitur,
1679 1663 1692 1676 «
1709 1652 1744 1679 ad
1762 1651 1836 1678 ima-

1015 1699 1124 1736 ginem.
1142 1710 1153 1725 ι
1172 1698 1252 1732 Quod
1269 1706 1336 1726 vero
1351 1710 1365 1723 α
1381 1699 1415 1726 ad
1442 1698 1664 1725 similitudinem
1679 1708 1692 1721 ιι
1717 1696 1836 1727 dicitur,

1015 1746 1060 1772 est
1074 1743 1124 1771 illa
1137 1743 1252 1771 bonitas
1267 1746 1295 1770 et
1305 1742 1431 1777 justitia.
1448 1742 1528 1769 sicut
1543 1742 1621 1770 enim
1640 1743 1713 1769 Deus
1743 1741 1837 1768 bonus

1015 1791 1067 1821 est,
1098 1788 1261 1822 miserator,
1302 1787 1479 1817 misericors.
1513 1788 1624 1821 justus,
1654 1784 1835 1820 equanimis,

1015 1834 1200 1864 mansuetus,
1215 1835 1244 1860 et
1258 1832 1306 1867 qui
1324 1839 1377 1859 nos
1393 1835 1481 1862 amat,
1503 1834 1530 1858 et
1542 1831 1626 1857 nobis
1641 1828 1837 1863 condolet,pa-

1014 1877 1127 1910 ciﬁcus,
1143 1878 1172 1904 et
1187 1876 1332 1911 placidus.
1349 1876 1399 1911 qui
1425 1875 1516 1902 nostri
1542 1875 1707 1905 miseretur,
1728 1875 1756 1900 et
1785 1872 1837 1900 alit

1014 1929 1117 1949 omnes
1134 1920 1278 1953 homines,
1294 1922 1382 1955 atque
1403 1920 1478 1946 hanc
1507 1919 1668 1946 bonitatem
1698 1917 1836 1944 omnibus

1014 1965 1149 1993 exhibet:
1167 1964 1201 1992 ad
1217 1964 1352 1992 eumdem
1368 1964 1488 1990 modum
1502 1963 1567 1989 fecit
1592 1964 1620 1989 et
1637 1961 1782 1993 formavit,
1807 1962 1836 1987 et

1014 2008 1102 2037 talem
1114 2008 1176 2036 vult
1189 2016 1271 2036 essse
1286 2007 1446 2039 hominem,
1460 2012 1492 2034 ut
1507 2006 1645 2034 omnibus
1674 2006 1831 2032 virtutibus

1013 2054 1170 2081 exornatus
1181 2051 1221 2080 sit
1235 2054 1264 2079 et
1278 2050 1411 2078 imitetur
1427 2051 1529 2082 Deum,
1546 2052 1690 2085 quantum
1718 2049 1834 2084 quidem

1013 2097 1210 2125 humanarum
1225 2098 1271 2123 est
1280 2095 1399 2129 virium,
1416 2095 1444 2122 in
1462 2094 1540 2122 omni
1557 2095 1632 2121 bono
1648 2101 1733 2129 opere
1745 2094 1773 2120 et
1784 2094 1835 2120 bo-

1013 2143 1135 2169 nestate.

1049 2186 1106 2221 (88)
1129 2185 1242 2217 QUEs'r.
1258 2184 1329 2212 LVI.
1345 2184 1386 2211 Ad
1404 2191 1491 2219 quem
1508 2183 1581 2210 dixit
1595 2182 1688 2210 Deus:
1706 2192 1719 2206 «
1737 2181 1834 2209 Facia-

1012 2238 1080 2258 mus
1096 2229 1245 2257 hominem
1262 2229 1297 2256 ad
1314 2228 1474 2264 imaginem
1499 2230 1527 2254 et
1542 2226 1768 2254 similitudinem
1785 2233 1834 2252 no-

1013 2279 1106 2302 stram
1117 2274 1131 2301 ?
1147 2285 1161 2298 ››

1046 2330 1130 2356 Resp.
1147 2328 1271 2355 Infames
1283 2327 1405 2363 quidam
1422 2326 1548 2353 haeretici
1571 2326 1606 2352 ad
1619 2325 1740 2360 angelos
1751 2326 1780 2351 et
1798 2325 1832 2352 ad

1012 2372 1106 2400 malos
1130 2372 1278 2399 daemones
1307 2370 1418 2398 dictum
1447 2379 1510 2397 esse
1536 2370 1756 2397 contenderunt.
1778 2368 1835 2396 Nec

1010 2416 1180 2453 intelligunt
1194 2416 1236 2444 illi
1252 2415 1376 2452 stupidi,
1392 2423 1459 2442 eum
1477 2423 1532 2441 non
1550 2414 1670 2446 dixisse,
1701 2414 1736 2441 ad
1759 2414 1834 2440 ima-

1010 2462 1093 2498 gines
1109 2461 1293 2494 nostras,sed
1312 2460 1347 2487 ad
1365 2459 1522 2495 imaginem
1540 2461 1681 2486 nostram.
1696 2458 1743 2485 Dei
1753 2457 1831 2485 enim

1012 2508 1041 2534 et
1051 2505 1222 2542 angelorum
1238 2513 1271 2533 ac
1285 2505 1464 2538 daemonum,
1480 2511 1572 2538 neque
1588 2503 1716 2530 essentia
1741 2510 1834 2538 neque

1010 2550 1108 2587 imago
1123 2552 1168 2578 est
1181 2550 1294 2577 eadem.
1310 2549 1369 2584 Ego
1386 2551 1482 2576 autem
1499 2548 1658 2583 dico,quod
1672 2547 1832 2582 prmvidens

1010 2595 1153 2632 unigeniti
1179 2594 1241 2623 Filii
1258 2594 1498 2624 incarnationem.
1512 2596 1540 2620 et
1562 2593 1698 2620 humanis
1723 2594 1834 2619 natura

1011 2639 1344 2675 assumptionem,quam
1353 2647 1387 2666 ex
1396 2638 1514 2674 Virgine
1522 2640 1624 2665 natura
1631 2646 1656 2664 m
1668 2639 1835 2672 assumptu-

1011 2693 1061 2713 rus
1072 2687 1160 2719 esset,
1175 2693 1242 2712 cum
1253 2685 1295 2712 sic
1311 2692 1399 2711 unam
1416 2685 1444 2711 et
1455 2683 1584 2710 eamdem
1601 2682 1646 2710 Dei
1663 2684 1691 2709 et
1707 2681 1833 2709 hominis

1010 2737 1178 2766 personam,
1195 2738 1229 2758 ac
1244 2737 1333 2757 unam
1349 2730 1378 2756 et
1392 2728 1525 2756 eamdem
1551 2727 1607 2763 ipsi
1632 2726 1831 2755 adorationem

1047 2845 1102 2881 (88)
1119 2847 1169 2873 Est
1183 2846 1289 2879 Quwst.
1306 2845 1341 2873 19
1353 2844 1461 2872 Theod.
1479 2844 1508 2871 in
1521 2843 1614 2871 Genus.

1747 0 1897 16 ’Ὑπῒγίβκ
1906 0 1926 23 τ’·
1943 0 1946 1 ⁷
1966 0 1971 3 ⁷
