4096 6212
387 380 505 441 735

1544 393 1607 451 S.
1663 393 2180 455 ATHANASIUS.
2214 428 2292 439 --
2320 394 2626 457 SPURlA.

3680 399 3806 459 ’736

390 516 463 569 ab
485 516 641 570 omni
677 523 940 573 creatura
972 521 1231 576 oblatum
1261 522 1330 576 iri
1356 522 1723 596 intelligeret,
1749 526 1816 580 ad
1838 526 2030 597 ipsum

2154 546 2247 596 σης
2302 529 2731 605 προσφέρεσθαι,
2781 528 2919 605 πρὸς
2981 528 3137 583 αὐτὸν
3196 527 3287 582 τὸν
3352 535 3616 604 μονογενῆ
3678 529 3808 584 Υἱὸν

391 603 758 676 unigenitum
796 607 1004 663 Filium
1040 608 1194 665 hunc
1218 611 1362 667 dixit
1394 629 1745 669 sermonem.

459 695 567 765 (89)
604 696 802 758 Qut-EST
859 698 1024 754 LVIl.
1060 700 1197 756 Utra
1218 706 1307 756 est
1342 703 1693 774 principium
1726 708 1781 759 et
1811 704 2033 776 primas

390 782 584 849 habet,
620 802 726 838 nox
754 786 841 841 vel
877 788 1045 843 dies?

462 873 635 927 RESP.
672 878 712 927 Α
766 876 1060 946 primitiva
1092 880 1328 950 quidem
1366 881 1569 936 mundi
1609 883 1927 949 creatione,
1963 884 2032 937 ab

388 978 452 1016 eo
480 967 738 1033 tempore
762 964 1029 1022 videlicet
1061 984 1175 1039 quo
1200 970 1392 1025 factus
1415 976 1504 1025 est
1531 972 1709 1027 Adam
1744 989 1929 1044 usque
1962 974 2032 1028 ad

390 1052 700 1107 adventum
736 1053 970 1123 Christi,
1007 1058 1160 1128 prior
1194 1058 1300 1112 fuit
1326 1060 1451 1114 dies
1474 1060 1815 1117 sicutetiam
1840 1061 2035 1117 divina

388 1143 687 1212 Scriptura
766 1142 1028 1215 loquitur
1083 1147 1300 1203 dixisse
1370 1149 1588 1205 Deum:
1650 1173 1670 1200 ι
1737 1150 1858 1206 Fiat
1911 1149 2032 1220 lux,

388 1235 445 1285 et
478 1234 626 1285 tacta
656 1236 742 1287 est
776 1232 895 1303 lux,
924 1256 949 1282 ››
982 1239 1037 1289 et
1060 1237 1208 1305 quod
1237 1261 1262 1287 ‹‹
1298 1238 1488 1294 lucem
1538 1240 1690 1294 Deus
1750 1241 2035 1296 vocaverit

389 1319 563 1387 diem,
616 1322 884 1375 tenebras
947 1339 1079 1378 vero
1136 1327 1423 1382 vocaverit
1468 1333 1693 1383 noctem
1719 1330 1782 1383 ⁷⁸.
1839 1352 1863 1377 ››
1924 1330 2029 1385 Ubi

394 1409 647 1478 primum
698 1411 933 1475 ponitur
955 1411 1183 1485 lux,per
1204 1414 1352 1470 hanc
1373 1418 1526 1472 enim
1564 1418 1782 1473 exstitit
1806 1418 2033 1490 primus

397 1497 543 1551 dies.
582 1498 726 1553 Nam
762 1517 792 1553 ιι
822 1498 949 1555 luce
982 1501 1238 1573 primum
1273 1503 1602 1576 inchoante,
1653 1506 1710 1560 in
1763 1508 2033 1563 tenebras

389 1591 589 1657 postea
630 1588 989 1645 devenimus.
1029 1593 1061 1645 A
1087 1596 1241 1647 recta
1270 1610 1526 1665 namque
1556 1595 1645 1650 via
1674 1596 2031 1666 aberrantes,

385 1675 456 1728 ad
517 1676 671 1731 idola
739 1681 794 1733 et
852 1678 1087 1736 fallaces
1152 1683 1424 1738 tenebras
1474 1684 1646 1739 delati
1701 1702 1929 1741 sumus.
1990 1689 2033 1741 A

388 1763 597 1820 Christi
626 1783 760 1820 vero
793 1768 1043 1823 adventu
1080 1770 1284 1843 incipit
1317 1789 1523 1828 rursus
1554 1779 1610 1828 et
1630 1774 1783 1829 diem
1818 1791 2035 1846 praece-

390 1853 474 1907 dit
505 1871 633 1909 nox.
663 1856 792 1911 Ideo
826 1874 856 1911 a
887 1859 1859 1932 vesperaincipientes.solemniter
1888 1864 2034 1921 cele-

391 1942 632 1997 bramus
659 1944 782 1999 dies
814 1953 1143 2017 sequentes.
1201 1949 1257 2004 Id
1315 1951 1609 2022 quomodo
1657 1952 1872 2007 factum
1934 1953 2029 2021 sit,

391 2032 616 2086 audias.
652 2034 1135 2106 Quandoquidem
1169 2038 1357 2109 primo
1380 2056 1412 2094 a
1432 2038 1558 2095 luce
1580 2040 1805 2113 delapsi
1825 2058 2031 2097 sumus

393 2121 464 2175 ad
497 2123 797 2190 tenebras;
824 2124 1074 2181 abinitio
1106 2126 1339 2198 quidem
1358 2127 1463 2181 fuit
1486 2128 1605 2197 lux,
1629 2129 1877 2185 tenebras
1900 2148 2032 2186 vero

392 2215 533 2263 sunt
563 2210 861 2266 insecutae.
897 2214 971 2268 Ex
1006 2231 1069 2268 eo
1096 2220 1290 2269 autem
1318 2221 1580 2289 tempore
1604 2236 1718 2289 quo
1746 2220 1829 2274 sol
1856 2221 2030 2291 justi-

392 2297 482 2352 tia
514 2299 781 2354 Christus
818 2302 965 2356 Deus
997 2308 1194 2357 noster
1228 2306 1446 2360 mundo
1468 2310 1706 2362 exortus
1738 2313 1848 2375 est,
1882 2314 1938 2363 et
1967 2327 2035 2364 ex

392 2389 648 2443 tenebris
680 2390 976 2446 errorisad
1018 2391 1208 2447 lucem
1247 2395 1596 2466 cognitionis
1650 2397 1744 2451 Dei
1794 2415 1899 2454 nos
1945 2415 2035 2453 re-

397 2477 583 2539 duxit,
618 2495 649 2531 a
688 2480 941 2533 tenebris
991 2481 1355 2551 inchoamus,
1382 2489 1438 2538 et
1470 2484 1525 2539 in
1556 2484 1684 2540 luce
1715 2486 2032 2542 terminum

396 2567 793 2621 habemuslbi
816 2585 931 2623 non
966 2571 1159 2637 refert,
1189 2573 1416 2628 etiamsi
1441 2575 1726 2645 praecedat
1749 2593 1879 2641 nox,
1901 2593 2033 2630 cum

401 2655 519 2709 hac
571 2657 735 2711 nobis
787 2657 1019 2714 initium
1080 2661 1176 2716 det
1213 2661 1383 2732 lucis,
1421 2668 1477 2718 et
1524 2665 1592 2718 ad
1643 2664 1831 2720 lucem
1883 2667 2031 2722 267

402 2746 649 2801 deducat
699 2747 923 2802 Etenim
958 2766 1214 2821 praesens
1238 2758 1434 2807 nostra
1467 2753 1604 2818 vita,
1645 2753 1701 2808 in
1737 2754 2038 2826 Scriptura

399 2836 647 2889 tenebrae
698 2842 954 2903 vocatur,
1021 2841 1518 2909 quemadmodum
1580 2842 1749 2897 divus
1825 2844 2037 2899 Paulus

399 2924 625 2993 inquit:
668 2925 1027 2995 Abjiciamus
1057 2945 1232 3000 opera
1281 2931 1677 2999 tenebrarum,
1731 2937 1787 2987 et
1828 2933 2037 2988 indua-

400 3030 715 3067 murarma
749 3014 894 3071 lucis
941 3017 1020 3072 7°:
1056 3018 1215 3073 vhoc
1247 3024 1356 3090 est,
1408 3021 1589 3075 futuri
1650 3022 1867 3078 saaculi.
1916 3024 2039 3079 Lux

398 3102 553 3156 enim
588 3103 821 3174 dicitur,
856 3104 1133 3161 saeculum
1169 3108 1452 3164 futurum.
1508 3116 1685 3166 Arma
1717 3129 1847 3167 vero
1879 3111 2038 3167 illius

400 3190 546 3243 lucis
580 3196 717 3245 sunt
745 3190 1011 3248 virtutes.
1063 3195 1194 3250 Ideo
1244 3197 1511 3253 Christus
1569 3216 1804 3271 quoque
1852 3200 2032 3255 dixit:

2145 622 2379 671 ποιεῖται
2411 617 2501 672 τὸν
2528 617 2715 693 λόγον.
2736 644 2737 647 η

2218 706 2410 780 Ἐρώτ.
2443 708 2533 776 νζ’.
2571 707 2704 762 Ποία
2732 706 2873 762 ἐστὶν
2904 706 3052 783 ἀρχὴ
3084 706 3173 761 καὶ
3205 705 3538 783 προτερεύει,
3574 708 3609 775 ἡ
3643 704 3734 776 νὺξ
3768 707 3806 775 ἢ

2145 796 2179 864 ἡ
2211 795 2391 870 ἡμέρα
2422 814 2435 863 ;

2214 890 2227 909 ,
2441 885 2453 904 ,
2652 885 2668 903 κ
2779 892 2805 903 ..
2987 892 3014 904 ...
3420 883 3431 903 ρ
3741 886 3773 899 -

2231 883 2405 940 Απόκ.
2457 885 2578 939 Απὸ
2613 906 2705 957 μεν
2738 906 2837 955 της
2869 885 3110 963 ἀρχηθεν
3136 905 3519 957 κοσμοποιιας,
3545 880 3669 958 ᾔτοι
3696 906 3801 953 της

2144 972 2393 1035 πλάσεως
2449 978 2546 1028 τοῦ
2622 971 2819 1046 Ἀδάμ,
2879 971 2983 1036 ἓως
3042 980 3141 1042 τῆς
3212 974 3443 1049 Χριστοῦ
3500 973 3801 1048 παρουσίας

2144 1064 2336 1139 πρώτη
2388 1063 2634 1138 ὑπῆρχεν
2683 1065 2717 1132 ἡ
2765 1063 2983 1138 ἡμέρα,
3032 1063 3211 1126 καθὼς
3264 1060 3413 1136 λέγει
3461 1062 3549 1115 καὶ
3598 1064 3634 1131 ἡ
3686 1062 3803 1116 θεία

2144 1154 2351 1230 Γραφή*
2404 1152 2493 1206 καὶ
2541 1153 2624 1206 ἀτι
2678 1154 2822 1206 εἶπεν
2858 1153 2885 1207 6
2936 1151 3087 1213 Θεός·
3124 1176 3151 1203 ‹‹
3185 1152 3476 1221 Γενηθήτω
3524 1155 3660 1229 φῶς,
3707 1151 3800 1205 καὶ

2144 1240 2354 1317 ἐγένετο
2385 1246 2520 1319 φῶς,
2559 1266 2585 1291 υ
2616 1241 2704 1295 καὶ
2738 1241 2819 1295 ὅτι
2854 1266 2881 1292 ‹‹
2914 1238 3161 1295 ἐκάλεσεν
3194 1241 3221 1294 6
3251 1241 3380 1301 Θεὸς
3410 1241 3471 1293 τὸ
3503 1244 3619 1317 ιρῶς
3650 1241 3798 1312 ἡμέ-

2144 1350 2261 1403 ραν,
2297 1329 2477 1384 καὶτὸ
2529 1330 2722 1392 σκότος
2771 1328 2990 1384 ἐκάλεσε
3038 1328 3219 1383 νύκτα⁸
3268 1353 3293 1379 ››
3324 1334 3539 1404 πρῶτον
3587 1335 3803 1393 τιθεῖσα

2142 1422 2202 1475 τὸ
2235 1425 2371 1498 φῶςο
2430 1419 2517 1474 καὶ
2571 1422 2675 1495 γάρ
2736 1418 2824 1474 διὰ
2877 1424 3037 1474 τοῦτο
3098 1419 3316 1494 ὑπῆρχε
3363 1418 3552 1492 πρώτη
3589 1419 3798 1494 ἡμέρα.

2145 1507 2363 1579 Ἐπειδῆ
2398 1508 2504 1563 ἀπὸ
2532 1512 2628 1564 τοῦ
2660 1510 2838 1587 φωτὸς
2890 1509 3186 1583 ἠρξάμεθα,
3237 1509 3326 1562 καὶ
3378 1506 3454 1569 sic
3489 1509 3796 1579 σκοτασμὸν

2142 1600 2558 1672 καττινὲχθημεν
2602 1597 2840 1674 ὕστερον.
2883 1596 3255 1666 Πλανηθὲντες
3301 1596 3401 1671 γὰρ
3435 1597 3538 1651 ἀπὸ
3574 1603 3675 1665 τῆς
3709 1594 3801 1650 εύ-

2146 1685 2292 1749 θείας
2340 1684 2470 1741 6805
2510 1687 2585 1749 εἷς
2638 1684 2845 1743 εἷ’δωλα
2886 1686 2974 1741 καὶ
3024 1686 3329 1759 σκοτασμὸν
3376 1686 3585 1756 ἀπάτης
3613 1683 3801 1739 ἕνεπέ-

2148 1796 2335 1847 σαμεν.
2371 1775 2509 1829 Ἀπὸ
2558 1771 2615 1828 δὲ
2669 1776 2767 1843 τῆς
2816 1774 3051 1848 Χριστοῦ
3098 1771 3400 1849 παρουσίας
3433 1773 3657 1848 ἄρχεται
3689 1771 3802 1826 πά-

2149 1863 2233 1919 λιν
2284 1864 2371 1918 καὶ
2422 1863 2751 1939 πρωτεύειὴ
2785 1862 2875 1934 νύξ
2920 1866 3019 1931 τῆς
3068 1861 3277 1939 ἡμέρας
3307 1908 3318 1919 .
3370 1862 3468 1916 Διά
3514 1866 3676 1915 τοῦτο
3708 1862 3801 1915 καὶ

2145 1953 2232 2028 ἀφ’
2265 1953 2489 2029 ἑσπέρας
2520 1952 2804 2029 ἀρχόμεθα
2836 1952 3179 2025 ἑορτάζοντες
3219 1953 3314 2013 τὶς
3363 1950 3618 2025 ἐπαύριον
3655 1950 3799 2023 ἡμὲ-

2145 2063 2261 2118 ρας.
2297 2041 2446 2115 Ποίῳ
2476 2040 2533 2097 δὲ
2564 2043 2752 2119 τρόπῳ
2800 2043 3021 2117 γέγονεν
3063 2040 3257 2112 οὕτως,
3290 2038 3537 2097 ἄκουσον.
3570 2037 3798 2109 Ἐπειδή

2143 2132 2206 2186 τὸ
2237 2136 2452 2206 πρῶτον
2484 2132 2591 2186 ἀπὸ
2620 2135 2716 2185 τοῦ
2748 2131 2928 2205 φωτὸς
2961 2132 3096 2205 πρὸς
3128 2131 3190 2183 τὸ
3217 2129 3409 2191 σκότος
3451 2129 3803 2201 ἐνεπὲσαμεν,

2147 2218 2236 2275 διὰ
2264 2225 2424 2275 τοῦτο
2469 2221 2559 2275 καὶ
2608 2221 2671 2275 τὸ
2713 2225 2826 2297 φῶς
2861 2218 2975 2296 ἔχει
3028 2220 3130 2288 τήν
3172 2220 3368 2296 ἀρχὴν,
3420 2219 3481 2273 τὸ
3523 2216 3580 2273 δὲ
3610 2218 3809 2279 σκότος

2146 2309 2386 2386 ὕστερον.
2421 2313 2535 2389 Ἀφ’
2569 2310 2631 2364 οὗ
2662 2307 2721 2364 δὲ
2769 2311 2797 2363 6
2845 2307 3007 2377 ἥλιος
3055 2314 3155 2377 τῆς
3189 2305 3534 2378 δικαιοσύνης
3565 2306 3801 2383 Χριστὸς

2148 2398 2175 2452 ὁ
2209 2400 2338 2460 Θεὸς
2370 2401 2529 2472 ἡμῶν
2562 2402 2639 2469 τῷ
2668 2397 2862 2470 κόσμῳ
2895 2395 3156 2468 ἀνέτειλε,
3184 2396 3275 2450 καὶ
3309 2395 3414 2450 ἀπὸ
3442 2399 3540 2451 τοῦ
3566 2394 3797 2456 σκότους

2144 2492 2245 2551 τῆς
2279 2484 2491 2555 πλάνης
2543 2485 2678 2559 πρὸς
2729 2483 2792 2538 τὰ
2842 2488 2955 2561 φῶς
3000 2486 3100 2551 τῆς
3151 2481 3471 2558 θεογνωσίας
3518 2483 3667 2553 ἡμᾶς
3703 2480 3800 2534 E1:-

2147 2576 2399 2650 ανγςγαγε,
2433 2571 2522 2628 διὰ
2547 2578 2708 2628 τοῦτο
2741 2574 2827 2627 καὶ
2857 2575 3020 2645 ἡμεῖς
3052 2572 3159 2626 ἀπὸ
3189 2576 3286 2626 τοῦ
3309 2571 3536 2631 σκότους
3557 2569 3801 2645 ἀρχόμε-

2148 2676 2232 2736 θα,
2264 2664 2352 2718 καὶ
2386 2664 2520 2738 πρὸς
2551 2664 2612 2717 τὸ
2643 2668 2756 2740 φῶς
2786 2661 3189 2738 καταλήγομεν.
3214 2666 3299 2715 Ἐν
3331 2661 3509 2732 τούτῳ
3533 2658 3628 2713 κᾶν
3648 2662 3683 2727 ἡ
3706 2658 3801 2728 νὺξ

2146 2752 2433 2830 πρωτεύει,
2485 2752 2663 2828 ἀρχὴν
2721 2749 2944 2806 διδοῦσα
2995 2753 3167 2824 ἡμᾶς,
3216 2750 3306 2804 καὶ
3362 2747 3801 2823 παραπέμπουσα

2146 2843 2280 2918 πρὸς
2312 2842 2374 2896 τὸ
2409 2845 2544 2919 φῶς.
2588 2840 2687 2895 Καὶ
2734 2840 2833 2915 γὰρ
2869 2840 2896 2894 6
2934 2839 3051 2915 βίος
3103 2837 3261 2900 οὗτος
3313 2836 3505 2897 σκότος
3554 2838 3701 2911 παρὰ
3731 2840 3802 2910 τῇ

2145 2934 2332 3009 Γραφῇ
2385 2930 2729 3003 ὀνομάζεται,
2778 2930 2960 2990 καθὼς
3014 2929 3041 2982 6
3092 2928 3369 2991 θεσπέσιος
3402 2925 3616 2986 Παῦλος
3658 2924 3805 2979 οὕτω

2149 3020 2329 3098 φησίνο
2362 3043 2390 3071 ‹‹
2425 3020 2791 3091 Ἀποθώμεθα
2836 3018 2903 3073 τὰ
2950 3012 3077 3093 ἔργα
3126 3020 3223 3072 τοῦ
3279 3014 3527 3083 σκότους,
3576 3014 3667 3069 καὶ
3720 3013 3808 3068 ἰν-

2150 3108 2435 3183 δυσώμεθα
2479 3108 2547 3163 τὰ
2594 3106 2739 3162 ὅπλα
2786 3110 2883 3161 τοῦ
2932 3105 3132 3183 φωτός·
3172 3130 3192 3155 ι
3240 3102 3486 3159 τουτέστι
3532 3107 3630 3157 τοῦ
3676 3101 3810 3175 μὲλ-

2149 3199 2342 3261 λοντος
2395 3198 2606 3258 αἰῶνος.
2658 3201 2785 3258 Φῶς
2835 3197 2938 3270 γάρ
2971 3197 2998 3250 6
3033 3192 3253 3267 μέλλων
3287 3192 3421 3249 ἐστι.
3452 3194 3527 3246 Τά
3568 3188 3627 3246 ὂὶ
3657 3189 3809 3246 ὅπλα

400 3301 426 3327 ‹‹
462 3278 609 3332 Dum
654 3279 843 3335 lucem
882 3280 1132 3350 habetis,
1166 3285 1483 3356 ambulate,
1535 3263 1878 3344 netenebraa
1935 3306 2036 3345 vos

2154 3293 2243 3344 τοῦ
2275 3287 2451 3364 φωτὸς
2493 3285 2698 3341 ἐκείνου
2750 3284 2877 3339 εἰσὶν
2931 3284 2984 3338 αἱ
3028 3282 3234 3360 ἀρεταί.
3282 3283 3378 3336 Διὰ
3421 3285 3583 3336 τοῦτο
3632 3280 3721 3334 xui
3773 3281 3805 3334 ὁ

399 3367 843 3438 apprehendant
888 3370 949 3404 ⁷⁷·
986 3393 1013 3421 ››
1065 3371 1168 3427 Ubi
1228 3373 1416 3430 lucem
1475 3376 1718 3432 virtutes
1790 3378 2034 3443 vocavit,

397 3472 544 3526 quas
592 3456 837 3514 virtutes
895 3457 1093 3530 homo,
1152 3462 1291 3517 dum
1350 3463 1507 3531 vivit,
1550 3465 1763 3521 habere
1829 3472 2035 3538 potest.

397 3546 533 3601 Post
595 3550 840 3602 mortem
916 3548 1071 3604 enim
1132 3567 1245 3605 non
1327 3552 1536 3624 poterit
1601 3569 1700 3608 eas
1755 3554 2036 3611 invenire.

396 3636 665 3691 Tenebrae
701 3653 833 3692 vero
865 3642 1004 3693 sunt
1036 3656 1287 3709 praesens
1337 3640 1444 3695 hoc
1476 3642 1771 3710 saeculum,
1806 3650 2041 3716 propter

397 3726 795 3780 tenebricosas
829 3731 886 3782 et
912 3728 1165 3784 nefarias
1187 3728 1348 3786 illius
1380 3731 1658 3787 actiones.
1722 3733 1881 3787 Sicut
1913 3751 2039 3789 rur-

400 3831 503 3871 sus
534 3815 724 3887 inquit
769 3815 1073 3874 Christus:
1101 3842 1125 3865 ‹‹
1159 3818 1264 3883 Qui
1298 3821 1567 3893 sequitur
1595 3838 1708 3892 me,
1742 3839 1855 3877 non
1916 3840 2038 3877 am-

398 3904 624 3959 bulabit
658 3906 714 3959 in
750 3906 1026 3972 tenebris,
1058 3909 1154 3964 sed
1203 3908 1443 3966 habebit
1485 3909 1681 3965 lumen
1736 3911 1863 3967 vitae
1919 3913 1980 3967 ⁷⁸.
2006 3932 2032 3963 ι

402 3994 577 4065 Sequi
614 4012 864 4066 namque
895 3995 1189 4052 Christum
1226 4002 1316 4053 est
1363 4016 1493 4071 quae
1525 3999 1736 4072 placita
1793 4006 1933 4056 sunt
1990 4002 2041 4056 ei

404 4083 616 4146 facere,
650 4088 702 4135 et
734 4083 862 4152 ejus
896 4086 1176 4140 mandata
1206 4103 1457 4142 servare.
1501 4089 1661 4145 Talis
1693 4106 1809 4144 non
1834 4091 2041 4145 ambu-

408 4170 555 4224 labit
586 4171 641 4223 in
679 4172 953 4242 tenebris,
988 4173 1095 4228 hoc
1124 4180 1212 4230 est
1237 4175 1293 4230 in
1328 4178 1491 4233 vanis
1526 4179 1704 4251 hujus
1736 4181 1861 4236 vitas
1910 4181 2038 4248 viis,

403 4259 502 4313 sed
538 4260 890 4314 inhabitabit
919 4266 976 4316 et
1005 4264 1250 4333 accipiet
1272 4270 1543 4321 (sternam
1580 4267 1768 4324 lucem
1800 4270 1929 4326 vitae
1962 4269 2045 4324 iu-

405 4349 519 4403 turi
551 4348 769 4413 saeculi,
815 4353 872 4403 et
928 4350 1363 4408 interminatam
1398 4370 1524 4427 quae
1556 4356 1633 4411 ibi
1682 4358 1876 4414 futura
1933 4363 2041 4430 est,

404 4437 665 4493 laetitiam
699 4442 754 4492 et
786 4437 1258 4496 exsultationem.

400 4546 511 4593 νος,
545 4525 631 4578 καὶ
665 4527 761 4592 τὴν
796 4523 907 4579 ἐκεῖ
935 4525 1227 4599 ἀπέραντον
1260 4527 1589 4607 εὐφροσύνην
1623 4533 1709 4587 καὶ
1742 4532 2089 4609 ἁγαλλίασιν.

473 4634 584 4706 (90)
615 4635 841 4698 Ουιεετ.
866 4634 1058 4692 LVIII.
1094 4636 1252 4701 Quod
1286 4639 1468 4695 Adam
1500 4645 1553 4696 et
1589 4643 2041 4714 Eva,postquam
2074 4647 2121 4711 D

403 4724 818 4791 comedissent,
850 4726 1225 4797 cognoverint
1274 4745 1335 4784 se
1359 4730 1548 4786 nudos
1578 4748 1706 4787 esse
1737 4747 1748 4785 :
1777 4732 2042 4803 nunquid

402 4817 715 4884 antequam
742 4815 1154 4885 comedissent,
1188 4816 1298 4873 hoc
1346 4834 1521 4875 sensu
1555 4820 1781 4891 praediti
1831 4822 2043 4877 erant?

472 4922 643 4976 Rssr.
674 4924 1180 4987 Quemadmodum
1212 4927 1484 4983 infantuli
1520 4945 1632 4984 non
1664 4928 2041 4995 erubescunt,

399 5012 631 5066 etiamsi
666 5011 847 5067 nullis
890 5014 1151 5070 vestibus
1179 5020 1473 5087 tegantur,
1516 5019 1699 5073 donec
1763 5017 2043 5089 paulatim

397 5102 758 5156 increscente
788 5119 1027 5174 corpore
1056 5111 1111 5158 et
1172 5108 1357 5177 pudor
1412 5108 1682 5162 adveniat
1722 5124 1735 5162 :
1768 5108 1852 5161 sio
1904 5124 2045 5162 sane

397 5195 467 5248 de
501 5197 686 5250 Adam
720 5202 776 5250 et
807 5197 921 5253 Eva
978 5197 1372 5251 sentiendum.
1407 5196 1551 5250 Nam
1602 5211 1732 5250 cum
1786 5194 2043 5265 primum

397 5287 572 5341 creati
602 5287 980 5351 essent,sicut
1006 5287 1176 5341 modo
1207 5290 1381 5340 natus
1412 5284 1627 5349 infans,
1656 5284 1874 5354 peccati
1899 5300 2043 5339 nou-

465 5480 509 5514 ⁷⁵
535 5484 673 5533 Gen.
713 5494 749 5543 ι,
778 5478 831 5545 3,
863 5478 917 5532 5.
994 5475 1038 5511 ⁷⁸
1064 5479 1204 5530 Rom
1228 5475 1463 5542 “11,12.
1567 5472 1611 5506 ⁷⁷
1641 5471 1808 5527 Joan.
1832 5487 1934 5539 xu,
1968 5472 2055 5527 36.

467 5683 587 5762 (89).
612 5681 753 5736 Huic
804 5678 1016 5737 similis
1045 5681 1134 5735 est
1184 5677 1399 5744 Quaest.
1458 5675 1529 5731 52
1582 5672 1663 5731 Ad
1719 5670 2039 5729 Antiochum

396 5772 688 5828 superius.

2146 3377 2376 3454 Χριστὸς
2428 3374 2631 3451 ἔλεγεν·
2672 3398 2700 3426 ‹‹
2741 3376 2885 3435 Ἕως
2926 3374 2988 3428 τὸ
3038 3377 3153 3451 φῶς
3211 3369 3388 3447 ἔχετε,
3434 3375 3806 3447 περιπατεῖτε,

2142 3465 2231 3522 Ἱνα
2262 3468 2338 3540 μὴ
2369 3464 2583 3520 σκοτεία
2614 3464 2753 3537 ὑμᾶς
2797 3457 3104 3536 καταλάϐῃ.
3138 3486 3163 3511 ››
3197 3465 3324 3521 Φῶς
3366 3458 3424 3515 δι
3470 3461 3565 3520 τάς
3613 3459 3806 3535 ἀρετάς

2151 3555 2418 3623 ἐκάλεσεν,
2452 3552 2512 3615 ἃς
2562 3549 2781 3607 δύναται
2834 3547 2978 3626 ἔχειν
3030 3552 3058 3604 6
3108 3548 3394 3621 ἅνθρωπος
3441 3545 3545 3609 ἓως
3597 3546 3661 3602 οὗ
3716 3552 3801 3621 ζῇ·

2154 3646 2287 3718 μετᾶ
2335 3644 2559 3697 θάνατον
2608 3641 2709 3718 γάρ
2755 3639 2815 3694 ού
2866 3639 3083 3695 δύναται
3130 3642 3298 3693 ταῦτα
3347 3639 3545 3713 εὑρεῖν.
3599 3638 3808 3698 Σκότος

2152 3732 2209 3788 δὲ
2238 3734 2266 3787 6
2299 3731 2429 3787 αἰὼν
2460 3732 2617 3792 οὗτος
2653 3727 2742 3784 διὰ
2787 3731 2883 3790 τὰς
2932 3727 3208 3790 σκοτεινάς
3257 3725 3421 3781 αὐτοῦ
3461 3726 3685 3802 πράξεις
3717 3725 3810 3779 καὶ

2149 3822 2454 3895 ἀθεμίτους·
2508 3821 2582 3882 ὡς
2632 3816 2797 3873 πάλιν
2846 3815 3059 3887 εἷ’ρηκεν
3111 3817 3138 3870 6
3188 3817 3436 3890 Χριστός·
3486 3839 3515 3866 α
3565 3815 3627 3871 Ὀ
3678 3814 3811 3867 ἀκο-

2152 3911 2362 3976 λουθῶν
2414 3908 2538 3983 ἐμοὶ
2585 3907 2646 3963 οὐ
2700 3909 2775 3981 μὴ
2816 3908 3171 3981 περιπατήσει
3206 3904 3256 3960 ἰν
3288 3909 3358 3979 τῇ
3408 3902 3645 3973 σκοτεία,
3679 3901 3811 3957 ἀλλ’

2148 3999 2251 4073 ἕξει
2299 4001 2359 4054 τὸ
2411 4003 2524 4078 φῶς
2574 4005 2674 4069 τῆς
2710 4002 2874 4067 ζωῆς.
2911 4020 2938 4049 ››
2969 3994 3067 4050 Καὶ
3117 3993 3218 4070 γάρ
3266 3993 3329 4047 τὸ
3372 3990 3691 4047 ἀκολουθεῖν
3723 3994 3812 4062 τῷ

2154 4094 2368 4164 Χριστῷ
2392 4086 2551 4143 τοῦτό
2584 4085 2693 4141 ἐστι
2740 4086 2803 4139 τὸ
2849 4088 3026 4138 ποιεῖν
3076 4084 3143 4137 τά
3190 4081 3448 4157 εὐάρεστα
3489 4078 3681 4146 αὐτοῦ,
3711 4079 3807 4132 καὶ

2152 4177 2440 4257 φυλάσσειν
2480 4177 2574 4238 τὰς
2616 4171 2839 4235 ἐντολάς
2873 4171 3056 4228 αὐτοῦ.
3087 4173 3146 4229 Ὀ
3186 4174 3437 4231 τοιοῦτος
3485 4169 3589 4244 γάρ
3627 4167 3692 4221 ού
3727 4169 3809 4240 μὴ

2151 4255 2508 4343 περιπατήσει
2553 4264 2604 4318 ὲν
2650 4267 2718 4337 τῇ
2753 4262 2989 4332 σκοτεῐᾳ,
3036 4258 3309 4316 τουτέστιν
3359 4257 3409 4312 ἐν
3453 4262 3575 4318 ταῖς
3609 4255 3811 4328 ματαί-

2152 4379 2236 4420 αις
2264 4354 2412 4418 ὁδοῖς
2442 4358 2539 4409 τοῦ
2566 4352 2687 4429 βίου
2705 4350 2925 4418 τούτου,
2974 4347 3117 4405 ἀλλὰ
3145 4348 3550 4417 κατασκηνώσει
3598 4346 3690 4399 καὶ
3712 4365 3810 4399 κα-

2150 4468 2215 4501 τα
2246 4440 2405 4501 λαϐεῖ
2432 4444 2495 4499 τὸ
2526 4442 2744 4498 αἰώνιον
2768 4444 2881 4520 φῶς
2911 4442 3011 4504 τῆς
3036 4441 3181 4508 ζωῆς
3205 4441 3303 4491 τοῦ
3338 4433 3641 4510 μέλλοντος
3676 4433 3808 4487 ai?»-

2226 4640 2419 4715 Ἐρώτ.
2480 4639 2578 4708 νη’.
2615 4637 2738 4693 ’Ότι
2800 4633 2935 4708 μετᾶ
2988 4634 3086 4702 τὴν
3148 4634 3349 4708 βρῶσιν
3410 4628 3664 4705 ἔγνωσαν,
3724 4626 3809 4682 ὅτι

2153 4729 2350 4806 γυμνοὶ
2385 4729 2517 4798 ἦσαν
2552 4725 2582 4782 6'
2628 4746 2685 4780 τε
2732 4720 2912 4796 Ἀδάμ
2956 4721 3044 4777 καὶ
3078 4722 3112 4791 ἡ
3147 4718 3280 4793 Εὕα,
3331 4721 3366 4788 ἢ
3416 4718 3503 4773 καὶ
3553 4718 3661 4793 πρὸ
3706 4723 3811 4786 τῆς

2157 4820 2410 4895 βρώσεως
2440 4817 2590 4893 εἶχον
2622 4812 2791 4884 ταύτῃ
2822 4813 2921 4881 τήν
2952 4810 3197 4880 αἴσθησιν
3234 4828 3248 4878 ;

2226 4925 2420 4981 Ἀπόκ.
2454 4927 2655 4997 Ὥσπερ
2704 4922 2771 4976 τὰ
2818 4915 3022 4991 κομιδῆ
3084 4919 3256 4986 νήπια
3304 4914 3551 4991 ἐρυθριᾷν
3603 4912 3666 4966 οὐ
3719 4914 3811 4966 πὲο

2155 5036 2285 5093 φυκε
2305 5018 2403 5083 τῆς
2435 5013 2659 5082 ἐσθῆτος
2691 5006 3059 5086 γυμνούμενα,
3101 5003 3248 5093 ἀλλὰ
3292 5004 3429 5093 κατᾲ
3482 5002 3679 5077 μικρὸν
3710 5005 3811 5055 τοῦ

2154 5089 2406 5176 σώματος
2458 5100 2846 5170 αὐξανομένου,
2896 5094 2983 5149 καὶ
3041 5093 3142 5160 τὴν
3195 5089 3459 5165 ἐντροπὴν
3511 5098 3811 5184 προσλαμ-

2154 5189 2425 5246 ϐάνουσιν·
2459 5189 2603 5243 οὕτω
2635 5185 2702 5254 δὴ
2732 5190 2820 5241 καὶ
2868 5182 2990 5256 περὶ
3021 5184 3115 5237 τοῦ
3166 5177 3346 5252 ’Δδᾶμ
3369 5177 3457 5233 καὶ
3504 5183 3607 5246 τῆς
3640 5175 3811 5238 Εὔας,

2154 5280 2321 5335 Εὐθὺς
2358 5280 2451 5353 μὲν
2483 5274 2835 5343 πλασθέντες,
2872 5272 2958 5328 οἶα
2999 5268 3066 5340 δὴ
3116 5271 3308 5339 νήπιοι
3334 5266 3425 5322 καὶ
3475 5266 3811 5340 εὐθυγενεῖς,

2159 5470 2203 5507 ⁷³
2231 5447 2402 5527 Joan.
2431 5482 2555 5536 vm,
2592 5467 2678 5522 12.

2220 5669 2328 5741 (90)
2361 5668 2459 5725 Est
2490 5668 2706 5732 Qua‘st.
2736 5662 2808 5720 28
2837 5656 3188 5721 Theodoreti
3215 5657 3274 5715 in
3306 5654 3494 5715 Genu.
