2048 3106
131 188 181 220 737

129 255 228 289 καὶτῆς
245 253 377 292 ἁμαρτίας
392 251 537 291 ἆμίτοχοι,
553 252 603 280 οὐκ
627 252 780 290 ᾐσχύνοντο
810 251 875 290 δίχα
896 261 942 279 πι-
959 256 984 288 Α

130 297 274 338 ριὸολαίου·
293 298 360 335 μετᾶ
377 297 406 325 ὂὶ
420 299 469 333 τὴν
484 301 579 335 πεῖραν
592 298 642 332 τῆς
668 296 801 335 ἁμαρτίας
826 296 943 335 φύλλοις

131 343 306 380 συνεκάλυψαν
323 343 356 370 τὰ
370 343 471 370 ἑαυτῶν
487 342 579 379 μόρια.

162 389 256 426 Ἐρώτ.
272 388 321 420 νϐ’,
345 387 379 417 Τί
404 387 486 423 ἐστιν,
511 386 552 415 ὅτι
576 398 591 413 ››

132 434 163 465 ὡς
178 434 216 464 εἷς
232 431 258 468 ἐξ
272 434 353 469 ἡμῶν
368 442 375 467 ;
393 444 408 458 ››

163 477 256 507 ’Δπόκ.
272 477 454 514 Ἐλεγκτικῶς
477 476 526 510 τήν
557 474 658 503 εἶ’κασιν
686 477 735 503 τοῦ
764 473 853 510 Ἀδὰμ
878 484 947 510 μεμ-

132 522 242 562 φόμενος
265 521 339 559 λὲγει
365 522 379 549 ὁ
404 521 478 552 Θεός.
493 521 537 555 Μὴ
564 521 579 548 ὃ
602 520 728 557 ἐνόμισας
744 520 866 558 γενέσθαι
892 518 947 556 ἐγέ-

132 577 201 603 νιτο;
219 567 263 602 Μὴ
287 567 351 598 Θεὸς
377 566 480 604 ἰγᾶνου,
496 566 584 596 καθὼς
611 565 625 592 ὁ
653 565 774 602 πονηρὸς
803 563 864 591 οἶπέ
892 574 946 598 σοι,

131 613 171 640 καὶ
195 611 331 646 ἐπλάνησὲ
355 621 402 646 σε;
419 611 602 647 Ἐπιθομήσας
628 610 679 647 γὰρ
708 608 876 646 ὑψηλότερος
905 618 948 646 γι-

131 657 225 691 νέσθαι,
241 656 279 688 εἷς
295 656 324 684 τὸ
339 657 420 690 ἧττον
436 654 564 690 ἐξέπεσεν.

623 385 693 415 Ἰδοὺ
723 384 813 422 ’Δδὰμ
838 386 945 424 γέγονεν

162 746 256 784 Ἐρώτ.
317 744 347 772 Τί
373 744 428 772 ἰστι
449 744 491 779 τὸ,
508 756 523 770 (ί
539 743 610 780 Πρὸς
635 743 663 770 σὲ
684 743 702 777 ἡ
725 742 884 781 ἀποστροφή
900 741 946 769 αὖ·

131 793 182 824 τοῦ,
198 789 246 817 καὶ
268 789 298 816 σὺ
314 789 396 817 αὐτοῦ
412 789 520 826 ἄρξεις;
537 800 551 813 ιι

162 834 257 863 ’Δπόκ.
284 835 341 863 Τοῦ
369 836 594 870 προσενεχθέντος
623 830 713 870 δώρου
743 831 816 859 εἶπεν
844 832 858 860 ὁ
883 831 947 862 Θεὸς

132 880 166 915 τῷ
190 879 269 914 Κάϊν,
297 877 351 912 ὅτι,
376 877 465 906 Δύτοῦ
491 879 540 905 τοῦ
568 875 658 914 δώρου
696 876 727 904 οὗ
764 877 946 915 προσήγαγες,

132 921 307 961 προσγὶνηταί
337 932 381 949 σοι
406 923 424 957 ἡ
449 921 604 960 ἀποστρεφή
637 921 730 955 αὐτοῦ,
750 921 795 948 καὶ
821 919 852 948 ob
879 919 949 955 ἐξουυ

134 968 225 999 σιάσεις
241 967 335 996 αὐτοῦ.
351 967 395 997 Ὠς
420 966 507 997 Θὲλεις
530 965 655 1002 ποίησον.
669 966 739 1004 Ἑγὼ
764 965 812 1003 γὰρ
832 964 897 992 αὐτὸ
919 963 951 992 οὐ

134 1011 344 1049 προσεδεξάμην.

165 1056 262 1094 Ἐρώτ.
279 1056 325 1091 Ea’.
342 1054 392 1082 Διὰ
404 1055 442 1091 τί,
458 1055 664 1092 ἁμαρτήσαντος
687 1056 736 1082 τοῦ
751 1053 849 1091 Ἀδὰμ,
866 1051 951 1082 ’Δὸελ

136 1101 148 1128 ὁ
160 1099 263 1131 δίκαιος
280 1099 452 1135 ἐτελεύτησεν
462 1109 468 1133 ;

167 1145 261 1174 ’Λπόκ.
277 1143 387 1178 Ἐπειδὴ
404 1143 454 1171 οὐκ
474 1143 607 1178 ἠθέλησεν
633 1145 647 1171 ὁ
669 1143 734 1174 Θεὸς
757 1143 878 1181 γενέσθαι
904 1145 953 1170 τοῦ

136 1190 244 1217 θανάτου
260 1189 293 1216 τὸ
308 1188 434 1225 θεμέλιον
449 1188 573 1226 ἰσχυρόν·
596 1187 620 1215 εἴ
633 1188 683 1226 γὰρ
704 1188 718 1214 ὁ
733 1186 821 1224 Ἀδὰμ
844 1189 953 1225 πρῶτος

135 1233 318 1268 ἐτελεύτησεν,
334 1233 448 1271 ἰσχυρὰν
469 1232 571 1263 ικεῖνος
594 1231 623 1259 ἂν
647 1233 696 1266 τήν
721 1230 841 1270 κρηπῖδα
866 1230 953 1269 ἔσχεν,

136 1279 168 1309 ὡς
182 1278 293 1315 πρῶτον
310 1279 402 1316 νεκρὸν
418 1278 464 1305 τὸν
480 1276 660 1314 ἡμαρτηκότα
676 1275 831 1313 δεξάμενος.
844 1275 954 1310 Ἐπειδή

134 1321 159 1350 δὲ
172 1324 216 1350 τὸν
232 1321 337 1353 ἀδίκως
361 1322 528 1360 ἀνῃρημένον
555 1323 662 1358 πρῶτον
687 1319 804 1358 ἐδέξατο,
821 1319 955 1360 σφαλερὸν

135 1365 189 1404 ἔχει
203 1366 250 1394 καὶ
267 1367 365 1403 σαθρὸν
381 1366 463 1394 αὐτοῦ
477 1366 508 1393 τὸ
523 1365 662 1402 θεμέλιον.

167 1412 268 1449 Ἐρώτ.
350 1410 385 1439 Τί
400 1410 483 1448 λέγει,
499 1409 570 1437 δτιί
587 1412 642 1441 Ilii:
666 1410 680 1437 ὁ
705 1409 865 1441 ἀποκτείνας
891 1409 955 1438 Κάϊν

136 1456 198 1483 ἑπτὰ
213 1454 398 1491 ὲκδικούμενα
412 1454 561 1493 παραλύσει
577 1464 584 1489 ;
599 1466 614 1481 ››

170 1500 268 1529 Ἀπόκ.
286 1502 348 1530 Τοῖς
363 1500 436 1537 παρά
455 1501 504 1526 τοῦ
524 1498 587 1526 Κάϊν
607 1498 826 1535 τετολμημένοις
850 1500 957 1536 πρῶτον

137 1544 289 1581 ἁμάρτημα
318 1543 415 1582 φθόνος
454 1543 497 1571 ἐπὶ
525 1545 559 1580 τῇ
587 1544 752 1580 προτιμήσει
785 1545 834 1570 τοῦ
863 1540 957 1571 Ἅϐελ·

138 1587 260 1626 δεύτερον
279 1586 374 1622 δόλος,
395 1588 453 1624 μεθ’
475 1587 506 1614 οὗ
531 1586 666 1626 διηλὲχθη
688 1589 726 1624 τῷ
740 1586 850 1627 ἀδελφῷ
865 1588 957 1615 εἰπών·

140 1644 153 1659 οι
168 1624 329 1669 Διέλθωμεν
344 1632 382 1663 εἰς
392 1632 424 1659 τὸ
439 1630 542 1659 πεδίον*
561 1644 575 1657 »
588 1624 679 1670 τρίτον
705 1632 797 1671 φόνος,
814 1624 957 1670 προσθήκη
974 1624 995 1657 C

137 1679 182 1704 τοῦ
196 1678 298 1704 κακοῦ·
313 1676 451 1713 τέταρτον,
467 1675 508 1703 δτι
523 1678 571 1703 τοῦ
594 1675 714 1715 ἀδελφοῦ
735 1676 833 1712 μείζων
858 1677 876 1711 ἡ
901 1675 959 1703 ἐπί-

135 1731 216 1752 τασις·
246 1720 388 1757 πέμπτον,
404 1720 445 1748 ὅτι
466 1723 571 1759 γονεῦσι
596 1722 691 1753 πένθος
718 1720 855 1756 ἐποίησεν·
869 1719 959 1756 ἕκτον,

135 1765 173 1792 ὅτι
201 1766 252 1800 τήν
288 1769 339 1803 γῆν
368 1764 478 1802 αἳμασιν
507 1764 633 1801 ἐμίανεν·
663 1764 794 1802 ἰϐὃομον,
824 1764 865 1793 ὅτι
894 1766 957 1793 Θεὸν

133 1809 276 1847 elatique.
302 1811 466 1849 Ἐρωτηθεὶς
488 1811 548 1849 γὰρ,
565 1811 606 1838 δτι
623 1823 637 1837 ‹‹
660 1813 715 1838 Ποῦ
739 1811 810 1838 ἐστιν
834 1809 917 1839 Ἅϐελ
944 1812 958 1839 ὁ

132 1854 248 1895 ἁδελφός
268 1866 336 1890 σούς
354 1868 368 1881 ι)
382 1856 463 1883 εἶπεν
480 1868 494 1881 ιι
511 1855 566 1884 Οὐκ
591 1854 660 1884 οῖδα.
678 1867 692 1881 n
708 1856 794 1884 Ἑπτὰ
817 1855 862 1883 οὖν
886 1854 957 1883 ἐκδι-

131 1900 249 1937 κούμενα
261 1899 417 1937 παρελύετο
433 1899 459 1927 ἂν
474 1902 513 1935 τῷ
527 1899 698 1938 ἀναιρεθῆναι
711 1900 757 1927 τὸν
774 1900 849 1928 Κάϊν.

165 1989 250 2017 Ἑπτὰ
280 1987 461 2025 ἐκδικούμενά
489 1988 539 2016 εἰσι
565 1991 661 2016 ταῦτα·
691 1991 811 2027 πρῶτον,
841 1989 883 2017 ὅτι
912 1990 957 2017 τὸν

134 2033 195 2060 Θεὸν
211 2034 386 2071 παρώργισε’
408 2032 542 2070 δεύτερον,
567 2032 609 2061 ὅτι
632 2033 679 2061 τὸν
704 2032 806 2071 πατέρα
828 2033 957 2069 ἐλύπησε·

132 2077 234 2114 τρίτον,
253 2077 363 2116 μητέρα
391 2077 498 2105 ἄτεκνον
525 2077 654 2113 ἇπὲδειξε·
678 2077 816 2116 τέταρτον,
843 2077 958 2118 ἀδελφὸν

133 2122 274 2150 ἀπέκτεινε
292 2135 298 2140 ·
331 2123 465 2159 πέμπτον,
495 2123 563 2159 αἷμα
595 2122 697 2160 ἐξέχεεν
714 2133 720 2141 ε
750 2121 839 2159 ἕκτον,
877 2123 958 2162 φόνον

133 2166 292 2204 εἰργάσατοσ
308 2164 441 2202 ἕϐδομον,
457 2164 525 2202 ᾅδην
541 2166 709 2195 ἐνεκαίνισεν.

165 2255 267 2292 Ἐρώτ.
299 2256 348 2292 εγ’.
373 2255 408 2284 Τί
438 2254 502 2283 ἐστι·
519 2267 533 2281 α
563 2254 702 2290 Μείζωνὴ
728 2255 801 2283 αῒτία
832 2266 884 2292 μου
911 2257 960 2283 τοῦ

131 2299 265 2337 ἀφεθῆναί
284 2310 333 2336 μοι
350 2302 410 2336 ζῇν,
425 2300 471 2327 καὶ
488 2300 526 2337 μή
542 2300 686 2327 ἀποθανεῖν
700 2310 706 2335 ;
725 2312 740 2326 ››

167 2388 269 2417 Ἀπόκ.
288 2402 303 2414 ιι
322 2387 430 2423 Μείζων
446 2388 549 2426 ἐγένετο
564 2389 582 2423 ἠ
593 2387 724 2424 καταδίκη
742 2399 804 2425 μου·
823 2400 837 2415 ι)
852 2389 898 2416 καὶ
913 2389 964 2427 γὰρ

132 2436 260 2464 τοιοῦτος
291 2433 401 2471 γέγονεν
418 2433 432 2460 ὁ
456 2434 520 2460 Κάϊν
547 2432 575 2460 ἐκ
598 2436 648 2467 τῆς
673 2433 790 2468 κατάρας
813 2435 862 2461 τοῦ
886 2436 964 2468 Θεοῦ,

133 2476 174 2504 ὅτι
197 2478 211 2505 ὁ
233 2476 346 2516 τρόμος
368 2477 413 2505 καὶ
435 2478 450 2505 ὁ
474 2475 572 2508 κλόνος
598 2479 652 2505 τῶν
687 2476 777 2514 μιλῶν
810 2477 904 2512 αὐτοῦ,
930 2478 963 2505 οὗ

133 2522 219 2558 εἶχεν,
236 2521 305 2550 οὐδὲ
323 2522 421 2560 βρῶμα
438 2521 530 2559 βαλεῖν
547 2521 573 2549 ἐν
595 2522 635 2558 τῷ
659 2522 771 2558 στόματι
796 2521 877 2549 αὐτοῦ
899 2521 964 2558 ἠδύ-

132 2576 271 2647 “32sec.
306 2609 352 2645 ξδ’.
382 2610 412 2637 Τί
444 2609 517 2647 λέγει
547 2610 655 2647 Λάμεχ,
683 2609 724 2637 ὅτι
740 2621 755 2635 ι‹
784 2609 888 2649 ’Ἄνδρα
913 2611 962 2639 ἁπ-

680 183 1075 219 INTEHPBETATIONES
1098 188 1146 218 EX
1172 187 1208 217 ν.
1227 187 1262 218 'l‘.

1765 192 1825 221 738

1001 253 1068 280 dum
1083 253 1251 289 participes,
1268 261 1326 282 non
1350 253 1480 289 pudebat
1502 253 1565 282 sine
1581 255 1686 282 vestitu
1708 256 1822 292 degere.

1001 297 1245 325 Postadmissam
1272 306 1339 326 vero
1368 299 1479 334 peccati
1508 299 1716 334 experientiam
1747 301 1824 329 foliis

1001 343 1133 370 membra
1148 351 1202 370 sua
1217 343 1421 379 contegebant.

1037 386 1092 422 (91)
1106 387 1213 419 QII/EST.
1240 387 1307 414 LIX.
1325 387 1399 420 Quid
1410 391 1455 415 est
1472 396 1478 414 :
1498 399 1511 413 ιι
1527 388 1598 416 Ecce
1625 389 1712 417 Adam
1729 389 1826 419 factus

1001 434 1047 459 est
1061 431 1137 458 sicut
1154 439 1230 458 unus
1246 440 1280 459 ex
1295 431 1378 459 nobis
1393 432 1415 449 π
1426 432 1439 458 ⁴2
1458 443 1467 456 ι

1039 476 1186 503 RESp.Per
1201 476 1428 511 increpationem
1445 477 1522 505 Deus
1537 486 1641 506 vanam
1658 481 1825 514 opinionem

1001 520 1105 547 Adami
1121 520 1348 555 reprehendens,
1365 521 1434 548 dicit
1451 530 1456 548 :
1474 522 1549 549 Num
1567 524 1670 551 [actum
1688 528 1732 552 est
1747 526 1825 560 quod

1002 566 1033 592 tu
1050 565 1110 592 fore
1134 564 1284 599 putabas?
1298 565 1445 601 Numquid
1471 566 1549 594 enim
1566 567 1642 595 Deus
1663 577 1694 596 es
1718 570 1825 604 factus.

1002 608 1079 636 sicut
1102 608 1249 644 malignus
1266 608 1315 636 ille
1330 609 1403 636 dixit
1428 610 1489 643 tibi,
1507 615 1535 638 et
1551 615 1578 639 te
1602 612 1738 648 decepit?
1752 614 1826 642 Nam

1001 652 1142 680 excelsior
1157 653 1219 680 ﬁeri
1235 661 1301 680 cum
1314 655 1474 689 cuperet,in
1488 656 1630 684 minorem
1643 657 1749 685 decidit
1760 667 1827 686 con-

1002 697 1154 724 ditionem.

1038 742 1150 774 Qums'r.
1169 741 1224 769 LX.
1241 742 1314 774 Quid
1332 745 1376 770 est
1396 742 1467 770 illud
1486 753 1492 770 :
1511 760 1522 769 ,ι
1541 745 1695 774 Couversio
1710 747 1774 782 ejus
1790 748 1826 776 ad

1001 788 1030 814 te
1046 786 1109 820 eril,
1126 789 1154 814 et
1170 788 1200 814 tu
1217 786 1415 815 dominaberis
1431 788 1455 815 ei
1473 788 1516 815 ⁸οὲ
1532 800 1545 813 ››

1039 830 1124 858 Βεερ.
1143 830 1245 859 Oblato
1261 831 1347 866 dono,
1364 831 1435 859 dixit
1458 833 1533 860 Deus
1558 835 1593 861 ad
1609 835 1677 862 Cain
1695 845 1701 863 ε
1720 837 1828 866 Munus

1003 874 1075 903 illud
1091 878 1186 910 tuum,
1212 876 1289 911 quod
1310 876 1451 910 obtulisti,
1468 878 1502 904 ad
1530 882 1557 905 te
1581 881 1727 915 respiciat,
1743 884 1771 909 et
1795 885 1827 910 tu

1003 919 1201 947 dominaberis
1224 920 1261 954 ei,
1285 920 1362 956 agito
1388 929 1453 949 cum
1479 931 1511 950 eo
1537 923 1613 958 quod
1640 924 1716 953 voles
1733 935 1739 954 :
1757 935 1826 955 nam

1005 964 1078 992 illud
1095 972 1148 1000 ego
1165 972 1223 992 non
1239 965 1356 993 admisi.

1042 1053 1098 1088 (92)
1114 1053 1227 1085 Ουιεετ.
1245 1054 1317 1081 LXI.
1343 1055 1435 1088 Quare
1458 1065 1524 1084 cum
1551 1062 1699 1093 peccasset
1723 1061 1828 1097 Adam,

1006 1097 1087 1130 Abel,
1104 1097 1266 1133 quijustus
1285 1102 1357 1134 erat,
1374 1103 1506 1128 mortuus
1522 1106 1587 1130 est?
1809 1131 1813 1141 λ

1044 1144 1128 1171 Res».
1138 1144 1211 1176 Quia
1222 1143 1317 1172 noluit
1328 1146 1403 1173 Deus
1417 1148 1519 1174 mortis
1531 1149 1753 1178 fundamentum
1765 1160 1830 1181 esse

1008 1189 1127 1216 ﬁrmum
1141 1196 1147 1215 :
1160 1196 1228 1216 nam
1245 1189 1269 1216 si
1282 1189 1374 1217 Adam
1391 1191 1502 1226 primus
1516 1193 1615 1220 tuisset
1631 1197 1830 1229 mortuus,flr-

1009 1241 1088 1260 mem
1105 1232 1155 1260 illa
1170 1236 1246 1260 certe
1263 1233 1345 1261 basin
1361 1234 1519 1269 habuisset,
1537 1240 1673 1273 tanquam
1690 1248 1754 1275 quae
1772 1242 1830 1276 pri~

1010 1285 1092 1305 mum
1104 1280 1196 1305 mortu
1203 1286 1332 1311 um,eum
1346 1279 1396 1314 qui
1408 1283 1833 1318 peccasset,ahripuisset.0uia

1010 1329 1076 1349 vero
1091 1330 1158 1349 eum
1173 1321 1222 1357 qui
1238 1322 1347 1357 injuste
1362 1323 1417 1350 fuit
1433 1324 1768 1362 interemptus,primum
1786 1338 1832 1357 re-

1010 1366 1104 1401 cepit;
1119 1365 1266 1394 lubricum
1283 1366 1370 1395 habet
1384 1370 1412 1395 et
1427 1369 1520 1396 debile
1535 1370 1769 1401 fundamentum.

1047 1410 1160 1442 Quaem.
1177 1410 1258 1438 LXII.
1276 1411 1348 1444 Quid
1365 1415 1409 1439 est
1428 1414 1503 1447 quod
1520 1415 1591 1442 dicit
1608 1424 1613 1442 :
1635 1429 1645 1440 ι
1663 1416 1766 1445 Omnis
1781 1419 1832 1454 qui

1012 1454 1150 1482 occiderit
1165 1455 1232 1482 Cain
1249 1458 1360 1491 septem
1378 1455 1502 1485 ultiones
1519 1459 1644 1487 exsolvet
1657 1461 1677 1478 ¹¹
1691 1461 1702 1488 ?
1718 1473 1732 1486 ››

1049 1498 1135 1526 lisse.
1153 1499 1185 1526 In
1211 1499 1246 1527 iis
1272 1509 1335 1536 quae
1361 1505 1571 1537 perpetraverat
1596 1504 1676 1538 Cain,
1703 1507 1831 1542 primum

1014 1546 1163 1580 peccatum
1181 1545 1236 1572 fuit
1247 1545 1485 1582 invidia.propter
1495 1550 1711 1585 praerogativam
1724 1553 1832 1581 Abelis:

1014 1589 1188 1622 secundum,
1204 1589 1289 1617 dolus
1316 1599 1373 1626 quo
1403 1592 1520 1620 fratrem
1550 1594 1694 1623 allocutus
1718 1600 1773 1631 est,
1790 1598 1836 1626 di.

1013 1634 1104 1662 cendo
1117 1641 1144 1661 ει
1158 1634 1263 1661 Eamus
1278 1635 1307 1662 in
1323 1644 1424 1671 agrum
1441 1637 1480 1670 ⁸²;
1498 1650 1508 1660 ιι
1520 1640 1836 1678 tertium,caades,prie-

1015 1678 1056 1706 ris
1071 1678 1140 1706 mali
1151 1678 1384 1707 additamentum
1398 1689 1404 1713 ;
1417 1684 1678 1718 quartum,peccati
1694 1694 1835 1721 augmen-

1014 1725 1077 1750 tum
1090 1723 1158 1758 quia
1167 1723 1272 1751 occidit
1282 1724 1411 1759 fratrem;
1424 1726 1651 1763 quintum,quod
1665 1731 1836 1764 parentibus

1013 1766 1125 1795 luctum
1150 1768 1311 1803 pepererit;
1331 1772 1456 1801 sextum.
1472 1772 1546 1805 quod
1572 1775 1678 1800 terram
1695 1775 1838 1809 sanguine

1013 1811 1166 1847 polluerit;
1178 1813 1429 1849 septimum,quod
1444 1816 1583 1843 mentitus
1594 1817 1632 1843 sit
1643 1817 1711 1845 Deo.
1718 1819 1839 1846 Interro-

1013 1858 1100 1891 gatus
1110 1856 1216 1888 enim.«
1229 1856 1351 1884 Ubinam
1361 1859 1485 1886 estAbel
1502 1862 1589 1887 frater
1599 1864 1667 1888 tuus
1679 1862 1706 1889 ?n
1720 1871 1839 1898 respon-

1013 1899 1073 1928 dit:
1086 1911 1101 1925 «
1115 1900 1216 1928 Nescio
1226 1901 1276 1928 ³⁸.»
1289 1903 1405 1937 Septem
1418 1903 1505 1937 igitur
1515 1904 1640 1932 ultiones
1651 1907 1838 1935 exsoluturus

1013 1946 1076 1973 erat
1088 1945 1138 1981 qui
1155 1944 1331 1973 interficeret
1346 1945 1427 1973 Cain.

1049 1988 1179 2016 Ultiones
1197 1988 1253 2016 illae
1270 1992 1393 2025 septem,
1407 1994 1477 2018 sunt
1493 1992 1555 2019 ista
1573 2001 1578 2019 :
1598 1994 1783 2031 Prima,quod
1801 1997 1838 2024 ad

1013 2033 1087 2061 irnm
1104 2034 1300 2069 provocaverit
1317 2035 1406 2062 Deum
1423 2043 1427 2062 :
1441 2037 1579 2071 secunda,
1592 2039 1666 2073 quod
1679 2040 1777 2068 dolore
1788 2049 1839 2076 pa-

1013 2081 1088 2105 trem
1105 2077 1251 2111 aflecerit;
1268 2079 1444 2114 tertia.quod
1463 2081 1563 2108 orbam
1581 2083 1680 2110 fecerit
1696 2088 1839 2118 matrem;

1015 2124 1129 2158 quarta,
1154 2122 1231 2157 quod
1257 2122 1438 2151 interemerit
1464 2125 1581 2153 fratrem
1597 2136 1603 2159 ;
1619 2127 1733 2163 quinta,
1761 2129 1839 2164 quod

1014 2166 1149 2194 eﬂ'uderit
1163 2166 1336 2202 sanguinem
1351 2170 1540 2204 ;sexta,quod
1552 2172 1658 2199 caedem
1673 2174 1840 2208 patraverit;

1014 2211 1150 2247 septima.
1167 2211 1243 2247 quod
1259 2211 1406 2240 infernum
1424 2214 1609 2242 dedicaverit.

1050 2256 1164 2288 QUEST.
1182 2255 1275 2284 LXIII.
1300 2257 1376 2289 Quid
1391 2261 1436 2285 est
1448 2259 1523 2293 quod
1542 2260 1615 2287 dixit
1631 2269 1637 2287 ε
1657 2272 1667 2285 α
1687 2261 1778 2298 Major
1796 2265 1842 2290 est

978 2305 1001 2337 ι)
1017 2299 1104 2335 culpa
1118 2308 1182 2328 mea
1202 2308 1290 2336 quam
1307 2303 1339 2328 ut
1362 2304 1538 2330 concedatur
1555 2305 1626 2332 mihi
1652 2306 1722 2342 vita,
1739 2309 1766 2335 et
1783 2315 1840 2335 non

1018 2344 1127 2372 moriar
1141 2344 1174 2372 ⁸⁸.
1192 2355 1203 2371 ι

1057 2389 1142 2417 Βεερ.
1159 2400 1172 2414 α
1189 2388 1291 2424 Major,
1307 2389 1413 2426 inquit,
1440 2394 1484 2418 est
1499 2393 1703 2422 condemnatio
1720 2404 1784 2423 mea
1802 2404 1808 2423 :
1826 2407 1841 2421 ››

1020 2434 1127 2461 etenim
1144 2433 1212 2461 talis
1237 2442 1288 2470 per
1304 2434 1536 2463 maledictionem
1563 2437 1611 2464 Dei
1630 2439 1724 2467 factus
1749 2440 1843 2468 fuerat

1018 2479 1097 2512 Cain,
1115 2480 1147 2505 ut
1171 2481 1264 2506 terror
1278 2478 1354 2507 268
1379 2482 1408 2506 et
1432 2481 1630 2509 membrorum
1658 2486 1766 2511 tremor
1784 2493 1841 2512 non

1018 2522 1196 2556 admitteret,
1214 2525 1246 2549 ut
1257 2522 1299 2550 vel
1310 2523 1406 2551 cibum
1421 2524 1474 2551 sibi
1493 2525 1522 2551 in
1538 2534 1569 2553 es
1586 2526 1716 2562 ingerere
1732 2531 1840 2563 posset.

1052 2610 1107 2647 (93)
1123 2611 1236 2643 Qums'r.
1258 2612 1346 2640 LXIV.
1364 2613 1437 2646 Quid
1453 2616 1496 2641 est
1513 2616 1589 2650 quod
1608 2615 1677 2643 dicit
1695 2617 1816 2644 Lamcch
1834 2625 1841 2646 :

165 2713 189 2731 τ’
205 2713 321 2741 Genes.
336 2714 380 2746 nl,
392 2712 437 2740 22.
474 2712 498 2730 ⁸ο
512 2711 618 2741 Genes.
633 2720 672 2748 xv,
687 2713 715 2741 7.
754 2712 776 2730 ⁸¹
792 2712 863 2741 ibid.
880 2714 924 2743 15.

1020 2714 1070 2743 )id.
1086 2714 1114 2743 8.
1152 2714 1175 2732 ⁸³
1189 2713 1261 2743 ibid.
1276 2714 1302 2741 9.
1340 2715 1449 2744 "ibid.
1467 2716 1509 2743 13.

166 2815 226 2850 (91)
243 2813 443 2850 VideOnast.
459 2814 494 2842 40
505 2813 650 2850 Theudor.
666 2814 701 2850 in
712 2813 807 2843 Genu.

168 2848 226 2888 (92)
244 2852 303 2878 Est
318 2848 423 2882 Quam.
451 2850 485 2877 46
505 2849 617 2879 Theod.
642 2849 673 2878 In
687 2849 781 2879 Genu.
805 2850 970 2881 immutatis

1024 2816 1177 2852 paululum
1193 2817 1299 2845 verbis.

1060 2852 1116 2889 (93)
1130 2852 1203 2882 Vide
1216 2853 1322 2886 Quaest.
1339 2853 1373 2882 44
1388 2852 1560 2883 Theodoreti
1577 2855 1606 2882 in
1622 2855 1721 2883 Cenes.
