4096 6212
404 351 522 407 739

1574 350 1637 406 S.
1686 344 2203 408 ATHANASIUS.
2228 377 2301 387 —
2335 342 2639 407 SPURIA.

3705 349 3831 408 740

408 506 435 532 ‹‹
470 479 661 537 Occidi
694 478 883 534 virum
936 479 992 533 in
1026 479 1241 533 vulnus
1294 493 1510 546 meum,
1545 482 1603 534 et
1650 476 2044 533 adolescentu-

2174 474 2380 529 ἐκτεινί.
2437 476 2512 538 εἷς
2571 480 2786 550 τραῦμα
2833 474 2978 549 ἐμοὶ,
3012 474 3101 532 καὶ
3140 475 3410 531 νεανίσκον
3457 476 3532 539 είς
3570 477 3831 551 μώλωπα

411 571 533 625 lum
568 570 626 623 in
660 568 898 624 livorem
932 584 1128 623 meum
1158 566 1246 622 3'?
1281 590 1307 616 ››

480 658 781 714 ΒεεΡ.Νοη
801 656 942 712 dicit
962 656 1058 711 hic
1085 654 1381 721 duo,sicut
1404 655 1746 711 existimant
1765 654 2004 721 quidam
2041 671 2054 710 :

408 764 592 819 neque
638 745 774 801 Cain
825 746 1118 818 intelligit,
1170 752 1226 800 ut
1278 744 1515 816 quidam
1569 744 1923 809 fabulantur,
1959 743 2057 798 sed

406 839 548 893 dicit
579 836 890 908 quemdam
926 840 981 889 et
1010 835 1167 889 hunc
1199 833 1651 890 adolescentem.
1681 833 1826 888 Nam
1860 832 2002 887 illud
2041 848 2055 886 :

404 950 431 977 ‹‹
465 926 671 981 Virum
702 924 759 979 in
796 924 1007 979 vulnus
1040 940 1261 988 meum,
1284 928 1340 978 et
1359 921 1790 978 adolescentem
1822 922 1879 975 in
1912 920 2055 976 livo-

400 1032 523 1072 rem
558 1031 756 1071 meum
791 1031 804 1071 :
840 1034 867 1063 ι)
899 1013 1008 1068 hoc
1036 1016 1143 1080 est,
1179 1011 1371 1067 virum
1412 1010 1671 1082 junioris
1705 1011 1912 1067 aetatis.
1949 1014 2054 1065 De-

406 1103 644 1159 clinavit
673 1119 808 1158 vero
838 1103 1333 1174 pcenam,pr0pter
1357 1100 1785 1155 confessionem
1813 1097 2057 1171 peccati,

400 1201 457 1251 et
486 1194 615 1266 ipsa
642 1209 749 1247 sua
782 1191 1074 1246 sententia
1103 1189 1458 1245 sententiam
1490 1188 1590 1244 Dei
1624 1188 1912 1245 cohibuit.

474 1371 840 1442 (94)(ὶυιεετ.
901 1370 1070 1424 LXV.
1117 1368 1411 1431 Quasnam
1476 1366 1626 1422 ﬁlios
1688 1366 1782 1422 Dei
1842 1366 2062 1422 vocavit

409 1461 620 1529 Moses,
670 1459 871 1514 dicens
907 1475 919 1513 :
952 1478 981 1506 «
1014 1457 1284 1513 Videntes
1332 1472 1466 1513 vero
1498 1454 1604 1510 ﬁlii
1637 1454 1734 1511 Dei
1771 1454 1920 1509 ﬁlias
1950 1455 2060 1511 bo-

406 1550 656 1618 minum,
689 1550 1039 1619 acceperunt
1068 1562 1167 1600 eas
1199 1544 1310 1600 sibi
1344 1559 1554 1600 uxores
1574 1544 1618 1579 ⁸⁸
1644 1543 1671 1598 ?
1708 1566 1728 1591 ι

479 1660 646 1710 Resp.
681 1655 761 1710 Ex
783 1654 964 1708 Adam
992 1652 1231 1724 quidem
1256 1655 1430 1707 natus
1452 1654 1542 1707 est
1562 1650 1829 1723 Seth,qui
1855 1650 2062 1707 tertius

405 1752 528 1800 erat
559 1749 689 1815 post
722 1742 875 1798 Abel.
909 1742 991 1797 Ex
1021 1741 1160 1797 Seth
1192 1744 1387 1795 autem
1436 1744 1607 1795 natus
1640 1749 1727 1795 est
1758 1740 1929 1805 Enos,
1961 1754 2064 1810 qui

2170 563 2294 637 ἐμοί
2326 585 2338 634 ς
2376 588 2403 617 ››

2241 653 2432 708 ’Δπόκ.
2489 654 2566 711 Οὐ
2628 652 2722 708 δύο
2784 653 2955 729 λέγει,
2997 655 3178 717 καθώς
3234 675 3377 716 τινες
3438 654 3827 733 ὑπειλήφασιν,

2169 739 2295 797 οὐδὲ
2323 743 2413 797 τὸν
2451 742 2598 816 Κάϊν,
2634 743 2707 805 ὡς
2738 740 2915 818 ἕτεροι
2971 741 3516 818 μεμυθολογήκασιν,
3549 743 3678 801 ἀλλ’
3707 741 3825 819 ἓνα,

2166 832 2255 886 xui
2315 836 2503 886 τοῦτον
2563 834 2704 887 νέον·
2743 857 2769 883 ‹‹
2803 830 2969 907 ἄνδρα
2998 854 3023 885 η
3062 832 3161 907 γὰρ
3216 859 3235 883 ι
3277 833 3353 895 εἷς
3404 837 3616 906 τραῦμα
3678 833 3834 907 ἐμοὶ,

2167 920 2255 975 καὶ
2301 920 2577 976 νεανίσκον
2642 921 2717 983 εἰς
2780 920 3031 993 μώλωπα
3081 921 3225 995 ἐμοί’
3261 947 3289 973 ››
3318 923 3617 993 τουτὶστιν,
3652 920 3825 999 ἄνδρα

2166 1010 2279 1064 νὲον
2355 1007 2553 1085 ἔχοντα
2621 1011 2719 1079 τὴν
2794 1009 3035 1080 ἡλικίαν.
3095 1010 3319 1089 Διέφυγε
3371 1009 3428 1067 δὶ
3483 1012 3580 1080 τήν
3642 1033 3826 1085 τιμω-

2170 1100 2283 1163 ρίαν
2343 1096 2431 1153 διὰ
2486 1100 2583 1168 τήν
2657 1096 2960 1173 ὁμολογίαν
3038 1106 3139 1168 τῆς
3217 1101 3503 1175 ἁμαρτίας,
3560 1102 3650 1155 xui
3711 1107 3832 1165 καθ’

2169 1187 2359 1243 ἑαυτοῦ
2416 1189 2515 1257 τὴν
2572 1191 2749 1267 ψῆφον
2810 1188 3128 1265 ἐπενεγκὼν,
3187 1190 3289 1257 τὴν
3363 1188 3502 1244 θείαν
3581 1189 3829 1246 ἐκώλυσε

2169 1281 2349 1355 ψῆςρον
2363 1321 2373 1332 .

2242 1367 2435 1440 Ἐρώτ.
2468 1368 2553 1439 ξέ.
2586 1364 2745 1428 Τίνας
2805 1366 2959 1429 υἱοὺς
3016 1371 3149 1422 Θεοῦ
3205 1364 3467 1437 κέκληκεν
3519 1369 3547 1423 6
3595 1375 3829 1442 Μωσῆς,

2171 1452 2357 1509 εἰπών·
2399 1479 2419 1504 ι
2473 1449 2698 1516 ’ἰδόντες
2756 1452 2812 1510 δὲ
2868 1455 2976 1510 υἱοὶ
3031 1461 3129 1511 τοῦ
3187 1460 3320 1511 Θεοῦ
3375 1456 3469 1518 τὰς
3518 1458 3821 1534 θυγατὲρας

2169 1543 2278 1597 τῶν
2310 1542 2633 1618 ἀνθρώπων,
2666 1539 2863 1599 ἔλαϐον
2898 1545 3107 1607 ἑαυτοῖς
3142 1550 3436 1620 γυναῖκας;
3476 1571 3497 1596 1

2246 1649 2435 1706 Ἀπόκ.
2471 1652 2563 1705 Ἐκ
2597 1651 2690 1724 μὲν
2723 1655 2822 1705 τοῦ
2857 1648 3035 1723 Ἀδὰμ
3084 1650 3342 1727 ἐγεννήθη
3394 1652 3421 1705 6
3471 1654 3607 1723 Σήθε
3639 1652 3829 1729 τρίτος

2172 1738 2276 1813 γὰρ
2305 1739 2373 1807 ἦν
2406 1739 2509 1794 ἀπὸ
2536 1743 2631 1793 τοῦ
2662 1734 2857 1795 ”Αϐελ·
2896 1739 2953 1794 ἐκ
2984 1737 3040 1794 δὲ
3068 1744 3164 1794 τοῦ
3214 1741 3327 1809 sae
3359 1741 3387 1795 6
3421 1740 3611 1803 Ἐνώς.
3645 1742 3825 1805 Οὗτος

403 1835 463 1889 in
503 1834 811 1889 Dominum
846 1832 1030 1887 Deum
1063 1845 1226 1901 spem
1261 1830 1467 1884 habuit
1495 1833 1552 1884 et
1583 1828 1871 1883 invocavit
1901 1845 2033 1884 eum

2171 1825 2403 1897 ἤλπισεν
2461 1826 2831 1883 ἐπικαλεῖσθαι
2895 1829 2986 1883 τὸν
3047 1828 3244 1905 Κύριον
3304 1829 3393 1884 καὶ
3461 1825 3612 1886 Θεόν.
3663 1832 3832 1894 "Ost

406 1924 570 1979 Unde
603 1921 704 1993 qui
755 1938 825 1976 ex
851 1920 961 1975 hoc
1013 1918 1133 1973 nati
1165 1922 1307 1973 sunt
1353 1917 1540 1985 liberi,
1568 1915 1670 1971 filii
1721 1916 1820 1971 Dei
1869 1917 2057 1973 vocati

407 2017 565 2077 sunt,
601 2009 1104 2081 quemadmodum
1141 2006 1316 2062 etiam
1351 2023 1455 2061 nos
1486 2022 1554 2061 ex
1583 2005 1796 2061 Christi
1827 2007 2057 2062 Domini

405 2100 589 2156 nostri
624 2098 880 2165 nomine,
912 2095 1227 2154 Christiani
1264 2096 1659 2151 nominamur.
1675 2094 2055 2167 Segregatum

401 2196 489 2247 est
520 2191 674 2246 enim
704 2205 892 2260 genus
921 2187 1075 2253 Seth,
1114 2204 1222 2242 nec
1271 2190 1362 2241 est
1399 2203 1533 2241 cum
1564 2185 1636 2241 iis
1678 2186 2055 2242 commistum

405 2281 503 2352 qui
534 2286 699 2336 erant
721 2295 788 2333 ex
809 2277 1129 2348 Cain,quod
1153 2275 1249 2331 ille
1271 2293 1305 2330 a
1324 2276 1440 2331 Deo
1470 2275 1877 2331 universorum
1900 2279 2056 2332 esset

404 2368 772 2424 maledictus.
824 2367 1028 2421 Postea
1059 2381 1190 2421 vero
1239 2365 1500 2420 videntes
1534 2363 1685 2419 filias
1738 2381 1805 2419 ex
1837 2380 2052 2436 cogna-

404 2458 559 2513 tione
589 2456 728 2513 Cain
756 2454 1032 2527 pulchras
1062 2470 1209 2522 esse,
1244 2458 1420 2525 atque
1464 2452 1770 2508 blanditiis
1800 2453 2046 2526 decepti,

403 2548 695 2601 duxerunt
723 2561 822 2600 eas
872 2560 1097 2610 uxores,
1130 2548 1188 2598 et
1218 2558 1393 2598 suum
1423 2542 1503 2597 ita
1550 2559 1738 2614 genus
1769 2558 2048 2614 corrupe-

405 2639 701 2790 maga-:51
736 2720 919 2776 LXVI.
974 2719 1122 2784 Quid
1171 2724 1260 2774 est
1307 2719 1462 2789 quod
1496 2719 1635 2774 dicit
1669 2736 1681 2775 :
1719 2741 1747 2769 «
1776 2721 1920 2774 Cum
1953 2734 2046 2773 re-

403 2813 689 2885 spexisset
734 2810 1047 2876 Abraham,
1081 2808 1224 2863 vidit
1256 2823 1268 2862 :
1302 2811 1357 2863 et
1387 2824 1518 2863 ecce
1548 2808 1699 2863 aries
1729 2824 1883 2862 unus
1914 2824 2045 2863 cor-

403 2902 575 2957 nibus
623 2899 951 2972 implicitus
1002 2898 1261 2952 hazrebat
1290 2898 1361 2951 ad
1395 2897 1653 2968 plantam
1694 2897 1875 2952 Sabec
1900 2897 1984 2951 37?
2014 2920 2036 2949 ι

474 3009 641 3063 Rssr.
681 3006 881 3062 Planta
925 3006 1103 3060 Sabec
1151 3009 1240 3059 est
1285 3005 1614 3059 veneranda
1662 3021 1803 3059 crux
1838 3021 1849 3059 :
1884 3002 2045 3076 juxta

404 3099 671 3152 Hebraeos
702 3111 834 3150 vero
866 3095 1096 3148 videtur
1123 3094 1304 3148 Sabec
1335 3094 1603 3148 remissio
1634 3109 1762 3148 esse
1808 3099 1865 3147 et
1909 3108 2043 3148 con-

2168 1917 2218 1970 oi
2250 1916 2308 1970 ἐκ
2335 1916 2531 1972 τούτου
2559 1917 2896 1993 γεννηθέντες
2927 1915 3114 1979 παῖδες
3167 1918 3276 1973 uici
3322 1923 3455 1973 Θεοῦ
3508 1918 3823 1994 ἐχρημάτι-

2168 2025 2282 2075 σαν,
2318 2005 2496 2081 ὥσπερ
2526 2006 2615 2060 καὶ
2647 2009 2811 2078 ἡμεῖς
2859 2005 2919 2061 ὲκ
2971 2009 3069 2075 τῆς
3120 2011 3216 2061 τοῦ
3258 2005 3524 2062 δεσπότου
3580 2010 3823 2083 Χριστοῦ

2165 2094 2537 2171 προσηγορίας
2578 2095 2888 2171 Χριστιανοὶ
2937 2095 3273 2169 καλούμεθα.
3336 2097 3437 2153 Καὶ
3489 2096 3589 2173 γὰρ
3636 2097 3825 2172 κεχώ-

2166 2204 2320 2251 ριστο
2348 2189 2443 2238 τοῦ
2476 2185 2591 2253 Σήθ
2620 2184 2681 2237 τὸ
2712 2184 2882 2258 γένος,
2911 2184 2999 2237 καὶ
3033 2182 3133 2237 οὐκ
3162 2182 3418 2258 ἐμίγνυτο
3450 2189 3565 2245 τοῖς
3615 2182 3673 2238 ἐκ
3722 2188 3824 2239 τοῦ

2164 2272 2289 2326 Κάϊν
2324 2270 2411 2327 διὰ
2441 2274 2538 2342 τήν
2572 2273 2945 2347 ἐπενεχθεῖσαν
3005 2272 3154 2345 αὐτῷ
3203 2273 3349 2346 παρὰ
3394 2278 3491 2328 τυῦ
3540 2278 3675 2327 Θεοῦ
3704 2278 3818 2328 τῶν

2162 2360 2307 2417 ὅλων
2336 2361 2762 2438 ἀράν.⁶Ἰ’στερον
2796 2362 2886 2416 καὶ
2930 2360 3154 2424 εὐειδεῖς
3201 2362 3517 2435 θεασάμενοι
3564 2364 3662 2424 τὰς
3723 2364 3819 2417 θυ-

2158 2450 2382 2527 γατέρας
2413 2458 2512 2521 τῆς
2557 2455 2654 2507 τοῦ
2705 2450 2837 2508 Κάϊν
2900 2451 3234 2527 συγγενείας,
3267 2450 3356 2505 καὶ
3413 2449 3818 2525 καταθελχθὲν-

2156 2560 2264 2609 τες,
2300 2535 2497 2595 ἔλαϐον
2528 2539 2688 2602 αὐτὰς
2739 2542 2949 2602 ἑαυτοῖς
3001 2541 3075 2603 εἷς
3122 2546 3403 2615 γυναῖκας,
3432 2541 3521 2595 καὶ
3575 2538 3817 2618 διέφθει-

2158 2647 2251 2699 ραν
2287 2630 2382 2697 τήν
2416 2627 2616 2683 οἰκείαν
2647 2629 2957 2704 συγγένειαν

2229 2717 2419 2788 Ἐρώτ.
2482 2717 2574 2787 ξς’.
2625 2717 2683 2771 Τί
2736 2718 2765 2773 ’ὀ
2819 2712 2985 2793 λέγει’
3049 2741 3076 2769 ‹‹
3138 2712 3471 2792 ’Δναῧλὲψας
3530 2712 3811 2792 Ἀϐραὰμ,

2156 2802 2281 2859 εἶδε·
2315 2806 2403 2859 καὶ
2464 2803 2582 2860 ἰδοὺ
2635 2807 2786 2881 κριὸς
2846 2808 2921 2868 εἷς
2981 2802 3349 2881 κατεχόμενος
3405 2810 3510 2861 τῶν
3559 2809 3808 2879 κεράτων

2154 2895 2318 2949 αὐτοῦ
2350 2895 2399 2949 ἐν
2434 2900 2583 2971 φυτῷ
2615 2890 2829 2964 Σαϐἑκ;
2866 2921 2895 2947 ››

2226 2999 2414 3059 Ἀπόκ.
2458 3004 2631 3056 Φυτὸν
2686 2998 2861 3056 Σαῧὲκ
2910 3005 2937 3057 ὁ
2988 3002 3173 3075 τίμιός
3222 3002 3331 3057 ἐστι
3387 3002 3635 3076 σταυρόςσ
3671 3002 3815 3058 κατᾶ

2155 3089 2211 3145 δὲ
2243 3087 2526 3167 Ἐϐραίους
2559 3089 2709 3146 δοκεῖ
2735 3093 2797 3146 τὸ
2840 3087 3020 3147 Σαϐὶκ
3080 3090 3317 3170 ἀφέσεως
3367 3091 3457 3145 καὶ
3511 3094 3820 3166 συγχωρή-

401 3185 655 3239 donatio.
686 3182 848 3237 Aries
879 3198 1010 3237 vero
1054 3184 1153 3252 qui
1185 3182 1243 3234 in
1274 3182 1453 3235 Sabec
1484 3180 1739 3236 haerebat
1769 3182 1839 3235 ad
1876 3183 2039 3252 plan-

2167 3201 2311 3241 τεως.
2345 3181 2405 3236 Ὀ
2438 3178 2494 3234 δὲ
2525 3179 2576 3234 ἐν
2606 3185 2685 3251 τῷ
2717 3175 2894 3234 Σαϐὶκ
2919 3186 3000 3252 τῷ
3031 3185 3179 3256 φυτῷ
3210 3179 3581 3254 κατεχόμενος
3632 3181 3816 3255 κριὸς,

401 3281 542 3340 tam,
569 3272 669 3343 qui
701 3271 877 3326 etiam
910 3287 1012 3339 pro
1048 3274 1206 3324 Isaac
1238 3268 1639 3325 holocaustum
1674 3270 1902 3325 oblatus
1933 3276 2041 3339 est,

400 3360 809 3431 prazfigurabat
833 3358 1529 3427 Christum,immolatum
1551 3374 1650 3427 pro
1682 3358 1853 3413 nobis
1870 3359 2044 3413 sacri-

400 3448 595 3504 ficium
626 3446 1100 3512 immaculatum,
1131 3450 1188 3500 et
1239 3446 1338 3515 qui
1389 3462 1492 3515 pro
1543 3445 1712 3500 nobis
1765 3446 1819 3500 in
1874 3463 2044 3503 cruce

402 3542 643 3592 mortem
676 3536 877 3592 subiit.
910 3556 937 3585 «
967 3534 1112 3590 Nam
1144 3535 1271 3604 ejus
1294 3533 1477 3589 vibice
1504 3550 1610 3588 nos
1626 3550 1831 3589 omnes
1855 3535 2045 3590 sanati

400 3643 630 3694 sumus,
661 3647 687 3674 ››
720 3624 911 3696 inquit
941 3622 1141 3693 Isaias,
1170 3645 1197 3672 «
1233 3627 1289 3676 et
1320 3639 1422 3694 pro
1455 3622 1624 3677 nobis
1655 3623 2043 3687 cruciatur,et

394 3719 633 3787 propter
654 3718 887 3786 peccata
910 3716 1109 3767 nostra
1131 3710 1465 3766 vulneratus
1488 3711 1843 3765 eat”.»Sicut
1865 3711 2041 3781 igitur

394 3804 543 3859 aries
574 3804 668 3859 ille
699 3819 801 3875 pro
838 3804 996 3857 Isaac
1019 3802 1250 3856 oblatus
1283 3805 1391 3867 est,
1420 3800 1500 3855 ita
1530 3799 1794 3855 Christus
1827 3800 2038 3855 immo-

394 3893 547 3948 latus
579 3897 668 3949 est
699 3909 801 3965 pro
834 3891 1005 3945 nobis
1035 3890 1332 3945 omnibus.

464 4068 576 4139 (95)
608 4069 829 4131 Qums'r.
864 4067 1074 4122 LXVII.
1106 4067 1252 4131 Quid
1282 4071 1371 4121 est
1402 4067 1557 4137 quod
1604 4067 1793 4137 inquit
1824 4067 1984 4123 Isaac
2018 4086 2031 4123 :

398 4182 417 4206 (ι
456 4162 595 4212 Ecce
625 4158 768 4211 odor
791 4156 894 4210 lilii
925 4156 1036 4210 mei
1068 4156 1221 4210 sicut
1249 4157 1392 4209 odor
1422 4156 1543 4226 agri
1576 4155 1903 4225 plenus,cui
1936 4158 2031 4212 be-

395 4246 625 4301 dedicat
654 4245 1040 4299 Dominuszet
1069 4245 1166 4298 det
1196 4244 1299 4298 tibi
1336 4245 1615 4298 Dominus
1646 4246 1714 4298 de
1747 4262 1875 4300 rore
1904 4246 2033 4300 cmli

394 4340 450 4390 et
480 4334 549 4389 de
579 4330 931 4405 pinguedine
960 4335 1123 4386 terrae
1148 4336 1205 4385 et
1234 4331 1655 4386 abundantiam
1679 4331 1957 4388 frumenti
1976 4337 2034 4388 et

394 4422 524 4493 olei,
556 4427 615 4476 et
642 4420 897 4475 serviant
923 4419 1028 4473 tibi
1063 4419 1282 4490 populi,
1318 4440 1346 4467 »
1378 4424 1485 4473 etc.
1519 4420 1612 4474 ⁸9⁸2

466 4529 638 4584 Resp.
672 4528 821 4598 Ager
849 4530 939 4581 est
968 4524 1225 4579 mundus
1259 4540 1271 4579 :
1308 4540 1403 4579 ros
1432 4540 1566 4579 vero
1598 4524 1724 4579 coeli
1757 4526 2033 4584 divinitas

391 4624 481 4673 est
513 4635 525 4673 :
560 4616 848 4689 pinguedo
877 4620 1072 4670 autem
1119 4619 1287 4668 terra)
1315 4619 1404 4667 est
1434 4613 1791 4669 humanitas.
1825 4617 2033 4678 Quem-

388 4707 707 4761 admodum
756 4704 936 4774 igitur
962 4720 1056 4757 ros
1091 4702 1327 4773 quidem
1378 4701 1751 4757 invisibiliter
1790 4703 2029 4758 descen-

384 4798 473 4851 dit
503 4801 559 4851 et
607 4795 663 4849 in
714 4799 869 4847 terra
913 4791 1242 4847 consistens
1289 4795 1551 4861 apparet,
1600 4791 1802 4845 eodem
1858 4793 2030 4848 modo

384 4891 537 4939 Deus
584 4884 864 4951 Verbum,
896 4881 996 4952 qui
1044 4879 1353 4935 invisibilis
1393 4884 1501 4947 est,
1534 4895 1637 4951 per
1685 4896 1920 4935 carnem
1970 4882 2030 4936 in

379 4978 534 5028 terra
565 4976 914 5044 conspectus
946 4975 1054 5036 est,
1088 4975 1145 5023 et
1176 4985 1308 5023 cum
1348 4968 1689 5023 hominibus
1720 4985 2029 5025 conversa-

379 5068 495 5116 tus.
532 5063 915 5117 Frumentum
964 5074 1097 5114 vero
1146 5062 1204 5112 et
1254 5057 1476 5126 vinum,
1526 5063 2029 5113 sacramentorum

378 5151 711 5206 divinorum
744 5152 885 5203 sunt
933 5146 1267 5219 aenigmata.
1302 5145 1368 5200 Et
1417 5160 1625 5201 omnes
1672 5146 1873 5218 populi
1906 5162 2027 5202 ser-

378 5238 544 5295 viunt
569 5237 820 5294 Christo.

449 5422 493 5455 ⁸⁵
521 5423 728 5476 Genes.
764 5433 841 5485 1v,
872 5417 962 5472 23.

454 5599 565 5671 (94)
598 5598 743 5654 Huic
772 5600 977 5671 quaest.
1013 5593 1229 5671 similis
1258 5598 1346 5650 est
1378 5593 1457 5671 _57
1487 5593 1558 5650 ad
1583 5594 1950 5667 :Antiochum,
1983 5599 2041 5655 et

382 5666 595 5737 Quaest.
628 5672 693 5725 47
724 5666 1069 5725 Theodoreti
1099 5670 1158 5723 in
1192 5666 1442 5722 δεηθείη.

2156 3268 2302 3331 ὅστις
2334 3269 2422 3323 καὶ
2455 3269 2531 3329 εἷς
2563 3267 2745 3333 θυσίαν
2779 3272 3071 3344 προσήχθη
3130 3269 3245 3324 ἀντὶ
3298 3269 3499 3339 Ἰσαὰκ,
3529 3269 3622 3322 τὸν
3678 3274 3811 3343 Χρι-

2154 3358 2275 3411 στὸν
2308 3358 2634 3431 προετύπου,
2665 3357 2755 3411 τὸν
2787 3357 3214 3433 προσενεχθέντα
3263 3358 3394 3433 ὑπὲρ
3445 3360 3607 3429 ἡμῶν
3651 3359 3813 3429 ἄμω-

2157 3467 2259 3518 μον
2321 3448 2539 3522 ἱερεῖον,
2590 3445 2678 3500 καὶ
2728 3445 2780 3500 ἐν
2833 3451 2911 3517 τῷ
2952 3452 3166 3521 σταυρῷ
3217 3446 3440 3502 θάνατον
3505 3446 3818 3501 ὑποστάντα

2150 3531 2325 3589 ἕνεκεν
2355 3538 2535 3607 ἡμῶν,
2577 3560 2595 3585 ι
2632 3540 2717 3606 Τῷ
2746 3535 2849 3610 γὰρ
2899 3534 3137 3608 μώλωπι
3189 3534 3351 3590 αὐτοῦ
3400 3537 3562 3609 ἡμεῖς
3610 3536 3807 3590 πάντες

2155 3622 2404 3696 ἰάθημεν,
2442 3649 2466 3673 ››
2517 3624 2677 3700 φησὶν
2718 3622 2961 3693 Ἠσαίας,
2996 3650 3023 3675 ι(
3073 3624 3161 3678 καὶ
3210 3624 3333 3698 περὶ
3384 3627 3544 3696 ἡμῶν
3609 3621 3813 3677 ὀδυνᾶ-

2148 3732 2256 3779 ται,
2306 3711 2394 3765 καὶ
2454 3711 2851 3787 ἐτραυματίσθη
2910 3709 2997 3765 διὰ
3062 3716 3157 3774 τὰς
3217 3712 3480 3787 ἁμαρτίας
3527 3714 3717 3785 ἡμῶν.
3782 3737 3813 3763 υ

2148 3803 2349 3875 ’Ὠσπερ
2382 3800 2410 3853 6
2455 3800 2609 3875 κριὸς
2669 3799 2870 3861 ἐκεῖνος
2926 3799 3017 3853 οὖν
3077 3803 3371 3877 προσήχθη
3436 3799 3553 3854 ἀντὶ
3605 3800 3814 3875 Ἰσαὰκ,

2148 3888 2290 3943 οὕτω
2335 3888 2423 3943 καὶ
2478 3889 2505 3942 6
2557 3888 2789 3961 Χριστὸς
2845 3890 3139 3964 προσήχθη
3204 3889 3336 3960 ὑπὲρ
3394 3891 3557 3961 ἡμῶν
3627 3889 3807 3943 ἀπάν-

2146 3998 2274 4033 των.

2215 4066 2408 4139 Ἐρώτ.
2560 4064 2619 4117 Τί
2652 4062 2798 4138 λέγει
2831 4065 2859 4120 6
2903 4065 3103 4132 Ἰσαὰκ,
3135 4063 3216 4118 ὅτι
3251 4091 3279 4117 (ι
3318 4061 3457 4119 ’ἰδοὺ
3505 4064 3658 4136 ὀσμὴ
3702 4070 3807 4120 τοῦ

2143 4155 2263 4207 υἱοῦ
2298 4174 2402 4226 μου
2433 4154 2507 4214 ὡς
2540 4153 2683 4224 ὀσμὴ
2737 4153 2907 4228 ἀγροῦ
2954 4153 3201 4226 πλήρης,
3234 4154 3292 4207 ὃν
3338 4150 3639 4226 εὐλογῆσαι
3688 4153 3804 4209 Κύ-

2144 4242 2401 4315 ριος,καὶ
2459 4239 2572 4313 δῴη
2636 4262 2719 4295 σοι
2781 4241 2977 4317 Κύριος
3031 4242 3135 4295 ἀπὸ
3181 4243 3281 4310 τῆς
3317 4238 3513 4316 δρόσου
3542 4246 3641 4295 τοῦ
3703 4242 3806 4296 οὐ-

2145 4336 2307 4406 ρανοῦ
2362 4332 2452 4385 καὶ
2510 4329 2614 4383 ἀπὸ
2666 4332 2764 4399 τῆς
2825 4329 3088 4400 πιότητος
3140 4333 3241 4399 τῆς
3274 4336 3396 4405 γῆς,
3426 4329 3516 4384 καὶ
3577 4327 3807 4399 πλῆθος

2144 4419 2292 4473 σίτου
2319 4418 2406 4473 καὶ
2439 4415 2609 4489 οἷ’νου,
2640 4419 2730 4473 καὶ
2764 4415 3204 4473 δουλευσάτωσάν
3238 4438 3322 4471 σοι
3364 4413 3513 4487 ἔθνη,
3548 4441 3578 4470 υ
3608 4419 3701 4473 xui
3732 4420 3809 4474 τὰ

2144 4508 2288 4581 ὲξῆςο

2212 4614 2402 4671 Ἀπόκ.
2437 4613 2624 4688 Ἀγρός
2655 4613 2794 4668 ἐστιν
2830 4614 2858 4667 6
2889 4613 3116 4685 κόσμος·
3152 4610 3347 4689 δρόσος
3386 4610 3443 4667 δὲ
3493 4612 3732 4687 οὐρανοῦ
3766 4617 3806 4684 ἡ

2140 4702 2563 4773 θεότηςοπιότης
2597 4700 2653 4756 δὲ
2680 4709 2781 4771 τῆς
2808 4710 2911 4777 γῆς
2942 4705 2976 4771 ἡ
3002 4702 3598 4777 ἀνθρωπότης.”Ωσπερ
3617 4703 3811 4757 τοίνυν

2139 4794 2174 4861 ἡ
2210 4789 2405 4866 δρόσος
2456 4791 2549 4861 μὲν
2585 4790 2829 4865 ἀοράτως
2862 4792 3084 4862 κάτεισι,
3120 4792 3267 4845 κάτω
3315 4788 3372 4845 δὲ
3430 4794 3808 4865 συνισταμένη

2141 4879 2343 4955 γίνεται
2406 4877 2574 4949 δήλη*
2610 4880 2782 4941 οὕτως
2834 4880 3061 4953 ἀόρατος
3110 4877 3182 4933 ὢν
3218 4881 3245 4935 6
3296 4880 3423 4940 Θεὸς
3474 4880 3677 4953 Λόγος,
3709 4879 3811 4936 διὰ

2139 4971 2240 5037 τῆς
2272 4969 2463 5041 σαρκὸς
2493 4968 2579 5022 ἐπὶ
2628 4975 2730 5037 τῆς
2785 4975 2885 5043 γῆς
2930 4964 3111 5045 ὤφθη,
3156 4968 3247 5022 xui
3303 4974 3418 5025 τοῖς
3478 4969 3807 5042 ἀνθρώποις

2142 5057 2564 5134 συνανεστράφη.
2600 5057 2696 5110 Καὶ
2724 5058 2751 5110 6
2784 5063 2930 5119 σῖτος
2983 5054 3039 5111 δὶ
3080 5057 3170 5111 xui
3203 5058 3232 5111 6
3282 5056 3424 5117 οἶνος
3477 5061 3589 5110 τῶν
3636 5056 3808 5121 θείων

2144 5147 2453 5220 μυστηρίων
2488 5146 2795 5222 αἰνίγματα.
2830 5145 3157 5202 Δουλεύουσι
3206 5149 3377 5203 πάντα
3432 5147 3501 5201 τὰ
3552 5144 3682 5218 ἔθνη
3715 5153 3806 5221 τῷ

2136 5238 2376 5311 Χριστῷ.

1040 5416 1085 5452 ⁸⁸
1117 5415 1259 5471 Gen.
1294 5431 1371 5484 v1,
1400 5417 1455 5470 2.
1532 5414 1575 5451 ⁸⁷
1608 5415 1814 5473 Genes.
1838 5432 1979 5486 xm,
2015 5416 2039 5472 1

2176 5417 2226 5453 ⁸⁸
2254 5418 2370 5476 Isa.
2403 5434 2523 5491 LIII,
2553 5418 2609 5475 5.
2684 5416 2731 5455 ⁸⁸
2760 5418 2967 5477 Genes.
2998 5434 3176 5486 xxvn,
3205 5417 3296 5473 2'7.

2223 5597 2331 5669 (95)
2363 5597 2503 5657 Vide
2533 5601 2740 5672 quaest.
2771 5597 2843 5655 82
2869 5596 3217 5656 Theodoreti
3249 5596 3309 5653 in
3332 5599 3533 5653 Genes.
