2048 3106
122 165 179 193 ἨΙ
687 163 1079 195 INTEBPRETATIONES
1104 143 1152 195 si
1174 167 1212 197 ν.
1231 167 1268 197 'r.
1771 173 1830 202 ηε

157 229 256 267 Ἐρώτ.
273 229 322 264 ξη’.
337 228 368 256 Τί
384 227 478 265 δηλοῖ,
495 228 536 256 ὅτι
549 226 645 257 ἔλαϐεν
660 229 673 256 ὁ
690 226 790 257 Ἰακὼϐ
799 231 872 267 τρεῖς
884 226 948 267 Ιὅιιὶϐ-

1042 232 1155 263 Ουιεετ.
1174 232 1292 260 LXVIII.
1308 232 1383 266 Quid
1399 241 1451 269 per
1467 233 1537 260 illud
1555 234 1828 272 signiﬁcatur,quod

120 272 197 309 δους,
214 272 327 311 χλωρὰν
343 273 518 311 στυρακίνην,
533 274 578 301 καὶ
603 272 744 311 καρυΐνην,
769 273 814 301 καὶ
843 273 947 301 πλατα-

118 318 188 354 νίαν,
203 318 248 345 καὶ
264 319 320 354 (44)
336 317 477 345 ἐλέπτυνεν
494 317 575 349 αὐτάς
589 328 596 354 ;

158 371 252 399 Ἀπόκ.
271 371 304 398 Al.
319 373 391 409 τρεῖς
407 367 501 409 ῥάϐδοι
527 368 706 408 συμϐολικῶς
731 371 797 398 εἰσιν
823 371 851 398 αἱ
876 373 950 408 τρεῖς

121 414 252 452 δυνάμεις
275 418 325 449 τῆς
353 416 457 453 ψυχῆς,
480 415 512 443 τὸ
537 415 661 454 λογικὸν,
681 415 726 443 καὶ
740 415 771 443 τὸ
788 414 949 452 ἐπιθυμητι-

120 460 182 495 κὸν,
199 460 244 486 καὶ
267 459 297 486 τὸ
321 457 482 495 θυμητικόν·
508 458 570 494 ἤτοι
596 460 623 487 αἱ
648 462 720 498 τρεῖς
744 459 864 498 θεωρίαι,
895 462 949 486 τῶν

120 505 269 540 σωμάτων,
292 505 346 531 τῶν
370 503 535 540 ἀσωμάτων,
561 504 605 531 καὶ
630 507 679 539 τῆς
711 504 789 541 ἁγίας
822 503 948 542 Τριάδος·

119 548 186 586 ᾕτοι
202 550 315 586 γενικῶς
341 549 359 583 ἠ
384 549 520 586 πρακτική
547 547 592 576 διὰ
616 550 666 583 τῆς
690 548 833 586 καρυίνης,
849 549 866 583 ἠ
883 549 950 576 θεω-

119 594 224 629 ρητικὴ
254 592 282 620 δὶ
307 591 352 620 διὰ
374 596 424 628 τῆς
447 592 622 631 στυρακίνης·
650 592 694 620 διὰ
718 591 748 620 δὶ
770 596 822 628 τῆς
845 592 949 621 πλατά-

118 650 169 667 νου
188 639 234 666 τὸν
263 638 366 675 κόσμον
387 641 482 666 τοῦτον
506 639 551 666 καὶ
576 639 626 673 τήν
653 638 766 677 θεωρίαν
790 638 871 666 αὐτοῦ
890 637 951 675 ᾐνί-

119 684 197 719 ξατο.

160 728 256 766 Ἐρώτ.
277 727 322 763 ξθ’.
350 727 432 758 Τίνος
458 728 540 766 χάριν
569 728 583 755 ὁ
614 725 713 756 Ἰακὼϐ
728 725 882 764 ἀναϐλέψας
898 726 951 755 εἶδε

119 769 304 810 παρεμϐολὴν
321 774 387 800 Θεοῦ
402 770 655 810 παραϐεϐληκυῖαν,
670 772 715 800 καὶ
731 773 798 800 εἶπε·
815 785 829 798 ‹‹
846 774 952 809 Παρεμ-

119 815 196 851 ϐολή
214 819 281 844 Θεοῦ
296 816 383 852 αὕτη;
400 829 415 842 n

162 870 258 898 ’Δπόκ.
275 870 323 897 Διά
336 872 417 897 τοῦτο
434 870 451 905 ἦ
469 868 634 908 παρεμϐολή
659 872 713 898 τῶν
738 870 862 908 ἀγγέλων
890 869 950 908 φαί-

1004 276 1092 304 Jacob
1122 278 1181 304 tres
1210 277 1306 313 virgas
1335 278 1471 314 accepit;
1489 279 1668 314 styracinam
1698 280 1830 316 viridem,

1005 328 1141 357 nuceam,
1158 323 1187 349 et
1202 330 1236 349 ex
1251 322 1390 358 platanis.
1405 325 1434 350 et
1447 323 1634 351 decorticavit
1649 333 1698 352 cas
1713 325 1735 342 ⁰⁰
1745 325 1759 353 ‘I

1042 373 1127 402 Rssr.
1143 375 1214 403 Tres
1231 375 1326 412 virgae,
1343 376 1587 412 symbolice,sunt
1603 380 1660 405 tres
1678 378 1830 408 facullates

1006 419 1120 453 naimae,
1151 420 1314 455 rationalis,
1334 420 1492 456 appetitiva
1514 425 1542 448 et
1571 422 1728 451 irascibilis
1753 433 1759 451 :
1779 425 1823 453 vel

1005 467 1063 490 tres
1079 464 1358 500 contemplationes;
1375 473 1540 501 corporum,
1569 475 1664 494 rerum
1690 467 1823 505 incorpo-

1005 516 1132 542 rearum,
1150 511 1178 536 et
1194 517 1282 537 sacrae
1297 509 1411 537 Triadis
1428 519 1435 537 :
1451 509 1494 537 Vel
1509 511 1683 546 generaliter
1707 521 1757 548 per
1772 523 1824 541 nu-

1005 560 1085 580 ceam
1101 553 1222 589 virgam,
1239 553 1362 581 activam
1378 553 1465 581 vitam
1479 564 1485 587 ;
1504 564 1553 589 pcr
1563 556 1824 591 styracinam,con-

1005 596 1248 633 templativam,et
1264 606 1315 634 per
1329 607 1393 626 eam
1408 607 1470 634 qua:
1486 608 1520 626 ex
1537 599 1662 635 platanis
1677 604 1825 634 erat,nun-

1006 641 1075 668 dum
1092 641 1170 670 hunc
1180 645 1207 670 et
1222 643 1287 678 ejus
1301 643 1578 679 contemplationem
1594 644 1700 673 innuit.

1041 732 1154 763 QUES‘I‘.
1172 731 1264 759 LXIX.
1281 733 1375 764 Quare
1389 732 1479 760 Jacob
1504 733 1663 769 respiciens
1691 735 1763 762 vidit
1776 744 1827 764 ca-

1005 778 1067 803 stra
1084 775 1131 803 Dei
1147 776 1283 811 posita,et
1298 776 1371 804 dixit
1387 785 1393 804 :
1412 788 1426 801 ››
1442 777 1543 805 Castra
1554 778 1603 805 Dei
1617 778 1676 806 hac
1691 783 1760 807 sunt
1772 780 1826 808 9‘?»

1042 873 1127 901 Rnsr.
1145 873 1211 901 Ideo
1227 876 1367 910 apparent
1390 874 1479 902 Jacob
1491 875 1661 910 angelorum
1677 879 1780 911 castra,
1798 880 1829 905 ut

119 926 194 943 νετιι
209 917 250 950 τῷ
271 911 380 948 Ἰακὼϐ,
402 913 448 941 ’ίνα
474 915 606 952 θαρσήσῃ,
630 914 675 941 καὶ
702 915 739 951 μή
769 911 877 953 φοϐηθῇ
905 914 950 941 τὸν

1017 918 1139 946 ιοηεὶἀιιῐ
1153 920 1248 945 etnon
1269 919 1372 946 timeat
1397 919 1515 946 fratrem
1543 928 1629 947 suum
1658 920 1743 948 Esau.
1761 922 1829 950 Erat

119 958 241 998 ἀδελφὸν
258 958 339 986 αὐτοῦ
368 959 460 987 Ἠσαῦ.
491 956 638 987 Ἐϐούλετο
664 959 713 997 γὰρ
744 960 758 986 ὁ
787 960 870 987 Ἦσαῦ
885 958 951 985 ἀπο-

118 1007 227 1032 κτεῖναι
252 1003 341 1039 αὐτὸν,
366 1003 411 1030 καὶ
439 1001 484 1030 διὰ
506 1005 586 1031 τοῦτο
610 1003 739 1031 ἐπάλαισε
758 1004 803 1030 καὶ
821 1003 878 1039 μετ’
902 1002 950 1040 ἀγ-

117 1047 218 1087 γέλου,
242 1048 288 1075 καὶ
312 1049 384 1075 εἶπεν
410 1048 484 1084 αὐτῷ
499 1048 513 1075 ὁ
528 1047 655 1085 ἄγγελος·
672 1060 687 1073 «
705 1047 771 1084 Ἐμὲ
798 1047 951 1082 νενίκηκας,

116 1093 168 1120 καὶ
184 1093 330 1131 ἄνθρωπον
347 1091 491 1127 δέδοικας
510 1105 521 1119 ι
540 1091 606 1130 ἔγνω
622 1091 651 1119 δὲ
666 1091 707 1119 δτι
730 1093 775 1120 τὸν
800 1092 865 1120 Θεὸν
893 1090 951 1129 ἔχει

120 1137 239 1176 βοηθόν.

158 1182 260 1219 Ἐρώτ.
277 1185 308 1209 ο’.
323 1181 353 1208 Τί
374 1181 442 1209 ἐστι·
472 1194 486 1207 ‹‹
512 1181 635 1218 Σκύμνος
660 1181 770 1212 λέοντος
796 1180 895 1215 Ίοόδα,
924 1181 954 1208 ἐκ

122 1226 263 1264 βλαστοῦ,
279 1226 320 1253 υἱὲ
343 1237 406 1262 μου,
435 1223 546 1261 ἀνέϐης,
575 1226 713 1253 ἀναπεσὼν
739 1226 892 1262 ἐκοιμήθης
916 1225 953 1255 ὡς

119 1270 208 1307 λέων,
227 1283 241 1296 n
256 1271 301 1297 καὶ
311 1270 345 1298 τὰ
359 1270 439 1306 ἑξῆς

164 1323 262 1352 ’Λπόκ.
285 1325 374 1352 Τοῦτο
402 1322 530 1361 ἁρμόττει
559 1322 603 1351 ἐπὶ
631 1325 679 1350 τοῦ
702 1325 829 1361 Χριστοῦ.
853 1324 955 1361 ’Ὥσπερ

122 1368 178 1406 γὰρ
204 1369 220 1395 ὁ
250 1367 321 1395 λάων
345 1367 389 1394 καὶ
417 1366 555 1399 καθεύδων
583 1366 700 1406 φοϐερός
729 1367 809 1403 ἔστιν,
840 1366 926 1398 οὕτως
942 1368 957 1395 ὁ

127 1412 296 1443 δεσποτικὸς
322 1412 434 1443 θάνατος
463 1409 578 1451 φοϐερὸς
602 1412 647 1439 καὶ
667 1414 707 1447 τῷ
728 1412 832 1448 θανάτῳ
860 1412 903 1440 καὶ
918 1414 958 1448 τῷ

123 1455 265 1493 διαϐόλῳ.
283 1456 383 1484 Λέοντα
399 1455 427 1483 δὲ
442 1456 521 1484 αὐτὸν
536 1455 646 1484 ἐκάλεσε
669 1456 713 1484 καὶ
738 1457 854 1493 σκύμνον
880 1456 957 1484 λέον-

121 1512 173 1533 τος
189 1502 230 1532 ὡς
257 1500 373 1539 βασιλέα
401 1501 444 1528 καὶ
466 1501 504 1532 ὡς
536 1500 670 1539 βασιλέως
689 1499 756 1529 υἱὸν.
776 1502 811 1528 Τὸ
827 1499 866 1536 δὲ,
883 1514 896 1527 ‹‹
911 1501 956 1532 Τίς

121 1547 219 1584 ἐγερεῖ
241 1545 342 1579 αὑτόν;
368 1558 382 1572 ›ι
409 1545 459 1580 τήν
484 1543 587 1584 ἄφατοκ
605 1546 688 1573 αὐτοῦ
704 1544 818 1573 δείκνυσι
832 1545 955 1582 δύναμιν.

1004 963 1083 990 enim
1100 962 1257 990 consilium
1275 963 1349 990 Esau
1374 963 1471 998 ipsum
1499 964 1640 991 occidere.
1669 965 1734 992 Ideo
1750 966 1828 994 enim

1004 1014 1071 1034 cum
1088 1006 1190 1042 angelo
1205 1006 1334 1034 luctatus
1349 1009 1404 1040 est,
1430 1008 1480 1043 qui
1497 1008 1570 1034 dixit
1586 1009 1609 1035 ci
1629 1017 1634 1035 :
1653 1020 1665 1033 α
1684 1009 1728 1037 Me
1754 1010 1828 1039 victo

1005 1059 1078 1078 num
1094 1051 1244 1079 hominem
1256 1050 1341 1079 times
1355 1051 1369 1078 ?
1380 1062 1392 1077 η
1408 1053 1601 1087 cognoscebat
1611 1061 1675 1080 vero
1693 1062 1723 1081 se
1739 1057 1829 1083 Deum

1007 1096 1114 1123 habere
1128 1095 1303 1130 adjutorem.

1045 1183 1100 1217 (96)
1115 1182 1314 1215 QUEST.LXX.
1332 1183 1475 1216 Quidnam
1491 1187 1536 1211 est
1553 1194 1558 1212 :
1577 1198 1590 1209 ιι
1606 1186 1726 1214 Catulus
1737 1186 1830 1215 leonis

1008 1227 1095 1260 Juda,
1111 1227 1146 1254 de
1161 1226 1346 1263 germine,ﬁli
1363 1227 1768 1263 mi,ascendisti,accumbeus
1779 1233 1830 1259 ob-

1010 1271 1187 1306 dormivisti,
1202 1274 1235 1299 ut
1249 1271 1305 1307 leo,
1323 1282 1337 1296 ››
1352 1274 1407 1299 etc.
1423 1272 1468 1299 ἠ

1046 1325 1123 1353 269
1134 1324 1281 1352 BsseJ-ioc
1296 1324 1410 1352 Christo
1426 1326 1829 1360 congruit.0uemadmodum

1011 1369 1089 1397 enim
1102 1369 1146 1396 leo
1161 1370 1249 1396 etiam
1261 1377 1327 1397 cum
1342 1369 1451 1396 dormit
1459 1370 1649 1398 terribilisest
1666 1379 1672 1397 :
1689 1372 1730 1399 sic
1741 1372 1830 1400 etiam

1012 1422 1091 1441 mors
1106 1413 1258 1441 Dominica
1271 1413 1374 1441 terrori
1389 1417 1434 1441 est
1449 1416 1512 1441 tum
1528 1415 1625 1447 morti,
1638 1418 1699 1442 tum
1717 1415 1831 1445 diabolo

1012 1466 1138 1494 quoque.
1154 1458 1275 1486 Leonem
1291 1466 1358 1485 vero
1374 1458 1470 1494 ipsum
1487 1461 1515 1486 et
1530 1460 1658 1487 catulum
1675 1459 1768 1488 leonis
1783 1469 1833 1489 vo-

1012 1503 1087 1530 cavit
1101 1504 1243 1538 tanquam
1257 1510 1353 1538 regem
1370 1504 1398 1529 et
1412 1505 1553 1538 tanquam
1570 1504 1646 1539 regis
1662 1504 1765 1532 filium.
1775 1506 1834 1534 Hoc

1011 1555 1078 1574 vero
1094 1555 1101 1574 :
1118 1558 1132 1571 «
1147 1546 1217 1578 Quis
1232 1546 1370 1574 excitabit
1383 1555 1450 1574 eum
1461 1546 1474 1573 ‘l
1492 1558 1505 1571 ››
1520 1548 1696 1576 ineffabilem
1713 1549 1777 1584 ejus
1786 1558 1835 1586 p0-

122 1590 216 1621 Αὐτὸς
232 1591 284 1628 γὰρ
300 1590 392 1617 ἑαυτὸν
408 1589 538 1623 ἀνέστησε
551 1590 618 1618 κατὰ
632 1591 681 1625 τὴν
699 1590 781 1618 αὐτοῦ
802 1590 952 1628 πρόρρησιν

1017 1590 1132 1618 entiam
1147 1591 1285 1618 declarat.
1303 1590 1375 1618 Nam
1393 1591 1456 1627 ipse
1471 1593 1662 1628 semetipsum
1687 1594 1834 1628 excitavit,

119 1637 191 1673 φησὶ
206 1634 269 1672 γάρ’
288 1647 302 1659 ‹‹
320 1635 422 1662 Λύσατε
435 1635 467 1662 τὸ
481 1635 543 1662 ναὸν
558 1637 666 1671 τοῦτον,
680 1635 725 1662 καὶ
742 1634 767 1662 ἐν
787 1635 874 1672 τρισὶν
887 1634 955 1671 ἡμέ-

120 1690 185 1716 ραις
211 1679 301 1716 ἐγερῶ
316 1678 407 1706 αὐτόν.
425 1690 439 1704 ιι

158 1732 261 1770 Ἐρώτ.
280 1732 329 1759 οα’.
346 1731 380 1760 Τί
394 1731 461 1759 ἐστι·
479 1744 494 1758 ‹‹
520 1733 662 1769 Δεσμεύων
683 1733 751 1770 πρὸς
767 1731 892 1769 ἄμπελον
908 1732 954 1759 τὸν

121 1776 222 1804 πῶλον
238 1776 332 1811 αὐτοῦ,
348 1776 393 1803 καὶ
408 1778 442 1813 τῇ
458 1775 529 1804 ἕλικι
544 1777 590 1804 τὸν
615 1776 709 1805 πῶλον
733 1780 784 1812 τῆς
814 1775 877 1804 ὄνου
906 1776 956 1804 αὐ-

121 1824 230 1855 106;»

158 1867 262 1893 ’Δποκ.
279 1864 421 1901 Ἄμπελον
446 1866 495 1901 μὶν
519 1865 569 1900 τήν
595 1865 777 1903 Ἰερουσαλὴμ
799 1865 882 1904 λέγει’
898 1868 955 1893 πῶ-

123 1910 173 1938 λον
192 1909 225 1937 δὲ
238 1910 286 1936 τὸν
304 1909 330 1944 ἐξ
346 1910 428 1936 ἐθνῶν
453 1909 528 1945 λαὸν,
552 1910 591 1940 ὡς
615 1908 781 1946 ἆδάμαστον.
807 1912 891 1937 Τοῦτο
905 1910 955 1948 γὰρ

121 1956 165 1982 καί
185 1955 200 1982 ὁ
217 1955 317 1990 Κύριος
333 1954 453 1990 ἡνίξατο,
469 1953 631 1985 ἀποστείλας
654 1954 718 1985 τοὺς
744 1955 864 1991 μαθητὰς
888 1955 956 1992 πρὸς

122 2001 154 2027 τὸ
170 1999 256 2027 λῦσαι
271 1998 322 2032 τήν
337 1997 399 2026 ὄνον
414 1998 459 2025 καὶ
472 1998 517 2025 τὸν
533 1997 639 2033 πῶλον,
655 1998 695 2035 ἀφ’
715 1999 739 2035 ᾧ
753 1997 841 2030 οὐδεὶς
855 1999 959 2037 ἀνθρώ-

120 2054 182 2071 πων
218 2042 353 2070 ἐκάθισεν.
393 2041 462 2071 Οὔτε
490 2044 675 2081 πατριάρχης,
704 2041 767 2070 οὔτε
793 2044 956 2080 νομοθέτης,

120 2087 185 2116 οὗτε
197 2088 347 2126 προφήτης
362 2089 416 2114 τῶν
435 2087 518 2118 ἐθνῶν
532 2087 672 2125 ἐφρόντισε
687 2087 957 2125 σωτηρίας-ἀπόσιτοι

121 2132 166 2160 λοι
200 2132 421 2169 προσταχθέντες
444 2128 540 2159 ἔλυσαν
564 2132 613 2166 τήν
629 2133 684 2158 τῶν
702 2131 851 2170 ἀνθρώπων
867 2132 957 2171 φύσιν,

123 2175 278 2213 δεδεμένην
291 2177 350 2206 ταῖς
366 2175 521 2213 ἁμαρτίαις.

160 2231 265 2267 Ἐρώτ.
283 2229 335 2266 οβ’.
349 2229 380 2256 Τί
395 2228 465 2256 ἐστιν
481 2228 496 2256 8
521 2227 605 2267 λέγει·
621 2241 635 2254 ‹‹
654 2227 753 2256 Πλυνεῖ
775 2229 801 2256 ἐν
827 2228 892 2265 οἴνῳ
907 2229 956 2263 τήν

1010 1636 1087 1662 sicut
1102 1635 1163 1670 ipse
1180 1635 1391 1671 praedixit,cum
1408 1635 1503 1671 inquit
1521 1645 1526 1663 ;
1544 1637 1674 1665 «Solvite
1690 1638 1834 1675 templum

1010 1679 1075 1714 hoc,
1092 1681 1122 1707 et
1136 1679 1164 1706 in
1181 1679 1276 1707 tribus
1292 1679 1396 1708 diebus
1412 1680 1544 1708 excitabo
1560 1681 1630 1709 illud
1646 1682 1677 1709 93.
1696 1694 1709 1707 ››

1046 1732 1158 1764 Ουεετ.
1175 1732 1265 1760 LXXI.
1285 1733 1357 1766 Quid
1381 1735 1426 1761 est
1441 1733 1512 1761 illud
1531 1743 1537 1761 2
1554 1746 1567 1759 »
1596 1735 1701 1771 Ligans
1730 1736 1765 1763 ad
1790 1736 1835 1763 vi-

1011 1785 1094 1805 neam
1120 1776 1234 1812 pullum
1262 1786 1362 1811 suum,
1391 1781 1420 1806 et
1441 1778 1476 1805 ad
1494 1778 1579 1806 vilem
1606 1779 1721 1815 pullum
1745 1781 1834 1807 asina!

1011 1829 1070 1849 sua:
1083 1820 1129 1849 “7

1047 1866 1132 1893 Rasp.
1150 1865 1271 1893 Vineam
1286 1866 1404 1901 quidem
1426 1866 1601 1901 Jerusalem,
1629 1867 1740 1902 pullum
1767 1876 1834 1895 vero

1010 1912 1096 1938 vocat
1110 1909 1252 1946 populum
1269 1910 1320 1945 qui
1335 1913 1380 1937 est
1393 1919 1427 1938 ex
1442 1911 1734 1946 genlibus,tanquam
1751 1912 1835 1939 indo-

1013 1954 1129 1981 mitum.
1146 1954 1205 1982 Hoc
1219 1962 1346 1989 namque
1361 1954 1503 1982 Dominus
1519 1964 1635 1990 quoque
1651 1956 1836 1984 adumbravit

1013 1998 1113 2026 missis
1129 1998 1282 2034 discipulis
1297 1998 1333 2026 ad
1348 1999 1514 2026 solvendam
1533 1999 1645 2027 asinam
1662 2003 1690 2027 ct
1709 2000 1834 2036 pullum,

1012 2050 1101 2078 super
1116 2051 1202 2078 quem
1216 2042 1311 2070 adhuc
1322 2042 1422 2070 nullus
1433 2043 1584 2070 hominum
1598 2045 1836 2077 sedisset,nullus

1011 2086 1146 2114 videlicet
1161 2087 1336 2122 patriarcha,
1354 2095 1405 2114 nec
1422 2087 1572 2123 legislator
1588 2089 1630 2115 vel
1643 2089 1785 2125 propheta
1800 2090 1836 2118 de

1013 2130 1107 2159 salute
1121 2131 1253 2167 gentium
1269 2131 1469 2167 cogitavit,sed
1482 2133 1604 2168 apostoli
1618 2134 1652 2160 ad
1666 2134 1692 2160 id
1709 2133 1835 2161 ordinati

1013 2175 1161 2203 solverunt
1177 2175 1338 2204 humanam
1356 2178 1502 2208 naturam.
1528 2177 1654 2212 peccatis
1673 2178 1833 2213 alligatam.

1049 2229 1162 2260 Qums'r.
1181 2228 1284 2256 LXXII.
1309 2229 1382 2261 Quid
1407 2232 1451 2257 est
1467 2231 1543 2265 quod
1569 2231 1639 2258 dicit
1655 2239 1661 2258 :
1677 2242 1691 2256 «
1721 2231 1837 2259 Lavabit

124 2274 235 2307 στολήν
251 2273 344 2307 αὑτοῦ,
359 2272 403 2300 καί
419 2273 445 2300 ἐν
461 2272 555 2310 αἵματι
578 2272 719 2312 σταφυλῆς
742 2274 793 2308 τὴν
807 2271 953 2311 περιϐολήι

1017 2272 1043 2300 in
1057 2274 1124 2301 vino
1140 2273 1245 2301 stolam
1262 2282 1358 2307 suam,
1372 2276 1400 2301 et
1415 2274 1444 2301 iu
1460 2275 1604 2310 sanguine
1629 2284 1688 2302 uvas
1713 2275 1835 2311 pallium

125 2319 227 2353 αὐτοῦ,
245 2329 259 2343 n
274 2318 319 2345 καὶ
334 2317 368 2345 τὰ
383 2317 444 2353 ἑξῆς
456 2327 464 2352 ;

162 2370 264 2400 Ἀπόκ.
281 2371 318 2398 Τὰ
342 2371 410 2398 κατὰ
430 2372 479 2397 τοῦ
500 2376 604 2402 παθοος
615 2372 664 2398 τοῦ
680 2371 796 2409 Χριστοῦ
812 2370 897 2408 λέγει’
913 2371 958 2398 καὶ

124 2416 157 2443 τὸ
176 2415 230 2452 μὶν
247 2417 327 2451 σῶμα
342 2414 443 2450 στολὴν
458 2414 597 2451 ὀνομάζει,
613 2415 644 2442 τὸ
661 2414 690 2442 δὲ
703 2415 772 2452 αἷμα
787 2415 869 2442 οἷ’-ιον⁸
885 2414 958 2442 ἐπει-

127 2459 161 2494 Si,
179 2459 230 2486 ul
244 2459 289 2486 τὸν
308 2460 436 2496 μυστικὸν
453 2458 524 2486 οἶνον
552 2460 622 2496 αἷμα
635 2458 767 2495 κέκληκεν
783 2460 797 2486 ὁ
813 2457 958 2494 δεσπότης.

126 2505 162 2531 Τὸ
178 2503 223 2539 δὲ,
237 2503 368 2542 Χαρωποὶ
383 2503 409 2531 οἱ
425 2502 563 2542 ὀφθαλμοὶ
579 2503 661 2531 αὐτοῦ
677 2504 729 2531 ἀπὸ
746 2503 831 2534 οἷ’νου,
847 2504 897 2538 τήν
916 2514 959 2540 με-

126 2550 159 2576 1i
175 2549 210 2575 τὸ
227 2549 309 2579 πάθος
325 2548 492 2587 εὐφροσύνην
509 2546 602 2583 δηλοῖ.

161 2692 186 2710 ὀ
202 2692 309 2721 Genes.
326 2699 392 2725 xxx,
414 2691 458 2719 37.

127 2728 150 2746 "
166 2728 242 2756 ibid.

514 2691 537 2710 ⁹¹
560 2690 665 2720 Genes.
687 2699 775 2725 XXXII,
796 2691 823 2718 2.

1012 2325 1111 2351 suum,
1130 2328 1143 2342 ι)
1158 2320 1212 2346 etc.
1229 2318 1250 2335 ⁸⁸
1261 2319 1274 2345 .9

1050 2370 1135 2398 RESP.
1149 2372 1208 2398 Hoc
1232 2371 1267 2398 de
1290 2371 1426 2407 passione
1449 2371 1556 2399 Christi
1579 2372 1660 2405 dicit,
1687 2374 1715 2400 et
1729 2381 1835 2408 corpus

1013 2415 1132 2450 quidem
1155 2415 1260 2443 stolam
1284 2418 1389 2443 vocat:
1406 2416 1580 2451 sanguinem
1608 2425 1674 2444 vero
1709 2418 1835 2446 vinum:

1014 2459 1252 2495 quandoquidem
1270 2459 1357 2487 etiam
1375 2460 1531 2495 mysticum
1560 2461 1632 2488 illud
1650 2462 1751 2488 vinum
1768 2470 1839 2489 san-

1014 2503 1133 2539 guinem
1148 2504 1260 2531 vocavit
1275 2503 1426 2531 Dominus.
1451 2504 1524 2531 Illud
1552 2514 1628 2536 vero,
1654 2505 1837 2534 Pulchriores

1013 2548 1080 2575 vino
1095 2549 1166 2575 sunt
1180 2547 1244 2583 ejus
1260 2547 1348 2581 oculi,
1365 2547 1495 2575 laetitiam
1512 2558 1574 2583 quae
1591 2549 1758 2584 passionem
1775 2550 1839 2585 ejus

1014 2594 1114 2619 secuta
1129 2595 1184 2625 est,
1200 2591 1358 2628 signiﬁcat.

879 2691 902 2709 Ol
925 2691 953 2719 G'

1017 2700 1029 2719 ι.
1055 2698 1131 2725 xux,
1156 2691 1182 2718 9.
1221 2690 1244 2708 ⁸³
1269 2690 1356 2720 Joan.
1378 2700 1410 2727 ιι,
1436 2693 1478 2720 19.
1518 2694 1540 2710 θ’
1561 2695 1664 2722 Genes.
1694 2703 1768 2730 xux,
1795 2696 1839 2724 11.

167 2819 227 2854 (96)
243 2819 355 2848 Horum
371 2819 504 2856 quadam
519 2818 666 2847 habentur
679 2817 710 2846 in
720 2819 823 2855 quaest.
842 2817 894 2846 110
906 2816 1078 2846 Theodoreli
1096 2818 1127 2845 in
1143 2817 1268 2846 Genesin.
