4080 6206
317 403 441 462 745
1517 398 1926 471 ΟΟΙΕΘΤΙΟΝ

2127 397 2154 454 il
2201 397 2579 457 PSALMOS.
3620 393 3738 452 746

390 503 589 560 Ἀπόκ.
626 505 801 559 Τοῦτο
851 499 1016 573 δηλοῖ
1068 505 1164 571 τήν
1229 501 1534 575 μέλλουσαν
1597 501 1820 557 κόλασιν
1878 504 1975 555 τοῦ

2165 502 2334 558 Resp.
2368 501 2672 573 Significat
2700 499 2965 555 futurum
3013 496 3369 570 supplicium
3429 496 3602 569 ignis,
3638 498 3736 570 qui

318 592 519 667 πῦρος·
556 590 742 660 ἐπειδὴ
765 595 833 665 τῇ
857 597 956 646 τοῦ
983 596 1215 668 Χριστοῦ
1258 591 1543 667 προστάξει
1597 589 1785 663 μέλλει
1838 588 1923 644 δια

2126 593 2325 646 andem
2351 594 2517 660 iussu
2550 590 2766 646 Christi
2798 589 3109 644 dividetur.
3149 587 3307 658 Ignis
3340 604 3594 658 namque
3625 590 3737 642 du-

321 688 570 756 ρεθῆναι.
621 680 691 735 Τὸ
739 684 846 755 πῦρ
897 683 998 758 γάρ
1051 680 1167 757 ἔχει
1218 679 1312 735 δύο
1345 679 1630 757 ἐνεργείαςο
1665 681 1846 735 καὶτὸ
1881 679 1932 750 μὶ

2127 681 2294 735 licem
2327 681 2444 734 vim
2478 681 2670 743 habet,
2699 680 2768 733 ad
2805 679 3120 733 lucendum
3143 676 3427 742 videlicet,
3449 676 3604 748 quod
3635 677 3738 731 da-

321 772 564 850 φωτίζον
600 769 790 845 μέλλει
824 769 1008 828 δοῦναι
1033 777 1150 834 τοῖς
1183 771 1435 843 δικαίοις,
1467 778 1528 827 τὸ
1560 769 1616 826 δὲ
1656 776 1809 825 καῖον
1858 775 1932 824 το’

2129 769 2247 824 itur
2269 769 2473 840 justis,
2505 775 2560 823 et
2591 771 2661 822 ad
2695 768 3102 833 cremandum,
3135 766 3288 838 quod
3331 765 3736 837 peccatoribus

323 859 706 934 ἁμαρτωλοῖςο

2087 857 2481 929 deputabitur.

398 949 697 1025 Ἐρμηνεία
726 951 797 1006 π’.
832 973 860 1001 ‹‹
918 951 974 1003 Ὁ
1029 949 1272 1022 ποταμὸς
1329 953 1425 1003 τοῦ
1484 953 1616 1004 Θεοῦ
1675 947 1972 1022 ἐπληρώθη

2158 949 2491 1002 [κτειιριιετ.
2530 947 2733 1003 LXXX.
2769 945 2937 1013 Quid,
2982 966 3010 993 «
3041 944 3281 1000 Flumen
3313 942 3415 999 Dei
3446 943 3733 1015 repletum

321 1036 536 1094 ὑδάτων
547 1081 559 1093 .
592 1063 619 1089 )›

2087 1042 2174 1093 est
2204 1037 2370 1108 aquis
2404 1037 2445 1070 ¹⁸
2473 1036 2501 1090 ?
2535 1058 2561 1084 »

397 1127 590 1184 Ἀπόκ.
621 1126 789 1181 Ὑετοί
840 1126 973 1181 εἷ’σιν
1027 1128 1077 1182 οἱ
1110 1125 1408 1182 ἀπόστολοι
1463 1124 1842 1195 Ἐπλήσθησαν
1875 1125 1976 1200 γὰρ

2160 1129 2332 1184 Ηιερ.
2372 1129 2479 1199 (99)
2511 1133 2619 1183 Per
2649 1143 2862 1199 aquam
2891 1125 3136 1199 apostoli
3170 1123 3586 1195 notantur,qui
3618 1140 3736 1179 om-

319 1215 599 1270 παντοίων
635 1213 851 1292 ὂωρεῶν
885 1215 973 1270 καὶ
1001 1215 1380 1292 χαρισμάτων.
1415 1215 1687 1272 Ἐντεῦθεν
1732 1215 1823 1268 καὶ
1872 1219 1930 1268 πε

2131 1219 2316 1291 igenis
2355 1219 2524 1273 donis
2548 1222 2604 1272 et
2633 1218 2825 1272 divina
2852 1216 3038 1290 gratia
3061 1213 3286 1285 impleti
3319 1220 3563 1269 sunt.Ac
3601 1213 3734 1284 qui-

321 1304 613 1380 ἅνθρωπος
647 1305 880 1381 καθαρὸς
911 1305 1000 1359 καὶ
1031 1304 1276 1380 ἐνάρετος
1320 1309 1566 1366 τοιοῦτος
1602 1303 1853 1378 ὑπάρχει·
1886 1323 1932 1357 κι

2124 1310 2172 1364 is
2202 1310 2377 1365 homo
2408 1310 2504 1381 qui
2539 1325 2722 1380 purus
2744 1314 2799 1364 et
2822 1309 3267 1380 justusest,non
3301 1303 3536 1358 aliunde
3558 1319 3733 1373 quam

317 1396 430 1469 γὰρ
462 1396 524 1450 τὸ
555 1393 701 1470 ὕδωρ
731 1394 820 1449 καὶ
852 1397 886 1464 ἡ
921 1392 1114 1467 δρόσος
1164 1394 1214 1450 ἐν
1245 1397 1315 1466 τῇ
1342 1394 1552 1472 Γραφῇ,
1585 1395 1717 1449 ποτε
1753 1394 1845 1466 μὲν
1876 1391 1928 1447 δν

2131 1400 2224 1456 inc
2254 1399 2388 1455 talis
2416 1399 2701 1454 efﬁcitur:
2734 1416 2869 1454 nam
2929 1415 3082 1469 aqua
3137 1403 3192 1451 et
3248 1411 3385 1459 ros,
3419 1393 3735 1465 aliquando

317 1485 423 1540 λοῖ
449 1486 511 1540 τὸ
544 1487 789 1560 χάρισμα
817 1489 912 1539 τοῦ
945 1489 1098 1554 Θεοῦ,
1130 1485 1263 1539 ποτὶ
1294 1482 1351 1539 δὲ
1378 1485 1502 1546 τοὺς
1526 1482 1864 1560 πειρασμοὺς
1887 1503 1928 1536 κε

2131 1489 2323 1545 uidem
2361 1489 2418 1544 in
2455 1488 2756 1556 Scriptura
2813 1489 3032 1541 donum
3066 1486 3189 1551 Dei,
3250 1483 3562 1556 aliquando
3600 1497 3733 1538 vero

315 1574 424 1641 τὴν
453 1574 700 1649 ταραχὴν
733 1580 831 1642 τῆς
864 1576 1074 1649 ψυχῆς.

2126 1578 2296 1632 ηἰωω
2326 1578 2679 1633 tentationes
2708 1581 2765 1631 et
2791 1576 2998 1630 anima:
3023 1573 3522 1646 perturbationem
3554 1572 3737 1642 signi-

2089 1669 2240 1722 licet.

391 1753 558 1805 Ὀταν
591 1747 649 1804 δὲ
680 1749 851 1825 λέγει,
884 1749 967 1804 δτι
1002 1773 1030 1802 ‹‹
1063 1751 1124 1807 Ὀ
1173 1749 1440 1805 πιστεύων
1475 1749 1549 1812 εἰς
1582 1748 1699 1822 ἐμὲ,
1733 1749 1974 1822 ποταμοὶ

2126 1781 2128 1786 τ
2155 1758 2397 1820 Quando
2428 1771 2560 1810 vero
2591 1754 2786 1826 inquit
2812 1771 2824 1809 :
2865 1776 2886 1802 υ
2921 1753 3029 1816 Qui
3060 1750 3246 1806 credit
3275 1751 3334 1806 in
3368 1750 3737 1816 me,ﬂumina

321 1841 612 1917 ῥεύσουσιν
644 1840 702 1894 ἐκ
728 1847 826 1910 τῆς
857 1839 1071 1902 κοιλίας
1105 1839 1289 1896 αύτοῦο
1326 1864 1354 1892 ››
1402 1841 1513 1912 καὶ,
1567 1864 1588 1892 ι
1643 1842 1732 1902 Ὠς
1783 1837 1932 1914 δρόσι

2128 1863 2158 1902 e
2215 1850 2414 1901 ventre
2465 1845 2594 1913 ejus
2655 1844 2836 1899 fluent
2867 1843 2949 1908 1°;
2980 1862 3007 1890 »
3039 1846 3115 1906 et,
3148 1863 3177 1889 ‹‹
3231 1839 3303 1895 Ut
3352 1856 3447 1896 ros
3487 1840 3734 1895 Hermon

321 1932 580 2002 Ἀερμῶν
609 1931 644 1998 ἡ
678 1924 1074 1985 καταϐαίνουσα
1105 1929 1190 1984 ἐπὶ
1221 1930 1288 1985 τὰ
1318 1929 1418 2005 ὅρη
1456 1932 1654 1998 Σιὼν,«
1682 1931 1749 1985 τὰ
1779 1929 1932 2007 χαρίς

2129 1935 2444 1992 escendens
2484 1950 2662 2005 super
2693 1935 2920 1987 montes
2947 1930 3086 1985 Sion
3119 1930 3182 1997 9°,
3217 1951 3245 1979 »
3306 1929 3528 1984 indicat
3582 1931 3735 1984 dona

323 2039 472 2090 ματα
503 2017 653 2092 λέγει
677 2023 774 2074 τοῦ
807 2019 966 2093 ἁγίου
1002 2020 1329 2093 Ηνεύματος.
1361 2022 1502 2097 ’Όρη
1556 2018 1611 2075 δὶ
1647 2021 1786 2075 Σιὼν
1833 2021 1934 2097 λέγι

2122 2025 2344 2096 ρίτίῐιιε
2375 2022 2580 2078 sancti.
2602 2023 2830 2077 Montes
2859 2038 2991 2077 vero
3022 2021 3157 2075 Sion
3185 2019 3342 2089 dicit,
3377 2017 3733 2090 spirituales,

313 2107 453 2169 τοὺς
480 2107 618 2162 κατᾶ
641 2109 766 2163 Θεὸν
803 2113 1001 2176 ζῶντας
1033 2109 1448 2181 πνευματικούς.

2087 2115 2183 2186 qui
2217 2114 2543 2170 secundum
2577 2113 2754 2166 Deum
2787 2108 3306 2176 vivunt,homines.

403 2195 576 2251 Πάλιν
610 2198 733 2252 ’ὁταν
764 2195 934 2272 λέγει·
976 2222 996 2247 ι
1036 2198 1219 2252 Σῶσόν
1257 2221 1344 2272 με,
1389 2200 1416 2253 ὁ
1456 2200 1608 2268 Θεὸς,
1659 2199 1741 2255 ὅτι
1795 2199 1975 2270 εἰσήλ-

2158 2204 2386 2258 Rursus
2415 2201 2825 2274 quandodicit,
2859 2198 3142 2254 «Salvum
3179 2214 3270 2253 me
3297 2199 3735 2269 fac,Deus,quo-

324 2287 492 2339 θοσαν
525 2283 690 2340 ὕδατα
716 2282 820 2348 ἕως
852 2289 1037 2362 ψυχῆς
1075 2307 1197 2359 μου’
1237 2312 1257 2339 υ
1292 2289 1404 2355 καὶ,
1440 2312 1468 2340 u
1497 2294 1640 2364 ’Ἄρα
1670 2287 1888 2358 διῆλθεν

2128 2293 2243 2347 iam
2260 2292 2535 2364 ingressae
2548 2295 2862 2361 suntaquas
2875 2305 3063 2360 usque
3076 2288 3147 2343 ad
3163 2286 3417 2342 animam
3435 2287 3735 2352 meam”;»

322 2375 483 2449 ψυχὴ
518 2376 680 2444 ἡμῶν
708 2375 772 2428 τὸ
804 2371 949 2449 ὕδωρ
980 2377 1043 2430 τὸ
1071 2376 1460 2446 ἀνυπόστατον,
1497 2402 1523 2428 ››
1579 2378 1706 2440 τοὺς
1756 2399 1933 2452 πειραε

2122 2387 2162 2449 ι,
2197 2405 2225 2432 ‹‹
2259 2380 2522 2436 Forsitan
2567 2379 2984 2451 pertransisset
3030 2377 3229 2432 anima
3280 2379 3480 2431 nostra
3521 2391 3733 2447 aquam

325 2461 472 2536 μους
506 2461 658 2539 λάγει
689 2469 788 2532 τῆς
821 2466 1028 2539 ψυχῆς.

2088 2472 2268 2527 fundo
2300 2473 2591 2525 carentem
2619 2468 2686 2534 ²²,
2711 2489 2736 2515 ››
2770 2465 2977 2521 animas
2999 2464 3351 2521 tentationes
3381 2465 3623 2520 indicat.

401 2551 598 2625 Ἐρώτ.
632 2553 740 2609 πα’.
775 2551 844 2608 Τί
876 2551 1038 2607 ἐστιν·
1079 2577 1099 2605 α
1136 2549 1360 2616 Ἀναϐὰς
1391 2555 1466 2616 είς
1493 2553 1649 2629 ὕψος,
1701 2555 1976 2634 ᾐχμαλώ-

2159 2563 2383 2628 ρυλεετ.
2419 2556 2652 2612 LXXXI.
2687 2555 2834 2621 Quid
2893 2559 2982 2610 est
3038 2555 3191 2626 quod
3247 2553 3419 2609 dicit:
3454 2576 3483 2603 «
3516 2555 3731 2608 Ascen-

317 2659 518 2700 τευσας
550 2638 935 2714 αἰχμαλωσίαν
961 2659 975 2710 ;
1009 2665 1030 2690 ι

2118 2655 2233 2706 lens
2263 2649 2321 2703 in
2352 2647 2558 2713 altum,
2593 2647 2880 2717 captivam
2914 2644 3128 2698 duxisti
3154 2642 3551 2714 captivitatem
3585 2643 3630 2678 ²³
3650 2641 3679 2696 ?
3701 2664 3729 2692 »

401 2727 598 2784 ’Δπόκ.
629 2732 796 2783 Τοῦτο
849 2728 997 2803 λέγε,
1048 2728 1131 2785 ὅτι
1178 2727 1377 2796 ἀναϐὰς
1417 2733 1444 2786 ὁ
1475 2735 1705 2808 Χριστὸς
1739 2734 1825 2789 ἐπὶ
1881 2739 1978 2790 τοῦ

2159 2739 2329 2794 Resp.
2366 2741 2483 2791 Hoc
2512 2734 2818 2805 dicit,quia
2863 2731 3149 2800 Christus,
3201 2745 3518 2786 conscensa
3539 2746 3730 2799 cruce,

323 2822 586 2891 σταυροῦ,
617 2819 708 2873 τὸν
738 2816 872 2889 ᾇδην
902 2818 1208 2889 ἐσκύλευσε,
1238 2823 1327 2876 καὶ
1351 2822 1774 2898 ᾖχμαλώτευσε.
1804 2827 1934 2883 T051

2131 2827 2457 2900 epredatus
2487 2829 2579 2879 est
2608 2824 2899 2878 infernum
2932 2825 2988 2876 et
3023 2819 3317 2892 captivum
3350 2817 3627 2889 duxit(1).
3663 2819 3733 2874 Et

321 2907 440 2962 ἐστι
494 2907 582 2961 καὶ
631 2907 691 2962 τὸ
752 2907 937 2982 λέγον
1001 2933 1028 2960 ‹‹
1087 2911 1245 2966 Εἶπεν
1300 2913 1328 2965 ὁ
1389 2913 1607 2987 Κύριος’
1669 2915 1760 2968 Ἐκ
1803 2915 1932 2970 Βασὲ

2118 2933 2197 2971 ιοο
2228 2921 2316 2970 est
2355 2919 2412 2968 et
2440 2912 2585 2968 illud
2615 2912 2768 2983 quod
2802 2911 2918 2966 ait:
2954 2933 2982 2960 «
3016 2908 3169 2963 Dixit
3198 2906 3501 2972 Dominus,
3536 2921 3604 2961 ex
3623 2905 3729 2960 Ba-

323 2995 662 3070 ὲπιστρέψω,
722 3020 750 3047 ››
797 2999 1070 3052 τουτέστιν
1122 2998 1227 3052 ἀπὸ
1267 3004 1362 3054 τοῦ
1411 3007 1640 3074 σταυροῦ
1675 3001 1929 3078 ἐπιστρέψ

2123 3023 2193 3060 an
2218 3009 2492 3071 revertar,
2518 3024 2544 3051 ››
2579 3002 2687 3056 hoc
2717 3001 3092 3066 est,decruce
3111 2996 3487 3052 adinfernum
3511 2995 3731 3050 redibo.

324 3085 411 3146 εἷς
444 3082 603 3155 ᾅδην.
666 3087 838 3141 Βασάν
896 3088 996 3162 γάρ
1051 3087 1403 3161 ἑρμηνεύεται
1463 3090 1720 3166 αἰσχύνη.
1781 3094 1848 3149 Οἱ
1877 3095 1935 3168 γᾶ

2126 3101 2276 3148 lasau
2310 3093 2464 3147 enim
2498 3090 2838 3162 explicatur,
2871 3087 3174 3160 turpitudo.
3208 3085 3351 3141 Nam
3392 3082 3578 3140 Judaei
3610 3098 3737 3137 cru-

323 3171 587 3230 Ἰουδαῖοι
619 3174 708 3228 τὸν
769 3176 993 3250 σταυρὸν
1053 3175 1127 3237 ὡς
1177 3176 1442 3252 αἰσχύνην
1493 3179 1664 3254 εἶχον,
1698 3186 1786 3235 καί
1816 3203 1934 3237 κατε

2127 3199 2212 3237 em
2246 3185 2312 3236 ut
2332 3179 2757 3252 turpitudinem
2789 3180 3079 3248 reputant,
3113 3179 3170 3230 et
3215 3173 3346 3228 ideo
3377 3171 3738 3227 maledictio-

324 3283 427 3338 ρας
455 3264 682 3339 ὃργανον
714 3268 874 3318 τοῦτο
904 3227 1211 3337 ἓωόμαξον.
1260 3227 1416 3322 ’Ἆλλζ
1465 3269 1492 3320 ὁ
1541 3227 1767 3345 Simo-to:

2126 3227 2212 3237 ν...
2250 3227 2311 3236 ..-
2337 3227 2757 3252 ---μη----μη
2790 3227 3079 3248 --τὼ-ην,
3122 3227 3166 3230 γ,
3251 3227 3256 3228 ,
3293 3227 3299 3228 ,

2135 3271 2185 3325 is
2252 3285 2536 3342 organum
2599 3266 2884 3322 vocabant
2939 3281 3091 3320 eam.
3151 3263 3262 3318 Sed
3310 3261 3577 3316 Christus
3608 3275 3737 3315 eam

324 3372 418 3406 σεν
451 3351 634 3421 αὐτὸν,
666 3353 740 3414 ὡς
773 3352 824 3406 ἐν
856 3352 1003 3425 αὖτῷ
1030 3355 1128 3422 τήν
1190 3356 1459 3431 σωτηρίαν
1516 3363 1620 3412 τῶν
1679 3359 1935 3435 ἀνθρώπιι

2125 3359 2577 3425 anctiﬁcavit,eo
2606 3356 2759 3428 quod
2792 3354 2852 3433 in
2883 3372 2951 3410 ea
2981 3354 3232 3410 salutem
3264 3351 3573 3408 hominum
3605 3365 3736 3422 per-

324 3442 912 3516 πραγματευσάμενος.

693 3442 912 3514 άμενος.
2087 3450 2303 3506 fecerit.

405 3530 583 3603 Ἑρώτ
610 3530 724 3605 πβ’.
765 3530 826 3585 Τί
873 3529 1038 3607 λέγει⁸
1091 3555 1119 3582 ‹‹
1170 3532 1433 3589 Πλούσιοι
1484 3534 1827 3613 ἐτπώχευσαν
1887 3541 1975 3594 καὶ

2159 3543 2382 3604 Ουλεετ.
2410 3536 2673 3592 LXXXII.
2707 3534 2850 3600 Quid
2903 3537 2991 3589 est
3038 3533 3193 3604 quod
3233 3530 3406 3586 dicit:
3447 3551 3474 3580 «
3514 3527 3731 3584 Divites

323 3617 612 3673 ἐπείνασαν
641 3645 656 3687 ;
686 3640 712 3671 ι

2087 3631 2375 3702 eguerunt
2403 3630 2457 3682 et
2487 3622 2927 3680 esurierunt"?
2959 3643 2986 3671 ››

405 3705 934 3769 Ἀπόκ.[1λουσίους
985 3707 1206 3773 ἐνταῦθα
1258 3711 1385 3774 τοὺς
1443 3712 1737 3778 Ἰουδαίους
1796 3717 1973 3774 καλεῖο

2160 3720 2330 3774 Raso.
2365 3717 2438 3785 (2)
2471 3713 2687 3769 Divites
2719 3711 2827 3766 hoc
2855 3709 2981 3765 loco
3011 3714 3177 3764 vocat
3203 3709 3456 3776 Judteos,
3473 3705 3571 3776 qui
3601 3705 3724 3760 ino-

324 3795 682 3869 ἐπτώχευσαν
719 3793 793 3865 δὲ,
829 3793 1015 3866 ἐπειδὴ
1052 3797 1356 3854 ἀπέκτειναν
1383 3801 1475 3855 τὸν
1510 3799 1666 3878 ἄρτον
1699 3811 1797 3874 τῆς
1833 3809 1935 3875 ζωῆ

2117 3825 2192 3862 »οε
2227 3806 2358 3862 tacti
2403 3808 2562 3871 sunt,
2593 3819 2658 3856 eo
2692 3801 2846 3872 quod
2881 3799 3198 3855 occiderint
3228 3812 3438 3870 panem
3489 3795 3639 3861 vitae,
3672 3797 3728 3848 et

325 3884 421 3939 καὶ
450 3883 616 3951 ἦλθεν
647 3883 729 3938 ἐπ’
758 3883 952 3946 αὖτοὺς
986 3886 1014 3940 ὁ
1044 3883 1231 3958 λιμός·

1195 3908 1231 3949 ς·
2086 3897 2244 3952 venit
2272 3911 2448 3966 super
2475 3909 2572 3948 eos
2603 3891 2806 3944 fames.

405 3973 600 4048 Ἐρώτ.
634 3980 737 4047 πγ’.
766 3973 826 4026 Τί
858 3972 1024 4048 λέγει,
1059 3999 1086 4025 ‹‹
1120 3974 1211 4038 Εἷς
1265 3977 1361 4039 τὰς
1409 3981 1618 4053 πρωὶας
1675 3981 1979 4039 ἀπέκτεινον

2160 3986 2382 4048 Ουδτῖετ.
2422 3979 2698 4036 LXXXIII.
2729 3977 2875 4040 Quid
2904 3981 2994 4031 est
3024 3975 3176 4047 quod
3216 3975 3446 4045 inquit:
3481 3995 3508 4023 «
3537 3975 3596 4028 In
3617 3988 3735 4029 ma-

329 4061 539 4122 πάντας
568 4060 693 4123 τοὺς
735 4062 1093 4136 ἁμαρτωλοὺς
1139 4067 1238 4133 τῆς
1282 4067 1404 4140 γῆς,
1455 4071 1551 4122 τοῦ
1602 4068 1940 4147 ἐξολοθρεῦσε

2124 4074 2278 4129 utino
2312 4067 2730 4126 interﬁciebam
2755 4082 2960 4122 omnes
2992 4068 3324 4136 peccatores
3343 4062 3735 4132 terrae,utdis-

330 4149 396 4204 ἐκ
421 4149 642 4213 πόλεως
666 4151 869 4228 Κυρίου
900 4152 1101 4214 πάντας
1131 4153 1258 4216 τοὺς
1291 4154 1678 4230 ἐργαζομένους
1710 4161 1808 4229 τὴν
1854 4162 1941 4218 cive

2125 4164 2391 4219 erderem
2426 4160 2495 4213 de
2526 4156 2756 4212 civitate
2790 4154 3016 4210 Domini
3049 4169 3256 4208 omnes
3287 4155 3597 4224 operantes
3620 4148 3736 4205 ini-

335 4238 465 4312 μίαν
491 4259 506 4308 ;
543 4263 570 4289 γι

2096 4253 2380 4325 quitatem
2413 4250 2460 4283 ³³
2488 4249 2516 4302 ?
2543 4270 2569 4297 ››

407 4327 598 4383 Ἀποκ.
633 4327 702 4383 ’Ὁ
733 4324 896 4402 λέγει,
945 4328 1191 4383 τοιοῦτόν
1255 4329 1416 4385 ἐστιν·
1476 4331 1654 4410 ὥσπερ
1714 4339 1747 4406 ἡ
1803 4340 1985 4414 πρωῒα

2167 4342 2336 4396 Βεερ.
2363 4338 2552 4408 Hujus
2574 4333 2710 4390 dicti
2748 4332 2868 4387 haec
2925 4336 3016 4388 est
3059 4332 3388 4387 sententia:
3419 4329 3575 4386 sicut
3622 4336 3773 4384 ma-‘

331 4415 488 4489 ἀρχή
530 4421 629 4483 τῆς
686 4413 896 4501 ἡμέρας
953 4415 1117 4488 ἐστὶν,
1169 4417 1312 4473 οὕτω
1359 4422 1448 4475 καὶ
1496 4423 1672 4494 πάσης
1720 4413 1942 4501 ἁμαρτία

2129 4431 2352 4486 utinum
2380 4436 2629 4498 tempus,
2665 4423 2878 4478 dieiest
2906 4420 3165 4487 initium,
3201 4418 3490 4476 sicomnis
3521 4417 3740 4489 peccati

332 4503 480 4558 ἐστὶν
518 4502 662 4578 ἀρχὴ
699 4499 946 4574 ὑποϐολή
977 4511 1074 4561 τοῦ
1123 4505 1342 4583 ἐχθροῦ.
1378 4514 1471 4565 Διὸ
1505 4512 1674 4587 Αέγει’
1707 4539 1735 4566 ‹‹
1770 4499 1860 4578 Εἷς
1891 4519 1943 4572 τὸ

2126 4519 2330 4574 nitium
2381 4520 2471 4571 est
2514 4511 2740 4568 inimici
2773 4509 3148 4564 fraudulenta
3205 4507 3523 4580 suggestio.
3584 4507 3737 4575 Ideo,

337 4594 558 4667 πρωῗας
617 4593 945 4668 ἀπέκτεινον,
1011 4619 1030 4644 ι
1094 4595 1368 4652 τουτέστιν
1429 4600 1503 4662 εἷς
1550 4602 1644 4663 τὰς
1675 4602 1846 4680 ἀρχὰς
1875 4612 1948 4662 τῶ

2129 4609 2320 4682 nquit:
2358 4627 2385 4657 «
2414 4606 2476 4659 In
2509 4601 2800 4659 matutino
2847 4598 3292 4662 interficiebam,
3327 4619 3354 4647 ))
3390 4597 3499 4652 hoc
3520 4601 3629 4666 est,
3653 4612 3740 4652 re-

337 4681 627 4756 λογισμῶν
662 4682 943 4750 ἐσκόπουν,
974 4683 1064 4737 καὶ
1117 4681 1342 4740 ἐδίωκον
1392 4689 1488 4747 τὰς
1535 4687 1849 4765 προσϐολὰς
1893 4697 1948 4750 αὖ

2135 4681 2418 4771 pieiebam
2437 4694 2506 4749 ad
2532 4689 2818 4764 principia
2831 4687 3333 4759 cogitationum,et
3357 4685 3746 4757 persequebar

331 4774 470 4838 τῶν,
505 4769 591 4824 καὶ
623 4773 823 4832 πάντας
851 4771 976 4832 τοὺς
1011 4773 1391 4848 ἁμαρτωλοὺς,
1434 4774 1557 4846 ἤτοι
1605 4779 1730 4843 τοὺς
1788 4781 1942 4857 δαίμ(

2137 4769 2301 4844 arum
2361 4785 2640 4856 impetus,
2699 4783 2872 4849 atque
2926 4777 3068 4832 adeo
3118 4781 3448 4848 peccatores
3518 4790 3744 4841 omnes,

331 4880 452 4930 νας,
501 4859 633 4921 τοὺς
681 4864 970 4922 ποιοῦντας
1029 4860 1079 4915 ἐν
1131 4861 1254 4934 ἐμοὶ
1301 4865 1400 4933 τὴν
1460 4867 1744 4942 ἁμαρτίαν,
1786 4896 1811 4927 ιι
1841 4873 1942 4929 ὅπερ

2144 4893 2312 4948 empe
2342 4875 2658 4934 daemones,
2683 4869 2780 4938 qui
2817 4865 3038 4921 Iaciunt
3067 4866 3124 4919 in
3158 4881 3252 4920 me
3282 4869 3604 4936 peccatum,
3629 4885 3649 4913 ι
3685 4866 3749 4919 ut

335 4947 716 5022 ἐξολοθρεῦσαι
771 4949 830 5004 ἐκ
875 4947 1092 5011 πόλεως
1140 4952 1338 5026 Κυρίου
1386 4953 1608 5028 πάντας,
1654 4964 1946 5018 »τουτέστι

2143 4947 2496 5037 isperderem
2531 4961 2601 5014 de
2622 4957 2852 5012 civitate
2882 4953 3106 5009 Domini
3140 4970 3364 5019 omnes,
3393 4975 3420 5002 »
3446 4953 3554 5008 hoc
3575 4955 3663 5008 est
3682 4968 3751 5007 ex

336 5037 390 5092 ἐν
419 5044 519 5105 τῆς
549 5040 755 5113 ψυχῆς.
791 5036 962 5100 Πόλις
996 5038 1098 5114 γάρ
1132 5040 1328 5115 Κυρίου
1352 5042 1491 5098 ἐστὶν
1524 5048 1557 5114 ἡ
1591 5049 1765 5124 ψυχή.
1801 5050 1947 5107 Ἐδίιι

2140 5036 2317 5110 nime.
2353 5051 2566 5106 Anima
2595 5059 2872 5115 namque,
2911 5041 3136 5097 Domini
3173 5041 3377 5098 civitas
3407 5046 3516 5098 est.
3545 5045 3751 5096 Perse-

330 5147 430 5182 κον
494 5128 617 5200 γὰρ,
669 5126 824 5205 φησὶ,
873 5129 963 5182 καὶ
1013 5128 1328 5185 ἀπέκλεινον
1378 5135 1473 5195 τὰς
1519 5136 1756 5213 κεφαλὰς
1786 5139 1941 5198 αὐτῶ·

2141 5145 2322 5201 uebar
2351 5141 2529 5206 enim,
2563 5133 2773 5206 inquit,
2806 5136 2863 5187 et
2893 5131 3310 5186 abscindebam
3364 5131 3629 5202 ipsorum
3661 5144 3752 5184 ca-

414 5341 458 5427 ξξ
489 5339 644 5427 P‘sal.
667 5358 813 5410 uuv,
951 5343 1009 5427 ,ξ’
1025 5342 1194 5427 1089.
1219 5361 1320 5427 νη2
1352 5347 1440 5405 38.
1473 5350 1518 5385 ³ο
1546 5351 1701 5410 Psal.
1726 5371 1938 5427 cxxm,
1973 5360 2025 5416 3.

2144 5357 2296 5414 Psal.
2333 5370 2523 5419 vam,
2552 5351 2607 5405 2.
2643 5349 2688 5384 ²¹
2719 5345 2870 5404 I‘saI.
2902 5343 3165 5414 cxxm,5.
3198 5343 3245 5379 ³³
3275 5339 3427 5398 Psal.
3462 5357 3632 5409 van,
3666 5339 3755 5397 19.

332 5413 380 5447 ⁸⁵
409 5411 565 5469 Psal.
599 5430 797 5486 xum,
830 5416 916 5469 11.
951 5415 994 5449 ³⁵
1025 5413 1176 5471 Psal.
1212 5432 1265 5485 c,
1288 5411 1340 5474 8.

415 5637 1056 5733 £??L§§_It3§99059t0_
1083 5645 1143 5699 ίη
1171 5645 1624 5733 Ρδςαιηιωζιῇιχιν,
1657 5674 1708 5712 v.
1743 5659 1828 5715 10.
2191 5659 2267 5733 (2)
2301 5655 2648 5715 Theodoret.
2683 5652 2741 5708 in
2779 5649 2937 5706 hunc
2968 5663 3223 5704 versum.

415 5712 494 5781 (1)
516 5707 880 5769 'Tbsodoret.
914 5715 1078 5786 inps.
1117 5707 1290 5789 Lixn,
1319 5735 1373 5776 ν.
1404 5721 1495 5779 23.

670 5837 932 5904 ΡΑτιιοι.
982 5843 1092 5906 Gn.
1142 5843 1418 5911 XXVIII.

3339 5841 3409 5906 24
