4080 6206
415 379 532 438 ’747

1590 374 1654 434 S.
1703 368 2323 432 ATHANASlUS.—
2356 368 2667 432 SPURIA.

3721 367 3836 431 748

422 510 566 582 pita,
599 508 818 566 scilicet
851 507 1158 582 principia,
1221 507 1290 562 ad
1360 505 1819 577 disperdendum
1878 521 1976 560 eos
2002 520 2067 558 ex

2188 496 2307 568 ἤτοι
2339 502 2434 564 τὰς
2474 501 2672 578 ἀρχὰς,
2732 501 2883 565 ὅπως
2941 501 3309 578 έξολοθρεύσω
3367 501 3564 564 αὐτοὺς
3617 500 3679 557 ix
3730 510 3833 572 τῆς

427 599 646 665 anima,
681 615 753 655 ne
783 602 1168 670 operarentur
1205 612 1438 652 omnem
1469 593 1838 667 iniquitatem
1869 598 1925 650 et
1942 609 2072 664 pec-

421 691 640 742 catum.

487 776 717 840 Qums'r.
756 774 1039 831 LXXXIV.
1075 775 1222 840 Quid
1255 778 1344 830 est
1375 775 1529 846 quod
1555 773 1782 845 inquit:
1819 796 1845 822 ‹‹
1883 770 2070 828 Catuli

423 863 660 922 leonum
719 865 1015 937 rugientes
1049 869 1113 919 ut
1152 864 1401 935 rapiant,
1456 869 1514 918 et
1553 867 1818 934 quaerant
1870 880 1901 916 a
1960 866 2072 917 Deo

419 971 612 1010 escam
647 953 779 1010 sibi.
811 957 989 1009 Ortus
1022 957 1110 1008 est
1142 952 1250 1022 sol,
1283 957 1340 1007 et
1370 952 1704 1024 congregati
1744 955 1904 1020 sunt,
1925 955 1980 1006 et
2013 950 2070 1005 in

418 1042 718 1116 speluncis
752 1042 877 1098 suis
913 1042 1215 1098 cubabunt
1242 1043 1286 1075 ²⁶
1319 1046 1342 1096 ξ’
1370 1065 1396 1090 ››

491 1133 662 1188 ΡιΕΒΡ.
696 1133 932 1188 Catulos
959 1131 1365 1199 leonum,dicit
1398 1129 2072 1203 prephetas.Rugiebant

415 1212 550 1278 vero
583 1222 901 1277 clamantes
959 1226 1016 1276 et
1045 1220 1371 1291 loquentes,
1433 1237 1498 1275 ac
1530 1219 1945 1292 prophetantes
1980 1219 2066 1272 in-

415 1311 812 1366 carnationem
872 1308 1000 1364 Filii
1061 1309 1182 1365 Dei.
1246 1311 1492 1365 Exortus
1524 1325 1656 1364 vero
1688 1313 1777 1363 est
1820 1307 1927 1374 sol,
1958 1307 2067 1363 hoc

413 1399 687 1469 est,venit
715 1397 982 1453 Christus
1012 1402 1067 1453 et
1097 1401 1431 1452 tacuerunt.
1450 1396 1746 1468 Propheta:
1777 1411 1962 1466 usque
1993 1395 2066 1450 ad

415 1488 699 1544 Joannem
729 1487 1177 1560 prophetarunt.
1214 1487 1330 1542 Hoc
1362 1491 1471 1556 est,
1535 1489 1690 1557 quod
1719 1485 1890 1540 etiam
1927 1483 2066 1540 alibi

415 1576 556 1632 dicit
601 1576 939 1648 Scriptura:
1000 1596 1026 1628 ιι
1065 1576 1399 1631 Tenebrosa
1454 1591 1628 1646 aqua,
1691 1575 1748 1629 in
1808 1573 2065 1628 nubibus

417 1666 591 1721 aeris.
620 1666 735 1723 Prae
769 1663 993 1736 fulgore
1011 1666 1156 1721 271
1196 1664 1325 1735 ejus
1357 1663 1542 1719 nubes
1575 1662 1932 1718 transierunt
1953 1662 2018 1716 ’7.
2039 1683 2059 1710 ι

415 1755 808 1810 Tenebrosam
823 1769 1034 1825 aquam
1068 1753 1211 1807 dicit
1242 1752 1502 1808 divinam
1525 1751 2061 1823 Scripturam,quo-

414 1845 573 1900 niam
642 1843 701 1898 in
761 1842 1009 1914 caligine
1068 1844 1258 1897 Moses
1314 1840 1500 1912 legem
1551 1841 1762 1912 accipit
1793 1859 1825 1895 ιι
1855 1840 1970 1895 Deo
2003 1839 2060 1894 in
2097 1875 2142 1940 Β

417 1937 614 1987 monte
643 1931 800 1986 Sina.
826 1931 975 1995 Quin
1003 1929 1114 2002 ipsi
1150 1929 1444 2002 propheta:
1475 1946 1707 2001 quoque
1739 1946 1851 1984 non
1887 1928 2066 1984 mani-

418 2023 584 2091 feste,
619 2021 719 2077 sed
753 2021 1000 2075 obscure
1043 2026 1100 2074 et
1133 2019 1386 2074 tenuiter
1441 2018 1872 2089 quodammodo
1904 2018 2064 2073 vide-

421 2115 559 2165 runt
617 2111 931 2165 adventum
983 2108 1217 2177 Christi,
1250 2114 1306 2163 et
1370 2108 1834 2162 manileslarunt.
1871 2107 2065 2163 Nubes

419 2201 576 2257 enim
608 2205 768 2254 vocat
801 2197 1134 2270 prophetas,
1191 2197 1286 2270 qui
1349 2197 1758 2269 praedicarunt,
1811 2200 1866 2251 et
1896 2199 2064 2268 quasi

419 2305 637 2361 aquam
667 2287 1016 2355 effuderunt,
1052 2285 1468 2356 spiraruntque
1501 2285 1677 2340 veluti
1727 2286 1877 2340 venti
1920 2287 2064 2342 divi-

421 2394 564 2433 num
615 2392 947 2432 sermonem
980 2381 1037 2430 et
1093 2374 1278 2447 legem
1312 2391 1489 2445 super
1535 2381 1768 2445 terram,
1802 2392 1932 2447 quae
1980 2381 2068 2433 est

419 2466 522 2521 illa
553 2465 863 2521 tenebrosa
916 2479 1089 2535 aqua.
1125 2470 1171 2516 A
1233 2462 1457 2534 fulgore
1489 2480 1621 2518 vero
1671 2466 1800 2534 ejus
1834 2465 1891 2519 in
1925 2481 2067 2520 con-

424 2560 627 2628 spectu
659 2555 876 2624 ejus,ut
910 2553 980 2607 ab
1011 2553 1139 2623 ejus
1186 2552 1245 2606 in
1296 2568 1468 2607 carne
1497 2553 1747 2608 adventu
1780 2571 1976 2609 coram
2003 2571 2068 2610 eo

424 2645 632 2710 nubes,
666 2642 957 2715 prophetae
998 2640 1281 2710 videlicet,
1323 2647 1702 2698 cessaverunt
1747 2647 1804 2698 et
1837 2644 2068 2699 absces-

423 2738 647 2790 serunt.

495 2824 720 2888 Qua-ser.
749 2820 1002 2878 LXXXV.
1053 2822 1201 2888 Quid
1223 2826 1332 2891 est,
1366 2845 1394 2872 ‹‹
1455 2821 1620 2878 Mons
1679 2821 1816 2878 Sion
1848 2822 1980 2892 iste,
2011 2821 2072 2878 in

422 2930 535 2986 quo
566 2911 847 2969 habitasti
878 2912 936 2966 in
968 2927 1034 2967 eo
1065 2912 1108 2945 ⁸⁸
1129 2911 1156 2965 ?
1188 2933 1217 2961 »

498 3003 668 3058 Resp.
694 3001 897 3056 Divina
929 3000 1230 3072 Scriptura
1260 3000 1464 3056 multis
1487 3000 1674 3056 modis
1707 3016 1900 3056 vocem
1919 3017 2076 3057 mon-

424 3091 502 3147 tis
532 3092 969 3162 interpretatur.
1006 3094 1072 3144 Et
1123 3090 1215 3144 hic
1273 3090 1511 3162 quidem
1569 3107 1738 3145 mons
1797 3090 1954 3158 Sion,
1988 3096 2077 3147 est

431 3180 595 3236 locus
623 3179 1039 3245 Jerusalem,in
1070 3195 1185 3250 quo
1211 3177 1492 3234 habitavit
1513 3179 1792 3234 Dominus
1826 3197 1891 3235 ac
1925 3185 2076 3236 Deus

2183 593 2390 667 ψυχῆς,
2420 594 2517 645 τοῦ
2549 592 2623 663 μή
2655 589 2966 667 ἐργάζεσθαι
3015 597 3187 648 πᾶσαν
3233 589 3460 665 ἀνομίαν
3513 591 3604 646 καὶ
3657 592 3834 667 ἁμαρ-ι

2180 679 2317 736 τίαν.

2254 769 2448 844 Ἐρώτ.
2507 766 2611 824 πδ’.
2661 767 2723 823 Τί
2782 769 2951 844 λέγει’
3016 795 3045 823 α
3091 769 3331 845 Σκύμνοι
3374 769 3686 846 ὠρυόμενοι
3733 774 3833 825 τοῦ

2181 857 2436 934 ἁρπάσαι,
2469 858 2554 912 καὶ
2592 860 2816 928 ζητῆσαι
2849 860 2996 935 παρὰ
3049 865 3127 933 τῷ
3183 865 3299 933 Θεῷ
3360 858 3560 936 βρῶσιν
3620 859 3829 922 αὐτοῖς.

2183 945 2480 1003 Ἀνέτειλεν
2511 947 2539 1001 6
2573 945 2757 1020 ἥλιος,
2790 947 2879 1002 καὶ
2911 950 3285 1025 συνήχθησαν,
3325 949 3413 1004 καὶ
3447 949 3520 1011 είς
3547 950 3644 1011 τὰς
3699 951 3831 1022 μάν-

2181 1032 2310 1111 δραις
2341 1034 2514 1091 αὐτῶν
2548 1038 2994 1107 κοιτασθήσονται
3021 1057 3034 1108 ;
3071 1062 3098 1089 ››

2251 1125 2438 1182 Ἀπὸκ.
2475 1124 2760 1198 Σκύμνους
2820 1124 2966 1202 λέγει
3025 1125 3152 1189 τοὺς
3211 1128 3519 1205 προφήτας.
3572 1128 3830 1200 Ὠρύοντο

2179 1211 2238 1270 δὲ
2282 1215 2569 1287 κράζοντες
2628 1215 2717 1269 καὶ
2767 1213 3041 1290 λέγοντες,
3096 1216 3186 1271 καὶ
3243 1215 3681 1294 προφητεύοντες
3728 1216 3827 1284 τήν

2177 1304 2444 1380 σάρκωσιν
2502 1309 2598 1360 τοῦ
2659 1305 2786 1359 Υἱοῦ
2833 1310 2928 1359 τοῦ
2959 1309 3112 1361 Θεοῦ.
3168 1303 3462 1362 Ἀνέτειλεν
3490 1302 3551 1360 δὶ
3580 1308 3608 1361 6
3639 1303 3827 1374 ἥλιος,

2174 1393 2468 1463 τοττέστιν,
2499 1393 2664 1464 ἦλθεν
2699 1395 2725 1447 6
2757 1394 3010 1470 Χριστὸς,
3059 1394 3148 1448 καὶ
3197 1394 3525 1465 ἐσιώπησαν.
3570 1396 3639 1453 Οἱ
3697 1415 3831 1470 προσ

2177 1491 2340 1561 φῆται
2370 1480 2473 1545 ἕως
2505 1483 2756 1540 Ἰωάννου
2800 1485 3229 1560 προεφήτευσαν.
3285 1483 3458 1538 Τοῦτό
3506 1484 3620 1539 ἐστι
3678 1484 3768 1538 καὶ
3799 1482 3830 1538 ὅ

2178 1571 2320 1647 λέγει
2352 1575 2386 1642 ἡ
2421 1573 2606 1648 Γραφὴ
2638 1570 2911 1647 ἀλλαχοῦ⁸
2949 1596 2977 1624 ‹‹
3009 1573 3287 1628 Σκοτεινὸν
3323 1570 3467 1650 ὕδωρ
3500 1573 3552 1629 ἐν
3573 1571 3830 1652 νεφέλαις

2173 1661 2375 1738 ἀέρων·
2430 1660 2570 1717 Ἀπὸ
2617 1667 2717 1730 τῆς
2767 1660 3157 1738 τηλαυγήσεως
3231 1661 3396 1716 αὑτοῦ
3473 1663 3529 1717 αἱ
3603 1660 3827 1739 νεφέλαι

2175 1748 2424 1820 διῆλθον.
2458 1774 2485 1802 ››
2541 1749 2822 1804 Σκοτεινὸν
2874 1747 3019 1824 ὕδωρ
3071 1749 3212 1826 λέγει
3260 1752 3360 1819 τὴν
3407 1751 3550 1806 θείαν
3586 1753 3826 1827 Γραφὴν,

2174 1837 2361 1908 ἐπειδὴ
2394 1838 2446 1894 έν
2499 1839 2684 1917 γνόφῳ
2727 1836 2939 1908 ἐδέξατο
2987 1839 3016 1893 6
3065 1845 3269 1910 Μωσῆς
3315 1840 3405 1894 τὸν
3438 1840 3604 1914 νόμον
3636 1839 3690 1896 έν
3748 1845 3831 1911 τῷ

2178 1937 2310 1985 Σινᾶ
2358 1929 2502 2004 παρὰ
2545 1933 2698 1984 Θεοῦ,
2748 1930 2864 1982 ’Έτι
2917 1925 2975 1983 δὲ
3025 1927 3112 1983 καὶ
3169 1930 3220 1983 οἱ
3250 1936 3526 2008 προφῆται
3559 1926 3828 2005 ἀμυδρῶς

2175 2041 2290 2082 πως
2323 2019 2410 2073 καὶ
2445 2022 2730 2079 σκοτεινῶς
2786 2016 2875 2072 καὶ
2933 2016 3149 2079 λεπτῶς
3201 2039 3318 2080 πως
3367 2020 3465 2088 τήν
3517 2017 3823 2095 παρουσίαν

2173 2113 2269 2163 τοῦ
2299 2110 2532 2182 Χριστοῦ
2563 2102 2813 2174 ἔϐλεπον,
2846 2106 2935 2160 καὶ
2969 2103 3221 2177 ἐδήλουν.
3255 2105 3498 2185 Νεφέλας
3545 2109 3645 2182 γὰρ
3694 2106 3828 2170 τοὺς

2175 2199 2456 2274 προφήτας
2517 2194 2680 2272 λέγει,
2733 2193 2918 2264 ἐπειδὴ
2968 2194 3246 2271 ἐκήρυξαν,
3298 2197 3387 2250 καὶ
3437 2197 3510 2258 ὡς
3551 2194 3701 2271 ὕδωρ
3743 2196 3823 2267 ἆξ-

2177 2287 2354 2361 έζιεον,
2388 2285 2704 2346 πνεύσαντι-ῖς
2736 2285 2810 2346 ὡς
2843 2283 2993 2359 ἀέρες
3021 2283 3112 2339 τὸν
3160 2286 3300 2339 θεῖον
3335 2283 3494 2360 λόγον
3529 2285 3620 2340 καὶ
3652 2285 3823 2358 νόμον

2178 2374 2263 2431 ἐπί
2296 2383 2394 2445 τῆς
2425 2382 2543 2450 γῆς,
2591 2374 2722 2449 ὅπερ
2773 2373 2882 2428 ἐστὶ
2929 2374 2990 2428 τὸ
3029 2374 3297 2429 σκοτεινὸν
3349 2371 3514 2450 ὕδωρ.
3575 2375 3712 2431 Ἀπὸ
3770 2371 3828 2428 δὲ

2176 2472 2275 2533 τῆς
2308 2463 2695 2538 τηλαυγήσεως
2751 2462 2913 2517 αὐτοῦ
2971 2461 3205 2517 ἐνώπιον
3264 2463 3453 2534 αὐτοῦ,
3511 2463 3546 2532 ἢ
3608 2463 3690 2524 ὡς
3720 2462 3827 2517 ἀπὸ

2177 2561 2277 2623 τῆς
2311 2551 2399 2608 διὰ
2428 2552 2621 2628 σαρκὸς
2655 2548 2947 2624 ἐπιδημίας
2993 2550 3158 2606 αὐτοῦ
3206 2550 3504 2626 ἔμπροσθεν
3557 2550 3726 2606 αὐτοῦ
3772 2551 3826 2605 αἱ

2179 2642 2418 2721 νεφέλαι,
2479 2639 2650 2718 ἤγουν
2709 2642 2762 2696 οἱ
2815 2647 3111 2720 προφῆται,
3162 2636 3392 2696 ἔπαυσαν
3443 2641 3532 2696 καὶ
3616 2641 3834 2717 ὑπεχώ-

2183 2753 2348 2810 ρησαν
2361 2776 2373 2788 .

2231 2822 2449 2898 ”Ερώτ.
2473 2822 2573 2877 πέ.
2604 2819 2665 2874 Τί
2696 2819 2853 2876 ἐστιν·
2888 2842 2918 2871 ‹‹
2966 2820 3131 2896 Ὅρος
3166 2821 3308 2876 Σιὼν
3340 2824 3524 2892 τοῦτο,
3565 2818 3597 2875 ὅ
3639 2841 3832 2876 mw-

2181 2915 2430 2983 κήνωσας
2460 2910 2512 2965 ἐν
2542 2909 2725 2982 αύτῷς
2761 2933 2788 2960 ι)

2258 3000 2450 3058 Ἀπόκ.
2499 3001 2562 3056 Ἡ
2617 2997 2731 3054 θεία
2806 2999 2990 3076 Γραφὴ
3059 2998 3364 3074 πολλαχῶς
3425 2999 3711 3074 έρμηνεύει
3767 2999 3834 3054 τὸ

2187 3091 2335 3168 ὅρος.
2369 3090 2471 3146 Καὶ
2501 3093 2661 3144 τοῦτο
2697 3088 2790 3160 μὲν
2825 3085 2948 3165 ὅρος
2987 3088 3128 3142 Σιών
3162 3087 3300 3142 ἐστιν
3335 3088 3364 3142 6
3411 3087 3581 3150 τόπος
3629 3089 3833 3163 Ἰερου-

2187 3179 2395 3253 σαλὴμ,
2426 3178 2477 3233 έν
2507 3179 2552 3250 ᾧ
2583 3177 2889 3250 κατῴκησεν
2923 3177 2952 3229 ὁ
2984 3176 3184 3251 Κύριος
3213 3179 3374 3250 ἡμῶν
3414 3176 3502 3231 καὶ
3552 3177 3684 3238 Θεὸς
3716 3179 3835 3246 Ἰη-

432 3273 633 3325 noster
683 3269 860 3324 Jesus
911 3267 1180 3324 Christus
1240 3267 1580 3324 incarnatus
1630 3285 1803 3341 super
1833 3275 2070 3327 terram.

2188 3243 2580 3342 σοῦςδίριστὸς
2637 3264 2932 3342 σαρκωθεὶς
2979 3243 3080 3320 ἐπὶ·
3111 3271 3212 3335 τῆς
3263 3272 3387 3342 γῆς.
3437 3266 3604 3342 Ὅρος
3663 3264 3831 3320 πάλιν

433 3359 687 3416 Montem
722 3373 930 3412 rursus
961 3358 1192 3429 pr0prie
1234 3362 1399 3412 vocat
1458 3358 1892 3414 sanctissimam
1946 3359 2076 3415 Dei-

427 3452 726 3522 param,ut
754 3463 888 3502 cum
920 3447 1148 3519 inquit:
1177 3470 1204 3498 «
1237 3448 1403 3503 Mons
1436 3447 1491 3502 in
1512 3464 1626 3518 quo
1648 3447 2075 3520 beneplacitum

425 3542 515 3594 est
545 3542 659 3593 Deo
691 3537 956 3592 habitare
1013 3536 1070 3590 in
1104 3553 1191 3599 eo,
1226 3537 1439 3591 etenim
1472 3535 1757 3592 Dominus
1788 3537 2077 3594 habitabit

421 3629 480 3683 in
517 3628 690 3683 ﬁnem
715 3627 778 3682 ’9.
816 3650 836 3678 ι
874 3626 944 3681 Ει
975 3624 1114 3681 alibi
1164 3624 1453 3681 habetur:
1503 3648 1529 3676 ι(
1561 3625 1716 3681 Deus
1748 3643 1782 3680 a
1812 3627 2072 3684 Theman

423 3716 614 3773 veniet
659 3721 718 3771 et
771 3715 1023 3770 Sanctus
1080 3732 1146 3770 ex
1204 3719 1398 3770 monte
1429 3731 1606 3787 opaco
1658 3721 1710 3771 et
1737 3716 1918 3772 denso
1945 3717 2009 3771 ³ο.
2043 3739 2071 3766 ››

425 3806 594 3862 Mons
624 3809 824 3861 autem
857 3804 1073 3859 dicitur
1102 3809 1309 3859 sancta
1367 3803 1628 3876 Deipara.
1687 3805 1833 3870 Quia
1863 3821 2070 3877 quem-

426 3894 743 3951 admodum
805 3893 844 3948 ii
903 3893 1002 3965 qui
1053 3893 1113 3948 in
1173 3909 1379 3966 campo
1426 3893 1754 3965 ambulant,
1801 3900 1859 3950 et
1889 3894 2075 3950 calore

427 3987 700 4054 aestuant,
729 3984 778 4040 si
811 3987 1071 4038 montem
1105 3983 1379 4050 subeunt,
1413 3983 1569 4039 velut
1617 4001 1746 4040 rore
1776 3985 2070 4056 conspersi

433 4075 642 4129 umbra
671 4072 945 4128 arborum
997 4073 1234 4138 montis,
1270 4071 1355 4127 vel
1407 4089 1561 4144 aqua
1601 4074 1808 4128 sedant
1864 4078 2072 4128 aestum

430 4162 710 4217 flamma:
735 4161 939 4216 eodem
972 4161 1144 4217 modo
1177 4177 1238 4216 se
1261 4161 1470 4216 habuit
1499 4178 1634 4232 erga
1663 4162 1932 4218 homines
1963 4164 2072 4218 im-

429 4251 726 4308 maculata
748 4251 941 4323 Virgo,
976 4268 1102 4323 quae
1137 4268 1263 4308 rore
1310 4252 1566 4322 quodam
1601 4252 1692 4307 sui
1714 4261 1914 4324 partus
1947 4255 2070 4309 uni-

428 4359 556 4398 mas
577 4341 883 4396 hominum
917 4346 1058 4395 aestu
1091 4341 1310 4412 peccati
1341 4341 1635 4396 confectas
1673 4341 1733 4396 in
1773 4343 1950 4398 vitam
1983 4360 2068 4399 re-

422 4430 668 4499 vocavit,
702 4434 758 4485 et
784 4428 844 4484 in
875 4429 1084 4484 umbra
1101 4429 1328 4484 alarum
1365 4430 1456 4484 sui
1489 4429 1613 4484 Filii
1647 4431 1808 4487 fovit.
1845 4433 2072 4488 Montes

421 4537 554 4576 vero
575 4520 851 4575 dicuntur
892 4519 1070 4574 etiam
1122 4519 1435 4587 daemones,
1498 4524 1732 4591 propter
1780 4526 2067 4578 tumorem

2187 3359 2245 3416 δέ
2295 3360 2496 3434 κυρίως
2545 3356 2811 3435 ’ὀνομάζει
2883 3356 2983 3425 τὴν
3059 3355 3350 3431 ὑπιραγίαν
3407 3354 3697 3426 Θεοτόκον,
3755 3357 3834 3421 ὡς

2185 3448 2309 3504 ὅταν
2344 3449 2512 3524 λέγει’
2544 3472 2564 3498 ι
2599 3446 2668 3500 Τὸ
2698 3440 2848 3521 ὄρος,
2876 3443 2905 3498 6'
2950 3441 3236 3514 εὐδόκησεν
3289 3445 3316 3498 6
3367 3445 3496 3507 Θεὸς
3556 3451 3832 3500 κατοικεῖν

2186 3539 2236 3595 έν
2269 3539 2433 3611 αὐτῷ’
2468 3536 2556 3591 καὶ
2585 3535 2683 3612 γὰρ
2718 3535 2744 3589 6
2780 3532 2977 3609 Κύριος
3005 3535 3407 3605 κατασκηνώσει
3453 3534 3529 3596 είς
3579 3531 3765 3596 τέλος·
3807 3560 3836 3585 ι»

2183 3627 2271 3684 καὶ
2303 3627 2575 3702 ἀλλαχοῦ·
2615 3649 2641 3676 ‹‹
2671 3625 2733 3680 Ὁ
2763 3623 2890 3685 Θεὸς
2924 3624 3028 3677 ἀπὸ
3059 3625 3235 3697 Θεμὰν
3289 3620 3428 3693 ἥξει,
3463 3623 3553 3677 καὶ
3601 3625 3630 3677 6
3683 3626 3838 3698 ἅγιος

2185 3718 2234 3792 ἐξ
2267 3717 2424 3794 ὅρους
2480 3712 2770 3770 κατασκίου
2823 3711 2913 3767 καὶ
2967 3709 3191 3775 δασέως.
3255 3738 3276 3763 ι
3330 3713 3496 3788 ’Όρος
3527 3710 3585 3767 δὲ
3615 3711 3838 3788 λέγεται

2184 3810 2218 3877 ἡ
2251 3806 2372 3881 ἁγία
2401 3803 2685 3865 Θεοτόκος.
2744 3801 2894 3859 Ἐπεὶ
2945 3796 3127 3878 ὥσπερ
3180 3803 3231 3856 οἱ
3283 3799 3333 3856 έν
3383 3805 3463 3872 τῷ
3501 3803 3712 3874 κάμπῳ
3739 3822 3840 3857 πε-

2185 3899 2554 3973 ριπατοῦντες,
2633 3893 2721 3947 καὶ
2800 3890 3119 3970 φλεγόγενοι
3199 3889 3302 3945 ὑπὸ
3365 3895 3462 3944 τοῦ
3531 3890 3840 3964 καύματος,

2183 3983 2629 4061 προσεγγίζοντες
2704 3979 2756 4034 ἐν
2814 3985 2893 4052 τῷ
2951 3974 3088 4054 ὄρει,
3163 3975 3498 4056 δροσίζονται
3574 3979 3682 4034 ὑπὸ
3740 3980 3843 4048 τὴν

2184 4076 2331 4129 σκιὰν
2365 4078 2472 4127 τῶν
2524 4067 2756 4147 δένδρων
2805 4074 2902 4124 τοῦ
2952 4065 3136 4144 ὅρους,
3185 4068 3220 4138 ἢ
3273 4067 3361 4124 καὶ
3395 4065 3483 4123 διὰ
3511 4072 3613 4124 τοῦ
3643 4066 3843 4130 ὕδατος

2183 4165 2622 4240 παραμδθοῦνται
2676 4158 2768 4214 τὸν
2838 4158 3090 4213 καύσωνα
3147 4163 3245 4228 τῆς
3305 4156 3532 4236 φλογός·
3594 4158 3840 4230 τοιούτῳ

2180 4252 2369 4328 τρόπῳ
2415 4251 2598 4327 γέγονε
2644 4249 2733 4303 καὶ
2781 4253 2897 4310 τοῖς
2948 4247 3258 4323 ἀνθρώποις
3288 4249 3322 4316 ἡ
3357 4246 3495 4321 ἆγνή
3529 4247 3829 4323 ΙΙαρθένος,

2179 4347 2260 4414 τῷ
2294 4339 2576 4417 δροσισμῷ
2628 4345 2728 4408 τῆς
2787 4337 3078 4416 κυοφορίας
3125 4335 3292 4406 αὐτῆς
3344 4335 3438 4398 τὰς
3487 4336 3679 4412 ψυχὰς
3731 4340 3842 4391 τῶν

2183 4430 2481 4506 ἀνθρώπων
2539 4425 3015 4505 καταφλεγομένας
3077 4426 3181 4482 ὑπὸ
3236 4431 3338 4495 τῆς
3398 4425 3673 4499 ἁμαρτίας
3722 4425 3845 4479 ἆνεο

2184 4520 2387 4590 ζώωσε,
2439 4518 2529 4572 καὶ
2578 4520 2645 4591 τῇ
2695 4521 2818 4586 σκιᾷ
2871 4521 2978 4570 τῶν
3029 4514 3311 4589 πτερύγων
3361 4518 3461 4569 τοῦ
3503 4515 3635 4568 Υἱοῦ
3667 4513 3843 4583 αὐτῆς

423 4609 732 4681 superbiae.
768 4633 793 4658 ‹‹
831 4608 939 4674 Qui
964 4608 1152 4679 tangit
1175 4613 1492 4672 montes,et
1512 4608 1798 4681 fumigant
1829 4611 1893 4677 ³¹,
1919 4633 1945 4661 ››
1972 4611 2070 4667 hoc

2188 4607 2566 4685 περιέοαλψεν.
2626 4607 2788 4680 Ὀρος
2837 4602 2894 4659 δὲ
2943 4601 3191 4680 λέγονται
3242 4602 3329 4657 καὶ
3375 4603 3428 4656 οἱ
3460 4599 3716 4675 δαίμονες
3751 4599 3846 4657 διὰ

421 4704 532 4764 est,
565 4697 665 4770 qui
709 4697 1076 4753 daemonibus
1120 4697 1573 4768 appropinquat,
1635 4697 1734 4769 qui
1793 4704 2074 4771 tanquam

421 4790 621 4844 fumus
652 4788 1019 4859 dissipantur
1049 4790 1105 4841 et
1125 4790 1499 4841 evanescunt.
1527 4787 1692 4842 Mons
1725 4789 1862 4842 item
1890 4789 2074 4846 virtus

423 4878 656 4946 dicitur,
689 4875 1184 4948 quemadmodum
1244 4883 1483 4930 sanctus
1509 4875 1824 4948 Gregorius
1861 4878 2070 4950 inquit.

423 4968 730 5041 Siquidem
760 4969 935 5024 etiam
967 4967 1026 5023 in
1053 4968 1159 5023 hoc
1191 4973 1390 5024 monte
1422 4969 1574 5024 Deus
1607 4974 1847 5041 apparet
1885 4969 2074 5024 homi-

424 5058 619 5128 nibus,
650 5058 774 5130 ipse
808 5058 1048 5130 quidem
1081 5075 1112 5114 a
1144 5058 1235 5113 sui
1260 5058 1537 5114 domicilii
1573 5059 1810 5129 specula
1840 5059 2077 5114 descen-

425 5148 594 5216 dens,
619 5164 724 5203 nos
753 5164 886 5204 vero
937 5164 1005 5203 ex
1064 5147 1183 5202 ima
1213 5147 1547 5203 humilitate
1582 5153 1783 5204 nostra
1813 5147 1872 5203 in
1904 5147 2076 5203 subli-

430 5252 524 5293 me
553 5236 788 5293 tollens.

499 5416 726 5481 Quins'r.
761 5411 1042 5470 LXXXVI.
1067 5414 1255 5478 Quare
1286 5413 1474 5470 virtus
1498 5414 1712 5470 dicitur
1736 5415 1943 5471 mons?

497 5503 664 5560 Resp.
699 5502 840 5568 Quia
893 5503 1045 5559 sicut
1098 5519 1269 5559 mons
1316 5503 1422 5559 etsi
1454 5502 1718 5560 excelsus
1761 5508 1850 5560 est
1897 5519 2077 5576 supra

2184 4699 2273 4753 τὸν
2323 4693 2479 4772 ὄγκον
2556 4698 2654 4764 τῆς
2723 4692 3108 4770 ὑπερηφανίας,
3167 4717 3195 4744 ι(
3245 4692 3306 4748 Ὁ
3365 4691 3675 4764 ἁπτόμενος
3730 4695 3842 4746 τῶν

2187 4786 2377 4862 ὀρέων,
2444 4784 2531 4839 καὶ
2595 4782 2984 4851 καπνίζονται·
3040 4781 3315 4837 τουτέστιν
3376 4781 3404 4834 6
3461 4780 3841 4856 προσεγγίζων

2183 4881 2298 4937 τοῖς
2332 4873 2574 4946 δαίμοσι,
2624 4872 2712 4926 καὶ
2763 4872 2835 4933 ὡς
2884 4871 3083 4932 καπνὸς
3135 4867 3449 4925 διαλύονται
3497 4870 3587 4923 καὶ
3647 4868 3845 4948 ἀφανί-

2189 4970 2386 5034 ζονται.
2447 4963 2612 5036 Ὄρος
2664 4959 2720 5016 δὲ
2768 4958 3000 5034 λέγεται,
3051 4959 3136 5014 καὶ
3186 4961 3221 5028 ἡ
3273 4958 3464 5033 ἀρετὴ,
3511 4957 3693 5020 καθώς
3726 4959 3754 5012 6
3785 4957 3840 5011 ἐν

2188 5054 2358 5128 ἁγίοις
2415 5049 2712 5128 Γρηγόριός
2773 5067 2956 5128 φησιν’
3014 5047 3128 5104 ἐπεὶ
3185 5047 3276 5103 καὶ
3323 5047 3374 5102 έν
3405 5051 3484 5118 τῷ
3513 5048 3627 5124 δρει
3661 5046 3845 5119 τούτῳ

2186 5143 2313 5204 Θεὸς
2372 5140 2679 5214 ἀνθρώποις
2734 5139 3075 5220 φαντάζεται,
3132 5138 3196 5191 τὸ
3267 5137 3452 5210 μέντοι
3497 5131 3844 5192 καταϐαἱνων

2185 5231 2290 5286 ἀπὸ
2339 5237 2438 5300 τῆς
2480 5228 2679 5288 οἰκείας
2709 5229 3016 5303 περιωπῆς,
3047 5227 3108 5282 τὸ
3141 5223 3200 5281 δὲ
3227 5227 3376 5298 ἡμᾶς
3404 5223 3619 5300 ἀνάγων
3655 5225 3717 5280 ἐκ
3743 5231 3849 5294 τῆς

2185 5320 2422 5384 κάτωθεν
2451 5316 2849 5378 ταπεινώσεως.

2262 5408 2459 5484 Ἐρώτ,
2495 5408 2603 5470 σις’,
2637 5407 2734 5460 Διά
2761 5403 2816 5459 τί
2846 5403 3060 5482 λέγεται
3091 5403 3219 5480 ὅρος
3249 5405 3284 5474 ἡ
3324 5402 3488 5479 ἀρετή
3519 5422 3533 5474 ἶ

2255 5496 2448 5555 Ἀπόκ.
2479 5492 2698 5565 Ἐπειδὴ
2761 5487 2942 5570 ὥσπερ
2997 5493 3060 5549 τὸ
3114 5489 3241 5567 ὅρος
3302 5491 3512 5568 ὑψηλὸν
3566 5495 3671 5558 τῆς
3716 5498 3850 5568 γῆς,

501 5649 546 5685 ³⁸
577 5650 731 5707 Psal.
763 5665 882 5719 cm,
914 5649 1005 5716 21,
1043 5651 1135 5718 22,
1168 5650 1211 5684 ³⁷
1242 5648 1395 5707 Psal.
1427 5666 1563 5721 xvu,
1590 5651 1788 5719 12,13.
1815 5651 1859 5687 ²⁸
1900 5648 2057 5707 Psal.

2188 5663 2304 5715 xm,
2362 5647 2415 5702 3.
2450 5645 2498 5681 ³⁸
2546 5642 2697 5718 Psal,
2757 5659 2930 5704 vau.
2966 5643 3052 5700 17.
3097 5641 3144 5680 ³ο
3176 5641 3374 5701 Hahae
3403 5657 3491 5714 nx,
3520 5641 3577 5699 3.
3609 5642 3656 5682 ³³
3688 5639 3855 5700 Psal.

430 5735 548 5795 ciu,
572 5723 660 5778 32.
