4080 6206
287 365 417 425 749

1457 361 1966 434 ΟΠΛΕΞΤΙΟΝΕὸ
2011 361 2084 421 ΙΝ
2132 364 2275 424 PSA
2288 365 2512 427 LMOS.

3591 369 3711 430 750

295 491 695 569 χαμηλότερον
725 489 781 546 δὲ
807 496 904 547 τοῦ
952 492 1202 567 οὐρανοῦ,
1249 491 1423 554 οὕτως
1475 492 1585 546 ἐστὶ
1612 493 1698 548 καὶ
1733 493 1760 546 6
1794 491 1922 566 ἔργα

2070 497 2306 561 terram,
2341 496 2482 553 coelo
2533 501 2724 553 tamen
2777 502 2866 552 est
2913 496 3213 564 humilior,
3242 498 3322 552 ita
3370 497 3560 570 quiin
3593 502 3714 563 vita

293 583 531 656 ζόμενος
577 583 677 650 τήν
729 583 943 656 ἀρετήν·
1000 578 1335 656 ὑψηλότερος
1389 583 1480 655 μὲν
1535 581 1643 637 ἔστι
1693 589 1792 650 τῆς
1823 588 1948 656 γῆς,

287 669 438 726 διότι
471 672 740 746 ἆνώτερος
773 670 1004 747 ὑπάρχει
1051 674 1159 724 τῶν
1196 671 1465 746 βιωτικῶν
1509 668 1830 748 φροντίδων,
1861 670 1951 724 καὶ

276 766 397 815 τῶν
428 765 525 816 τοῦ
567 759 780 832 κόσμου
833 759 995 815 ὑλῶν·
1050 759 1439 836 χαμηλότερος
1487 757 1543 814 δὲ
1589 761 1821 836 ὑπάρχει
1853 764 1949 813 τοῦ

280 851 544 927 οὐρανοῦ,
599 848 785 918 ἐπειδὴ
840 851 1018 923 ἀκμὴν
1073 848 1122 903 ἐν
1171 855 1249 921 τῷ
1305 848 1409 923 βίῳ
1456 849 1634 922 τούτῳ
1681 849 1812 917 ἐστὶ,
1858 848 1946 902 καὶ

279 939 388 992 οὐκ
435 938 684 1006 ἀπέθανε,
729 936 821 992 ἳνα
878 937 1214 1012 έλευθερωθῇ
1265 936 1547 999 παντελῶς
1592 943 1688 992 105
1737 937 1946 1010 κόσμου

273 1028 497 1082 τοᾶτου·
541 1027 630 1082 καὶ
662 1027 710 1081 ἐν
753 1027 933 1100 τούτῳ
985 1026 1190 1082 ἵσταται
1230 1026 1393 1099 μέσον
1439 1026 1669 1098 οὖρανοῦ
1699 1027 1788 1081 καὶ
1818 1033 1950 1112 γῆς,

271 1121 520 1195 καθάπερ
554 1141 604 1174 τι
653 1115 805 1195 ὄρος,
859 1119 932 1181 ὡς
983 1117 1214 1193 εἷ’ρηται·
1268 1116 1452 1188 ἐπειδὴ
1501 1118 1612 1179 καὶ,
1647 1145 1672 1170 ‹‹
1707 1123 1847 1194 ⁸Ὀρη
1879 1119 1944 1172 τὰ

279 1207 474 1281 ὑψηλὰ
522 1213 641 1268 ταῖς
690 1206 936 1286 ἐλάφοις,
970 1232 996 1258 ›)
1031 1206 1154 1262 ὅταν
1202 1206 1373 1282 λέγει,
1426 1207 1520 1268 τὰς
1575 1206 1788 1281 ὑψηλὰς
1820 1206 1943 1281 ἀρε-

272 1298 377 1358 τὰς
439 1295 728 1370 ὀνομάζει·
792 1297 1033 1370 έμάφους
1090 1295 1146 1351 δὲ
1197 1298 1293 1358 τὰς
1352 1297 1531 1372 ψυχὰς
1588 1301 1694 1350 τῶν
1755 1295 1937 1370 ἁγίων·

273 1383 470 1456 ἐπειδῆ
507 1385 558 1440 έν
589 1392 706 1448 ταῖς
741 1384 981 1460 ὑψηλαῖς
1025 1390 1134 1442 τῶν
1185 1387 1388 1460 ἀρετῶν
1423 1384 1721 1460 ἐργασίαις,
1758 1384 1938 1461 ὥσπερ

272 1472 477 1553 ἔλαφοι
534 1475 586 1531 ἐν
644 1475 725 1549 τῷ
783 1472 917 1549 ὄρει,
993 1471 1409 1552 τριὸοϐατοῦσιν
1481 1477 1534 1530 αἱ
1595 1477 1768 1551 ψυχαὶ
1825 1481 1934 1531 τῶν

268 1567 471 1640 ἁγίων.
532 1565 709 1642 Πέτρα
765 1563 822 1622 δὲ
877 1568 1160 1644 καταφυγὴ
1225 1571 1341 1628 τοῖς
1402 1564 1644 1640 λαγωοῖς
1705 1565 1842 1621 ἐστιν
1906 1568 1934 1621 6

265 1657 523 1731 Χριστός.
576 1656 836 1731 Ὑπάρχει
890 1653 947 1710 δὲ
993 1657 1276 1734 καταφυγή
1326 1660 1433 1711 τῶν
1487 1654 1536 1710 ἐν
1568 1653 1760 1730 ἐρήμῳ
1802 1667 1930 1721 καθ-

274 1749 368 1813 εζο
378 1746 475 1816 μέν
482 1767 553 1800 ων
565 1787 577 1799 .

343 1834 541 1907 Ἐρώτ.
573 1835 680 1904 πζ’.
710 1833 769 1888 Τί
800 1832 947 1911 λέγει
981 1839 1078 1889 τοῦ
1111 1831 1342 1910 ἐρωδιοῦ
1372 1836 1404 1888 -ἓ
1430 1835 1676 1891 κατοικία
1710 1853 1724 1905 ;

341 2011 534 2068 Ἀπόκ.
569 2013 630 2070 Ὀ
661 2011 886 2086 έρωδιὸς
930 2012 1114 2089 δρνεόν
1166 2012 1325 2083 ἐστιν,
1377 2015 1450 2076 ὡς
1501 2012 1724 2090 λέγουσί
1762 2035 1921 2076 τινες·

264 2099 330 2155 τὸ
366 2098 423 2156 δὲ
456 2097 640 2177 ὄρνεον
687 2099 921 2180 φωλεῦει
980 2102 1030 2157 ἐν
1083 2102 1277 2176 ἐρήμῳ
1323 2101 1478 2175 τόπῳ
1510 2101 1561 2158 ἐν
1594 2107 1807 2182 κορυφῇ
1839 2125 1922 2158 τέ’

267 2211 364 2251 νος
394 2188 640 2264 δέιὸρου.
700 2194 993 2267 Ἔρχονται
1047 2189 1105 2246 δὲ
1156 2193 1222 2245 τὰ
1282 2193 1450 2268 μικρᾶ
1503 2192 1774 2269 στρουθία,
1834 2193 1922 2248 καὶ

274 2277 618 2356 φωλεόουσιν
669 2279 922 2336 ὑποκάτω
975 2280 1139 2336 αἱ)τοῦ
1187 2279 1426 2356 γῦρωθεν
1477 2281 1527 2336 έν
1579 2288 1656 2355 τῷ
1697 2279 1922 2360 δένδρῳ.

266 2370 510 2444 ἸΙγεῖται
546 2366 602 2424 δὲ
661 2369 835 2424 αὐτῶν
891 2368 980 2424 καὶ
1040 2369 1411 2439 ἐπικαθέζεται
1468 2373 1502 2440 ἡ
1535 2372 1780 2427 κατοικία
1828 2377 1923 2427 τοῦ

265 2455 546 2533 Epeos-.05,
605 2458 858 2537 φῦλάττει
920 2457 976 2513 δὲ
1030 2464 1198 2514 ταῦτα
1253 2459 1358 2515 ἀπὸ
1409 2465 1514 2515 τῶν
1576 2467 1920 2539 φθοροποιῶν

267 2547 537 2622 ἑρπετῶν,
570 2552 678 2602 τῶν
712 2547 982 2603 θελόντων
1013 2553 1253 2603 κακῶσαι
1286 2548 1436 2609 αὐτά,

342 2637 537 2712 Ἐρώτ.
572 2644 681 2706 πη’.
717 2636 777 2690 Τί
811 2635 960 2712 λέγει
992 2639 1020 2691 6
1052 2640 1365 2716 Προφήτης,
1395 2638 1520 2694 ὅταν
1551 2638 1716 2716 λέγει·
1749 2665 1777 2693 ‹‹
1829 2641 1922 2704 Εἰς

266 2725 334 2780 τὸ
366 2724 524 2787 τέλος
559 2727 634 2798 μὴ
668 2725 980 2803 διαφθείρῃς
1008 2731 1086 2799 τῷ
1116 2722 1284 2782 Λαϐίδ
1314 2747 1327 2797 ;
1363 2754 1390 2781 ››

344 2813 535 2871 Ἀπόκ.
568 2814 737 2878 Τέλος
785 2813 933 2888 λέγει
969 2817 996 2870 6
1031 2819 1323 2894 Προφήτης
1367 2824 1468 2887 τῆς
1518 2819 1708 2873 ἑαυτοῦ
1753 2824 1920 2889 ζωῆς.

264 2903 583 2976 Ἐπεόξεται
638 2903 814 2958 τοίνυν
850 2906 877 2958 6
937 2906 1256 2982 Προφήτης,
1309 2904 1401 2960 ’ἱνα
1456 2907 1532 2978 μὴ
1589 2909 1807 2983 γένηται
1862 2909 1922 2963 τὸ

266 2992 433 3054 τέλος
465 3000 566 3061 τῆς
599 2999 745 3062 ζωῆς
775 2993 865 3048 καὶ
896 2995 1160 3070 περιπέσῃ
1215 2995 1289 3056 εἷς
1340 2993 1552 3071 βλάϐην
1599 2999 1735 3052 τινά.
1771 3004 1921 3053 Πᾶσα

265 3084 376 3159 γὰρ
409 3085 444 3151 ἡ
483 3083 595 3152 ζωή
632 3087 728 3138 τοῦ
758 3083 1070 3157 ἀνθρώπνυ,
1121 3082 1207 3138 ἐὰν
1251 3081 1532 3160 δαπανηθῇ
1579 3091 1780 3159 κακῶς,
1830 3089 1920 3143 καὶ

265 3173 334 3226 τὸ
389 3169 552 3233 τέλος
612 3171 774 3226 αὑτοῦ
831 3171 1053 3247 γένηται
1113 3174 1375 3247 χρηστὸν,
1433 3174 1593 3251 χάρις
1646 3177 1735 3230 καὶ
1795 3175 1920 3250 δόξα

267 3260 436 3316 ἐστίν.
473 3261 593 3315 Ἐὰν
627 3257 684 3315 δὲ
713 3261 776 3315 τὸ
820 3259 980 3323 τέλος
1029 3266 1400 3340 καταπραφῇ,
1447 3261 1607 3319 τοῦτο
1635 3263 1918 3336 ἀθλιότης.

267 3350 370 3406 Διὰ
414 3355 578 3405 τοῦτο
621 3349 904 3426 ἐπεύχεται
951 3351 980 3404 6
1034 3353 1326 3430 Προφήτης
1376 3353 1614 3429 γενέσθαι
1662 3355 1724 3408 τὸ
1761 3353 1918 3417 τέλος

263 3443 367 3509 τῆς
425 3445 571 3509 ζωῆς
628 3440 790 3495 αὑτοῦ
837 3438 1026 3495 καλόν·
1080 3438 1167 3494 ἐπὶ
1213 3439 1374 3496 τοῦτο
1421 3444 1510 3497 καὶ
1560 3443 1662 3520 γὰρ
1703 3444 1922 3518 ψαλμὸν

266 3528 661 3604 ωνεγράψατο.

343 3619 540 3694 Ἐρώτ.
575 3618 678 3672 πθ’.
728 3614 796 3674 Τί
840 3614 1010 3692 λέγει·
1044 3642 1073 3669 ‹‹
1109 3621 1483 3694 Καυχήσονται
1537 3620 1674 3675 ὅσιοι
1727 3621 1778 3677 ἐν
1827 3620 1917 3678 δό-

265 3709 358 3781 ξῃ,
393 3706 485 3761 καὶ
515 3705 935 3782 ἀγαλλιάσονται
967 3704 1054 3761 ἐπὶ
1082 3711 1189 3762 τῶν
1223 3711 1419 3762 κοιτῶν
1452 3709 1625 3764 αὐτῶν
1663 3731 1674 3780 ;

1664 3737 1738 3780 ᾖ»

343 3882 539 3939 Ἀπόκ.
626 3881 836 3945 Ὁσίους
922 3880 1071 3958 λέγει
1145 3881 1270 3946 τοὺς
1357 3887 1755 3959 πνευματικοὺς
1828 3889 1917 3943 καὶ

271 3974 467 4049 ἁγίους
498 3973 816 4048 ἀνθρώπους
852 4017 866 4042 ,
917 3970 1105 4034 οἵτινες
1148 3977 1458 4048 καυχῶνται
1509 3977 1642 4048 μετὰ
1697 3978 1919 4033 θάνατον

271 4063 362 4118 ἐπὶ
390 4067 511 4124 ταῖς
539 4062 744 4124 κοίταις
775 4062 973 4118 αὐτῶν.
1026 4063 1215 4118 Κοῖται
1266 4059 1322 4116 δέ
1355 4062 1484 4118 εἰσιν
1536 4065 1590 4119 αἱ
1626 4067 1781 4139 μοναὶ
1810 4072 1917 4122 τῶν

274 4152 474 4228 ἁγίων,
505 4150 569 4214 ἃς
599 4150 900 4226 εὑρίσκουσι
935 4151 1068 4224 μετὰ
1099 4152 1344 4222 θάνατον,
1377 4152 1465 4207 καὶ
1506 4153 1840 4230 ἀγάλλονται
1871 4155 1922 4211 έν

269 4246 342 4317 τῇ
379 4239 628 4317 βασιλείᾳ
653 4243 758 4294 τῶν
790 4239 1058 4312 οὐρανῶν.

344 4332 453 4400 Τὴν
503 4329 555 4384 ἐν
609 4334 723 4402 Θεῷ
768 4327 1046 4384 τελείωσιν
1094 4325 1416 4385 διδάσκουσα
1459 4334 1493 4401 ἡ
1548 4331 1664 4388 θεία
1710 4335 1922 4412 Γραφή,

269 4421 364 4476 καὶ
396 4417 664 4490 δηλοῦσα,
713 4417 989 4492 ὠνόμασεν
1041 4417 1205 4488 αὐτὴν
1235 4417 1425 4489 ὕπνον,
1469 4422 1558 4476 καὶ
1589 4422 1798 4494 κοίτην,
1832 4425 1922 4478 καὶ

270 4509 494 4578 κλίνην,
548 4508 638 4563 καὶ
688 4507 936 4572 θάνατον.
992 4509 1188 4562 Ὕπνον
1229 4508 1347 4581 μὲν,
1403 4509 1479 4572 ὡς
1533 4509 1657 4566 ὅταν
1715 4511 1862 4589 λέγει
1895 4516 1922 4569 6

2064 602 2170 640 sua
2197 584 2471 641 virtutem
2521 593 2743 641 exercet
2779 605 2790 642 :
2828 591 2982 642 terra
3009 585 3245 658 quidem
3296 591 3384 642 est
3410 590 3707 661 excelsior,

2061 691 2126 729 eo
2151 677 2302 746 quod
2330 676 2508 747 hujus
2531 678 2660 729 vitm
2683 693 2854 731 curas
2876 681 2933 730 et
2960 676 3164 731 mundi
3190 676 3421 749 negotia
3441 687 3704 751 superet;

2061 764 2446 820 nihilominus
2505 771 2698 820 tarmen
2757 773 2843 820 est
2899 765 3138 821 inferior
3188 766 3352 833 cmlo,
3401 773 3709 840 prepterea

2059 854 2212 925 quod
2264 854 2453 909 adhuc
2512 854 2566 908 in
2628 855 2736 908 hac
2787 855 2901 909 vita
2948 855 3192 922 exsistit,
3226 861 3279 911 et
3326 857 3587 913 nondum
3619 865 3707 915 est

2061 949 2348 1012 mortuus,
2386 949 2447 997 ut
2499 946 2730 1014 penitus
2762 944 2868 999 hoc
2915 945 3134 999 mundo
3185 945 3482 999 liberetur.
3516 948 3704 1019 Atque

2057 1032 2128 1085 ob
2160 1031 2216 1086 id
2250 1031 2403 1087 inter
2435 1033 2644 1087 coelum
2682 1039 3014 1104 terramque
3046 1038 3202 1088 tenet
3238 1035 3517 1102 medium,
3551 1035 3704 1092 sicut

2057 1138 2244 1188 mons,
2280 1123 2779 1192 quemadmodum
2811 1123 3030 1177 dictum
3064 1129 3171 1178 est.
3211 1124 3421 1178 Deinde
3451 1141 3580 1180 cum
3616 1125 3701 1179 di-

2055 1211 2132 1264 cit
2166 1229 2179 1266 :
2215 1233 2241 1259 «
2277 1210 2501 1266 Montes
2536 1211 2745 1266 excelsi
2777 1211 2961 1266 cervis
2987 1212 3054 1280 3’,
3084 1233 3106 1260 »ι
3143 1212 3290 1267 altos
3324 1218 3566 1278 montes,
3601 1231 3700 1269 ex-

2053 1299 2236 1355 celsas
2289 1299 2576 1368 virtutes;
2612 1317 2809 1356 cervas
2867 1317 3021 1366 vero,
3081 1305 3418 1355 sanctorum
3467 1301 3700 1358 animas

2049 1397 2210 1445 vocat
2244 1406 2256 1442 :
2295 1390 2772 1461 quandoquidem
2803 1390 2860 1444 in
2895 1389 3138 1444 excelsis
3170 1390 3502 1445 actionibus
3522 1390 3701 1446 virtu-

2047 1482 2196 1544 tum,
2231 1478 2385 1534 sicut
2439 1477 2494 1532 in
2548 1480 2846 1534 montibus
2895 1495 3090 1543 cervae,
3127 1483 3440 1534 versantur
3488 1479 3699 1537 animas

2047 1572 2405 1623 sanctorum.
2466 1571 2636 1623 Petra
2689 1584 2821 1623 vero
2878 1567 3167 1640 refugium
3228 1567 3549 1640 leporibus,
3608 1573 3698 1626 est

2043 1656 2330 1712 Christus.
2367 1657 2579 1729 Estque
2630 1657 2920 1730 refugium
2971 1673 3196 1726 eorum,
3230 1657 3328 1728 qui
3381 1657 3586 1715 sedent
3632 1659 3692 1716 in

2042 1747 2290 1802 deserto.

1960 1865 2006 1930 B
2110 1837 2338 1930 Cum”.
2375 1836 2689 1892 LXXXVII.
2724 1836 2871 1903 Quid
2919 1836 3234 1909 signiﬁcat,
3266 1836 3548 1893 habitatio
3587 1837 3692 1894 be-

2038 1925 2186 1980 rodii
2203 1925 2232 1980 ?

2106 2015 2281 2071 RESP.
2319 2015 2627 2083 Herodius,
2663 2019 2726 2070 ut
2777 2014 2958 2086 aliqui
2991 2015 3213 2086 dicunt,
3251 2019 3340 2072 est
3385 2014 3526 2084 avis,
3562 2033 3688 2089 qua

2037 2105 2238 2160 nidum
2264 2105 2322 2160 in
2341 2106 2570 2161 deserto
2597 2103 2742 2172 loco,
2771 2105 2830 2160 in
2854 2103 3081 2161 arboris
3103 2104 3354 2175 alicujus
3381 2106 3689 2162 cacumine

2035 2193 2298 2250 collocat.
2330 2194 2585 2250 Veniunt
2624 2211 2756 2250 vero
2788 2193 3128 2267 passerculi,
3160 2199 3216 2250 et
3265 2195 3469 2250 subter
3498 2195 3686 2267 ipsam

2033 2283 2489 2354 circumquaque
2546 2283 2603 2338 in
2666 2285 2870 2338 arbore
2931 2283 3254 2340 nidiﬁcent.
3311 2287 3432 2339 Dux
3490 2289 3685 2340 autem

2033 2372 2295 2444 ipsorum
2342 2376 2448 2440 est,
2482 2371 2681 2442 eisque
2730 2372 3145 2444 superponitur
3187 2373 3399 2428 domus
3431 2372 3686 2444 herodii,

2035 2479 2160 2533 quae
2211 2473 2308 2516 eos
2359 2478 2392 2516 a
2441 2460 2656 2516 nocivis
2714 2460 3020 2533 reptilibus
3075 2479 3201 2535 quae
3258 2462 3417 2535 ipsos
3475 2461 3683 2519 laedere

2032 2551 2254 2617 volunt,
2289 2550 2565 2606 custodit.

2102 2639 2327 2703 Qums'r.
2363 2638 2702 2694 LXXXVIII.
2737 2639 2884 2705 Quid
2932 2639 3057 2695 vult
3084 2640 3374 2712 Propheta
3418 2657 3554 2697 cum
3586 2641 3681 2697 in-

2033 2729 2160 2801 quit
2193 2747 2204 2782 :
2242 2752 2268 2778 «
2306 2729 2364 2783 In
2397 2729 2572 2784 ﬁnem
2607 2745 2679 2784 ne
2711 2729 2918 2801 perdas
2948 2729 3130 2784 David
3162 2729 3254 2784 33'?

2107 2818 2276 2873 RESP.
2340 2818 2537 2873 Finem
2597 2834 2715 2872 suae
2770 2818 2917 2886 vitae,
2979 2818 3118 2873 dicit
3173 2818 3483 2891 Propheta.
3542 2819 3683 2875 Orat

2032 2907 2229 2979 itaque
2270 2907 2557 2979 PrOpheta
2606 2923 2677 2962 ne
2732 2906 2859 2962 vita
2919 2924 3036 2964 suae
3097 2907 3232 2964 ﬁnis
3289 2906 3506 2973 veniat,
3539 2923 3681 2964 neve

2034 2995 2253 3052 incidat
2292 2997 2352 3051 in
2407 2995 2642 3067 aliquod
2701 2997 3007 3051 damnum.
3040 3000 3184 3052 Nam
3243 3002 3365 3053 tota
3423 2997 3680 3053 hominis

2029 3085 2149 3140 vita
2201 3085 2249 3140 si
2298 3085 2448 3141 male
2507 3089 2825 3153 transacta,
2861 3086 2994 3142 tinis
3053 3091 3245 3142 autem
3303 3087 3431 3157 ejus
3488 3087 3680 3143 bonus

2035 3174 2230 3243 fuerit,
2265 3175 2455 3246 gratia
2503 3179 2592 3231 est
2621 3180 2678 3230 et
2723 3174 2927 3247 gloria.
2962 3175 3020 3231 Si
3054 3192 3188 3232 vero
3240 3175 3376 3231 finis
3408 3177 3680 3232 funestus

2033 3264 2230 3332 fuerit,
2270 3265 2378 3320 hoc
2412 3265 2651 3320 demum
2701 3268 2789 3319 est
2837 3263 3139 3321 miserum.
3176 3264 3314 3320 Orat
3354 3281 3491 3337 ergo
3543 3265 3680 3321 Pro-

2031 3353 2226 3426 pheta,
2261 3357 2327 3410 ut
2357 3370 2476 3409 suae
2509 3354 2638 3409 vita
2670 3353 2803 3410 ﬁnis
2831 3353 3022 3410 bonus
3054 3353 3129 3410 sit
3162 3371 3175 3410 :
3208 3370 3341 3410 nam
3373 3354 3503 3411 ideo
3533 3371 3674 3411 con-

2030 3442 2269 3516 scripsit
2297 3443 2454 3499 hunc
2487 3441 2803 3515 psalmum.

2100 3623 2252 3679 272
2285 3621 2506 3685 Qums'r.
2559 3619 2841 3676 LXXXIX.
2891 3619 3039 3684 Quid
3088 3623 3178 3675 est
3224 3620 3378 3691 quod
3429 3619 3665 3690 inquit:

2027 3733 2055 3763 «
2090 3711 2506 3767 Gloriabuntur
2551 3709 2737 3765 sancti
2768 3709 2827 3764 in
2859 3708 3066 3781 gloria,
3099 3713 3157 3764 et
3201 3706 3576 3764 exsultahunt
3607 3707 3668 3764 in

2027 3801 2320 3858 cubilibus
2353 3800 2478 3856 suis
2509 3799 2595 3853 3‘?
2630 3821 2656 3847 »

2099 3891 2265 3946 Rssr.
2299 3889 2538 3944 Sanctos
2571 3886 2711 3942 dicit
2758 3884 3095 3958 spirituales
3133 3888 3190 3940 et
3220 3885 3432 3958 probos
3481 3884 3669 3940 homi-

2030 3998 2154 4048 nes,
2189 3978 2286 4052 qui
2331 3977 2744 4050 gloriabuntur
2794 3978 2925 4046 post
2973 3978 3219 4029 mortem
3266 3974 3326 4029 in
3379 3974 3674 4032 cubilibus

2031 4070 2174 4127 suis.
2207 4066 2434 4123 Cubilia
2453 4081 2584 4120 vero
2608 4070 2748 4120 sunt
2773 4064 3112 4119 mansiones
3134 4068 3493 4133 sanctorum,
3527 4080 3676 4136 quas

2031 4164 2162 4232 post
2191 4161 2438 4212 mortem
2479 4151 2803 4220 inveniunt,
2835 4158 2891 4207 et
2919 4150 3214 4208 exsultant
3241 4152 3301 4207 in
3353 4169 3530 4226 regno
3561 4170 3672 4208 coe-

2030 4246 2242 4302 lorum.

2103 4335 2332 4390 Exitum
2365 4331 2490 4386 vitae
2540 4329 2599 4384 in
2631 4329 2819 4401 gratia
2869 4329 2968 4385 Dei
3002 4328 3409 4386 obvenientem
3459 4331 3676 4386 docens

2032 4429 2090 4481 et
2147 4422 2460 4479 ostendens
2526 4418 2724 4474 divina
2779 4418 3098 4490 Scriptura,
3169 4419 3392 4475 vocavit
3457 4420 3677 4492 ipsum,

2034 4509 2558 4582 somnum,cubile,
2592 4507 2829 4575 lectum,
2863 4513 2920 4563 et
2949 4512 3516 4565 mortem.Somnum
3549 4509 3679 4580 qui-

274 4593 468 4656 Δαείδ·
502 4623 530 4650 ‹‹
577 4600 662 4652 Ἐν
715 4596 903 4672 εἷ’ρήνῃ
952 4596 1039 4651 ἐπὶ
1085 4597 1148 4652 τὸ
1199 4597 1327 4652 αὐτὸ
1375 4603 1790 4674 κοιμηθήσομαι
1839 4602 1927 4657 καὶ

2050 4605 2168 4661 lem
2201 4605 2387 4671 vocat,
2419 4603 2483 4654 ut
2506 4614 2640 4653 cum
2673 4597 2754 4653 ait
2780 4597 2952 4653 David
2979 4613 2992 4652 :
3020 4620 3046 4648 (α
3078 4597 3140 4652 In
3169 4613 3310 4669 pace
3332 4599 3391 4652 in
3420 4598 3680 4670 idipsum

277 4690 536 4744 ὑπνώσω·
573 4710 602 4738 ››
630 4684 756 4755 ἤτοι
787 4685 874 4741 ἐπὶ
903 4686 966 4740 τὸ
1015 4685 1145 4741 αὐτὸ
1176 4690 1523 4758 καταντήσω·
1558 4691 1819 4764 σχολάσω
1851 4691 1926 4754 εἰς

275 4777 411 4832 αὐτὸ
441 4776 503 4830 τὸ
534 4779 627 4849 ζῇν
657 4774 709 4830 έν
744 4779 880 4846 Θεῷ,
913 4774 1045 4829 κατᾶ
1090 4775 1182 4829 τὸν
1234 4775 1454 4832 εἰπόντα
1485 4780 1632 4854 ἅγιον
1666 4779 1930 4836 Ἀπόστο-

280 4866 404 4920 λον·
443 4889 470 4917 ι(
501 4870 586 4920 Ζῶ
618 4861 676 4919 δὲ
708 4862 805 4918 οὐκ
835 4859 912 4918 ἔτι
946 4864 1076 4938 ἐγὼ,
1112 4867 1177 4938 ζῇ
1211 4861 1269 4919 δὲ
1297 4863 1348 4918 έν
1399 4865 1521 4938 ἐμοὶ
1556 4868 1583 4921 6
1617 4868 1864 4943 Χριστός·
1903 4893 1931 4920 ››

279 4956 472 5024 κοίτην
533 4952 614 5025 δέ,
663 4955 736 5015 ὡς
783 4955 908 5008 ὁταν
955 4951 1123 5028 λέγει·
1182 4977 1206 5006 ι(
1259 4958 1632 5030 Καυχήσονται
1682 4958 1821 5012 ’ὁσιοι
1879 4957 1930 5011 ἐν

281 5043 416 5120 δόξῃ
447 5087 460 5113 ,
503 5045 594 5099 καὶ
638 5042 1063 5118 ἀγαλλιάσονται
1117 5042 1203 5097 ἐπὶ
1252 5048 1358 5098 τῶν
1418 5050 1614 5100 κοιτὼν
1669 5047 1867 5104 αὐτῶν,
1906 5071 1933 5099 η

282 5138 489 5208 ’Ὠσπερ
542 5134 642 5207 γὰρ
701 5134 728 5186 6
760 5132 813 5187 ἐν
855 5136 926 5206 τῇ
985 5153 1140 5205 κοιτῃ
1197 5134 1372 5187 πεσὼν
1428 5136 1787 5191 ἀναπέπαυται
1845 5137 1934 5191 καὶ

280 5224 444 5279 ὑπνοὶ
504 5220 703 5293 ἡδέως·
755 5221 928 5282 οὕτως
978 5219 1068 5276 καὶ
1117 5221 1146 5275 6
1191 5219 1496 5286 τελειωθεὶς
1551 5223 1602 5278 ἐν
1662 5227 1938 5298 Θεῷηκαὶ

280 5314 493 5392 φθάσας
548 5311 624 5372 εἷς
678 5307 843 5386 ἄνδρα
890 5308 1099 5365 τέλειον
1137 5352 1152 5378 ,
1202 5310 1279 5374 εἷς
1331 5312 1524 5386 μέτρον
1572 5296 1939 5383 ἡλικίας’τοῦ

277 5403 664 5480 πληρώματος
734 5405 831 5456 τοῦ
889 5401 1125 5476 Χριστοῦ
1159 5447 1173 5473 ,
1233 5401 1599 5458 ἀναπέπαυται
1666 5404 1716 5459 ἐν
1778 5410 1938 5478 Θεῷ,

281 5493 472 5569 ὥσπερ
521 5490 712 5563 κοίτην
765 5489 1072 5568 ἡγούμενος
1120 5489 1219 5560 τὴν
1272 5490 1323 5546 έν
1353 5496 1468 5566 Θεῷ
1497 5490 1797 5552 τελείωσιν.
1830 5495 1942 5551 Πό-

353 5639 407 5676 ³²
437 5636 599 5694 Psal.
623 5653 746 5705 om,
779 5636 867 5693 18.
982 5636 1026 5672 ³³
1055 5635 1210 5694 Psel.
1243 5655 1354 5708 va,
1390 5640 1440 5694 1.

280 5726 478 5778 εωχ,
509 5710 564 5767 5.

1553 5639 1599 5675 ³⁸
1643 5639 1796 5699 Psal.
1846 5658 2030 5714 cxux,
2076 5641 2132 5698 5.

2039 4692 2327 4750 dormiam
2359 4692 2414 4745 et
2444 4687 2806 4760 requiescam
2836 4687 2920 4754 ³⁶;
2953 4709 2980 4736 ››
3016 4685 3076 4741 in
3108 4687 3366 4759 idipsum
3416 4687 3687 4744 videlicet

2040 4798 2362 4848 occurram,
2395 4783 2453 4834 et
2483 4777 2619 4832 huic
2658 4776 2738 4831 rei
2786 4792 3020 4847 operam
3071 4775 3244 4842 dabo,
3277 4783 3342 4831 ut
3388 4776 3573 4832 vivam
3626 4776 3687 4831 in

2041 4872 2177 4938 Deo,
2203 4870 2374 4940 juxta
2403 4875 2667 4922 sanctum
2699 4863 3067 4936 Apostolum,
3102 4864 3198 4935 qui
3232 4863 3459 4936 inquit:
3487 4886 3515 4915 ‹‹
3546 4865 3688 4920 Vivo

2044 4958 2378 5028 autemjam
2404 4971 2518 5010 non
2559 4970 2688 5025 ego,
2722 4953 2861 5007 vivit
2892 4969 3023 5007 vero
3053 4951 3111 5007 in
3145 4969 3238 5008 me
3262 4952 3532 5010 Christus
3560 4954 3624 5007 ³⁶.
3657 4973 3684 5005 ο

2045 5047 2244 5104 Cubile
2295 5061 2446 5100 vero-
2478 5048 2661 5110 vocat,
2713 5058 2846 5097 cum
2898 5041 3144 5114 inquit:
3194 5065 3221 5092 ‹‹
3275 5041 3694 5099 Gloriabuntur

2047 5136 2231 5194 sancti
2255 5136 2312 5189 in
2332 5134 2603 5205 gloria,et
2629 5129 3008 5186 exsultabunt
3029 5130 3088 5185 in
3112 5130 3406 5187 cubilibus
3437 5132 3562 5188 suis
3590 5133 3693 5186 3".»

2047 5227 2205 5282 Sicut
2255 5225 2410 5280 enim
2464 5220 2564 5292 qui
2595 5220 2652 5274 in
2686 5220 2866 5275 cubili
2897 5221 3094 5288 cubat,
3127 5219 3440 5292 requiescit
3470 5226 3526 5277 et
3555 5238 3697 5278 sua-

2050 5317 2194 5371 viter
2223 5311 2442 5368 dormit
2473 5328 2485 5366 :
2523 5309 2606 5365 sic
2637 5309 2738 5380 qui
2788 5313 3236 5364 consummatus
3267 5308 3322 5364 in
3358 5313 3471 5365 Deo
3500 5305 3609 5381 est,
3641 5313 3700 5366 et

2051 5404 2152 5477 qui
2173 5402 2351 5458 crevit
2374 5401 2431 5455 in
2451 5399 2641 5455 virum
2667 5399 2988 5470 perlectum
3033 5398 3104 5453 ad
3129 5414 3470 5454 mensuram
3511 5399 3700 5455 mtatis

2053 5489 2437 5568 plenitudinis
2460 5487 2698 5558 Christi,
2732 5487 3016 5560 requievit
3037 5487 3095 5542 in
3119 5487 3254 5560 Deo,
3288 5493 3569 5560 tanquam
3601 5504 3702 5544 cu-

2243 5638 2288 5674 ³
2338 5633 2489 5694 Psal.
2539 5649 2615 5704 IV,
2663 5633 2718 5688 9.
2832 5632 2876 5668 ³⁵
2921 5631 3106 5689 Galat.
3153 5649 3217 5700 ιι,
3264 5632 3354 5686 20.
3467 5633 3510 5670 ³⁷
3551 5629 3702 5689 Psal.
