4080 6206
408 379 521 440 751

1565 379 1630 439 S.
1679 375 2203 452 ATHANASIUS.
2231 411 2306 422 —
2339 378 2649 441 SPURIA.

3702 383 3817 447 752

409 513 524 570 bile
556 518 836 585 reputans
866 513 1427 568 consummationem
1464 511 1522 566 in
1554 511 1653 566 Dei
1683 511 1869 583 gratia
1892 511 2034 565 obve

2173 505 2266 570 δας
2299 511 2510 580 καὶτῆς
2561 512 2749 581 κοίτης
2791 513 2886 574 τὰς
2937 512 3126 589 ἀρετὰς
3178 510 3345 589 λέγει·
3378 514 3572 586 κλίνην
3615 513 3694 586 δὲ,
3743 518 3818 578 ὡς

411 603 690 658 nientem.
719 601 939 657 Cubilis
961 607 1157 657 autem
1200 601 1394 672 pedes,
1430 599 1791 656 aitvirtutes.
1829 601 2056 655 Lectum

411 702 608 750 autem
643 694 917 766 appellat,
941 710 1073 748 cum
1107 693 1298 764 inquit
1328 692 1603 748 Salomon
1641 707 1653 745 :
1688 714 1716 740 ι(
1748 690 2058 761 Sexaginta

411 784 636 840 robusti
661 781 1030 838 circumdant
1051 781 1244 851 ipsum
1266 781 1368 833 ⁸⁸.»
1391 780 1634 846 Quando
1657 779 1811 834 enim
1837 779 1906 833 ad
1937 793 2060 849 per-

407 871 717 927 factionem
741 870 1193 940 veneritjustus,
1212 869 1652 924 circumdantet
1677 868 1830 922 circa
1857 868 2056 938 ipsum

407 960 688 1015 incedunt
747 959 944 1023 fortes,
1007 958 1196 1028 angeli
1268 957 1555 1022 videlicet,
1609 959 1780 1029 juxta
1835 956 2054 1010 dictum

404 1049 551 1104 illud
581 1066 593 1104 :
625 1071 652 1098 «
691 1047 1067 1104 Providebam
1120 1047 1439 1102 Dominum
1475 1047 1532 1102 in
1579 1050 1894 1116 conspectu
1929 1061 2056 1099 meo

409 1155 662 1210 semper,
695 1138 971 1210 quoniam
1009 1154 1041 1191 a
1071 1136 1292 1192 dextris
1343 1141 1432 1191 est
1479 1135 1645 1206 mihi,
1678 1153 1750 1190 ne
1797 1150 2056 1190 commo-

405 1245 540 1284 vear
573 1229 676 1282 3°.»
702 1227 804 1282 Est
822 1242 953 1282 vero
976 1224 1496 1292 familiaredivinas
1518 1225 1855 1296 Scriptum,
1879 1223 2053 1279 etiam

407 1317 684 1389 angelum
714 1331 917 1371 vocare
966 1314 1318 1380 Dominum;
1354 1317 1418 1368 ut
1466 1313 1670 1370 Manoe
1719 1312 2052 1383 contingit:

409 1438 437 1467 «
475 1421 654 1471 Deum
701 1414 976 1476 vidimus,
1011 1434 1037 1463 »
1072 1411 1267 1482 inquit
1295 1411 1358 1474 ‘0,
1393 1427 1525 1466 cum
1574 1415 1730 1467 esset
1777 1411 1834 1465 in
1869 1411 2053 1482 phan-

407 1504 559 1561 tasia
592 1502 978 1572 Dei.Denique
1021 1507 1266 1556 mortem
1317 1517 1550 1572 quoque
1599 1501 1822 1556 vocavit
1876 1499 2053 1555 David

407 1594 576 1649 illum
609 1592 989 1660 exitum,cum
1022 1589 1217 1661 inquit
1250 1607 1262 1644 :
1302 1612 1324 1639 ι
1357 1588 1619 1645 Pretiosa
1647 1590 1706 1644 in
1739 1594 2052 1662 conspectu

407 1682 640 1739 Domini
669 1697 827 1736 mors
858 1684 1194 1735 sanctorum
1229 1679 1356 1749 ejus
1387 1681 1451 1732 ιι.
1487 1698 1513 1728 υ
1558 1677 1728 1733 Vides
1759 1682 2053 1750 quomodo

406 1780 462 1828 et
491 1786 790 1834 somnum,
821 1773 878 1823 et
907 1765 1117 1834 cubile,
1150 1771 1208 1822 et
1235 1765 1472 1836 lectum,
1503 1772 1559 1821 et
1591 1770 1836 1821 mortem
1883 1767 2050 1824 illum

2168 597 2292 653 ὅταν
2340 600 2470 675 φησὶ
2516 599 2804 674 Σολομών⁸
2859 628 2878 653 ι
2932 602 3217 672 Ἑξήκοντα
3261 601 3476 659 δυνατοὶ
3525 603 3817 660 κυκλοῦσιν

2167 687 2354 758 αὐτήν.
2390 713 2416 738 υ
2447 691 2606 744 Ὅταν
2638 689 2844 766 γὰρεῖς
2874 691 2936 746 τὸ
2961 690 3167 746 τέλειον
3202 690 3334 767 ἔλθῃ
3363 695 3390 748 6
3425 693 3696 769 ἐνάρετος,
3722 716 3816 750 πει

2169 774 2483 851 ρικυκλοῦσι
2557 779 2646 833 καὶ
2724 785 3165 856 περιστοιχοῦσιν
3220 781 3378 837 αὐτόν
3439 785 3491 838 οἱ
3551 781 3820 856 δυνατοὶ,

2165 862 2289 932 ἤτοι
2324 867 2374 920 οἱ
2407 865 2654 942 ἄγγελοι,
2686 869 2820 924 κατὰ
2847 871 2938 924 τὸν
2973 869 3213 926 εἷπόντα·
3248 897 3275 923 ‹‹
3314 874 3703 948 ΙΙροιωρώμην
3723 874 3815 928 τὸν

2166 953 2359 1030 Κύριον
2411 955 2640 1011 ἐνώπιόν
2692 980 2797 1031 μου
2847 956 2937 1014 διὰ
2981 961 3204 1029 παντὸς,
3237 959 3321 1015 δτι
3369 959 3427 1016 ἐκ
3474 958 3664 1031 δεξιῶν
3709 985 3815 1035 μου

2165 1043 2328 1112 ἐστὶν,
2367 1042 2458 1099 τίνα
2515 1047 2592 1118 μὴ
2639 1047 2906 1104 σαλευθῶ.
2943 1072 2972 1101 ››
3021 1048 3195 1106 Φίλον
3243 1047 3299 1105 δὶ
3343 1054 3411 1125 τῇ
3460 1051 3575 1122 Θείᾳ
3627 1055 3817 1131 Γραφῇ

2163 1131 2348 1188 καλεῖν
2393 1133 2483 1188 καὶ
2533 1135 2623 1189 τὸν
2671 1133 2901 1212 ἄγγελον
2951 1137 3181 1214 Κύριον,
3213 1139 3286 1201 ὡς
3335 1137 3421 1193 ἐπὶ
3466 1144 3563 1194 τοῦ
3593 1143 3813 1211 Hamis,

2166 1247 2193 1274 ι(
2248 1223 2374 1278 Θεὸν
2426 1223 2765 1300 ἑωράκαμεν,
2809 1250 2836 1279 ››
2884 1225 2934 1280 ἐν
2991 1226 3251 1306 φαντασίᾳ
3309 1234 3443 1284 Θεοῦ
3494 1231 3811 1304 γενομένου.

2164 1313 2397 1367 Θάνατον
2458 1310 2516 1368 δὲ
2569 1314 2734 1368 πάλιν
2791 1313 3000 1391 εἷ’ρηκεν
3064 1315 3230 1386 αὐτὴν
3289 1319 3318 1372 ὁ
3376 1313 3542 1373 Δαϐἱδ
3602 1319 3812 1374 εἰπών’

2169 1435 2189 1460 α
2243 1409 2432 1483 Τίμιος
2477 1409 2713 1466 ἐναντίον
2763 1412 2962 1488 Κυρίου
2993 1415 3021 1467 6
3074 1412 3299 1477 θάνατος
3344 1418 3452 1469 τῶν
3506 1415 3670 1470 ὁσίων
3720 1417 3816 1471 αύ-

2163 1503 2279 1556 τοῦ.
2317 1523 2344 1551 n
2380 1497 2531 1562 Εἶδες
2571 1505 2688 1562 πῶς
2737 1501 2826 1555 καὶ
2877 1501 3062 1573 ὕπνον,
3093 1503 3183 1556 καὶ
3226 1502 3434 1574 κοίτην,
3463 1506 3553 1558 καὶ
3594 1503 3818 1579 κλίνην,

2162 1588 2251 1642 καὶ
2299 1587 2521 1643 Θάνατον
2571 1589 2736 1658 αὐτὴν
2785 1587 2977 1662 ἔδειξεν
3023 1594 3057 1661 ἡ
3110 1592 3226 1656 θεία
3277 1595 3461 1671 Γραφή
3500 1639 3512 1650 .
3569 1594 3814 1650 Θάνατον

2163 1673 2221 1732 δὲ
2247 1677 2448 1748 ταύτην
2500 1674 2736 1754 εἷίρηκεν,
2787 1679 2868 1734 ὅτι
2919 1682 2947 1734 6
2996 1681 3280 1744 ἀποθανὼν
3331 1679 3817 1740 δεδικαίωταιᾶπὸ

2161 1770 2260 1830 τῆς
2310 1767 2595 1839 ἁμαρτίας.
2647 1771 2848 1844 Ὥσπερ
2899 1769 2998 1843 γὰρ
3054 1770 3146 1824 τὸν
3195 1772 3460 1826 τεθνεῶτα
3508 1771 3613 1826 οὐκ
3671 1771 3813 1827 ἔστιν

407 1878 533 1917 esse
564 1858 884 1916 ostenderit
936 1855 1130 1911 divina
1177 1854 1522 1927 Scriptura?
1555 1856 1800 1910 Mortem
1851 1861 2039 1912 autem

2166 1854 2475 1929 ἐπιστρέψαι
2537 1857 2587 1912 ἐν
2652 1856 2755 1932 βίῳ
2809 1859 2896 1912 καὶ
2957 1859 3263 1932 ἀμαρτῆσαι
3317 1859 3414 1914 οὐκ
3473 1858 3589 1915 ἕτι’
3635 1862 3815 1924 οὕτως

407 1951 569 2005 illam
604 1948 942 2013 nominavit,
978 1945 1130 2016 quod
1164 1945 1261 2000 ille
1290 1945 1389 2016 qui
1425 1951 1690 2000 mortuus
1721 1953 1808 1999 est
1832 1946 2047 2016 justiﬁ-

408 2045 576 2095 catus
608 2039 741 2093 sita
775 2033 1546 2108 peccato.0uemadmodum
1577 2035 1732 2088 enim
1767 2036 1866 2105 qui
1899 2052 2052 2090 mor-

411 2137 550 2184 tuus
596 2132 703 2194 est,
739 2141 853 2180 non
907 2128 1100 2196 potest
1150 2140 1355 2178 rursus
1405 2123 1610 2178 reverti
1661 2123 1720 2177 in
1766 2125 1944 2179 vitam
1995 2130 2052 2180 et

411 2217 667 2287 amplius
695 2229 1000 2287 pecccare;
1035 2212 1118 2266 ita
1161 2212 1258 2283 qui
1293 2216 1447 2282 apud
1482 2216 1660 2267 Deum
1693 2212 1802 2268 hoc
1833 2213 2050 2269 honore

404 2309 620 2379 dignus
665 2309 752 2359 est
775 2303 1034 2367 habitus,
1069 2318 1184 2356 non
1213 2305 1402 2370 potest
1424 2302 1804 2369 retrocedere,
1837 2303 1936 2356 sed
1970 2303 2050 2358 ait

403 2413 536 2450 cum
568 2393 745 2448 David
773 2410 824 2447 τι(
857 2388 1140 2446 Dominus
1173 2388 1528 2444 illuminatio
1558 2407 1684 2444 mea
1715 2395 1771 2444 et
1801 2390 2049 2447 salvator

403 2497 773 2554 meus,quem
794 2480 1012 2535 timebo
1032 2480 1076 2513 ‘2
1093 2478 1120 2533 ‘I
1144 2503 1171 2528 »
1194 2479 1414 2533 Etcum
1441 2477 1616 2533 Paulo
1648 2497 1705 2532 ;‹‹
1731 2479 1855 2534 Sive
1879 2497 2044 2535 nam-

397 2589 510 2646 que
556 2572 830 2638 vivimus,
873 2570 993 2624 sive
1042 2569 1346 2635 morimur,
1407 2568 1633 2622 Domini
1676 2585 1885 2624 sumus
1913 2571 1977 2625 ‘3.
2014 2593 2043 2620 »

395 2663 465 2717 Et
495 2677 738 2716 rursus:
766 2682 794 2708 ‹‹
821 2658 954 2714 Vivo
996 2662 1191 2712 autem
1226 2657 1354 2727 jam
1379 2673 1492 2711 non
1525 2672 1652 2728 ego,
1685 2658 1783 2712 sed
1815 2657 1954 2713 vivit
1983 2659 2041 2714 in

394 2768 487 2806 me
525 2748 832 2806 Christus:
872 2747 1024 2818 quod
1065 2761 1198 2800 vero
1250 2762 1405 2800 nunc
1437 2746 1493 2799 in
1529 2762 1703 2801 carne
1736 2746 1881 2818 vivo,
1914 2748 2040 2804 vivo

2164 1942 2288 1999 οὐδὲ
2333 1945 2424 1999 τὸν
2471 1945 2614 2000 οὕτω
2661 1945 3051 2017 καταξιωθέντα
3093 1947 3191 2002 οὐκ
3238 1946 3377 2004 ἔστιν
3412 1949 3489 2011 εἷς
3535 1951 3603 2003 τὰ
3633 1950 3813 2005 ὀπίσω

2163 2040 2480 2111 στραφῆναι,
2540 2033 2686 2090 ἀλλᾶ
2743 2035 2890 2110 λέγει
2953 2036 3084 2109 μετὰ
3137 2035 3234 2091 τοῦ
3291 2031 3476 2092 Δαϐίδ’
3533 2064 3560 2090 ‹‹
3610 2039 3813 2114 Κύριος

2162 2123 2444 2199 φωτισμός
2479 2144 2583 2196 μου
2631 2123 2720 2179 καὶ
2770 2126 2953 2200 σωτήρ
2988 2146 3116 2197 μου,
3146 2125 3264 2180 τίνα
3293 2129 3692 2203 φοοηθήσομαι
3725 2148 3742 2197 ;
3782 2153 3812 2180 η

2165 2213 2297 2282 μετᾶ
2341 2208 2399 2265 δὲ
2445 2217 2541 2266 τοῦ
2595 2211 2831 2268 Παύλου·
2872 2237 2894 2265 ι
2946 2213 3065 2268 Ἐάν
3116 2235 3174 2269 τε
3219 2215 3320 2291 γὰρ
3373 2220 3568 2289 ζῶμεν,
3617 2217 3706 2271 ὲάν
3756 2237 3816 2272 τε

2157 2299 2610 2372 ἀποθνήσκωμεν,
2660 2306 2757 2356 τοῦ
2809 2301 3005 2377 Κυρίου
3045 2301 3226 2375 ἰσμὲψ
3263 2328 3288 2354 ››
3321 2304 3410 2358 καὶ
3441 2304 3629 2360 πάλιν
3668 2330 3695 2357 ‹‹
3729 2311 3812 2360 Ζῶ

2158 2386 2214 2443 δὲ
2245 2387 2343 2443 οὐκ
2372 2386 2448 2443 ἔτι
2481 2388 2606 2465 ἐγὼ,
2641 2394 2705 2463 ζῇ
2757 2388 2814 2445 δὲ
2845 2389 2894 2445 ἐν
2945 2391 3069 2463 ἐμοὶ
3121 2392 3368 2467 Χριστός.
3400 2395 3468 2450 Ὀ
3499 2391 3558 2448 δὲ
3604 2399 3699 2448 νῦν
3737 2401 3812 2464 ζῶ

2155 2478 2205 2531 ἐν
2239 2478 2418 2552 σαρκὶ,
2452 2478 2501 2532 ἐν
2544 2477 2718 2533 πίστει
2753 2484 2847 2548 ζῶ.
2895 2502 2922 2530 n
2971 2479 3064 2542 Εἰς
3114 2485 3274 2534 τοῦτο
3320 2481 3702 2545 τελειωθέντες
3753 2485 3806 2537 οἱ

2154 2569 2317 2642 ἅγιοι,
2367 2566 2767 2645 κατεφρόνησαν
2823 2568 2915 2622 τὸν
2967 2564 3170 2641 κόσμον
3207 2614 3222 2640 ,
3280 2569 3368 2624 καὶ
3431 2570 3541 2647 οὐχ
3597 2569 3808 2639 ἡδονὴν

2151 2658 2385 2731 ἡγοῦντο
2414 2661 2512 2723 τήν
2563 2653 2764 2725 ἡδονὴν
2812 2661 2908 2710 τοῦ
2955 2657 3165 2730 κόσμου
3211 2658 3426 2716 τούτου.
3460 2661 3524 2714 Οἱ
3555 2657 3614 2715 δὲ
3668 2663 3807 2737 μάρ-

2148 2765 2301 2819 τυρες
2330 2745 2425 2807 τὰς
2461 2744 2726 2819 βασάνους
2757 2745 3182 2823 κατεφρόνησαν.

390 2843 449 2896 in
485 2841 598 2896 fide
626 2841 690 2894 ν’.
728 2860 754 2887 ι)
787 2838 1150 2908 Quapropter
1179 2835 1364 2890 sancti
1399 2851 1465 2890 ea
1495 2835 1554 2889 in
1605 2852 1664 2890 re
1720 2837 1980 2907 perfecti,
2014 2837 2304 2893 mundum
2354 2841 2854 2908 contempserunt,
2887 2842 2946 2893 et
2985 2837 3164 2908 hujus
3213 2838 3416 2894 mundi
3447 2839 3804 2912 voluptates.

389 2935 458 2986 Et
490 2929 675 2986 sancti
708 2931 993 2998 martyres
1023 2925 1201 2980 etiam
1235 2929 1638 2998 contempsere
1668 2929 1982 2980 tormenta.

463 3046 803 3101 Paorosmo
833 3041 942 3096 XC.
979 3062 1005 3089 α
1039 3039 1434 3095 Exaltationes
1468 3040 1566 3095 Dei
1599 3039 1658 3093 in
1691 3044 1925 3112 gutture
1947 3058 2037 3097 eo-

389 3151 546 3206 rum,
577 3139 634 3189 et
659 3131 836 3205 gladii
868 3129 1152 3201 ancipites
1186 3129 1244 3182 in
1275 3129 1549 3184 manibus
1575 3146 1776 3184 eorum
1810 3131 1873 3182 ‘5.
1910 3152 1937 3179 ››

460 3241 687 3296 INTanp.
722 3235 1112 3328 liaaltationes
1165 3234 1284 3300 Dei,
1317 3239 1457 3290 sunt
1485 3235 1764 3291 doctrinae
1802 3235 1948 3308 legis
1980 3241 2037 3292 et
2065 3261 2107 3328 ρ

387 3331 607 3384 statuta
655 3323 1004 3396 spiritualia.
1057 3324 1130 3379 Ut
1177 3324 1333 3378 enim
1380 3324 1719 3395 spirituales
1766 3325 2033 3382 doctores

387 3417 603 3473 habent
651 3432 685 3470 a
721 3413 937 3484 Spiritu
987 3417 1189 3468 sancto
1238 3413 1389 3468 dona
1437 3414 1656 3485 gratim,
1689 3413 1746 3467 in
1797 3418 2032 3485 gutture

385 3524 514 3574 suo,
548 3505 602 3560 id
637 3509 725 3560 est
775 3502 832 3558 in
867 3519 965 3558 ore
1012 3518 1118 3558 suo
1148 3505 1202 3557 et
1235 3502 1294 3556 in
1347 3500 1549 3573 lingua
1579 3519 1707 3569 sua,
1740 3507 1794 3558 et
1825 3503 2033 3559 docent

383 3595 667 3669 populum
695 3611 708 3660 ;
742 3591 1023 3664 ancipites
1071 3595 1266 3646 autem
1300 3588 1476 3662 gladii
1526 3593 1663 3645 sunt
1693 3592 1807 3646 duo
1836 3595 2028 3647 Testa-

383 3688 601 3750 menta,
620 3687 784 3738 vetus
806 3686 864 3736 et
893 3696 1039 3736 nova
1058 3678 1144 3733 lex
1172 3721 1187 3748 ,
1214 3695 1349 3733 nam
1382 3677 1533 3733 sicut
1565 3678 1734 3733 miles
1764 3678 2024 3752 gladium

381 3773 697 3844 ancipitem
731 3771 984 3838 vibrans,
1018 3767 1286 3823 inimicos
1316 3766 1622 3836 interimit,
1653 3772 1712 3823 et
1743 3767 2023 3839 populum

377 3868 610 3920 tuetur:
654 3861 738 3916 sic
786 3859 963 3916 etiam
1015 3857 1282 3912 doctores
1331 3854 1692 3929 spirituales,
1745 3857 2028 3929 ancipites

378 3953 597 4009 habent
625 3950 873 4024 gladios,
921 3946 1217 4003 doctrinas
1268 3945 1493 4002 Veteris
1524 3950 1581 4001 et
1627 3945 1770 4001 Novi
1827 3947 2026 4003 Testa-

381 4041 584 4110 menti,
618 4057 721 4112 per
768 4055 914 4110 quas
962 4035 1281 4092 vindictam
1331 4039 1575 4092 sumunt
1620 4035 1678 4090 in
1728 4037 2020 4108 gentibus,

377 4129 628 4199 illasque
656 4128 712 4182 in
738 4125 1095 4198 supplicium
1119 4125 1854 4196 conjiciunt,immittentes
1877 4125 2021 4181 iram

375 4234 408 4273 a
439 4217 576 4283 Deo,
612 4233 714 4288 per
732 4233 871 4272 suas
908 4215 978 4269 ad
1005 4219 1183 4269 Deum
1218 4215 1704 4285 supplicationes.
1745 4213 2025 4271 Similiter

372 4322 602 4378 quoque
634 4320 1002 4360 communem
1040 4302 1322 4374 populum
1368 4301 1630 4356 fidelium
1663 4304 2024 4376 redarguunt

371 4401 427 4451 et
457 4394 779 4451 instituunt
808 4393 878 4448 ad
911 4393 1152 4447 bonum.
1187 4391 1428 4455 Quando
1462 4407 1592 4445 vero
1627 4407 1738 4444 non
1774 4393 2022 4448 audiunt

2218 3039 2474 3112 Κείμενον
2509 3037 2578 3115 ιζ.
2614 3062 2640 3088 ‹‹
2673 3039 2740 3094 Αἱ
2788 3039 3019 3112 ὑψώσεις
3067 3045 3164 3096 τοῦ
3212 3046 3343 3096 Θεοῦ
3367 3042 3418 3096 ἐν
3450 3046 3530 3114 τῷ
3561 3042 3802 3120 λάρυγγι

2147 3126 2345 3196 αὐτῶν,
2377 3127 2466 3182 καὶ
2500 3126 2765 3204 ρομφαῖαι
2799 3125 3048 3201 δίστομοι
3082 3129 3132 3183 ἐν
3163 3135 3283 3192 ταῖς
3315 3130 3501 3206 χερσὶν
3533 3131 3736 3190 αὐτῶν.
3773 3159 3806 3186 ιι

2217 3236 2424 3310 Ἑρμην
2459 3279 2471 3291 .
2523 3234 2782 3308 Ὑψώσεις
2836 3238 2933 3289 τοῦ
2997 3240 3132 3290 Θεοῦ
3191 3235 3320 3290 εἰσιν
3397 3238 3450 3291 αἱ
3519 3235 3808 3296 διδασκα-

2147 3322 2258 3378 λίαι
2283 3327 2384 3378 τοῦ
2416 3323 2590 3394 νόμου
2639 3322 2727 3378 καὶ
2777 3324 2831 3378 αἱ
2883 3325 3239 3398 πνευματικαὶ
3283 3323 3570 3396 διατάξεις⁹
3615 3328 3803 3406 ὥσπερ

2139 3413 2240 3489 γὰρ
2273 3409 2488 3488 ἔχουσιν
2540 3413 2592 3467 οἱ
2637 3415 2996 3485 πνευματικοὶ
3045 3411 3360 3470 διδάσκαλοι
3412 3414 3470 3470 ἐκ
3500 3421 3597 3470 τοῦ
3641 3419 3801 3492 ἁγίου

2142 3499 2452 3573 Πνεύματος
2506 3499 2820 3575 χαρίσματα
2867 3497 3085 3576 δωρεῶν
3134 3501 3185 3556 ἐν
3215 3506 3294 3573 τῷ
3323 3501 3560 3578 λάρυγγι
3590 3504 3799 3574 αὐτῶν,

2136 3586 2265 3658 ἤτοι
2322 3594 2401 3662 τῷ
2457 3589 2684 3662 στόματι
2743 3588 2917 3644 αὐτῶν
2975 3591 3064 3644 καὶ
3113 3589 3182 3664 τῇ
3233 3589 3478 3666 γλώσσῃ,
3511 3592 3599 3647 καὶ
3652 3592 3800 3649 διδάο

2138 3699 2322 3734 σκουσι
2373 3680 2465 3734 τὸν
2527 3677 2696 3734 λαόν’
2757 3678 3020 3757 ῥομφαῖαι
3081 3677 3331 3753 δίστομοί
3387 3681 3519 3735 εἰσιν
3582 3684 3635 3736 αἱ
3697 3680 3797 3740 δύο

2138 3769 2419 3839 Διαθῆκαι,
2469 3769 2498 3822 6
2546 3764 2778 3828 παλαιὸς
2820 3767 2988 3840 νόμος
3035 3768 3125 3823 καὶ
3173 3769 3201 3823 6
3246 3769 3365 3830 νὲος
3395 3789 3409 3803 ·
3461 3766 3643 3845 ὥσπερ
3683 3774 3794 3849 γὰρ

2136 3856 2164 3908 6
2221 3856 2575 3928 στρατιώτης,
2631 3854 2904 3930 βαστάζων
2958 3855 3109 3933 ξίφος
3167 3853 3447 3929 δίστομον,
3504 3858 3634 3921 τοὺς
3697 3859 3794 3936 ἐχ-

2136 3944 2296 4018 θροὺς
2323 3946 2677 4022 κατασφάττει
2708 3945 2796 3999 καὶ
2845 3946 2938 3999 τὸν
2991 3943 3121 4000 λαὸν
3173 3943 3446 4015 διασώζει·
3488 3947 3666 4010 οὕτως
3696 3951 3793 4004 καὶ

2134 4034 2186 4089 οἱ
2218 4034 2578 4107 πνευματικοὶ
2610 4031 2928 4090 διδάσκαλοι
2962 4033 3231 4112 ῥομφαίας
3248 4033 3537 4108 διστόμους
3568 4034 3792 4112 ἔχουσι,

2130 4123 2196 4177 τὰ
2255 4121 2555 4200 διδάγματα
2603 4130 2704 4192 τῆς
2752 4122 2996 4185 Παλαιᾶς
3049 4124 3140 4178 καὶ
3189 4123 3322 4186 Νὲας
3371 4127 3674 4196 Διαθήκης,
3717 4125 3794 4180 δι’

2133 4213 2206 4265 ὧν
2240 4216 2486 4266 ποιοῦσιν
2520 4209 2798 4282 ἐκδίκησιν
2849 4210 2901 4265 ἐν
2946 4218 3062 4274 τοῖς
3117 4209 3334 4285 ἔθνεσιν,
3380 4215 3469 4268 καὶ
3503 4213 3578 4276 εἷς
3608 4236 3792 4287 τιμω-

2133 4301 2246 4376 ρίαν
2281 4296 2651 4373 ἐμϐάλλουσιν
2684 4300 2899 4371 αὐτοὺς,
2935 4301 3364 4364 ἀποστέλλοντες
3394 4302 3582 4364 αὐτοῖς
3620 4303 3792 4381 amt

2129 4391 2235 4446 ἀπὸ
2265 4395 2361 4446 τοῦ
2411 4395 2564 4463 Θεοῦ,
2603 4389 2692 4445 διὰ
2739 4398 2838 4460 τῆς
2884 4392 3159 4466 ἱκετηρίας
3193 4399 3294 4462 τῆς
3343 4393 3478 4467 πρὸς
3503 4395 3599 4448 τὸν
3631 4396 3790 4452 Θεόν.

368 4499 489 4549 eos,
514 4484 614 4540 sed
649 4483 799 4538 bono
832 4482 1218 4536 adversantur
1247 4485 1421 4550 atque
1452 4482 1836 4534 contemnunt
1866 4479 2018 4548 illos,

2156 4480 2398 4542 ῐὶσαύτως
2429 4481 2516 4534 καὶ
2563 4481 2656 4534 τὸν
2705 4479 2887 4534 κοινόν
2933 4479 3062 4536 λαὸν
3093 4485 3200 4536 τῶν
3250 4487 3455 4537 πιστῶν
3488 4482 3789 4560 ἐλέγχουσι

367 4578 508 4628 tunc
537 4573 711 4628 etiam
747 4569 890 4640 ipsis
941 4567 1272 4622 immittunt
1315 4567 1666 4640 supplicium
1718 4584 1818 4638 per
1847 4585 2013 4624 suam

2156 4569 2216 4623 ιαὶ
2250 4566 2589 4623 διδάσκουσιν
2641 4568 2717 4631 εἷς
2766 4570 2828 4623 τὸ
2879 4569 3100 4642 ἀγαθόν.
3137 4571 3302 4627 ’Όταν
3334 4567 3392 4625 δὶ
3427 4572 3502 4644 μὴ
3537 4574 3788 4628 ἀκούσω-

367 4661 831 4734 deprecalionem
867 4659 936 4713 ad
986 4656 1474 4728 resipiscentiam,
1509 4661 1574 4710 ut
1612 4655 1880 4712 videlicet
1925 4675 2020 4714 ca-

2705 4627 2714 4631 ν
2929 4627 2938 4642 ι
2996 4627 3013 4632 _
3427 4627 3436 4644 ,
3492 4627 3502 4640 ,

2156 4679 2211 4711 ἰν
2243 4657 2440 4724 αὐτῶν,
2492 4655 2621 4711 ἀλλ’
2678 4656 3043 4712 ἐναντιοῦνται
3098 4657 3160 4712 τὸ
3205 4657 3423 4734 ἀγαθὸν,
3477 4661 3568 4714 καὶ
3618 4682 3789 4716 κατα-

367 4751 565 4825 είίεαιί
593 4751 824 4806 discant
847 4765 958 4802 non
986 4746 1442 4817 inobsequentes
1461 4746 1706 4800 esseDeo
1730 4747 1885 4801 etDei
1905 4749 2012 4802 mi-

2156 4751 2414 4820 ιρονοῦσιν
2465 4746 2664 4811 αὑτῶν,
2719 4747 2841 4800 τότε
2884 4745 2972 4800 καὶ
3017 4745 3200 4808 αὐτοῖς
3247 4747 3649 4804 ἀποστέλλουσι
3697 4748 3791 4805 διὰ

367 4842 593 4898 nistris.
625 4840 769 4896 Nam
806 4839 906 4909 qui
939 4836 1276 4908 spirituales
1307 4835 1577 4889 homines
1618 4835 1800 4904 audit,
1835 4840 2014 4892 Deum

2156 4837 2435 4910 προσευχῆς
2481 4835 2750 4909 τιμωρίαν
2818 4835 2954 4910 πρὸς
2997 4838 3414 4913 σωφρονισμὸν,
3458 4837 3608 4899 ὅπως
3659 4861 3793 4893 παι-

366 4930 532 4986 audit
562 4926 1142 5000 “,quemadmodum
1176 4924 1468 4995 dixitipse
1498 4923 1783 4979 Christus.
1817 4925 2015 4997 Neque

2158 4925 2392 4986 ευθέντες
2451 4929 2917 4999 σωφρονισθῶσιν,
2961 4925 3038 4996 μὴ
3070 4925 3393 4998 παρακούειν
3435 4932 3594 4992 Θεοῦ,
3642 4931 3788 4999 μήτε

364 5019 522 5074 enim
554 5019 624 5074 ad
660 5017 982 5079 interitum,
1015 5014 1112 5068 sed
1149 5014 1215 5067 ad
1255 5013 1560 5067 utilitatem
1587 5012 1872 5084 ipsorum,
1898 5014 2013 5086 spi-

2156 5017 2225 5066 ῶν
2277 5012 2618 5088 Θεραπόντων
2665 5011 2852 5067 αὐτοῦ⁹
2905 5012 2986 5066 δτι
3037 5015 3064 5067 6
3125 5014 3336 5069 ἀκούων
3397 5022 3783 5087 πνευματικῶν

363 5107 606 5164 rituales
649 5106 735 5162 illi
777 5103 1221 5177 castigationem
1254 5102 1565 5166 inducunt,
1599 5103 1666 5157 ad
1703 5103 2010 5158 correctio-

2156 5098 2324 5177 νδρῶν
2375 5099 2559 5156 ἀκούει
2617 5106 2772 5170 Θεοῦ,
2829 5101 3008 5164 καθὼς
3060 5101 3274 5178 εἴρηκεν
3317 5105 3345 5157 6
3396 5106 3652 5177 Χριστός.
3702 5105 3782 5162 0:3

359 5213 492 5270 nem
526 5197 662 5252 boni
693 5200 750 5251 et
783 5196 849 5250 ad
899 5191 1149 5266 gloriam
1181 5192 1303 5256 Dei,
1335 5197 1618 5262 tanquam
1657 5197 1923 5247 amantes
1953 5198 2010 5248 et

2156 5191 2380 5270 ipf-cpi):
2417 5185 2651 5266 βλάϐην,
2687 5187 2832 5244 ἀλλᾶ
2879 5191 3015 5266 πρὸς
3063 5190 3328 5269 ὠφέλειαν
3375 5192 3634 5268 ἐπάγουσι
3677 5197 3779 5264 τὴν

356 5265 575 5344 ultores
611 5285 727 5352 Dei,
757 5265 1074 5352 osoresque
1109 5281 1274 5336 mali.

2157 5265 2356 5334 αιδείαν
2405 5280 2456 5334 οἱ
2506 5279 2881 5353 πνευματικοὶ,
2914 5265 3003 5334 καὶ
3033 5265 3171 5356 πρδς
3204 5265 3499 5357 διόρθωσιν
3536 5284 3779 5357 ἀγαθοῦ,

353 5374 429 5439 είς
463 5372 616 5446 δόξαν
645 5376 800 5443 Θεοῦ,
831 5371 908 5433 ὡς
940 5367 1183 5439 ζηλωταὶ
1213 5367 1301 5423 καέ
1331 5365 1607 5438 ἐκδικηταὶ
1639 5373 1733 5423 τοῦ
1763 5375 1918 5442 Θεοῦ,
1951 5370 2040 5425 καὶ
2076 5367 2310 5443 μισηταῖ
2339 5372 2437 5424 τοῦ
2466 5372 2656 5424 κακοῦ.

421 5641 468 5712 'f
492 5641 658 5698 Cant.
695 5656 776 5709 III,
809 5641 864 5692 7.
941 5639 1170 5712 397Psal.
1204 5657 1297 5712 xv,
1327 5640 1383 5696 7.

136 5679 864 5808 (magna?
906 5712 950 5747 ιι
976 5679 1430 5786 parum.

544 5857 564 5879 ,τ

1463 5641 1506 5676 ⁸ο
1534 5640 1725 5697 Judic.
1776 5658 1902 5712 xm,
1933 5644 2022 5700 22.

1510 5714 1554 5750 ⁴⁶
1589 5714 1717 5770 Luc.
1751 5730 1874 5784 vm,
1911 5715 1998 5773 12.

2101 5645 2143 5682 ⁴¹
2177 5641 2333 5700 Psal.
2385 5657 2511 5711 cxv,
2546 5642 2631 5700 11.
2709 5641 2755 5676 ⁴²
2785 5640 2940 5699 Psal.
2971 5658 3125 5713 xxvr,
3160 5643 3212 5699 1.

3287 5643 3332 5680 ⁸³
3362 5642 3531 5701 Rom.
3565 5660 3688 5716 xxv,
3719 5649 3778 5705 8.
