4080 6206
263 356 391 418 753

661 491 751 543 ΒΞ
791 491 858 544 EI
866 490 1195 545 ΙῙΣΤΟΛΩΝ
1248 489 1545 545 ΙΙΔΥΛΟΥ.

342 614 541 689 Ἐρώτ.
574 613 699 691 Qai'.
741 636 767 668 α
799 612 933 684 Δόξα
962 614 1050 669 καὶ
1081 615 1217 686 τιμή
1267 613 1356 668 καὶ
1390 613 1579 689 εἰρήνη
1632 614 1789 667 παντὶ
1846 617 1924 685 τῷ

261 701 625 776 ἐργαζομένῳ
690 703 752 757 τὸ
829 703 1046 776 ἀγαθὸν,
1125 700 1375 775 Ἰουδαίῳ
1452 724 1509 757 τε
1562 707 1775 776 πρῶτον
1833 702 1923 755 καὶ

257 788 530 861 νΕλληνι.
566 791 637 846 Οὐ
670 793 771 865 γάρ
832 790 942 845 ἐστι
1004 791 1449 866 προσωποληψία
1506 791 1651 864 παρὰ
1678 796 1756 861 τῷ
1787 796 1921 863 Θεῷ.

258 880 427 937 “Οσοι
458 880 562 955 γὰρ
594 879 815 952 ἀνόμως
850 879 1116 954 ἥμαρτον,
1151 880 1368 952 ἀνόμως
1416 881 1504 934 καὶ
1566 879 1918 934 ἀπολοῦπαυ

258 968 357 1023 καὶ
408 968 524 1023 ὅσοι
580 969 629 1024 ὲν
686 969 843 1042 νόμῳ
898 969 1172 1044 ἥμαρτον,
1233 966 1322 1023 διὰ
1388 964 1561 1043 νόμου
1633 970 1920 1043 κριθήσον-

256 1078 379 1113 ται.
416 1083 444 1108 ι)

340 1145 659 1222 Ἐρμηνεία,
711 1148 956 1203 Ἐπαινεῖ
1002 1146 1206 1209 πάντας
1251 1146 1379 1209 τοὺς
1420 1147 1811 1224 ἐργαζομένους
1860 1149 1922 1202 τὸ

259 1234 489 1311 ἀγαθόν.
524 1234 773 1306 Ἕλληνα
803 1233 860 1290 δὲ
889 1235 951 1290 οὐ
977 1236 1069 1290 τὸν
1103 1235 1516 1313 ἑίδωλολάτρην
1562 1235 1728 1312 λέγει,
1778 1236 1923 1292 ἀλλὰ

254 1324 356 1379 τὸν
420 1320 669 1395 θεοσεϐῆ,
733 1326 808 1397 μή
858 1323 1180 1379 πιστεύοντα
1232 1322 1289 1379 δὶ
1344 1326 1436 1379 τὸν
1492 1326 1746 1400 Χριστὸν,
1782 1328 1921 1398 μήτε

253 1412 437 1484 νόμον
494 1418 795 1487 κρατοῦντα
849 1415 937 1468 τὸν
998 1413 1251 1469 παλαιόν’
1311 1413 1455 1470 ἀλλά
1512 1416 1688 1491 χωρὶς
1747 1414 1920 1487 νόμου

257 1503 523 1577 ὑπάρχει.
583 1504 872 1576 Ὀνομάζει
927 1499 986 1557 δὶ
1036 1504 1127 1557 καὶ
1176 1499 1389 1558 σέϐεται
1454 1504 1545 1557 τὸν
1620 1506 1772 1574 Θεὸν,
1830 1507 1922 1557 καί

255 1591 524 1667 φυλάττει
584 1591 672 1646 καὶ
731 1592 951 1666 ἀρετήν.
1012 1594 1072 1650 Ὁ
1125 1598 1375 1655 τοιοῦτος
1426 1592 1510 1647 ἐὰν
1565 1594 1655 1647 καὶ
1702 1593 1918 1666 πταίσῃ,

259 1678 628 1756 ἰλαφρόνερον
692 1680 883 1755 μὲΑλει
942 1679 1265 1751 κολάζεσθαι
1318 1682 1447 1755 ὑπὲρ
1492 1682 1582 1737 τὸν
1635 1679 1921 1751 Ἰουδαῖον,

254 1768 343 1825 ὅτι
378 1770 406 1823 ὁ
470 1767 733 1832 Ἰουδαῖος
786 1766 1108 1847 παραϐαίνει
1156 1772 1246 1825 τὸν
1293 1771 1461 1844 νόμον
1512 1770 1598 1826 καὶ
1650 1770 1765 1847 ἕχει
1821 1773 1920 1840 τήν

1284 355 1799 427 QUIESTIONES
1844 357 1919 414 IN
1968 356 2390 420 EPISTULAS
2440 359 2693 421 PAULI.

1954 490 2005 555 Α

3573 353 3695 416 ’754

2393 494 2547 549 273
2589 494 2672 548 EX
2706 491 3072 549 EPISTOLIS
3112 491 3340 547 PAULI.

2107 621 2334 683 Quasr.
2384 617 2525 673 XCI.
2578 640 2606 667 «
2653 616 2868 685 Gloria,
2920 617 3106 672 honor
3152 620 3209 669 et
3240 630 3349 685 pax
3399 612 3557 667 omni
3590 612 3691 682 qui

2034 712 2307 777 Operatur
2357 707 2574 761 bonum
2614 708 2854 762 :Judzeo
2910 706 3165 775 primum
3202 710 3256 757 et
3306 702 3521 757 Graeco.
3564 701 3689 754 Non

2035 797 2189 849 enim
2241 802 2327 849 est
2364 812 2744 866 personarum
2798 794 3053 864 acceptio
3098 794 3251 864 apud
3305 792 3512 845 Deum.
3543 788 3690 843 Nam

2034 886 2371 955 quicunque
2421 886 2547 940 sine
2598 885 2727 956 lege
2775 888 3174 955 peccaverunt,
3208 881 3334 936 sine
3383 880 3506 943 lege
3538 878 3689 950 peri-

2034 975 2219 1040 bunt;
2248 980 2306 1028 et
2332 975 2673 1045 quicunque
2703 974 2760 1027 in
2785 972 2909 1044 lege
2943 977 3346 1044 peccaverunt,
3376 985 3479 1040 per
3498 968 3686 1041 legem

2026 1063 2456 1135 judicabunlur
2482 1066 2544 1118 ‘7.
2582 1086 2608 1112 »

2104 1154 2442 1208 INTERPRET.
2480 1154 2704 1208 Laudat
2734 1168 2938 1207 omnes
2964 1151 3058 1205 bui
3093 1153 3410 1221 operantur
3438 1148 3679 1202 bonum.

2028 1246 2291 1297 Graecum
2340 1259 2471 1297 vero
2502 1242 2663 1311 dicit,
2698 1259 2809 1296 non
2844 1240 3235 1307 idololatram,
3270 1239 3369 1292 sed
3406 1237 3505 1308 qui
3548 1236 3684 1290 colit

2029 1330 2268 1403 quidem
2318 1331 2523 1399 Deum,
2559 1346 2747 1400 neque
2798 1336 2989 1385 tamen
3025 1329 3209 1383 credit
3256 1327 3315 1381 in
3357 1325 3679 1390 Christum,

2031 1437 2217 1491 neque
2265 1426 2513 1475 veterem
2560 1418 2745 1487 legem
2794 1422 2970 1488 tenet,
3006 1418 3108 1472 sed
3160 1417 3286 1470 sine
3318 1418 3444 1485 lege
3473 1417 3582 1479 est,
3617 1429 3683 1467 ac

2030 1509 2212 1564 Deum
2247 1510 2475 1563 invocat
2503 1514 2560 1563 et
2609 1508 2763 1575 colit,
2798 1512 3107 1577 servatque
3157 1503 3543 1560 nihilominus
3573 1501 3684 1556 vir-

2029 1604 2237 1654 tutem.
2261 1598 2407 1653 Nam
2432 1596 2564 1652 talis
2595 1598 2826 1652 etiamsi
2854 1597 3105 1665 labatur,
3136 1594 3321 1649 levius
3346 1599 3539 1648 tamen
3572 1607 3678 1661 pu-

2029 1689 2224 1743 nietur
2253 1705 2429 1758 quam
2451 1687 2725 1742 Judaaus:
2754 1688 3031 1758 quoniam
3053 1686 3294 1741 Judmus
3312 1683 3500 1755 legem
3524 1688 3680 1737 tran-

2029 1778 2345 1847 sgreditur,
2405 1780 2609 1846 estque
2666 1776 2915 1847 graviori
2960 1775 3247 1830 obnoxius
3295 1770 3675 1827 accusationi.

254 1858 595 1934 κατηγορίαν
655 1858 897 1933 μείζονα.
959 1862 1115 1915 Ὃταν
1168 1861 1271 1936 γὰρ
1319 1859 1551 1934 ἀκούσῃς
1588 1860 1669 1915 τό·
1709 1887 1730 1911 α
1762 1864 1919 1917 "Ocni

2046 1867 2270 1932 )uando
2318 1865 2472 1921 enim
2521 1865 2689 1920 audis
2730 1864 2874 1919 illud
2913 1882 2925 1919 :
2980 1887 2999 1913 α
3036 1864 3331 1933 Quotquot
3377 1860 3502 1915 sine
3549 1859 3676 1926 lege

257 1947 486 2019 ἀνόμως
548 1949 815 2021 ἥμαρτον,
891 1948 1109 2022 ἀνόμως
1170 1949 1258 2003 καὶ
1316 1948 1667 2004 ἀπολοῦνται·
1730 1975 1758 2002 ››
1816 1951 1914 2018 τήν

260 2034 632 2114 ἐλαφροτέραν
665 2036 887 2093 κόλασιν
942 2033 1313 2109 ὑπολάμϐανε·
1375 2039 1437 2093 τὸ
1486 2036 1565 2107 δὲ,
1597 2063 1624 2089 ‹‹
1676 2041 1831 2096 ’Ὀσοι
1865 2039 1915 2094 ὲν

257 2124 424 2197 νόμῳ
482 2124 755 2201 ἥμαρτον,
819 2152 839 2177 ι
901 2127 999 2195 τὴν
1060 2126 1279 2203 χείρονα
1334 2126 1557 2183 κόλασιν
1602 2128 1691 2183 καὶ
1742 2149 1917 2202 τιμω-

260 2214 406 2288 ρίαν.

330 2320 594 2393 Κείμενον
821 2344 850 2372 ‹‹
891 2323 955 2379 Εἰ
1005 2323 1105 2399 γὰρ
1174 2323 1443 2402 σύμφυτοι
1492 2324 1789 2400 γεγόναμεν
1842 2331 1921 2399 τῷ

256 2409 581 2482 ὁμοιώματι
606 2415 703 2465 τοῦ
734 2410 963 2466 θανάτου
996 2412 1181 2481 αὐτοῦ,
1216 2412 1362 2469 ἀλλὰ
1391 2412 1479 2468 καὶ
1538 2422 1638 2480 τῆς
1692 2415 1919 2469 ἀναστά-

260 2519 402 2560 σεως
436 2497 526 2553 ἐσό
536 2501 689 2573 μεθα.

341 2586 541 2644 Ἀπόκ.
626 2588 913 2667 Σύμφυτοι
990 2591 1281 2666 γεγόναμεν
1319 2635 1332 2659 ,
1408 2588 1578 2667 ἤγονν
1668 2591 1917 2668 μέτοχοι·

258 2671 453 2751 ὥσπερ
483 2678 544 2731 τὸ
578 2675 736 2751 σῶμα
766 2679 827 2732 τὸ
860 2676 1194 2748 δεσποτικὸν,
1225 2681 1384 2758 ταφὲν
1419 2680 1470 2735 ὲν
1524 2685 1592 2754 τῇ
1642 2686 1735 2756 γῇ,
1796 2678 1921 2759 ἔφυ-

259 2786 323 2819 σι
356 2766 629 2833 σωτηρίαν
683 2770 762 2837 τῷ
814 2766 1028 2839 κόσμῳ·
1086 2768 1228 2822 οὕτω
1286 2769 1373 2823 καὶ
1430 2769 1493 2823 τὸ
1550 2772 1710 2841 ἡμῶν
1741 2775 1920 2843 σῶμα,

257 2855 431 2930 ταφὶν
468 2853 518 2908 ἒν
550 2859 627 2926 τῷ
662 2855 1016 2929 βαπτίσματι,
1051 2853 1211 2934 ἔφυσε
1241 2854 1583 2929 δικαιοσύνην
1630 2860 1765 2931 ἡμῖν
1828 2858 1922 2913 αὐ-

258 2946 403 3003 τοῖς.
440 2942 510 2995 Τὸ
572 2940 628 2997 δὲ
677 2943 935 3016 ὁμοίωμα
983 2944 1159 3007 οὕτως
1212 2942 1348 3020 ἔχει·
1399 2941 1580 3021 ὥσπερ
1634 2946 1661 3000 6
1694 2948 1921 3017 Χριστὸς

262 3032 528 3099 ἀπέθανε,
589 3032 677 3086 καὶ
750 3036 819 3105 τῇ
889 3032 1047 3109 τρίτῃ
1112 3034 1294 3109 ἡμέρᾳ
1359 3035 1573 3104 ἀνέστη*
1635 3035 1777 3090 οὕτω
1833 3037 1921 3090 καὶ

268 3122 440 3190 ἡμεῖς
474 3118 524 3173 ἐν
571 3125 649 3191 τῷ
704 3120 1036 3194 βαπτίσματι
1084 3123 1403 3192 θνήσκοντες
1454 3124 1797 3195 ἀνιστάμεθα.
1852 3125 1922 3179 Τὸ

2027 1959 2435 2027 peccaverunt,
2489 1953 2615 2008 sine
2661 1952 2787 2024 lege
2836 1952 3110 2024 peribunt
3149 1969 3161 2006 :
3207 1950 3403 2005 minus
3447 1946 3671 2019 suppli-

2026 2044 2181 2099 cium
2217 2048 2439 2115 reputa.
2473 2042 2589 2097 Hoc
2619 2059 2751 2097 vero
2786 2059 2797 2097 :
2838 2062 2863 2093 ιι
2895 2042 3191 2112 Quotquot
3220 2040 3278 2093 in
3318 2038 3443 2111 lege
3472 2052 3674 2108 pecca-

2026 2138 2235 2189 verunt
2266 2149 2281 2188 '.
2312 2154 2340 2182 »
2373 2132 2469 2187 isti
2500 2148 2710 2204 nempe
2738 2131 3061 2203 graviorem
3098 2145 3329 2202 poenam
3364 2131 3420 2183 et
3448 2124 3674 2198 suppli-

2030 2222 2188 2279 cium
2222 2221 2529 2277 subibunt.

2103 2331 2447 2384 Pacrosmo
2494 2327 2656 2383 XCII.
2707 2350 2734 2377 «
2787 2327 2847 2383 Si
2897 2325 3052 2382 enim
3111 2323 3487 2397 complantati
3546 2322 3680 2377 facti

2032 2435 2239 2475 sumus
2270 2417 2647 2473 similitudini
2690 2416 2894 2472 mortis
2941 2417 3091 2486 ejus,
3124 2413 3298 2471 simul
3331 2419 3388 2468 et
3426 2427 3683 2468 resurre-

2031 2507 2242 2563 ctionis
2275 2506 2495 2561 erimus
2517 2506 2581 2561 ⁸⁸.
2618 2528 2646 2555 ››

2107 2597 2278 2651 RESP.
2312 2593 2697 2665 Complantati
2740 2594 2871 2649 facti
2922 2610 3151 2657 sumus,
3187 2591 3497 2662 participes
3526 2589 3687 2645 vide-

2033 2686 2166 2741 licet
2199 2704 2211 2741 :
2248 2682 2747 2755 quemadmodum
2791 2698 3003 2753 corpus
3040 2680 3261 2735 Domini
3296 2678 3589 2750 sepultum
3625 2677 3683 2731 in

2032 2786 2207 2838 terra.
2242 2774 2463 2828 mundo
2487 2770 2735 2827 salutem
2764 2770 2985 2843 peperit
3008 2788 3021 2837 ;
3056 2770 3140 2825 sic
3165 2773 3431 2824 nostrum
3452 2782 3685 2837 quoque

2032 2879 2247 2933 corpus
2278 2864 2335 2916 in
2361 2860 2653 2932 baptismo
2675 2859 2995 2931 sepultum,
3029 2857 3197 2913 nobis
3216 2856 3365 2928 ipsis
3388 2855 3680 2925 justitiam

2034 2951 2293 3023 protulit.
2329 2949 2667 3005 Similitudo
2700 2954 2896 3004 autem
2947 2948 3030 3003 sic
3080 2947 3255 3001 habet
3286 2962 3298 2999 :
3333 2946 3488 2999 Sicut
3519 2943 3681 2999 Chri-

2034 3046 2162 3095 stus
2195 3043 2467 3093 mortuus
2512 3044 2623 3101 est,
2655 3044 2712 3092 et
2757 3037 2929 3092 tertia
2972 3037 3065 3091 die
3113 3034 3463 3099 resurrexit;
3512 3033 3596 3087 sic
3626 3037 3685 3086 et

2036 3145 2141 3183 nos
2162 3129 2223 3183 in
2256 3127 2551 3199 baptismo
2575 3126 2913 3189 morientes,
2945 3125 3331 3207 resurgimus.
3359 3122 3502 3178 Nam
3528 3120 3683 3192 quod

259 3209 370 3283 γὰρ
417 3206 720 3263 καταδῦσαι
767 3210 830 3264 τὸ
880 3207 1093 3266 παίδιον
1144 3210 1196 3266 ἐν
1242 3216 1311 3286 τῇ
1342 3208 1708 3287 κολυμϐήθρα
1737 3213 1917 3289 τρίτον

2046 3216 2316 3272 infantem
2349 3224 2436 3270 ter
2464 3215 2523 3269 in
2560 3215 2845 3285 piscinam
2876 3213 3307 3285 immergimus,
3340 3218 3397 3266 et
3424 3217 3512 3265 ter
3540 3209 3685 3264 edu-

253 3296 349 3351 καὶ
380 3294 662 3369 ἀναδῦσαι,
690 3302 851 3353 τοῦτο
882 3295 1051 3369 δηλοῖ
1073 3299 1162 3354 τὸν
1198 3301 1423 3364 θάνατον
1465 3302 1559 3357 καὶ
1610 3304 1709 3371 τὴν
1760 3307 1922 3380 τριή-

266 3407 436 3460 μερον
469 3386 752 3441 ἀνάστασιν
782 3392 879 3443 τοῦ
907 3394 1167 3463 Χριστοῦ.

339 3492 536 3566 Ἐρώτ.
596 3492 697 3569 [ιγ’.
748 3492 807 3546 Τί
853 3491 983 3547 ἐστι·
1037 3519 1066 3545 ‹‹
1115 3495 1185 3548 Τὸ
1232 3495 1333 3569 γὰρ
1381 3493 1636 3551 ἀδύνατον
1690 3496 1777 3553 διὰ
1826 3504 1923 3554 τοῦ

262 3580 469 3651 νόμου,
502 3580 553 3635 ἰν
584 3582 630 3653 ᾧ
662 3582 895 3652 ἠσθένει,
931 3579 1019 3637 διὰ
1046 3589 1147 3652 τῆς
1196 3586 1392 3658 σαρκὸς
1426 3584 1453 3638 6
1484 3587 1635 3655 Θεὸς,
1672 3610 1699 3638 ››
1739 3587 1827 3641 καὶ
1859 3588 1926 3643 τὰ

265 3671 395 3739 ὲξῆς
420 3662 441 3736 ’;

343 3758 540 3814 Ἀπόκ.
575 3759 832 3827 Ἠσθᾶνει,
886 3761 1071 3838 φησὶν,
1120 3760 1148 3814 6
1196 3761 1366 3835 νόμος
1416 3762 1492 3824 εἷς
1536 3764 1598 3818 τὸ
1639 3762 1922 3820 δικαιῶσαι

267 3847 365 3901 τὸν
395 3844 704 3919 ἄνθρωπον.
756 3847 831 3903 Οὐ
874 3849 975 3924 γάρ
1020 3846 1252 3919 ἠδύνατο
1300 3850 1326 3904 6
1373 3849 1654 3927 ἄνθρωπος
1702 3856 1799 3922 τὴν
1832 3877 1924 3909 τυ-

275 3932 504 4011 ραννίδα
532 3936 622 3990 καὶ
651 3938 751 4005 τήν
782 3936 1023 4012 πύρωσιν
1075 3938 1360 4016 ὑποφέρειν
1410 3948 1510 4009 τῆς
1559 3943 1776 4017 σαρκός.
1829 3947 1925 3999 Διά

270 4028 440 4079 τοῦτο
472 4022 705 4098 ἔπεμψεν
741 4025 768 4079 6
800 4027 930 4088 Θεὸς
959 4028 1050 4081 τὸν
1105 4036 1367 4102 μονογενῆ
1420 4028 1543 4083 Υἱὸν
1594 4031 1779 4099 αὐτοῦ,
1832 4031 1926 4088 ’ίνα

271 4110 365 4167 διὰ
416 4115 514 4180 τῆς
578 4114 775 4189 σαρκὸς
822 4114 986 4169 αὐτοῦ
1030 4116 1321 4192 κατακρίνῃ
1379 4120 1477 4187 τὴν
1526 4121 1812 4195 ἁμαρτίαν.
1848 4124 1923 4179 Τὸ

272 4198 354 4271 δὶ,
419 4199 470 4254 ἐν
532 4200 847 4275 ὁμοιώματι
896 4206 1092 4279 σαρκὸς
1140 4206 1426 4280 ἁμαρτίας,
1481 4207 1582 4262 οὐκ
1657 4210 1823 4276 εἶπεν,
1872 4212 1922 4265 ἐν

274 4290 435 4364 σαρκί
496 4291 783 4364 ἁμαρτίας,
846 4290 974 4347 ἀλλ’
1032 4293 1083 4347 ἑν
1123 4294 1458 4367 ὁμοιώματι.
1517 4297 1796 4369 Ὡμοιώθη
1825 4301 1926 4375 γὰρ

271 4379 416 4432 κατᾶ
442 4376 615 4432 πάντα
644 4381 679 4448 ἡ
711 4379 1020 4455 ἀνθρωπίνη
1076 4384 1200 4455 σὰρξ
1233 4387 1330 4437 τοῦ
1359 4385 1591 4457 Χριστοῦ
1620 4391 1688 4459 τῇ
1722 4387 1924 4462 ἀνθρω-

276 4466 403 4539 πίνῃ
438 4468 618 4541 σαρκὶ,
650 4470 771 4521 καθ’
807 4467 837 4523 8
861 4467 1069 4531 τέλειος
1100 4470 1382 4545 ἅνθρωπος
1431 4474 1519 4540 ἦν.
1570 4474 1928 4548 Ἀμαρτωλός

2034 3308 2245 3370 cimus,
2280 3306 2334 3359 id
2367 3307 2613 3360 mortem
2662 3303 2896 3371 Christi,
2930 3308 2988 3358 et
3018 3306 3151 3374 post
3178 3301 3441 3357 triduum
3486 3315 3687 3354 resur-

2032 3396 2349 3451 rectionem
2383 3394 2696 3465 signiﬁcat.

2103 3503 2328 3566 QUIEST.
2365 3500 2554 3556 XCIII.
2609 3498 2754 3563 Quid
2790 3504 2879 3554 est
2911 3514 2923 3552 :
2964 3518 2986 3547 ι
3020 3498 3165 3553 Nam
3215 3497 3369 3569 quod
3410 3494 3685 3567 impossi-

2031 3591 2147 3646 bile
2200 3594 2324 3646 erat
2370 3588 2502 3661 legi,
2556 3588 2613 3643 in
2646 3605 2762 3660 quo
2813 3587 3224 3643 inﬁrmabatur
3267 3602 3370 3658 per
3399 3599 3632 3639 carnem
3668 3600 3681 3638 :

2032 3681 2186 3735 Deus
2208 3681 2272 3747 ‘9,
2304 3698 2331 3731 ι
2366 3683 2474 3734 etc.

2106 3768 2275 3823 Resp.
2309 3765 2741 3826 Inﬁrmabatur,
2788 3765 2980 3835 inquit
3010 3763 3121 3832 lex,
3150 3761 3419 3816 videlicet
3456 3761 3524 3813 ad
3555 3760 3681 3827 jus-

2030 3857 2372 3913 tiﬁcandum
2407 3854 2726 3909 hominem.
2774 3854 2896 3907 Non
2932 3852 3087 3907 enim
3120 3855 3343 3923 poterat
3386 3848 3561 3903 homo
3593 3852 3681 3919 ty-

2032 3946 2337 4001 rannidem
2370 3948 2427 3999 et
2456 3943 2794 3997 incendium
2828 3941 3022 3996 carnis
3063 3940 3373 3995 sustinere.
3409 3938 3539 3992 ldeo
3570 3938 3680 3990 mi-

2032 4036 2109 4089 sit
2143 4036 2292 4089 Deus
2323 4033 2693 4105 unigenitum
2744 4030 2956 4086 Filium
2990 4046 3187 4098 suum,
3220 4034 3285 4083 ut
3315 4043 3418 4099 per
3448 4042 3683 4083 carnem

2034 4140 2202 4180 suam
2236 4122 2650 4177 condemnaret
2681 4124 3006 4192 peccatum.
3032 4118 3149 4173 Hoc
3176 4134 3309 4173 vero
3341 4117 3495 4188 quod
3523 4115 3686 4184 dicit,

2034 4213 2091 4267 in
2126 4211 2519 4267 similitudine
2566 4210 2757 4265 carnis
2805 4208 3044 4280 peccati,
3080 4224 3193 4262 non
3227 4206 3392 4272 dixit,
3424 4205 3482 4259 in
3516 4221 3687 4260 carne

2036 4301 2277 4374 peccati.
2324 4301 2427 4356 sed
2477 4300 2535 4354 in
2586 4298 2993 4354 similitudine.
3043 4297 3189 4351 Nam
3244 4296 3506 4351 humana
3554 4311 3688 4349 caro

2034 4391 2245 4447 Christi
2279 4391 2336 4443 in
2369 4389 2647 4443 omnibus
2676 4391 2765 4443 est
2786 4386 2999 4443 similis
3032 4387 3181 4441 facta
3214 4385 3484 4439 humanas
3506 4383 3686 4451 carni,

2038 4497 2153 4551 qua
2180 4478 2401 4534 ratione
2433 4477 2723 4547 perfectus
2754 4480 2844 4531 est
2874 4476 3065 4530 homo.
3104 4474 3362 4529 Peccatis
3392 4489 3525 4528 vero
3556 4489 3688 4528 caro

273 4552 334 4609 δὲ
367 4554 469 4609 οὐκ
500 4554 768 4654 ἐγενετοιή
805 4558 931 4631 σὰρξ
966 4557 1150 4627 αὐτοῦ,
1182 4561 1421 4635 καθάπερ
1452 4563 1485 4630 ἡ
1519 4564 1757 4639 ἡμετέρα
1778 4565 1922 4639 σάρξ.

2046 4570 2169 4640 ejus
2200 4585 2313 4622 non
2347 4566 2456 4620 fuit
2504 4566 2773 4631 obnoxia,
2807 4564 2976 4619 sicuti
3029 4568 3231 4618 nostra
3260 4567 3348 4618 est
3377 4580 3389 4616 :
3425 4583 3453 4611 ‹‹
3486 4566 3691 4617 Pecca-

276 4667 305 4693 «
338 4644 643 4717 Ἀμαρτίαν
672 4644 774 4720 γὰρ
807 4645 907 4700 οὐκ
935 4646 1208 4717 ἐποίησεν,
1243 4645 1366 4703 οὐδὲ
1414 4649 1601 4725 εὑρέθη
1662 4650 1824 4716 δόλος
1876 4655 1925 4709 ἰν

276 4735 360 4803 τῷ
390 4730 622 4803 στόματι
654 4732 838 4790 αὐτοῦ.
869 4754 896 4787 ι

350 4838 411 4893 Ἐ
419 4838 551 4911 ρώτ.

638 4836 737 4915 ιδ’.

280 4929 397 5000 γῇ;
433 4951 459 4977 »

350 5029 551 5087 ’Δπὸκο
591 5034 685 5105 Τῷ
739 5032 1042 5106 λυπήσαντί
1101 5058 1158 5093 σε
1204 5040 1292 5093 καὶ
1343 5040 1617 5116 θλίψαντι,
1677 5046 1711 5115 ἢ
1742 5044 1931 5117 ἀδική-

276 5140 453 5192 σαντι,
515 5123 878 5197 συγχώρησον
940 5125 1003 5179 σὺ
1060 5125 1230 5199 αὐτῷ,
1280 5128 1477 5185 ἀνάθου
1526 5128 1583 5186 δὶ
1619 5138 1697 5204 τῷ
1726 5134 1842 5209 Θεῷ
1870 5138 1935 5191 τὰ

276 5215 381 5278 τῆς
414 5206 770 5281 ἐκδικήσεως,
801 5213 1048 5277 κάκεῖνος
1082 5214 1438 5289 οἷ’κονομήσει
1483 5222 1547 5275 τὰ
1598 5206 1822 5280 δέονταί
1857 5227 1935 5282 Τὸ

279 5296 360 5367 δὶ,
418 5326 443 5348 ‹‹
486 5300 759 5375 Μακάριος
815 5302 841 5357 6
876 5305 951 5375 μὴ
988 5304 1180 5378 κρίνων
1215 5305 1264 5359 ἐν
1299 5308 1343 5378 ᾧ
1377 5305 1679 5382 δοκιμάζει,
1718 5319 1932 5369 »τοῦτο

277 5385 471 5457 ὃηλοι¹
538 5388 663 5443 ὅταν
724 5396 894 5453 ποιεῖς
950 5414 1000 5447 τι
1067 5394 1426 5469 οἰκονομικῶς
1483 5398 1617 5475 πρὸς
1664 5404 1936 5476 σωτηρίαν

824 4838 883 4892 Τί
962 4838 1125 4916 λέγει’
1197 4867 1225 4893 ‹‹
1288 4844 1418 4899 Δότε
1488 4843 1654 4901 τόπον
1715 4853 1782 4923 τῇ
1841 4850 1935 4923 ὀρ-

2037 4663 2165 4712 tum
2192 4656 2346 4713 enim
2390 4671 2503 4709 non
2548 4655 2696 4720 fecit,
2730 4670 2836 4709 nec
2866 4654 3138 4709 inventus
3168 4657 3253 4707 est
3304 4652 3474 4706 dolus
3504 4652 3564 4706 in
3591 4665 3689 4707 ore

2041 4749 2170 4817 ejus
2190 4747 2254 4800 ω.
2286 4770 2313 4797 ››

2113 4856 2339 4919 ΟυλΕετ.
2374 4852 2558 4908 XCIV.
2606 4851 2752 4915 Quid
2802 4855 2911 4916 est,
2945 4849 3101 4922 quod
3148 4848 3288 4904 dicit
3321 4866 3333 4905 :
3368 4872 3395 4899 «
3439 4851 3579 4905 Date
3605 4846 3691 4903 lo-

2044 4960 2175 4998 cum
2208 4943 2304 4998 irae
2325 4942 2367 4977 ⁵1
2392 4943 2412 4994 ἰ
2440 4960 2467 4992 n

2116 5050 2289 5105 Rssr.
2324 5048 2386 5103 Ei
2430 5047 2530 5120 qui
2557 5052 2613 5103 te
2643 5045 3013 5103 contristavit
3063 5062 3128 5101 ac
3159 5044 3458 5101 tribulavit
3486 5043 3571 5101 vel
3612 5044 3696 5101 af-

2045 5138 2179 5194 fecit
2228 5136 2468 5209 injuria,
2520 5135 2803 5201 condona,
2849 5151 3203 5207 omnemque
3249 5134 3564 5190 vindictam
3615 5151 3699 5190 re-

2046 5227 2210 5282 mitte
2242 5230 2378 5293 Deo,
2412 5225 2509 5296 qui
2559 5225 2713 5295 quod
2744 5241 2976 5296 aequum
3009 5228 3098 5280 est
3129 5223 3515 5296 dispensabit.
3549 5222 3699 5279 Illud

2044 5333 2176 5372 vero
2210 5333 2223 5371 :
2257 5338 2285 5365 ‹‹
2317 5315 2528 5370 Beatus
2575 5315 2673 5386 qui
2723 5331 2837 5369 non
2879 5314 3108 5385 judicat
3156 5315 3215 5369 in
3246 5330 3312 5369 eo
3368 5315 3521 5384 quod
3563 5330 3695 5385 pro-

2043 5406 2228 5477 bat",
2262 5426 2286 5456 ι»
2318 5405 2427 5460 hoc
2451 5404 2739 5477 signiﬁcat
2763 5420 2775 5457 :
2802 5403 3035 5475 quando
3068 5420 3169 5476 per
3198 5404 3696 5476 dispensationem

352 5600 406 5693 ’Ζ
424 5606 907 5693 genuinam-12.
983 5610 1028 5646 ‘3
1059 5610 1227 5668 Rom.
1277 5627 1355 5681 v1,
1403 5614 1457 5670 5.
1538 5616 1584 5651 ⁴⁹
1614 5616 1781 5673 Rom.
1830 5636 1922 5676 vm

2115 5622 2160 5657 ⁸ο
2192 5622 2298 5678 lsa.
2357 5639 2473 5690 ιλιι,
2524 5624 2598 5691 9;
2656 5623 2677 5677 I
2724 5622 2875 5679 Petr.
2923 5639 2983 5693 ιι,
3026 5622 3117 5678 22.
3193 5622 3232 5656 ⁸¹
3270 5621 3435 5677 Rom.
3484 5635 3585 5690 χιι,
3634 5618 3687 5673 9.

277 5674 325 5709 η
361 5674 531 5731 Rom.
566 5692 680 5749 xxv,
710 5679 801 5733 23.
