4080 6206
347 370 470 431 755

1519 372 1583 432 S.
1631 371 2248 437 ATHANASIUS.—
2280 372 2591 436 SPUHIA.

3649 373 3766 433 756

348 501 555 557 feceris
585 500 828 575 aliquid,
852 503 1004 574 quod
1038 503 1106 557 ad
1142 500 1393 558 salutem
1417 502 1614 558 fratris
1638 503 1722 558 tui
1755 507 1995 575 spectet,

2147 503 2206 557 οῦ
2248 501 2484 579 ἀδελφοῦ
2528 524 2644 576 σου,
2690 504 2779 559 καὶ
2830 502 3024 568 πάντες
3076 505 3404 582 μέμφονται,
3452 503 3516 559 τὸ
3566 501 3625 558 δὲ
3670 504 3759 557 σὸν

352 591 584 647 etiamsi
617 592 676 646 id
726 608 928 647 omnes
979 592 1272 658 incusent,
1317 592 1365 648 si
1412 597 1514 648 tua
1544 598 1598 649 te
1647 593 2005 649 conscientia

355 698 470 737 non
504 682 874 747 condemnat,
904 682 1112 736 beatus
1143 698 1224 737 es.

428 770 653 832 Quass'r.
689 770 847 825 XCV.
881 770 1027 833 Quid
1062 775 1169 840 est,
1203 772 1356 843 quod
1393 771 1583 843 inquit
1617 790 1629 826 :
1667 794 1693 822 ‹‹
1717 772 2003 836 Quoniam

355 863 411 915 et
440 859 624 914 Judaei
656 860 889 931 signum
924 866 1149 931 petunt,
1184 866 1238 916 et
1261 861 1439 916 Graeci
1466 862 1813 933 sapientiam
1848 879 2005 933 quze-

354 956 491 1005 runt
538 968 549 1005 :
604 967 709 1005 nos
770 956 966 1005 autem
1022 952 1408 1022 praedicamus
1464 952 1757 1008 Christum
1815 952 2007 1008 cruci-

352 1040 535 1094 ﬁxum
558 1040 602 1073 ⁵³
626 1039 652 1093 ‘?
679 1060 706 1089 »

424 1129 598 1185 RESP.
642 1129 697 1183 Si
746 1129 1089 1200 dixerimus,
1144 1130 1358 1201 inquit,
1406 1131 1608 1187 Judaao
1644 1148 1656 1184 :
1690 1132 1889 1199 Crede,
1922 1148 2008 1186 re-

351 1219 622 1291 spondet,
674 1218 916 1273 excitate
948 1223 1248 1289 ,mortuos,
1301 1221 1615 1276 medemini
1667 1221 1911 1276 insanis.
1954 1221 2010 1276 Si

352 1309 545 1363 ϐινεεο
581 1307 735 1361 idem
770 1307 1060 1379 dicamus,
1098 1308 1241 1379 petit
1273 1326 1305 1364 a
1337 1310 1505 1365 nobis
1530 1310 1883 1365 rhetoricum
1918 1326 2011 1365 or-

353 1401 561 1451 natum
594 1395 653 1450 in
685 1397 896 1451 verbis.
927 1396 1039 1451 Nos
1071 1401 1265 1452 autem
1300 1399 1689 1470 praedicamus
1711 1398 2011 1454 Christum

357 1484 723 1556 cruciﬁxum,
757 1486 857 1556 qui
907 1490 995 1540 est
1025 1486 1328 1557 signorum
1374 1488 1653 1559 potentia,
1687 1494 1743 1543 et
1783 1489 2011 1560 sapien-

357 1575 449 1630 tiae
471 1573 732 1646 pelagus.
755 1575 970 1629 Verum
994 1576 1109 1647 ipsi
1132 1576 1375 1648 quidem
1398 1578 1776 1633 offenduntur
1798 1583 1853 1632 et
1875 1577 2016 1632 stul-

357 1668 479 1719 tam
514 1669 786 1734 reputant
816 1664 1313 1735 praedicationem,
1348 1667 1583 1737 quando
1614 1667 1799 1722 Deum
1827 1669 2014 1723 cruci-

359 1754 541 1807 ﬁxum
572 1769 700 1808 esse
723 1753 974 1808 audiunt
999 1770 1010 1809 :
1034 1755 1189 1825 quod
1215 1759 1413 1810 tamen
1439 1771 1554 1811 non
1588 1757 1802 1812 mirum
1831 1782 1846 1825 ;
1880 1774 2016 1813 nam

2115 591 2357 655 συνειδὸς
2386 592 2447 647 οὐ
2477 592 2782 669 κατακρίνει
2816 615 2894 663 σε,
2931 595 3196 671 μακάριος
3229 594 3295 648 εἴ.

2188 771 2379 843 Ἐρώτ.
2414 770 2507 847 [ιε’.
2541 770 2606 828 Τί
2639 769 2807 846 λέγει·
2859 796 2887 823 (ι
2942 768 3164 838 Ἐπειδὴ
3211 769 3300 825 καὶ
3362 767 3614 827 Ἰουδαῖοι
3666 791 3768 839 ση-

2120 865 2271 931 μεῖον
2302 859 2530 929 αίτοῦσι,
2557 861 2645 914 καὶ
2676 858 2943 930 ’Έλληνες
2973 858 3160 937 σοφίαν
3197 865 3468 931 ζητοῦσιν·
3503 861 3669 932 ἡμεῖς
3703 856 3761 914 δὲ

2117 948 2458 1026 κηρύσσομεν
2492 949 2720 1024 Χριστὸν
2754 949 3164 1024 ἐσταυρωμένον
3187 969 3200 1018 ;

2192 1123 2380 1184 Ἀπόκ.
2443 1127 2561 1183 Ἐὰν
2623 1126 2860 1202 εἷ’πωμεν
2891 1171 2905 1196 ,
2966 1127 3154 1205 φησὶν,
3211 1125 3478 1200 Ἰουδαίῳ·
3544 1127 3774 1183 Πίστευ-

2121 1224 2234 1272 σον⁶
2289 1217 2454 1293 λέγει,
2517 1219 2880 1289 Ἀναστήσατε
2929 1216 3176 1291 νεκροὺς,
3239 1217 3456 1281 ἱάσασθε
3533 1223 3778 1289 μαινῶν-

2119 1328 2236 1369 τας.
2272 1308 2391 1364 Ἐὰν
2426 1304 2483 1361 δὲ
2515 1306 2752 1379 εἴπωμεν
2795 1305 3053 1377 Ἕλληνι,
3100 1307 3314 1362 ἀπαιτεῖ
3361 1309 3496 1379 ἡμῖν
3548 1306 3777 1381 ῥητορι-

2121 1398 2214 1451 κὸν
2248 1396 2436 1470 λόγον·
2487 1397 2679 1469 Ἡμεῖς
2725 1394 2783 1451 δῖε
2827 1396 3173 1470 κηρύσσομεν
3223 1397 3452 1471 Χριστὸν
3498 1395 3775 1462 ἐσταυρωο

2128 1482 2308 1556 μένον,
2343 1482 2487 1545 ὅστις
2523 1482 2631 1537 ἐσνὶ
2664 1484 2753 1538 καὶ
2781 1481 3007 1557 δύναμις
3056 1488 3161 1538 τῶν
3215 1483 3478 1555 σημείων,
3533 1482 3625 1536 καὶ
3678 1487 3779 1536 πέ-

2126 1572 2298 1646 λαγος
2326 1580 2423 1641 τῆς
2454 1573 2664 1650 σοφίας.
2719 1571 2875 1628 Ἀλλ’
2925 1572 3118 1627 έκεῖνοι
3171 1570 3643 1641 σκανδαλίζονται,
3690 1571 3783 1625 καί

2132 1662 2313 1736 μωρὸν
2346 1664 2602 1735 ἡγοῦνται
2651 1662 2714 1716 τὸ
2761 1664 3041 1738 κήρυγμα,
3091 1661 3373 1724 ἀκούοντες
3426 1662 3554 1716 Θεὸν
3588 1662 3784 1716 ἐσταυ-

2130 1750 2396 1827 ρωμένον·
2467 1751 2557 1806 καὶ
2636 1750 2698 1805 οὐ
2757 1753 2957 1823 Θαῦμα,
3015 1751 3104 1805 καὶ
3162 1750 3263 1825 γὰρ
3324 1752 3374 1805 οἱ
3433 1751 3782 1813 ἀσθενοῦντες

361 1842 462 1913 qui
495 1841 749 1897 infirmis
780 1847 919 1897 sunt
964 1843 1172 1910 oculis,
1206 1860 1321 1898 non
1354 1849 1603 1916 possunt
1653 1862 1795 1916 pure
1826 1847 2018 1902 videre

2147 1839 2252 1901 τοὺς
2290 1839 2630 1916 ὀφθαλμοὺς,
2664 1840 2727 1894 οὐ
2752 1838 2998 1895 δύνανται
3036 1839 3255 1915 βλέπειν
3293 1841 3384 1894 τὸν
3418 1839 3580 1907 ἥλιον
3614 1841 3785 1893 καθα-

360 1931 565 1987 solem.
600 1931 686 1985 Ad
710 1931 982 1986 eumdem
1011 1933 1250 1987 modum
1274 1933 1452 1987 etiam
1478 1933 1596 1989 isti.
1623 1934 1771 1990 Illud
1797 1940 2017 2005 autem,

360 2044 387 2071 «
429 2021 590 2086 Quod
642 2018 889 2075 stultum
946 2025 1035 2075 est
1082 2021 1204 2091 Dei,
1255 2021 1582 2093 sapientius
1633 2030 1718 2079 est
1767 2024 2023 2079 homini-

361 2110 477 2165 bus
497 2110 563 2179 5‘,
595 2129 624 2158 »
659 2109 729 2163 de
759 2124 928 2164 cruce
952 2108 1235 2181 loquitur.
1262 2114 1405 2165 Nam
1441 2111 1733 2183 sapientes
1765 2117 1821 2167 et
1843 2112 2027 2183 philo-

367 2197 538 2271 sepbi
584 2198 759 2253 etiam
808 2199 1264 2270 praestantiores,
1307 2199 1561 2255 inaniter
1603 2200 1946 2257 laborarunt
1971 2206 2030 2257 et

370 2286 635 2357 occupati
668 2287 924 2352 fuerunt,
954 2304 1058 2343 nec
1089 2287 1409 2359 quidquam
1434 2289 1570 2344 boni
1594 2296 2024 2362 perpetrarent.

373 2380 522 2431 Crux
542 2392 676 2431 vero
694 2392 869 2446 quam
902 2376 986 2431 illi
1009 2376 1323 2433 stultitiam
1348 2379 1714 2449 reputabant,
1741 2382 2028 2437 mundum

374 2466 603 2523 salvum
636 2466 770 2522 fecit
802 2484 813 2522 :
850 2472 905 2523 et
936 2471 1243 2539 propterea
1265 2469 1541 2524 omnibus
1572 2470 1897 2541 sapientior
1920 2476 2026 2541 est,

379 2573 445 2612 eo
477 2556 632 2627 quod
664 2561 827 2611 tanta
858 2556 1010 2611 bona
1041 2561 1278 2627 operata
1307 2558 1402 2612 sit.

451 2646 607 2701 274
628 2647 858 2711 Qums'r.
890 2645 1074 2701 XCVI.
1109 2646 1408 2708 Quomodo
1441 2662 1574 2702 vero
1606 2646 1782 2703 dicit:
1820 2647 2029 2711 «Quod

378 2734 680 2789 infirmum
712 2738 803 2789 est
832 2734 955 2801 Dei,
989 2734 1196 2790 fortius
1227 2739 1314 2789 est
1345 2734 1685 2791 hominibus
1705 2735 1792 2791 55?
1827 2760 1852 2785 υ

449 2823 621 2879 RESP.
654 2823 1063 2879 Infirmitatem
1110 2823 1207 2879 Dei
1260 2828 1425 2879 vocat
1473 2841 1714 2880 sensum
1748 2826 2035 2897 apostolo-

378 2928 530 2978 rum,
565 2912 667 2983 qui
700 2911 970 2968 homines
1010 2928 1141 2967 cum
1194 2918 1391 2967 essent
1418 2912 1611 2968 idiotas
1639 2919 1694 2968 et
1725 2914 2029 2985 illitterati,

380 3010 576 3056 tamen
630 3000 789 3056 brevi
838 2994 1099 3072 tempore
1131 3004 1322 3057 totum
1370 3002 1569 3057 orbem
1615 3004 1784 3074 quasi
1817 3020 2033 3076 sagena

376 3090 697 3160 capientes,
728 3105 893 3162 reges
940 3096 999 3146 et
1020 3091 1341 3187 principes,
1376 3091 1671 3163 sapientes
1702 3098 1757 3148 et
1788 3110 2028 3166 magna-

373 3181 464 3234 tes
495 3178 776 3234 devicere.

448 3266 622 3322 Paor.
654 3267 868 3323 XCVII.
901 3268 1050 3335 Quid
1079 3273 1167 3324 est
1198 3268 1345 3325 illud
1374 3285 1386 3323 :
1413 3270 1572 3325 «Sed
1605 3269 1904 3341 loquimur
1924 3272 2023 3328 Dei
2059 3234 2100 3302 Ο

373 3356 723 3428 sapientiam
757 3357 816 3411 in
850 3357 1143 3429 mysterio,
1170 3376 1295 3430 quae
1323 3359 1666 3415 abscondita
1697 3366 1786 3416 est
1807 3361 1894 3415 ⁵δέ
1929 3384 1956 3412 ››

444 3445 617 3501 Ηεερ.
649 3446 848 3515 Vides,
878 3447 1171 3517 quomodo
1206 3448 1467 3502 nominet
1500 3448 1623 3519 ipse
1653 3450 2025 3520 sapientiam,

373 3552 549 3607 quam
606 3537 770 3608 prius
820 3535 1132 3591 stultitiam
1167 3540 1490 3591 vocaverat.
1544 3533 1767 3593 Etenim
1820 3545 2031 3611 myste-

370 3625 524 3679 rium
559 3625 817 3697 primum
850 3625 1349 3694 dispensationem
1376 3625 1537 3691 dicit,
1565 3625 1692 3681 ideo
1723 3629 1873 3699 quod
1898 3629 2028 3683 nul-

368 3713 464 3768 lus
496 3729 687 3785 neque
726 3710 992 3783 angelus,
1026 3728 1129 3766 nec
1161 3712 1275 3767 alia
1319 3713 1516 3784 aliqua
1546 3719 1738 3769 creata
1772 3721 2030 3787 potestas

369 3802 639 3873 cognovit
668 3801 778 3855 hoc
812 3801 1157 3869 mysterium
1189 3806 1245 3858 et
1293 3802 1796 3873 dispensationem
1828 3804 2026 3862 istam.

369 3891 525 3963 quod
579 3890 635 3944 in
685 3893 837 3944 terra
890 3895 1040 3945 Deus
1086 3907 1321 3946 carnem
1375 3897 1798 3964 assumpturus
1853 3900 2027 3951 esset.

373 3980 760 4050 Posteaquam
812 3996 948 4036 vero
999 3981 1217 4036 factum
1263 3986 1371 4050 est,
1401 3982 1676 4037 omnibus
1725 3983 2025 4038 innotuit:

371 4068 877 4138 quemadmodum
925 4070 1115 4141 inquit
1146 4070 1458 4142 Apostolus
1492 4088 1503 4124 :
1542 4093 1569 4122 «
1600 4071 1673 4126 Ut
1702 4069 2030 4129 innotescat

371 4172 527 4210 nunc
541 4157 968 4228 principatibus
986 4163 1042 4213 et
1061 4160 1469 4229 potestatibus,
1489 4161 1546 4215 in
1569 4161 1904 4217 ccelestibus
1926 4163 2026 4214 ⁵⁷.»

369 4245 549 4300 Vocat
580 4251 777 4301 autem
812 4247 952 4302 alibi
1002 4264 1237 4320 quoque
1285 4250 1654 4321 mysterium,
1685 4251 1899 4307 eximia
1929 4251 2027 4308 illa

372 4351 544 4406 opera
574 4334 699 4401 Dei,
721 4352 930 4406 nempe
953 4336 1338 4402 nagivitatem,
1361 4337 1687 4403 stabulum,
1712 4340 2024 4410 baptisma,

364 4440 622 4492 crucem,
658 4430 925 4491 mortem,
963 4426 1448 4483 resurrectionem
1502 4431 1558 4482 et
1599 4430 2022 4486 ascensionem.

366 4512 526 4568 Sicut
554 4514 733 4569 etiam
774 4520 1016 4569 sanctus
1068 4514 1381 4587 Gregorius
1434 4515 1764 4588 Theologus
1796 4519 1869 4589 (3)
1903 4536 2024 4592 my-

2133 1933 2262 2003 ρῶς’
2324 1928 2466 1983 οὕτω
2514 1929 2602 1984 καὶ
2644 1929 2816 1986 αὐτοί.
2869 1930 2941 1983 Τὸ
2991 1926 3067 1997 δὲ,
3116 1928 3198 1983 ὅτι
3250 1954 3279 1980 ‹‹
3337 1929 3415 1985 Τὸ
3466 1930 3652 2003 μωρὸν
3684 1932 3787 1983 τοῦ

2133 2022 2266 2073 Θεοῦ
2325 2019 2630 2094 σοφώτερον
2687 2023 2793 2073 τῶν
2852 2019 3153 2094 ἀνθρώπων
3208 2017 3341 2087 ἐστὶ,
3402 2042 3424 2071 ι
3480 2015 3629 2092 λέγει
3688 2019 3783 2072 τὸν

2135 2108 2384 2184 σταυρόν.
2418 2109 2518 2164 Καὶ
2551 2109 2654 2183 γὰρ
2687 2109 2737 2162 οἱ
2796 2107 2954 2185 σοφοὶ
3001 2108 3089 2162 καὶ
3144 2102 3437 2185 φιλόσοφοι
3479 2107 3570 2161 καὶ
3602 2108 3658 2161 oi
3690 2105 3787 2160 δυ-

2135 2198 2283 2252 νατοὶ
2339 2197 2415 2258 είς
2467 2197 2664 2270 μάταια
2712 2195 3144 2272 ἡσχολήθησαν,
3211 2196 3300 2251 καὶ
3358 2195 3787 2273 ἐφιλοπὸνησειν,

2136 2287 2225 2342 καὶ
2284 2284 2437 2341 οὐδὲν
2500 2287 2692 2362 ἀγαθὸν
2752 2287 3131 2363 κατώρθωσαν.
3194 2287 3255 2343 Ὀ
3313 2282 3370 2339 δὲ
3418 2287 3670 2359 σταυρὸς,
3730 2285 3788 2337 δν

2140 2377 2388 2451 ἐνόμιζον
2421 2377 2614 2432 ἐκεῖνοι
2652 2378 2885 2453 μωρίαν,
2915 2378 3005 2432 τὸν
3052 2376 3255 2449 κόσμον
3318 2373 3503 2431 ἔσωσε·
3551 2376 3642 2429 καὶ
3694 2372 3788 2429 διὰ

2137 2473 2299 2524 τοῦτο
2330 2470 2640 2545 σοφώτερον
2679 2467 2891 2523 πάντων
2925 2466 3085 2539 ἐστὶν,
3118 2466 3199 2521 ὅτι
3237 2463 3444 2542 μεγάλα
3491 2464 3787 2540 εἰργάσατο

2139 2555 2329 2632 ἀγαθά.

2215 2647 2407 2720 Ἐρώτ.
2440 2646 2540 2723 [ις’.
2575 2645 2702 2717 Καὶ,
2737 2670 2763 2696 ‹‹
2792 2646 2867 2701 Τὸ
2898 2644 3108 2707 ἀσθενὲς
3135 2648 3231 2699 τοῦ
3263 2648 3394 2699 Θεοῦ
3428 2643 3790 2721 ἰσχυρότερον

2139 2740 2246 2790 τῶν
2281 2736 2577 2811 ἀνθρώπων
2610 2733 2773 2799 ἐστὶν,
2812 2758 2831 2784 ι
2870 2730 3011 2789 οὕτω
3044 2733 3211 2808 λέγει.

2212 2823 2403 2878 ’Δπόκ.
2465 2823 2712 2884 Ἀσθενες
2769 2826 2864 2876 τοῦ
2923 2826 3054 2877 Θεοῦ
3112 2819 3258 2897 λέγει
3304 2826 3411 2876 τῶν
3461 2820 3790 2876 ἀποστόλων

2139 2914 2202 2968 τὸ
2242 2913 2514 2990 φρόνημα,
2576 2911 2656 2966 ὅτι
2708 2911 2981 2985 ἅνθρωποι
3033 2908 3243 2966 ἰδιῶται
3290 2909 3377 2964 καὶ
3429 2910 3790 2985 ἀγράμματοι

2140 3002 2190 3057 ἐν
2224 3004 2423 3078 βραχεῖ
2453 3007 2623 3076 καιρῷ
2654 3005 2753 3070 τήν
2786 3001 3110 3073 οἰκουμένην
3159 3000 3511 3075 ὲσαγήνευσαν
3543 3003 3644 3071 (4),
3699 3002 3792 3054 καὶ

2144 3090 2407 3168 βασιλεῖς,
2467 3092 2556 3147 καὶ
2609 3091 2898 3167 ἄρχοντας,
2957 3089 3045 3144 καὶ
3106 3088 3327 3166 σοφοὺς,
3384 3088 3473 3143 καὶ
3529 3086 3794 3152 δυνάστας

2141 3182 2191 3235 ἐν
2204 3180 2289 3251 ίκη
2299 3202 2415 3235 σαν.

2211 3268 2465 3341 Κείμενον
2499 3268 2598 3345 ιζ’.
2633 3291 2660 3319 ‹‹
2715 3265 2913 3343 Σοφίαν
2966 3263 3021 3320 δὲ
3071 3262 3349 3338 λαλοῦμεν
3388 3270 3522 3321 Θεοῦ
3554 3266 3603 3320 ἐν
3660 3289 3794 3339 μυσ-

2136 3356 2314 3432 τηρίῳ
2343 3357 2440 3424 τὴν
2470 3354 2983 3431 ἀποκεκρυμμένην.
3018 3376 3047 3405 ››

2212 3446 2402 3501 Ἀπὸκ.
2436 3446 2620 3520 Ὁρᾷς,
2652 3449 2769 3506 πῶς
2817 3443 2976 3500 καλεῖ
3021 3444 3179 3506 αὐτὸς
3240 3443 3451 3522 σοφίαν,
3511 3446 3571 3514 ἣν
3636 3442 3788 3521 ἔλεγε

2139 3539 2354 3612 πρῶτον
2410 3534 2640 3610 μωρίαν.
2697 3533 2795 3588 Καὶ
2839 3533 2938 3609 γὰρ
2994 3535 3289 3607 μυστήριον
3322 3539 3537 3608 πρῶτον
3567 3534 3788 3589 οἰκονο-

2144 3624 2266 3698 μίαν
2319 3624 2483 3700 λέγει,
2532 3623 2612 3678 ὅτι
2663 3622 2784 3678 οὕτε
2828 3620 3075 3699 ἅγγελος,
3134 3620 3255 3678 οὔτε
3311 3625 3498 3692 κτιστή
3554 3622 3791 3698 δύναμις

2140 3712 2286 3782 ἄλλη
2349 3712 2608 3788 ἐγίνωσκε
2663 3713 2724 3766 τὸ
2788 3714 3085 3787 μυστήριον
3142 3712 3231 3766 καὶ
3288 3714 3387 3781 τήν
3464 3712 3787 3787 οἰκονομίαν

2137 3802 2360 3872 ταύτην,
2392 3803 2476 3856 ὃτι
2509 3801 2701 3875 μέλλει
2733 3802 2760 3856 6
2793 3802 2919 3863 Θεὸς
2972 3800 3057 3856 ἐπὶ
3101 3808 3199 3871 τῆς
3250 3808 3353 3876 γῆς
3414 3810 3789 3878 σαρκωθῆναι,

2137 3894 2299 3950 Ὃταν
2329 3889 2385 3946 δὲ
2430 3893 2640 3967 γέγονε,
2688 3892 2809 3947 τότε
2857 3891 3049 3953 πάντες
3081 3890 3362 3965 ἐγνώκασι,
3396 3892 3573 3955 καθὼς
3638 3892 3789 3968 λέγει

2139 3981 2166 4034 6
2203 3977 2561 4041 Ἀπόστολος.
2619 4001 2646 4029 ‹‹
2693 3980 2809 4034 Ἵνα
2856 3982 3131 4054 γνωρισθῇ
3172 3982 3262 4031 νῦν
3295 3983 3409 4039 ταῖς
3438 3978 3633 4054 ἀρχαῖς
3698 3980 3792 4034 καὶ

2136 4075 2252 4130 ταῖς
2285 4068 2543 4139 ἐξουσίαις
2602 4066 2652 4122 ἰν
2713 4072 2828 4129 τοῖς
2886 4065 3240 4143 ἐπουρανίοις.
3303 4066 3459 4142 Λέγει
3521 4065 3576 4121 δὲ
3605 4066 3793 4123 ἄλλα·

2139 4163 2245 4235 χοῦ
2302 4156 2465 4213 πάλιν
2530 4159 2826 4232 μυστήριον
2891 4158 2958 4211 τὰ
3006 4155 3246 4231 ἐξαίρετα
3295 4152 3426 4231 ἔργα
3478 4161 3575 4211 τοῦ
3627 4163 3791 4229 Θεοῦ,

2138 4248 2248 4303 οἷον
2306 4250 2405 4316 τήν
2452 4247 2725 4322 γέννησιν,
2773 4249 2870 4315 τὴν
2920 4247 3142 4323 φάτνην,
3209 4247 3272 4299 τὸ
3338 4246 3639 4321 βάπτισμα,
3692 4250 3786 4302 τὸν

2137 4339 2385 4413 σταυρὸν,
2426 4338 2517 4392 τὸν
2551 4336 2797 4402 θάνατον,
2827 4336 2925 4404 τὴν
2979 4336 3285 4401 ἀνάστασιν,
3336 4338 3434 4404 τήν
3487 4335 3789 4411 ἀνάληψιν,

2134 4427 2315 4490 καθὼς
2345 4427 2434 4480 καὶ
2464 4427 2491 4480 6
2524 4425 2573 4479 ἐν
2608 4424 2780 4499 ἁγίοις
2811 4424 3108 4501 Γρηγόριος
3141 4424 3168 4478 ὁ
3210 4424 3447 4500 Θολόγος
3507 4427 3785 4497 μυστήρια

2134 4517 2229 4578 τὰς
2261 4515 2447 4591 ἑορτὰς
2475 4514 2634 4569 καλεῖ
2681 4513 2731 4567 ἐν
2776 4518 2855 4585 τῷ
2907 4514 2998 4574 Εἷς
3046 4512 3112 4566 τὰ
3150 4517 3302 4590 φῶτα
3329 4512 3502 4587 λόγῳ·
3538 4538 3567 4565 ι(
3602 4514 3779 4569 Πάλιν

366 4601 544 4657 steria
572 4606 739 4657 vocat
759 4603 925 4669 festa,
956 4603 1013 4657 in
1047 4620 1317 4658 sermone
1340 4606 1412 4660 Da
1435 4605 1742 4661 luminibus
1771 4624 1789 4660 :
1824 4630 1849 4656 ‹‹
1878 4608 2017 4663 Rur-

2148 4608 2335 4673 Ιησοῦς
2370 4604 2397 4656 6
2429 4602 2580 4675 ἐμὸς,
2612 4601 2701 4657 καὶ
2732 4601 2896 4657 πάλιν
2933 4604 3255 4677 μυστήριον.
3291 4625 3318 4654 n
3349 4606 3517 4657 Τοῦτο
3569 4601 3627 4657 δὲ
3688 4603 3779 4659 λέ-

370 4708 472 4747 sus
501 4691 674 4746 Jesus
718 4690 817 4746 ille
851 4708 1035 4757 meus,
1071 4698 1128 4746 et
1176 4693 1384 4748 iterum
1439 4695 1809 4763 mysterium.
1846 4717 1871 4745 ι)
1906 4697 2023 4754 Hoc

365 4784 560 4836 autem
623 4779 782 4847 dicit,
838 4784 1071 4851 propter
1120 4781 1331 4837 festum
1384 4781 1708 4854 baptismi:
1754 4783 2023 4841 similiter

362 4867 539 4923 etiam
572 4869 628 4922 in
664 4867 925 4938 reliquis.

434 4957 661 5019 Qua-251'.
694 4957 935 5012 XCVIII.
992 4958 1136 5020 Quid
1171 4965 1280 5030 est,
1316 4960 1470 5030 quod
1506 4959 1694 5030 inquit
1728 4978 1740 5017 :
1777 4984 1803 5010 α
1840 4962 1893 5017 Si
1924 4980 2016 5018 cu-

355 5046 457 5116 jus
489 5062 634 5116 opus
664 5046 892 5113 arserit,
917 5046 1199 5103 damnum
1231 5047 1483 5120 patietur
1508 5066 1519 5102 :
1545 5049 1669 5120 ipse
1692 5056 1883 5106 autem
1908 5052 2018 5108 sal-

361 5151 470 5189 vus
501 5133 629 5201 erit,
663 5134 746 5189 sic
778 5140 973 5190 tamen
1009 5137 1173 5206 quasi
1210 5155 1310 5208 per
1340 5138 1534 5209 ignem
1558 5139 1602 5172 ⁸⁸
1624 5139 1651 5192 ?
1687 5163 1707 5187 ι»

436 5224 608 5279 Rssr.
637 5223 694 5277 Si
744 5224 913 5294 cujus
962 5242 1109 5295 opus
1156 5228 1383 5293 arserit,
1426 5228 1709 5283 damnum
1765 5230 2018 5300 patietur

364 5312 526 5384 regni
559 5311 835 5367 cmlorum
875 5331 887 5368 :
922 5312 1121 5369 salvus
1149 5332 1280 5370 vero
1317 5316 1411 5370 fiet
1447 5316 1572 5387 ipse
1602 5320 1882 5389 tanquam
1914 5335 2017 5390 per

362 5399 580 5471 ignem.
616 5401 916 5465 Quomodo
959 5418 1091 5457 vero
1123 5403 1497 5459 servabitur?
1527 5405 1636 5461 hoc
1676 5411 1783 5477 est,
1816 5406 2014 5463 salvus

434 5552 477 5585 ³³
510 5553 529 5606 Ι
562 5552 691 5609 Cor.
726 5569 765 5623 I,
795 5554 887 5620 22,
918 5555 1008 5610 23.
1086 5556 1130 5589 ⁸⁸
1161 5556 1304 5612 ibid.
1334 5557 1424 5612 25.

433 5714 504 5787 (3)
527 5718 719 5789 Greg.,
752 5721 909 5776 Orat.
943 5718 1013 5773 39
1044 5719 1101 5774 in
1135 5721 1337 5777 sancta
1368 5719 1594 5777 lumina
1641 5721 2001 5794 Epiphaniae.

1504 5558 1547 5591 ⁵⁸
1576 5558 1716 5614 ibid.
1751 5560 1795 5595 ⁸⁸
1826 5561 1848 5615 Ι
1877 5559 2005 5615 Cor.
2038 5577 2103 5630 ιι,
2131 5563 2185 5617 7.

2131 4715 2211 4767 γει
2245 4690 2332 4746 διὰ
2358 4693 2456 4760 τὴν
2489 4693 2681 4766 ἑορτὴν
2710 4695 2806 4746 τοῦ
2859 4690 3250 4766 βαπτίσματος·
3283 4691 3372 4747 καὶ
3403 4690 3454 4745 ἐν
3486 4696 3603 4753 τοῖς
3655 4690 3778 4746 λοι-

2130 4787 2254 4843 ποῖς
2287 4782 2519 4855 ὁμοίως.

2200 4960 2393 5032 Ἐρώτ.
2428 4958 2535 5035 ιη’.
2569 4957 2632 5013 Τί
2681 4956 2846 5034 λέγει’
2901 4982 2929 5008 ‹‹
2963 4955 3201 5019 Εἵτινος
3227 4959 3290 5013 τὸ
3323 4954 3476 5034 ἔργον
3503 4962 3778 5030 κατακαή-

2128 5069 2296 5118 σεται,
2333 5050 2760 5120 ζημιωθήσεται·
2796 5046 2954 5111 αὗτὸς
2990 5046 3045 5103 δέ
3078 5049 3397 5120 σωθήσεται,
3433 5045 3579 5102 οὕτω
3612 5046 3669 5104 δὲ
3704 5051 3776 5112 ὡς

2129 5134 2217 5191 διὰ
2245 5132 2413 5210 πυρὸς
2440 5156 2453 5205 ;
2489 5161 2517 5188 ››

2198 5226 2389 5281 Ἀπόκ.
2423 5224 2658 5286 Εῗτινος
2697 5225 2757 5280 τὸ
2806 5224 2964 5301 ἔργον
3007 5226 3419 5297 κατακαήσεται,
3483 5229 3775 5299 ζημιωθή-

2126 5335 2271 5370 σεται
2300 5318 2399 5385 τῆν
2455 5314 2730 5393 βασιλείαν
2780 5320 2886 5370 τῶν
2919 5315 3180 5392 οὐρανῶν·
3220 5317 3521 5386 σωθήσεται
3556 5314 3616 5372 δὲ
3679 5318 3775 5372 αῦ-

2122 5404 2216 5466 τὸς
2274 5404 2349 5467 ὡς
2410 5403 2498 5460 διὰ
2551 5406 2747 5481 πυρός.
2814 5407 2940 5468 Πῶς
2999 5402 3055 5460 δὲ

3112 5406 3409 5475 σωθήσεται
3437 5425 3451 5475 ;
3500 5405 3776 5476 τουτέστι,

2262 5561 2305 5596 ⁸⁷
2334 5560 2546 5633 Ephes.
2582 5577 2668 5628 ιιι,
2703 5560 2787 5615 10.
2865 5559 2908 5595 ⁵⁸
2940 5564 2965 5614 Ι
2993 5562 3118 5615 Cor.
3154 5576 3237 5627 ιιι,
3272 5561 3355 5616 15.

2186 5724 2261 5795 (4)
2296 5725 2358 5781 In
2390 5720 2724 5799 σαγηνεύειν,
2756 5723 2886 5780 vide
2917 5721 3323 5780 Onomasticon.
