4080 6206
273 332 406 392 757

1292 334 1805 405 QUIESTIONES
1852 334 1929 393 IN
1978 332 2401 394 EPISTOLAS
2445 335 2707 397 PAULI.

3588 337 3621 395 7
3629 332 3707 394 58

274 466 430 525 σῶος
458 464 545 518 καὶ
577 464 823 538 ἀκέραιος
856 464 1001 537 μένει
1050 466 1100 520 ἐν
1156 470 1235 538 τῷ
1282 468 1434 542 πυρὶ,
1470 466 1559 520 καὶ
1614 464 1711 519 οὐκ
1755 461 1918 537 ὅψετα

2056 470 2113 520 et
2144 465 2369 537 integer
2398 467 2658 523 manebit
2678 467 2736 521 in
2770 466 3037 537 igne,nec
3067 465 3287 521 videbit
3319 468 3698 533 mortem,sed

278 550 537 621 θάνατον,
570 551 717 609 αλλὰ
769 553 831 608 τὸ
891 552 1048 630 ἔργον
1102 554 1265 610 αὐτοῦ
1332 555 1494 628 μόνον
1551 555 1941 623 κατακαήσεται

276 643 379 695 καὶ
426 645 793 717 χαωθήσεται.
826 642 1004 706 Αὐτὸς
1059 642 1115 700 δὲ
1161 644 1409 719 ἀκέραιος
1454 645 1599 716 μένει
1649 644 1724 706 εἰς
1772 643 1943 696 αἰῶνα

276 730 486 793 αἰῶνος
515 730 907 805 κολαζόμενος,
941 735 1029 788 καὶ
1061 733 1123 788 οὗ
1157 730 1563 804 διαλυθήσεται.

359 822 555 895 Ἐρώτ.
588 822 692 897 ἦθ’.
724 822 785 876 Τί
845 821 1011 899 λέγει’
1045 847 1073 875 ‹‹
1106 824 1289 895 Μικρά
1347 823 1489 895 ζύμη
1549 822 1677 877 ὅλον
1728 821 1790 875 τὸ
1839 820 1939 897 φύ-

276 929 437 985 ραμα
468 915 633 983 ζυμοῖ
656 930 670 980 ;
706 934 735 961 »

354 997 546 1054 Ἀπόκ.
602 1000 779 1055 Τοῦτο
838 997 982 1074 λέγει
1038 996 1127 1054 διὰ
1179 998 1306 1062 τοὺς
1356 998 1629 1075 πονηροὺς
1674 999 1762 1053 καὶ
1817 1019 1935 1052 σκο-

274 1086 441 1148 λιοὺς
472 1086 814 1161 ἀνθρώπους.
849 1091 992 1160 Ὅτι,
1023 1088 1201 1163 ὥσπερ
1234 1090 1266 1159 ἠ
1316 1090 1523 1144 παλαιὰ
1573 1088 1715 1161 ζύμη
1771 1090 1936 1164 μικρὰ

274 1176 381 1248 μὲν
442 1174 572 1247 ἔστι,
604 1176 748 1233 πολὺ
807 1175 865 1232 δὲ
922 1176 1151 1253 ἄλευρον
1211 1184 1361 1233 ποιεῖ
1423 1179 1754 1251 ζυμωθῆναι·
1792 1177 1934 1231 οὕτω

267 1265 372 1319 καὶ
426 1267 453 1319 6
513 1263 812 1328 κακοποιὸς
872 1264 1174 1342 ἅνθρωπος,
1224 1268 1431 1346 τρέφων
1492 1266 1542 1321 ἐν
1604 1268 1777 1339 ἑαυτῷ
1832 1267 1931 1334 τήν

268 1352 492 1422 κακίαν,
554 1351 881 1427 μεταδίδωσι
930 1356 1019 1410 καὶ
1094 1361 1210 1417 τοῖς
1283 1356 1499 1426 ἄλλοις,
1559 1360 1649 1410 καὶ
1726 1355 1932 1429 γίνεται

271 1437 606 1513 σκάνδαλον,
637 1443 725 1499 καὶ
774 1438 1140 1499 καταϐλάπτει
1192 1443 1462 1507 πολλούς.
1503 1447 1600 1499 Διὰ
1645 1449 1806 1500 τοῦτο
1835 1446 1931 1498 πά-

273 1528 366 1585 λιν
429 1531 602 1606 λέγει’
664 1556 692 1583 ‹‹
742 1533 1102 1610 Ἐκκαθάρατε
1153 1532 1243 1589 οὖν
1301 1535 1398 1603 τὴν
1453 1532 1689 1589 παλαιὰν
1741 1533 1931 1607 ζύμην,

264 1619 362 1675 ’ἕνα
420 1624 521 1690 ἥτε
576 1622 708 1676 νέοι⁸
744 1646 773 1674 ››
821 1622 1117 1678 τουτέστινο
1172 1620 1495 1694 Ἐκδιώξατε
1544 1624 1635 1678 τὸν
1690 1624 1932 1698 πονηρὸν

267 1711 364 1764 καὶ
424 1710 645 1766 σκολιὸν
706 1709 757 1783 ἐξ
816 1711 992 1786 ὖμῶν,
1037 1713 1071 1781 ἢ
1123 1712 1318 1790 φύγετε
1374 1713 1464 1767 ἀπ’
1523 1713 1705 1767 αὐτοῦ’
1742 1710 1925 1781 ἐπειδὴ

2054 572 2202 627 opus
2232 555 2419 626 ipsius
2450 555 2821 611 solummodo
2870 556 3248 611 comburetur
3294 560 3350 610 et
3377 556 3697 611 confunde-

2051 647 2164 697 tur.
2204 646 2329 715 Ipse
2361 661 2491 698 vero
2524 650 2803 699 aeternum
2841 645 3207 713 permanebit
3239 645 3464 715 integer
3493 660 3699 714 pcenas

2049 730 2254 786 luens:
2292 750 2392 787 nec
2425 738 2617 788 tamen
2651 734 3021 788 dissolvetur.

2120 824 2344 887 Qumsr.
2378 821 2558 877 XCIX.
2592 822 2737 885 Quid
2771 828 2878 889 est,
2931 823 3085 893 quod
3120 823 3289 877 dicit:
3331 842 3357 875 α
3398 822 3693 877 Modicum

2046 911 2313 966 fermenti
2347 915 2526 966 totam
2562 929 2817 966 massam
2849 912 3159 966 fermentat
3182 913 3226 947 59
3254 911 3278 965 ?
3308 934 3334 960 »

2119 1000 2283 1055 RESP.
2320 1004 2436 1055 Hoc
2468 1004 2705 1071 propter
2754 1000 2938 1055 malos
2986 1006 3042 1055 et
3090 1017 3386 1070 perversos
3424 1000 3692 1056 homines

2045 1089 2205 1143 dicit.
2242 1089 2386 1144 Nam
2421 1090 2921 1160 quemadmodum
2972 1094 3139 1144 vetus
3188 1091 3539 1144 fermentum
3569 1090 3691 1144 exi-

2045 1194 2228 1250 guum
2262 1178 2497 1249 quidem
2523 1178 2892 1244 est,multum
2919 1183 3115 1233 autem
3140 1178 3335 1232 farinae
3363 1179 3687 1234 t'ermentat:

2044 1267 2117 1321 ad
2148 1268 2419 1322 eumdem
2454 1269 2693 1322 modum
2725 1267 2916 1322 malus
2949 1268 3143 1337 homo,
3180 1268 3279 1337 qui
3313 1268 3369 1321 in
3415 1283 3476 1323 se
3509 1268 3693 1322 nutrit

2044 1356 2350 1423 malitiam,
2383 1356 2642 1427 impertit
2671 1373 2798 1411 eam
2832 1356 2983 1426 aliis,
3016 1360 3071 1410 et
3118 1355 3263 1426 ipsis
3313 1360 3402 1410 est
3440 1356 3686 1411 scanda-

2043 1442 2187 1511 lum,
2223 1444 2560 1515 multosque
2616 1443 2808 1510 laedit;
2856 1448 3162 1515 prepterea
3214 1459 3447 1498 rursum
3509 1442 3685 1498 dicit:

2048 1554 2069 1581 α
2106 1534 2434 1604 Expurgate
2467 1533 2664 1603 itaque
2708 1536 2871 1587 vetus
2921 1532 3299 1597 fermentum,
3336 1539 3398 1587 ut
3442 1532 3573 1587 novi
3608 1532 3691 1588 si-

2040 1620 2119 1676 tis
2144 1622 2209 1689 ⁶⁰,
2246 1644 2274 1669 ››
2307 1622 2415 1677 hoc
2468 1627 2590 1677 est:
2630 1620 2910 1691 Expellite
2961 1619 3181 1675 malum
3232 1626 3289 1675 et
3337 1637 3581 1691 pravum
3621 1637 3689 1676 ex

2038 1710 2332 1775 vobis,aut
2361 1727 2463 1766 vos
2496 1711 2567 1765 ab
2600 1710 2727 1781 ipso
2761 1709 3029 1765 reredite:
3060 1710 3529 1781 quandoquidem
3556 1728 3686 1766 om-

267 1805 420 1854 πᾶσα
450 1799 612 1854 κακία
664 1798 891 1873 μολύνει
937 1802 1029 1856 τὸν
1077 1802 1382 1876 ἄνθρωπον.
1425 1803 1522 1856 Διὰ
1571 1806 1730 1856 τοῦτο
1778 1802 1921 1856 καὶὸ

274 1894 283 1900 .
345 1883 434 1900 ρ..
585 1888 598 1900 .
842 1889 853 1900 .
1176 1890 1186 1900 .
1317 1888 1360 1900 ...
1637 1891 1700 1900 Α.
1804 1889 1818 1900 .
1878 1890 1887 1900 .

2042 1799 2132 1853 nis
2165 1798 2387 1853 malitia
2417 1800 2683 1869 inquinat
2732 1799 3046 1865 hominem,
3082 1800 3215 1853 Ideo
3269 1799 3447 1854 David
3500 1800 3686 1855 malos

261 1883 456 1960 Δαὸὶδ,
504 1888 718 1964 φεύγων
773 1889 900 1951 τοὺς
960 1890 1258 1966 πονηροὺς,
1314 1888 1516 1966 ἔλεγενο
1550 1915 1577 1942 ‹‹
1630 1891 1744 1947 Οὐκ
1801 1889 1922 1945 ἐκά-

261 1979 390 2032 θισα
446 1978 581 2050 μετᾶ
640 1977 921 2053 συνεδρίου
985 1981 1369 2052 ματαιότητος,
1418 1979 1505 2033 καὶ
1568 1982 1701 2052 μετά
1758 2000 1923 2055 παρα-

260 2065 587 2138 νομούντων
620 2066 681 2121 οὗ
717 2068 792 2140 μή
857 2066 1104 2131 εἰσέλθω.
1141 2068 1409 2141 Ἐμίσησα
1469 2066 1760 2138 ἐκκλησίαν
1819 2090 1922 2123 πο-

264 2154 677 2231 νηρευομένων.
731 2180 759 2207 ››
810 2156 908 2211 Διά
981 2156 1035 2211 τί
1092 2155 1150 2212 δὲ
1204 2161 1369 2212 ταῦτα
1426 2156 1644 2228 tamtsi;
1701 2157 1919 2227 Ἐπειδή

264 2243 437 2299 πάλιν
496 2242 645 2320 λέγει
703 2243 975 2322 ἀλλαχοῦ.
1010 2270 1038 2297 ‹‹
1071 2246 1217 2302 Μετᾶ
1274 2246 1423 2301 ὁσίου
1478 2246 1629 2308 ὅσιος
1682 2244 1793 2321 ἔσῃ,
1834 2248 1921 2302 καὶ

270 2336 412 2407 μετὰ
438 2332 696 2389 έκλεκτοῦ
727 2332 980 2397 ἐκλεκτὸς
1024 2334 1141 2411 ἔσῃ,
1173 2335 1262 2391 καὶ
1310 2337 1442 2408 μετὰ
1486 2332 1751 2411 στρεϐλοῖ)
1804 2334 1919 2391 δια-

266 2423 533 2498 στρέψῃς.
567 2449 596 2475 ››
627 2425 727 2481 Καὶ
759 2426 863 2500 γὰρ
897 2424 1013 2486 οἷός
1045 2425 1187 2481 ἐστιν
1231 2427 1258 2479 6
1308 2429 1566 2480 συνοικῶν
1624 2428 1757 2498 μετά
1804 2430 1920 2499 σοῦ,

262 2517 520 2567 τοιοῦτον
556 2512 907 2589 ἀπεργάσεται
943 2514 1075 2569 εἶναί
1109 2535 1185 2569 σε.

346 2602 540 2673 Ἐρώτ.
591 2604 654 2677 ρ’.
707 2602 766 2655 Τί
825 2600 989 2678 λέγει’
1052 2628 1082 2656 ‹‹
1138 2603 1213 2657 Τὰ
1274 2604 1536 2679 βρώματα
1714 2602 1917 2674 κοιλίᾳ,

258 2691 360 2745 καὶ
407 2692 442 2761 ἡ
480 2689 665 2745 κοιλία
694 2697 809 2754 τοῖς
865 2692 1170 2769 βρώμασιν.
1202 2695 1260 2750 Ὁ
1310 2690 1366 2747 δὲ
1415 2694 1543 2755 Θεὸς
1600 2694 1689 2747 καὶ
1719 2692 1917 2763 ταύτην

258 2779 358 2834 καὶ
388 2777 558 2835 ταῦτα
590 2783 915 2857 καταργήσει
940 2801 954 2851 ;
988 2806 1015 2832 ››

338 2870 530 2925 Ἀπόκ.
604 2868 829 2924 Κοίλιαν
902 2871 1002 2939 τὴν
1071 2870 1495 2947 γαστριμαργίαν
1567 2870 1733 2947 λέγει,
1789 2870 1916 2947 οὗχί

253 2958 363 3026 τήν
392 2959 645 3033 γαστέρα.
682 2960 778 3013 Καὶ
806 2959 907 3034 γὰρ
939 2959 1006 3014 τὰ
1066 2960 1330 3035 βρώματα
1379 2960 1514 3034 πρὸς
1552 2962 1651 3029 τὴν
1697 2980 1915 3036 γαστρι-

261 3046 500 3123 μαργίαν
536 3045 674 3123 ἔχει,
707 3048 860 3125 φησὶ,
890 3049 989 3117 τήν
1019 3046 1225 3126 φιλίαν,
1255 3048 1343 3103 καὶ
1376 3049 1509 3118 αὖτὴ
1568 3049 1705 3124 πρὸς
1760 3049 1912 3117 αὐτὰ,

253 3136 354 3191 καὶ
415 3136 479 3190 0'3
541 3133 759 3191 δύναται
791 3137 819 3191 6
864 3138 1267 3213 γαστρίμαργος
1320 3135 1595 3194 δουλεύειν
1644 3143 1723 3209 τῷ
1778 3144 1910 3210 Θεῷ,

2036 1888 2283 1957 fugiens,
2318 1888 2547 1959 inquit:
2576 1910 2603 1939 «
2638 1888 2763 1943 Non
2795 1888 2918 1942 sedi
2950 1904 3082 1942 cum
3116 1887 3360 1943 consilio
3388 1889 3680 1960 vanitatis,

2033 1980 2092 2030 et
2122 1993 2254 2031 cum
2288 1977 2823 2049 transgressoribus
2855 1993 2970 2031 non
3002 1976 3274 2031 introibo.
3308 1976 3467 2031 Odivi
3498 1977 3682 2032 eccle-

2034 2065 2182 2120 siam
2216 2066 2665 2137 malignantium
2688 2068 2751 2119 6‘.
2784 2088 2809 2117 υ
2841 2070 2907 2119 Et
2936 2081 3115 2136 quare
3147 2066 3231 2120 sic
3264 2066 3511 2137 agebat?
3538 2066 3683 2130 Quia

2034 2159 2100 2210 ut
2128 2155 2270 2209 dicit
2300 2154 2438 2210 alibi
2470 2172 2712 2210 rursus:
2747 2177 2775 2203 «
2826 2156 2967 2209 Cum
3019 2160 3220 2209 sancto
3276 2159 3513 2210 sanctus
3544 2157 3682 2211 eris,

2032 2248 2087 2298 et
2118 2260 2251 2298 cum
2285 2242 2464 2299 electo
2508 2244 2729 2298 electus
2776 2243 2913 2312 eris,
2964 2248 3020 2298 et
3066 2260 3199 2298 cum
3251 2260 3522 2315 perverso
3554 2261 3682 2315 per-

2031 2334 2272 2388 verteris
2291 2334 2358 2388 ⁶²,
2396 2356 2423 2382 ››
2450 2332 2678 2387 Etenim
2714 2332 2907 2404 qualis
2938 2336 3028 2387 est
3059 2332 3154 2388 ille
3176 2332 3415 2404 quicum
3447 2350 3683 2388 conver-

2034 2422 2205 2489 saris,
2236 2422 2411 2477 talem
2446 2426 2505 2476 te
2537 2438 2768 2493 quoque
2796 2421 3016 2476 reddet.

2106 2600 2330 2661 C'UzES'r.
2365 2603 2421 2653 C.
2457 2599 2603 2663 Quid
2637 2602 2726 2654 est
2775 2598 2929 2669 quod
2962 2597 3134 2653 dicit:
3168 2621 3195 2648 ‹‹
3229 2603 3370 2653 Esca
3400 2599 3585 2654 ventri
3620 2604 3678 2655 et

2030 2692 2235 2745 venter
2263 2688 2432 2744 escis.
2492 2688 2646 2743 Deus
2704 2692 2901 2742 autem
2960 2686 3215 2742 ethunc
3271 2693 3327 2742 et
3383 2687 3490 2743 has
3544 2688 3677 2742 des-

2029 2782 2187 2834 truet
2205 2779 2250 2813 ⁶³
2270 2778 2297 2833 ‘I
2327 2800 2355 2828 »

2100 2872 2267 2923 Resp.
2300 2867 2573 2921 Ventrem
2602 2865 2742 2922 dicit
2786 2864 3107 2937 crapulam,
3140 2881 3256 2921 non
3304 2864 3496 2937 ipsum
3537 2880 3675 2921 ven-

2026 2963 2196 3014 trem.
2230 2958 2529 3029 Siquidem
2562 2972 2706 3012 escae
2758 2972 2892 3011 cum
2941 2955 3179 3041 crapqla
3207 2955 3426 3013 habent
3461 2955 3667 3011 amici-

2025 3049 2191 3114 tiam,
2224 3052 2280 3103 et
2310 3046 2549 3118 crapula
2578 3063 2711 3101 cum
2745 3045 2916 3113 escis,
2941 3060 3046 3099 nec
3069 3048 3259 3116 potest
3288 3045 3388 3117 qui
3418 3045 3670 3118 crapulae

2022 3137 2326 3208 ventrique
2354 3136 2588 3191 deditus
2616 3139 2725 3204 est,
2759 3133 2972 3189 servire
3023 3133 3159 3204 Deo,
3208 3134 3310 3190 sed
3360 3134 3451 3190 sui
3482 3135 3671 3206 ipsius

256 3222 412 3279 ἀλλὰ
444 3221 717 3280 δουλεύειν
761 3226 861 3294 τήν
920 3226 1112 3281 ἑαυτοῦ
1170 3228 1400 3303 γαστέρα
1453 3226 1790 3302 κραιπαλῶν,
1821 3228 1910 3281 καὶ

2040 3207 2243 3282 reatris
2292 3242 2493 3280 servus
2552 3229 2657 3291 est,
2693 3224 2833 3279 dum
2892 3222 3142 3295 crapulae
3197 3226 3256 3278 et
3310 3222 3531 3279 illuviei
3571 3225 3674 3279 dat

259 3318 711 3391 γαπριμαργῶν.
773 3315 865 3369 Διὸ
922 3318 1260 3392 κατήργησεν
1320 3315 1485 3384 αὐτὴν
1543 3314 1736 3391 λέγων’
1768 3341 1793 3367 ‹‹
1854 3318 1917 3373 Ὀ

261 3403 395 3464 Θεὸς
454 3404 545 3457 καὶ
600 3402 801 3473 ταύτην
857 3405 945 3458 καὶ
998 3408 1167 3459 ταῦτα
1219 3408 1568 3480 καταργήσειο
1614 3430 1641 3456 »
1675 3404 1916 3460 τουτέστι

259 3491 332 3546 τὰ
387 3492 654 3567 βρώματα
710 3493 799 3546 καὶ
857 3493 956 3561 τὴν
1018 3494 1480 3569 γαστριμαργίαν⁹
1539 3493 1598 3548 οὐ
1658 3495 1759 3569 γὰρ
1816 3497 1915 3563 τὴν

259 3579 499 3657 γαστέρα
554 3583 890 3657 κατήργησεο
955 3584 1029 3655 μή
1090 3584 1334 3657 γένοιτοί
1394 3585 1596 3639 Ἀκουε
1669 3584 1772 3659 γὰρ
1831 3584 1918 3639 αὐ-

258 3672 361 3723 τοῦ
390 3666 671 3743 λέγοντος·
707 3693 735 3721 ‹‹
765 3670 834 3723 Τὸ
866 3668 923 3725 δὲ
955 3675 1113 3744 σῶμα
1144 3670 1205 3725 οὐ
1234 3675 1302 3744 τῇ
1353 3672 1593 3745 πορνείᾳ,
1640 3671 1783 3727 ἀλλᾶ
1838 3678 1917 3727 τῶ

260 3758 473 3833 Κυρίῳ.
508 3780 538 3807 »
569 3761 729 3813 Ὥστε
759 3759 820 3814 o6
851 3761 1160 3835 κατήργησε
1208 3762 1304 3829 νην
1348 3760 1598 3834 γαστέρα,
1630 3758 1774 3815 ἀλλὰ
1819 3764 1920 3831 τὴν

256 3846 717 3922 γαστριμαργίαν,
776 3843 906 3902 οὐδὲ
963 3849 1063 3917 τὴν
1122 3848 1431 3922 σύμμετρον
1489 3851 1714 3926 τροφὴν,
1776 3850 1920 3905 ἀλλὰ

252 3936 358 4002 τὴν
411 3934 693 4011 ἀμετρίανο
742 3934 929 4006 ἐπειδὴ
981 3936 1033 4007 ἐξ
1084 3936 1257 3991 αὐτῶν
1308 3937 1538 3992 τίκτεται
1593 3940 1626 4008 ἠ
1675 3939 1915 4014 πορνεία.

258 4022 359 4076 Διὰ
388 4027 552 4078 τοῦτο
598 4022 771 4097 λέγει,
820 4023 902 4078 ὅτι
929 4025 1005 4080 Τὸ
1050 4029 1209 4097 σῶμα
1259 4025 1357 4079 οὐκ
1400 4023 1560 4096 ἐδόθη
1614 4026 1916 4097 ἐξουσιάζε-

260 4122 383 4174 σθαι
419 4112 521 4165 ὑπὸ
550 4118 650 4182 τῆς
681 4113 1136 4190 γαστριμαργίας,
1164 4113 1256 4169 ’ίνα
1311 4115 1611 4190 περιπίπτῃ
1660 4115 1735 4177 εἷς
1784 4137 1917 4191 πορ-

256 4199 429 4270 νείαν,
459 4199 587 4255 ἀλλ’
633 4199 726 4256 ’ίνα
775 4200 1006 4277 δουλεύῃ
1051 4208 1130 4276 τῷ
1161 4204 1358 4279 Κυρίῳ·
1392 4207 1573 4268 καθὼς
1624 4205 1769 4280 λέγει
1812 4207 1918 4259 πά-

261 4288 351 4344 λιν
400 4287 659 4366 ἆλλαχοῦ
693 4286 931 4361 ὄπισθεν,
977 4291 1059 4347 ὅτι
1103 4296 1344 4348 «Πάντα
1397 4315 1488 4366 μοι
1541 4291 1761 4364 ἔξεστιν,
1792 4294 1918 4351 ἀλλ’

260 4376 327 4432 οὗ
357 4377 532 4433 πάντα
573 4380 857 4458 συμφέρει·
891 4380 1066 4436 πάντα
1121 4404 1212 4456 μοι
1263 4381 1479 4453 ἔξεστιν,
1515 4383 1641 4439 ἀλλ’
1673 4384 1772 4438 οὐκ
1814 4384 1917 4459 ἐγὼ

259 4466 754 4543 ἐξουσιασθήσομαι
791 4470 891 4525 ὑπό
921 4492 1089 4533 τινος.
1126 4495 1153 4522 »
1184 4476 1356 4527 Τοῦτο
1393 4470 1450 4527 δέ
1479 4472 1617 4527 ἐστιν
1668 4474 1696 4527 ’ὁ
1750 4472 1915 4548 λέγει,

2006 3331 2285 3387 operam.
2318 3314 2451 3369 Ideo
2500 3313 2788 3370 destruxit
2838 3312 3030 3379 illum,
3080 3313 3320 3369 dicens:
3366 3337 3394 3364 ‹‹
3428 3315 3583 3370 Deus
3616 3318 3677 3370 et

2026 3404 2182 3459 hunc
2213 3409 2269 3460 et
2299 3403 2430 3459 illas
2462 3403 2779 3473 destruet,»
2811 3402 2919 3458 hoc
2949 3406 3058 3471 est,
3090 3405 3148 3457 et
3177 3402 3337 3459 cibos
3368 3407 3425 3458 et
3452 3403 3675 3474 gulosi-

2028 3498 2227 3549 tatem.
2262 3494 2385 3548 Non
2420 3493 2576 3548 enim
2629 3496 2889 3547 ventrem
2950 3491 3263 3557 destruxit,
3298 3491 3486 3547 absit!
3525 3492 3678 3548 Audi

2026 3584 2204 3649 enim,
2239 3582 2378 3654 quid
2412 3582 2568 3637 dicat
2596 3581 2758 3653 ipse:
2794 3604 2823 3631 (ι
2856 3585 3077 3653 Corpus
3108 3585 3305 3636 autem
3339 3598 3453 3635 non
3489 3581 3673 3637 forni-

2027 3673 2259 3740 cationi,
2294 3675 2393 3729 sed
2427 3673 2753 3728 Domino“.
2786 3693 2814 3723 »
2851 3672 3050 3743 Itaque
3081 3688 3195 3727 non
3227 3671 3517 3727 destruxit
3536 3687 3677 3726 ven-

2030 3767 2196 3830 trem,
2231 3764 2330 3819 sed
2360 3762 2677 3834 crapulam,
2711 3778 2815 3816 nec
2847 3761 3022 3817 etiam
3057 3760 3421 3816 moderatum
3455 3760 3676 3827 cibum,

2029 3854 2128 3909 sed
2160 3852 2656 3908 immoderatum:
2691 3850 2984 3921 siquidem
3031 3866 3099 3905 ex
3146 3866 3212 3904 eo
3253 3849 3557 3905 fornicatio
3589 3851 3677 3922 gi-

2028 3943 2246 4015 gnitur.
2285 3941 2373 3996 Ait
2401 3957 2537 4013 ergo
2564 3958 2575 3995 :
2627 3939 2849 4012 Corpus
2879 3954 2991 3993 non
3019 3942 3109 3993 est
3138 3938 3342 3993 datum
3374 3940 3485 3993 sub
3516 3945 3677 4010 pote-

2029 4035 2240 4087 statem
2273 4029 2571 4102 ingluviei,
2608 4033 2672 4084 ut
2716 4029 2775 4083 in
2827 4026 3239 4083 fornicationes
3282 4026 3521 4095 incidat,
3573 4028 3677 4083 sed

2029 4125 2094 4175 ut
2126 4120 2369 4175 Domino
2401 4119 2632 4173 serviat.
2681 4117 2863 4173 Sicuti
2916 4133 3122 4172 rursus
3171 4120 3340 4172 antea
3383 4116 3525 4171 dicit
3573 4116 3681 4172 ali-

2029 4210 2199 4265 cubi:
2238 4229 2264 4258 (ί
2294 4206 2503 4264 Omnia
2534 4207 2677 4262 mihi
2727 4206 2925 4276 licent,
2961 4207 3062 4261 sed
3114 4222 3228 4261 non
3278 4205 3477 4261 omnia
3507 4222 3676 4278 expe-

2030 4299 2233 4353 diunt:
2261 4297 2457 4352 omnia
2480 4296 2621 4351 mihi
2644 4296 2843 4365 licent,
2867 4296 2968 4350 sed
2996 4311 3103 4367 ego
3135 4296 3243 4350 sub
3276 4294 3499 4350 nullius
3523 4295 3680 4349 redi-

2028 4403 2132 4460 gar
2162 4389 2447 4458 potestate
2466 4386 2530 4440 ⁸⁵.
2570 4408 2590 4435 ι
2626 4386 2743 4440 Hoc
2776 4386 2970 4455 ipsum
3004 4384 3150 4439 nihil
3183 4391 3272 4439 est
3302 4384 3678 4455 aliud,quam

2029 4476 2181 4548 quod
2234 4474 2328 4529 hic
2359 4475 2528 4529 dicit:
2584 4476 2737 4546 quod
2789 4490 2993 4530 omnes
3043 4473 3282 4545 quidem
3334 4473 3469 4544 cibi,
3521 4474 3674 4530 275

260 4555 349 4611 ὅτι
406 4556 581 4613 πάντα
635 4558 701 4613 τὰ
762 4560 1051 4634 βρώματα,
1110 4561 1245 4636 ἅπερ
1303 4559 1508 4616 ἔκτισεν
1566 4565 1593 4617 ὁ
1653 4563 1781 4623 Θεὸς
1838 4561 1915 4624 εἷς

2040 4582 2174 4638 quos
2213 4564 2430 4620 creavit
2476 4564 2630 4619 Deus
2686 4564 2745 4617 in
2798 4562 3057 4619 hominis
3112 4562 3484 4632 alimentum,
3538 4563 3679 4618 boni

260 4647 472 4723 τροφὴν
506 4652 603 4701 τοῦ
636 4649 945 4723 ἀνθρώπου,
976 4647 1117 4703 καλά
1149 4651 1271 4721 εἶσι,
1300 4651 1387 4704 καὶ
1440 4651 1664 4726 ἁρμόζει
1718 4673 1808 4724 μοι
1858 4650 1916 4706 έκ

261 4734 478 4789 πάντων
530 4734 717 4791 ἐσθίειν
773 4738 863 4791 καὶ
921 4736 1242 4814 τρέφεσθαι·
1308 4738 1433 4795 ἀλλ’
1489 4740 1555 4794 οὐ
1613 4743 1913 4815 γενήσομαι

262 4819 463 4885 δοῦλος
519 4826 627 4879 τῶν
678 4826 1003 4902 βρωμάτων·
1058 4825 1183 4881 οὐδὲ
1232 4826 1521 4897 έξουσιάσει
1573 4851 1677 4901 μου
1735 4831 1767 4899 ἡ
1818 4850 1914 4905 γα-

258 4912 609 4989 στριμαργία·
645 4914 707 4969 οὗ
766 4917 1025 4992 συμφέρει
1089 4935 1202 4988 μοι’
1240 4914 1365 4971 οὐδὲ
1421 4919 1523 4994 γὰρ
1581 4920 1779 4993 ἀγαθὸν
1834 4920 1911 4973 οἱ·

255 4999 489 5072 κοδομεῐ
539 5002 588 5056 ἐν
638 5002 783 5075 ἐμοί.
845 5004 941 5058 Διᾶ
984 5009 1167 5074 τοῦτο,
1213 5006 1375 5077 μόνον
1430 5013 1549 5069 τοῖς
1606 5008 1913 5083 ἀναγκαίοις

256 5088 612 5164 ἆρρούμενοι,
652 5092 720 5145 τὰ
778 5092 1004 5167 περισσὰ
1046 5090 1469 5167 διαπτύσσομεν,
1506 5096 1579 5158 ὡς
1629 5096 1726 5151 οὐκ
1774 5097 1914 5175 ὠφέ-

257 5176 425 5251 λιμα,
456 5177 602 5235 ἀλλὰ
648 5178 735 5235 καί
800 5176 1041 5257 βλαϐερὰ
1098 5183 1401 5237 συνεστῶτα
1464 5207 1579 5257 μοι,
1626 5185 1914 5260 ἐπιθυμίας

256 5266 495 5328 ἀτόπους
526 5274 796 5343 γεννῶντα
825 5275 938 5333 τοῖς
970 5272 1327 5344 κεκτημένοις
1358 5273 1511 5332 αὐτά.

329 5357 529 5429 Ἐρώτ.
565 5360 663 5433 ρα’.
696 5360 764 5416 Τί
804 5359 971 5435 λεγει’
1027 5386 1055 5413 ‹‹
1107 5363 1204 5416 Καὶ
1236 5361 1427 5425 πάντες
1458 5363 1533 5426 εἷς
1564 5364 1654 5419 τὸν
1709 5366 1913 5435 Μωσῆν

261 5440 666 5518 ἰϐαπτίσθησαν
694 5468 708 5519 ;
746 5473 768 5500 ι

332 5596 378 5631 ⁸⁸
408 5595 430 5652 I
462 5595 591 5653 Cor.
620 5614 677 5665 v,
708 5599 760 5653 6.
837 5599 882 5634 ⁸ο
912 5598 1053 5655 ibid.
1104 5600 1159 5653 7.

332 5600 378 5631 ‘9
408 5600 430 5652 Ι
462 5600 591 5653 Cor.
620 5614 677 5665 v,
708 5600 760 5653 6.
837 5600 882 5634 ⁸ο
912 5600 1053 5655 ibid.
1104 5600 1159 5653 7.
1236 5600 1278 5635 ⁶¹
1313 5600 1462 5659 Psal.
1522 5620 1698 5675 xxxv,
1750 5606 1803 5673 4,
1870 5605 1924 5659 5.

257 5667 307 5706 ⁸³
337 5667 486 5724 ibid.
524 5669 609 5725 12.
684 5671 729 5707 ⁸⁸
758 5669 781 5727 Ι
811 5670 939 5728 Cor.
970 5687 1024 5743 ι,
1054 5671 1109 5727 2.

2002 5605 2048 5639 δε
2155 5605 2200 5638 ⁶²
2235 5603 2382 5661 Psal.
2414 5622 2552 5672 xvu,
2582 5606 2671 5661 26.

2025 4660 2248 4725 sunt,et
2278 4654 2409 4709 licet
2440 4653 2585 4708 mihi
2616 4652 2892 4709 omnibus
2919 4652 3055 4718 frui,
3080 4651 3282 4723 eisque
3312 4651 3524 4706 nutriri
3551 4652 3673 4719 ;sed

2024 4761 2293 4800 escarum
2324 4760 2525 4799 servus
2556 4759 2669 4797 non
2702 4758 2799 4797 ero
2824 4759 2836 4795 :
2864 4757 3055 4812 neque
3087 4742 3199 4797 sub
3232 4756 3401 4795 suam
3426 4744 3678 4812 potesta-

2026 4839 2141 4889 tem
2178 4849 2271 4888 me
2302 4832 2523 4904 rediget
2552 4830 2809 4901 crapula.
2840 4831 2900 4885 Id
2934 4829 3079 4884 mihi
3113 4846 3228 4884 non
3261 4830 3558 4895 conducit,
3578 4846 3679 4884 ne-

2026 4939 2138 4994 que
2168 4922 2319 4977 enim
2352 4921 2603 4975 aediﬁcat
2632 4920 2691 4973 in
2725 4934 2817 4974 me
2867 4920 3107 4974 bonum.
3142 4919 3529 4990 Quapropter,
3576 4934 3681 4974 ne-

2026 5010 2296 5066 cessariis
2327 5009 2605 5079 contenti,
2641 5008 2940 5079 superflua
2989 5023 3338 5079 respuamus
3362 5007 3518 5062 velut
3545 5008 3677 5063 inu-

2026 5098 2172 5165 tilia,
2202 5098 2320 5152 imo
2354 5098 2527 5152 etiam
2559 5101 2837 5165 tanquam
2871 5113 2998 5168 quae
3031 5096 3173 5152 mihi
3207 5100 3533 5163 noceant,et
3548 5112 3676 5168 qua:

2026 5189 2272 5262 gignant
2296 5186 2584 5242 absurdae
2614 5185 3120 5257 concupiscentiae
3158 5186 3229 5242 iis
3260 5186 3359 5258 qui
3391 5201 3458 5241 ea
3487 5185 3678 5259 possi-

2026 5279 2188 5333 dent.

2098 5370 2324 5432 Qumsr.
2358 5365 2442 5420 CI.
2478 5364 2622 5430 Quid
2655 5368 2746 5420 est
2775 5365 2931 5437 quod
2977 5364 3151 5421 dicit:
3203 5386 3230 5416 »
3265 5365 3335 5420 Et
3380 5381 3585 5421 omnes
3615 5363 3674 5419 in

2028 5457 2247 5512 Mosem
2282 5454 2558 5527 baptizati
2592 5460 2732 5511 sunt
2750 5456 2816 5510 ⁸⁸.
2844 5475 2870 5508 ι)

2784 5604 2880 5660 ⁶³Ι
2935 5604 3060 5663 Cor.
3112 5603 3310 5672 v1,13.
3432 5602 3476 5637 ⁶⁴
3524 5599 3671 5655 ibid.
