4096 6212
378 353 499 416 759

384 594 544 632 mare
575 576 980 648 pertransierit
1016 577 1371 632 lsraeliticus
1404 578 1674 650 populus.
1702 579 1844 633 Nam
1878 578 2030 634 sicut

384 665 469 721 illi
503 666 857 732 transmissi,
890 667 1219 737 effugerunt
1271 667 1636 723 inimicorum
1682 668 1946 736 insidias,
1979 672 2034 722 et

385 754 445 807 in
475 753 701 808 deserto
734 753 1144 808 nutriebantur
1176 770 1430 810 manna:
1474 756 1558 811 sic
1589 757 1765 811 etiam
1797 756 1896 828 qui
1929 755 2032 811 ba-

387 841 587 913 ptizati
620 846 781 905 sunt,
816 841 1138 897 liberantur
1168 860 1201 897 a
1231 844 1518 915 spirituali
1554 845 1932 909 Pharaone,et
1963 845 2034 899 ab

389 929 673 1002 )Egyptiis
706 931 1090 1002 daemonibus,
1125 937 1644 1006 sustentanturque
1685 933 1899 991 cmlesti
1937 951 2032 1006 pa-

391 1038 461 1075 ne
491 1020 740 1092 Spiritus
772 1020 976 1075 sancti.
1006 1020 1154 1084 Quia
1199 1038 1331 1077 vero
1382 1023 1453 1077 de
1500 1022 1793 1095 baptismo
1844 1039 2035 1079 sermo

389 1114 499 1177 est,
525 1110 791 1165 dicamus
821 1110 890 1165 de
916 1126 981 1165 eo
1015 1110 1405 1166 manifestius.

904 1325 976 1379 De
1005 1332 1191 1380 sancto
1224 1324 1511 1396 baptismo.

461 1430 720 1484 Primum
754 1429 1046 1500 baptisma
1078 1432 1186 1486 fuit
1215 1430 1521 1488 inundatio
1554 1432 1755 1488 diluvii
1790 1435 1858 1489 ad
1892 1434 2038 1490 exci-

395 1520 654 1574 dendum
692 1524 1018 1590 peccatum.
1050 1520 1382 1576 Secundum
1416 1522 1525 1576 fuit
1573 1522 1774 1587 Mosis,
1807 1524 2039 1594 quando

389 1607 665 1662 transivit
692 1610 955 1663 Rubrum
991 1625 1168 1664 mare.
1202 1613 1480 1681 Typicum
1532 1614 1687 1666 enim
1720 1628 1821 1667 seu
1852 1614 2039 1684 figura

394 1702 551 1751 erat:
587 1713 723 1750 nam
756 1696 907 1752 sicut
937 1696 1056 1752 illic
1086 1703 1208 1753 erat
1238 1701 1511 1767 mare,sic
1544 1700 1601 1755 in
1638 1701 1929 1773 baptismo
1951 1705 2037 1757 est

397 1802 587 1856 aqua;
612 1790 669 1840 et
700 1786 851 1840 sicut
876 1785 993 1841 illic
1031 1792 1155 1842 erat
1185 1788 1395 1854 nubes,
1426 1788 1507 1843 ita
1536 1788 1632 1846 hic
1663 1796 1753 1845 est
1783 1791 2034 1861 Spiritus

399 1879 659 1929 sanctus.
694 1875 827 1937 Quae
858 1880 1052 1929 autem
1086 1878 1199 1929 ista
1229 1878 1413 1931 nubes
1461 1878 1653 1948 fuerit,
1687 1881 1861 1934 audi:
1896 1879 2039 1933 Cum

398 1964 813 2034 egrederentur
840 1980 907 2018 ex
950 1969 1194 2037 [Egypto
1230 1967 1447 2021 Hebraei
1501 1984 1634 2022 cum
1669 1968 1845 2036 Mose,
1881 1968 2043 2024 misit

400 2053 615 2106 nubem
646 2052 824 2107 veluti
848 2052 1183 2108 columnam
1216 2054 1524 2126 ignis,qum
1557 2056 1675 2112 illis
1709 2060 1927 2114 luceret
1947 2076 2046 2115 no-

399 2146 518 2205 ctu,
553 2144 617 2195 ut
645 2141 914 2197 videlicet
945 2146 1116 2197 noctu
1172 2158 1402 2215 quoque
1452 2151 1690 2215 possent
1718 2147 2042 2212 ambulare,

398 2245 471 2283 ne
501 2230 658 2300 ipsos
692 2230 1047 2301 attingerent
1075 2232 1715 2302 [EgyptiLSequebatur
1744 2241 1941 2292 autem
1973 2237 2042 2291 il-

397 2318 483 2373 los
515 2319 701 2373 nubes
730 2336 762 2372 a
791 2322 975 2390 tergo,
1009 2324 1067 2375 et
1114 2320 1344 2392 tegebat
1394 2338 1512 2388 eos,
1548 2339 1619 2378 ne
1670 2324 1829 2395 ipsos
1875 2326 2043 2398 [Egy-

395 2407 499 2478 ptii
534 2408 727 2462 videre
759 2413 1017 2478 possent.
1060 2410 1247 2480 Atque
1296 2409 1403 2465 hoc
1446 2417 1537 2466 est
1584 2416 1908 2470 secundum
1943 2416 2043 2470 ba-

396 2496 633 2565 ptisma.
670 2497 930 2550 Tertium
964 2504 1087 2551 erat
1135 2497 1320 2568 legale
1370 2502 1521 2570 apud
1572 2501 1860 2559 Hebrazos.
1898 2506 2041 2560 Nam

397 2585 732 2657 quicunque
760 2590 883 2639 erat
910 2586 1279 2653 immundus,
1304 2604 1457 2658 aqua
1490 2588 1877 2653 lavabatur,et
1907 2611 2044 2648 suas

398 2690 632 2745 quoque
662 2679 848 2729 vestes
882 2673 1173 2741 abluebat,
1208 2680 1265 2731 et
1304 2676 1387 2732 sic
1432 2678 1713 2734 introibat
1740 2681 1797 2735 in
1833 2690 2044 2738 castra.

402 2764 681 2828 Quartum
720 2763 1030 2834 baptisma,
1057 2765 1167 2819 fuit
1189 2767 1455 2821 Joannis.
1490 2768 1897 2826 Introducebat
1921 2774 2046 2843 qui-

406 2852 536 2906 dem
569 2852 711 2905 illud
742 2871 753 2919 ;
783 2853 1042 2908 nondum
1074 2858 1270 2909 tamen
1304 2861 1427 2911 erat
1446 2857 1685 2913 omnino
1719 2860 2044 2931 spirituale,

408 2942 508 2996 sed
543 2942 612 2996 ad
650 2942 1048 3023 pcenitentiam
1080 2943 1470 3000 solummodo.
1503 2945 1780 3009 Quintum
1816 2967 1918 3019 per
1951 2953 2050 3007 Do-

409 3029 636 3084 minum
669 3034 934 3085 nostrum
983 3031 1187 3086 Jesum
1220 3032 1538 3102 Christum,
1573 3051 1687 3106 quo
1715 3038 1889 3093 etiam
1924 3041 2048 3111 ipse

407 3118 739 3187 baptizatus
770 3124 876 3174 est.
910 3123 1127 3191 Estque
1158 3120 1265 3175 hoc
1320 3128 1509 3177 totum
1555 3124 1894 3195 spirituale:
1930 3145 2046 3199 quo

1543 354 1607 417 S.
1660 346 2183 416 ATHANASIUS.
2217 388 2293 399 -
2322 355 2627 419 SPURIA.

455 487 621 544 Rssr.
652 487 933 558 Baptismi
984 486 1219 560 signum
1256 492 1401 555 erat,
1430 489 1579 558 quod
1635 506 1734 560 per
1764 489 2026 544 Rubrum
2062 488 2107 553 A

3679 353 3804 415 760

2220 486 2407 543 Ἀπόκ.
2445 494 2683 561 Σημεῖον
2734 491 2801 558 ἦν
2854 491 2950 542 τοῦ
3007 483 3380 562 βαπτίσματος
3432 483 3494 540 τὸ
3545 482 3806 560 διαπερά-

2146 595 2230 628 σαι
2287 577 2379 630 τὸν
2437 577 2778 652 Ἰσραηλίτην
2831 575 2963 631 λαὸν
3016 575 3067 630 έν
3125 578 3194 649 τῇ
3246 576 3477 650 Ἐρυθρᾷ
3524 575 3795 650 θαλάσσῃ.

2143 666 2345 740 ’Ὠσπερ
2376 666 2475 742 γάρ
2533 666 2730 721 έκεῖνοι
2780 664 3102 741 περάσαντες
3161 662 3357 741 ἔφυγον
3415 668 3523 718 τῶν
3579 663 3795 739 ἐχθρῶν

2142 755 2240 822 τὴν
2295 751 2623 825 ἐπιϐούλὴν,
2677 756 2766 811 καὶ
2823 756 2873 810 ἐν
2917 759 2986 831 τῇ
3039 754 3234 831 ἐρήμῳ
3281 759 3361 827 τῷ
3413 752 3579 827 μάννα
3649 752 3797 827 ἐτρέ-

2144 863 2327 921 φοντο·
2363 844 2505 899 οὕτω
2552 843 2618 914 δὴ
2664 846 2753 899 καὶ
2797 846 2846 899 οἱ
2892 844 3278 920 βαπτιζόμενοι
3328 840 3651 919 λυτροῦνται
3698 842 3798 898 τοῦ

2143 938 2345 1002 νοητοῦ
2375 936 2577 1010 Φαραὼ
2608 933 2694 988 καὶ
2724 938 2831 988 τῶν
2865 932 3175 1008 Αἰγυπτίων
3211 929 3509 1004 δαιμόνων,
3542 931 3631 986 καὶ
3676 930 3799 1006 τρέ-

2145 1042 2334 1099 φονται
2392 1028 2473 1095 τῷ
2528 1022 2831 1098 ἐπουρανίῳ
2884 1020 3030 1096 ἄρτῳ
3083 1026 3181 1076 τοῦ
3250 1020 3405 1096 ἁγίου
3462 1021 3796 1093 Πνεύματος.

2148 1110 2294 1167 Ἐπεί
2353 1109 2410 1166 δὲ
2458 1113 2581 1189 περὶ
2638 1115 2734 1167 τοῦ
2796 1112 3167 1188 βαπτίσματος
3220 1112 3247 1165 6
3303 1110 3492 1186 λόγος,
3556 1107 3797 1184 εἴπωμεν

2147 1199 2465 1278 σαφέστερον
2499 1202 2623 1278 περὶ
2656 1201 2846 1259 αὐτοῦ.

2518 1327 2649 1404 Περὶ
2685 1332 2783 1382 τοῦ
2824 1327 2982 1401 ἁγίου
3028 1326 3419 1401 βαπτίσματος.

2221 1437 2441 1506 Πρῶτον
2475 1434 2754 1509 βάπτισμα
2783 1435 2844 1488 τὸ
2873 1439 2970 1488 τοῦ
3003 1431 3391 1505 κατακλυσμοῦ
3424 1432 3500 1494 εἷς
3555 1431 3800 1502 ἐκκοπὴν

2149 1523 2433 1597 ἁμαρτίας*
2467 1520 2710 1600 δεύτερον
2742 1524 2806 1577 τὸ
2847 1527 2944 1578 τοῦ
2977 1524 3246 1589 Μωσέως,
3278 1521 3367 1576 ὅτε
3414 1522 3511 1590 τὴν
3542 1524 3804 1595 Ἐρυθρὰν

2148 1610 2446 1685 διεπέρασε·
2494 1614 2717 1667 τυπικὸν
2776 1611 2879 1687 γὰρ
2924 1614 3024 1680 ἦν’
3076 1609 3255 1683 ὥσπερ
3307 1610 3411 1685 γὰρ
3464 1610 3575 1664 ἐκεῖ
3623 1612 3659 1678 ἡ
3711 1611 3810 1664 Θά-

2148 1698 2340 1772 λασσα,
2375 1701 2517 1756 οὕτω
2564 1701 2625 1756 τὸ
2685 1699 2831 1776 ὕδωρ
2875 1700 2926 1755 ἐν
2958 1704 3037 1771 τῷ
3070 1699 3429 1775 βαπτίσματι·
3467 1699 3556 1753 καὶ
3618 1698 3806 1773 ὥσπερ

2150 1788 2261 1844 ἐκεῖ
2291 1793 2325 1859 ἡ
2358 1790 2581 1867 νεφέλη,
2615 1790 2787 1850 οὕτως
2836 1790 3056 1844 ἐνταῦθα
3112 1788 3174 1842 τὸ
3234 1792 3451 1859 Πνεῦμα
3507 1788 3568 1841 τὸ
3624 1789 3804 1862 ἁγιον.

2152 1878 2247 1939 Τίς
2280 1875 2337 1932 δὲ
2365 1882 2427 1947 ἦν
2462 1881 2496 1947 ἡ
2529 1876 2727 1955 νεφέλη
2763 1877 2960 1947 ἐκείνη,
2994 1876 3243 1933 ἄκουσον.
3276 1877 3403 1933 ’Ότε
3433 1875 3663 1946 ἐξῆλθον
3696 1882 3804 1944 τῆς

2153 1967 2427 2044 Αἰγύπτου
2472 1969 2524 2022 oi
2573 1963 2815 2041 Ἑϐραῖοι
2873 1968 3007 2039 μετὰ
3054 1966 3318 2031 Μωσέως,
3359 1963 3668 2020 ἀπέστειλεν
3714 1965 3802 2018 νέ-

2152 2078 2271 2134 φος,
2303 2057 2484 2132 ὥσπερ
2535 2054 2729 2112 στῦλον
2779 2056 2970 2132 πυρὸς,
3004 2056 3091 2110 καὶ
3137 2055 3393 2133 ἐφώτιζεν
3452 2052 3649 2115 αὐτοὺς
3698 2054 3802 2122 τήν

2152 2146 2334 2214 νύκτα,
2370 2145 2506 2200 ὥστε
2552 2150 2864 2220 περιπατεῖν
2926 2142 3120 2204 αὐτοὺς
3179 2142 3269 2196 καὶ
3315 2142 3414 2209 τὴν
3473 2139 3660 2209 νύκτα,
3713 2138 3810 2194 ’ίνα

2158 2237 2232 2308 μὴ
2265 2234 2533 2311 φθάσωσιν
2567 2233 2762 2295 αὐτοὺς
2795 2234 2845 2286 oi
2878 2232 3195 2305 Αἰγύπτιοι.
3230 2232 3486 2288 ’Όπισθεν
3520 2226 3579 2283 δὲ
3625 2228 3809 2284 αὐτῶν

2153 2324 2461 2399 περιεπάτει
2522 2320 2743 2401 νεφέλη,
2803 2321 2894 2376 καὶ
2952 2320 3259 2388 ἐπεσκίαζεν
3316 2317 3532 2385 αὐτοὺς,
3583 2316 3677 2371 ἵνα
3732 2319 3811 2390 μὴ

2153 2414 2349 2487 ὁρῶσιν
2384 2411 2576 2473 αὐτοὺς
2609 2412 2660 2465 οἱ
2693 2408 3004 2486 Κίγύπτιοι.
3047 2408 3143 2463 Καὶ
3174 2406 3334 2462 τοῦτό
3365 2407 3473 2461 ἐστι
3521 2406 3584 2459 τὸ
3630 2402 3812 2459 δεύτε-

2154 2522 2245 2572 ρον
2297 2502 2594 2576 βάπτισμα.
2627 2499 2816 2573 Τρίτον
2870 2496 2928 2553 δὲ
2971 2499 3034 2553 τὸ
3080 2497 3331 2570 νομικὸν,
3364 2495 3495 2569 ὅπερ
3547 2494 3702 2570 εἶχον
3757 2496 3811 2548 oi

2154 2585 2411 2662 Ἑϐραῖοι.
2454 2595 2561 2650 na;
2621 2589 2722 2664 γὰρ
2780 2588 3079 2660 ἀκάθαρτος
3138 2584 3359 2641 ἐλούετο
3413 2582 3591 2652 ὕδατι,
3636 2582 3809 2638 ἐπλύ-

2153 2700 2269 2733 νετο
2296 2680 2363 2733 τά
2389 2678 2581 2752 ἱμάτια
2621 2675 2926 2747 αὐτοῦ,καί
2986 2675 3160 2737 οὕτως
3220 2675 3509 2749 εἰσήρχετο
3571 2672 3646 2733 εἷς
3706 2673 3806 2740 τήν

2154 2762 2536 2843 παρεμϐολήν,
2596 2766 2862 2841 Τέταρτον
2926 2764 3205 2840 βάπτισμα
3260 2763 3323 2817 τὸ
3376 2766 3472 2816 τοῦ
3530 2760 3808 2831 Ἰωάννου,

2158 2856 2511 2931 εἷσαγωγικὸν
2566 2856 2682 2927 μέν,
2715 2851 2868 2908 οὔπω
2901 2851 2957 2907 δὲ
2985 2851 3112 2907 ὅλον
3151 2850 3532 2922 πνευματικὸν,
3566 2847 3698 2903 ἀλλ’
3732 2849 3809 2911 εἰς

2161 2948 2439 3019 μετάνοιαν
2477 2945 2659 3017 μόνον.
2694 2946 2947 3016 Πέμπτον
3000 2942 3062 2996 τὸ
3116 2938 3202 2995 διὰ
3257 2944 3354 2994 τοῦ
3410 2937 3611 3015 Κυρίου
3643 2940 3810 3011 ἡμῶν

2156 3037 2336 3106 Ἰησοῦ
2389 3037 2642 3111 Χριστοῦ,
2703 3032 2834 3107 ὅπερ
2890 3030 2979 3087 καὶ
3036 3030 3195 3091 αὐτὸς
3254 3024 3601 3083 tea-micare.
3633 3033 3807 3083 Τοῦτο

2159 3124 2216 3180 δὲ
2249 3124 2378 3180 ὅλον
2435 3117 2816 3195 πνευματικόν’
2847 3125 3008 3175 τοῦτο
3038 3118 3127 3174 καὶ
3184 3121 3345 3191 ἡμεῖς
3406 3115 3803 3191 βαπιζόμεοα.

405 3220 512 3259 nos
544 3222 773 3275 quoque
806 3207 1189 3276 haptizamur.
1220 3210 1457 3265 Sextum
1490 3211 1763 3285 lacrymis
1794 3222 2037 3285 constat,

2159 3218 2351 3269 Ἕκτον
2382 3211 2444 3268 τὸ
2477 3210 2566 3267 διὰ
2595 3209 2861 3286 δακρύων,
2893 3204 3061 3270 ὅντως
3109 3207 3388 3276 ἐπίπονον,
3420 3207 3493 3269 ὡς
3543 3207 3573 3259 6
3624 3203 3809 3259 λούων

398 3298 605 3362 estque
636 3310 764 3347 vere
798 3293 1153 3351 laboriosum
1186 3297 1539 3368 durumque.
1588 3300 1777 3357 Veluti
1812 3305 1909 3375 qui
1943 3323 2045 3376 per

395 3380 660 3450 singulas
693 3386 890 3436 noctes
920 3382 1071 3437 lavat
1098 3384 1309 3439 lectum
1342 3402 1516 3441 suum
1539 3389 1602 3457 ⁸⁷,
1627 3390 1726 3460 qui
1760 3396 2039 3461 pmniten-

390 3468 473 3523 tia
504 3470 760 3536 ducitur,
794 3476 852 3525 et
882 3470 1042 3541 luget
1070 3490 1249 3543 super
1287 3475 1538 3543 peccatis
1567 3494 1693 3545 qua:
1724 3482 2034 3537 commisit.

388 3559 717 3629 Septimum
754 3559 1044 3632 baptisma
1075 3576 1177 3632 per
1208 3562 1552 3635 martyrium
1585 3572 1644 3620 et
1686 3571 2034 3639 sanguinem

388 3653 496 3714 est,
531 3664 645 3717 quo
697 3648 963 3704 Christus
1019 3666 1251 3720 quoque
1300 3651 1629 3722 baptizatus
1679 3662 1785 3711 est.
1822 3658 2037 3730 Estque

390 3740 553 3791 tanto
585 3736 713 3790 aliis
746 3737 1158 3805 venerabilius,
1194 3745 1414 3810 quanto
1447 3740 1643 3798 minus
1684 3744 1875 3801 denuo
1910 3748 2033 3818 pol-

390 3824 575 3879 luitur
605 3826 899 3881 sordibus.
932 3826 1214 3882 Octavum
1246 3832 1302 3883 et
1332 3834 1693 3900 postremum
1730 3851 1844 3889 non
1876 3837 2033 3892 salu-

389 3918 534 3982 tare,
570 3915 669 3969 sed
703 3915 913 3971 ardens
943 3921 1054 3987 est,
1077 3917 1231 3987 quod
1264 3922 1546 3975 aeternum
1565 3919 1691 3977 sine
1722 3923 1837 3979 ﬁne
1869 3927 2037 3996 punit

391 4007 743 4072 peccatores.

461 4092 685 4154 Qumsr.
717 4093 827 4146 CII.
860 4093 1007 4157 Quid
1035 4099 1126 4149 est
1148 4097 1300 4166 quod
1331 4096 1557 4169 inquit:
1594 4122 1621 4150 «
1654 4104 1796 4157 Caro
1830 4108 1887 4158 et
1905 4121 2033 4160 san-

389 4180 523 4247 guis
556 4196 801 4249 regnum
837 4181 932 4235 Dei
964 4182 1264 4252 possidere
1290 4202 1406 4241 non
1438 4194 1687 4257 possunt
1705 4191 1748 4225 ⁸⁸
1773 4190 1800 4245 ?
1833 4213 1861 4241 ››

461 4266 630 4321 Ριεδρ.
667 4266 829 4330 Quod
859 4268 1196 4339 quicunque
1227 4288 1459 4328 carnem
1514 4292 1682 4331 suam
1734 4281 1916 4335 nutrit
1956 4283 2027 4337 ad

388 4354 739 4421 satietatem,
773 4370 1018 4426 regnum
1056 4359 1149 4413 Dei
1185 4363 1463 4433 consequi
1494 4380 1609 4420 non
1646 4367 1849 4437 possit.

456 4446 680 4507 Quazs'r.
717 4444 859 4497 CIII.
904 4445 1049 4507 Quid
1108 4452 1197 4501 est
1248 4451 1399 4517 quod
1452 4451 1678 4522 inquit:
1717 4457 1877 4520 «Qui
1912 4475 2027 4513 non

2150 3307 2267 3367 καθ’
2327 3304 2548 3366 ἑκάστην
2606 3300 2773 3354 νύκτα
2821 3299 2919 3366 τήν
2963 3296 3154 3366 κλίνην
3188 3295 3373 3360 αὐτοῦ,
3401 3296 3492 3349 καὶ
3524 3295 3804 3367 μετανοῶν

2147 3391 2236 3447 καί
2286 3396 2492 3466 θρηνῶν
2526 3389 2607 3454 ἐφ’
2646 3392 2729 3450 οἷς
2778 3389 3042 3462 ἥμαρτεν.
3075 3380 3356 3457 Ἕϐδομον
3412 3385 3696 3459 βάπτισμα
3745 3383 3805 3437 τὸ

2148 3480 2237 3536 διὰ
2271 3479 2565 3556 μαρτυρίου
2597 3485 2690 3533 καῖ
2737 3476 2993 3550 α’ίματος,
3025 3475 3155 3548 ὅπερ
3186 3474 3276 3528 καὶ
3324 3472 3483 3534 αὐτὸς
3514 3474 3541 3528 6
3574 3472 3803 3547 Χριστὸς

2147 3566 2493 3639 ﬁsa-micare,
2524 3568 2613 3623 καὶ
2656 3565 2801 3621 πολύ
2848 3586 2911 3639 γε
2951 3569 3056 3620 τῶν
3111 3561 3296 3618 αλλων
3347 3559 3803 3637 αἱδεσιμώτερον,

2146 3660 2255 3731 ὅσῳ
2287 3657 2553 3733 δευτέροις
2607 3656 2798 3731 ῥύποις
2852 3654 2914 3709 οὐ
2966 3652 3278 3726 μολύνεται.
3327 3648 3559 3727 Ὄγδοον
3606 3652 3669 3705 τὸ
3721 3672 3806 3706 τε·

2145 3748 2395 3803 λευταῖον
2427 3747 2488 3802 οὐ
2543 3748 2831 3819 σωτήριον,
2866 3742 3011 3798 ἀλλὰ
3068 3741 3375 3809 καυστικὸν,
3407 3740 3497 3794 καὶ
3557 3739 3801 3809 κολάζον

2144 3837 2474 3907 ἀτελεύτητα
2502 3836 2591 3891 καὶ
2622 3833 2858 3895 αἰωνίως
2887 3834 3013 3894 τοὺς
3048 3829 3433 3906 ἁμαρτωλούς.

2213 4105 2403 4180 Ἐρώτ.
2438 4103 2541 4178 ρβ’.
2588 4102 2648 4155 Τί
2708 4100 2876 4175 λέγει·
2913 4124 2940 4150 ‹‹
2988 4097 3128 4173 Σαρξ
3177 4096 3266 4151 καὶ
3315 4097 3453 4168 αἷμα
3514 4093 3798 4170 βασιλείαν

2139 4197 2273 4249 Θεοῦ
2303 4192 2723 4268 κληρονομῆσαι
2754 4188 2816 4244 ού
2850 4187 3067 4244 δύναται
3096 4207 3108 4256 ;
3149 4213 3169 4240 ι

2211 4281 2401 4337 ’Δπόκ.
2433 4282 2556 4335 ’Ότι
2616 4284 2719 4340 πᾶς
2780 4280 2808 4333 6
2863 4278 2960 4346 τὴν
3023 4277 3213 4330 ἑαυτοῦ
3242 4274 3412 4350 σάρκα
3441 4272 3653 4350 τρέφων
3721 4272 3799 4334 εἷς

2138 4370 2323 4446 κόρον,
2357 4370 2417 4424 ού
2450 4366 2668 4423 δύναται
2705 4365 2981 4442 βασιλείας
3017 4369 3149 4420 Θεοῦ
3180 4362 3622 4438 κληρονομῆσαι,

2210 4461 2399 4534 Ἐρώτ.
2435 4465 2531 4535 ργ’.
2564 4457 2631 4515 Τί
2664 4456 2829 4532 λέγει’
2865 4482 2890 4508 ‹‹
2926 4455 2993 4513 Ei.’
3017 4475 3099 4517 τις
3131 4452 3192 4509 οὐ
3243 4452 3393 4530 φιλεῖ
3436 4452 3530 4506 τὸν
3594 4455 3797 4526 Κύριον

384 4533 576 4602 diligit
630 4534 941 4588 Dominum
1002 4540 1268 4590 nostrum
1314 4538 1518 4593 Jesum
1577 4541 1893 4612 Christum,
1950 4548 2030 4604 sit

389 4621 691 4642 ,μιμηη
756 4621 948 4642 u____
1013 4621 1259 4642 _.L-mn

2159 4533 2301 4623 ἡμῶν
2357 4533 2564 4618 Ἰησοῦν
2615 4547 2869 4621 Χριστὸν,
2900 4542 3017 4614 ἤτω
3067 4542 3328 4615 ἀνάθεμα,
3361 4541 3546 4616 Μαρὰν
3591 4539 3733 4611 ἀθάς
3774 4566 3802 4591 υ

388 4621 719 4687 anathema,
756 4621 979 4689 Maran,
1011 4621 1148 4677 atha
1167 4624 1212 4658 ⁶⁹
1232 4622 1259 4677 ?
1286 4645 1314 4672 »

460 4710 625 4765 Resp.
660 4710 776 4765 Hoc
806 4715 930 4765 est:
960 4712 1044 4765 Ab
1075 4711 1330 4768 Ecclesia
1378 4720 1435 4769 et
1466 4731 1499 4770 a
1533 4716 1804 4774 fidelibus
1831 4737 2025 4793 segre-

385 4803 515 4870 gate
547 4815 702 4861 eum,
737 4799 929 4869 sitque
960 4805 1264 4871 separatus
1312 4819 1346 4857 a
1387 4804 1600 4875 populo
1630 4805 1747 4873 ille,
1780 4811 1875 4878 qui
1912 4828 2025 4868 non

383 4891 587 4944 credit.
626 4890 908 4944 Dominus
938 4891 1095 4947 enim
1126 4892 1303 4961 venit,
1337 4895 1481 4949 illud
1516 4913 1765 4967 namque
1796 4899 2025 4970 signiﬁ-

381 4986 547 5036 catur
581 4999 681 5053 per
713 4982 910 5036 Maran
944 4982 1105 5036 atha.

447 5071 667 5133 Qumsr.
704 5070 841 5125 CIV.
875 5070 1021 5134 Quid
1074 5072 1219 5127 illud
1273 5080 1398 5130 est:
1436 5100 1461 5127 ‹‹
1498 5077 1556 5133 Si
1607 5094 1724 5149 qua
1774 5097 1923 5137 nova
1962 5083 2020 5140 in

370 5162 598 5215 Christo
632 5164 897 5215 creatura
928 5168 1240 5218 renovatur
1260 5165 1353 5219 7°?
1386 5188 1413 5214 »

439 5254 610 5304 Esse.
654 5250 769 5302 Hoc
800 5250 1005 5304 est:Si
1042 5251 1178 5320 quis
1228 5252 1285 5307 in
1333 5254 1625 5309 Christum
1660 5259 1927 5326 credidit,
1958 5262 2015 5317 in

365 5337 539 5393 aliam
574 5337 749 5390 vitam
804 5337 1115 5393 transivit:
1150 5356 1285 5395 nam
1341 5359 1372 5397 e
1401 5344 1675 5413 sUpernis
1723 5351 1813 5400 est
1845 5354 2015 5405 natus

362 5443 465 5499 per
499 5427 777 5497 spiritum
809 5430 867 5479 et
917 5425 1055 5480 vivit
1087 5444 1199 5482 non
1231 5446 1360 5485 eam
1405 5448 1531 5502 quae
1561 5432 1618 5486 in
1654 5436 1904 5504 peccatis
1930 5438 2012 5491 vi-

363 5518 507 5582 tam,
540 5514 639 5568 sed
675 5530 799 5584 quas
831 5517 921 5569 est
952 5512 1009 5569 in
1038 5515 1269 5586 spiritu.

2210 4728 2397 4782 Ἀπόκ.
2459 4725 2747 4780 Τουτέστι·
2801 4722 3082 4798 Χωρίσατε
3137 4720 3296 4775 αὐτὸν
3353 4719 3458 4775 ἀπὸ
3514 4725 3613 4787 τῆς
3667 4721 3800 4776 Ἐχ-

2136 4815 2368 4887 κλησίας
2397 4814 2485 4870 καὶ
2517 4818 2622 4868 τῶν
2656 4816 2884 4881 πιστῶν,
2914 4811 3005 4866 καὶ
3055 4807 3191 4866 ἔστω
3239 4809 3652 4884 κεχωρισμένος
3686 4808 3796 4862 ἀπὸ

2131 4910 2229 4961 τοῦ
2261 4905 2395 4960 λαοῦ
2427 4905 2455 4958 6
2490 4905 2565 4975 μὴ
2598 4901 2881 4957 πιστεύων.
2915 4902 2976 4958 Ὁ
3021 4901 3124 4975 γὰρ
3179 4898 3377 4973 Κύριος
3425 4895 3582 4965 ἦλθε
3615 4902 3794 4953 τοῦτο

2130 4996 2231 5070 γὰρ
2264 4991 2553 5069 έρμηνεύει
2582 4992 2645 5046 τὸ
2676 4990 2860 5066 Μαρὰν
2899 4990 3019 5045 ἀθά.

2201 5085 2394 5159 Ἐρώτ.
2430 5079 2524 5157 ρδ’,
2564 5104 2589 5133 (ι
2624 5077 2694 5134 Εἴ
2738 5099 2819 5140 τις
2874 5077 2924 5133 ἐν
2976 5079 3191 5154 Χριστῷ
3238 5077 3399 5143 καινὴ
3431 5073 3627 5144 κτίσις,
3664 5074 3793 5128 ἀνα-

2128 5175 2418 5242 καινίζεται
2446 5190 2458 5239 ;
2495 5196 2521 5222 ι)

2199 5261 2394 5318 Ἀπόκ.
2425 5259 2728 5314 Τουτέστινο
2768 5256 2838 5314 Ei'
2888 5277 2971 5318 τις
3030 5256 3108 5319 είς
3158 5253 3389 5330 Χριστὸν
3450 5253 3790 5323 ἐπίστευσεν,

2125 5352 2201 5413 εἷς
2260 5349 2439 5423 ἑτέραν
2507 5348 2642 5417 ἦλθε
2699 5345 3004 5422 διαγωγήν.
3066 5347 3302 5401 ’Ἁνωθεν
3358 5343 3459 5419 γάρ
3515 5342 3786 5418 ἐγεννήθη

2125 5436 2212 5493 διὰ
2240 5442 2337 5492 τοῦ
2369 5437 2705 5509 Πνεύματος,
2738 5433 2825 5489 καὶ
2862 5438 2927 5507 ζῇ
2960 5434 3021 5489 οὐ
3055 5436 3152 5503 τὴν
3187 5433 3237 5488 έν
3290 5431 3598 5507 ἁμαρτίαις,
3629 5428 3785 5485 ἀλλὰ

2119 5529 2217 5596 τὴν
2249 5527 2299 5582 ἐν
2329 5524 2593 5597 πνεύματι
2638 5525 2807 5593 ζωήν.

434 5686 477 5719 ⁶⁷
508 5682 656 5742 Psal.
692 5701 765 5756 vx,
798 5684 853 5739 7.
929 5686 971 5720 δ·
1022 5690 1044 5740 Ι
1100 5688 1222 5745 Cor.
1259 5705 1347 5759 xv,
1393 5690 1482 5747 50.
1559 5693 1604 5728 σθ
1641 5695 1665 5747 I
1704 5692 1831 5751 Cor.
1865 5712 1978 5770 xvr,
2018 5703 2037 5756 ξ

2187 5701 2230 5736 ⁷ο
2270 5697 2319 5756 ΙΙ
2349 5697 2475 5754 Cor.
2510 5713 2566 5766 v,
2603 5695 2689 5751 17.
