  <div class='ocr_page' id='page_1' title='image "/cluster/home/n/w/nwhite01/storage/ocr_20150623/28/hvd.32044052794351/386.png"; bbox 0 0 2048 3106; ppageno 0'>
   <div class='ocr_carea' id='block_1_1' title="bbox 158 166 216 196">
    <p class='ocr_par' dir='ltr' id='par_1_1' title="bbox 158 166 216 196">
     <span class='ocr_line' id='line_1_1' title="bbox 158 166 216 196; baseline 0 -1"><span class='ocrx_word' id='word_1_1' title='bbox 158 166 216 196; x_wconf 85' lang='grc'><strong>761</strong></span> 
     </span>
    </p>
   </div>
   <div class='ocr_carea' id='block_1_2' title="bbox 196 227 676 268">
    <p class='ocr_par' dir='ltr' id='par_1_2' title="bbox 196 227 676 268">
     <span class='ocr_line' id='line_1_2' title="bbox 196 227 676 268; baseline -0.006 -10"><span class='ocrx_word' id='word_1_2' title='bbox 196 230 291 268; x_wconf 84' lang='grc' dir='ltr'>Ἐρώτ.</span> <span class='ocrx_word' id='word_1_3' title='bbox 311 230 354 267; x_wconf 76' lang='grc' dir='ltr'>ρι’.</span> <span class='ocrx_word' id='word_1_4' title='bbox 376 239 387 254; x_wconf 69' lang='grc' dir='ltr'><strong>α</strong></span> <span class='ocrx_word' id='word_1_5' title='bbox 403 230 467 267; x_wconf 87' lang='grc' dir='ltr'>Τρὶς</span> <span class='ocrx_word' id='word_1_6' title='bbox 484 227 647 266; x_wconf 69' lang='grc' dir='ltr'>ἰναυςὶγησα.</span> <span class='ocrx_word' id='word_1_7' title='bbox 662 239 676 255; x_wconf 78' lang='grc' dir='ltr'>ι)</span> 
     </span>
    </p>
   </div>
   <div class='ocr_carea' id='block_1_3' title="bbox 195 270 983 310">
    <p class='ocr_par' dir='ltr' id='par_1_3' title="bbox 195 270 983 310">
     <span class='ocr_line' id='line_1_3' title="bbox 195 270 983 310; baseline -0.006 -8"><span class='ocrx_word' id='word_1_8' title='bbox 195 274 447 305; x_wconf 72' lang='grc' dir='ltr'>’Δπόκ.Μυσ-τικῶς</span> <span class='ocrx_word' id='word_1_9' title='bbox 476 271 663 309; x_wconf 79' lang='grc' dir='ltr'><strong>αἰνιττόμενος</strong></span> <span class='ocrx_word' id='word_1_10' title='bbox 693 272 775 310; x_wconf 82' lang='grc' dir='ltr'>λὲγιι.</span> <span class='ocrx_word' id='word_1_11' title='bbox 806 272 902 310; x_wconf 88' lang='grc' dir='ltr'>Τρίτον</span> <span class='ocrx_word' id='word_1_12' title='bbox 932 270 983 308; x_wconf 65' lang='grc' dir='ltr'><strong>γαρ</strong></span> 
     </span>
    </p>
   </div>
   <div class='ocr_carea' id='block_1_4' title="bbox 159 313 983 356">
    <p class='ocr_par' dir='ltr' id='par_1_4' title="bbox 159 313 983 356">
     <span class='ocr_line' id='line_1_4' title="bbox 159 313 983 356; baseline -0.005 -10"><span class='ocrx_word' id='word_1_13' title='bbox 159 319 321 356; x_wconf 69' lang='grc' dir='ltr'><strong>ἐναυάγησεν</strong></span> <span class='ocrx_word' id='word_1_14' title='bbox 337 318 556 356; x_wconf 81' lang='grc' dir='ltr'>ἡᾶνϐρωπότης·</span> <span class='ocrx_word' id='word_1_15' title='bbox 575 320 683 356; x_wconf 82' lang='grc' dir='ltr'>πρῶτον</span> <span class='ocrx_word' id='word_1_16' title='bbox 713 316 757 344; x_wconf 69' lang='grc' dir='ltr'><strong>διὰ</strong></span> <span class='ocrx_word' id='word_1_17' title='bbox 783 320 833 351; x_wconf 79' lang='grc' dir='ltr'>τῆς</span> <span class='ocrx_word' id='word_1_18' title='bbox 862 313 983 354; x_wconf 76' lang='grc' dir='ltr'>παραϐά-</span> 
     </span>
    </p>
   </div>
   <div class='ocr_carea' id='block_1_5' title="bbox 158 361 984 400">
    <p class='ocr_par' dir='ltr' id='par_1_5' title="bbox 158 361 984 400">
     <span class='ocr_line' id='line_1_5' title="bbox 158 361 984 400; baseline -0.005 -9"><span class='ocrx_word' id='word_1_19' title='bbox 158 374 229 395; x_wconf 76' lang='grc' dir='ltr'>σεως</span> <span class='ocrx_word' id='word_1_20' title='bbox 244 373 251 380; x_wconf 73' lang='grc' dir='ltr'><strong>ι</strong></span> <span class='ocrx_word' id='word_1_21' title='bbox 276 362 399 400; x_wconf 75' lang='grc' dir='ltr'>δεύτερον</span> <span class='ocrx_word' id='word_1_22' title='bbox 424 362 449 390; x_wconf 82' lang='grc' dir='ltr'>ἐν</span> <span class='ocrx_word' id='word_1_23' title='bbox 474 365 513 399; x_wconf 80' lang='grc' dir='ltr'>τῷ</span> <span class='ocrx_word' id='word_1_24' title='bbox 534 362 719 399; x_wconf 71' lang='grc' dir='ltr'><strong>κατακλυσμῷ</strong></span> <span class='ocrx_word' id='word_1_25' title='bbox 734 364 782 389; x_wconf 90' lang='grc' dir='ltr'><strong>τοῦ</strong></span> <span class='ocrx_word' id='word_1_26' title='bbox 797 364 865 388; x_wconf 64' lang='grc' dir='ltr'>Νῶε</span> <span class='ocrx_word' id='word_1_27' title='bbox 882 361 984 399; x_wconf 82' lang='grc' dir='ltr'>τρίτον,</span> 
     </span>
    </p>
   </div>
   <div class='ocr_carea' id='block_1_6' title="bbox 161 404 983 445">
    <p class='ocr_par' dir='ltr' id='par_1_6' title="bbox 161 404 983 445">
     <span class='ocr_line' id='line_1_6' title="bbox 161 404 983 445; baseline -0.004 -10"><span class='ocrx_word' id='word_1_28' title='bbox 161 408 230 445; x_wconf 81' lang='grc' dir='ltr'>μετὰ</span> <span class='ocrx_word' id='word_1_29' title='bbox 243 408 274 435; x_wconf 86' lang='grc' dir='ltr'>τὸ</span> <span class='ocrx_word' id='word_1_30' title='bbox 300 406 422 443; x_wconf 76' lang='grc' dir='ltr'>δέξασθαι</span> <span class='ocrx_word' id='word_1_31' title='bbox 446 408 492 435; x_wconf 84' lang='grc' dir='ltr'><strong>τὸν</strong></span> <span class='ocrx_word' id='word_1_32' title='bbox 517 407 612 444; x_wconf 83' lang='grc' dir='ltr'>νόμον,</span> <span class='ocrx_word' id='word_1_33' title='bbox 631 407 668 438; x_wconf 81' lang='grc' dir='ltr'><strong>εἰς</strong></span> <span class='ocrx_word' id='word_1_34' title='bbox 692 405 917 443; x_wconf 75' lang='grc' dir='ltr'>εἰδωλολατρείαν</span> <span class='ocrx_word' id='word_1_35' title='bbox 943 404 983 440; x_wconf 80' lang='grc' dir='ltr'><strong>ἐξ·</strong></span> 
     </span>
    </p>
   </div>
   <div class='ocr_carea' id='block_1_7' title="bbox 159 447 985 489">
    <p class='ocr_par' dir='ltr' id='par_1_7' title="bbox 159 447 985 489">
     <span class='ocr_line' id='line_1_7' title="bbox 159 447 985 489; baseline -0.005 -9"><span class='ocrx_word' id='word_1_36' title='bbox 159 453 252 480; x_wconf 85' lang='grc' dir='ltr'>έπεσεν</span> <span class='ocrx_word' id='word_1_37' title='bbox 269 452 283 479; x_wconf 86' lang='grc' dir='ltr'>ὁ</span> <span class='ocrx_word' id='word_1_38' title='bbox 299 452 376 487; x_wconf 72' lang='grc' dir='ltr'>λαὸς,</span> <span class='ocrx_word' id='word_1_39' title='bbox 391 451 444 483; x_wconf 79' lang='grc' dir='ltr'>ἕως</span> <span class='ocrx_word' id='word_1_40' title='bbox 470 452 557 480; x_wconf 80' lang='grc' dir='ltr'>ἐλθὼν</span> <span class='ocrx_word' id='word_1_41' title='bbox 585 452 599 480; x_wconf 84' lang='grc' dir='ltr'>ὁ</span> <span class='ocrx_word' id='word_1_42' title='bbox 621 454 675 479; x_wconf 86' lang='grc' dir='ltr'>τῶν</span> <span class='ocrx_word' id='word_1_43' title='bbox 699 452 795 489; x_wconf 80' lang='grc' dir='ltr'>ψυχῶν</span> <span class='ocrx_word' id='word_1_44' title='bbox 817 447 985 486; x_wconf 76' lang='grc' dir='ltr'>κυϐερνήτης</span> 
     </span>
    </p>
   </div>
   <div class='ocr_carea' id='block_1_8' title="bbox 159 493 985 535">
    <p class='ocr_par' dir='ltr' id='par_1_8' title="bbox 159 493 985 535">
     <span class='ocr_line' id='line_1_8' title="bbox 159 493 985 535; baseline -0.005 -11"><span class='ocrx_word' id='word_1_45' title='bbox 159 497 286 535; x_wconf 79' lang='grc' dir='ltr'>Χριστὸς,</span> <span class='ocrx_word' id='word_1_46' title='bbox 302 496 346 524; x_wconf 79' lang='grc' dir='ltr'><strong>καὶ</strong></span> <span class='ocrx_word' id='word_1_47' title='bbox 362 498 464 532; x_wconf 82' lang='grc' dir='ltr'>στήσας</span> <span class='ocrx_word' id='word_1_48' title='bbox 488 497 518 524; x_wconf 82' lang='grc' dir='ltr'>τὸ</span> <span class='ocrx_word' id='word_1_49' title='bbox 540 496 623 524; x_wconf 77' lang='grc' dir='ltr'>ἱστίον</span> <span class='ocrx_word' id='word_1_50' title='bbox 648 499 696 524; x_wconf 87' lang='grc' dir='ltr'><strong>τοῦ</strong></span> <span class='ocrx_word' id='word_1_51' title='bbox 723 497 850 533; x_wconf 85' lang='grc' dir='ltr'>σταυροῦ,</span> <span class='ocrx_word' id='word_1_52' title='bbox 866 493 985 532; x_wconf 80' lang='grc' dir='ltr'>ἀχείμα-</span> 
     </span>
    </p>
   </div>
   <div class='ocr_carea' id='block_1_9' title="bbox 157 539 868 580">
    <p class='ocr_par' dir='ltr' id='par_1_9' title="bbox 157 539 868 580">
     <span class='ocr_line' id='line_1_9' title="bbox 157 539 868 580; baseline -0.003 -11"><span class='ocrx_word' id='word_1_53' title='bbox 157 552 221 569; x_wconf 82' lang='grc' dir='ltr'>στον</span> <span class='ocrx_word' id='word_1_54' title='bbox 238 542 319 578; x_wconf 82' lang='grc' dir='ltr'>ἡμῶν</span> <span class='ocrx_word' id='word_1_55' title='bbox 332 542 378 569; x_wconf 88' lang='grc' dir='ltr'><strong>τὸν</strong></span> <span class='ocrx_word' id='word_1_56' title='bbox 394 540 482 569; x_wconf 80' lang='grc' dir='ltr'><strong>πλοῦν</strong></span> <span class='ocrx_word' id='word_1_57' title='bbox 497 540 534 573; x_wconf 73' lang='grc' dir='ltr'>εἷς</span> <span class='ocrx_word' id='word_1_58' title='bbox 547 540 660 580; x_wconf 79' lang='grc' dir='ltr'>οὐρανὸν</span> <span class='ocrx_word' id='word_1_59' title='bbox 677 539 868 577; x_wconf 81' lang='grc' dir='ltr'><strong>ᾠκοδόμησεν.</strong></span> 
     </span>
    </p>
   </div>
   <div class='ocr_carea' id='block_1_10' title="bbox 194 627 985 668">
    <p class='ocr_par' dir='ltr' id='par_1_10' title="bbox 194 627 985 668">
     <span class='ocr_line' id='line_1_10' title="bbox 194 627 985 668; baseline -0.005 -10"><span class='ocrx_word' id='word_1_60' title='bbox 194 630 291 668; x_wconf 86' lang='grc' dir='ltr'>Ἐρώτ.</span> <span class='ocrx_word' id='word_1_61' title='bbox 309 634 358 668; x_wconf 85' lang='grc' dir='ltr'>ρς’.</span> <span class='ocrx_word' id='word_1_62' title='bbox 378 642 392 657; x_wconf 84' lang='grc'><strong>‹‹</strong></span> <span class='ocrx_word' id='word_1_63' title='bbox 409 631 591 668; x_wconf 77' lang='grc' dir='ltr'>Νυχθήμερον</span> <span class='ocrx_word' id='word_1_64' title='bbox 610 629 636 657; x_wconf 77' lang='grc' dir='ltr'>ἰν</span> <span class='ocrx_word' id='word_1_65' title='bbox 651 632 691 666; x_wconf 83' lang='grc' dir='ltr'>τῷ</span> <span class='ocrx_word' id='word_1_66' title='bbox 710 629 784 667; x_wconf 84' lang='grc' dir='ltr'>βυθῷ</span> <span class='ocrx_word' id='word_1_67' title='bbox 800 627 937 663; x_wconf 88' lang='grc' dir='ltr'>πεποίηκα</span> <span class='ocrx_word' id='word_1_68' title='bbox 950 637 957 662; x_wconf 83' lang='grc'>;</span> <span class='ocrx_word' id='word_1_69' title='bbox 972 639 985 653; x_wconf 85' lang='grc'><strong>››</strong></span> 
     </span>
    </p>
   </div>
   <div class='ocr_carea' id='block_1_11' title="bbox 196 717 987 756">
    <p class='ocr_par' dir='ltr' id='par_1_11' title="bbox 196 717 987 756">
     <span class='ocr_line' id='line_1_11' title="bbox 196 717 987 756; baseline -0.003 -10"><span class='ocrx_word' id='word_1_70' title='bbox 196 719 294 748; x_wconf 87' lang='grc' dir='ltr'>Ἀπόκ,</span> <span class='ocrx_word' id='word_1_71' title='bbox 316 720 498 756; x_wconf 78' lang='grc' dir='ltr'>Νυχθήμερον</span> <span class='ocrx_word' id='word_1_72' title='bbox 524 721 559 755; x_wconf 84' lang='grc'><strong>(5)</strong></span> <span class='ocrx_word' id='word_1_73' title='bbox 584 717 660 756; x_wconf 75' lang='grc' dir='ltr'>λέγει</span> <span class='ocrx_word' id='word_1_74' title='bbox 684 718 733 752; x_wconf 85' lang='grc' dir='ltr'>τὴν</span> <span class='ocrx_word' id='word_1_75' title='bbox 757 718 810 755; x_wconf 84' lang='grc' dir='ltr'>πρὸ</span> <span class='ocrx_word' id='word_1_76' title='bbox 839 720 890 751; x_wconf 85' lang='grc' dir='ltr'><strong>τῆς</strong></span> <span class='ocrx_word' id='word_1_77' title='bbox 919 718 987 754; x_wconf 84' lang='grc' dir='ltr'>Χρι-</span> 
     </span>
    </p>
   </div>
   <div class='ocr_carea' id='block_1_12' title="bbox 159 759 985 802">
    <p class='ocr_par' dir='ltr' id='par_1_12' title="bbox 159 759 985 802">
     <span class='ocr_line' id='line_1_12' title="bbox 159 759 985 802; baseline -0.004 -11"><span class='ocrx_word' id='word_1_78' title='bbox 159 766 225 791; x_wconf 84' lang='grc' dir='ltr'>στοῦ</span> <span class='ocrx_word' id='word_1_79' title='bbox 263 763 413 802; x_wconf 71' lang='grc' dir='ltr'>παρουσίας</span> <span class='ocrx_word' id='word_1_80' title='bbox 450 764 476 791; x_wconf 74' lang='grc' dir='ltr'>ἓν</span> <span class='ocrx_word' id='word_1_81' title='bbox 514 765 639 800; x_wconf 76' lang='grc' dir='ltr'><strong>σκοτεινῇ</strong></span> <span class='ocrx_word' id='word_1_82' title='bbox 681 761 770 800; x_wconf 76' lang='grc' dir='ltr'>πλάνῃ</span> <span class='ocrx_word' id='word_1_83' title='bbox 817 759 959 800; x_wconf 76' lang='grc' dir='ltr'>διατριϐήν</span> <span class='ocrx_word' id='word_1_84' title='bbox 979 771 985 777; x_wconf 90' lang='grc'><strong>·</strong></span> 
     </span>
    </p>
   </div>
   <div class='ocr_carea' id='block_1_13' title="bbox 159 806 985 847">
    <p class='ocr_par' dir='ltr' id='par_1_13' title="bbox 159 806 985 847">
     <span class='ocr_line' id='line_1_13' title="bbox 159 806 985 847; baseline -0.004 -11"><span class='ocrx_word' id='word_1_85' title='bbox 159 808 267 847; x_wconf 74' lang='grc' dir='ltr'>ἡμέραν</span> <span class='ocrx_word' id='word_1_86' title='bbox 282 807 310 836; x_wconf 74' lang='grc' dir='ltr'><strong>δὲ</strong></span> <span class='ocrx_word' id='word_1_87' title='bbox 326 807 400 846; x_wconf 72' lang='grc' dir='ltr'>λέγει</span> <span class='ocrx_word' id='word_1_88' title='bbox 416 809 464 843; x_wconf 79' lang='grc' dir='ltr'><strong>τὴν</strong></span> <span class='ocrx_word' id='word_1_89' title='bbox 487 808 553 845; x_wconf 83' lang='grc' dir='ltr'><strong>μετᾶ</strong></span> <span class='ocrx_word' id='word_1_90' title='bbox 577 810 625 835; x_wconf 89' lang='grc' dir='ltr'><strong>τοῦ</strong></span> <span class='ocrx_word' id='word_1_91' title='bbox 649 809 765 845; x_wconf 79' lang='grc' dir='ltr'>Χριστοῦ</span> <span class='ocrx_word' id='word_1_92' title='bbox 789 806 937 845; x_wconf 76' lang='grc' dir='ltr'>παρουσίαν</span> <span class='ocrx_word' id='word_1_93' title='bbox 960 806 985 833; x_wconf 81' lang='grc' dir='ltr'>ἐν</span> 
     </span>
    </p>
   </div>
   <div class='ocr_carea' id='block_1_14' title="bbox 158 851 683 891">
    <p class='ocr_par' dir='ltr' id='par_1_14' title="bbox 158 851 683 891">
     <span class='ocr_line' id='line_1_14' title="bbox 158 851 683 891; baseline 0 -11"><span class='ocrx_word' id='word_1_94' title='bbox 158 855 199 889; x_wconf 84' lang='grc' dir='ltr'>τῷ</span> <span class='ocrx_word' id='word_1_95' title='bbox 215 855 338 891; x_wconf 57' lang='grc' dir='ltr'>ψωτεινῷ</span> <span class='ocrx_word' id='word_1_96' title='bbox 355 853 519 890; x_wconf 72' lang='grc' dir='ltr'>βαπτίσματι</span> <span class='ocrx_word' id='word_1_97' title='bbox 536 851 683 890; x_wconf 81' lang='grc' dir='ltr'>διαγωγήν.</span> 
     </span>
    </p>
   </div>
   <div class='ocr_carea' id='block_1_15' title="bbox 197 894 987 936">
    <p class='ocr_par' dir='ltr' id='par_1_15' title="bbox 197 894 987 936">
     <span class='ocr_line' id='line_1_15' title="bbox 197 894 987 936; baseline -0.004 -11"><span class='ocrx_word' id='word_1_98' title='bbox 197 897 303 935; x_wconf 70' lang='grc' dir='ltr'>Ἑτέρα.</span> <span class='ocrx_word' id='word_1_99' title='bbox 331 897 409 928; x_wconf 79' lang='grc' dir='ltr'>Τινὲς</span> <span class='ocrx_word' id='word_1_100' title='bbox 439 896 467 924; x_wconf 74' lang='grc' dir='ltr'><strong>δέ</strong></span> <span class='ocrx_word' id='word_1_101' title='bbox 495 907 583 936; x_wconf 79' lang='grc' dir='ltr'>φασιν,</span> <span class='ocrx_word' id='word_1_102' title='bbox 614 896 655 923; x_wconf 75' lang='grc' dir='ltr'><strong>ὅτι</strong></span> <span class='ocrx_word' id='word_1_103' title='bbox 691 896 716 923; x_wconf 83' lang='grc' dir='ltr'>ἐν</span> <span class='ocrx_word' id='word_1_104' title='bbox 748 896 821 932; x_wconf 73' lang='grc' dir='ltr'>μέσῳ</span> <span class='ocrx_word' id='word_1_105' title='bbox 849 894 987 932; x_wconf 81' lang='grc' dir='ltr'>πελάγους</span> 
     </span>
    </p>
   </div>
   <div class='ocr_carea' id='block_1_16' title="bbox 160 938 988 979">
    <p class='ocr_par' dir='ltr' id='par_1_16' title="bbox 160 938 988 979">
     <span class='ocr_line' id='line_1_16' title="bbox 160 938 988 979; baseline -0.004 -10"><span class='ocrx_word' id='word_1_106' title='bbox 160 941 267 970; x_wconf 73' lang='grc' dir='ltr'>πλέων·</span> <span class='ocrx_word' id='word_1_107' title='bbox 285 942 311 969; x_wconf 67' lang='grc' dir='ltr'>οἱ</span> <span class='ocrx_word' id='word_1_108' title='bbox 327 940 365 976; x_wconf 76' lang='grc' dir='ltr'><strong>δὲ,</strong></span> <span class='ocrx_word' id='word_1_109' title='bbox 382 941 423 969; x_wconf 81' lang='grc' dir='ltr'><strong>ὅτι</strong></span> <span class='ocrx_word' id='word_1_110' title='bbox 439 941 595 979; x_wconf 79' lang='grc' dir='ltr'>νηχόμενος</span> <span class='ocrx_word' id='word_1_111' title='bbox 611 941 655 968; x_wconf 85' lang='grc' dir='ltr'><strong>καὶ</strong></span> <span class='ocrx_word' id='word_1_112' title='bbox 670 938 828 977; x_wconf 77' lang='grc' dir='ltr'>κολυμϐῶν,</span> <span class='ocrx_word' id='word_1_113' title='bbox 846 938 908 972; x_wconf 80' lang='grc' dir='ltr'>ἔνθα</span> <span class='ocrx_word' id='word_1_114' title='bbox 927 939 988 966; x_wconf 78' lang='grc' dir='ltr'>οὕτε</span> 
     </span>
    </p>
   </div>
   <div class='ocr_carea' id='block_1_17' title="bbox 159 984 511 1024">
    <p class='ocr_par' dir='ltr' id='par_1_17' title="bbox 159 984 511 1024">
     <span class='ocr_line' id='line_1_17' title="bbox 159 984 511 1024; baseline 0 -10"><span class='ocrx_word' id='word_1_115' title='bbox 159 990 214 1024; x_wconf 80' lang='grc' dir='ltr'><strong>γῆν</strong></span> <span class='ocrx_word' id='word_1_116' title='bbox 230 984 293 1014; x_wconf 68' lang='grc' dir='ltr'>οὔτε</span> <span class='ocrx_word' id='word_1_117' title='bbox 307 984 370 1023; x_wconf 78' lang='grc' dir='ltr'>ὅρος</span> <span class='ocrx_word' id='word_1_118' title='bbox 386 988 419 1021; x_wconf 76' lang='grc' dir='ltr'><strong>ἧν</strong></span> <span class='ocrx_word' id='word_1_119' title='bbox 436 985 511 1015; x_wconf 79' lang='grc' dir='ltr'>ἰδεῖν.</span> 
     </span>
    </p>
   </div>
   <div class='ocr_carea' id='block_1_18' title="bbox 197 1072 986 1113">
    <p class='ocr_par' dir='ltr' id='par_1_18' title="bbox 197 1072 986 1113">
     <span class='ocr_line' id='line_1_18' title="bbox 197 1072 986 1113; baseline -0.004 -10"><span class='ocrx_word' id='word_1_120' title='bbox 197 1076 328 1112; x_wconf 82' lang='grc' dir='ltr'>Κείμενον</span> <span class='ocrx_word' id='word_1_121' title='bbox 343 1078 390 1113; x_wconf 78' lang='grc' dir='ltr'><strong>ρξ’.</strong></span> <span class='ocrx_word' id='word_1_122' title='bbox 408 1073 534 1110; x_wconf 77' lang='grc' dir='ltr'>«Ἐδόθη</span> <span class='ocrx_word' id='word_1_123' title='bbox 553 1085 599 1112; x_wconf 83' lang='grc' dir='ltr'><strong>μοι</strong></span> <span class='ocrx_word' id='word_1_124' title='bbox 624 1073 745 1112; x_wconf 81' lang='grc' dir='ltr'>σκώλωψ</span> <span class='ocrx_word' id='word_1_125' title='bbox 772 1075 807 1111; x_wconf 80' lang='grc' dir='ltr'>τῇ</span> <span class='ocrx_word' id='word_1_126' title='bbox 832 1073 921 1111; x_wconf 71' lang='grc' dir='ltr'>σαρκὶ,</span> <span class='ocrx_word' id='word_1_127' title='bbox 937 1072 986 1111; x_wconf 77' lang='grc' dir='ltr'>ἅγ-</span> 
     </span>
    </p>
   </div>
   <div class='ocr_carea' id='block_1_19' title="bbox 157 1119 657 1158">
    <p class='ocr_par' dir='ltr' id='par_1_19' title="bbox 157 1119 657 1158">
     <span class='ocr_line' id='line_1_19' title="bbox 157 1119 657 1158; baseline -0.006 -11"><span class='ocrx_word' id='word_1_128' title='bbox 157 1121 242 1158; x_wconf 79' lang='grc' dir='ltr'>γελος</span> <span class='ocrx_word' id='word_1_129' title='bbox 258 1121 358 1155; x_wconf 75' lang='grc' dir='ltr'>Σατὰν,</span> <span class='ocrx_word' id='word_1_130' title='bbox 371 1119 417 1147; x_wconf 71' lang='grc' dir='ltr'>ἵνα</span> <span class='ocrx_word' id='word_1_131' title='bbox 433 1130 466 1156; x_wconf 91' lang='grc' dir='ltr'><strong>με</strong></span> <span class='ocrx_word' id='word_1_132' title='bbox 480 1119 623 1158; x_wconf 76' lang='grc' dir='ltr'>κολαφίζῃ,</span> <span class='ocrx_word' id='word_1_133' title='bbox 643 1131 657 1144; x_wconf 86' lang='grc'><strong>››</strong></span> 
     </span>
    </p>
   </div>
   <div class='ocr_carea' id='block_1_20' title="bbox 193 1162 982 1202">
    <p class='ocr_par' dir='ltr' id='par_1_20' title="bbox 193 1162 982 1202">
     <span class='ocr_line' id='line_1_20' title="bbox 193 1162 982 1202; baseline -0.005 -9"><span class='ocrx_word' id='word_1_134' title='bbox 193 1166 310 1202; x_wconf 85' lang='grc' dir='ltr'>Ἐρμην.</span> <span class='ocrx_word' id='word_1_135' title='bbox 338 1165 424 1192; x_wconf 84' lang='grc' dir='ltr'>Σατὰν</span> <span class='ocrx_word' id='word_1_136' title='bbox 454 1164 469 1191; x_wconf 80' lang='grc' dir='ltr'><strong>ὀ</strong></span> <span class='ocrx_word' id='word_1_137' title='bbox 496 1164 681 1200; x_wconf 75' lang='grc' dir='ltr'>ἀντικείμενος</span> <span class='ocrx_word' id='word_1_138' title='bbox 710 1163 826 1201; x_wconf 70' lang='grc' dir='ltr'>λέγεται.</span> <span class='ocrx_word' id='word_1_139' title='bbox 852 1162 982 1201; x_wconf 78' lang='grc' dir='ltr'>Ἄγγελον</span> 
     </span>
    </p>
   </div>
   <div class='ocr_carea' id='block_1_21' title="bbox 155 1206 982 1246">
    <p class='ocr_par' dir='ltr' id='par_1_21' title="bbox 155 1206 982 1246">
     <span class='ocr_line' id='line_1_21' title="bbox 155 1206 982 1246; baseline -0.002 -10"><span class='ocrx_word' id='word_1_140' title='bbox 155 1209 245 1236; x_wconf 78' lang='grc' dir='ltr'>τοίνυν</span> <span class='ocrx_word' id='word_1_141' title='bbox 278 1209 365 1236; x_wconf 76' lang='grc' dir='ltr'>Σατὰν</span> <span class='ocrx_word' id='word_1_142' title='bbox 410 1208 484 1245; x_wconf 69' lang='grc' dir='ltr'>λέγει</span> <span class='ocrx_word' id='word_1_143' title='bbox 514 1206 691 1245; x_wconf 70' lang='grc' dir='ltr'>Ἀλέξανδρον</span> <span class='ocrx_word' id='word_1_144' title='bbox 718 1208 763 1235; x_wconf 82' lang='grc' dir='ltr'>τὸν</span> <span class='ocrx_word' id='word_1_145' title='bbox 793 1207 908 1246; x_wconf 77' lang='grc' dir='ltr'>χαλκέα,</span> <span class='ocrx_word' id='word_1_146' title='bbox 937 1207 982 1234; x_wconf 76' lang='grc' dir='ltr'><strong>καὶ</strong></span> 
     </span>
    </p>
   </div>
   <div class='ocr_carea' id='block_1_22' title="bbox 154 1252 982 1290">
    <p class='ocr_par' dir='ltr' id='par_1_22' title="bbox 154 1252 982 1290">
     <span class='ocr_line' id='line_1_22' title="bbox 154 1252 982 1290; baseline -0.004 -9"><span class='ocrx_word' id='word_1_147' title='bbox 154 1253 299 1290; x_wconf 74' lang='grc' dir='ltr'>Ὑμέναιον</span> <span class='ocrx_word' id='word_1_148' title='bbox 324 1253 369 1280; x_wconf 86' lang='grc' dir='ltr'>καί</span> <span class='ocrx_word' id='word_1_149' title='bbox 394 1252 527 1288; x_wconf 84' lang='grc' dir='ltr'>Φιλητὸν,</span> <span class='ocrx_word' id='word_1_150' title='bbox 545 1252 642 1283; x_wconf 61' lang='grc' dir='ltr'>οἵτινες</span> <span class='ocrx_word' id='word_1_151' title='bbox 665 1252 803 1289; x_wconf 72' lang='grc' dir='ltr'>ἐπείραζον</span> <span class='ocrx_word' id='word_1_152' title='bbox 827 1252 917 1288; x_wconf 79' lang='grc' dir='ltr'>αὐτὸν,</span> <span class='ocrx_word' id='word_1_153' title='bbox 938 1253 982 1279; x_wconf 63' lang='grc' dir='ltr'>καὶ</span> 
     </span>
    </p>
   </div>
   <div class='ocr_carea' id='block_1_23' title="bbox 154 1296 981 1335">
    <p class='ocr_par' dir='ltr' id='par_1_23' title="bbox 154 1296 981 1335">
     <span class='ocr_line' id='line_1_23' title="bbox 154 1296 981 1335; baseline -0.002 -10"><span class='ocrx_word' id='word_1_154' title='bbox 154 1297 310 1325; x_wconf 73' lang='grc' dir='ltr'>ἆντὲκειντυ</span> <span class='ocrx_word' id='word_1_155' title='bbox 327 1296 464 1335; x_wconf 64' lang='grc' dir='ltr'>λέγοντες,</span> <span class='ocrx_word' id='word_1_156' title='bbox 481 1296 522 1324; x_wconf 73' lang='grc' dir='ltr'><strong>ὅτι</strong></span> <span class='ocrx_word' id='word_1_157' title='bbox 550 1296 691 1327; x_wconf 77' lang='grc' dir='ltr'>ἀνάστασις</span> <span class='ocrx_word' id='word_1_158' title='bbox 715 1296 830 1334; x_wconf 72' lang='grc' dir='ltr'>ἐγένετο·</span> <span class='ocrx_word' id='word_1_159' title='bbox 847 1296 892 1323; x_wconf 79' lang='grc' dir='ltr'><strong>καὶ</strong></span> <span class='ocrx_word' id='word_1_160' title='bbox 915 1306 981 1332; x_wconf 83' lang='grc' dir='ltr'>κρα-</span> 
     </span>
    </p>
   </div>
   <div class='ocr_carea' id='block_1_24' title="bbox 153 1339 982 1379">
    <p class='ocr_par' dir='ltr' id='par_1_24' title="bbox 153 1339 982 1379">
     <span class='ocr_line' id='line_1_24' title="bbox 153 1339 982 1379; baseline -0.002 -9"><span class='ocrx_word' id='word_1_161' title='bbox 153 1344 266 1373; x_wconf 79' lang='grc' dir='ltr'>τοῦντες</span> <span class='ocrx_word' id='word_1_162' title='bbox 290 1342 382 1376; x_wconf 77' lang='grc' dir='ltr'>αὐτὸν,</span> <span class='ocrx_word' id='word_1_163' title='bbox 407 1339 505 1369; x_wconf 74' lang='grc' dir='ltr'>ἔϐαλον</span> <span class='ocrx_word' id='word_1_164' title='bbox 535 1341 573 1373; x_wconf 80' lang='grc' dir='ltr'><strong>εἰς</strong></span> <span class='ocrx_word' id='word_1_165' title='bbox 603 1340 789 1379; x_wconf 77' lang='grc' dir='ltr'>δεσμωτήρια,</span> <span class='ocrx_word' id='word_1_166' title='bbox 813 1341 859 1368; x_wconf 86' lang='grc' dir='ltr'>καί</span> <span class='ocrx_word' id='word_1_167' title='bbox 889 1340 982 1369; x_wconf 87' lang='grc' dir='ltr'>πολλὰ</span> 
     </span>
    </p>
   </div>
   <div class='ocr_carea' id='block_1_25' title="bbox 153 1384 505 1422">
    <p class='ocr_par' dir='ltr' id='par_1_25' title="bbox 153 1384 505 1422">
     <span class='ocr_line' id='line_1_25' title="bbox 153 1384 505 1422; baseline 0 -8"><span class='ocrx_word' id='word_1_168' title='bbox 153 1387 227 1414; x_wconf 70' lang='grc' dir='ltr'>κακὰ</span> <span class='ocrx_word' id='word_1_169' title='bbox 241 1386 317 1422; x_wconf 82' lang='grc' dir='ltr'>αύτῷ</span> <span class='ocrx_word' id='word_1_170' title='bbox 332 1384 505 1422; x_wconf 75' lang='grc' dir='ltr'>ὲνιδείξαντο.</span> 
     </span>
    </p>
   </div>
   <div class='ocr_carea' id='block_1_26' title="bbox 193 1430 830 1468">
    <p class='ocr_par' dir='ltr' id='par_1_26' title="bbox 193 1430 830 1468">
     <span class='ocr_line' id='line_1_26' title="bbox 193 1430 830 1468; baseline -0.002 -9"><span class='ocrx_word' id='word_1_171' title='bbox 193 1430 325 1467; x_wconf 74' lang='grc' dir='ltr'>Κείμενον</span> <span class='ocrx_word' id='word_1_172' title='bbox 339 1434 390 1468; x_wconf 87' lang='grc' dir='ltr'>ρη’.</span> <span class='ocrx_word' id='word_1_173' title='bbox 407 1443 421 1456; x_wconf 87' lang='grc'><strong>‹‹</strong></span> <span class='ocrx_word' id='word_1_174' title='bbox 438 1431 532 1468; x_wconf 79' lang='grc' dir='ltr'><strong>Ἀρκεῖ</strong></span> <span class='ocrx_word' id='word_1_175' title='bbox 547 1441 588 1457; x_wconf 88' lang='grc' dir='ltr'><strong>σοι</strong></span> <span class='ocrx_word' id='word_1_176' title='bbox 605 1431 622 1465; x_wconf 84' lang='grc' dir='ltr'>ἡ</span> <span class='ocrx_word' id='word_1_177' title='bbox 639 1430 720 1468; x_wconf 76' lang='grc' dir='ltr'>χάρις</span> <span class='ocrx_word' id='word_1_178' title='bbox 738 1441 801 1467; x_wconf 84' lang='grc' dir='ltr'>μου.</span> <span class='ocrx_word' id='word_1_179' title='bbox 819 1442 830 1457; x_wconf 65' lang='grc' dir='ltr'><strong><em>λ</em></strong></span> 
     </span>
    </p>
   </div>
   <div class='ocr_carea' id='block_1_27' title="bbox 191 1472 979 1512">
    <p class='ocr_par' dir='ltr' id='par_1_27' title="bbox 191 1472 979 1512">
     <span class='ocr_line' id='line_1_27' title="bbox 191 1472 979 1512; baseline 0 -10"><span class='ocrx_word' id='word_1_180' title='bbox 191 1475 290 1504; x_wconf 78' lang='grc' dir='ltr'>’Δπόκ.</span> <span class='ocrx_word' id='word_1_181' title='bbox 311 1475 390 1503; x_wconf 84' lang='grc' dir='ltr'>Τοῦτ’</span> <span class='ocrx_word' id='word_1_182' title='bbox 406 1472 487 1502; x_wconf 79' lang='grc' dir='ltr'>ἔστιν·</span> <span class='ocrx_word' id='word_1_183' title='bbox 517 1475 611 1512; x_wconf 80' lang='grc' dir='ltr'>’Δρκεῖ</span> <span class='ocrx_word' id='word_1_184' title='bbox 636 1484 678 1501; x_wconf 88' lang='grc' dir='ltr'><strong>σοι</strong></span> <span class='ocrx_word' id='word_1_185' title='bbox 703 1475 720 1508; x_wconf 84' lang='grc' dir='ltr'>ἡ</span> <span class='ocrx_word' id='word_1_186' title='bbox 744 1473 824 1512; x_wconf 83' lang='grc' dir='ltr'>χάρις</span> <span class='ocrx_word' id='word_1_187' title='bbox 854 1485 916 1511; x_wconf 80' lang='grc' dir='ltr'>μου,</span> <span class='ocrx_word' id='word_1_188' title='bbox 939 1474 979 1502; x_wconf 74' lang='grc' dir='ltr'><strong>ὅτι</strong></span> 
     </span>
    </p>
   </div>
   <div class='ocr_carea' id='block_1_28' title="bbox 151 1518 981 1558">
    <p class='ocr_par' dir='ltr' id='par_1_28' title="bbox 151 1518 981 1558">
     <span class='ocr_line' id='line_1_28' title="bbox 151 1518 981 1558; baseline 0.002 -12"><span class='ocrx_word' id='word_1_189' title='bbox 151 1519 268 1558; x_wconf 78' lang='grc' dir='ltr'>νεκροὺς</span> <span class='ocrx_word' id='word_1_190' title='bbox 297 1519 420 1557; x_wconf 78' lang='grc' dir='ltr'>ἐγείρεις,</span> <span class='ocrx_word' id='word_1_191' title='bbox 436 1519 480 1546; x_wconf 83' lang='grc' dir='ltr'><strong>καὶ</strong></span> <span class='ocrx_word' id='word_1_192' title='bbox 508 1518 627 1558; x_wconf 74' lang='grc' dir='ltr'>τυφλοὺς</span> <span class='ocrx_word' id='word_1_193' title='bbox 648 1518 813 1556; x_wconf 81' lang='grc' dir='ltr'>Θεραπεύεις,</span> <span class='ocrx_word' id='word_1_194' title='bbox 837 1519 881 1546; x_wconf 81' lang='grc' dir='ltr'><strong>καὶ</strong></span> <span class='ocrx_word' id='word_1_195' title='bbox 910 1518 981 1548; x_wconf 81' lang='grc' dir='ltr'>ἅλλα</span> 
     </span>
    </p>
   </div>
   <div class='ocr_carea' id='block_1_29' title="bbox 148 1562 978 1601">
    <p class='ocr_par' dir='ltr' id='par_1_29' title="bbox 148 1562 978 1601">
     <span class='ocr_line' id='line_1_29' title="bbox 148 1562 978 1601; baseline 0.001 -10"><span class='ocrx_word' id='word_1_196' title='bbox 148 1565 209 1592; x_wconf 81' lang='grc' dir='ltr'><strong>τῶν</strong></span> <span class='ocrx_word' id='word_1_197' title='bbox 224 1563 348 1600; x_wconf 78' lang='grc' dir='ltr'>σημείων</span> <span class='ocrx_word' id='word_1_198' title='bbox 365 1567 463 1595; x_wconf 77' lang='grc' dir='ltr'>ποιεῖς.</span> <span class='ocrx_word' id='word_1_199' title='bbox 480 1562 673 1600; x_wconf 85' lang='grc' dir='ltr'>Ἐλαυνόμενοι</span> <span class='ocrx_word' id='word_1_200' title='bbox 693 1562 722 1591; x_wconf 75' lang='grc' dir='ltr'>δὶ</span> <span class='ocrx_word' id='word_1_201' title='bbox 745 1563 789 1590; x_wconf 83' lang='grc' dir='ltr'><strong>καὶ</strong></span> <span class='ocrx_word' id='word_1_202' title='bbox 816 1562 978 1601; x_wconf 80' lang='grc' dir='ltr'>διωκόμενοι</span> 
     </span>
    </p>
   </div>
   <div class='ocr_carea' id='block_1_30' title="bbox 147 1607 503 1640">
    <p class='ocr_par' dir='ltr' id='par_1_30' title="bbox 147 1607 503 1640">
     <span class='ocr_line' id='line_1_30' title="bbox 147 1607 503 1640; baseline 0 -4"><span class='ocrx_word' id='word_1_203' title='bbox 147 1620 162 1636; x_wconf 86' lang='grc' dir='ltr'><strong>ν</strong></span> <span class='ocrx_word' id='word_1_204' title='bbox 169 1612 248 1636; x_wconf 52' lang='lat' dir='ltr'><strong>mare</strong></span> <span class='ocrx_word' id='word_1_205' title='bbox 262 1608 327 1640; x_wconf 78' lang='grc' dir='ltr'>τοὺς</span> <span class='ocrx_word' id='word_1_206' title='bbox 344 1607 503 1639; x_wconf 82' lang='grc' dir='ltr'>διώκοντας.</span> 
     </span>
    </p>
   </div>
   <div class='ocr_carea' id='block_1_31' title="bbox 188 1652 979 1692">
    <p class='ocr_par' dir='ltr' id='par_1_31' title="bbox 188 1652 979 1692">
     <span class='ocr_line' id='line_1_31' title="bbox 188 1652 979 1692; baseline 0.001 -12"><span class='ocrx_word' id='word_1_207' title='bbox 188 1653 290 1692; x_wconf 79' lang='grc' dir='ltr'>Ἐρώτ,</span> <span class='ocrx_word' id='word_1_208' title='bbox 307 1654 355 1691; x_wconf 85' lang='grc' dir='ltr'><strong>ρθ’.</strong></span> <span class='ocrx_word' id='word_1_209' title='bbox 371 1653 404 1682; x_wconf 86' lang='grc' dir='ltr'>Τί</span> <span class='ocrx_word' id='word_1_210' title='bbox 419 1652 492 1691; x_wconf 69' lang='grc' dir='ltr'>λέγει</span> <span class='ocrx_word' id='word_1_211' title='bbox 505 1662 511 1669; x_wconf 94' lang='grc'><strong>·</strong></span> <span class='ocrx_word' id='word_1_212' title='bbox 532 1664 545 1680; x_wconf 74' lang='grc' dir='ltr'><strong>α</strong></span> <span class='ocrx_word' id='word_1_213' title='bbox 567 1652 646 1689; x_wconf 84' lang='grc' dir='ltr'>Ἐμοὶ</span> <span class='ocrx_word' id='word_1_214' title='bbox 671 1652 775 1690; x_wconf 83' lang='grc' dir='ltr'>κόσμος</span> <span class='ocrx_word' id='word_1_215' title='bbox 803 1653 979 1692; x_wconf 79' lang='grc' dir='ltr'>ἐσταύρωται,</span> 
     </span>
    </p>
   </div>
   <div class='ocr_carea' id='block_1_32' title="bbox 145 1698 448 1735">
    <p class='ocr_par' dir='ltr' id='par_1_32' title="bbox 145 1698 448 1735">
     <span class='ocr_line' id='line_1_32' title="bbox 145 1698 448 1735; baseline -0.007 -10"><span class='ocrx_word' id='word_1_216' title='bbox 145 1699 231 1735; x_wconf 76' lang='grc' dir='ltr'>κάγὼ</span> <span class='ocrx_word' id='word_1_217' title='bbox 247 1700 286 1734; x_wconf 82' lang='grc' dir='ltr'>τῷ</span> <span class='ocrx_word' id='word_1_218' title='bbox 300 1698 397 1735; x_wconf 82' lang='grc' dir='ltr'>κόσμῳ</span> <span class='ocrx_word' id='word_1_219' title='bbox 410 1708 416 1732; x_wconf 85' lang='grc'>;</span> <span class='ocrx_word' id='word_1_220' title='bbox 434 1709 448 1723; x_wconf 72' lang='grc' dir='ltr'><strong>υ</strong></span> 
     </span>
    </p>
   </div>
   <div class='ocr_carea' id='block_1_33' title="bbox 187 1741 978 1781">
    <p class='ocr_par' dir='ltr' id='par_1_33' title="bbox 187 1741 978 1781">
     <span class='ocr_line' id='line_1_33' title="bbox 187 1741 978 1781; baseline 0 -11"><span class='ocrx_word' id='word_1_221' title='bbox 187 1742 287 1770; x_wconf 81' lang='grc' dir='ltr'>Ἀπόκ.</span> <span class='ocrx_word' id='word_1_222' title='bbox 304 1743 343 1771; x_wconf 84' lang='grc' dir='ltr'><strong>Τὸ</strong></span> <span class='ocrx_word' id='word_1_223' title='bbox 372 1741 488 1778; x_wconf 78' lang='grc' dir='ltr'>ἐξελθεῖν</span> <span class='ocrx_word' id='word_1_224' title='bbox 518 1742 571 1769; x_wconf 77' lang='grc' dir='ltr'>ἀπὸ</span> <span class='ocrx_word' id='word_1_225' title='bbox 599 1744 648 1770; x_wconf 82' lang='grc' dir='ltr'><strong>τοῦ</strong></span> <span class='ocrx_word' id='word_1_226' title='bbox 674 1741 735 1780; x_wconf 86' lang='grc' dir='ltr'>βίου</span> <span class='ocrx_word' id='word_1_227' title='bbox 759 1742 803 1769; x_wconf 85' lang='grc' dir='ltr'><strong>καὶ</strong></span> <span class='ocrx_word' id='word_1_228' title='bbox 828 1741 978 1781; x_wconf 80' lang='grc' dir='ltr'>φροντίδων</span> 
     </span>
    </p>
   </div>
   <div class='ocr_carea' id='block_1_34' title="bbox 148 1786 978 1824">
    <p class='ocr_par' dir='ltr' id='par_1_34' title="bbox 148 1786 978 1824">
     <span class='ocr_line' id='line_1_34' title="bbox 148 1786 978 1824; baseline 0.001 -10"><span class='ocrx_word' id='word_1_229' title='bbox 148 1787 248 1820; x_wconf 78' lang='grc' dir='ltr'>αὐτοῦ,</span> <span class='ocrx_word' id='word_1_230' title='bbox 277 1786 321 1814; x_wconf 79' lang='grc' dir='ltr'><strong>καὶ</strong></span> <span class='ocrx_word' id='word_1_231' title='bbox 356 1787 449 1824; x_wconf 79' lang='grc' dir='ltr'>νεκρὸν</span> <span class='ocrx_word' id='word_1_232' title='bbox 474 1787 593 1824; x_wconf 72' lang='grc' dir='ltr'>γενέσθαι</span> <span class='ocrx_word' id='word_1_233' title='bbox 623 1789 681 1817; x_wconf 81' lang='grc' dir='ltr'>τοῖς</span> <span class='ocrx_word' id='word_1_234' title='bbox 710 1787 817 1822; x_wconf 80' lang='grc' dir='ltr'>πάθεσι,</span> <span class='ocrx_word' id='word_1_235' title='bbox 848 1787 891 1814; x_wconf 79' lang='grc' dir='ltr'><strong>καὶ</strong></span> <span class='ocrx_word' id='word_1_236' title='bbox 919 1791 978 1819; x_wconf 86' lang='grc' dir='ltr'>ταῖς</span> 
     </span>
    </p>
   </div>
   <div class='ocr_carea' id='block_1_35' title="bbox 147 1831 978 1870">
    <p class='ocr_par' dir='ltr' id='par_1_35' title="bbox 147 1831 978 1870">
     <span class='ocr_line' id='line_1_35' title="bbox 147 1831 978 1870; baseline 0.001 -11"><span class='ocrx_word' id='word_1_237' title='bbox 147 1831 311 1868; x_wconf 74' lang='grc' dir='ltr'>ἐπιθυμίαις</span> <span class='ocrx_word' id='word_1_238' title='bbox 335 1831 379 1859; x_wconf 78' lang='grc' dir='ltr'><strong>καί</strong></span> <span class='ocrx_word' id='word_1_239' title='bbox 403 1831 553 1867; x_wconf 80' lang='grc' dir='ltr'>νηστεύειν,</span> <span class='ocrx_word' id='word_1_240' title='bbox 577 1831 621 1859; x_wconf 86' lang='grc' dir='ltr'>καὶ</span> <span class='ocrx_word' id='word_1_241' title='bbox 644 1831 799 1870; x_wconf 78' lang='grc' dir='ltr'>ἀγρυπνεῖν,</span> <span class='ocrx_word' id='word_1_242' title='bbox 825 1831 869 1859; x_wconf 81' lang='grc' dir='ltr'><strong>καὶ</strong></span> <span class='ocrx_word' id='word_1_243' title='bbox 897 1842 978 1860; x_wconf 84' lang='grc' dir='ltr'>κακο-</span> 
     </span>
    </p>
   </div>
   <div class='ocr_carea' id='block_1_36' title="bbox 147 1875 978 1914">
    <p class='ocr_par' dir='ltr' id='par_1_36' title="bbox 147 1875 978 1914">
     <span class='ocr_line' id='line_1_36' title="bbox 147 1875 978 1914; baseline 0 -10"><span class='ocrx_word' id='word_1_244' title='bbox 147 1877 249 1904; x_wconf 74' lang='grc' dir='ltr'>παθεῖν</span> <span class='ocrx_word' id='word_1_245' title='bbox 261 1876 292 1909; x_wconf 14' lang='grc' dir='ltr'>,ἦν</span> <span class='ocrx_word' id='word_1_246' title='bbox 307 1878 341 1909; x_wconf 79' lang='grc' dir='ltr'><strong>τῆ</strong></span> <span class='ocrx_word' id='word_1_247' title='bbox 356 1876 477 1912; x_wconf 80' lang='grc' dir='ltr'>ἀσκήσει,</span> <span class='ocrx_word' id='word_1_248' title='bbox 493 1876 531 1907; x_wconf 86' lang='grc' dir='ltr'><strong>ὡς</strong></span> <span class='ocrx_word' id='word_1_249' title='bbox 545 1876 590 1903; x_wconf 86' lang='grc' dir='ltr'><strong>καὶ</strong></span> <span class='ocrx_word' id='word_1_250' title='bbox 611 1875 738 1914; x_wconf 70' lang='grc' dir='ltr'>ἀλλαχοῦ</span> <span class='ocrx_word' id='word_1_251' title='bbox 763 1875 848 1913; x_wconf 73' lang='grc' dir='ltr'>λέγει·</span> <span class='ocrx_word' id='word_1_252' title='bbox 870 1888 883 1902; x_wconf 95' lang='grc'><strong>‹‹</strong></span> <span class='ocrx_word' id='word_1_253' title='bbox 901 1877 934 1905; x_wconf 79' lang='grc' dir='ltr'><strong>Οἱ</strong></span> <span class='ocrx_word' id='word_1_254' title='bbox 950 1875 978 1904; x_wconf 78' lang='grc' dir='ltr'><strong>δὲ</strong></span> 
     </span>
    </p>
   </div>
   <div class='ocr_carea' id='block_1_37' title="bbox 145 1920 977 1959">
    <p class='ocr_par' dir='ltr' id='par_1_37' title="bbox 145 1920 977 1959">
     <span class='ocr_line' id='line_1_37' title="bbox 145 1920 977 1959; baseline -0.001 -10"><span class='ocrx_word' id='word_1_255' title='bbox 145 1923 201 1949; x_wconf 81' lang='grc' dir='ltr'><strong>τοῦ</strong></span> <span class='ocrx_word' id='word_1_256' title='bbox 216 1921 335 1958; x_wconf 78' lang='grc' dir='ltr'>Χριστοῦ</span> <span class='ocrx_word' id='word_1_257' title='bbox 348 1921 398 1955; x_wconf 83' lang='grc' dir='ltr'><strong>τήν</strong></span> <span class='ocrx_word' id='word_1_258' title='bbox 414 1921 499 1959; x_wconf 78' lang='grc' dir='ltr'>σάρκα</span> <span class='ocrx_word' id='word_1_259' title='bbox 527 1920 696 1959; x_wconf 69' lang='grc' dir='ltr'>ἐσταύρωσαν</span> <span class='ocrx_word' id='word_1_260' title='bbox 727 1920 773 1948; x_wconf 74' lang='grc' dir='ltr'><strong>σὺν</strong></span> <span class='ocrx_word' id='word_1_261' title='bbox 801 1923 860 1952; x_wconf 82' lang='grc' dir='ltr'>τοῖς</span> <span class='ocrx_word' id='word_1_262' title='bbox 887 1922 977 1957; x_wconf 87' lang='grc' dir='ltr'>παθή-</span> 
     </span>
    </p>
   </div>
   <div class='ocr_carea' id='block_1_38' title="bbox 149 1965 570 2003">
    <p class='ocr_par' dir='ltr' id='par_1_38' title="bbox 149 1965 570 2003">
     <span class='ocr_line' id='line_1_38' title="bbox 149 1965 570 2003; baseline -0.002 -11"><span class='ocrx_word' id='word_1_263' title='bbox 149 1976 220 2003; x_wconf 72' lang='grc' dir='ltr'>μασι</span> <span class='ocrx_word' id='word_1_264' title='bbox 236 1965 282 1992; x_wconf 84' lang='grc' dir='ltr'>καὶ</span> <span class='ocrx_word' id='word_1_265' title='bbox 297 1967 357 1996; x_wconf 83' lang='grc' dir='ltr'>ταῖς</span> <span class='ocrx_word' id='word_1_266' title='bbox 373 1965 541 2002; x_wconf 70' lang='grc' dir='ltr'>ἐπιθυμίαις.</span> <span class='ocrx_word' id='word_1_267' title='bbox 560 1978 570 1991; x_wconf 83' lang='grc' dir='ltr'><strong>Ι</strong></span> 
     </span>
    </p>
   </div>
   <div class='ocr_carea' id='block_1_39' title="bbox 190 2009 976 2049">
    <p class='ocr_par' dir='ltr' id='par_1_39' title="bbox 190 2009 976 2049">
     <span class='ocr_line' id='line_1_39' title="bbox 190 2009 976 2049; baseline -0.001 -11"><span class='ocrx_word' id='word_1_268' title='bbox 190 2010 287 2048; x_wconf 76' lang='grc' dir='ltr'>Ἐρώτ,</span> <span class='ocrx_word' id='word_1_269' title='bbox 304 2013 348 2047; x_wconf 87' lang='grc' dir='ltr'>ρι’.</span> <span class='ocrx_word' id='word_1_270' title='bbox 363 2009 394 2036; x_wconf 86' lang='grc' dir='ltr'>Τί</span> <span class='ocrx_word' id='word_1_271' title='bbox 410 2009 495 2048; x_wconf 72' lang='grc' dir='ltr'>λέγει·</span> <span class='ocrx_word' id='word_1_272' title='bbox 511 2022 525 2036; x_wconf 86' lang='grc'><em>‹‹</em></span> <span class='ocrx_word' id='word_1_273' title='bbox 541 2010 576 2037; x_wconf 85' lang='grc' dir='ltr'><strong>Τὸ</strong></span> <span class='ocrx_word' id='word_1_274' title='bbox 597 2010 759 2048; x_wconf 80' lang='grc' dir='ltr'>μεσότοιχον</span> <span class='ocrx_word' id='word_1_275' title='bbox 781 2012 829 2037; x_wconf 87' lang='grc' dir='ltr'><strong>τοῦ</strong></span> <span class='ocrx_word' id='word_1_276' title='bbox 851 2013 976 2049; x_wconf 80' lang='grc' dir='ltr'>φραγμοῦ</span> 
     </span>
    </p>
   </div>
   <div class='ocr_carea' id='block_1_40' title="bbox 147 2054 287 2089">
    <p class='ocr_par' dir='ltr' id='par_1_40' title="bbox 147 2054 287 2089">
     <span class='ocr_line' id='line_1_40' title="bbox 147 2054 287 2089; baseline -0.021 -6"><span class='ocrx_word' id='word_1_277' title='bbox 147 2054 237 2085; x_wconf 66' lang='grc' dir='ltr'>λύσας</span> <span class='ocrx_word' id='word_1_278' title='bbox 249 2063 256 2089; x_wconf 69' lang='grc' dir='ltr'><strong><em>ῖ</em></strong></span> <span class='ocrx_word' id='word_1_279' title='bbox 274 2066 287 2080; x_wconf 80' lang='grc'><strong>))</strong></span> 
     </span>
    </p>
   </div>
   <div class='ocr_carea' id='block_1_41' title="bbox 188 2097 974 2137">
    <p class='ocr_par' dir='ltr' id='par_1_41' title="bbox 188 2097 974 2137">
     <span class='ocr_line' id='line_1_41' title="bbox 188 2097 974 2137; baseline 0 -11"><span class='ocrx_word' id='word_1_280' title='bbox 188 2098 282 2127; x_wconf 80' lang='grc' dir='ltr'>Ἀπόκ.</span> <span class='ocrx_word' id='word_1_281' title='bbox 310 2099 463 2133; x_wconf 81' lang='grc' dir='ltr'>Τουτέστιν,</span> <span class='ocrx_word' id='word_1_282' title='bbox 485 2100 503 2133; x_wconf 84' lang='grc' dir='ltr'><strong>ἡ</strong></span> <span class='ocrx_word' id='word_1_283' title='bbox 528 2098 624 2137; x_wconf 81' lang='grc' dir='ltr'>ἔχθρα,</span> <span class='ocrx_word' id='word_1_284' title='bbox 645 2099 677 2133; x_wconf 85' lang='grc' dir='ltr'><strong>ἣν</strong></span> <span class='ocrx_word' id='word_1_285' title='bbox 702 2097 813 2137; x_wconf 63' lang='grc' dir='ltr'>εἴχομεν</span> <span class='ocrx_word' id='word_1_286' title='bbox 837 2099 905 2137; x_wconf 75' lang='grc' dir='ltr'>πρὸς</span> <span class='ocrx_word' id='word_1_287' title='bbox 929 2100 974 2127; x_wconf 85' lang='grc' dir='ltr'><strong>τὸν</strong></span> 
     </span>
    </p>
   </div>
   <div class='ocr_carea' id='block_1_42' title="bbox 145 2142 975 2181">
    <p class='ocr_par' dir='ltr' id='par_1_42' title="bbox 145 2142 975 2181">
     <span class='ocr_line' id='line_1_42' title="bbox 145 2142 975 2181; baseline 0 -10"><span class='ocrx_word' id='word_1_288' title='bbox 145 2144 216 2172; x_wconf 84' lang='grc' dir='ltr'>Θεὸν</span> <span class='ocrx_word' id='word_1_289' title='bbox 233 2144 260 2171; x_wconf 66' lang='grc' dir='ltr'>οἱ</span> <span class='ocrx_word' id='word_1_290' title='bbox 275 2144 413 2178; x_wconf 80' lang='grc' dir='ltr'>ἄνθρωποι</span> <span class='ocrx_word' id='word_1_291' title='bbox 430 2142 474 2171; x_wconf 72' lang='grc' dir='ltr'><strong>διὰ</strong></span> <span class='ocrx_word' id='word_1_292' title='bbox 488 2144 535 2174; x_wconf 72' lang='grc' dir='ltr'><strong>τὰς</strong></span> <span class='ocrx_word' id='word_1_293' title='bbox 549 2144 629 2180; x_wconf 84' lang='grc' dir='ltr'>ἡμῶν</span> <span class='ocrx_word' id='word_1_294' title='bbox 659 2143 802 2181; x_wconf 77' lang='grc' dir='ltr'>ἁμαρτίας.</span> <span class='ocrx_word' id='word_1_295' title='bbox 821 2144 975 2181; x_wconf 80' lang='grc' dir='ltr'>Σαρκωθεὶς</span> 
     </span>
    </p>
   </div>
   <div class='ocr_carea' id='block_1_43' title="bbox 144 2187 973 2227">
    <p class='ocr_par' dir='ltr' id='par_1_43' title="bbox 144 2187 973 2227">
     <span class='ocr_line' id='line_1_43' title="bbox 144 2187 973 2227; baseline 0 -12"><span class='ocrx_word' id='word_1_296' title='bbox 144 2188 197 2216; x_wconf 74' lang='grc' dir='ltr'>οὖν</span> <span class='ocrx_word' id='word_1_297' title='bbox 224 2189 239 2216; x_wconf 83' lang='grc' dir='ltr'><strong>ὁ</strong></span> <span class='ocrx_word' id='word_1_298' title='bbox 264 2188 364 2226; x_wconf 78' lang='grc' dir='ltr'>Κύριος</span> <span class='ocrx_word' id='word_1_299' title='bbox 387 2188 431 2215; x_wconf 86' lang='grc' dir='ltr'><strong>καὶ</strong></span> <span class='ocrx_word' id='word_1_300' title='bbox 457 2188 534 2222; x_wconf 71' lang='grc' dir='ltr'>Θεὸς,</span> <span class='ocrx_word' id='word_1_301' title='bbox 550 2188 594 2216; x_wconf 81' lang='grc' dir='ltr'><strong>καὶ</strong></span> <span class='ocrx_word' id='word_1_302' title='bbox 620 2188 706 2220; x_wconf 89' lang='grc' dir='ltr'>θανὼν</span> <span class='ocrx_word' id='word_1_303' title='bbox 727 2187 806 2216; x_wconf 78' lang='grc' dir='ltr'>ἔλυσε</span> <span class='ocrx_word' id='word_1_304' title='bbox 820 2189 869 2223; x_wconf 83' lang='grc' dir='ltr'><strong>τήν</strong></span> <span class='ocrx_word' id='word_1_305' title='bbox 887 2189 973 2227; x_wconf 87' lang='grc' dir='ltr'>ἁμαρ-</span> 
     </span>
    </p>
   </div>
   <div class='ocr_carea' id='block_1_44' title="bbox 142 2232 971 2270">
    <p class='ocr_par' dir='ltr' id='par_1_44' title="bbox 142 2232 971 2270">
     <span class='ocr_line' id='line_1_44' title="bbox 142 2232 971 2270; baseline 0.001 -11"><span class='ocrx_word' id='word_1_306' title='bbox 142 2233 221 2268; x_wconf 81' lang='grc' dir='ltr'>τίαν,</span> <span class='ocrx_word' id='word_1_307' title='bbox 242 2233 290 2266; x_wconf 77' lang='grc' dir='ltr'><strong>τήν</strong></span> <span class='ocrx_word' id='word_1_308' title='bbox 321 2232 492 2270; x_wconf 84' lang='grc' dir='ltr'>χωρίζουσαν</span> <span class='ocrx_word' id='word_1_309' title='bbox 516 2234 590 2269; x_wconf 72' lang='grc' dir='ltr'>ἡμᾶς</span> <span class='ocrx_word' id='word_1_310' title='bbox 614 2232 667 2260; x_wconf 80' lang='grc' dir='ltr'>ἀπὸ</span> <span class='ocrx_word' id='word_1_311' title='bbox 690 2234 738 2260; x_wconf 85' lang='grc' dir='ltr'><strong>τοῦ</strong></span> <span class='ocrx_word' id='word_1_312' title='bbox 762 2234 839 2268; x_wconf 79' lang='grc' dir='ltr'>Θεοῦ,</span> <span class='ocrx_word' id='word_1_313' title='bbox 865 2232 971 2270; x_wconf 79' lang='grc' dir='ltr'>εἰρηνο-</span> 
     </span>
    </p>
   </div>
   <div class='ocr_carea' id='block_1_45' title="bbox 142 2276 972 2315">
    <p class='ocr_par' dir='ltr' id='par_1_45' title="bbox 142 2276 972 2315">
     <span class='ocr_line' id='line_1_45' title="bbox 142 2276 972 2315; baseline 0.001 -11"><span class='ocrx_word' id='word_1_314' title='bbox 142 2276 250 2312; x_wconf 79' lang='grc' dir='ltr'>ποίησε</span> <span class='ocrx_word' id='word_1_315' title='bbox 263 2276 295 2304; x_wconf 79' lang='grc' dir='ltr'>τὰ</span> <span class='ocrx_word' id='word_1_316' title='bbox 309 2276 404 2311; x_wconf 78' lang='grc' dir='ltr'>πάντα,</span> <span class='ocrx_word' id='word_1_317' title='bbox 420 2277 464 2304; x_wconf 78' lang='grc' dir='ltr'><strong>καὶ</strong></span> <span class='ocrx_word' id='word_1_318' title='bbox 489 2276 564 2306; x_wconf 70' lang='grc' dir='ltr'>υἱοὺς</span> <span class='ocrx_word' id='word_1_319' title='bbox 589 2279 656 2305; x_wconf 83' lang='grc' dir='ltr'>Θεοῦ</span> <span class='ocrx_word' id='word_1_320' title='bbox 679 2277 754 2314; x_wconf 75' lang='grc' dir='ltr'>ἡμᾶς</span> <span class='ocrx_word' id='word_1_321' title='bbox 780 2277 972 2315; x_wconf 79' lang='grc' dir='ltr'>ἀπειργάσατο,</span> 
     </span>
    </p>
   </div>
   <div class='ocr_carea' id='block_1_46' title="bbox 143 2320 974 2361">
    <p class='ocr_par' dir='ltr' id='par_1_46' title="bbox 143 2320 974 2361">
     <span class='ocr_line' id='line_1_46' title="bbox 143 2320 974 2361; baseline 0.002 -13"><span class='ocrx_word' id='word_1_322' title='bbox 143 2320 297 2359; x_wconf 68' lang='grc' dir='ltr'>διαῤῥήεας</span> <span class='ocrx_word' id='word_1_323' title='bbox 314 2321 346 2348; x_wconf 85' lang='grc' dir='ltr'><strong>τὸ</strong></span> <span class='ocrx_word' id='word_1_324' title='bbox 370 2322 427 2349; x_wconf 81' lang='grc' dir='ltr'>καθ’</span> <span class='ocrx_word' id='word_1_325' title='bbox 451 2322 531 2358; x_wconf 79' lang='grc' dir='ltr'>ἡμῶν</span> <span class='ocrx_word' id='word_1_326' title='bbox 558 2321 738 2361; x_wconf 79' lang='grc' dir='ltr'>χειρόγραφον</span> <span class='ocrx_word' id='word_1_327' title='bbox 765 2321 809 2349; x_wconf 76' lang='grc' dir='ltr'><strong>ἐπὶ</strong></span> <span class='ocrx_word' id='word_1_328' title='bbox 832 2324 881 2349; x_wconf 87' lang='grc' dir='ltr'><strong>τοῦ</strong></span> <span class='ocrx_word' id='word_1_329' title='bbox 897 2332 974 2350; x_wconf 82' lang='grc' dir='ltr'>σταυ-</span> 
     </span>
    </p>
   </div>
   <div class='ocr_carea' id='block_1_47' title="bbox 144 2364 972 2405">
    <p class='ocr_par' dir='ltr' id='par_1_47' title="bbox 144 2364 972 2405">
     <span class='ocr_line' id='line_1_47' title="bbox 144 2364 972 2405; baseline 0.001 -12"><span class='ocrx_word' id='word_1_330' title='bbox 144 2368 210 2404; x_wconf 75' lang='grc' dir='ltr'>ροῦ.</span> <span class='ocrx_word' id='word_1_331' title='bbox 227 2365 261 2393; x_wconf 85' lang='grc' dir='ltr'>Τί</span> <span class='ocrx_word' id='word_1_332' title='bbox 277 2364 306 2393; x_wconf 71' lang='grc' dir='ltr'><strong>δὲ</strong></span> <span class='ocrx_word' id='word_1_333' title='bbox 320 2367 353 2401; x_wconf 73' lang='grc' dir='ltr'>ἦν</span> <span class='ocrx_word' id='word_1_334' title='bbox 374 2366 405 2393; x_wconf 79' lang='grc' dir='ltr'>τὸ</span> <span class='ocrx_word' id='word_1_335' title='bbox 429 2366 623 2405; x_wconf 82' lang='grc' dir='ltr'>χειρόγραφον,</span> <span class='ocrx_word' id='word_1_336' title='bbox 639 2364 763 2393; x_wconf 79' lang='grc' dir='ltr'>ἄκουσον·</span> <span class='ocrx_word' id='word_1_337' title='bbox 781 2367 846 2395; x_wconf 85' lang='grc' dir='ltr'>’Ότε</span> <span class='ocrx_word' id='word_1_338' title='bbox 866 2364 972 2404; x_wconf 74' lang='grc' dir='ltr'>παρέϐη</span> 
     </span>
    </p>
   </div>
   <div class='ocr_carea' id='block_1_48' title="bbox 141 2408 974 2447">
    <p class='ocr_par' dir='ltr' id='par_1_48' title="bbox 141 2408 974 2447">
     <span class='ocr_line' id='line_1_48' title="bbox 141 2408 974 2447; baseline 0.001 -10"><span class='ocrx_word' id='word_1_339' title='bbox 141 2411 198 2445; x_wconf 75' lang='grc' dir='ltr'><strong>τήν</strong></span> <span class='ocrx_word' id='word_1_340' title='bbox 213 2409 328 2444; x_wconf 81' lang='grc' dir='ltr'>ἐντολήν</span> <span class='ocrx_word' id='word_1_341' title='bbox 344 2410 358 2437; x_wconf 84' lang='grc' dir='ltr'><strong>ὁ</strong></span> <span class='ocrx_word' id='word_1_342' title='bbox 373 2408 473 2447; x_wconf 72' lang='grc' dir='ltr'>Ἀδὰμ,</span> <span class='ocrx_word' id='word_1_343' title='bbox 488 2410 532 2437; x_wconf 86' lang='grc' dir='ltr'><strong>καὶ</strong></span> <span class='ocrx_word' id='word_1_344' title='bbox 561 2408 656 2438; x_wconf 78' lang='grc' dir='ltr'>ἔλαϐεν</span> <span class='ocrx_word' id='word_1_345' title='bbox 678 2410 732 2438; x_wconf 80' lang='grc' dir='ltr'><strong>ἀπὸ</strong></span> <span class='ocrx_word' id='word_1_346' title='bbox 751 2412 799 2438; x_wconf 90' lang='grc' dir='ltr'><strong>τοῦ</strong></span> <span class='ocrx_word' id='word_1_347' title='bbox 824 2410 905 2446; x_wconf 79' lang='grc' dir='ltr'>ξύλου</span> <span class='ocrx_word' id='word_1_348' title='bbox 929 2409 974 2438; x_wconf 63' lang='grc' dir='ltr'><strong>δια</strong></span> 
     </span>
    </p>
   </div>
   <div class='ocr_carea' id='block_1_49' title="bbox 140 2452 971 2494">
    <p class='ocr_par' dir='ltr' id='par_1_49' title="bbox 140 2452 971 2494">
     <span class='ocr_line' id='line_1_49' title="bbox 140 2452 971 2494; baseline -0.001 -11"><span class='ocrx_word' id='word_1_349' title='bbox 140 2459 198 2489; x_wconf 79' lang='grc' dir='ltr'>τῆς</span> <span class='ocrx_word' id='word_1_350' title='bbox 219 2454 314 2492; x_wconf 78' lang='grc' dir='ltr'>χειρὸς</span> <span class='ocrx_word' id='word_1_351' title='bbox 335 2454 429 2490; x_wconf 83' lang='grc' dir='ltr'>αὐτοῦ,</span> <span class='ocrx_word' id='word_1_352' title='bbox 444 2454 488 2481; x_wconf 86' lang='grc' dir='ltr'><strong>καὶ</strong></span> <span class='ocrx_word' id='word_1_353' title='bbox 514 2452 622 2493; x_wconf 77' lang='grc' dir='ltr'>ἔφαγεν,</span> <span class='ocrx_word' id='word_1_354' title='bbox 638 2454 740 2494; x_wconf 75' lang='grc' dir='ltr'>ἐγράφη</span> <span class='ocrx_word' id='word_1_355' title='bbox 768 2455 841 2493; x_wconf 81' lang='grc' dir='ltr'>χειρί</span> <span class='ocrx_word' id='word_1_356' title='bbox 857 2455 939 2482; x_wconf 79' lang='grc' dir='ltr'>αὐτοῦ</span> <span class='ocrx_word' id='word_1_357' title='bbox 954 2456 971 2491; x_wconf 85' lang='grc' dir='ltr'>ἠ</span> 
     </span>
    </p>
   </div>
   <div class='ocr_carea' id='block_1_50' title="bbox 141 2496 971 2538">
    <p class='ocr_par' dir='ltr' id='par_1_50' title="bbox 141 2496 971 2538">
     <span class='ocr_line' id='line_1_50' title="bbox 141 2496 971 2538; baseline 0.001 -12"><span class='ocrx_word' id='word_1_358' title='bbox 141 2499 276 2537; x_wconf 71' lang='grc' dir='ltr'>ἁμαρτία,</span> <span class='ocrx_word' id='word_1_359' title='bbox 292 2499 336 2526; x_wconf 80' lang='grc' dir='ltr'><strong>καὶ</strong></span> <span class='ocrx_word' id='word_1_360' title='bbox 351 2501 477 2537; x_wconf 82' lang='grc' dir='ltr'>κατεῖχεν</span> <span class='ocrx_word' id='word_1_361' title='bbox 491 2499 556 2527; x_wconf 82' lang='grc' dir='ltr'><strong>αὖτὸ</strong></span> <span class='ocrx_word' id='word_1_362' title='bbox 579 2498 610 2527; x_wconf 74' lang='grc' dir='ltr'>τὰ</span> <span class='ocrx_word' id='word_1_363' title='bbox 635 2497 767 2538; x_wconf 76' lang='grc' dir='ltr'>ἔγγραφον</span> <span class='ocrx_word' id='word_1_364' title='bbox 794 2500 807 2526; x_wconf 90' lang='grc' dir='ltr'>ὁ</span> <span class='ocrx_word' id='word_1_365' title='bbox 831 2496 971 2531; x_wconf 73' lang='grc' dir='ltr'>διάϐολος.</span> 
     </span>
    </p>
   </div>
   <div class='ocr_carea' id='block_1_51' title="bbox 137 2542 970 2582">
    <p class='ocr_par' dir='ltr' id='par_1_51' title="bbox 137 2542 970 2582">
     <span class='ocr_line' id='line_1_51' title="bbox 137 2542 970 2582; baseline 0 -11"><span class='ocrx_word' id='word_1_366' title='bbox 137 2546 211 2573; x_wconf 65' lang='lat' dir='ltr'><strong>&quot;Oc:</strong></span> <span class='ocrx_word' id='word_1_367' title='bbox 226 2542 256 2571; x_wconf 78' lang='grc' dir='ltr'><strong>δὲ</strong></span> <span class='ocrx_word' id='word_1_368' title='bbox 269 2543 351 2578; x_wconf 74' lang='grc' dir='ltr'>ἦλθεν</span> <span class='ocrx_word' id='word_1_369' title='bbox 369 2544 413 2570; x_wconf 64' lang='grc' dir='ltr'><strong>ἐπὶ</strong></span> <span class='ocrx_word' id='word_1_370' title='bbox 428 2545 476 2571; x_wconf 87' lang='grc' dir='ltr'><strong>τοῦ</strong></span> <span class='ocrx_word' id='word_1_371' title='bbox 492 2543 574 2579; x_wconf 85' lang='grc' dir='ltr'>ξύλου</span> <span class='ocrx_word' id='word_1_372' title='bbox 598 2544 612 2571; x_wconf 87' lang='grc' dir='ltr'><strong>ὁ</strong></span> <span class='ocrx_word' id='word_1_373' title='bbox 636 2544 762 2582; x_wconf 76' lang='grc' dir='ltr'>Χριστὸς,</span> <span class='ocrx_word' id='word_1_374' title='bbox 777 2543 914 2572; x_wconf 71' lang='grc' dir='ltr'>τουτέστιν</span> <span class='ocrx_word' id='word_1_375' title='bbox 945 2544 970 2572; x_wconf 76' lang='grc' dir='ltr'>ἐν</span> 
     </span>
    </p>
   </div>
   <div class='ocr_carea' id='block_1_52' title="bbox 136 2588 972 2627">
    <p class='ocr_par' dir='ltr' id='par_1_52' title="bbox 136 2588 972 2627">
     <span class='ocr_line' id='line_1_52' title="bbox 136 2588 972 2627; baseline 0.001 -12"><span class='ocrx_word' id='word_1_376' title='bbox 136 2590 184 2625; x_wconf 73' lang='grc' dir='ltr'><strong>τῷ</strong></span> <span class='ocrx_word' id='word_1_377' title='bbox 198 2590 315 2626; x_wconf 80' lang='grc' dir='ltr'>σταυρῷ,</span> <span class='ocrx_word' id='word_1_378' title='bbox 330 2588 375 2615; x_wconf 75' lang='grc' dir='ltr'>καὶ</span> <span class='ocrx_word' id='word_1_379' title='bbox 391 2588 496 2626; x_wconf 73' lang='grc' dir='ltr'>ἐτρώθη</span> <span class='ocrx_word' id='word_1_380' title='bbox 511 2591 570 2619; x_wconf 84' lang='grc' dir='ltr'>τοῖς</span> <span class='ocrx_word' id='word_1_381' title='bbox 600 2588 682 2623; x_wconf 72' lang='grc' dir='ltr'>ἥλοις</span> <span class='ocrx_word' id='word_1_382' title='bbox 710 2589 758 2619; x_wconf 80' lang='grc' dir='ltr'><strong>τὰς</strong></span> <span class='ocrx_word' id='word_1_383' title='bbox 788 2591 894 2627; x_wconf 87' lang='grc' dir='ltr'>χεῖρας,</span> <span class='ocrx_word' id='word_1_384' title='bbox 909 2589 972 2616; x_wconf 79' lang='grc' dir='ltr'>τότε</span> 
     </span>
    </p>
   </div>
   <div class='ocr_carea' id='block_1_53' title="bbox 138 2632 970 2671">
    <p class='ocr_par' dir='ltr' id='par_1_53' title="bbox 138 2632 970 2671">
     <span class='ocr_line' id='line_1_53' title="bbox 138 2632 970 2671; baseline -0.001 -9"><span class='ocrx_word' id='word_1_385' title='bbox 138 2632 323 2671; x_wconf 66' lang='grc' dir='ltr'>προσήλωσεν</span> <span class='ocrx_word' id='word_1_386' title='bbox 350 2632 414 2660; x_wconf 76' lang='grc' dir='ltr'>αὐτὸ</span> <span class='ocrx_word' id='word_1_387' title='bbox 438 2632 465 2660; x_wconf 77' lang='grc' dir='ltr'>ἐν</span> <span class='ocrx_word' id='word_1_388' title='bbox 488 2634 528 2668; x_wconf 86' lang='grc' dir='ltr'>τῷ</span> <span class='ocrx_word' id='word_1_389' title='bbox 553 2635 660 2671; x_wconf 86' lang='grc' dir='ltr'>σταυρῷ</span> <span class='ocrx_word' id='word_1_390' title='bbox 685 2633 729 2660; x_wconf 83' lang='grc' dir='ltr'><strong>καὶ</strong></span> <span class='ocrx_word' id='word_1_391' title='bbox 745 2633 896 2670; x_wconf 66' lang='grc' dir='ltr'>ἐξήλειψεν.</span> <span class='ocrx_word' id='word_1_392' title='bbox 914 2633 970 2662; x_wconf 80' lang='grc' dir='ltr'><strong>Αύ-</strong></span> 
     </span>
    </p>
   </div>
   <div class='ocr_carea' id='block_1_54' title="bbox 137 2675 971 2717">
    <p class='ocr_par' dir='ltr' id='par_1_54' title="bbox 137 2675 971 2717">
     <span class='ocr_line' id='line_1_54' title="bbox 137 2675 971 2717; baseline -0.001 -10"><span class='ocrx_word' id='word_1_393' title='bbox 137 2680 191 2710; x_wconf 81' lang='grc' dir='ltr'>τὸς</span> <span class='ocrx_word' id='word_1_394' title='bbox 218 2678 270 2716; x_wconf 70' lang='grc' dir='ltr'><strong>γὰρ</strong></span> <span class='ocrx_word' id='word_1_395' title='bbox 294 2678 308 2704; x_wconf 85' lang='grc' dir='ltr'><strong>ὁ</strong></span> <span class='ocrx_word' id='word_1_396' title='bbox 335 2675 493 2708; x_wconf 70' lang='grc' dir='ltr'>διάϐολοςὸ</span> <span class='ocrx_word' id='word_1_397' title='bbox 514 2680 619 2715; x_wconf 77' lang='grc' dir='ltr'>κρατῶν</span> <span class='ocrx_word' id='word_1_398' title='bbox 648 2678 679 2706; x_wconf 80' lang='grc' dir='ltr'><strong>τὸ</strong></span> <span class='ocrx_word' id='word_1_399' title='bbox 708 2678 891 2717; x_wconf 75' lang='grc' dir='ltr'>χειρόγραφον</span> <span class='ocrx_word' id='word_1_400' title='bbox 920 2681 971 2713; x_wconf 82' lang='grc' dir='ltr'><strong>τῆς</strong></span> 
     </span>
    </p>
   </div>
   <div class='ocr_carea' id='block_1_55' title="bbox 640 155 1366 198">
    <p class='ocr_par' dir='ltr' id='par_1_55' title="bbox 640 155 1366 198">
     <span class='ocr_line' id='line_1_55' title="bbox 640 155 1366 198; baseline -0.015 -2"><span class='ocrx_word' id='word_1_401' title='bbox 640 169 643 170; x_wconf 66' lang='grc'><strong><em>⁷</em></strong></span> <span class='ocrx_word' id='word_1_402' title='bbox 661 161 920 198; x_wconf 71' lang='grc' dir='ltr'><strong>ΟυΑΞδΤΙΟΝΕΞ</strong></span> <span class='ocrx_word' id='word_1_403' title='bbox 942 161 981 191; x_wconf 82' lang='grc' dir='ltr'><strong>ΙΝ</strong></span> <span class='ocrx_word' id='word_1_404' title='bbox 1004 156 1219 190; x_wconf 81' lang='lat' dir='ltr'><strong>EPISTOLAS</strong></span> <span class='ocrx_word' id='word_1_405' title='bbox 1240 155 1366 187; x_wconf 86' lang='lat' dir='ltr'><strong>PAULI.</strong></span> 
     </span>
    </p>
   </div>
   <div class='ocr_carea' id='block_1_56' title="bbox 1000 218 1706 260">
    <p class='ocr_par' dir='ltr' id='par_1_56' title="bbox 1000 218 1706 260">
     <span class='ocr_line' id='line_1_56' title="bbox 1000 218 1706 260; baseline -0.011 -8"><span class='ocrx_word' id='word_1_406' title='bbox 1000 227 1026 260; x_wconf 76' lang='grc' dir='ltr'><strong>Α</strong></span> <span class='ocrx_word' id='word_1_407' title='bbox 1076 225 1189 258; x_wconf 70' lang='grc' dir='ltr'>ρυιιεδτ.</span> <span class='ocrx_word' id='word_1_408' title='bbox 1207 223 1259 250; x_wconf 85' lang='lat' dir='ltr'><strong>CV.</strong></span> <span class='ocrx_word' id='word_1_409' title='bbox 1277 234 1290 246; x_wconf 83' lang='lat'>«</span> <span class='ocrx_word' id='word_1_410' title='bbox 1308 222 1364 249; x_wconf 87' lang='lat' dir='ltr'><strong>Ter</strong></span> <span class='ocrx_word' id='word_1_411' title='bbox 1378 219 1562 255; x_wconf 78' lang='lat' dir='ltr'><strong>naufragium</strong></span> <span class='ocrx_word' id='word_1_412' title='bbox 1582 218 1634 246; x_wconf 82' lang='lat' dir='ltr'><strong>feci</strong></span> <span class='ocrx_word' id='word_1_413' title='bbox 1644 219 1675 245; x_wconf 70' lang='grc' dir='ltr'><strong>πί.</strong></span> <span class='ocrx_word' id='word_1_414' title='bbox 1692 228 1706 242; x_wconf 83' lang='lat'><strong>»</strong></span> 
     </span>
    </p>
   </div>
   <div class='ocr_carea' id='block_1_57' title="bbox 995 1596 1016 1630">
    <p class='ocr_par' dir='ltr' id='par_1_57' title="bbox 995 1596 1016 1630">
     <span class='ocr_line' id='line_1_57' title="bbox 995 1596 1016 1630; baseline 0 0"><span class='ocrx_word' id='word_1_415' title='bbox 995 1596 1016 1630; x_wconf 88' lang='lat' dir='ltr'>C</span> 
     </span>
    </p>
   </div>
   <div class='ocr_carea' id='block_1_58' title="bbox 1806 151 1865 183">
    <p class='ocr_par' dir='ltr' id='par_1_58' title="bbox 1806 151 1865 183">
     <span class='ocr_line' id='line_1_58' title="bbox 1806 151 1865 183; baseline -0.051 0"><span class='ocrx_word' id='word_1_416' title='bbox 1806 151 1865 183; x_wconf 79' lang='grc'><strong>762</strong></span> 
     </span>
    </p>
   </div>
   <div class='ocr_carea' id='block_1_59' title="bbox 1075 263 1864 303">
    <p class='ocr_par' dir='ltr' id='par_1_59' title="bbox 1075 263 1864 303">
     <span class='ocr_line' id='line_1_59' title="bbox 1075 263 1864 303; baseline -0.008 -7"><span class='ocrx_word' id='word_1_417' title='bbox 1075 269 1160 296; x_wconf 75' lang='lat' dir='ltr'><strong>Rssr.</strong></span> <span class='ocrx_word' id='word_1_418' title='bbox 1177 267 1295 303; x_wconf 84' lang='lat' dir='ltr'><strong>Mystice</strong></span> <span class='ocrx_word' id='word_1_419' title='bbox 1311 267 1436 293; x_wconf 87' lang='lat' dir='ltr'><strong>innuens</strong></span> <span class='ocrx_word' id='word_1_420' title='bbox 1461 264 1514 292; x_wconf 84' lang='lat' dir='ltr'><strong>hoc</strong></span> <span class='ocrx_word' id='word_1_421' title='bbox 1540 263 1619 295; x_wconf 82' lang='lat' dir='ltr'><strong>dicit,</strong></span> <span class='ocrx_word' id='word_1_422' title='bbox 1637 263 1713 298; x_wconf 88' lang='lat' dir='ltr'><strong>quod</strong></span> <span class='ocrx_word' id='word_1_423' title='bbox 1735 264 1778 289; x_wconf 87' lang='lat' dir='ltr'><strong>ter</strong></span> <span class='ocrx_word' id='word_1_424' title='bbox 1792 270 1864 290; x_wconf 81' lang='lat' dir='ltr'><strong>nau-</strong></span> 
     </span>
    </p>
   </div>
   <div class='ocr_carea' id='block_1_60' title="bbox 1040 307 1866 349">
    <p class='ocr_par' dir='ltr' id='par_1_60' title="bbox 1040 307 1866 349">
     <span class='ocr_line' id='line_1_60' title="bbox 1040 307 1866 349; baseline -0.01 -8"><span class='ocrx_word' id='word_1_425' title='bbox 1040 313 1164 349; x_wconf 77' lang='lat' dir='ltr'><strong>fragium</strong></span> <span class='ocrx_word' id='word_1_426' title='bbox 1192 320 1278 348; x_wconf 81' lang='lat' dir='ltr'><strong>passa</strong></span> <span class='ocrx_word' id='word_1_427' title='bbox 1301 311 1339 339; x_wconf 87' lang='lat' dir='ltr'><strong>sit</strong></span> <span class='ocrx_word' id='word_1_428' title='bbox 1363 310 1493 338; x_wconf 82' lang='lat' dir='ltr'><strong>humana</strong></span> <span class='ocrx_word' id='word_1_429' title='bbox 1518 312 1630 336; x_wconf 87' lang='lat' dir='ltr'><strong>natura.</strong></span> <span class='ocrx_word' id='word_1_430' title='bbox 1659 307 1798 340; x_wconf 84' lang='lat' dir='ltr'><strong>Primum,</strong></span> <span class='ocrx_word' id='word_1_431' title='bbox 1817 315 1866 343; x_wconf 85' lang='lat' dir='ltr'><strong>per</strong></span> 
     </span>
    </p>
   </div>
   <div class='ocr_carea' id='block_1_61' title="bbox 1039 351 1866 393">
    <p class='ocr_par' dir='ltr' id='par_1_61' title="bbox 1039 351 1866 393">
     <span class='ocr_line' id='line_1_61' title="bbox 1039 351 1866 393; baseline -0.011 -7"><span class='ocrx_word' id='word_1_432' title='bbox 1039 357 1316 393; x_wconf 76' lang='lat' dir='ltr'><strong>transgressionem.</strong></span> <span class='ocrx_word' id='word_1_433' title='bbox 1341 355 1482 387; x_wconf 87' lang='lat' dir='ltr'><strong>Secundo,</strong></span> <span class='ocrx_word' id='word_1_434' title='bbox 1500 354 1529 380; x_wconf 91' lang='lat' dir='ltr'><strong>in</strong></span> <span class='ocrx_word' id='word_1_435' title='bbox 1554 353 1662 380; x_wconf 88' lang='lat' dir='ltr'><strong>diluvio</strong></span> <span class='ocrx_word' id='word_1_436' title='bbox 1684 351 1866 387; x_wconf 85' lang='lat' dir='ltr'><strong>temporibus</strong></span> 
     </span>
    </p>
   </div>
   <div class='ocr_carea' id='block_1_62' title="bbox 1041 395 1865 436">
    <p class='ocr_par' dir='ltr' id='par_1_62' title="bbox 1041 395 1865 436">
     <span class='ocr_line' id='line_1_62' title="bbox 1041 395 1865 436; baseline -0.01 -6"><span class='ocrx_word' id='word_1_437' title='bbox 1041 403 1110 431; x_wconf 82' lang='lat' dir='ltr'><strong>Noe.</strong></span> <span class='ocrx_word' id='word_1_438' title='bbox 1129 402 1237 433; x_wconf 82' lang='lat' dir='ltr'><strong>Tertio,</strong></span> <span class='ocrx_word' id='word_1_439' title='bbox 1254 403 1320 436; x_wconf 88' lang='lat' dir='ltr'><strong>post</strong></span> <span class='ocrx_word' id='word_1_440' title='bbox 1334 402 1480 435; x_wconf 77' lang='lat' dir='ltr'><strong>acceptum</strong></span> <span class='ocrx_word' id='word_1_441' title='bbox 1497 398 1600 433; x_wconf 72' lang='lat' dir='ltr'><strong>legem,</strong></span> <span class='ocrx_word' id='word_1_442' title='bbox 1618 405 1682 424; x_wconf 86' lang='lat' dir='ltr'><strong>cum</strong></span> <span class='ocrx_word' id='word_1_443' title='bbox 1700 396 1728 423; x_wconf 92' lang='lat' dir='ltr'><strong>in</strong></span> <span class='ocrx_word' id='word_1_444' title='bbox 1747 395 1865 423; x_wconf 82' lang='lat' dir='ltr'><strong>idolola-</strong></span> 
     </span>
    </p>
   </div>
   <div class='ocr_carea' id='block_1_63' title="bbox 1040 440 1864 481">
    <p class='ocr_par' dir='ltr' id='par_1_63' title="bbox 1040 440 1864 481">
     <span class='ocr_line' id='line_1_63' title="bbox 1040 440 1864 481; baseline -0.008 -7"><span class='ocrx_word' id='word_1_445' title='bbox 1040 447 1126 474; x_wconf 85' lang='lat' dir='ltr'><strong>triam</strong></span> <span class='ocrx_word' id='word_1_446' title='bbox 1143 446 1294 473; x_wconf 80' lang='lat' dir='ltr'><strong>incidisset</strong></span> <span class='ocrx_word' id='word_1_447' title='bbox 1305 444 1441 481; x_wconf 88' lang='lat' dir='ltr'><strong>populus,</strong></span> <span class='ocrx_word' id='word_1_448' title='bbox 1455 450 1548 477; x_wconf 85' lang='lat' dir='ltr'><strong>usque</strong></span> <span class='ocrx_word' id='word_1_449' title='bbox 1560 442 1629 469; x_wconf 88' lang='lat' dir='ltr'><strong>dum</strong></span> <span class='ocrx_word' id='word_1_450' title='bbox 1641 442 1721 469; x_wconf 88' lang='lat' dir='ltr'><strong>venit</strong></span> <span class='ocrx_word' id='word_1_451' title='bbox 1732 440 1864 468; x_wconf 83' lang='lat' dir='ltr'><strong>Christus</strong></span> 
     </span>
    </p>
   </div>
   <div class='ocr_carea' id='block_1_64' title="bbox 1040 485 1864 529">
    <p class='ocr_par' dir='ltr' id='par_1_64' title="bbox 1040 485 1864 529">
     <span class='ocr_line' id='line_1_64' title="bbox 1040 485 1864 529; baseline -0.01 -10"><span class='ocrx_word' id='word_1_452' title='bbox 1040 492 1216 529; x_wconf 76' lang='lat' dir='ltr'><strong>gubernator</strong></span> <span class='ocrx_word' id='word_1_453' title='bbox 1239 490 1416 522; x_wconf 84' lang='lat' dir='ltr'><strong>animarum,</strong></span> <span class='ocrx_word' id='word_1_454' title='bbox 1441 488 1489 523; x_wconf 89' lang='lat' dir='ltr'><strong>qui</strong></span> <span class='ocrx_word' id='word_1_455' title='bbox 1516 487 1592 515; x_wconf 74' lang='lat'><strong>276</strong></span> <span class='ocrx_word' id='word_1_456' title='bbox 1617 486 1705 514; x_wconf 79' lang='lat' dir='ltr'><strong>erexit</strong></span> <span class='ocrx_word' id='word_1_457' title='bbox 1729 485 1864 513; x_wconf 84' lang='lat' dir='ltr'><strong>vexillum</strong></span> 
     </span>
    </p>
   </div>
   <div class='ocr_carea' id='block_1_65' title="bbox 1040 529 1864 573">
    <p class='ocr_par' dir='ltr' id='par_1_65' title="bbox 1040 529 1864 573">
     <span class='ocr_line' id='line_1_65' title="bbox 1040 529 1864 573; baseline -0.01 -8"><span class='ocrx_word' id='word_1_458' title='bbox 1040 537 1147 573; x_wconf 84' lang='lat' dir='ltr'><strong>crucis,</strong></span> <span class='ocrx_word' id='word_1_459' title='bbox 1158 539 1187 564; x_wconf 87' lang='lat' dir='ltr'><strong>et</strong></span> <span class='ocrx_word' id='word_1_460' title='bbox 1200 534 1390 571; x_wconf 80' lang='lat' dir='ltr'><strong>tranquillam</strong></span> <span class='ocrx_word' id='word_1_461' title='bbox 1407 533 1491 560; x_wconf 86' lang='lat' dir='ltr'><strong>nobis</strong></span> <span class='ocrx_word' id='word_1_462' title='bbox 1503 531 1716 566; x_wconf 77' lang='lat' dir='ltr'><strong>navigationem</strong></span> <span class='ocrx_word' id='word_1_463' title='bbox 1727 531 1762 558; x_wconf 82' lang='lat' dir='ltr'><strong>ad</strong></span> <span class='ocrx_word' id='word_1_464' title='bbox 1776 529 1864 558; x_wconf 74' lang='lat' dir='ltr'><strong>caelos</strong></span> 
     </span>
    </p>
   </div>
   <div class='ocr_carea' id='block_1_66' title="bbox 1041 582 1160 618">
    <p class='ocr_par' dir='ltr' id='par_1_66' title="bbox 1041 582 1160 618">
     <span class='ocr_line' id='line_1_66' title="bbox 1041 582 1160 618; baseline -0.017 -8"><span class='ocrx_word' id='word_1_465' title='bbox 1041 582 1160 618; x_wconf 85' lang='lat' dir='ltr'><strong>paravit.</strong></span> 
     </span>
    </p>
   </div>
   <div class='ocr_carea' id='block_1_67' title="bbox 1075 618 1863 657">
    <p class='ocr_par' dir='ltr' id='par_1_67' title="bbox 1075 618 1863 657">
     <span class='ocr_line' id='line_1_67' title="bbox 1075 618 1863 657; baseline -0.01 -3"><span class='ocrx_word' id='word_1_466' title='bbox 1075 627 1188 657; x_wconf 63' lang='lat' dir='ltr'><strong>Qums&#39;r.</strong></span> <span class='ocrx_word' id='word_1_467' title='bbox 1205 624 1273 653; x_wconf 86' lang='lat' dir='ltr'><strong>CVI.</strong></span> <span class='ocrx_word' id='word_1_468' title='bbox 1290 623 1362 656; x_wconf 87' lang='lat' dir='ltr'><strong>Quid</strong></span> <span class='ocrx_word' id='word_1_469' title='bbox 1379 625 1423 651; x_wconf 85' lang='lat' dir='ltr'><strong>est</strong></span> <span class='ocrx_word' id='word_1_470' title='bbox 1440 630 1445 649; x_wconf 77' lang='grc' dir='ltr'>ε</span> <span class='ocrx_word' id='word_1_471' title='bbox 1467 633 1476 646; x_wconf 81' lang='grc' dir='ltr'><strong>ι</strong></span> <span class='ocrx_word' id='word_1_472' title='bbox 1493 623 1613 648; x_wconf 81' lang='lat' dir='ltr'><strong>Ncotem</strong></span> <span class='ocrx_word' id='word_1_473' title='bbox 1639 622 1726 654; x_wconf 83' lang='lat' dir='ltr'><strong>atque</strong></span> <span class='ocrx_word' id='word_1_474' title='bbox 1741 619 1817 647; x_wconf 85' lang='lat' dir='ltr'><strong>diem</strong></span> <span class='ocrx_word' id='word_1_475' title='bbox 1833 618 1863 647; x_wconf 90' lang='lat' dir='ltr'><strong>in</strong></span> 
     </span>
    </p>
   </div>
   <div class='ocr_carea' id='block_1_68' title="bbox 1041 669 1333 707">
    <p class='ocr_par' dir='ltr' id='par_1_68' title="bbox 1041 669 1333 707">
     <span class='ocr_line' id='line_1_68' title="bbox 1041 669 1333 707; baseline -0.01 -9"><span class='ocrx_word' id='word_1_476' title='bbox 1041 671 1185 707; x_wconf 86' lang='lat' dir='ltr'><strong>profundo</strong></span> <span class='ocrx_word' id='word_1_477' title='bbox 1200 670 1245 706; x_wconf 86' lang='lat' dir='ltr'><strong>egi</strong></span> <span class='ocrx_word' id='word_1_478' title='bbox 1256 670 1278 687; x_wconf 76' lang='grc' dir='ltr'><strong>τ’</strong></span> <span class='ocrx_word' id='word_1_479' title='bbox 1288 669 1302 696; x_wconf 83' lang='lat'><strong>?</strong></span> <span class='ocrx_word' id='word_1_480' title='bbox 1318 679 1333 693; x_wconf 83' lang='lat'><strong><em>»</em></strong></span> 
     </span>
    </p>
   </div>
   <div class='ocr_carea' id='block_1_69' title="bbox 1077 708 1865 742">
    <p class='ocr_par' dir='ltr' id='par_1_69' title="bbox 1077 708 1865 742">
     <span class='ocr_line' id='line_1_69' title="bbox 1077 708 1865 742; baseline -0.01 0"><span class='ocrx_word' id='word_1_481' title='bbox 1077 715 1163 742; x_wconf 76' lang='lat' dir='ltr'><strong>RESP.</strong></span> <span class='ocrx_word' id='word_1_482' title='bbox 1180 714 1298 741; x_wconf 82' lang='lat' dir='ltr'><strong>Noctem</strong></span> <span class='ocrx_word' id='word_1_483' title='bbox 1315 712 1387 740; x_wconf 85' lang='lat' dir='ltr'><strong>dicit</strong></span> <span class='ocrx_word' id='word_1_484' title='bbox 1410 711 1660 740; x_wconf 73' lang='lat' dir='ltr'><strong>conversationem</strong></span> <span class='ocrx_word' id='word_1_485' title='bbox 1685 709 1714 736; x_wconf 89' lang='lat' dir='ltr'><strong>in</strong></span> <span class='ocrx_word' id='word_1_486' title='bbox 1731 708 1865 736; x_wconf 87' lang='lat' dir='ltr'><strong>tenebro-</strong></span> 
     </span>
    </p>
   </div>
   <div class='ocr_carea' id='block_1_70' title="bbox 1042 754 1865 793">
    <p class='ocr_par' dir='ltr' id='par_1_70' title="bbox 1042 754 1865 793">
     <span class='ocr_line' id='line_1_70' title="bbox 1042 754 1865 793; baseline -0.01 -5"><span class='ocrx_word' id='word_1_487' title='bbox 1042 760 1083 788; x_wconf 87' lang='lat' dir='ltr'><strong>sis</strong></span> <span class='ocrx_word' id='word_1_488' title='bbox 1107 759 1272 793; x_wconf 86' lang='lat' dir='ltr'><strong>erroribus;</strong></span> <span class='ocrx_word' id='word_1_489' title='bbox 1303 758 1379 786; x_wconf 89' lang='lat' dir='ltr'><strong>diem</strong></span> <span class='ocrx_word' id='word_1_490' title='bbox 1402 765 1478 790; x_wconf 80' lang='lat' dir='ltr'><strong>vero,</strong></span> <span class='ocrx_word' id='word_1_491' title='bbox 1504 756 1592 783; x_wconf 78' lang='lat' dir='ltr'><strong>vitam</strong></span> <span class='ocrx_word' id='word_1_492' title='bbox 1619 757 1685 790; x_wconf 87' lang='lat' dir='ltr'><strong>post</strong></span> <span class='ocrx_word' id='word_1_493' title='bbox 1709 754 1865 782; x_wconf 81' lang='lat' dir='ltr'><strong>adventum</strong></span> 
     </span>
    </p>
   </div>
   <div class='ocr_carea' id='block_1_71' title="bbox 1042 799 1699 835">
    <p class='ocr_par' dir='ltr' id='par_1_71' title="bbox 1042 799 1699 835">
     <span class='ocr_line' id='line_1_71' title="bbox 1042 799 1699 835; baseline -0.009 -2"><span class='ocrx_word' id='word_1_494' title='bbox 1042 804 1147 833; x_wconf 85' lang='lat' dir='ltr'><strong>Christi</strong></span> <span class='ocrx_word' id='word_1_495' title='bbox 1163 806 1340 832; x_wconf 76' lang='lat' dir='ltr'><strong>transactam</strong></span> <span class='ocrx_word' id='word_1_496' title='bbox 1357 802 1387 830; x_wconf 90' lang='lat' dir='ltr'><strong>in</strong></span> <span class='ocrx_word' id='word_1_497' title='bbox 1403 802 1533 831; x_wconf 82' lang='lat' dir='ltr'><strong>claritate</strong></span> <span class='ocrx_word' id='word_1_498' title='bbox 1548 799 1699 835; x_wconf 80' lang='lat' dir='ltr'><strong>baptismi.</strong></span> 
     </span>
    </p>
   </div>
   <div class='ocr_carea' id='block_1_72' title="bbox 1077 887 1866 927">
    <p class='ocr_par' dir='ltr' id='par_1_72' title="bbox 1077 887 1866 927">
     <span class='ocr_line' id='line_1_72' title="bbox 1077 887 1866 927; baseline -0.009 -6"><span class='ocrx_word' id='word_1_499' title='bbox 1077 894 1155 921; x_wconf 81' lang='lat' dir='ltr'><strong>ALIA.</strong></span> <span class='ocrx_word' id='word_1_500' title='bbox 1187 893 1292 921; x_wconf 88' lang='lat' dir='ltr'><strong>Dicunt</strong></span> <span class='ocrx_word' id='word_1_501' title='bbox 1321 894 1418 920; x_wconf 85' lang='lat' dir='ltr'><strong>autem</strong></span> <span class='ocrx_word' id='word_1_502' title='bbox 1447 891 1578 927; x_wconf 82' lang='lat' dir='ltr'><strong>quidam,</strong></span> <span class='ocrx_word' id='word_1_503' title='bbox 1606 889 1681 924; x_wconf 88' lang='lat' dir='ltr'><strong>quod</strong></span> <span class='ocrx_word' id='word_1_504' title='bbox 1712 888 1740 915; x_wconf 87' lang='lat' dir='ltr'><strong>in</strong></span> <span class='ocrx_word' id='word_1_505' title='bbox 1770 887 1866 915; x_wconf 92' lang='lat' dir='ltr'><strong>medio</strong></span> 
     </span>
    </p>
   </div>
   <div class='ocr_carea' id='block_1_73' title="bbox 1044 932 1864 975">
    <p class='ocr_par' dir='ltr' id='par_1_73' title="bbox 1044 932 1864 975">
     <span class='ocr_line' id='line_1_73' title="bbox 1044 932 1864 975; baseline -0.009 -9"><span class='ocrx_word' id='word_1_506' title='bbox 1044 938 1137 975; x_wconf 78' lang='lat' dir='ltr'><strong>pelagi</strong></span> <span class='ocrx_word' id='word_1_507' title='bbox 1161 938 1340 974; x_wconf 77' lang='lat' dir='ltr'><strong>navigaverit</strong></span> <span class='ocrx_word' id='word_1_508' title='bbox 1356 946 1362 964; x_wconf 89' lang='lat'><strong>:</strong></span> <span class='ocrx_word' id='word_1_509' title='bbox 1379 936 1438 970; x_wconf 83' lang='lat' dir='ltr'><strong>alii,</strong></span> <span class='ocrx_word' id='word_1_510' title='bbox 1460 936 1535 971; x_wconf 82' lang='lat' dir='ltr'><strong>quod</strong></span> <span class='ocrx_word' id='word_1_511' title='bbox 1559 933 1699 961; x_wconf 84' lang='lat' dir='ltr'><strong>nataverit</strong></span> <span class='ocrx_word' id='word_1_512' title='bbox 1723 934 1751 960; x_wconf 89' lang='lat' dir='ltr'><strong>et</strong></span> <span class='ocrx_word' id='word_1_513' title='bbox 1766 932 1864 960; x_wconf 81' lang='lat' dir='ltr'><strong>urina-</strong></span> 
     </span>
    </p>
   </div>
   <div class='ocr_carea' id='block_1_74' title="bbox 1041 977 1865 1018">
    <p class='ocr_par' dir='ltr' id='par_1_74' title="bbox 1041 977 1865 1018">
     <span class='ocr_line' id='line_1_74' title="bbox 1041 977 1865 1018; baseline -0.007 -8"><span class='ocrx_word' id='word_1_514' title='bbox 1041 984 1123 1017; x_wconf 86' lang='lat' dir='ltr'><strong>verit,</strong></span> <span class='ocrx_word' id='word_1_515' title='bbox 1157 983 1204 1010; x_wconf 91' lang='lat' dir='ltr'><strong>ubi</strong></span> <span class='ocrx_word' id='word_1_516' title='bbox 1234 990 1328 1018; x_wconf 89' lang='lat' dir='ltr'><strong>neque</strong></span> <span class='ocrx_word' id='word_1_517' title='bbox 1354 984 1473 1014; x_wconf 81' lang='lat' dir='ltr'><strong>terram,</strong></span> <span class='ocrx_word' id='word_1_518' title='bbox 1504 987 1596 1014; x_wconf 85' lang='lat' dir='ltr'><strong>neque</strong></span> <span class='ocrx_word' id='word_1_519' title='bbox 1627 980 1740 1005; x_wconf 86' lang='lat' dir='ltr'><strong>montes</strong></span> <span class='ocrx_word' id='word_1_520' title='bbox 1769 977 1865 1004; x_wconf 81' lang='lat' dir='ltr'><strong>videre</strong></span> 
     </span>
    </p>
   </div>
   <div class='ocr_carea' id='block_1_75' title="bbox 1041 1031 1112 1056">
    <p class='ocr_par' dir='ltr' id='par_1_75' title="bbox 1041 1031 1112 1056">
     <span class='ocr_line' id='line_1_75' title="bbox 1041 1031 1112 1056; baseline 0 0"><span class='ocrx_word' id='word_1_521' title='bbox 1041 1031 1112 1056; x_wconf 81' lang='lat' dir='ltr'><strong>erat.</strong></span> 
     </span>
    </p>
   </div>
   <div class='ocr_carea' id='block_1_76' title="bbox 1077 1066 1864 1100">
    <p class='ocr_par' dir='ltr' id='par_1_76' title="bbox 1077 1066 1864 1100">
     <span class='ocr_line' id='line_1_76' title="bbox 1077 1066 1864 1100; baseline -0.009 0"><span class='ocrx_word' id='word_1_522' title='bbox 1077 1072 1244 1100; x_wconf 75' lang='lat' dir='ltr'><strong>Paorosmo</strong></span> <span class='ocrx_word' id='word_1_523' title='bbox 1259 1071 1340 1099; x_wconf 88' lang='lat' dir='ltr'><strong>CVII.</strong></span> <span class='ocrx_word' id='word_1_524' title='bbox 1357 1082 1369 1096; x_wconf 75' lang='grc' dir='ltr'>(ι</span> <span class='ocrx_word' id='word_1_525' title='bbox 1386 1072 1475 1098; x_wconf 80' lang='lat' dir='ltr'><strong>Datus</strong></span> <span class='ocrx_word' id='word_1_526' title='bbox 1491 1071 1535 1097; x_wconf 88' lang='lat' dir='ltr'><strong>est</strong></span> <span class='ocrx_word' id='word_1_527' title='bbox 1559 1068 1630 1095; x_wconf 88' lang='lat' dir='ltr'><strong>mihi</strong></span> <span class='ocrx_word' id='word_1_528' title='bbox 1646 1066 1785 1094; x_wconf 87' lang='lat' dir='ltr'><strong>stimulus</strong></span> <span class='ocrx_word' id='word_1_529' title='bbox 1801 1074 1864 1093; x_wconf 87' lang='lat' dir='ltr'><strong>car-</strong></span> 
     </span>
    </p>
   </div>
   <div class='ocr_carea' id='block_1_77' title="bbox 1040 1112 1754 1154">
    <p class='ocr_par' dir='ltr' id='par_1_77' title="bbox 1040 1112 1754 1154">
     <span class='ocr_line' id='line_1_77' title="bbox 1040 1112 1754 1154; baseline -0.01 -9"><span class='ocrx_word' id='word_1_530' title='bbox 1040 1118 1096 1152; x_wconf 86' lang='lat' dir='ltr'><strong>nis,</strong></span> <span class='ocrx_word' id='word_1_531' title='bbox 1113 1117 1235 1154; x_wconf 75' lang='lat' dir='ltr'><strong>angelus</strong></span> <span class='ocrx_word' id='word_1_532' title='bbox 1248 1118 1373 1149; x_wconf 62' lang='lat' dir='ltr'><strong>Satanae,</strong></span> <span class='ocrx_word' id='word_1_533' title='bbox 1389 1115 1438 1151; x_wconf 89' lang='lat' dir='ltr'><strong>qui</strong></span> <span class='ocrx_word' id='word_1_534' title='bbox 1454 1123 1500 1142; x_wconf 89' lang='lat' dir='ltr'><strong>me</strong></span> <span class='ocrx_word' id='word_1_535' title='bbox 1517 1113 1679 1149; x_wconf 82' lang='lat' dir='ltr'><strong>colaphizet</strong></span> <span class='ocrx_word' id='word_1_536' title='bbox 1690 1112 1723 1139; x_wconf 63' lang='grc' dir='ltr'><strong>η.</strong></span> <span class='ocrx_word' id='word_1_537' title='bbox 1741 1123 1754 1136; x_wconf 79' lang='lat' dir='ltr'><strong>n</strong></span> 
     </span>
    </p>
   </div>
   <div class='ocr_carea' id='block_1_78' title="bbox 1075 1156 1862 1191">
    <p class='ocr_par' dir='ltr' id='par_1_78' title="bbox 1075 1156 1862 1191">
     <span class='ocr_line' id='line_1_78' title="bbox 1075 1156 1862 1191; baseline -0.01 -1"><span class='ocrx_word' id='word_1_538' title='bbox 1075 1165 1310 1190; x_wconf 72' lang='lat' dir='ltr'><strong>INTERPRETATIO.</strong></span> <span class='ocrx_word' id='word_1_539' title='bbox 1327 1161 1415 1189; x_wconf 78' lang='lat' dir='ltr'><strong>Satan</strong></span> <span class='ocrx_word' id='word_1_540' title='bbox 1437 1158 1619 1187; x_wconf 77' lang='lat' dir='ltr'><strong>adversarius</strong></span> <span class='ocrx_word' id='word_1_541' title='bbox 1635 1156 1751 1184; x_wconf 84' lang='lat' dir='ltr'><strong>dicitur.</strong></span> <span class='ocrx_word' id='word_1_542' title='bbox 1768 1156 1862 1191; x_wconf 87' lang='lat' dir='ltr'><strong>Ange-</strong></span> 
     </span>
    </p>
   </div>
   <div class='ocr_carea' id='block_1_79' title="bbox 1038 1200 1862 1243">
    <p class='ocr_par' dir='ltr' id='par_1_79' title="bbox 1038 1200 1862 1243">
     <span class='ocr_line' id='line_1_79' title="bbox 1038 1200 1862 1243; baseline -0.01 -8"><span class='ocrx_word' id='word_1_543' title='bbox 1038 1207 1099 1235; x_wconf 93' lang='lat' dir='ltr'><strong>lum</strong></span> <span class='ocrx_word' id='word_1_544' title='bbox 1116 1207 1206 1243; x_wconf 86' lang='lat' dir='ltr'><strong>igitur</strong></span> <span class='ocrx_word' id='word_1_545' title='bbox 1226 1206 1338 1234; x_wconf 77' lang='lat' dir='ltr'><strong>Satanm</strong></span> <span class='ocrx_word' id='word_1_546' title='bbox 1366 1204 1436 1232; x_wconf 87' lang='lat' dir='ltr'><strong>dicit</strong></span> <span class='ocrx_word' id='word_1_547' title='bbox 1453 1203 1643 1230; x_wconf 73' lang='lat' dir='ltr'><strong>Alexandrum</strong></span> <span class='ocrx_word' id='word_1_548' title='bbox 1668 1200 1801 1228; x_wconf 67' lang='lat' dir='ltr'><strong>murium</strong></span> <span class='ocrx_word' id='word_1_549' title='bbox 1820 1200 1862 1227; x_wconf 74' lang='lat' dir='ltr'><strong>fa-</strong></span> 
     </span>
    </p>
   </div>
   <div class='ocr_carea' id='block_1_80' title="bbox 1038 1245 1859 1288">
    <p class='ocr_par' dir='ltr' id='par_1_80' title="bbox 1038 1245 1859 1288">
     <span class='ocr_line' id='line_1_80' title="bbox 1038 1245 1859 1288; baseline -0.011 -8"><span class='ocrx_word' id='word_1_550' title='bbox 1038 1252 1134 1286; x_wconf 89' lang='lat' dir='ltr'><strong>brumI</strong></span> <span class='ocrx_word' id='word_1_551' title='bbox 1145 1252 1333 1288; x_wconf 72' lang='lat' dir='ltr'><strong>Hymenaum</strong></span> <span class='ocrx_word' id='word_1_552' title='bbox 1347 1253 1375 1277; x_wconf 90' lang='lat' dir='ltr'><strong>et</strong></span> <span class='ocrx_word' id='word_1_553' title='bbox 1387 1248 1528 1277; x_wconf 85' lang='lat' dir='ltr'><strong>Philetum</strong></span> <span class='ocrx_word' id='word_1_554' title='bbox 1540 1247 1589 1282; x_wconf 87' lang='lat' dir='ltr'><strong>qui</strong></span> <span class='ocrx_word' id='word_1_555' title='bbox 1599 1246 1740 1273; x_wconf 75' lang='lat' dir='ltr'><strong>vexabant</strong></span> <span class='ocrx_word' id='word_1_556' title='bbox 1752 1245 1859 1280; x_wconf 89' lang='lat' dir='ltr'><strong>ipsum,</strong></span> 
     </span>
    </p>
   </div>
   <div class='ocr_carea' id='block_1_81' title="bbox 1037 1289 1858 1328">
    <p class='ocr_par' dir='ltr' id='par_1_81' title="bbox 1037 1289 1858 1328">
     <span class='ocr_line' id='line_1_81' title="bbox 1037 1289 1858 1328; baseline -0.011 -4"><span class='ocrx_word' id='word_1_557' title='bbox 1037 1299 1065 1324; x_wconf 82' lang='lat' dir='ltr'><strong>et</strong></span> <span class='ocrx_word' id='word_1_558' title='bbox 1080 1296 1267 1328; x_wconf 78' lang='lat' dir='ltr'><strong>resistebant,</strong></span> <span class='ocrx_word' id='word_1_559' title='bbox 1279 1295 1409 1322; x_wconf 78' lang='lat' dir='ltr'><strong>dicentes</strong></span> <span class='ocrx_word' id='word_1_560' title='bbox 1421 1292 1661 1321; x_wconf 74' lang='lat' dir='ltr'><strong>resurrectionem</strong></span> <span class='ocrx_word' id='word_1_561' title='bbox 1672 1290 1735 1324; x_wconf 80' lang='lat' dir='ltr'><strong>jam</strong></span> <span class='ocrx_word' id='word_1_562' title='bbox 1748 1289 1858 1316; x_wconf 83' lang='lat' dir='ltr'><strong>fuisse:</strong></span> 
     </span>
    </p>
   </div>
   <div class='ocr_carea' id='block_1_82' title="bbox 1037 1333 1857 1377">
    <p class='ocr_par' dir='ltr' id='par_1_82' title="bbox 1037 1333 1857 1377">
     <span class='ocr_line' id='line_1_82' title="bbox 1037 1333 1857 1377; baseline -0.012 -8"><span class='ocrx_word' id='word_1_563' title='bbox 1037 1342 1086 1377; x_wconf 88' lang='lat' dir='ltr'><strong>qui</strong></span> <span class='ocrx_word' id='word_1_564' title='bbox 1101 1340 1190 1369; x_wconf 85' lang='lat' dir='ltr'><strong>etiam</strong></span> <span class='ocrx_word' id='word_1_565' title='bbox 1213 1339 1427 1376; x_wconf 85' lang='lat' dir='ltr'><strong>apprehensum</strong></span> <span class='ocrx_word' id='word_1_566' title='bbox 1452 1345 1530 1370; x_wconf 87' lang='lat' dir='ltr'><strong>eum,</strong></span> <span class='ocrx_word' id='word_1_567' title='bbox 1547 1336 1574 1362; x_wconf 90' lang='lat' dir='ltr'><strong>in</strong></span> <span class='ocrx_word' id='word_1_568' title='bbox 1601 1342 1745 1361; x_wconf 81' lang='lat' dir='ltr'><strong>carcerem</strong></span> <span class='ocrx_word' id='word_1_569' title='bbox 1764 1333 1857 1369; x_wconf 88' lang='lat' dir='ltr'><strong>proje-</strong></span> 
     </span>
    </p>
   </div>
   <div class='ocr_carea' id='block_1_83' title="bbox 1036 1382 1519 1419">
    <p class='ocr_par' dir='ltr' id='par_1_83' title="bbox 1036 1382 1519 1419">
     <span class='ocr_line' id='line_1_83' title="bbox 1036 1382 1519 1419; baseline -0.014 -5"><span class='ocrx_word' id='word_1_570' title='bbox 1036 1385 1110 1419; x_wconf 82' lang='lat' dir='ltr'><strong>cere,</strong></span> <span class='ocrx_word' id='word_1_571' title='bbox 1127 1388 1156 1413; x_wconf 84' lang='lat' dir='ltr'><strong>et</strong></span> <span class='ocrx_word' id='word_1_572' title='bbox 1170 1384 1271 1412; x_wconf 83' lang='lat' dir='ltr'><strong>multis</strong></span> <span class='ocrx_word' id='word_1_573' title='bbox 1288 1384 1407 1411; x_wconf 77' lang='lat' dir='ltr'><strong>uli‘ecere</strong></span> <span class='ocrx_word' id='word_1_574' title='bbox 1423 1382 1519 1409; x_wconf 78' lang='lat' dir='ltr'><strong>malis.</strong></span> 
     </span>
    </p>
   </div>
   <div class='ocr_carea' id='block_1_84' title="bbox 1073 1424 1758 1461">
    <p class='ocr_par' dir='ltr' id='par_1_84' title="bbox 1073 1424 1758 1461">
     <span class='ocr_line' id='line_1_84' title="bbox 1073 1424 1758 1461; baseline -0.015 -3"><span class='ocrx_word' id='word_1_575' title='bbox 1073 1431 1157 1459; x_wconf 72' lang='lat' dir='ltr'><strong>PROP.</strong></span> <span class='ocrx_word' id='word_1_576' title='bbox 1174 1430 1269 1458; x_wconf 82' lang='lat' dir='ltr'><strong>CVlll.</strong></span> <span class='ocrx_word' id='word_1_577' title='bbox 1287 1440 1300 1453; x_wconf 84' lang='grc' dir='ltr'>ι(</span> <span class='ocrx_word' id='word_1_578' title='bbox 1315 1427 1430 1456; x_wconf 80' lang='lat' dir='ltr'><strong>Sufﬁcit</strong></span> <span class='ocrx_word' id='word_1_579' title='bbox 1444 1426 1497 1454; x_wconf 87' lang='lat' dir='ltr'><strong>tibi</strong></span> <span class='ocrx_word' id='word_1_580' title='bbox 1512 1424 1603 1461; x_wconf 81' lang='lat' dir='ltr'><strong>gratia</strong></span> <span class='ocrx_word' id='word_1_581' title='bbox 1622 1424 1725 1450; x_wconf 70' lang='lat' dir='ltr'><strong>mea“.</strong></span> <span class='ocrx_word' id='word_1_582' title='bbox 1745 1433 1758 1447; x_wconf 86' lang='lat'>»</span> 
     </span>
    </p>
   </div>
   <div class='ocr_carea' id='block_1_85' title="bbox 1071 1470 1859 1506">
    <p class='ocr_par' dir='ltr' id='par_1_85' title="bbox 1071 1470 1859 1506">
     <span class='ocr_line' id='line_1_85' title="bbox 1071 1470 1859 1506; baseline -0.015 -2"><span class='ocrx_word' id='word_1_583' title='bbox 1071 1476 1156 1503; x_wconf 73' lang='lat' dir='ltr'><strong>Rssr.</strong></span> <span class='ocrx_word' id='word_1_584' title='bbox 1175 1475 1232 1502; x_wconf 90' lang='lat' dir='ltr'><strong>Hoc</strong></span> <span class='ocrx_word' id='word_1_585' title='bbox 1247 1475 1291 1502; x_wconf 83' lang='lat' dir='ltr'><strong>est</strong></span> <span class='ocrx_word' id='word_1_586' title='bbox 1306 1483 1311 1501; x_wconf 91' lang='lat'><strong>:</strong></span> <span class='ocrx_word' id='word_1_587' title='bbox 1328 1471 1442 1500; x_wconf 80' lang='lat' dir='ltr'><strong>Sufﬁcit</strong></span> <span class='ocrx_word' id='word_1_588' title='bbox 1455 1471 1505 1498; x_wconf 86' lang='lat' dir='ltr'><strong>tibi</strong></span> <span class='ocrx_word' id='word_1_589' title='bbox 1519 1470 1611 1506; x_wconf 86' lang='lat' dir='ltr'><strong>gratia</strong></span> <span class='ocrx_word' id='word_1_590' title='bbox 1623 1476 1696 1500; x_wconf 85' lang='lat' dir='ltr'><strong>mea,</strong></span> <span class='ocrx_word' id='word_1_591' title='bbox 1713 1475 1771 1502; x_wconf 86' lang='lat' dir='ltr'><strong>qua</strong></span> <span class='ocrx_word' id='word_1_592' title='bbox 1782 1474 1859 1494; x_wconf 89' lang='lat' dir='ltr'><strong>mor-</strong></span> 
     </span>
    </p>
   </div>
   <div class='ocr_carea' id='block_1_86' title="bbox 1034 1510 1854 1553">
    <p class='ocr_par' dir='ltr' id='par_1_86' title="bbox 1034 1510 1854 1553">
     <span class='ocr_line' id='line_1_86' title="bbox 1034 1510 1854 1553; baseline -0.013 -5"><span class='ocrx_word' id='word_1_593' title='bbox 1034 1522 1101 1548; x_wconf 85' lang='lat' dir='ltr'><strong>tuos</strong></span> <span class='ocrx_word' id='word_1_594' title='bbox 1117 1520 1235 1553; x_wconf 67' lang='lat' dir='ltr'><strong>excites,</strong></span> <span class='ocrx_word' id='word_1_595' title='bbox 1251 1518 1332 1546; x_wconf 76' lang='lat' dir='ltr'><strong>caecis</strong></span> <span class='ocrx_word' id='word_1_596' title='bbox 1357 1517 1452 1544; x_wconf 86' lang='lat' dir='ltr'><strong>visum</strong></span> <span class='ocrx_word' id='word_1_597' title='bbox 1468 1516 1531 1547; x_wconf 84' lang='lat' dir='ltr'><strong>das,</strong></span> <span class='ocrx_word' id='word_1_598' title='bbox 1548 1517 1576 1542; x_wconf 87' lang='lat' dir='ltr'><strong>et</strong></span> <span class='ocrx_word' id='word_1_599' title='bbox 1591 1513 1647 1540; x_wconf 85' lang='lat' dir='ltr'><strong>alia</strong></span> <span class='ocrx_word' id='word_1_600' title='bbox 1673 1513 1758 1547; x_wconf 82' lang='lat' dir='ltr'><strong>signa</strong></span> <span class='ocrx_word' id='word_1_601' title='bbox 1773 1510 1854 1538; x_wconf 80' lang='lat' dir='ltr'><strong>lacis.</strong></span> 
     </span>
    </p>
   </div>
   <div class='ocr_carea' id='block_1_87' title="bbox 1036 1557 1764 1600">
    <p class='ocr_par' dir='ltr' id='par_1_87' title="bbox 1036 1557 1764 1600">
     <span class='ocr_line' id='line_1_87' title="bbox 1036 1557 1764 1600; baseline -0.015 -7"><span class='ocrx_word' id='word_1_602' title='bbox 1036 1565 1123 1593; x_wconf 90' lang='lat' dir='ltr'><strong>Porro</strong></span> <span class='ocrx_word' id='word_1_603' title='bbox 1139 1564 1215 1600; x_wconf 89' lang='lat' dir='ltr'><strong>pulsi</strong></span> <span class='ocrx_word' id='word_1_604' title='bbox 1230 1566 1259 1591; x_wconf 85' lang='lat' dir='ltr'><strong>et</strong></span> <span class='ocrx_word' id='word_1_605' title='bbox 1273 1561 1409 1598; x_wconf 79' lang='lat' dir='ltr'><strong>exagitati</strong></span> <span class='ocrx_word' id='word_1_606' title='bbox 1426 1561 1634 1597; x_wconf 66' lang='lat' dir='ltr'><strong>persequentes</strong></span> <span class='ocrx_word' id='word_1_607' title='bbox 1650 1557 1764 1584; x_wconf 78' lang='lat' dir='ltr'><strong>vincite.</strong></span> 
     </span>
    </p>
   </div>
   <div class='ocr_carea' id='block_1_88' title="bbox 1070 1645 1858 1686">
    <p class='ocr_par' dir='ltr' id='par_1_88' title="bbox 1070 1645 1858 1686">
     <span class='ocr_line' id='line_1_88' title="bbox 1070 1645 1858 1686; baseline -0.013 -5"><span class='ocrx_word' id='word_1_608' title='bbox 1070 1654 1182 1686; x_wconf 73' lang='lat' dir='ltr'><strong>Quass&#39;r.</strong></span> <span class='ocrx_word' id='word_1_609' title='bbox 1199 1652 1266 1682; x_wconf 87' lang='lat' dir='ltr'><strong>CIX.</strong></span> <span class='ocrx_word' id='word_1_610' title='bbox 1283 1651 1356 1684; x_wconf 86' lang='lat' dir='ltr'><strong>Quid</strong></span> <span class='ocrx_word' id='word_1_611' title='bbox 1372 1652 1417 1678; x_wconf 84' lang='lat' dir='ltr'><strong>est</strong></span> <span class='ocrx_word' id='word_1_612' title='bbox 1432 1650 1508 1686; x_wconf 89' lang='lat' dir='ltr'><strong>quod</strong></span> <span class='ocrx_word' id='word_1_613' title='bbox 1525 1647 1619 1683; x_wconf 85' lang='lat' dir='ltr'><strong>inquit</strong></span> <span class='ocrx_word' id='word_1_614' title='bbox 1636 1656 1641 1674; x_wconf 82' lang='lat'><strong>2</strong></span> <span class='ocrx_word' id='word_1_615' title='bbox 1662 1657 1672 1672; x_wconf 73' lang='grc' dir='ltr'><strong>(ι</strong></span> <span class='ocrx_word' id='word_1_616' title='bbox 1692 1645 1762 1673; x_wconf 87' lang='lat' dir='ltr'><strong>Mihi</strong></span> <span class='ocrx_word' id='word_1_617' title='bbox 1776 1652 1858 1672; x_wconf 87' lang='lat' dir='ltr'><strong>mun-</strong></span> 
     </span>
    </p>
   </div>
   <div class='ocr_carea' id='block_1_89' title="bbox 1034 1692 1652 1730">
    <p class='ocr_par' dir='ltr' id='par_1_89' title="bbox 1034 1692 1652 1730">
     <span class='ocr_line' id='line_1_89' title="bbox 1034 1692 1652 1730; baseline -0.018 -4"><span class='ocrx_word' id='word_1_618' title='bbox 1034 1699 1090 1726; x_wconf 88' lang='lat' dir='ltr'><strong>dus</strong></span> <span class='ocrx_word' id='word_1_619' title='bbox 1106 1697 1261 1725; x_wconf 80' lang='lat' dir='ltr'><strong>crucifixus</strong></span> <span class='ocrx_word' id='word_1_620' title='bbox 1278 1698 1331 1730; x_wconf 84' lang='lat' dir='ltr'><strong>est,</strong></span> <span class='ocrx_word' id='word_1_621' title='bbox 1347 1698 1375 1723; x_wconf 89' lang='lat' dir='ltr'><strong>et</strong></span> <span class='ocrx_word' id='word_1_622' title='bbox 1390 1703 1442 1730; x_wconf 82' lang='lat' dir='ltr'><strong>ego</strong></span> <span class='ocrx_word' id='word_1_623' title='bbox 1459 1692 1624 1721; x_wconf 60' lang='lat' dir='ltr'><strong>mundo“?</strong></span> <span class='ocrx_word' id='word_1_624' title='bbox 1639 1702 1652 1716; x_wconf 70' lang='grc' dir='ltr'>η</span> 
     </span>
    </p>
   </div>
   <div class='ocr_carea' id='block_1_90' title="bbox 1069 1737 1857 1772">
    <p class='ocr_par' dir='ltr' id='par_1_90' title="bbox 1069 1737 1857 1772">
     <span class='ocr_line' id='line_1_90' title="bbox 1069 1737 1857 1772; baseline -0.013 -1"><span class='ocrx_word' id='word_1_625' title='bbox 1069 1745 1153 1770; x_wconf 77' lang='lat' dir='ltr'><strong>Rssr.</strong></span> <span class='ocrx_word' id='word_1_626' title='bbox 1172 1742 1313 1769; x_wconf 89' lang='lat' dir='ltr'><strong>Mundum</strong></span> <span class='ocrx_word' id='word_1_627' title='bbox 1329 1742 1357 1767; x_wconf 90' lang='lat' dir='ltr'><strong>et</strong></span> <span class='ocrx_word' id='word_1_628' title='bbox 1371 1747 1457 1767; x_wconf 88' lang='lat' dir='ltr'><strong>curas</strong></span> <span class='ocrx_word' id='word_1_629' title='bbox 1472 1738 1536 1772; x_wconf 80' lang='lat' dir='ltr'><strong>ejus</strong></span> <span class='ocrx_word' id='word_1_630' title='bbox 1562 1737 1734 1771; x_wconf 85' lang='lat' dir='ltr'><strong>relinquere,</strong></span> <span class='ocrx_word' id='word_1_631' title='bbox 1751 1742 1857 1762; x_wconf 86' lang='lat' dir='ltr'><strong>concu-</strong></span> 
     </span>
    </p>
   </div>
   <div class='ocr_carea' id='block_1_91' title="bbox 1033 1779 1855 1823">
    <p class='ocr_par' dir='ltr' id='par_1_91' title="bbox 1033 1779 1855 1823">
     <span class='ocr_line' id='line_1_91' title="bbox 1033 1779 1855 1823; baseline -0.012 -8"><span class='ocrx_word' id='word_1_632' title='bbox 1033 1786 1184 1823; x_wconf 79' lang='lat' dir='ltr'><strong>piscentiis</strong></span> <span class='ocrx_word' id='word_1_633' title='bbox 1198 1788 1227 1814; x_wconf 85' lang='lat' dir='ltr'><strong>et</strong></span> <span class='ocrx_word' id='word_1_634' title='bbox 1242 1785 1394 1813; x_wconf 75' lang='lat' dir='ltr'><strong>affectibus</strong></span> <span class='ocrx_word' id='word_1_635' title='bbox 1408 1783 1492 1815; x_wconf 75' lang='lat' dir='ltr'><strong>mori,</strong></span> <span class='ocrx_word' id='word_1_636' title='bbox 1504 1783 1647 1817; x_wconf 69' lang='lat' dir='ltr'><strong>jejunare,</strong></span> <span class='ocrx_word' id='word_1_637' title='bbox 1663 1779 1792 1814; x_wconf 80' lang='lat' dir='ltr'><strong>vigilare,</strong></span> <span class='ocrx_word' id='word_1_638' title='bbox 1806 1787 1855 1806; x_wconf 83' lang='lat' dir='ltr'><strong>as-</strong></span> 
     </span>
    </p>
   </div>
   <div class='ocr_carea' id='block_1_92' title="bbox 1033 1822 1854 1866">
    <p class='ocr_par' dir='ltr' id='par_1_92' title="bbox 1033 1822 1854 1866">
     <span class='ocr_line' id='line_1_92' title="bbox 1033 1822 1854 1866; baseline -0.015 -6"><span class='ocrx_word' id='word_1_639' title='bbox 1033 1832 1091 1859; x_wconf 85' lang='lat' dir='ltr'><strong>cesi</strong></span> <span class='ocrx_word' id='word_1_640' title='bbox 1108 1830 1258 1866; x_wconf 82' lang='lat' dir='ltr'><strong>macerari,</strong></span> <span class='ocrx_word' id='word_1_641' title='bbox 1275 1830 1351 1857; x_wconf 89' lang='lat' dir='ltr'><strong>sicut</strong></span> <span class='ocrx_word' id='word_1_642' title='bbox 1366 1828 1435 1856; x_wconf 87' lang='lat' dir='ltr'><strong>alibi</strong></span> <span class='ocrx_word' id='word_1_643' title='bbox 1451 1827 1522 1855; x_wconf 84' lang='lat' dir='ltr'><strong>dicit</strong></span> <span class='ocrx_word' id='word_1_644' title='bbox 1538 1835 1543 1853; x_wconf 92' lang='lat'>:</span> <span class='ocrx_word' id='word_1_645' title='bbox 1562 1838 1574 1850; x_wconf 73' lang='grc' dir='ltr'>ι(</span> <span class='ocrx_word' id='word_1_646' title='bbox 1591 1825 1643 1857; x_wconf 89' lang='lat' dir='ltr'><strong>Qui</strong></span> <span class='ocrx_word' id='word_1_647' title='bbox 1666 1832 1731 1850; x_wconf 85' lang='lat' dir='ltr'><strong>vero</strong></span> <span class='ocrx_word' id='word_1_648' title='bbox 1747 1822 1854 1850; x_wconf 88' lang='lat' dir='ltr'><strong>Christi</strong></span> 
     </span>
    </p>
   </div>
   <div class='ocr_carea' id='block_1_93' title="bbox 1032 1868 1854 1909">
    <p class='ocr_par' dir='ltr' id='par_1_93' title="bbox 1032 1868 1854 1909">
     <span class='ocr_line' id='line_1_93' title="bbox 1032 1868 1854 1909; baseline -0.015 -5"><span class='ocrx_word' id='word_1_649' title='bbox 1032 1879 1112 1909; x_wconf 86' lang='lat' dir='ltr'><strong>sunt,</strong></span> <span class='ocrx_word' id='word_1_650' title='bbox 1129 1883 1246 1904; x_wconf 87' lang='lat' dir='ltr'><strong>carnem</strong></span> <span class='ocrx_word' id='word_1_651' title='bbox 1263 1873 1470 1902; x_wconf 83' lang='lat' dir='ltr'><strong>cruciﬁxerunt</strong></span> <span class='ocrx_word' id='word_1_652' title='bbox 1493 1879 1559 1898; x_wconf 91' lang='lat' dir='ltr'><strong>cum</strong></span> <span class='ocrx_word' id='word_1_653' title='bbox 1575 1868 1727 1896; x_wconf 67' lang='lat' dir='ltr'><strong>affectibus</strong></span> <span class='ocrx_word' id='word_1_654' title='bbox 1743 1869 1771 1894; x_wconf 89' lang='lat' dir='ltr'><strong>et</strong></span> <span class='ocrx_word' id='word_1_655' title='bbox 1786 1874 1854 1893; x_wconf 91' lang='lat' dir='ltr'><strong>con-</strong></span> 
     </span>
    </p>
   </div>
   <div class='ocr_carea' id='block_1_94' title="bbox 1032 1920 1291 1957">
    <p class='ocr_par' dir='ltr' id='par_1_94' title="bbox 1032 1920 1291 1957">
     <span class='ocr_line' id='line_1_94' title="bbox 1032 1920 1291 1957; baseline -0.019 -8"><span class='ocrx_word' id='word_1_656' title='bbox 1032 1920 1219 1957; x_wconf 88' lang='lat' dir='ltr'><strong>cupiscenliis</strong></span> <span class='ocrx_word' id='word_1_657' title='bbox 1230 1920 1260 1946; x_wconf 73' lang='lat'><strong>7°.</strong></span> <span class='ocrx_word' id='word_1_658' title='bbox 1278 1930 1291 1944; x_wconf 87' lang='grc'><strong>››</strong></span> 
     </span>
    </p>
   </div>
   <div class='ocr_carea' id='block_1_95' title="bbox 1067 2001 1853 2045">
    <p class='ocr_par' dir='ltr' id='par_1_95' title="bbox 1067 2001 1853 2045">
     <span class='ocr_line' id='line_1_95' title="bbox 1067 2001 1853 2045; baseline -0.014 -7"><span class='ocrx_word' id='word_1_659' title='bbox 1067 2014 1178 2045; x_wconf 62' lang='lat' dir='ltr'><strong>Qumsw.</strong></span> <span class='ocrx_word' id='word_1_660' title='bbox 1196 2008 1250 2038; x_wconf 89' lang='lat' dir='ltr'><strong>CX.</strong></span> <span class='ocrx_word' id='word_1_661' title='bbox 1267 2007 1341 2041; x_wconf 85' lang='lat' dir='ltr'><strong>Quid</strong></span> <span class='ocrx_word' id='word_1_662' title='bbox 1363 2009 1407 2035; x_wconf 86' lang='lat' dir='ltr'><strong>est</strong></span> <span class='ocrx_word' id='word_1_663' title='bbox 1430 2006 1505 2042; x_wconf 88' lang='lat' dir='ltr'><strong>quod</strong></span> <span class='ocrx_word' id='word_1_664' title='bbox 1522 2004 1592 2032; x_wconf 89' lang='lat' dir='ltr'><strong>dicit</strong></span> <span class='ocrx_word' id='word_1_665' title='bbox 1609 2013 1614 2031; x_wconf 92' lang='lat'><strong>:</strong></span> <span class='ocrx_word' id='word_1_666' title='bbox 1633 2013 1643 2026; x_wconf 78' lang='grc' dir='ltr'><strong>ι</strong></span> <span class='ocrx_word' id='word_1_667' title='bbox 1661 2001 1786 2030; x_wconf 85' lang='lat' dir='ltr'><strong>Medium</strong></span> <span class='ocrx_word' id='word_1_668' title='bbox 1804 2009 1853 2037; x_wconf 89' lang='lat' dir='ltr'><strong>pa-</strong></span> 
     </span>
    </p>
   </div>
   <div class='ocr_carea' id='block_1_96' title="bbox 1031 2051 1487 2084">
    <p class='ocr_par' dir='ltr' id='par_1_96' title="bbox 1031 2051 1487 2084">
     <span class='ocr_line' id='line_1_96' title="bbox 1031 2051 1487 2084; baseline -0.013 0"><span class='ocrx_word' id='word_1_669' title='bbox 1031 2055 1132 2084; x_wconf 86' lang='lat' dir='ltr'><strong>rietem</strong></span> <span class='ocrx_word' id='word_1_670' title='bbox 1149 2054 1280 2082; x_wconf 67' lang='lat' dir='ltr'><strong>maceria:</strong></span> <span class='ocrx_word' id='word_1_671' title='bbox 1295 2052 1411 2080; x_wconf 84' lang='lat' dir='ltr'><strong>solvens</strong></span> <span class='ocrx_word' id='word_1_672' title='bbox 1420 2052 1441 2068; x_wconf 87' lang='lat'><strong>&quot;&quot;</strong></span> <span class='ocrx_word' id='word_1_673' title='bbox 1451 2051 1465 2079; x_wconf 84' lang='lat'><strong>?</strong></span> <span class='ocrx_word' id='word_1_674' title='bbox 1477 2062 1487 2077; x_wconf 81' lang='grc'><strong>»</strong></span> 
     </span>
    </p>
   </div>
   <div class='ocr_carea' id='block_1_97' title="bbox 1066 2090 1852 2131">
    <p class='ocr_par' dir='ltr' id='par_1_97' title="bbox 1066 2090 1852 2131">
     <span class='ocr_line' id='line_1_97' title="bbox 1066 2090 1852 2131; baseline -0.014 -3"><span class='ocrx_word' id='word_1_675' title='bbox 1066 2100 1142 2128; x_wconf 74' lang='lat' dir='ltr'><strong>Rssr</strong></span> <span class='ocrx_word' id='word_1_676' title='bbox 1169 2101 1228 2126; x_wconf 86' lang='lat' dir='ltr'><strong>Hoc</strong></span> <span class='ocrx_word' id='word_1_677' title='bbox 1242 2100 1288 2126; x_wconf 84' lang='lat' dir='ltr'><strong>est</strong></span> <span class='ocrx_word' id='word_1_678' title='bbox 1302 2095 1456 2125; x_wconf 83' lang='lat' dir='ltr'><strong>inimicitia</strong></span> <span class='ocrx_word' id='word_1_679' title='bbox 1477 2103 1565 2131; x_wconf 84' lang='lat' dir='ltr'><strong>quam</strong></span> <span class='ocrx_word' id='word_1_680' title='bbox 1582 2102 1635 2121; x_wconf 84' lang='lat' dir='ltr'><strong>nos</strong></span> <span class='ocrx_word' id='word_1_681' title='bbox 1650 2092 1786 2120; x_wconf 87' lang='lat' dir='ltr'><strong>homines</strong></span> <span class='ocrx_word' id='word_1_682' title='bbox 1801 2090 1852 2118; x_wconf 82' lang='lat' dir='ltr'><strong>ha-</strong></span> 
     </span>
    </p>
   </div>
   <div class='ocr_carea' id='block_1_98' title="bbox 1030 2138 1850 2176">
    <p class='ocr_par' dir='ltr' id='par_1_98' title="bbox 1030 2138 1850 2176">
     <span class='ocr_line' id='line_1_98' title="bbox 1030 2138 1850 2176; baseline -0.013 -3"><span class='ocrx_word' id='word_1_683' title='bbox 1030 2145 1172 2173; x_wconf 84' lang='lat' dir='ltr'><strong>bebamus</strong></span> <span class='ocrx_word' id='word_1_684' title='bbox 1197 2143 1335 2171; x_wconf 82' lang='lat' dir='ltr'><strong>adversus</strong></span> <span class='ocrx_word' id='word_1_685' title='bbox 1352 2144 1440 2169; x_wconf 82' lang='lat' dir='ltr'><strong>Deum</strong></span> <span class='ocrx_word' id='word_1_686' title='bbox 1466 2142 1583 2176; x_wconf 87' lang='lat' dir='ltr'><strong>propter</strong></span> <span class='ocrx_word' id='word_1_687' title='bbox 1599 2140 1716 2174; x_wconf 77' lang='lat' dir='ltr'><strong>peccata</strong></span> <span class='ocrx_word' id='word_1_688' title='bbox 1742 2138 1850 2164; x_wconf 84' lang='lat' dir='ltr'><strong>nostra.</strong></span> 
     </span>
    </p>
   </div>
   <div class='ocr_carea' id='block_1_99' title="bbox 1029 2183 1852 2224">
    <p class='ocr_par' dir='ltr' id='par_1_99' title="bbox 1029 2183 1852 2224">
     <span class='ocr_line' id='line_1_99' title="bbox 1029 2183 1852 2224; baseline -0.013 -6"><span class='ocrx_word' id='word_1_689' title='bbox 1029 2191 1120 2218; x_wconf 86' lang='lat' dir='ltr'><strong>Carne</strong></span> <span class='ocrx_word' id='word_1_690' title='bbox 1137 2189 1226 2224; x_wconf 80' lang='lat' dir='ltr'><strong>igitur</strong></span> <span class='ocrx_word' id='word_1_691' title='bbox 1241 2189 1404 2222; x_wconf 81' lang='lat' dir='ltr'><strong>assumpta,</strong></span> <span class='ocrx_word' id='word_1_692' title='bbox 1418 2184 1556 2213; x_wconf 81' lang='lat' dir='ltr'><strong>Dominus</strong></span> <span class='ocrx_word' id='word_1_693' title='bbox 1569 2184 1654 2216; x_wconf 79' lang='lat' dir='ltr'><strong>Deus,</strong></span> <span class='ocrx_word' id='word_1_694' title='bbox 1667 2184 1695 2209; x_wconf 85' lang='lat' dir='ltr'><strong>et</strong></span> <span class='ocrx_word' id='word_1_695' title='bbox 1706 2183 1852 2215; x_wconf 87' lang='lat' dir='ltr'><strong>mortuus,</strong></span> 
     </span>
    </p>
   </div>
   <div class='ocr_carea' id='block_1_100' title="bbox 1028 2227 1853 2270">
    <p class='ocr_par' dir='ltr' id='par_1_100' title="bbox 1028 2227 1853 2270">
     <span class='ocr_line' id='line_1_100' title="bbox 1028 2227 1853 2270; baseline -0.013 -8"><span class='ocrx_word' id='word_1_696' title='bbox 1028 2234 1114 2262; x_wconf 78' lang='lat' dir='ltr'><strong>solvit</strong></span> <span class='ocrx_word' id='word_1_697' title='bbox 1131 2237 1279 2270; x_wconf 81' lang='lat' dir='ltr'><strong>peccatum</strong></span> <span class='ocrx_word' id='word_1_698' title='bbox 1296 2231 1371 2267; x_wconf 88' lang='lat' dir='ltr'><strong>quod</strong></span> <span class='ocrx_word' id='word_1_699' title='bbox 1390 2239 1443 2258; x_wconf 88' lang='lat' dir='ltr'><strong>nos</strong></span> <span class='ocrx_word' id='word_1_700' title='bbox 1457 2239 1473 2257; x_wconf 89' lang='lat' dir='ltr'><strong>a</strong></span> <span class='ocrx_word' id='word_1_701' title='bbox 1488 2230 1545 2256; x_wconf 89' lang='lat' dir='ltr'><strong>Deo</strong></span> <span class='ocrx_word' id='word_1_702' title='bbox 1559 2227 1747 2263; x_wconf 76' lang='lat' dir='ltr'><strong>sejungehat;</strong></span> <span class='ocrx_word' id='word_1_703' title='bbox 1764 2227 1853 2261; x_wconf 84' lang='lat' dir='ltr'><strong>atque</strong></span> 
     </span>
    </p>
   </div>
   <div class='ocr_carea' id='block_1_101' title="bbox 989 2270 1849 2315">
    <p class='ocr_par' dir='ltr' id='par_1_101' title="bbox 989 2270 1849 2315">
     <span class='ocr_line' id='line_1_101' title="bbox 989 2270 1849 2315; baseline -0.013 -7"><span class='ocrx_word' id='word_1_704' title='bbox 989 2280 1012 2313; x_wconf 90' lang='lat' dir='ltr'>D</span> <span class='ocrx_word' id='word_1_705' title='bbox 1029 2279 1070 2307; x_wconf 84' lang='lat' dir='ltr'><strong>sic</strong></span> <span class='ocrx_word' id='word_1_706' title='bbox 1088 2279 1115 2306; x_wconf 88' lang='lat' dir='ltr'><strong>in</strong></span> <span class='ocrx_word' id='word_1_707' title='bbox 1133 2286 1233 2315; x_wconf 84' lang='lat' dir='ltr'><strong>pacem</strong></span> <span class='ocrx_word' id='word_1_708' title='bbox 1249 2276 1361 2313; x_wconf 85' lang='lat' dir='ltr'><strong>redegit</strong></span> <span class='ocrx_word' id='word_1_709' title='bbox 1376 2275 1483 2308; x_wconf 80' lang='lat' dir='ltr'><strong>omnia,</strong></span> <span class='ocrx_word' id='word_1_710' title='bbox 1496 2277 1523 2301; x_wconf 87' lang='lat' dir='ltr'><strong>et</strong></span> <span class='ocrx_word' id='word_1_711' title='bbox 1539 2282 1591 2300; x_wconf 90' lang='lat' dir='ltr'><strong>nos</strong></span> <span class='ocrx_word' id='word_1_712' title='bbox 1609 2272 1673 2299; x_wconf 83' lang='lat' dir='ltr'><strong>fecit</strong></span> <span class='ocrx_word' id='word_1_713' title='bbox 1689 2271 1765 2298; x_wconf 82' lang='lat' dir='ltr'><strong>ﬁlios</strong></span> <span class='ocrx_word' id='word_1_714' title='bbox 1783 2270 1849 2298; x_wconf 90' lang='lat' dir='ltr'><strong>Dei:</strong></span> 
     </span>
    </p>
   </div>
   <div class='ocr_carea' id='block_1_102' title="bbox 1029 2314 1850 2358">
    <p class='ocr_par' dir='ltr' id='par_1_102' title="bbox 1029 2314 1850 2358">
     <span class='ocr_line' id='line_1_102' title="bbox 1029 2314 1850 2358; baseline -0.013 -7"><span class='ocrx_word' id='word_1_715' title='bbox 1029 2332 1097 2351; x_wconf 84' lang='lat' dir='ltr'><strong>nam</strong></span> <span class='ocrx_word' id='word_1_716' title='bbox 1107 2314 1234 2355; x_wconf 76' lang='lat' dir='ltr'><strong>discidit,</strong></span> <span class='ocrx_word' id='word_1_717' title='bbox 1245 2321 1321 2358; x_wconf 91' lang='lat' dir='ltr'><strong>quod</strong></span> <span class='ocrx_word' id='word_1_718' title='bbox 1332 2321 1473 2348; x_wconf 85' lang='lat' dir='ltr'><strong>adversus</strong></span> <span class='ocrx_word' id='word_1_719' title='bbox 1484 2327 1536 2346; x_wconf 90' lang='lat' dir='ltr'><strong>nos</strong></span> <span class='ocrx_word' id='word_1_720' title='bbox 1546 2314 1850 2352; x_wconf 82' lang='lat' dir='ltr'><strong>erat,chirographum</strong></span> 
     </span>
    </p>
   </div>
   <div class='ocr_carea' id='block_1_103' title="bbox 1028 2359 1849 2399">
    <p class='ocr_par' dir='ltr' id='par_1_103' title="bbox 1028 2359 1849 2399">
     <span class='ocr_line' id='line_1_103' title="bbox 1028 2359 1849 2399; baseline -0.012 -3"><span class='ocrx_word' id='word_1_721' title='bbox 1028 2368 1058 2396; x_wconf 89' lang='lat' dir='ltr'><strong>in</strong></span> <span class='ocrx_word' id='word_1_722' title='bbox 1075 2376 1171 2396; x_wconf 86' lang='lat' dir='ltr'><strong>cruce.</strong></span> <span class='ocrx_word' id='word_1_723' title='bbox 1188 2367 1260 2399; x_wconf 92' lang='lat' dir='ltr'><strong>Quid</strong></span> <span class='ocrx_word' id='word_1_724' title='bbox 1279 2368 1374 2394; x_wconf 87' lang='lat' dir='ltr'><strong>autem</strong></span> <span class='ocrx_word' id='word_1_725' title='bbox 1400 2365 1486 2392; x_wconf 85' lang='lat' dir='ltr'><strong>fuerit</strong></span> <span class='ocrx_word' id='word_1_726' title='bbox 1502 2362 1740 2398; x_wconf 84' lang='lat' dir='ltr'><strong>chirographum,</strong></span> <span class='ocrx_word' id='word_1_727' title='bbox 1757 2359 1825 2388; x_wconf 86' lang='lat' dir='ltr'><strong>audi</strong></span> <span class='ocrx_word' id='word_1_728' title='bbox 1842 2368 1849 2387; x_wconf 88' lang='lat'><strong>:</strong></span> 
     </span>
    </p>
   </div>
   <div class='ocr_carea' id='block_1_104' title="bbox 1028 2404 1851 2448">
    <p class='ocr_par' dir='ltr' id='par_1_104' title="bbox 1028 2404 1851 2448">
     <span class='ocr_line' id='line_1_104' title="bbox 1028 2404 1851 2448; baseline -0.012 -7"><span class='ocrx_word' id='word_1_729' title='bbox 1028 2414 1098 2441; x_wconf 92' lang='lat' dir='ltr'><strong>Cum</strong></span> <span class='ocrx_word' id='word_1_730' title='bbox 1117 2413 1264 2448; x_wconf 85' lang='lat' dir='ltr'><strong>peccasset</strong></span> <span class='ocrx_word' id='word_1_731' title='bbox 1277 2411 1368 2438; x_wconf 81' lang='lat' dir='ltr'><strong>Adam</strong></span> <span class='ocrx_word' id='word_1_732' title='bbox 1380 2412 1408 2437; x_wconf 90' lang='lat' dir='ltr'><strong>et</strong></span> <span class='ocrx_word' id='word_1_733' title='bbox 1423 2408 1583 2444; x_wconf 83' lang='lat' dir='ltr'><strong>accepisset</strong></span> <span class='ocrx_word' id='word_1_734' title='bbox 1600 2415 1688 2434; x_wconf 85' lang='lat' dir='ltr'><strong>manu</strong></span> <span class='ocrx_word' id='word_1_735' title='bbox 1702 2414 1755 2433; x_wconf 86' lang='lat' dir='ltr'><strong>sua</strong></span> <span class='ocrx_word' id='word_1_736' title='bbox 1770 2405 1805 2432; x_wconf 92' lang='lat' dir='ltr'><strong>de</strong></span> <span class='ocrx_word' id='word_1_737' title='bbox 1820 2404 1851 2432; x_wconf 84' lang='lat' dir='ltr'><strong>li-</strong></span> 
     </span>
    </p>
   </div>
   <div class='ocr_carea' id='block_1_105' title="bbox 1028 2452 1848 2493">
    <p class='ocr_par' dir='ltr' id='par_1_105' title="bbox 1028 2452 1848 2493">
     <span class='ocr_line' id='line_1_105' title="bbox 1028 2452 1848 2493; baseline -0.011 -8"><span class='ocrx_word' id='word_1_738' title='bbox 1028 2466 1095 2493; x_wconf 87' lang='lat' dir='ltr'><strong>gno,</strong></span> <span class='ocrx_word' id='word_1_739' title='bbox 1112 2456 1355 2491; x_wconf 83' lang='lat' dir='ltr'><strong>comedissctque,</strong></span> <span class='ocrx_word' id='word_1_740' title='bbox 1374 2453 1515 2488; x_wconf 84' lang='lat' dir='ltr'><strong>scriptum</strong></span> <span class='ocrx_word' id='word_1_741' title='bbox 1541 2454 1584 2479; x_wconf 91' lang='lat' dir='ltr'><strong>est</strong></span> <span class='ocrx_word' id='word_1_742' title='bbox 1599 2452 1663 2486; x_wconf 86' lang='lat' dir='ltr'><strong>ejus</strong></span> <span class='ocrx_word' id='word_1_743' title='bbox 1679 2459 1766 2478; x_wconf 88' lang='lat' dir='ltr'><strong>manu</strong></span> <span class='ocrx_word' id='word_1_744' title='bbox 1784 2458 1848 2486; x_wconf 88' lang='lat' dir='ltr'><strong>pec-</strong></span> 
     </span>
    </p>
   </div>
   <div class='ocr_carea' id='block_1_106' title="bbox 1028 2495 1848 2536">
    <p class='ocr_par' dir='ltr' id='par_1_106' title="bbox 1028 2495 1848 2536">
     <span class='ocr_line' id='line_1_106' title="bbox 1028 2495 1848 2536; baseline -0.01 -7"><span class='ocrx_word' id='word_1_745' title='bbox 1028 2504 1136 2534; x_wconf 89' lang='lat' dir='ltr'><strong>catum,</strong></span> <span class='ocrx_word' id='word_1_746' title='bbox 1154 2501 1230 2536; x_wconf 91' lang='lat' dir='ltr'><strong>quod</strong></span> <span class='ocrx_word' id='word_1_747' title='bbox 1248 2507 1336 2536; x_wconf 87' lang='lat' dir='ltr'><strong>penes</strong></span> <span class='ocrx_word' id='word_1_748' title='bbox 1361 2506 1392 2526; x_wconf 85' lang='lat' dir='ltr'><strong>se</strong></span> <span class='ocrx_word' id='word_1_749' title='bbox 1417 2497 1560 2533; x_wconf 83' lang='lat' dir='ltr'><strong>scripturn</strong></span> <span class='ocrx_word' id='word_1_750' title='bbox 1578 2496 1711 2523; x_wconf 83' lang='lat' dir='ltr'><strong>diabolus</strong></span> <span class='ocrx_word' id='word_1_751' title='bbox 1735 2495 1848 2522; x_wconf 87' lang='lat' dir='ltr'><strong>habuit.</strong></span> 
     </span>
    </p>
   </div>
   <div class='ocr_carea' id='block_1_107' title="bbox 1026 2541 1850 2579">
    <p class='ocr_par' dir='ltr' id='par_1_107' title="bbox 1026 2541 1850 2579">
     <span class='ocr_line' id='line_1_107' title="bbox 1026 2541 1850 2579; baseline -0.01 -5"><span class='ocrx_word' id='word_1_752' title='bbox 1026 2549 1097 2574; x_wconf 88' lang='lat' dir='ltr'><strong>Cum</strong></span> <span class='ocrx_word' id='word_1_753' title='bbox 1113 2547 1211 2573; x_wconf 87' lang='lat' dir='ltr'><strong>autem</strong></span> <span class='ocrx_word' id='word_1_754' title='bbox 1227 2545 1256 2571; x_wconf 89' lang='lat' dir='ltr'><strong>in</strong></span> <span class='ocrx_word' id='word_1_755' title='bbox 1272 2543 1396 2579; x_wconf 86' lang='lat' dir='ltr'><strong>lignum,</strong></span> <span class='ocrx_word' id='word_1_756' title='bbox 1413 2542 1467 2570; x_wconf 89' lang='lat' dir='ltr'><strong>hoc</strong></span> <span class='ocrx_word' id='word_1_757' title='bbox 1482 2544 1526 2569; x_wconf 87' lang='lat' dir='ltr'><strong>est</strong></span> <span class='ocrx_word' id='word_1_758' title='bbox 1547 2541 1574 2568; x_wconf 86' lang='lat' dir='ltr'><strong>in</strong></span> <span class='ocrx_word' id='word_1_759' title='bbox 1593 2548 1707 2568; x_wconf 75' lang='lat' dir='ltr'><strong>crucem</strong></span> <span class='ocrx_word' id='word_1_760' title='bbox 1724 2541 1850 2567; x_wconf 83' lang='lat' dir='ltr'><strong>venisset</strong></span> 
     </span>
    </p>
   </div>
   <div class='ocr_carea' id='block_1_108' title="bbox 1026 2586 1848 2624">
    <p class='ocr_par' dir='ltr' id='par_1_108' title="bbox 1026 2586 1848 2624">
     <span class='ocr_line' id='line_1_108' title="bbox 1026 2586 1848 2624; baseline -0.01 -6"><span class='ocrx_word' id='word_1_761' title='bbox 1026 2590 1169 2624; x_wconf 82' lang='lat' dir='ltr'><strong>Christus,</strong></span> <span class='ocrx_word' id='word_1_762' title='bbox 1183 2592 1210 2617; x_wconf 86' lang='lat' dir='ltr'><strong>et</strong></span> <span class='ocrx_word' id='word_1_763' title='bbox 1227 2590 1290 2624; x_wconf 87' lang='lat' dir='ltr'><strong>ejus</strong></span> <span class='ocrx_word' id='word_1_764' title='bbox 1302 2595 1407 2615; x_wconf 85' lang='lat' dir='ltr'><strong>manus</strong></span> <span class='ocrx_word' id='word_1_765' title='bbox 1423 2586 1511 2614; x_wconf 84' lang='lat' dir='ltr'><strong>clavis</strong></span> <span class='ocrx_word' id='word_1_766' title='bbox 1522 2586 1763 2618; x_wconf 83' lang='lat' dir='ltr'><strong>vulnerarentur;</strong></span> <span class='ocrx_word' id='word_1_767' title='bbox 1780 2587 1848 2610; x_wconf 84' lang='lat' dir='ltr'><strong>tunc</strong></span> 
     </span>
    </p>
   </div>
   <div class='ocr_carea' id='block_1_109' title="bbox 1027 2630 1848 2669">
    <p class='ocr_par' dir='ltr' id='par_1_109' title="bbox 1027 2630 1848 2669">
     <span class='ocr_line' id='line_1_109' title="bbox 1027 2630 1848 2669; baseline -0.007 -8"><span class='ocrx_word' id='word_1_768' title='bbox 1027 2634 1056 2661; x_wconf 88' lang='lat' dir='ltr'><strong>in</strong></span> <span class='ocrx_word' id='word_1_769' title='bbox 1074 2643 1157 2662; x_wconf 83' lang='lat' dir='ltr'><strong>cruce</strong></span> <span class='ocrx_word' id='word_1_770' title='bbox 1173 2634 1313 2669; x_wconf 82' lang='lat' dir='ltr'><strong>scriptum</strong></span> <span class='ocrx_word' id='word_1_771' title='bbox 1325 2631 1398 2659; x_wconf 84' lang='lat' dir='ltr'><strong>illud</strong></span> <span class='ocrx_word' id='word_1_772' title='bbox 1411 2630 1500 2658; x_wconf 80' lang='lat' dir='ltr'><strong>al‘ﬁxil</strong></span> <span class='ocrx_word' id='word_1_773' title='bbox 1517 2633 1545 2657; x_wconf 89' lang='lat' dir='ltr'><strong>et</strong></span> <span class='ocrx_word' id='word_1_774' title='bbox 1560 2630 1673 2657; x_wconf 75' lang='lat' dir='ltr'><strong>delevit.</strong></span> <span class='ocrx_word' id='word_1_775' title='bbox 1693 2630 1755 2664; x_wconf 84' lang='lat' dir='ltr'><strong>ipse</strong></span> <span class='ocrx_word' id='word_1_776' title='bbox 1766 2637 1848 2656; x_wconf 81' lang='lat' dir='ltr'><strong>nam-</strong></span> 
     </span>
    </p>
   </div>
   <div class='ocr_carea' id='block_1_110' title="bbox 1026 2673 1849 2713">
    <p class='ocr_par' dir='ltr' id='par_1_110' title="bbox 1026 2673 1849 2713">
     <span class='ocr_line' id='line_1_110' title="bbox 1026 2673 1849 2713; baseline -0.009 -6"><span class='ocrx_word' id='word_1_777' title='bbox 1026 2687 1082 2712; x_wconf 84' lang='lat' dir='ltr'><strong>que</strong></span> <span class='ocrx_word' id='word_1_778' title='bbox 1098 2678 1232 2706; x_wconf 83' lang='lat' dir='ltr'><strong>diabolus</strong></span> <span class='ocrx_word' id='word_1_779' title='bbox 1248 2676 1298 2713; x_wconf 89' lang='lat' dir='ltr'><strong>qui</strong></span> <span class='ocrx_word' id='word_1_780' title='bbox 1313 2675 1541 2712; x_wconf 84' lang='lat' dir='ltr'><strong>chirographum</strong></span> <span class='ocrx_word' id='word_1_781' title='bbox 1553 2674 1624 2701; x_wconf 89' lang='lat' dir='ltr'><strong>illud</strong></span> <span class='ocrx_word' id='word_1_782' title='bbox 1642 2673 1849 2709; x_wconf 42' lang='lat' dir='ltr'><strong>transgressio.</strong></span> 
     </span>
    </p>
   </div>
   <div class='ocr_carea' id='block_1_111' title="bbox 181 2745 978 2785">
    <p class='ocr_par' dir='ltr' id='par_1_111' title="bbox 181 2749 974 2785">
     <span class='ocr_line' id='line_1_111' title="bbox 181 2749 974 2785; baseline 0 -7"><span class='ocrx_word' id='word_1_783' title='bbox 181 2751 203 2769; x_wconf 77' lang='grc'>⁷⁸</span> <span class='ocrx_word' id='word_1_784' title='bbox 220 2750 247 2778; x_wconf 85' lang='lat' dir='ltr'><strong>ll</strong></span> <span class='ocrx_word' id='word_1_785' title='bbox 262 2749 328 2778; x_wconf 85' lang='lat' dir='ltr'><strong>Cor.</strong></span> <span class='ocrx_word' id='word_1_786' title='bbox 343 2757 383 2784; x_wconf 74' lang='lat' dir='ltr'><strong>XI,</strong></span> <span class='ocrx_word' id='word_1_787' title='bbox 398 2749 443 2777; x_wconf 86' lang='lat'><strong>25.</strong></span> <span class='ocrx_word' id='word_1_788' title='bbox 464 2750 487 2767; x_wconf 78' lang='grc'><strong>⁷³</strong></span> <span class='ocrx_word' id='word_1_789' title='bbox 502 2749 574 2778; x_wconf 88' lang='lat' dir='ltr'><strong>ibid.</strong></span> <span class='ocrx_word' id='word_1_790' title='bbox 595 2750 617 2767; x_wconf 82' lang='grc'><strong>⁷³</strong></span> <span class='ocrx_word' id='word_1_791' title='bbox 632 2750 657 2778; x_wconf 94' lang='grc' dir='ltr'>ΙΙ</span> <span class='ocrx_word' id='word_1_792' title='bbox 671 2750 735 2780; x_wconf 83' lang='lat' dir='ltr'><strong>Cor.</strong></span> <span class='ocrx_word' id='word_1_793' title='bbox 750 2759 801 2785; x_wconf 77' lang='grc' dir='ltr'>ιιι,</span> <span class='ocrx_word' id='word_1_794' title='bbox 817 2751 844 2778; x_wconf 92' lang='lat'><strong>7.</strong></span> <span class='ocrx_word' id='word_1_795' title='bbox 865 2750 887 2768; x_wconf 75' lang='lat'><strong>7‘</strong></span> <span class='ocrx_word' id='word_1_796' title='bbox 901 2750 974 2778; x_wconf 88' lang='lat' dir='ltr'><strong>ibid.</strong></span> 
     </span>
    </p>
   </div>
   <div class='ocr_carea' id='block_1_112' title="bbox 1044 2745 1795 2785">
    <p class='ocr_par' dir='ltr' id='par_1_112' title="bbox 1044 2745 1795 2784">
     <span class='ocr_line' id='line_1_112' title="bbox 1044 2745 1795 2784; baseline -0.009 -6"><span class='ocrx_word' id='word_1_797' title='bbox 1044 2750 1059 2768; x_wconf 80' lang='lat'><strong>&quot;</strong></span> <span class='ocrx_word' id='word_1_798' title='bbox 1073 2749 1165 2778; x_wconf 85' lang='lat' dir='ltr'><strong>Galat.</strong></span> <span class='ocrx_word' id='word_1_799' title='bbox 1179 2758 1218 2784; x_wconf 73' lang='lat' dir='ltr'><strong>vx,</strong></span> <span class='ocrx_word' id='word_1_800' title='bbox 1234 2749 1278 2776; x_wconf 80' lang='grc'><strong>14.</strong></span> <span class='ocrx_word' id='word_1_801' title='bbox 1298 2748 1319 2766; x_wconf 82' lang='grc'><strong>⁷⁸</strong></span> <span class='ocrx_word' id='word_1_802' title='bbox 1335 2746 1428 2776; x_wconf 86' lang='lat' dir='ltr'><strong>Galat.</strong></span> <span class='ocrx_word' id='word_1_803' title='bbox 1443 2755 1472 2781; x_wconf 87' lang='grc' dir='ltr'><strong>ν,</strong></span> <span class='ocrx_word' id='word_1_804' title='bbox 1484 2747 1527 2774; x_wconf 77' lang='grc'><strong>24.</strong></span> <span class='ocrx_word' id='word_1_805' title='bbox 1549 2747 1569 2762; x_wconf 77' lang='grc'><strong>⁷⁷</strong></span> <span class='ocrx_word' id='word_1_806' title='bbox 1586 2745 1689 2781; x_wconf 83' lang='lat' dir='ltr'><strong>Ephes.</strong></span> <span class='ocrx_word' id='word_1_807' title='bbox 1704 2753 1734 2778; x_wconf 91' lang='grc' dir='ltr'><strong>ιι,</strong></span> <span class='ocrx_word' id='word_1_808' title='bbox 1751 2745 1795 2772; x_wconf 85' lang='grc'><strong>45.</strong></span> 
     </span>
    </p>
   </div>
   <div class='ocr_carea' id='block_1_113' title="bbox 182 2822 421 2861">
    <p class='ocr_par' dir='ltr' id='par_1_113' title="bbox 182 2822 421 2861">
     <span class='ocr_line' id='line_1_113' title="bbox 182 2822 421 2861; baseline -0.013 -9"><span class='ocrx_word' id='word_1_809' title='bbox 182 2824 223 2861; x_wconf 88' lang='grc'><strong>(5)</strong></span> <span class='ocrx_word' id='word_1_810' title='bbox 238 2823 314 2860; x_wconf 79' lang='lat' dir='ltr'><strong>Lego</strong></span> <span class='ocrx_word' id='word_1_811' title='bbox 329 2822 421 2850; x_wconf 78' lang='grc' dir='ltr'>νύκτα.</span> 
     </span>
    </p>
   </div>
  </div>
