2048 3106
165 158 224 190 763

752 159 784 189 S.
807 155 1067 188 ATHANASIUS.
1079 171 1117 177 —
1131 155 1284 187 SPURIA.

1814 159 1877 190 ’164

170 226 216 254 nis
232 226 324 253 Adam
350 226 476 260 tenebat,
493 225 556 262 ipse
579 225 708 259 discidit,
732 232 798 252 cum
824 223 854 251 in
876 230 962 251 cruce
977 231 994 251 θ.

1066 218 1228 260 εαραὸάσεως
1255 223 1304 249 τοῦ
1334 220 1432 259 Ἀδὰμ,
1454 221 1534 254 αὐτὸς
1564 221 1684 261 ἔσχισεν,
1706 222 1801 258 ἐπειδή
1827 222 1882 252 ὑπὸ

170 271 286 299 Christo
301 271 409 306 ligatus
426 274 479 298 est.

207 317 318 348 Qumsr.
335 315 401 343 CXI.
420 315 492 348 Quid
517 317 561 343 est
577 315 654 351 quod
672 313 767 350 inquit
783 322 790 341 :
808 324 822 338 ‹‹
839 312 932 348 Surge
947 311 996 348 qui

172 361 292 393 dormis,
316 363 343 387 et
367 368 490 395 exsurge
513 368 530 387 δ.
552 359 686 393 mortuis,
714 361 742 386 et
766 356 946 385 illuminabit
969 357 997 384 te

171 404 303 433 Christus
316 405 360 431 "‘8?
377 416 389 427 ν

206 450 290 477 Ηεςρ,
316 450 509 476 Dormientem
535 450 618 476 vocet
643 456 721 482 eum,
749 447 799 484 qui
815 447 843 474 in
871 445 997 482 peccatis

165 495 244 530 jacet
261 503 266 521 ς
286 503 351 521 nem
369 494 418 528 qui
442 495 466 520 in
486 493 611 528 peccetis
633 493 713 526 Vivit,
729 495 863 520 mortuus
878 491 995 518 dicitur'

171 539 205 566 Et
220 541 252 565 ut
266 542 398 565 mortuus
422 537 581 565 immobilis
605 540 659 572 est,
675 537 717 564 ita
738 536 786 572 qui
813 535 938 572 peccatis
953 536 997 563 est

171 586 318 616 mortuus,
335 584 367 609 ad
388 583 496 610 bonum
513 590 569 610 non
587 583 728 610 movetur.

207 673 375 699 Pnorosmo
392 672 470 699 CXII.
490 682 503 697 ‹‹
515 671 631 699 lnduite
642 672 821 698 armaturam
837 668 886 697 Dei
898 670 929 697 7°.
946 680 960 694 n

205 762 290 789 Rssr.
321 763 431 794 (Totam
463 762 643 789 armaturam
668 760 730 796 Dei)
760 759 831 788 dicit
855 758 994 795 Spiritum

170 809 315 834 sanctum.
339 807 410 833 Nam
438 807 486 841 qui
504 805 631 841 Spiritus
656 804 749 832 sancti
764 812 822 832 non
847 806 891 831 est
907 803 997 841 parti-

171 860 249 887 ceps,
274 851 345 878 nihil
372 853 466 886 potest
495 852 597 878 contra
621 849 802 877 adversariae
827 850 995 884 potestates.

172 907 186 921 ‹‹
215 896 325 923 Etenim
356 905 411 922 non
438 898 482 922 est
506 895 601 930 nobis,
627 894 732 929 inquit,
756 893 835 921 lucta
857 893 997 920 adversus

173 948 289 968 carnem
305 943 333 967 et
358 940 531 975 sanguinem
542 939 573 966 ⁸ο.
590 950 604 964 ››
631 939 692 966 Non
707 938 846 966 adversus
863 937 997 965 homines

171 985 306 1012 videlicet
322 985 429 1011 bellum
447 983 568 1018 geritur,
595 994 605 1007 α
628 983 678 1010 sed
695 983 835 1010 adversus
850 981 996 1018 principa-

171 1030 263 1057 tus“.
280 1040 293 1053 ››
311 1029 493 1064 Principutus
516 1030 614 1056 autem
631 1028 780 1055 daemones
800 1028 882 1054 vocat
901 1026 952 1062 qui
966 1025 998 1054 in

172 1074 226 1102 hoc
241 1074 350 1101 mundo
367 1073 561 1108 principatum
574 1074 684 1104 tenent,
696 1071 882 1099 solummodo
897 1073 997 1099 tamen

173 1119 202 1146 in
219 1127 306 1154 opera
322 1118 520 1146 tenebrarum.
549 1117 606 1145 Hoc
624 1125 691 1144 vero
706 1116 784 1152 quod
808 1115 914 1151 inquit,
937 1126 951 1140 ‹‹
967 1115 997 1143 in

173 1163 372 1190 cislestibus82
390 1171 394 1188 :
412 1174 425 1186 n
445 1162 472 1189 id
489 1163 543 1196 est,
560 1170 616 1189 non
638 1163 756 1198 propter
770 1168 830 1188 rem
845 1160 930 1188 nihili
945 1168 998 1188 nos

174 1210 345 1244 oppugnant
369 1207 524 1240 dmmones,
550 1207 599 1234 sed
627 1208 744 1242 propter
767 1206 896 1233 cmlestia
910 1205 997 1232 bona.

174 1252 247 1286 Quia
262 1252 340 1279 enim
357 1252 391 1278 ad
410 1259 532 1287 regnum
548 1250 663 1279 caeleste
679 1250 898 1283 contendimus,
913 1249 998 1277 vehe-

176 1299 289 1324 menter
304 1305 356 1324 uos
382 1297 566 1331 impugnant.
592 1295 658 1323 Ideo
673 1303 726 1322 nos
742 1302 858 1331 semper
880 1293 1000 1330 vigilare

174 1341 307 1369 convenit
322 1343 350 1367 et
369 1341 473 1368 virtute
496 1340 648 1376 gratiaque
663 1339 770 1367 Christi
786 1339 908 1367 vincere.
926 1339 999 1367 Scu-

175 1388 238 1413 tum
259 1388 355 1413 autem
382 1385 457 1417 Iidei,
485 1385 569 1412 Iidem
591 1386 675 1412 vocat
698 1384 844 1412 sinceram
869 1386 897 1412 et
912 1383 1000 1411 fervi-

176 1431 254 1458 dem.

211 1476 255 1502 27
266 1476 283 1502 7
303 1475 415 1507 ΟυΣΕΞΤ,
433 1474 526 1502 CXIII.
542 1473 615 1506 Quid
632 1475 677 1501 est
692 1473 768 1508 quod
783 1472 873 1501 dicit:
888 1484 902 1499 «
919 1472 1001 1500 Post-

176 1528 263 1555 quam
280 1519 401 1546 exuistis
424 1523 549 1546 veterem
573 1518 735 1550 hominem,
752 1520 781 1545 et
795 1517 934 1545 induistis
950 1526 1002 1546 no-

176 1573 255 1596 vum,
272 1563 320 1598 qui
337 1563 545 1590 renomtur"?
561 1573 575 1588 »

212 1608 299 1634 Rcse.
315 1608 445 1634 Veterem
473 1607 620 1635 hominem
646 1606 717 1634 dicit
732 1614 799 1634 eum
824 1607 874 1643 qui
889 1606 1003 1643 primus

177 1656 242 1688 post
257 1652 371 1686 lapsum
388 1652 453 1678 Adzc
472 1654 558 1680 natus
573 1654 627 1686 est,
645 1651 688 1678 vel
704 1651 923 1688 improbitatem
939 1660 1003 1687 quae

176 1705 210 1724 ex
225 1696 274 1723 illo
286 1696 415 1731 procedit
425 1699 452 1722 et
466 1696 618 1724 malitiam.
629 1696 740 1724 Novum
752 1696 901 1724 hominem
917 1696 1002 1724 intel-

174 1740 240 1776 ligit
253 1740 503 1767 conversationem
519 1740 726 1773 Christianam,
739 1741 817 1776 piam
828 1740 962 1768 videlicet
976 1742 1004 1768 et

177 1786 284 1813 bonam
301 1784 403 1812 vitam.

213 1830 320 1861 Qumsr.
355 1830 444 1857 CXIV.
482 1829 554 1861 Quid
584 1831 629 1857 est
657 1830 733 1865 quod
761 1829 857 1866 inquit
886 1838 893 1858 :
923 1841 937 1854 ‹‹
968 1829 1005 1857 Ut

178 1883 235 1902 non
262 1874 486 1907 contrislemini,
503 1874 578 1902 sicut
600 1875 629 1902 et
652 1874 746 1902 ceteri
772 1874 822 1910 qui
848 1882 929 1910 spem
946 1882 1004 1902 non

179 1919 287 1947 habent
298 1919 320 1935 ⁸⁸
330 1919 343 1945 ?
360 1930 372 1942 ι)

214 1965 299 1991 Rsss.
317 1964 369 1996 Qui
387 1973 443 1990 nnn
470 1964 578 1991 habent
600 1971 680 1999 spem
698 1963 930 1998 resurrectionis,
945 1962 1005 1991 illis

179 2009 312 2036 convenit
328 2008 433 2036 dolere.
456 2009 529 2036 Nota
544 2010 640 2036 autem
666 2009 813 2043 quomodo
837 2008 873 2036 de
889 2008 1005 2036 Christo

180 2053 295 2084 dixerit,
330 2053 404 2087 quod
442 2055 575 2080 mortuus
600 2052 638 2080 sit
669 2055 698 2080 et
730 2052 930 2080 resurrexerit.
967 2054 1005 2079 De

181 2097 328 2124 communi
346 2105 410 2123 vero
429 2096 534 2131 populo
550 2097 633 2130 dixit,
648 2107 658 2122 ι
671 2097 722 2132 qui
734 2097 925 2130 dormierunt,
944 2107 954 2121 ιο
974 2098 1006 2124 ut

181 2141 347 2168 ostenderet
363 2142 450 2168 etiam
476 2149 525 2169 eos
549 2141 599 2177 qui
615 2140 766 2169 dormiunt
787 2150 852 2170 esse
873 2149 1005 2170 resurre-

182 2188 290 2214 cturos.

216 2231 327 2262 Qu/ssr.
346 2230 423 2258 CXV.
442 2230 513 2261 Quid
530 2232 575 2258 est
589 2229 661 2257 illud
680 2238 686 2257 :
704 2240 718 2255 «
732 2230 794 2258 Non
810 2230 941 2266 rapinam
958 2238 1006 2258 ar-

180 2275 307 2302 bitratus
324 2278 367 2302 est
383 2275 524 2309 mqualem
542 2283 573 2302 se
588 2282 653 2302 esse
667 2274 725 2302 Deo
736 2274 781 2301 ⁸⁸⁸1
796 2285 810 2299 ››

219 2322 301 2347 Rssr.
319 2320 398 2351 Quod
415 2318 571 2354 Apostolus
582 2318 664 2350 dicit,
675 2320 720 2347 est
729 2319 875 2354 ejusmodi
892 2328 899 2348 :
919 2318 1008 2347 Filius

182 2365 242 2399 Dei,
260 2364 309 2399 qui
326 2364 412 2391 etiam
432 2364 492 2399 ipse
508 2363 595 2397 Deus,
608 2362 707 2391 volens
721 2362 751 2390 in
765 2365 873 2390 terram
889 2364 1010 2391 descen-

182 2410 260 2440 dere,
269 2411 297 2436 et
308 2409 449 2436 incernari
457 2429 463 2439 ,
475 2417 531 2436 non
541 2408 651 2435 veritus
666 2409 711 2435 est
719 2416 734 2435 ιι
743 2416 796 2435 sua
803 2407 945 2443 dignitate
960 2407 1009 2435 de-

182 2454 393 2488 scendere.Neq
400 2462 433 2480 ue
440 2453 516 2480 enim
524 2461 559 2480 ex
565 2451 857 2488 rapiuadivinitatem
866 2460 951 2480 suam
961 2452 1011 2480 ha.

181 2498 283 2525 hebet:
293 2498 379 2525 veluti
392 2498 414 2524 si
428 2498 493 2531 quis
503 2505 553 2533 per
563 2497 696 2534 rapinam
704 2496 816 2532 aliquid
828 2496 1012 2530 habel,timet

182 2551 218 2570 ne
234 2542 305 2569 illud
324 2543 432 2576 perdat.
452 2542 531 2570 Talis
543 2550 599 2570 non
610 2544 671 2570 erat
687 2541 833 2575 Christus,
845 2541 940 2569 absit!
959 2541 1011 2569 sed

183 2596 248 2615 cum
262 2588 407 2623 perfectus
422 2590 495 2614 licus
505 2589 593 2620 esset,
608 2587 693 2614 homo
706 2594 823 2623 quoque
834 2585 897 2613 ﬁeri
909 2586 1010 2614 votuit.

218 2633 331 2664 Qussr.
349 2632 440 2659 CXVI.
461 2642 472 2655 ιι
489 2633 547 2659 Hoc
558 2630 636 2659 enim
649 2631 731 2659 vobis
742 2630 869 2659 dicimus
884 2629 914 2658 in
925 2630 1011 2658 verbo

185 2676 300 2704 Domini
312 2677 344 2703 ⁸⁵.
362 2688 375 2701 )ι

1052 267 1171 303 Χριστοῦ
1186 264 1332 303 ἐδεσμεύθη
1350 266 1393 293 ἐπὶ
1407 265 1456 294 τοῦ
1472 269 1599 304 σταυροῦ.

1087 311 1186 347 Ἐρώτ.
1213 315 1273 349 ρια¹.
1286 310 1317 338 Τί
1342 310 1426 349 λέγει·
1443 323 1457 337 u
1474 312 1594 350 Ἐγειραι
1625 311 1640 339 ὁ
1668 311 1818 347 καθιύδων,
1833 313 1879 341 καὶ

1052 355 1152 383 ἀνάστα
1180 355 1210 383 ἐκ
1235 358 1289 383 τῶν
1317 358 1432 394 νεκρῶν,
1460 355 1506 384 καὶ
1535 355 1677 396 ἐπιφαύσει
1706 367 1748 385 σοι
1776 358 1790 385 ὁ
1813 360 1880 396 Χρι-

1052 400 1114 430 στός
1128 409 1135 434 ;
1153 412 1167 426 ››

1087 444 1184 473 Ἀπόκ.
1201 443 1373 473 Καθεύδοντα
1392 444 1466 482 λέγει
1489 445 1535 473 τὸν
1561 444 1587 473 ἐν
1615 445 1760 484 ἁμαρτίαις
1787 446 1881 484 κείμε-

1051 497 1107 518 νον.
1124 489 1174 517 Καὶ
1188 489 1240 527 γὰρ
1256 489 1270 517 ὁ
1285 489 1311 517 ἐν
1328 489 1472 527 ἁμαρτίαις
1487 492 1539 524 ζῶν
1555 490 1648 527 νεκρὸς
1663 490 1769 529 λέγεται
1796 491 1875 520 εἶναι.

1052 534 1102 562 Καὶ
1118 533 1209 571 ὥσπερ
1226 534 1240 561 ὁ
1261 534 1356 572 νεκρὸς
1377 533 1505 570 ἀκίνητός
1520 533 1602 570 ἐστιν,
1619 534 1691 563 οὕτω
1713 535 1758 563 καὶ
1783 536 1798 563 ὁ
1821 539 1881 567 ταῖς

1052 578 1198 617 ἁμαρτίαις
1236 578 1437 617 νενεκρωμίνος
1469 578 1538 617 πρὸς
1562 579 1594 607 τὸ
1622 579 1720 617 ἀγαθὸν
1751 580 1881 616 ἀκίνητος

1053 623 1138 660 μένει.

1087 668 1216 705 Κείμενον
1243 667 1306 706 ριβ’.
1334 680 1349 695 ‹‹
1376 666 1536 701 Ἐνδύσασθε
1562 669 1612 703 τήν
1642 668 1798 697 πανοπλίαν
1831 672 1881 697 τοῦ

1052 714 1129 741 Θιοῦ.
1146 724 1161 739 ι)
1865 713 1883 723 ”

1087 756 1183 785 Ἀπόκ.
1199 757 1279 793 Λέγει
1307 756 1338 784 τὸ
1365 758 1476 794 Πνεῦμα
1502 758 1534 785 τὸ
1561 758 1650 796 ἅγιον.
1666 758 1696 787 Ὁ
1718 758 1769 796 γὰρ
1795 758 1880 795 ἇμέτο

1052 811 1121 839 οχος
1136 803 1184 829 τοῦ
1200 801 1357 839 Πνεύματος
1373 801 1406 829 οὐ
1427 800 1539 833 δυνατός
1564 801 1620 830 ἐστι
1645 803 1713 841 πρὸς
1736 803 1785 834 τὰς
1806 803 1882 831 ἀντι-

1050 847 1177 883 κειμένας
1197 845 1336 883 δυνάμεις.
1367 858 1381 872 ιι
1410 846 1460 874 Καὶ
1488 847 1539 885 γὰρ
1568 847 1618 875 οὐκ
1645 846 1717 875 ἔστιν
1743 848 1760 882 ἡ
1789 847 1880 884 πάλη,

1052 891 1129 929 φησὶ,
1145 891 1215 929 πρὸς
1230 891 1299 928 αἷμα
1314 890 1358 919 καὶ
1374 891 1468 928 σάρκα·
1486 903 1500 917 ››
1514 890 1612 929 ἤγουν,
1628 891 1659 919 οὐ
1683 891 1751 929 πρὸς
1775 891 1881 930 ἀνθρώ-

1051 945 1119 966 πους
1149 935 1219 962 ἐστὶν
1248 935 1263 962 ὁ
1289 934 1424 972 πόλεμος,
1440 947 1455 961 (ί
1478 935 1551 964 ἀλλὰ
1579 936 1647 974 πρὸς
1673 936 1721 967 τὰς
1749 936 1847 975 ἀρχάς.
1865 949 1879 963 η

1052 980 1153 1018 Ἀρχὰς
1173 978 1201 1007 δὲ
1216 978 1290 1017 λέγει
1306 979 1370 1011 τοὺς
1386 978 1525 1016 δαίμονας,
1543 979 1637 1015 ἐπειδὴ
1661 979 1687 1007 ὲν
1714 982 1755 1016 τῷ
1783 980 1882 1018 κόσμῳ

1051 1024 1141 1061 τούτῳ
1156 1023 1298 1062 ἄρχουσιν,
1314 1023 1388 1052 ἀλλὰ
1401 1026 1454 1052 τῶν
1472 1024 1558 1062 ἔργων
1573 1027 1625 1052 τοῦ
1650 1025 1775 1056 σκότους.
1790 1025 1826 1053 Τὸ
1852 1024 1882 1053 δὲ

1053 1082 1067 1096 ‹‹
1084 1069 1111 1097 ἐν
1125 1071 1184 1100 τοῖς
1204 1068 1388 1106 ἐπουρανίοις,
1406 1081 1420 1095 n
1435 1068 1529 1104 ἐπειδὴ
1559 1069 1592 1097 οὖ
1619 1068 1665 1097 διὰ
1680 1069 1777 1108 μικρὸν
1803 1068 1882 1108 ἔργον

1052 1114 1220 1151 πολεμοῦσιν
1236 1115 1310 1151 ἡμᾶς
1326 1114 1352 1141 οἱ
1366 1112 1505 1151 δαίμονες,
1520 1113 1594 1143 ἀλλὰ
1608 1113 1654 1142 διὰ
1673 1114 1788 1152 οὐράνια
1814 1114 1880 1153 ἄτας

1053 1160 1096 1192 ed.
1123 1157 1233 1194 Ἐπειδὴ
1260 1158 1311 1197 γὰρ
1336 1158 1527 1196 ἀγωνιζόμεθα
1552 1157 1597 1187 διὸ.
1618 1159 1667 1194 τὴν
1698 1159 1724 1187 ἒν
1752 1159 1879 1198 οὐρανοῖς

1055 1202 1207 1243 βασιλείαν,
1223 1205 1390 1240 πολεμοῦσιν
1404 1204 1479 1240 ἡμᾶς
1494 1202 1636 1242 χαλεπῶς.
1655 1204 1705 1231 Διᾶ
1722 1206 1805 1232 τοῦτο
1828 1204 1878 1241 ἆρ-

1056 1248 1132 1285 μόζει
1146 1247 1261 1276 πάντοτε
1275 1250 1433 1286 γρηγορεῖν,
1449 1248 1495 1275 καὶ
1516 1250 1590 1283 νικᾷν
1613 1247 1711 1279 αὐτοὺς
1733 1250 1769 1285 τῇ
1798 1247 1879 1276 δυνά-

1056 1303 1100 1329 μει
1128 1293 1173 1320 καὶ
1197 1291 1290 1330 χάριτι
1311 1294 1360 1320 τοῦ
1382 1293 1511 1330 Χριστοῦ.
1528 1293 1627 1329 Θυρεὸν
1651 1291 1681 1320 δὲ
1693 1296 1746 1328 τῆς
1760 1293 1880 1324 πίστεως

1053 1337 1103 1371 τὴν
1114 1336 1203 1365 πίστιν
1219 1336 1290 1374 λέγει
1304 1336 1354 1371 τὴν
1370 1335 1504 1375 εἰλικρινῆ
1520 1336 1565 1364 καὶ
1581 1335 1724 1375 διάπυρον.

1090 1470 1189 1508 Ἐρώτ.
1215 1470 1278 1508 ριγ’.
1303 1469 1335 1498 Τί
1360 1468 1444 1508 λέγει·
1461 1482 1475 1496 α
1501 1467 1732 1507 Ἀπεκδυσάμενοι
1754 1470 1801 1498 τὸν
1827 1481 1879 1498 πα-

1056 1513 1133 1543 λαιὸν
1153 1513 1305 1552 ἄνθρωπον,
1321 1514 1366 1542 καὶ
1390 1512 1565 1552 ἐνδυσάμενοι
1587 1515 1634 1543 τὸν
1659 1515 1729 1551 νὲον,
1745 1515 1790 1543 τὸν
1817 1516 1882 1543 ἀνα-

1055 1559 1249 1596 καινούμενονς
1267 1571 1281 1585 ››

1095 1603 1190 1633 Ἀπόκ.
1208 1602 1330 1632 Παλαιὸν
1360 1602 1502 1642 ἄνθρωπον
1524 1603 1572 1631 τᾶν
1596 1606 1705 1642 πρῶτον
1732 1603 1820 1642 λέγει,
1839 1605 1886 1633 τὸν

1057 1649 1110 1677 ἀπὸ
1139 1652 1190 1683 τῆς
1216 1648 1346 1679 τιτώσιως
1375 1648 1423 1675 τοῦ
1443 1646 1532 1685 Ἀδὰμ
1557 1649 1764 1686 γεγεννημένον,
1793 1649 1812 1684 ἢ
1838 1649 1888 1684 τὴν

1057 1692 1189 1730 πονηρίαν
1219 1693 1270 1727 τήν
1296 1692 1322 1728 ἐξ
1350 1692 1433 1720 αὐτοῦ
1462 1692 1507 1720 καὶ
1535 1695 1622 1720 πᾶσαν
1650 1692 1755 1721 κακίαν·
1772 1693 1832 1721 νέον
1858 1691 1889 1721 δὲ

1058 1737 1200 1776 ἄνθρωπον
1229 1738 1279 1772 τὴν
1308 1737 1377 1765 κατᾶ
1399 1737 1512 1774 Χριστὸν
1533 1736 1683 1773 πολιτείαν,
1710 1736 1773 1772 ἤτοι
1795 1737 1884 1775 ἐνάρι-

1057 1793 1103 1810 τον
1119 1782 1164 1810 καὶ
1179 1781 1281 1820 ἀγαθὴν
1296 1780 1448 1810 πολιτείαν.

1095 1826 1191 1864 Ἐρώτ.
1216 1824 1277 1864 ριὸ’,
1301 1825 1332 1853 Τί
1360 1825 1445 1863 λὲγει·
1462 1837 1477 1852 (ι
1492 1826 1551 1855 "Iv:
1571 1827 1609 1863 μὴ
1635 1825 1769 1863 λυπῆσθε,
1793 1827 1884 1859 καθὼς

1057 1871 1103 1899 καὶ
1120 1871 1146 1898 οἱ
1163 1870 1268 1907 λοιποὶ,
1283 1871 1310 1898 οἳ
1327 1870 1365 1907 μὴ
1381 1867 1490 1908 ἔχοντες
1505 1869 1622 1906 ἐλπίδα,
1636 1880 1652 1898 ι

1095 1959 1189 1988 Ἀπόκ.
1216 1959 1250 1988 Οἱ
1281 1959 1319 1995 μή
1350 1956 1459 1997 ἔχοντες
1489 1958 1586 1987 ἐλπίδα
1611 1959 1791 1995 ἀναστάσεως,
1818 1959 1886 1988 Exsi-

1059 2015 1101 2033 νοι
1130 2004 1243 2043 ἁρμόζει
1274 2003 1426 2032 λυπεῖσθαι.
1454 2003 1578 2041 Πρόσεχε
1592 2002 1632 2040 δὲ,
1657 2007 1717 2035 πῶς
1746 2004 1791 2032 ἐπὶ
1819 2006 1886 2043 Χρι-

1059 2051 1123 2077 στοῦ
1152 2049 1235 2083 εἶπεν,
1266 2048 1307 2076 ὅτι
1336 2048 1452 2080 ἀπέθανε
1479 2048 1524 2075 καὶ
1554 2048 1660 2084 ἀνέστη.
1689 2048 1752 2077 Ἑπί
1780 2048 1810 2076 δὲ
1837 2051 1887 2077 τοῦ

1058 2096 1152 2121 κοινοῦ
1168 2093 1246 2129 λαοῦ,
1263 2092 1331 2128 εἶπε,
1351 2104 1362 2120 ι
1379 2094 1434 2121 τῶν
1455 2092 1680 2130 κικοιμωμὲνων,
1703 2105 1713 2119 ι
1729 2092 1776 2121 ἵνα
1800 2092 1886 2130 δείξῃ,

1060 2137 1101 2166 ὅτι
1117 2137 1145 2165 οἳ
1160 2138 1331 2175 κοιμώμενοι
1348 2136 1555 2172 ἀναστήσονται.

1097 2227 1194 2265 Ἐρώτ.
1211 2229 1265 2265 ρκ’.
1282 2225 1314 2253 Τί
1329 2225 1412 2265 λέγει·
1430 2237 1444 2252 ‹‹
1459 2224 1522 2264 Οὐχ
1541 2225 1684 2264 ἁρπαγμὸν
1706 2225 1832 2263 ἡγήσατο
1856 2226 1888 2253 τὸ

1021 2279 1045 2312 D
1061 2271 1128 2300 dm
1141 2270 1186 2299 ἴσα
1199 2273 1258 2308 Θεῷ
1271 2280 1278 2306 ;
1296 2283 1310 2297 »

1099 2315 1196 2345 ’Δπόκ.
1215 2316 1250 2344 ⁸0
1278 2315 1351 2353 λέγει
1378 2312 1502 2343 τοιοῦτὸν
1527 2314 1609 2342 ἐστιν·
1634 2315 1695 2344 ’Ότι
1717 2315 1731 2342 ὁ
1751 2314 1813 2346 Υἱὸς
1839 2316 1891 2342 τοῦ

1065 2363 1143 2396 Θεοῦ,
1167 2360 1213 2388 καὶ
1241 2360 1305 2391 Θεὸς
1337 2359 1483 2398 βουληθεὶς
1507 2356 1655 2394 καταϐῆναι
1684 2358 1728 2386 ἐπὶ
1754 2361 1806 2393 τῆς
1835 2361 1891 2396 γῆς

1064 2405 1108 2433 καὶ
1124 2406 1306 2442 σαρκωθῆναι,
1323 2403 1372 2432 οὐκ
1400 2401 1523 2443 ἐφοϐήθη
1553 2401 1704 2439 καταϐῆναι
1730 2402 1779 2431 τοῦ
1808 2402 1892 2439 ἀξιώ-

1067 2460 1162 2487 ματος.
1178 2449 1217 2479 Οὐ
1229 2449 1279 2487 γὰρ
1295 2449 1367 2487 εἶχεν
1383 2448 1409 2485 ἐξ
1424 2449 1549 2487 ἁρπαγῆς
1575 2449 1625 2483 τήν
1657 2447 1782 2483 θεότητα,
1798 2447 1892 2485 ὥσπερ

1063 2505 1106 2526 τις
1121 2491 1181 2532 ἔχει
1208 2496 1323 2532 πρᾶγμα
1337 2493 1363 2529 ἐξ
1379 2494 1516 2532 ἁρπαγῆς,
1533 2492 1577 2521 καὶ
1606 2490 1729 2532 φοϐεῖται
1757 2491 1892 2520 ἀπολέσαι

1065 2539 1141 2567 αὐτό.
1158 2538 1194 2566 Οὐ
1218 2541 1343 2570 τοιοῦτος
1368 2538 1402 2573 ἦν
1428 2538 1444 2566 ὸ
1466 2538 1593 2576 Χριστὸς,
1611 2538 1649 2574 μή
1673 2537 1800 2576 γὲνοιτοῑ
1817 2536 1893 2565 ἄλλὶ

1066 2585 1131 2615 Θεὸς
1160 2582 1196 2611 ὢν
1225 2583 1341 2618 τέλειος,
1366 2581 1487 2619 ἠθέλησε
1511 2582 1556 2611 καὶ
1586 2582 1729 2620 ἅνθρωπος
1756 2582 1893 2620 γενέσθαι.

1102 2629 1199 2666 Ἐρώτ.
1221 2628 1282 2666 ρις’.
1300 2640 1312 2654 ι
1331 2629 1419 2657 Τοῦτο
1443 2628 1493 2665 γὰρ
1519 2627 1582 2664 ὑμῖν
1612 2626 1730 2665 λὲγομεν
1759 2625 1786 2654 ἐν
1814 2625 1895 2663 λόγῳ

1066 2672 1177 2712 Κυρίου.
1195 2684 1209 2699 ››

220 2793 241 2810 τε
258 2793 414 2846 Ephesum
443 2794 483 2819 14.
522 2793 545 2810 7°
558 2792 664 2830 Ephes.
688 2801 728 2828 v1,
753 2792 797 2820 11.
835 2792 858 2810 ⁸⁰
871 2792 943 2820 ibid.
968 2792 1001 2820 12

269 2829 279 2846 Ι
307 2829 420 2846 ῠιιιιιηη
450 2838 469 2846 n
497 2829 514 2846 Α
562 2828 717 2846 ΜΙΨὶιααα
744 2836 772 2846 m
799 2828 830 2846 4Ᾱ

1066 2792 1071 2810 ι
1095 2790 1168 2819 ibid.
1206 2791 1229 2809 “
1243 2791 1315 2820 ibid.
1353 2790 1501 2821 “Coloss.
1526 2798 1570 2827 lu,
1594 2791 1622 2819 9.
1659 2789 1683 2807 "
1702 2788 1834 2818 IThou.
1850 2797 1891 2826 Iv,

187 2830 230 2858 12.
269 2828 291 2846 ³⁸
307 2829 431 2865 Philipp.
450 2838 482 2863 ιι,
497 2829 524 2856 6.
562 2828 612 2856 ⁸⁸⁷1
626 2828 728 2857 Thess.
744 2836 783 2863 IV,
799 2828 842 2856 14.
