2048 3106
191 159 250 189 ’167

774 157 804 189 S.
827 150 1140 188 ATHANASIUS.—
1159 156 1314 187 SPURIA.

1839 160 1901 191 768

231 228 321 254 ALIUD
354 236 388 254 ne
416 235 519 254 EODEM.
550 226 585 254 Et
612 225 721 254 aliter:
749 206 929 260 Quicumque
956 221 1020 250 vult

1112 222 1223 259 Ἕτερον
1253 221 1291 253 εἰς
1315 223 1347 250 τὸ
1371 222 1446 252 αὐτό.
1475 224 1524 251 Καὶ
1553 222 1658 255 ἄλλως·
1684 227 1740 255 Πᾶς
1766 225 1780 252 ὁ
1809 224 1899 257 θέλων

196 272 230 299 ad
248 280 320 307 opus
337 271 385 298 Dei
414 271 556 305 laborare,
581 271 630 307 qui
659 270 731 298 alios
755 270 867 301 docere,
892 268 936 295 vel
952 266 1018 295 aliis

194 316 254 343 vult
272 316 419 351 prodesse,
437 316 518 343 decet
537 315 619 342 illum
635 315 743 350 ipsum.
761 314 809 349 qui
834 313 907 340 alios
922 313 1017 344 docet,

193 360 222 387 in
240 361 342 396 primis
359 369 490 387 exercere
503 360 637 392 virtutes,
654 361 686 386 ut
700 358 823 394 accipiat
837 366 854 385 a
868 357 926 385 Deo
941 357 1019 383 dona

195 405 304 441 gratiis.
323 409 349 431 rt
371 405 502 438 acquirat
526 405 636 432 fructus
659 403 752 431 sancti
776 402 913 438 Spiritus,
929 404 1018 436 atque

193 450 348 477 thesauros
362 449 537 484 cognitionis
548 449 691 476 bonorum
704 447 763 475 Dei.
782 447 825 474 Ita.
836 447 893 481 fiet,
911 448 942 473 ut
952 445 1018 473 aliis

196 503 311 529 quoque
329 494 418 529 possit
432 493 573 529 impertiri
587 494 672 521 dona.
689 492 762 520 Nam
775 491 799 518 si
811 491 878 527 quis
890 490 1017 525 aliquem

197 538 259 566 oleo
274 539 334 565 suis
352 538 487 565 manibus
512 546 620 573 ungere
644 536 755 570 volens,
771 536 867 564 oleum
893 544 950 562 non
966 534 1017 562 hn-

196 584 270 617 beat,
290 584 435 618 quomodo
452 582 643 617 impertiverit
659 581 724 608 aliis
746 581 773 608 id
790 581 864 616 quod
881 579 944 616 ipse
960 587 1017 606 non

195 628 305 655 habet?
318 628 422 654 Eodem
437 627 521 654 modo
533 627 569 654 de
580 626 696 654 doctore
706 627 751 653 est
761 624 1017 657 sentiendum,sic-

196 674 229 700 ut
245 672 354 698 dictum
372 674 423 698 est.

234 762 345 794 Qumsr.
364 761 440 787 CXX.
461 770 473 786 ι
490 759 621 796 Intellige
637 768 701 796 quae
718 759 783 787 dico
794 760 827 786 οι.
845 770 859 783 ιι

236 808 320 833 Resp.
340 807 410 838 Quia
436 814 486 842 per
514 806 668 842 parabolas
695 805 720 832 ei
737 805 895 840 scripserat
910 803 1019 837 omnia,

198 854 350 888 propterea
381 851 467 878 dicit:
496 851 630 878 Attende.
661 851 696 877 Et
721 858 779 877 non
804 849 935 877 obsecuti
952 850 1021 876 sunt

198 897 334 923 mendalr)
366 896 462 923 Musis.
492 895 632 931 Praecepit
661 895 767 927 Moses,
796 896 824 921 et
852 893 1021 921 occiderunt
1038 909 1061 941 Β

197 948 254 969 eos.
275 941 329 967 tris
360 940 451 967 millia
480 947 612 967 numero.
638 940 673 966 Et
698 939 752 967 hoc
769 940 823 972 est,
853 938 929 973 quod
952 937 1023 964 dicit

198 985 367 1020 Scriptura:
386 997 397 1007 α
417 986 545 1016 Quorum
563 984 696 1011 membra
718 982 912 1011 conciderunt
928 981 957 1009 in
973 982 1023 1009 de-

198 1035 275 1057 serto
285 1030 315 1055 9'.
333 1040 346 1054 η

235 1075 321 1101 Pnor.
348 1074 443 1101 CXXI.
474 1085 487 1098 (ι
515 1073 617 1101 Omnis
647 1072 843 1109 prmvericatio
872 1073 900 1099 et
923 1071 1022 1099 inobe-

199 1119 309 1146 dientia
326 1119 437 1153 accepit
448 1118 561 1153 justam
574 1117 717 1145 mercedis
729 1116 950 1145 retributionem
961 1116 994 1143 ⁸³.
1009 1126 1023 1140 ››

236 1166 350 1190 Ixrrnn.
373 1164 544 1198 Quicunque
571 1161 749 1197 transgressi
778 1162 849 1189 sunt
867 1163 896 1188 et
922 1160 1023 1188 inobe-

201 1208 312 1235 dientes
330 1208 447 1234 fuerunt
462 1207 490 1234 in
507 1206 569 1243 lege
585 1206 684 1240 veteri,
701 1206 845 1242 condigna
855 1213 940 1241 poene
954 1206 1025 1233 eunt

201 1253 306 1280 aifecti.
324 1252 394 1279 Nam
424 1252 516 1278 Adam
543 1251 592 1287 qui
609 1254 797 1286 trangressus
827 1250 931 1283 fuerat,
952 1258 1023 1277 con-

200 1298 356 1324 demnatus
373 1300 415 1323 cst
429 1297 462 1313 9³·
476 1305 481 1323 :
497 1295 566 1323 Cain
591 1303 658 1323 cum
675 1297 834 1331 peccasset,
852 1294 1025 1322 maledictue

202 1342 255 1368 fuit
267 1343 298 1367 ‘3".
317 1342 348 1368 Et
366 1341 403 1367 illi
421 1340 470 1375 qui
486 1340 667 1376 temporibus
678 1339 737 1367 Noe
753 1340 830 1367 mala
844 1341 1025 1374 perpetrave-

202 1389 277 1419 rant,
294 1395 368 1421 uquu
386 1385 531 1413 submersi
554 1386 633 1412 sunt.
659 1384 825 1418 Sodomitas,
842 1383 891 1419 qui
908 1385 1024 1419 turpem

202 1432 345 1467 degebant
361 1432 460 1463 vitam,
477 1429 658 1457 borribiliter
668 1428 814 1457 submersi
830 1431 910 1456 sunt.
925 1428 961 1456 Et
975 1428 1025 1455 Ju-

204 1477 266 1510 daei,
285 1477 332 1513 qui
364 1484 437 1510 ss‘pe
453 1476 593 1503 adversus
619 1475 775 1510 prophetas
794 1474 1025 1506 insurrexerunt,

204 1522 315 1556 plagas,
333 1521 457 1555 flagella,
475 1519 619 1556 supplicia
634 1528 649 1546 a
667 1520 727 1547 Deo
743 1521 927 1555 ucceperunt.
943 1519 1026 1546 Nunc

204 1567 302 1600 itnquo
320 1566 372 1592 hoc
388 1566 473 1592 dicit:
486 1566 556 1593 Cum
574 1565 603 1592 in
613 1565 700 1593 veteri
717 1565 779 1601 lege
792 1567 935 1600 quotquot
947 1573 1027 1592 man-

205 1612 304 1638 datum
322 1611 436 1637 Domini
462 1614 645 1647 spreverunt,
661 1619 714 1638 nec
737 1611 976 1645 obtemperarunt
990 1610 1027 1638 iis

203 1663 266 1690 quae
283 1654 376 1689 angr-li
405 1658 432 1681 et
449 1654 595 1690 propheta;
624 1654 849 1687 annuntiabant,
862 1654 929 1689 jure
956 1662 1026 1690 sup-

202 1698 323 1734 plicium
354 1698 461 1725 lucriut
489 1697 621 1733 iramque
646 1697 696 1725 Dei
722 1698 752 1725 in
777 1706 808 1726 se
832 1698 1024 1731 concitarint;

203 1743 347 1778 quomodo
363 1751 414 1769 nos
431 1741 614 1775 effugiemus,
630 1742 653 1769 si
677 1744 788 1769 tantam
814 1742 1027 1778 neglexerimus

204 1787 341 1819 salutem,
357 1796 419 1822 quae
446 1794 540 1822 neque
556 1794 607 1822 per
629 1786 760 1822 angelos,
778 1794 872 1822 neque
895 1794 946 1821 per
961 1794 1027 1822 pro-

205 1833 308 1868 phetas
326 1831 408 1858 nobis
424 1834 468 1859 est
488 1831 606 1865 tradita,
624 1830 674 1858 sed
690 1839 740 1866 per
762 1830 859 1866 ipsum
877 1830 1026 1858 Christum

206 1879 233 1904 et
250 1877 339 1904 Deum
352 1878 365 1903 ’ἰ
380 1877 451 1903 Nam
468 1876 573 1903 veteris
589 1876 706 1911 quidem
732 1875 806 1910 legis
823 1874 958 1903 minister
974 1875 1029 1902 fuit

206 1921 312 1954 Moses,
330 1930 408 1947 novre
430 1923 527 1948 autem
552 1919 696 1948 Christus.
713 1919 837 1948 Multum
863 1919 953 1955 igitur
967 1919 1028 1947 hino

204 1966 379 2001 legislatiuni
397 1967 516 2000 przestat
539 1964 638 1997 veteri,
661 1964 738 2000 quod
764 1964 802 1991 ibi
828 1964 872 1992 lex
894 1972 946 2000 per
967 1972 1028 1992 ser-

204 2019 273 2037 vum
291 2011 329 2037 sit
345 2010 558 2043 administrata,
576 2009 638 2037 bzec
660 2017 726 2037 vero
748 2017 799 2045 per
818 2009 913 2045 ipsum
931 2009 1028 2037 Domi-

208 2064 277 2081 num
292 2055 449 2081 Christum.
464 2054 607 2082 Debemus
621 2062 689 2089 ergo
701 2054 911 2088 indubitanter,
922 2062 956 2081 ea
966 2062 1029 2089 qua!

211 2099 294 2126 nobis
311 2101 452 2133 prmrepta
467 2101 537 2125 sunt
547 2100 694 2134 praestare,
707 2106 742 2125 ne
757 2099 842 2126 nobis
858 2106 946 2134 quam
957 2101 1032 2126 vete-

211 2143 292 2170 ribus
309 2143 427 2177 gravius
439 2142 583 2177 judicium
599 2142 638 2169 sit
655 2142 852 2170 subeundum.

249 2188 334 2214 l’nnp.
353 2186 458 2214 CXXII.
475 2197 489 2211 ‹‹
500 2186 561 2213 Non
578 2185 653 2213 enim
669 2186 781 2221 angelis
795 2187 922 2222 subjecit
931 2187 1031 2215 orbem

210 2235 292 2260 terra:
310 2234 453 2264 futurum,
469 2231 504 2258 de
514 2238 572 2266 quo
587 2229 737 2266 loquimur
746 2231 778 2257 π.
796 2242 809 2256 »ι

1072 268 1169 301 κοπιᾷν
1184 266 1222 297 εἲς
1235 267 1266 294 τὸ
1281 267 1359 305 ἔργον
1380 270 1429 295 τοῦ
1454 271 1532 303 Θεοῦ,
1548 268 1593 296 καὶ
1610 267 1744 296 διδάσκειν
1767 269 1812 297 καὶ
1828 270 1901 309 ὠφε-

1073 309 1130 338 λεῖν
1147 310 1261 346 ἄλλους,
1277 312 1391 350 ἁρμόζει
1411 316 1519 351 πρῶτον
1540 313 1641 341 ἐκεῖνον
1666 314 1710 342 τὸν
1727 312 1901 351 διδάσκαλον,

1070 354 1117 382 ἵνα
1141 356 1283 394 ἐργάζηται
1309 357 1357 388 τὰς
1382 358 1488 395 ἀρετὰς,
1512 358 1556 385 καὶ
1580 356 1651 395 λάϐῃ
1675 359 1746 395 παρᾶ
1769 361 1837 386 Θεοῦ
1864 360 1902 387 τὰ

1073 400 1239 438 χαρίσματα,
1268 401 1314 428 καὶ
1343 402 1491 437 κτήσασθαι
1519 402 1583 433 τοὺς
1611 402 1731 441 καρποὺς
1755 405 1804 430 τοῦ
1820 403 1902 441 ἁγίου

1074 444 1239 482 Ηνεῦματος,
1267 445 1312 473 καὶ
1338 446 1401 477 τοὺς
1429 447 1581 486 θησαυροὺς
1609 451 1659 483 τῆς
1688 448 1814 485 γνώσεως
1844 451 1901 476 τῶν

1073 490 1178 528 ἀγαθῶν
1192 491 1240 517 τοῦ
1256 492 1332 517 Θεοῦ·
1349 490 1393 518 καὶ
1417 491 1479 519 τότε
1503 490 1644 527 δυνήσεται
1668 493 1712 520 καὶ
1737 491 1836 523 ἄλλοις
1854 503 1902 529 με·

1073 532 1199 562 ταδοῦναι
1215 536 1268 561 τῶν
1295 533 1415 572 δωρεῶν.
1434 535 1483 563 Καὶ
1507 536 1559 574 γὰρ
1583 539 1634 567 πᾶς
1648 536 1662 563 ὁ
1677 536 1764 568 θέλων
1792 536 1905 574 ἀλεῖψαί

1074 589 1134 606 σινα
1159 578 1250 606 ἔλαιον
1273 578 1299 606 ἐν
1325 580 1385 610 ταῖς
1413 580 1507 618 χερσὶν
1538 580 1631 616 αὐτοῦ,
1648 580 1670 607 εἰ
1697 582 1735 617 μὴ
1752 579 1823 619 ἔχει,
1840 584 1902 612 πῶς

1073 622 1171 654 ἄλλοις
1202 622 1366 660 μεταδίδωσι
1390 623 1456 662 ὅπερ
1480 624 1561 656 αὐτὸς
1584 624 1615 652 οὗ
1640 625 1767 660 κέκτηται
1781 635 1788 660 ;
1804 627 1903 653 Τοιου-

1073 668 1214 705 τοτρόπως
1245 678 1291 705 μοι
1322 668 1376 696 νόει
1404 669 1449 696 καὶ
1476 668 1520 696 ἐπὶ
1545 671 1594 697 τοῦ
1620 668 1797 705 διδασκάλου,
1812 670 1906 701 καθὼς

1075 712 1190 751 ε’ἱρηται.

1111 758 1207 795 Ἑρώτ.
1222 758 1271 796 ρκ’.
1285 770 1299 784 ‹‹
1317 757 1379 785 Νόει
1395 757 1412 784 ἃ
1427 757 1511 796 λέγω.
1529 771 1540 785 ι

1110 803 1206 831 Ἀπόκ.
1222 801 1334 837 Ἐπειδὴ
1359 802 1385 830 ἐν
1410 800 1581 841 παραϐολαῖς
1596 802 1669 839 αὖτῷ
1693 801 1791 842 ἔγραψε
1804 803 1907 838 πάντα,

1076 846 1120 875 διὰ
1135 849 1216 875 τοῦτο
1232 847 1315 885 λέγει·
1332 846 1465 886 Πρόσεχε.
1481 848 1530 875 Καὶ
1546 847 1600 886 οὐχ
1624 847 1818 885 ὑπέκλινονιτῇ
1837 848 1906 876 ὑπο.

1075 894 1144 930 ταγῇ
1171 893 1222 919 τοῦ
1246 892 1376 923 Μωσέως.
1404 892 1568 930 Προσέταξεν
1596 893 1610 920 ὁ
1628 893 1741 927 Μωσῆς,
1765 893 1810 921 καί
1838 893 1906 920 ἀπέ-

1076 947 1181 965 κτειναν
1198 936 1294 967 αὐτοὺς
1309 939 1383 975 τρεῖς
1408 935 1537 975 χιλιάδας
1561 935 1646 965 λαῶν.
1664 937 1713 965 Καὶ
1735 938 1815 965 τοῦτό
1833 937 1906 965 ἐστιν

1077 982 1092 1009 ὃ
1120 980 1192 1020 λέγει
1219 983 1236 1016 ἡ
1268 982 1372 1021 Γραφή·
1403 992 1419 1007 «
1447 982 1494 1009 Ὧν
1520 982 1554 1009 τὰ
1581 982 1660 1010 κῶλα
1687 980 1780 1010 ἔπεσον
1809 981 1838 1009 ἐν

1078 1026 1186 1065 ἐρήμῳ·
1206 1038 1216 1051 ι

1113 1070 1244 1108 Κείμενον
1261 1071 1328 1109 ρκα¹.
1347 1082 1361 1097 ιι
1378 1071 1429 1099 Καὶ
1444 1074 1516 1099 πᾶσα
1530 1069 1681 1110 παράϐασις
1705 1072 1750 1099 καὶ
1774 1071 1904 1110 παρακοή

1078 1113 1173 1143 ἔλαϐεν
1188 1114 1301 1143 ἔνδικον.
1319 1128 1330 1143 »

1113 1161 1229 1198 Ἐρμην.
1259 1160 1338 1189 ’Όσοι
1362 1157 1518 1199 παρέϐησαν
1548 1160 1593 1188 καὶ
1622 1161 1797 1199 παρήκουσαν
1823 1160 1853 1188 ἐν
1867 1159 1907 1197 τῷ

1078 1205 1189 1242 παλαιῷ
1204 1205 1293 1242 νόμῳ,
1311 1203 1408 1233 ἔλαϐον
1426 1204 1537 1237 δικαίως
1560 1207 1610 1241 τήν
1625 1205 1773 1244 τιμωρίαν.
1790 1207 1843 1233 Καὶ
1858 1206 1907 1244 γὰρ

1078 1251 1122 1278 καὶ
1139 1251 1153 1278 ὁ
1168 1249 1257 1287 Ἀδὰμ
1281 1250 1453 1288 παρακούσας
1478 1251 1633 1289 κατεκρίθη,
1658 1251 1703 1279 καὶ
1725 1249 1793 1279 Κάϊν
1814 1251 1908 1288 ἆμαρ-

1077 1296 1162 1330 τήσας
1185 1294 1381 1333 ἐπικατάρατος
1403 1295 1509 1333 γέγονε,
1530 1295 1575 1322 κιοὶ
1600 1296 1627 1323 οἱ
1650 1294 1693 1322 ἐπὶ
1721 1297 1771 1323 τοῦ
1787 1297 1851 1322 Νῶε
1865 1305 1909 1322 κα-

1079 1342 1134 1371 κῶς
1149 1339 1324 1378 ἐργαζόμενοι
1348 1339 1579 1375 κατεκλύσθησανθ
1605 1341 1650 1367 καὶ
1672 1340 1699 1367 οἱ
1714 1339 1740 1367 έν
1766 1338 1908 1376 Σοδόμοις

1079 1385 1202 1421 ἀσέμνως
1229 1385 1349 1422 βιοῦντες
1371 1383 1464 1416 δεινῶς
1491 1383 1703 1420 έποντίσθησαν·
1728 1384 1774 1411 καὶ
1799 1384 1827 1411 οἱ
1845 1385 1909 1411 Ἰου-

1080 1428 1163 1463 δαῖοι,
1179 1427 1315 1460 πολλάκις
1339 1428 1531 1457 ἐπαναστάντες
1555 1431 1614 1460 τοῖς
1636 1429 1803 1464 προφήταις,
1831 1427 1908 1463 πλη-

1080 1474 1129 1511 γὰς
1151 1473 1223 1511 παρᾶ
1246 1472 1313 1501 Θεοῦ
1336 1473 1381 1500 καὶ
1407 1474 1540 1510 μάστιγας
1555 1474 1600 1501 καὶ
1614 1473 1752 1510 τιμωρίας
1768 1471 1907 1508 ἐδέξαντο.

1081 1519 1136 1548 Νῦν
1151 1517 1196 1546 οὖν
1212 1520 1292 1546 τοῦτο
1308 1517 1394 1556 λέγει·
1416 1517 1469 1552 ὅτι,
1490 1516 1582 1553 ἐπειδή
1611 1517 1637 1545 ἐν
1662 1519 1697 1554 τῇ
1725 1517 1834 1552 Παλαιᾷ
1850 1516 1908 1544 ὅσοι

1082 1563 1215 1599 ἠθέτησαν
1230 1563 1262 1590 τὸ
1287 1562 1450 1601 πρόσταγμα
1463 1564 1512 1590 τοῦ
1534 1562 1645 1600 Κυρίου,
1667 1562 1713 1589 καὶ
1729 1562 1907 1599 παρήκουσαν

1082 1607 1115 1635 τὰ
1130 1606 1165 1635 δι’
1179 1606 1300 1645 ἀγγέλων
1326 1605 1485 1643 λαλούμενα
1508 1607 1552 1634 καὶ
1574 1608 1734 1646 προφητῶν,
1750 1603 1851 1634 ἔλαϐον
1868 1605 1910 1634 δι-

1079 1652 1163 1684 καίως
1177 1653 1227 1686 τὴν
1241 1651 1387 1689 τιμωρίαν,
1401 1651 1447 1679 καὶ
1461 1652 1511 1686 τήν
1530 1651 1614 1689 ὀργὴν
1630 1653 1678 1679 τοῦ
1704 1653 1771 1679 Θεοῦ
1791 1650 1909 1678 ἐπεσπά-

1081 1706 1172 1730 σαντο,
1195 1698 1254 1726 πῶς
1276 1697 1357 1732 ἡμεῖς
1383 1695 1556 1734 ικφύγιυμιν,
1580 1694 1623 1722 ἐὰν
1647 1694 1835 1731 ἀμελήσωμεν
1860 1696 1909 1729 τῆς

1080 1741 1209 1776 τοιαύτης
1226 1739 1373 1777 σωτηρίας,
1398 1739 1466 1767 ὅπου
1492 1738 1553 1767 οὔτε
1576 1737 1611 1766 δι’
1632 1738 1758 1776 ἀγγέλων
1785 1737 1850 1766 οὔτε
1865 1737 1909 1765 διὰ

1081 1787 1226 1824 προφητῶν
1242 1783 1365 1820 ἐλαλήθη
1389 1785 1470 1821 ἡμῖν,
1487 1783 1559 1812 ἀλλὰ
1573 1782 1608 1811 δι’
1628 1783 1711 1811 αὐτοῦ
1724 1785 1774 1810 τοῦ
1789 1784 1907 1819 Χριστοῦ

1081 1829 1125 1857 καὶ
1139 1831 1206 1857 Θεοῦ
1222 1838 1229 1863 ;
1246 1829 1296 1856 Καὶ
1311 1829 1361 1866 γὰρ
1378 1828 1403 1855 έν
1428 1830 1463 1866 τῇ
1484 1827 1591 1864 Παλαιᾷ
1608 1830 1657 1855 τοῦ
1671 1827 1758 1864 νόμου
1780 1826 1909 1857 διάκονος

1081 1875 1190 1913 γέγονεν
1207 1874 1221 1901 ὁ
1237 1874 1352 1908 Μωσῆς*
1367 1876 1417 1907 τῆς
1440 1871 1468 1900 δὲ
1492 1873 1560 1904 Νέας
1577 1873 1591 1900 ὁ
1614 1871 1740 1910 Χριστός·
1768 1870 1846 1899 Πολὺ
1863 1869 1907 1898 οὖν

1082 1921 1166 1947 ταῦτα
1179 1918 1296 1956 κρείσσω
1309 1920 1361 1953 τῆς
1375 1916 1493 1948 παλαιᾶς
1518 1916 1679 1954 νομοθεσίας
1705 1916 1747 1944 ὅτι
1763 1915 1818 1943 ἆκει
1848 1914 1909 1943 δοῦ-

1083 1963 1133 1995 λος
1151 1962 1254 2000 ἐγένετο
1270 1963 1407 2000 ὑπηρέτης
1421 1964 1471 1989 τοῦ
1493 1961 1578 1998 νόμου
1605 1961 1715 1989 ἐνταῦθα
1738 1959 1767 1988 δὲ
1782 1960 1796 1987 ὁ
1813 1957 1909 1988 δισπὸ-

1083 2018 1133 2044 της
1149 2006 1274 2045 Χριστός.
1290 2007 1339 2034 Καὶ
1357 2005 1502 2045 ὀφείλομεν
1517 2006 1551 2033 τὰ
1575 2005 1797 2044 τροστεταγμένα
1821 2006 1910 2032 ποιεῖν

1085 2051 1262 2085 ἀδιοτάκτως,
1289 2050 1336 2078 ’ίνα
1353 2051 1391 2087 μὴ
1418 2051 1463 2078 καὶ
1487 2049 1597 2089 χείρους
1623 2052 1677 2078 τῶν
1692 2049 1819 2077 παλαιῶν
1843 2049 1909 2076 ἀπο-

1086 2096 1176 2134 δῶμεν
1192 2096 1240 2127 τᾶς
1255 2095 1376 2126 εὐθύνας.

1124 2185 1252 2222 Κείμενον
1269 2184 1338 2223 ρκβ’.
1356 2195 1370 2210 ‹‹
1385 2183 1422 2211 Οὐ
1443 2184 1494 2222 γὰρ
1519 2182 1647 2221 ἀγγέλοις
1673 2182 1783 2217 ὑπέταξε
1804 2180 1857 2215 τήν
1872 2179 1910 2207 οἲ-

1088 2231 1223 2267 κουμένην
1238 2230 1289 2263 τὴν
1303 2228 1467 2265 μέλλουσαν,
1482 2228 1544 2266 περὶ
1559 2228 1591 2262 ἧς
1606 2227 1756 2263 λαλοῦμεν.
1770 2238 1783 2251 ι)

247 2278 414 2303 ΙΝΤΕιιινιιΕΤ.
432 2275 536 2302 Urbem
561 2277 645 2302 terra:
674 2275 794 2302 secundi
823 2275 964 2303 adventus
986 2284 1019 2303 su

1121 2276 1235 2311 Ἐρμην.
1256 2272 1423 2310 Οἰκουμένην
1448 2272 1520 2310 λέγει
1542 2272 1593 2306 τήν
1617 2271 1704 2310 κρίσιν
1719 2271 1769 2304 τῆς
1784 2268 1911 2308 δευτέρας

204 2322 349 2357 jurlicium
363 2324 453 2352 vocat,
465 2319 579 2354 quando
590 2319 689 2346 reddet
701 2319 859 2355 unicuique
870 2320 1032 2348 secundum

209 2374 295 2401 opera
312 2374 374 2391 sua.
396 2365 451 2391 llcc
466 2371 532 2391 vero
547 2363 625 2398 quod
641 2362 738 2398 inquit
754 2371 760 2390 :
777 2374 791 2388 «
810 2365 847 2390 De
863 2372 921 2399 quo
937 2364 1033 2400 loqui-

210 2419 285 2443 mur,
300 2421 311 2433 ››
325 2410 406 2435 illum
422 2408 633 2445 signiﬁcat,pro
645 2415 702 2443 quo
714 2407 896 2436 decertamus
908 2409 1032 2436 salutem

211 2454 349 2489 consequi
373 2454 533 2489 cupientes.
560 2454 592 2480 In
608 2460 641 2480 eo
664 2452 721 2485 die,
743 2452 839 2486 inquit
865 2453 1032 2489 Apostolus,

211 2508 266 2527 non
286 2499 365 2526 dedit
381 2498 456 2525 Deus
473 2499 645 2533 potestatem
668 2496 780 2533 angelis
796 2498 940 2525 mundum
952 2498 1033 2534 judi-

211 2545 307 2575 candi,
319 2544 367 2570 sed
386 2541 628 2578 omnejudicium
645 2542 726 2569 dedit
740 2542 812 2570 Filio
833 2551 897 2570 suo.
915 2543 950 2571 Et
965 2543 1035 2579 quia

211 2589 298 2615 Filius
316 2588 374 2619 Dei,
394 2588 442 2622 qui
459 2587 546 2614 etiam
570 2586 632 2622 ipse
650 2587 723 2614 Deus
744 2589 799 2619 est,
816 2586 902 2615 habet
916 2596 1033 2616 omnem

209 2637 381 2670 ροιοςιηιοιι]
397 2632 550 2667 judicandi
568 2632 723 2664 mundum,
740 2632 809 2668 quid
835 2632 949 2668 passuri
965 2635 1035 2661 sunt

207 2679 238 2711 ii,
253 2679 301 2714 qui
321 2677 466 2704 mundatis
481 2676 545 2711 ejus
561 2684 619 2703 non
642 2676 903 2712 obtemperarunt?
921 2678 993 2706 Nam
1010 2678 1035 2706 si

210 2724 259 2759 qui
276 2723 476 2750 inobcdientes
491 2721 610 2748 fuerunt
624 2720 681 2755 logi
697 2721 865 2757 veteri,quze
881 2730 932 2758 per
946 2731 1034 2760 enge-

1087 2318 1234 2356 παρουσίας
1252 2341 1259 2355 ,
1286 2317 1348 2346 ὅταν
1387 2315 1523 2345 ἀποδώσει
1554 2317 1657 2353 ἑκάστῳ
1692 2315 1762 2343 κατὰ
1785 2314 1820 2341 τὰ
1847 2313 1913 2351 ἔργα

1089 2365 1181 2393 αὐτοῦ.
1195 2366 1248 2392 Τοῦ
1261 2362 1291 2392 δὶ
1306 2375 1320 2390 ‹‹
1337 2363 1402 2401 Περὶ
1425 2364 1459 2397 ἧς
1484 2361 1635 2399 λαλοῦμεν,
1652 2373 1666 2386 n
1681 2360 1744 2395 ἤτοι
1763 2360 1828 2396 περὶ
1844 2358 1911 2386 ἐκεί-

1088 2420 1137 2445 νης
1164 2409 1199 2444 ἧς
1228 2407 1426 2446 ἀγωνιζόμεθα,
1455 2406 1500 2434 καὶ
1530 2405 1717 2442 σπουδάζομεν
1742 2403 1841 2434 πάντες
1861 2413 1913 2430 σω-

1089 2458 1179 2489 θῆναι.
1194 2452 1303 2488 Ταύυην
1321 2452 1370 2486 τὴν
1395 2452 1511 2488 ἡμέραν,
1527 2450 1602 2488 λέγει
1627 2450 1642 2477 ὁ
1667 2447 1849 2482 Ἀπόστολος,
1864 2446 1915 2474 οὒκ

1090 2497 1188 2527 ἔδωκεν
1219 2498 1233 2525 ὁ
1262 2498 1327 2528 Θεὸς
1355 2495 1475 2531 ἐξουσίαν
1504 2497 1562 2526 τοῖς
1590 2493 1718 2532 ἀγγέλοις
1747 2495 1839 2530 κρῖναι
1869 2491 1915 2519 τὸν

1088 2543 1204 2579 κόσμον,
1235 2541 1307 2570 ἀλλὰ
1329 2542 1379 2575 τὴν
1404 2539 1492 2576 κρίσιν
1520 2542 1605 2567 πᾶσαν
1630 2536 1731 2566 δέδωκε
1744 2539 1784 2573 τῷ
1799 2537 1856 2572 Υἱῷ
1870 2534 1916 2563 αὖ-

1088 2590 1147 2616 τοῦ.
1165 2587 1213 2615 Καὶ
1236 2586 1292 2614 ἰπεὶ
1316 2586 1330 2613 ὁ
1349 2584 1411 2616 Υἱὸς
1438 2586 1488 2611 τοῦ
1516 2585 1583 2611 Θεοῦ
1609 2583 1653 2610 καὶ
1684 2582 1749 2613 Θεὸς
1779 2579 1838 2619 ἔχει
1865 2580 1913 2614 τὴν

1090 2632 1209 2668 ἐξουσίαν
1225 2634 1309 2659 πᾶσαν
1325 2632 1414 2667 κρῖναι
1437 2628 1483 2656 τὸν
1508 2628 1620 2664 κόσμον,
1635 2626 1662 2654 τί
1688 2625 1838 2663 μέλλονται
1867 2634 1916 2651 πα-

1090 2680 1145 2710 θεῖν
1174 2677 1200 2704 οἱ
1227 2674 1446 2713 παρακούσαντας
1469 2673 1503 2701 τὰ
1523 2671 1719 2711 προστάγματα
1742 2670 1826 2698 αὐτοῦ
1851 2678 1859 2704 ;
1884 2667 1915 2697 Et

1089 2722 1140 2760 γὰρ
1156 2721 1182 2749 οἱ
1197 2712 1414 2758 παρακούσαντες
1437 2718 1482 2746 τὸν
1506 2716 1622 2745 παλαιὸν
1646 2715 1730 2752 νόμον
1753 2715 1800 2742 τὸν
1818 2712 1855 2741 δι’
1874 2713 1920 2751 ἆγη

245 2798 266 2815 91
286 2798 321 2830 Il,
340 2797 414 2824 Tim.
447 2805 477 2830 u,
505 2795 533 2823 7.
572 2795 594 2813 9'
622 2794 708 2823 Hebr.
738 2802 780 2828 ιιι,
811 2793 854 2822 17.
893 2793 916 2811 ⁵³
942 2793 1025 2823 Hebr.

1083 2815 1091 2828 ,
1118 2795 1146 2821 2.
1184 2793 1220 2812 π’
1247 2793 1353 2822 Cenes.
1379 2800 1423 2827 xu,
1454 2790 1548 2819 17-19.
1586 2789 1609 2808 ⁰⁴
1638 2789 1741 2819 Genes.
1758 2796 1796 2821 IV,
1819 2785 1917 2814 10-12-

214 2833 235 2850 οι
251 2828 336 2861 Hebr.
355 2842 385 2868 ιι,
403 2834 429 2859 5.
