2048 3106
146 179 206 210 769
654 172 911 211 QUIESTIONES
932 173 972 205 ΙΝ
994 175 1207 208 EPISTOLAS
1230 178 1358 210 PAULI.
1790 182 1850 211 770

145 243 236 282 γέλων
252 241 374 275 δοθέντα,
389 241 506 269 τοσαῦτα
526 238 637 275 ἔπαθον,
662 240 757 278 καίπερ
782 238 844 267 οὐδὲ
871 242 969 278 κριτῶν

1047 250 1071 268 )s
1086 245 1131 269 est
1145 242 1213 278 lata,
1230 246 1312 271 tanta
1328 245 1406 280 passi
1422 246 1593 281 sunt,idque
1609 254 1665 274 non
1678 247 1789 282 angelis
1802 249 1851 283 ju-

146 287 233 316 ὅντων
259 286 308 315 τοῦ
331 286 437 323 κόσμου
463 288 517 313 τῶν
543 284 677 322 ἀγγέλων·
701 285 727 312 τί
755 284 784 312 ἂν
808 285 928 312 πάθωσιν
946 284 971 311 οὶ

145 334 192 361 τὸν
209 331 344 367 δεσπότην
360 330 598 369 παρακούσαντες

186 377 315 414 Κείμενον
332 377 398 414 ρκγ’.
416 388 430 401 (ί
447 376 480 404 Τί
497 375 566 403 ἐστιν
586 373 741 412 ἅνθρωπος,
766 373 807 401 ὅτι
833 374 974 410 μιμνήσκῃ

147 422 232 450 αὐτοῦ
245 431 253 456 ;
272 434 281 446 -

186 467 302 505 Ἐρμην.
317 465 475 502 Ἄνθρωπον
489 464 534 492 καὶ
549 463 607 491 υἱὸν
624 462 769 501 ἀνθρώπου
793 463 837 489 τὸν
862 462 973 499 Κριστὸν

149 511 236 550 λέγει,
251 511 341 543 καθώς
357 509 413 537 ἐστι
428 509 496 537 κατὰ
509 509 596 536 πάντα
610 507 757 544 όμοούσιος
770 509 810 543 τῷ
827 506 922 543 Burgi.
938 506 975 537 ὡς

147 556 255 586 τέλειος
270 554 335 586 Θεὸς
351 555 396 581 καὶ
411 553 515 584 τέλειος
530 552 683 590 ἃνθρωπος.

188 599 318 636 Κείμινον
335 597 402 637 ρκδ’.
421 610 435 625 u
451 597 626 628 Ἠλάττωσας
641 596 720 624 αὐτὸν
749 595 839 634 βραχύ
862 606 888 623 τι
913 595 976 633 παρ’

149 644 294 684 ἀγγέλους.
312 656 327 669 ››

187 690 302 726 ’Βρμην.
332 687 424 726 Βραχὺ
451 687 597 724 ἐλάττωμα
623 685 706 724 λέγει,
737 685 777 713 ὅτι
807 684 932 720 ἐποίησεν
961 684 976 712 ὁ

148 733 269 773 Χριστὸς
284 732 310 761 ἐν
325 734 365 769 τῷ
379 731 429 770 ᾅδῃ
442 734 515 770 τρεῖς
531 731 637 768 ἡμέρας
653 730 698 758 καὶ
713 733 786 768 τρεῖς
801 729 910 760 νύκτας.

189 823 320 860 Κείμινον
336 822 397 860 ρκι’.
415 833 430 848 ι(
445 821 496 851 Τὸν
513 819 542 849 δὲ
559 820 648 859 βραχῦ
663 822 727 859 παρ’
742 819 875 858 ἀγγέλους
895 818 976 854 ἤλας-

150 868 277 904 τωμένον
296 866 432 905 βλέπομεν
449 866 553 902 Ἰησοῦν
570 864 614 893 διὰ
628 866 659 893 τὸ
674 864 786 901 πάθημα
802 866 848 891 τοῦ
864 863 977 891 θανάτου

153 912 221 950 δόξῃ
237 912 282 940 καὶ
296 913 366 948 τιμῇ
382 910 600 950 ἐστεφανωμένον
617 909 642 938 ἐν
657 912 697 947 τῷ
714 910 830 945 θανάτῳ.
848 922 860 935 ιι

191 959 305 995 Ἐρμην.
323 956 390 992 Δόξα
413 957 464 994 γὰρ
478 955 524 984 καὶ
538 956 607 993 τιμὴ
631 958 680 983 τοῦ
704 956 823 992 Χριστοῦ
851 953 975 992 παυρός·

152 1001 250 1037 ἐπειδὴ
283 1001 366 1039 μυρία
394 1000 483 1038 ἄγαθᾶ
506 999 550 1028 διὰ
577 1002 625 1027 τοῦ
651 1001 765 1037 σταυροῦ
791 997 905 1036 ἐγένετο·
935 998 977 1025 ’ὀτι

153 1048 269 1080 θάνατος
300 1045 530 1081 καταπεπάτηται,
555 1045 600 1073 καὶ
630 1044 731 1083 κατάρα
759 1042 977 1082 ἐξωστράκισται,

153 1092 169 1120 ὁ
185 1090 254 1127 ’ᾲόης
270 1090 438 1125 ἐσκύλευται,
454 1091 472 1124 ἡ
489 1090 606 1128 ἁμαρτία
628 1089 782 1129 ἠφάνισται,
811 1089 828 1123 ἠ
854 1085 979 1125 παράϐα-

154 1147 198 1167 σις
212 1137 392 1174 κατήργηται,
407 1136 426 1170 ἡ
443 1134 521 1174 φύσις
536 1136 589 1162 τῶν
604 1134 751 1172 ἀνθρώπων
778 1137 828 1168 τῆς
854 1131 978 1163 δουλείας

153 1183 209 1208 τῶν
226 1182 319 1211 παθῶν
335 1178 533 1216 ἠλευθέρωται,
547 1176 677 1209 διάϐολος
703 1177 862 1214 έδεσμεύθη,
889 1187 978 1212 σωτη-

153 1225 211 1264 ρία,
228 1224 371 1263 ἐφυτεύθη,
388 1224 528 1255 ἀνάστασις
549 1223 709 1261 ἐγνωρίσθη,
733 1222 813 1250 κακία
837 1220 978 1257 ἃπηλάθη.

154 1270 214 1304 ζωὴ
231 1269 377 1306 Ξπήγασεν,
393 1267 608 1305 είδωλολατρεία
630 1266 724 1302 ἐλύθγγ
739 1267 771 1294 τὸ
787 1265 816 1293 δὲ
827 1265 978 1302 θαυμαστό-

152 1324 245 1351 τερον,
261 1313 303 1340 δτι
317 1313 361 1340 καὶ
378 1311 454 1340 αὖτοἲ
469 1313 494 1339 οἱ
511 1312 621 1350 ἆρχαῖοι
636 1311 680 1339 καὶ
702 1311 818 1339 παλαιοὶ
842 1313 980 1349 προφῆται

154 1356 367 1392 ιῦαπτίσθησαν,
384 1357 414 1385 ἐκ
426 1359 476 1385 τοῦ
498 1357 640 1395 ῥεύσαντος
667 1355 781 1392 α’ίματος
810 1356 854 1383 καὶ
884 1354 980 1385 ὕδατος

156 1403 189 1431 ἐκ
216 1406 268 1437 τῆς
295 1401 414 1440 πλευρᾶς
441 1404 491 1429 τοῦ
520 1403 647 1439 Χριστοῦ.
678 1400 726 1428 Καὶ
756 1402 824 1435 πῶς,
855 1400 980 1429 ἄκουσον,

156 1446 272 1482 Ἐπειδὴ
288 1447 319 1475 lx
342 1447 478 1485 τεσσάρων
505 1446 648 1484 στοιχείων
671 1445 823 1473 συνίσταται
846 1445 878 1472 τὸ
903 1447 992 1481 σῶμα·

155 1495 208 1520 τοῦ
234 1491 389 1530 ἄνορώπου,
418 1491 501 1519 πάλιν
533 1492 599 1527 μετᾶ
629 1490 741 1518 θάνατον
770 1489 807 1521 εἷς
832 1489 899 1517 αὐτὰ
921 1489 983 1516 ἀνα-

158 1536 265 1564 λύεταν
282 1535 361 1565 Οᾶω
377 1535 410 1570 δὴ
426 1535 521 1574 γέγονε
535 1535 580 1563 καὶ
596 1534 639 1562 ἐπὶ
654 1537 703 1562 τοῦ
726 1536 856 1572 Χριστοῦ·
884 1533 925 1561 ὅτι
951 1534 983 1561 τὸ

159 1582 231 1618 αἷμα
244 1581 289 1609 καὶ
304 1580 335 1609 τὸ
350 1579 434 1618 ὕδωρ,
449 1580 464 1608 8
479 1579 601 1619 ἕρῤιυσεν
631 1581 648 1614 ἡ
672 1579 733 1617 ἁγία
756 1579 838 1606 αὐτοῦ
866 1577 983 1616 πλευρὰ,

1028 285 1196 315 dicentibus
1207 289 1506 325 mundum.quidnam
1518 289 1561 317 illi
1573 291 1721 326 patientur
1733 291 1782 327 qui
1795 300 1852 321 non

1028 330 1168 358 obediunt
1183 332 1239 367 ipsi
1255 332 1402 360 Domino?

1065 375 1151 403 Pace.
1169 376 1290 404 CXXIII.
1308 389 1321 402 ‹‹
1340 377 1413 411 Quid
1429 381 1474 406 est
1490 378 1586 413 homo,
1600 380 1677 415 quod
1695 388 1808 408 memor
1822 388 1854 408 es

1029 419 1093 454 ejus
1108 419 1151 447 ﬂ?
1167 432 1182 445 υ

1065 465 1392 494 ΙΝτιςιιριιῐ-ῖτῊοωίηεω
1408 471 1436 495 et
1450 467 1544 496 ﬁlium
1560 468 1686 497 hominis
1704 470 1853 498 Christum

1031 509 1110 543 dicit,
1127 510 1204 538 sicut
1227 514 1272 538 est
1288 520 1339 547 per
1363 511 1463 540 omnia
1485 514 1749 542 consubstantialis
1765 515 1854 550 Patri,

1029 556 1169 588 tanquam
1186 555 1332 590 perfectus
1347 556 1424 584 Deus
1439 561 1467 584 et
1482 558 1626 593 perfectus
1643 559 1740 587 homo.

1067 598 1154 626 Psor.
1171 599 1288 628 CXXtV.
1309 611 1320 626 ι
1338 600 1471 629 Minuisti
1494 610 1561 630 eum
1587 603 1673 638 paulo
1699 606 1797 631 minus
1819 603 1856 632 ab

1032 644 1145 680 angelis
1161 645 1193 672 ⁸⁷.
1210 656 1224 670 ››

1068 688 1237 718 ΙΝτιςιιρξιΕτ,
1277 689 1433 726 Paulisper
1465 691 1631 719 inferiorem
1675 692 1758 727 dicit,
1789 693 1858 729 quia

1031 732 1165 762 Christus
1181 734 1258 770 apud
1270 734 1378 763 inferos
1394 735 1489 764 tribus
1500 736 1603 764 diebus
1621 739 1649 764 et
1660 738 1754 766 tribus
1766 738 1857 766 nocti-

1032 777 1088 805 bus
1106 778 1170 806 fuit.

1068 823 1143 851 279
1162 823 1248 851 Pnor.
1271 824 1374 852 CXXV.
1405 825 1505 852 «Eum
1535 828 1632 854 autem
1664 827 1713 861 qui
1742 827 1856 855 modico

1033 875 1121 903 quam
1133 868 1227 903 angeli
1240 869 1404 897 minoratus
1418 870 1610 903 est,videmus
1625 871 1726 898 Jo'sum
1740 874 1857 907 propter

1034 912 1200 948 passionem
1218 913 1318 940 mortis
1334 914 1426 950 gloria
1442 917 1470 942 et
1485 915 1594 942 honore
1610 920 1778 943 coronatum
1796 916 1827 934 ⁸⁸·
1843 927 1853 940 ι

1069 957 1183 984 Ismara.
1202 957 1300 985 Gloria
1315 960 1343 985 et
1367 958 1460 986 honor
1474 959 1589 992 Christi,
1607 969 1675 987 crux
1700 964 1744 988 ost
1761 970 1766 988 :
1786 960 1856 996 quia

1033 1001 1187 1029 innumera
1213 1002 1289 1029 bona
1305 1011 1355 1038 per
1375 1012 1490 1031 crucem
1513 1004 1668 1040 contigere,
1685 1005 1857 1033 conculcata.

1033 1053 1162 1081 namque
1177 1048 1221 1073 est
1236 1055 1325 1081 mors,
1342 1049 1370 1074 et
1387 1048 1415 1075 in
1432 1047 1566 1075 exsilium
1591 1049 1715 1081 relegata
1731 1050 1856 1077 maledi-

1034 1090 1091 1117 ctio
1108 1098 1113 1117 :
1131 1090 1264 1118 infernus
1278 1091 1411 1127 direptus
1426 1096 1637 1128 est,|peccatum
1650 1094 1855 1129 cstabolitum,

1033 1135 1228 1169 transgressio
1243 1135 1477 1169 sublata,natura
1488 1136 1640 1165 hominum
1653 1139 1688 1165 ab
1699 1138 1856 1167 affectuum

1034 1179 1173 1206 servitute
1196 1179 1329 1212 liberata,
1355 1180 1490 1208 diabolus
1515 1184 1559 1209 est
1583 1181 1701 1218 ligatus,
1726 1184 1858 1218 plantata

1034 1225 1078 1250 est
1105 1222 1198 1258 salus,
1222 1225 1395 1252 resurrectio
1422 1228 1467 1252 est
1495 1226 1648 1260 patefacta,
1673 1228 1784 1255 malitia
1813 1229 1858 1256 est

1035 1267 1148 1301 abacta,
1164 1268 1224 1295 vita
1246 1268 1330 1303 quasi
1347 1269 1411 1297 fons
1435 1270 1595 1306 scaturivit,
1619 1272 1782 1300 idololatria
1797 1274 1858 1301 dis-

1035 1311 1131 1340 soluta
1147 1319 1153 1338 :
1171 1314 1199 1340 et
1214 1313 1290 1347 quod
1307 1313 1472 1342 mirabilius
1487 1317 1540 1349 est,
1557 1315 1670 1351 antiqui
1687 1319 1857 1353 veteresque

1036 1356 1182 1392 prophetae
1212 1364 1245 1384 ex
1274 1357 1379 1385 Christi
1404 1359 1546 1394 sanguine
1570 1362 1599 1386 et
1627 1368 1703 1395 aqua
1731 1369 1764 1388 ex
1792 1362 1857 1397 ejus

1035 1400 1124 1428 latere
1140 1401 1301 1436 proﬂuente
1325 1403 1462 1439 baptizati
1487 1406 1565 1432 sunt.
1588 1405 1618 1432 Id
1644 1407 1790 1440 quomodo
1814 1407 1859 1434 fa-

1037 1447 1116 1472 ctum
1146 1446 1195 1478 sit,
1221 1447 1298 1474 audi.
1325 1447 1467 1480 Quoniam
1493 1457 1526 1476 ex
1552 1452 1677 1484 quatuor
1706 1450 1858 1479 elementis

1037 1492 1151 1517 constat
1166 1490 1331 1519 humunum
1348 1500 1464 1528 corpus,
1484 1493 1514 1520 in
1530 1501 1563 1521 ea
1578 1496 1643 1529 post
1659 1498 1783 1523 mortem
1798 1505 1860 1523 rur-

1038 1543 1089 1562 sus
1100 1535 1262 1563 resolvitur.
1277 1536 1318 1564 lts
1333 1544 1398 1564 cum
1411 1536 1526 1565 Christo
1536 1547 1652 1575 quoque
1665 1540 1771 1567 factum
1789 1543 1835 1568 est
1851 1548 1858 1569 :

1039 1589 1107 1610 nam
1124 1580 1246 1617 sanguis
1261 1583 1290 1609 et
1306 1589 1466 1617 aqua,quae
1481 1591 1515 1610 ex
1530 1586 1630 1610 sancto
1647 1584 1736 1612 latere
1751 1585 1861 1613 Christi

158 1625 291 1661 ἆνελῦθη,
309 1624 376 1652 ὅπου
391 1624 520 1661 ἀνεΛύθη,
536 1624 580 1652 καὶ
594 1626 647 1652 τῶν
672 1625 831 1662 προφητῶν,
846 1621 932 1661 ἤγουν
949 1622 984 1654 εἷς

1047 1627 1158 1659 luxere,
1176 1625 1303 1654 resoluta
1316 1628 1385 1653 sunt
1400 1626 1428 1653 in
1444 1627 1520 1659 id,in
1537 1628 1613 1663 quod
1631 1628 1717 1656 etiam
1736 1630 1861 1666 prophe-

158 1671 196 1698 τὰ
210 1672 346 1708 στοιχεῖα,
370 1670 416 1697 καὶ
439 1669 524 1702 eaeam
547 1668 614 1696 αὐτὰ
638 1666 790 1697 ἐϐάπτισεν.
807 1668 839 1697 Ei
856 1666 885 1695 ὃὶ
913 1667 985 1706 λέγει

159 1725 214 1751 τις,
230 1715 272 1742 ὃτι
287 1714 333 1742 καὶ
360 1714 393 1742 τὰ
415 1717 469 1742 τῶν
500 1714 619 1741 ἀπίστων
647 1714 762 1750 σώματα
789 1710 926 1740 ἐϐάπτισε*
945 1712 988 1740 λέ-

161 1770 261 1797 γομεν,
277 1758 358 1796 Οὐχί·
388 1757 451 1786 ἀλλ’
478 1757 568 1797 ὥσπερ
596 1758 628 1786 τὸ
652 1756 726 1796 ὕδωρ
754 1759 911 1796 προπατῶν,
939 1756 988 1785 ὅσα

164 1804 214 1840 μὶν
229 1804 344 1841 εὑρισκει
375 1802 474 1841 χλωρᾶ
503 1803 581 1842 φυτὰ,
606 1801 711 1840 ἀρδεύει
739 1803 784 1830 καὶ
809 1802 924 1838 ποτῖζει,
941 1800 990 1829 ὅσα

163 1848 195 1877 δὲ
220 1848 289 1886 ξηρά
316 1847 366 1875 οὐκ
392 1846 494 1886 ὠφελεῖ
517 1846 593 1875 αὐτὰ·
620 1846 690 1875 οὕτω
713 1847 768 1874 νόει
792 1847 837 1874 καὶ
860 1846 903 1874 ἐπὶ
929 1845 990 1874 τού-

162 1904 224 1921 του.

202 1981 329 2018 Κείμενον
356 1982 423 2018 ρκς“.
450 1993 464 2007 (ι
491 1983 545 2008 Νῦν
569 1979 598 2008 δὲ
629 1979 705 2008 οὕπω
729 1980 836 2018 ὁρῶμεν
862 1979 935 2016 αὖτῷ
958 1979 991 2007 τὰ

165 2026 253 2053 πάντα
268 2025 480 2064 ὑποτεταγμένω
512 2037 526 2053 ε
549 2026 639 2060 ὶπειιὴ
662 2025 752 2062 ἀκμὴν
773 2025 823 2053 οὐκ
845 2025 878 2060 ἦν
893 2025 925 2053 τὸ
940 2025 991 2060 κή-

166 2081 260 2108 ρυγμα
275 2070 313 2102 εἷς
327 2071 377 2105 τήν
394 2070 556 2107 οἰκουμένην
573 2070 723 2109 κηρυχθέν;

206 2116 321 2153 Ἐρμην.
337 2116 457 2152 Ἕπρεπε
481 2115 531 2153 γὰρ
555 2114 639 2151 αὐτῷ,
661 2113 746 2150 δῆλον
763 2114 804 2142 ὅτι
820 2117 859 2151 τῷ
875 2113 933 2151 8εῷ
946 2113 991 2142 καὶ

166 2159 263 2195 “arpi,
281 2158 316 2187 δι’
333 2159 365 2187 οὗ
377 2159 411 2187 τὰ
424 2159 510 2187 πάντα
536 2158 639 2198 ἐγένετο
660 2159 705 2186 καὶ
730 2159 852 2194 συνέστη,
876 2159 921 2186 τὸν
947 2159 993 2197 ἆρ-

164 2204 258 2243 χηγὸν
273 2207 324 2238 τῆς
340 2207 423 2239 ζωῆς,
434 2202 496 2238 ἤτοι
512 2204 556 2231 τὸν
569 2204 696 2240 Χριστὸν,
719 2203 845 2235 πολλοὺς
860 2202 938 2234 υἱοὺς
954 2203 991 2234 εἷς

164 2248 245 2285 δόξαν
262 2248 384 2286 οὐρανῶν
401 2248 515 2287 φέροντα
529 2249 574 2276 καὶ
592 2247 738 2286 βασιλείαψ
766 2248 841 2279 υἱοὺς
867 2246 895 2275 δὲ
917 2247 993 2285 λέγει

163 2294 233 2325 τοὺς
250 2293 450 2329 πνευματικοὺς
474 2293 518 2320 καὶ
546 2293 638 2331 ἁγίους
667 2292 840 2331 ἀνθρώπους.
863 2293 991 2329 Ἕπρεπε,
1009 2306 1031 2338 D

166 2339 263 2377 φησὶν,
292 2337 367 2373 αὐτῴ
394 2340 434 2373 τῷ
462 2339 520 2373 Θεῷ
547 2337 591 2364 καὶ
616 2337 699 2375 Πατρὶ
723 2337 769 2364 τὸν
795 2337 918 2375 ἀρχηγὸν
942 2340 993 2371 τῆς

167 2383 306 2420 σωτηρίας
332 2384 424 2419 ἡμῶν,
449 2380 511 2416 ἤτοι
535 2382 580 2409 τὸν
608 2382 734 2420 Χριστὸν,
758 2380 803 2409 διὰ
824 2381 993 2418 παθημάτων

166 2427 273 2455 τέλειον
289 2426 424 2462 ἀναδεῖξαι
439 2427 484 2454 καὶ
500 2425 615 2461 ἔνδοξον.

207 2473 304 2509 Ἐρώτ.
322 2473 387 2509 ρκξ.
405 2471 437 2500 Τί
462 2470 547 2508 λέγει’
573 2483 587 2496 ‹‹
614 2470 665 2498 Καὶ
681 2474 732 2505 τῆς
747 2472 849 2505 σκηνῆς
864 2474 913 2505 τῆς
926 2469 995 2506 ἄλη⁴

168 2518 258 2553 θινῆς,
273 2518 305 2551 ἣν
321 2515 417 2552 ἔπηξεν
432 2517 446 2544 ὁ
463 2515 562 2553 Κύριος
577 2515 621 2543 καὶ
639 2515 689 2542 οὐκ
701 2514 859 2553 ἄνθρωπος;

209 2605 297 2634 Απόκ.
324 2606 434 2640 Σκηνήν
459 2604 531 2644 λέγει
555 2605 602 2632 τὸν
631 2604 754 2642 οὐρανὸν,
778 2602 806 2631 ὅν
831 2603 881 2631 οὐκ
895 2600 996 2631 ἔκτισεν

169 2652 327 2690 ἄνθρωπος,
344 2651 433 2688 ὥσπερ
447 2650 511 2682 τοὺς
527 2649 570 2678 ἐπὶ
585 2653 636 2688 γῆς
652 2649 733 2680 ναοὺς
755 2650 809 2676 τῶν
833 2648 998 2684 ἐκκλησιῶν.

168 2696 405 2736 ’Δχειροποίητός
419 2695 502 2731 locis,
518 2695 555 2726 ὡς
569 2697 608 2731 τῷ
621 2696 670 2723 τοῦ
686 2696 753 2722 Θεοῦ
775 2693 878 2733 ῥήματι
901 2703 998 2722 κατεσ-

166 2741 348 2779 κευασμένος.

1040 1675 1135 1700 tarum
1150 1670 1271 1707 sanguis
1287 1670 1433 1699 resolutus
1449 1674 1503 1706 est,
1514 1672 1647 1700 videlicet
1665 1674 1692 1700 in
1708 1674 1864 1709 elementa,

1041 1725 1105 1753 quas
1120 1715 1161 1743 ibi
1185 1715 1334 1743 inveniens
1357 1715 1523 1752 baptizavit.
1540 1716 1619 1749 Quod
1645 1718 1668 1745 si
1695 1718 1761 1754 quis
1786 1727 1864 1747 nunc

1043 1761 1173 1797 objiciet,
1189 1760 1265 1796 quod
1291 1760 1379 1788 etiam
1401 1760 1564 1789 infidelium
1589 1771 1711 1798 corpora
1734 1764 1865 1799 baptiza—

1043 1806 1129 1834 verit:
1148 1805 1520 1841 respondemus.Non.Nam
1538 1806 1611 1834 sicut
1627 1816 1703 1842 aqua
1715 1807 1865 1841 diffluens,

1044 1857 1237 1887 quascunque
1257 1849 1374 1885 quidem
1399 1851 1504 1885 reperit
1530 1850 1635 1878 herbas
1662 1852 1798 1885 virentes,
1816 1860 1866 1880 eas

1045 1895 1147 1931 irrigat
1161 1897 1190 1922 et
1214 1896 1295 1930 potat
1311 1903 1317 1921 :
1335 1902 1408 1929 quas
1424 1897 1521 1922 autem
1547 1895 1644 1922 aridas
1662 1896 1813 1929 invenerit,
1830 1896 1867 1924 iis

1045 1939 1117 1967 nihil
1135 1939 1248 1975 prodest
1266 1946 1272 1965 :
1290 1938 1332 1966 sic
1346 1938 1434 1966 etiam
1451 1938 1496 1966 hic
1511 1939 1645 1975 cogitato.

1080 1983 1193 2015 Qus—3T.
1214 1982 1327 2011 CXXVI.
1353 1982 1437 2018 (Quid
1462 1985 1507 2010 est
1531 1984 1607 2019 quod
1633 1984 1702 2011 dicit
1719 1985 1738 2021 π)
1757 1996 1766 2009 α
1784 1984 1868 2013 Nunc

1045 2031 1142 2056 autem
1170 2027 1299 2055 nondum
1324 2026 1457 2054 videmus
1479 2028 1577 2055 omnia
1603 2029 1735 2064 subjecta
1756 2030 1781 2056 ei
1804 2030 1836 2066 99,
1855 2040 1869 2054 ››

1045 2080 1111 2100 cum
1128 2072 1259 2099 nondum
1274 2071 1440 2107 praedicatio
1455 2071 1484 2098 in
1502 2072 1600 2100 orbem
1619 2074 1816 2108 pervasisset?

1082 2119 1195 2145 INTsnp.
1213 2115 1335 2143 Decehat
1350 2124 1428 2151 eum,
1444 2116 1574 2144 videlicet
1593 2117 1683 2145 Deum
1700 2121 1728 2146 et
1745 2119 1869 2153 Patrem,

1047 2170 1098 2198 per
1112 2169 1199 2197 quem
1216 2160 1315 2188 omnia
1339 2161 1413 2188 facta
1429 2163 1498 2188 sunt
1522 2163 1550 2189 et
1575 2162 1751 2197 subsistunt,
1768 2163 1872 2191 ducem

1047 2206 1110 2233 vitae
1136 2205 1284 2233 Christum
1312 2205 1432 2238 scilicet,
1454 2206 1563 2234 multos
1588 2206 1663 2234 ﬁlios
1687 2207 1720 2234 ad
1748 2207 1871 2243 gloriam

1047 2254 1074 2279 et
1104 2258 1225 2285 regnum
1255 2249 1395 2277 caelorum
1425 2250 1641 2278 adducentem:
1669 2252 1743 2278 ﬁlios
1772 2255 1871 2279 autem

1047 2297 1131 2323 vocat
1156 2294 1326 2330 spirituales
1355 2298 1383 2322 et
1411 2299 1530 2322 sanctos
1559 2295 1702 2323 homines.
1739 2296 1874 2330 Decebat,

1049 2340 1153 2376 inquit,
1173 2340 1260 2366 Deum
1275 2342 1302 2366 et
1318 2341 1444 2372 Patrem,
1461 2340 1620 2375 principem
1638 2341 1700 2367 salu
1708 2340 1742 2368 tis
1756 2344 1873 2376 nostras,

1049 2385 1160 2413 scilicet
1175 2384 1336 2417 Christum,
1354 2392 1404 2419 per
1426 2384 1578 2419 passiones
1593 2386 1752 2420 perfectum
1768 2388 1796 2413 et
1811 2385 1875 2421 glo-

1050 2430 1161 2457 riosum
1178 2429 1324 2455 exhibere.

1086 2475 1198 2506 Ουκεετ.
1226 2472 1352 2500 CXXVI].
1383 2473 1454 2504 Quid
1485 2475 1529 2500 est
1558 2475 1633 2509 quod
1666 2474 1782 2509 inquit:
1802 2485 1815 2499 «
1840 2474 1877 2501 Et

1051 2519 1109 2546 veri
1149 2517 1330 2545 tabernaculi
1365 2518 1441 2552 quod
1477 2517 1539 2545 ﬁxit
1580 2519 1720 2546 Dominus
1752 2522 1781 2547 et.
1817 2527 1876 2546 non

1051 2562 1139 2589 homo
1156 2562 1190 2588 1?

1089 2607 1174 2633 Rssr.
1202 2605 1434 2634 Tabernsculum
1466 2606 1536 2634 dicit
1564 2607 1679 2641 caelum,
1713 2609 1788 2644 quod
1819 2616 1877 2636 non

1053 2650 1159 2678 creavit
1181 2650 1280 2680 homo.
1296 2649 1374 2678 velut
1388 2650 1416 2677 in
1430 2653 1507 2679 terra
1523 2651 1616 2680 facere
1632 2652 1726 2680 solent
1741 2653 1877 2681 ecclesia-

1054 2703 1120 2723 rum
1136 2694 1256 2731 templa.
1272 2694 1330 2722 Nec
1358 2703 1447 2722 manu
1473 2694 1582 2725 factum
1607 2699 1661 2732 est,
1680 2700 1778 2733 utpote
1799 2696 1877 2733 quod

1054 2739 1230 2768 fabricatum
1245 2742 1290 2767 est
1305 2739 1391 2767 verbo
1406 2739 1466 2769 Dei.

206 2851 229 2869 ’⁸
245 2849 322 2880 Pal.
339 2857 401 2885 vui,
415 2848 444 2878 5.
482 2848 504 2868 ³⁷
519 2848 590 2879 ibid.
605 2849 633 2876 6.
671 2847 694 2866 ”
708 2846 796 2877 Hebr.
813 2854 846 2882 ιι,
860 2847 888 2876 9.
926 2847 1033 2877 "ibid.
1048 2847 1075 2876 8.
1114 2848 1123 2866 ¹
1140 2846 1228 2876 Hebr.
1245 2854 1306 2883 vni,
1320 2847 1348 2875 2.
