4080 6206
499 330 610 391 ’7⁸71
1279 348 1293 370 ‘

1642 333 1706 393 S.
1753 328 2274 392 ATHANASIUS.
2310 359 2387 371 -—
2415 326 2725 390 SPURIA.

3745 340 3835 399 779

565 463 741 517 Paor.
776 463 1061 519 CXXVIII.
1099 486 1125 512 ‹‹
1159 465 1351 520 Sancti
1383 481 1586 521 omnes
1621 481 1721 537 per
1751 465 1927 520 ﬁdem
1961 478 2120 534 expu.

2327 459 2578 531 Κείμενον
2617 459 2755 534 ρκη’.
2793 483 2822 511 ‹‹
2855 459 2921 516 Ol.
2949 460 3096 534 ἅγιοι
3124 459 3316 524 πάντες
3348 459 3434 517 διὰ
3477 461 3687 527 πίστεως
3711 487 3840 540 κατη-

498 556 824 623 gnaverunt
854 569 1098 625 regnum
1133 556 1173 608 ².
1209 577 1236 602 ι)

566 645 796 696 Imsap.
831 642 1150 708 Abraham,
1209 644 1413 714 Moses,
1473 646 1642 700 Jesus
1701 643 1861 698 ﬁlius
1921 642 2076 697 Nave
2131 657 2142 695 :

496 751 524 779 ‹‹
559 729 783 802 Operati
830 736 968 786 sunt
1007 733 1327 803 justitiam,
1369 734 1742 817 ».Abraham,
1795 732 2042 787 Phinees
2091 733 2149 786 et

500 819 710 882 David;
757 841 786 870 «
819 821 1014 892 adepti
1065 827 1202 876 sunt
1252 823 1693 894 promissiones,
1727 845 1754 872 ››
1789 822 1926 876 item
1975 822 2146 875 Jesus

494 907 650 963 {llius
679 906 830 964 Nave
851 917 906 964 et
929 908 1140 965 Chaleb
1165 927 1178 979 ;
1203 935 1229 960 ‹‹
1257 913 1675 967 obturaverunt
1703 929 1802 967 ora
1825 911 2082 976 leonum,
2114 932 2135 960 ι

499 996 697 1052 Daniel
721 997 779 1051 in
805 997 1040 1053 leonum
1067 1001 1224 1055 fovea
1249 1017 1260 1068 ;
1288 1024 1314 1049 «
1343 1001 1757 1056 Exstinxerunt
1778 1001 1892 1054 vim
1922 999 2137 1072 ignis,»

490 1091 610 1142 tres
640 1086 724 1140 illi
759 1088 922 1159 pueri
956 1089 1014 1143 in
1047 1088 1217 1162 ignea
1251 1091 1520 1159 fornace;
1554 1115 1580 1140 ‹‹
1618 1092 1958 1162 Ell‘ugerunt
1990 1088 2142 1144 acies

492 1174 694 1248 gladii,
727 1198 753 1225 ››
806 1175 994 1232 Helias
1020 1183 1076 1233 et
1127 1179 1334 1247 David;
1376 1203 1400 1234 ιι
1436 1180 1704 1236 Roborati
1750 1185 1889 1236 sunt
1935 1196 2004 1234 ex
2051 1177 2140 1232 in-

494 1265 790 1333 ﬁrmitate,
827 1288 855 1314 »
887 1265 1042 1322 velut
1092 1268 1403 1339 Ezechias;
1436 1289 1457 1317 σ
1494 1271 1696 1326 Fortes
1746 1270 1878 1326 facti
1913 1273 2052 1324 sunt
2080 1267 2139 1322 in

494 1353 668 1426 bello,
701 1376 729 1403 »
751 1353 926 1410 veluti
960 1357 1230 1424 Samson,
1257 1359 1355 1430 qui
1389 1376 1506 1414 una
1535 1359 1685 1415 asini
1713 1357 1950 1415 maxilla
1981 1356 2141 1413 mille

490 1442 802 1515 prostravit
851 1443 1242 1518 alienigenas;
1289 1470 1317 1497 ‹‹
1353 1447 1648 1513 Mulieres,
1674 1450 2025 1520 acceperunt
2071 1463 2141 1502 ex

490 1532 912 1589 resurrectione
962 1539 1223 1592 mortuos
1272 1554 1430 1609 suos,
1480 1560 1507 1586 »
1557 1538 1885 1593 Sunamitis
1934 1540 1990 1592 et
2032 1536 2135 1592 Sa-

487 1621 758 1694 rephthia
784 1639 836 1690 ;‹‹
857 1623 954 1677 alii
977 1641 1108 1680 vero
1134 1625 1369 1682 distenti
1395 1631 1590 1694 sunt,»
1611 1626 1893 1682 Jacobum
1919 1626 2136 1695 (5")fra—

485 1713 634 1766 trem
684 1712 916 1768 Domini
945 1712 1106 1776 dicit,
1139 1717 1195 1769 et
1227 1714 1369 1770 alios
1401 1716 1617 1786 quibus
1658 1719 1958 1787 amputata
1997 1719 2136 1769 sunt

2258 550 2559 624 γωνίσαντο
2597 550 2894 624 βασιλείαν.

2328 640 2534 712 Ἐρμην
2546 684 2557 697 .
2617 634 2884 715 Ἀϐραὰμ,
2966 643 3194 711 Μωσῆς,

2264 753 2290 782 ιι
2330 729 2644 804 εἰργάσαντο
2691 727 3061 801 δικαιοσύνην,
3127 756 3153 782 n
3214 727 3480 806 Ἀϐραὰμ,
3538 736 3723 806 Φινεὲς,
3766 740 3833 793 καὶ

2255 813 2439 872 Δαϐίδ·
2475 817 2798 894 «ἐπέτυχον
2855 817 3216 894 ἐπαγγελιῶν,
3267 845 3293 870 υ
3353 822 3557 891 Ἰησοῦς
3606 829 3690 877 τοῦ
3718 831 3830 894 Ναυῆ

2252 907 2340 962 καὶ
2371 902 2568 962 Χαλέϐ·
2605 933 2632 958 ‹‹
2667 903 2890 986 ἔφραξαν
2941 907 3179 976 στόματα
3230 906 3485 974 λεόντων,
3539 935 3557 962 ι
3600 913 3769 980 Δανιὴλ
3793 914 3829 967 ἐν

2249 1001 2328 1067 τῷ
2387 995 2593 1069 λάκκῳ·
2652 1023 2676 1046 ‹‹
2739 993 2956 1051 ἔσϐεσαν
3019 995 3240 1069 δύναμιν
3299 999 3490 1073 πυρὸς,
3550 1024 3576 1049 n
3629 1001 3674 1054 οἱ
3722 1010 3831 1075 τρεῖς

2251 1083 2437 1147 παῖδες
2495 1085 2830 1162 ἐγκαμίνῳ.
2880 1111 2907 1137 ››
2961 1092 3199 1164 ’Έφυγον
3255 1087 3497 1160 στόματα
3537 1091 3831 1164 μαχαίρας,»

2247 1173 2435 1237 Ἠλίας
2465 1175 2554 1229 καὶ
2587 1170 2772 1231 Δαϐίδ.
2809 1199 2835 1224 ‹‹
2867 1174 3384 1249 Ἐνεδυναμώθησαν
3413 1177 3515 1231 ἀπὸ
3544 1179 3788 1253 ἀσθενείας,
3812 1209 3832 1233 υ

2251 1265 2326 1325 ὡς
2379 1264 2639 1333 Ἐζεκίας,
2691 1288 2719 1315 ‹‹
2771 1265 3136 1339 Ἐγενήθησαν
3186 1265 3406 1340 ἰσχυροὶ
3466 1265 3516 1320 ἐν
3560 1267 3773 1341 πολέμῳ,
3814 1296 3829 1324 ι

2249 1352 2322 1415 ὡς
2354 1354 2593 1427 Σαμψὼν
2628 1352 2675 1408 ἐν
2713 1357 2811 1426 μιᾷ
2848 1353 3054 1429 σιαγόνι
3105 1348 3229 1408 ὄνου
3272 1351 3496 1428 χιλίους
3545 1353 3834 1432 ἀλλοφύλους

2246 1444 2619 1518 κατέστρεψεν.
2701 1466 2729 1494 (ι
2803 1436 3038 1498 Ἔλαϐον
3116 1447 3363 1518 γυναῖκες
3441 1441 3489 1513 ἐξ
3552 1443 3829 1510 ἀναστάσεως

2245 1531 2370 1594 τοὺς
2426 1531 2646 1607 νεκροὺς
2705 1531 2898 1598 αὐτῶν,
2963 1553 2989 1584 ιι
3050 1538 3383 1606 Σουναμῖτις
3429 1533 3517 1586 καὶ
3583 1537 3827 1612 Σαραοῧία·

2250 1620 2516 1705 «σ”Δλλοι
2558 1619 2614 1676 δέ
2665 1619 3152 1693 ἐτυμπανίσθησαν,
3205 1646 3234 1674 ››
3296 1615 3547 1678 Ἰάκωϐον
3591 1621 3714 1697 λέγει
3757 1626 3825 1680 τὸν

2244 1707 2475 1767 ἀδελφὸν
2531 1714 2628 1764 τοῦ
2677 1709 2894 1785 Κυρίου,
2943 1710 3030 1763 καὶ
3079 1708 3204 1772 τοὺς
3256 1708 3509 1776 λοιποὺς,
3543 1710 3825 1768 δσοιάπεχε-

3267 644 3476 712 Ἰησοῦς
3549 649 3636 698 τοῦ
3701 654 3834 719 Ναυῆ·

482 1800 674 1873 capita
707 1817 719 1856 :
755 1819 890 1857 nam
924 1802 1200 1860 distentio
1233 1803 1375 1859 nihil
1402 1803 1558 1860 aliud
1596 1811 1685 1860 est
1728 1821 1906 1876 quam
1938 1802 2120 1858 decol.

2243 1798 2600 1876 φαλίσθησαν·
2646 1797 3025 1870 τυμπανισμὸς
3070 1797 3169 1873 γὰρ
3224 1799 3252 1852 6
3305 1796 3719 1876 ἀποκεφαλισμὸς
3757 1798 3824 1856 λέ-

477 1887 657 1958 latio;
692 1913 718 1940 «
762 1890 860 1947 alii
890 1907 1023 1946 vero
1053 1890 1312 1947 ludibria
1340 1897 1397 1948 et
1441 1893 1625 1966 ﬂagra
1653 1893 1872 1964 experti
1903 1896 2060 1962 sunt,
2097 1913 2125 1942 »

477 1978 678 2047 Isaias,
709 1979 1033 2048 Jeremias;
1077 1985 1132 2034 et
1181 1980 1490 2048 Michwas;
1524 2004 1551 2031 «
1586 1981 1849 2052 Lapidati
1903 1984 2063 2040 sunt.
2096 2002 2122 2027 κ

473 2068 800 2139 Stephanus
847 2074 905 2123 et
959 2069 1262 2137 Nabuthe;
1305 2092 1332 2118 «
1377 2070 1623 2126 Dissecli
1673 2078 1835 2137 sunt,
1873 2092 1899 2119 ››
1943 2070 2127 2125 Isaias

475 2172 649 2227 quem
682 2173 844 2212 serra
872 2156 1067 2229 lignea
1089 2159 1563 2213 secaruntJudaei
1591 2177 1641 2224 ;«
1666 2158 1895 2214 Tentati
1919 2163 2077 2223 sunt,
2096 2179 2122 2206 ››

473 2245 651 2301 veluti
678 2246 822 2313 Job;
858 2269 887 2296 ‹‹
916 2247 993 2313 {In
1024 2247 1315 2302 occisione
1364 2247 1544 2319 gladii
1587 2248 1989 2303 occubuerunt
2017 2248 2058 2314 ³,
2096 2270 2122 2297 υ

472 2333 748 2405 Jacobus,
810 2335 1116 2390 Zacharias
1174 2342 1231 2390 et
1286 2336 1404 2390 alii.
1461 2339 1714 2407 «Atque
1763 2353 1968 2391 omnes
2024 2336 2121 2391 isti

475 2424 810 2479 testimonio
844 2425 1071 2494 probati
1106 2441 1206 2495 per
1237 2426 1432 2495 fidem,
1460 2442 1573 2480 non
1607 2428 1959 2496 acceperunt
1989 2441 2120 2496 pro-

471 2513 869 2569 missionem»
889 2513 1103 2568 Omnes
1119 2514 1488 2569 videlicetisti
1505 2514 1691 2569 sancti
1715 2514 2119 2569 testimonium

470 2619 762 2675 accepere,
825 2604 981 2674 quod
1044 2601 1372 2674 placuerint
1434 2604 1571 2669 Deo,
1624 2607 1682 2659 et
1740 2604 1786 2658 si
1859 2603 2118 2657 nondum

471 2692 743 2746 fruantur
772 2691 985 2763 gaudio
1017 2692 1179 2762 regni
1211 2691 1487 2746 caelorum
1519 2697 1575 2747 et
1603 2707 1804 2746 eorum
1828 2691 2116 2746 bonorum

471 2797 600 2852 qua
630 2780 924 2852 promissa
946 2787 1085 2836 sunt
1106 2780 1418 2851 justis,sed
1441 2782 2007 2853 exspectentsecund
2021 2797 2117 2836 um

471 2871 810 2936 adventum,
853 2875 917 2924 ut
949 2875 1073 2924 tum
1107 2874 1461 2926 coronentur
1491 2885 1694 2925 omnes
1724 2869 1783 2924 in
1815 2887 1931 2924 uno
1963 2870 2117 2924 horae

468 2965 784 3015 momento.
821 2958 964 3015 Nam
1013 2958 1120 3012 hoc
1163 2964 1253 3014 est
1299 2959 1451 3027 quod
1505 2959 1700 3030 inquit
1748 2958 2112 3029 Apostolus:

467 3068 495 3097 «
528 3047 645 3102 Deo
675 3063 776 3118 pro
809 3047 979 3102 nobis
1012 3046 1224 3102 melius
1255 3046 1478 3118 aliquid
1510 3048 1958 3118 providente,ne
1989 3047 2117 3103 sine

469 3136 638 3190 nobis
664 3141 1216 3191 consummarentur
1243 3137 1280 3191 ‘.
1319 3158 1347 3185 ››
1379 3137 1524 3192 Nam
1557 3137 1705 3192 citra
1735 3153 2114 3194 consumma-

2237 1908 2407 1963 γεται·
2445 1913 2472 1938 ‹‹
2533 1891 2748 1963 Ἕτεροι
2799 1884 2855 1941 δὲ
2900 1887 3226 1962 ἐμπαιγμῶν
3254 1886 3345 1941 καὶ
3382 1887 3640 1961 μαστίγων
3676 1895 3820 1962 πεῖραν

2239 1972 2451 2045 ἔλαϐον,
2503 2001 2531 2027 ‹‹
2592 1978 2833 2044 Ἠσαίας,
2881 1975 3167 2052 Ἱερεμίας,
3218 1975 3308 2030 καὶ
3361 1975 3611 2052 Μιχαίας.
3655 1976 3823 2033 «Ἐλι-

2238 2065 2529 2136 θάσθησαν,
2587 2090 2614 2118 ››
2676 2065 2943 2143 Στέφανος
3001 2064 3089 2119 καὶ
3141 2060 3408 2129 Ναϐουθέ.
3491 2091 3511 2116 ι
3587 2065 3823 2140 Ἐπρίσθη-

2235 2176 2351 2221 σαν,
2406 2178 2433 2206 ››
2493 2157 2521 2209 ὁ
2573 2156 2816 2216 ⁸Ησαῖας·
2877 2151 3076 2226 ξυλίνῳ
3120 2153 3307 2229 πρίονι
3363 2150 3576 2230 ἔπρισαν
3606 2153 3738 2209 αὐτὸν
3784 2156 3820 2208 oi

2236 2241 2509 2300 Ἰουδαῖοι.
2575 2269 2595 2294 ιι
2655 2241 3102 2318 Ἐπειρασθησαν,
3143 2267 3162 2291 ιι
3199 2243 3276 2304 ὡς
3308 2243 3336 2296 ὁ
3368 2238 3516 2299 Ἰὼϐ.
3551 2267 3576 2294 ι(
3607 2245 3680 2300 Ἐν
3709 2244 3820 2320 φόνῳ

2237 2333 2509 2408 μαχαίρας
2559 2331 2840 2403 ἀπέθανον,
2895 2355 2923 2382 ››
2979 2326 3255 2401 Ἰάκωϐος,
3339 2332 3619 2407 Ζαχαρίας,
3661 2331 3734 2386 καὶ
3779 2333 3817 2385 oi

2234 2419 2440 2477 λοιποί.
2495 2447 2515 2471 ι
2571 2419 2671 2478 Καί
2713 2418 2863 2474 οὗτοι
2922 2421 3138 2488 πάντες,
3193 2420 3617 2494 μαρτυρηθέντες
3646 2417 3719 2474 διὰ
3741 2427 3814 2488 τῆς

2231 2510 2486 2583 πίστεως,
2529 2510 2627 2565 οὐκ
2676 2509 2996 2582 ἐκομίσαντο
3044 2510 3141 2578 τὴν
3195 2507 3546 2584 ἐπαγγελίαν,
3595 2533 3620 2560 ››
3663 2511 3816 2584 Ἠγουν

2231 2598 2379 2654 οὗτοι
2411 2599 2600 2661 πάντες
2635 2599 2686 2653 οἱ
2718 2600 2861 2674 ἅγιοι
2897 2597 3350 2674 μαρτυρηθέντες,
3383 2598 3465 2654 ὅτι
3513 2598 3810 2673 εὐηρέστησαν

2227 2690 2306 2761 τῷ
2338 2694 2472 2761 Θεῷ,
2535 2686 2687 2742 οὔπω
2736 2685 3038 2742 ἀπέλαυσαν
3084 2694 3182 2756 τῆς
3236 2688 3511 2764 βασιλείας
3557 2692 3649 2740 τῶν
3690 2686 3811 2762 οὐρα·

2226 2782 2332 2831 νῶν
2381 2778 2470 2831 καὶ
2533 2782 2638 2830 τῶν
2701 2775 3126 2851 ἐπηγγελμένων
3187 2783 3308 2839 τοῖς
3359 2774 3583 2839 διλαίοις
3625 2778 3811 2850 ἀγαθῶν,

2228 2863 2372 2920 ἀλλὰ
2402 2867 2751 2941 περιμένουσι
2781 2867 2881 2936 τὴν
2935 2863 3181 2941 δευτέραν
3238 2867 3552 2941 παρουσίαν,
3606 2863 3680 2918 i'va
3726 2885 3811 2918 στε-

2225 2957 2537 3033 φανωθῶσιν
2593 2956 2820 3017 ἅπαντες
2868 2953 2920 3009 ἐν
2967 2959 3065 3027 μιᾷ
3110 2960 3305 3031 καιροῦ
3356 2956 3516 3031 ῥοπῇ.
3567 2959 3714 3009 Τοῦτο
3736 2951 3810 3029 γάρ

2224 3043 2363 3098 ἐστιν
2428 3043 2456 3099 6'
2504 3042 2648 3120 λέγει
2699 3045 2727 3098 ὁ
2778 3042 3136 3114 ’Δπόστολος,
3173 3044 3270 3109 ,ὃτι
3326 3072 3344 3095 ο
3400 3049 3501 3098 Τοῦ
3547 3049 3664 3100 Θεοῦ
3711 3042 3806 3114 περὶ

2224 3135 2385 3206 ἡμῶν
2439 3132 2680 3208 κρεῖττόν
2737 3154 2787 3187 τι
2847 3128 3362 3207 προσϐλεψαμένου,
3418 3131 3505 3188 τίνα
3559 3135 3627 3206 μὴ
3671 3131 3808 3207 χωρὶς

468 3222 689 3278 tionem
719 3225 982 3279 omnium
1033 3229 1396 3291 sanctorum,
1430 3225 1677 3280 dimidia
1725 3242 1860 3296 par
1909 3241 2110 3281 eorum

2231 3225 2386 3294 ἡμῶν
2429 3221 2780 3277 τελειωθῶσι.
2834 3244 2862 3272 ››
2915 3220 3094 3298 Χωρὶς
3143 3223 3245 3296 γδιρ
3295 3225 3507 3277 πάντων
3556 3227 3652 3276 τῶν
3679 3220 3805 3294 ἁγίων

469 3313 625 3367 bona
654 3312 946 3384 promissa
977 3330 1092 3368 non
1124 3313 1532 3385 accipit.Spem
1566 3314 1801 3385 quidem
1823 3320 1881 3369 et
1906 3314 2114 3370 arrha—

474 3402 624 3456 bona
645 3401 1255 3473 habent,separatique
1285 3407 1422 3458 sunt
1441 3420 1474 3457 a
1493 3403 1940 3473 peccatoribus.l
1946 3419 2112 3474 psam

471 3506 606 3545 vero
639 3491 1050 3561 perfectionem
1110 3490 1372 3546 nondum
1432 3492 1584 3547 280
1644 3497 1784 3547 sunt
1837 3491 2112 3563 assecuti,

470 3596 597 3651 quae
627 3584 716 3635 est
762 3578 1184 3652 praestabilior;
1216 3579 1495 3635 nimirum
1549 3585 1612 3635 ut
1662 3596 1867 3635 omnes
1909 3580 2112 3635 eodem

467 3672 730 3740 tempore
759 3668 937 3724 simul
968 3669 1188 3722 intrent
1214 3667 1270 3722 in
1304 3675 1634 3741 regnum,et
1663 3668 1963 3740 aequaliter
1992 3685 2114 3726 om-

463 3773 566 3813 nes
597 3757 783 3813 sancti
813 3759 1101 3813 bonorum
1130 3757 1230 3812 Dei
1261 3757 1573 3830 participes
1605 3759 1769 3814 ﬁant.

535 3935 709 3991 Paor.
743 3935 974 3990 CXXIX.
997 3957 1025 3986 «
1055 3935 1170 3991 Nos
1200 3941 1426 3992 tantam
1458 3936 1740 3993 habentes
1769 3936 2111 4010 impositam

464 4024 683 4079 nubem
713 4025 950 4080 testium
974 4024 1011 4080 ⁵.
1048 4047 1078 4074 ››

539 4116 875 4168 lursnpna'r.
908 4113 1136 4169 Nubem
1186 4113 1424 4169 testium
1483 4115 1644 4186 ipsos
1695 4117 1942 4183 vocavit,
1973 4117 2114 4189 quia

463 4198 717 4256 irrorant
751 4219 856 4256 nos
909 4202 1010 4273 qui
1040 4201 1098 4256 in
1135 4204 1390 4273 peccatis
1436 4204 1770 4260 detinemur
1791 4211 1847 4261 et
1896 4214 2109 4262 aestua-

464 4305 621 4359 mus,
653 4293 711 4345 et
741 4291 953 4346 umbra
998 4307 1115 4346 suae
1147 4289 1583 4347 intercessionis
1631 4311 1738 4348 nos
1769 4300 2106 4366 contegunt.

528 4473 708 4524 Paor.
742 4468 940 4525 CXXX.
975 4491 1004 4519 «
1037 4469 1402 4540 Deponentes
1437 4486 1610 4526 omne
1641 4472 1970 4543 pondus,et
1998 4472 2106 4529 cir-

459 4563 768 4613 cumstans
800 4574 907 4613 nos
939 4563 1243 4630 peccatum
1273 4559 1314 4612 5.
1349 4580 1378 4608 »

528 4647 755 4702 INTERP.
793 4648 1046 4714 i‘ondus,
1083 4647 1522 4702 multitudinem
1575 4654 1758 4703 vocat.
1793 4649 1884 4704 Sic
1915 4655 2110 4706 autem

458 4735 656 4807 inquit
680 4752 690 4791 :
717 4736 1201 4807 Quandoquidem
1225 4735 1510 4791 habemus
1539 4742 1762 4792 tantam
1788 4739 2112 4794 multitudi-

459 4841 591 4880 nem
620 4832 957 4881 sanctorum
991 4825 1450 4890 testium,instar
1480 4826 1725 4881 nubium
1760 4827 2107 4884 irrorantem

458 4930 586 4979 nos,
637 4913 1045 4970 intercessioni
1076 4931 1312 4985 precum
1345 4915 1610 4986 ipsorum
1641 4915 1872 4985 conﬁsi,
1923 4917 2109 4974 imite-

457 5018 590 5057 mur
620 5007 677 5057 et
709 5020 813 5058 nos
847 5003 1083 5058 illorum
1116 5002 1358 5058 virtutes
1393 5021 1406 5059 :
1454 5009 1510 5059 et
1541 5005 1700 5059 omni
1733 5013 2103 5077 peccatorum

456 5091 682 5162 abjecto
714 5093 991 5163 pondere,
1047 5099 1221 5162 atque
1255 5099 1489 5164 peccato
1521 5099 1940 5151 circumstante
1971 5096 2105 5151 reli-

453 5185 566 5247 cto,
602 5197 706 5251 per
732 5181 1102 5236 tolerantiam
1135 5189 1192 5236 et
1239 5182 1760 5254 aequanimitatem,
1795 5201 2104 5243 curramus

450 5265 511 5322 in
543 5267 777 5326 virtutis
806 5270 1553 5329 certamine.Circumstans
1583 5277 1780 5329 autem
1798 5285 2097 5346 peccatum

1061 5444 1081 5478 ³
1112 5442 1253 5500 ibid.
1286 5443 1475 5500 33-37.

529 5440 551 5474 ³
579 5440 750 5496 Hebr.
784 5457 862 5511 x1,
894 5441 983 5497 33.
1061 5444 1081 5478 ³
1112 5442 1253 5500 ibid.
1286 5443 1475 5500 33-37.
1549 5445 1571 5478 ⁴
1603 5445 1745 5502 ibid.
1779 5446 1867 5501 40.

1947 5446 1968 5482 ⁵
1996 5445 2168 5505 Hebr.
2194 5465 2296 5520 xu,
2328 5446 2381 5504 l.

2225 3313 2276 3366 oi.
2307 3311 2481 3384 ἥμισυ
2511 3313 2612 3367 οὐκ
2639 3305 3088 3383 ἀπολαμϐάνουσι
3125 3311 3193 3364 τὰ
3242 3309 3608 3388 ἐπηγγελμένα
3658 3307 3804 3384 ἀγαθά.

2223 3403 2334 3469 Τὴν
2373 3401 2465 3474 μὲν
2497 3400 2596 3474 γὰρ
2625 3397 2821 3454 ἐλπίδα
2850 3399 2936 3453 καὶ
2979 3399 3068 3452 τὸν
3118 3394 3413 3474 ἀρῥαϐὦνα
3446 3397 3615 3475 ἔσχον,
3641 3399 3712 3452 καὶ
3737 3417 3804 3450 κε-

2222 3489 2560 3565 χωρισμένοι
2611 3489 2742 3544 εἷ’σὶν
2779 3488 2837 3543 ἐκ
2865 3492 2971 3543 τῶν
3007 3489 3376 3564 ἁμαρτωλῶν.
3422 3489 3494 3545 Τὸ
3540 3485 3592 3542 δὲ
3640 3485 3801 3540 τέλειον

2222 3576 2378 3630 οὔπω
2438 3574 2684 3653 εἷ’ληφον,
2747 3581 2993 3651 κρεῖσσον
3061 3574 3158 3648 γάρ
3218 3575 3329 3630 ἐστι
3383 3580 3558 3630 τοῦτο·
3603 3573 3682 3628 ’ἱνα
3720 3573 3802 3627 εἰσ·

2221 3665 2529 3720 ελεύσονται
2586 3666 2778 3726 πάντες
2828 3665 2900 3725 εἷς
2945 3666 3046 3734 τὴν
3100 3664 3378 3739 βασιλείαν
3431 3664 3479 3720 ἐι
3541 3663 3605 3718 ἐνὶ
3646 3665 3800 3736 καιρῷ,

2219 3755 2308 3809 καὶ
2340 3754 2390 3825 ἐξ
2422 3751 2538 3809 ἴσου
2583 3749 2902 3809 ἀπολάϐωσι
2951 3754 3141 3815 πάντες
3191 3755 3245 3808 οἱ
3303 3755 3444 3831 ἅγιοι
3471 3754 3534 3808 τὰ
3562 3751 3709 3826 ἀγαθᾶ
3732 3752 3805 3803 τοῦ

2219 3849 2377 3900 Θεοῦ.

2289 3933 2544 4005 Κείμενον
2595 3933 2728 4008 ρκθ’.
2789 3956 2818 3985 ι(
2877 3933 3153 3990 Τοσοῦτον
3215 3928 3438 4008 ἔχοντες
3489 3928 3804 4007 περικείμενον

2218 4025 2353 4094 ἡμῖν
2386 4023 2546 4099 νέφος
2581 4020 2888 4096 μαρτύρων.
2929 4042 2952 4070 α

2287 4116 2514 4184 Ἑρμην.
2549 4111 2721 4187 Νέφος
2774 4108 3059 4185 μαρτύρων
3113 4108 3308 4172 αὐτοὺς
3360 4108 3613 4176 ἐκάλεσεν,
3657 4100 3802 4169 ἐπειδὴ

2219 4198 2554 4276 δροσίζουσιν
2583 4202 2728 4272 ἡμᾶς
2757 4199 2882 4260 τούς
2923 4197 2974 4252 ἐν
3009 4197 3298 4272 ἁμαρτίαις
3329 4199 3715 4274 συνεχομένους,
3736 4190 3802 4246 καὶ

2219 4289 2669 4367 φλογιζομένους,
2717 4289 2806 4342 καὶ
2836 4287 2886 4342 ἐν
2917 4291 2986 4361 τῇ
3019 4292 3141 4358 σκιᾷ
3169 4292 3277 4343 τῶν
3324 4282 3610 4363 πρεσϐειῶν
3664 4281 3801 4338 αὐτῶν

2217 4399 2314 4453 περ
2324 4377 2626 4434 ισκέπουσιν
2639 4422 2651 4434 .

2291 4468 2542 4541 Κείμινον
2574 4465 2676 4544 ρλ’.
2714 4490 2742 4518 ‹‹
2797 4468 2993 4542 Ὀγκον
3042 4467 3368 4539 ἀποθέμενοι
3416 4463 3579 4520 πάντα
3604 4460 3682 4517 καὶ
3728 4457 3803 4524 τήν

2139 4570 2186 4635 Ι)
2217 4557 2592 4630 εὐπερίστατον
2627 4555 2911 4631 ἁμαρτίαν,
2946 4581 2972 4607 ››

2290 4649 2519 4721 Ἑρμην.
2554 4647 2750 4722 Ὅγκον
2779 4646 2841 4700 τὸ
2873 4651 3084 4714 πλῆθος
3116 4644 3286 4722 λέγει,
3345 4644 3497 4721 Λὲγει
3540 4641 3592 4698 δὶ
3644 4637 3798 4695 οὕτως.

2218 4739 2323 4808 ὅτι,
2354 4733 2573 4804 Ἐπειδὴ
2607 4733 2807 4810 ἔχομεν
2838 4739 3094 4790 τοσοῦτον
3124 4733 3340 4804 πλῆθος
3388 4740 3493 4790 τῶν
3524 4732 3667 4807 ἁγίων
3699 4743 3802 4799 μαρ-

2215 4828 2412 4901 τύρων,
2462 4824 2641 4897 ὥσπερ
2690 4823 2846 4902 νέφος
2891 4821 3136 4897 δροσίζον
3186 4825 3359 4897 ἡμᾶς,
3408 4819 3696 4898 θαρῥοῦντες
3742 4811 3800 4910 εἷς

2213 4920 2312 4985 την
2368 4909 2650 4986 πρεσϐείαν
2706 4917 2811 4966 τῶν
2873 4910 3048 4987 εὔχῶν
3098 4912 3291 4984 αὐτῶν,
3355 4908 3694 4984 μιμησώμεθα
3731 4908 3797 4954 καί

2213 5010 2376 5078 ἡμεῖς
2434 5004 2648 5059 ἐκείνων
2697 5002 2794 5062 τὰς
2844 5002 3056 5075 ἀρετὰς,
3105 5002 3193 5056 καὶ
3222 5002 3312 5056 τὸν
3346 4998 3496 5076 ὄγκον
3525 5003 3622 5052 τῶν
3654 4996 3792 5064 ἄραρ’

2210 5095 2471 5168 τημάτων
2532 5095 2742 5147 ἅπαντα
2796 5089 3211 5166 ἀπορρίψαντες,
3259 5092 3347 5145 καὶ
3396 5090 3490 5157 τήν
3538 5080 3797 5155 εὐπερίστα-

2209 5205 2300 5240 τον
2356 5183 2618 5258 ἁμαρτίαν
2677 5177 3087 5250 καταλιπόντες,
3147 5176 3216 5233 δι’
3273 5179 3542 5250 ὑπομονῆς
3589 5172 3665 5227 καὶ
3713 5184 3796 5258 μα.-

2209 5253 2511 5350 κροΘυμίας
2538 5271 2826 5348 τρέχωμεν
2857 5269 2948 5324 τὸν
2995 5269 3179 5343 ἀγῶνα
3217 5275 3314 5338 τῆς
3361 5267 3566 5343 ἀρετῆς.
3613 5253 3798 5330 Εὐπερίο

2457 5446 2479 5482 ⁸
2509 5445 2652 5501 ibid.

527 5590 914 5672 (§‘)_Jacobu_s
934 5592 1044 5672 _qui
1073 5593 1392 5672 decollagis
1424 5595 1534 5651 fuit
1565 5613 1682 5653 non
1714 5597 1895 5655 frater
1924 5599 2175 5672 Domini,
2210 5601 2308 5659 sed
2346 5579 2524 5656 frater
2564 5594 2812 5656 Joannis
2840 5597 2983 5653 erat.
3013 5592 3153 5651 Vide
3198 5593 3507 5666 Chrysost.,
3535 5581 3712 5645 homil.
3736 5577 3794 5635 27

454 5664 516 5726 in
543 5665 717 5740 Epist.
749 5664 819 5720 ad
845 5665 1114 5739 Hebraeos,
1146 5683 1204 5739 p.
1234 5667 1362 5725 567.

352 5827 796 6092 ’Χ
