4080 6206
284 364 416 426 773

1601 352 2113 428 QUES'I‘IONES
2164 355 2388 416 ALI/E.

3599 363 3714 422 774

288 516 496 554 στατον
529 492 586 549 δὶ
615 493 728 549 εἷπε
763 491 863 560 τήν
908 486 1196 565 ἁμαρτίαν,
1229 484 1416 557 ἐπειδὴ
1479 486 1710 561 μόνιμον
1769 486 1949 540 στάσιν

2105 487 2225 556 ixit,
2257 505 2324 544 eo
2355 490 2508 561 quod
2542 507 2654 544 non
2697 489 2910 546 habeat
2938 491 3191 563 aliquem
3231 494 3456 548 certum
3514 495 3709 553 locum

294 587 404 643 οὐκ
435 583 574 661 ἔχει.
605 579 749 639 ἀλλᾶ
774 578 988 655 τάχέως
1034 579 1287 654 τρέπεται
1334 575 1425 632 καὶ
1472 573 1816 631 καταλύεται.
1853 574 1950 629 Καὶ

293 677 406 752 γὰρ
439 679 475 745 ἡ
515 671 750 749 ἁμαρτία
805 669 952 746 ῥίζαν
1010 667 1112 723 οὐκ
1167 663 1306 744 ἔχει,
1355 664 1478 721 ἀλλ’
1542 662 1667 720 οὐδὲ
1722 664 1949 737 καρπόν.

291 762 643 843 Ἀφανίζεται
675 757 733 814 δὲ
772 759 986 834 ταχέως
1031 756 1123 812 καὶ
1179 753 1502 810 καταλύεται
1573 753 1673 808 ὑπὸ
1726 757 1823 807 τοῦ

297 840 438 935 φοὸς
466 859 567 922 τῆς
603 847 884 924 μετανοίας
917 848 1044 920 (5")
1072 845 1409 918 κοπτομένη.
1443 841 1624 935 "Agim
1675 841 1778 935 γάρ
1813 840 1951 935 ἐστιν

295 928 339 1014 ἦ
407 942 681 1016 μετάνοια,
740 935 1078 992 ἐκκόπτουσα
1152 940 1256 989 πᾶν
1330 930 1513 988 κακόν.
1577 930 1842 986 Μετάνοια
1898 928 1956 984 δὲ

299 1032 450 1088 ἐστιν
501 1030 610 1104 οὐχ
654 1029 688 1096 ἡ
731 1031 842 1080 τῶν
893 1025 1135 1098 γονάτων
1166 1022 1366 1093 κλίσις,
1398 1018 1525 1075 ἀλλ’
1555 1023 1589 1090 ἡ
1624 1022 1808 1095 ἀποχὴ
1859 1024 1957 1076 τοῦ

299 1124 499 1192 κακοῦ,
528 1117 618 1172 καὶ
672 1116 734 1171 τὸ
787 1119 996 1184 πονεῖν,
1049 1112 1139 1167 καὶ
1199 1115 1414 1186 θρηνεῖν
1473 1108 1564 1163 καὶ
1625 1106 1803 1164 δέσθαι
1861 1113 1958 1163 τοῦ

299 1214 441 1266 Θεοῦ
499 1207 632 1282 ὑπὲρ
678 1211 777 1274 τῆς
823 1207 932 1256 τῶν
977 1198 1490 1276 προημαρτηκότων
1551 1197 1808 1276 ἀφέσεως.
1863 1197 1961 1252 Διὰ

293 1301 402 1376 γὰρ
464 1301 626 1352 τοῦτο
693 1293 907 1368 λέγεται
969 1291 1245 1364 μετάνοια,
1307 1288 1392 1343 ὅτι
1475 1287 1794 1362 μετατίθησι
1867 1287 1956 1342 τὸν

292 1393 423 1445 νοῦν
457 1386 562 1442 ἀπὸ
589 1387 686 1440 τοῦ
714 1386 884 1438 κο.κοῦ
913 1381 1049 1456 πρὸς
1078 1379 1141 1434 τὸ
1171 1377 1394 1455 ἀγαθόν.

2063 578 2161 632 ubi
2190 579 2492 649 consistat,
2527 580 2627 635 sed
2657 580 2769 635 cito
2815 585 3076 636 vertatur
3120 585 3290 653 atque
3338 583 3710 643 dissolvatur.

2067 666 2370 722 Peccatum
2404 667 2558 722 enim
2594 668 2845 723 radicem
2879 686 2993 725 non
3027 671 3224 741 habet,
3269 689 3372 728 nec
3407 673 3582 729 etiam
3611 675 3715 730 ba-

2064 756 2162 812 bet
2194 758 2469 812 fructum.
2504 758 2808 814 Evanescit
2836 776 2970 814 vero
3020 761 3243 827 statim,
3277 766 3333 816 et
3362 761 3630 831 solvitur,
3661 764 3712 819 si

2065 844 2257 917 gladio
2308 846 2661 918 poenitentia!
2711 849 3106 903 exscindatur.
3174 850 3318 906 Nam
3371 853 3594 908 securis
3625 859 3717 909 est

2066 935 2428 1007 pmnitentia,
2470 936 2816 991 exscindens
2869 953 3040 992 omne
3090 939 3328 996 malum.
3385 942 3484 996 Est
3514 947 3710 999 autem

2067 1023 2406 1096 poenitentia
2443 1041 2554 1079 non
2588 1025 2934 1097 genuﬂexio,
2959 1027 3061 1083 sed
3094 1027 3450 1085 abstinentia
3474 1048 3507 1085 a
3537 1031 3711 1087 malo.

2067 1117 2213 1168 Item
2245 1113 2494 1181 labores,
2519 1113 2790 1186 lacrymaa
2813 1120 2870 1170 et
2899 1131 3098 1187 preces
3130 1117 3202 1171 ad
3241 1118 3419 1173 Deum
3453 1136 3555 1190 pro
3580 1137 3717 1191 pra-

2067 1203 2378 1258 teritorum
2410 1209 2779 1274 peccatorum
2813 1204 3331 1262 remissione.Nam
3366 1208 3496 1263 ideo
3532 1210 3713 1280 poeni-

2070 1291 2255 1347 tentia
2300 1291 2537 1362 dicitur,
2591 1293 2744 1364 quod
2799 1298 3054 1350 mentem
3104 1312 3137 1350 a
3185 1295 3339 1352 malo
3382 1297 3454 1352 ad
3500 1297 3717 1355 bonum

2069 1381 2402 1437 transferat.

1416 1673 1486 1729 IN
1523 1673 1729 1730 ALIAS
1769 1672 2230 1738 QUESTIONES
2258 1673 2614 1732 MONITUM.

382 1815 448 1866 In
491 1808 652 1865 hasce
697 1804 1041 1875 Quaestiones
1077 1802 1196 1858 haec
1244 1799 1411 1856 habet
1436 1797 1775 1854 Felckannus
1821 1800 1884 1852 in
1923 1800 2099 1854 variis
2145 1799 2467 1855 lectionibus
2517 1801 2988 1871 Commelinianis,
3037 1821 3092 1875 p.
3143 1805 3410 1873 90:11:13,
3465 1809 3604 1881 quia
3651 1811 3712 1868 in

301 1899 507 1955 codice
555 1914 617 1952 ιι.
672 1910 788 1968 quo
845 1892 905 1948 in
953 1896 1098 1946 tom.
1153 1890 1176 1944 Ι
1226 1889 1317 1944 usi
1386 1904 1615 1958 sumus,
1686 1885 1855 1958 plane
1923 1887 2212 1962 (Symbolo
2283 1895 2540 1960 excepto)
2611 1891 2682 1945 ad
2749 1895 2920 1947 tinem
2974 1910 3210 1965 cperum
3281 1895 3343 1950 D.
3415 1898 3715 1956 Athanasii

301 1990 558 2044 inventae
585 1988 744 2050 sunt,
777 1983 907 2037 ideo
939 1979 1032 2036 bic
1063 1984 1204 2035 sunt
1234 1978 1436 2049 positae
1470 1994 1484 2044 ;
1515 1975 1650 2032 licet
1681 1980 1738 2031 et
1784 1975 2022 2032 nomine
2050 1977 2307 2032 auctoris
2335 1981 2395 2033 et
2424 1976 2595 2034 titulo
2627 1987 2906 2036 carerent.
2961 1983 3122 2045 Quod
3169 1983 3217 2037 si
3267 1985 3527 2042 divinare
3561 1988 3714 2061 licet,

305 2075 569 2149 putarim
598 2087 703 2145 ego
731 2086 935 2128 earum
967 2071 1264 2124 auctorem
1296 2065 1511 2124 vixisse
1541 2069 1672 2136 post
1719 2068 1920 2120 exorta
1968 2065 2290 2120 certamina
2332 2065 2484 2122 inter
2534 2066 2792 2122 Latinam
2839 2075 2897 2124 et
2949 2070 3205 2125 Graecam
3256 2073 3595 2142 Ecclesiam,
3653 2082 3718 2134 ut

307 2168 476 2238 patet
519 2179 590 2218 ex
636 2159 848 2234 pagina
904 2157 1032 2224 353,
1089 2172 1140 2211 a.
1196 2155 1297 2212 Ubi
1344 2156 1495 2209 errat
1541 2151 1962 2221 Fetckmannus,
2009 2153 2174 2209 homo
2203 2157 2345 2209 alias
2375 2158 2848 2226 accuratissimus,
2897 2175 3021 2212 cum
3068 2161 3148 2214 ait
3187 2162 3259 2215 ad
3299 2165 3567 2232 paginam
3607 2167 3717 2222 353

314 2253 780 2311 Commetiniunae
808 2246 1092 2316 editionis,
1121 2243 1336 2316 aliquid
1380 2245 1873 2299 controversiarum
1927 2259 2192 2314 apparere
2242 2243 2445 2299 Graecos
2476 2247 2621 2300 inter
2648 2254 2699 2301 et
2732 2247 2968 2302 Latinos.
3015 2249 3171 2304 Nihil
3217 2253 3366 2305 enim
3415 2253 3494 2307 ibi
3533 2261 3724 2311 exstat

311 2340 622 2415 ejusmodi;
653 2355 754 2394 nec
773 2339 983 2410 pagina
1015 2335 1121 2390 353
1163 2332 1234 2389 ad
1263 2333 1422 2388 hasce
1468 2333 1798 2400 Quaestiones
1846 2333 2106 2401 pertinet,
2158 2333 2259 2387 sed
2299 2332 2369 2387 ad
2411 2333 2795 2402 praecedentes.
2850 2341 2986 2391 Puto
3028 2338 3288 2394 adnotare
3311 2342 3541 2398 voluisse
3567 2344 3724 2400 Fel/£—

310 2448 590 2490 mannum
619 2443 746 2502 qua
773 2428 838 2483 de
865 2427 1090 2482 Francis
1117 2423 1398 2490 dicuntur,
1429 2437 1540 2477 non
1560 2422 1617 2476 ia
1641 2421 1787 2476 hisce
1817 2421 2239 2492 Quazstienibus,
2270 2421 2366 2476 sed
2409 2424 2468 2477 in
2512 2424 2844 2493 praecedenti
2874 2430 3062 2495 quasi.
3112 2427 3202 2481 76.
3253 2429 3534 2485 Habentur
3559 2449 3726 2504 porro

313 2524 408 2580 hac
453 2522 797 2591 Quaestione:
855 2515 916 2570 in
963 2513 1173 2570 duobus
1215 2511 1494 2568 codicibus
1559 2510 1746 2580 regiis,
1796 2509 2067 2563 nimirum
2110 2509 2170 2563 in
2221 2510 2383 2576 2358,
2433 2512 2532 2565 ubi
2579 2518 2970 2582 consequenter
3002 2519 3216 2584 ponunt
3244 2526 3360 2584 post
3393 2519 3729 2586 Quaestione:

311 2613 387 2668 ad
422 2610 780 2675 Antiochum,
810 2614 868 2663 et
893 2605 1131 2660 multum
1159 2603 1382 2658 variant
1408 2600 1476 2657 ab
1501 2600 1686 2671 editis,
1721 2603 1774 2655 et
1802 2599 1864 2654 in
1889 2597 2049 2653 2450.
2088 2598 2362 2656 δέδιεν-ατη
2391 2616 2550 2657 nemo
2580 2603 2690 2657 erit
2714 2603 2810 2673 qui
2839 2602 3212 2660 Athanasium
3241 2611 3531 2664 tantarum
3549 2627 3728 2682 nuga-

315 2716 450 2755 rum
465 2701 684 2770 patrem
710 2710 826 2750 esse
853 2692 1180 2764 suspicetur.

318 2966 456 3023 ΤΟΥ
544 2967 634 3016 EN
730 2957 963 3014 ᾹΓῙΟΙΣ
1046 2953 1324 3011 ΠΑΤΡΟΣ
1418 2956 1608 3006 ΗΜΩΝ
1711 2952 1970 3006 ΑΘΑΝΑ-

2104 2951 2326 3008 ΒΑΝΟΤΙ
2396 2953 2628 3008 PATRIS
2701 2952 2946 3012 NOSTRI
3038 2955 3392 3014 ATHANASII
3461 2959 3732 3017 ARCHIE-

401 3053 566 3108 ΣΙΟΥ
586 3045 1151 3106 ΑΡΧΙΕΠΙΣΚΟΗΟΥ
1175 3041 1712 3099 ΑΛΕΞΑΝΔΡΕΙΑΣ
1736 3040 1978 3096 ΕΤΕΡΑΙ

395 3142 603 3198 ΤΙΝΕΣ
647 3137 1052 3196 ΕΡΩἹῊΣΕΙΣ.

395 3345 703 3422 Ἐρώτησις
733 3343 799 3398 α’.
832 3338 893 3395 Τί
925 3337 1036 3394 ἐστι
1068 3337 1239 3406 Θεός;

404 3462 742 3536 Ἀπόκρισις.
800 3455 929 3512 Θεόν
987 3452 1128 3508 ἐστιν
1204 3450 1360 3507 οὐσία
1437 3449 1618 3526 νοερὰ,
1675 3447 1983 3536 ἀθεώρητὸς

334 3575 392 3609 τε
465 3535 590 3606 καὶν
635 3546 1053 3622 άνερμήνευτος.
1113 3539 1242 3603 Θεός
1319 3540 1430 3596 ἐστι
1505 3543 1720 3612 πνεῦμα
1792 3535 1981 3610 ἄϋλον,

333 3639 628 3720 ὀφθαλμὸς
659 3635 983 3708 άκοίμηνος,
1015 3630 1105 3686 καὶ
1155 3634 1277 3692 νοῦς
1324 3628 1599 3720 ἀκίνητος.
1659 3627 1791 3720 Θεός
1844 3627 1983 3720 εστιν

333 3717 496 3786 aviaria
553 3722 924 3799 δημιουργικὴ
983 3721 1193 3775 πάντων
1251 3723 1357 3773 τῶν
1418 3717 1662 3794 ἀοράτων
1707 3717 1796 3772 καὶ
1840 3718 1985 3791 ὁρω-

341 3821 523 3894 μὲνων
554 3814 887 3888 κτισμάτων.

411 4024 610 4099 Ἐρώτ.
747 4017 845 4074 Καὶ
878 4013 968 4072 διὰ
992 4012 1046 4071 τί
1077 4012 1291 4090 λέγεται
1326 4018 1481 4082 Θεος,
1513 4012 1542 4067 ὁ
1572 4013 1740 4082 Θεός;

414 4137 610 4193 ’Δπόκ.
645 4135 772 4196 Θεὸς
830 4130 1041 4206 λέγεται
1102 4130 1208 4184 ἀπὸ
1263 4133 1360 4184 τοῦ
1418 4129 1636 4202 θεωρεῖν
1689 4127 1756 4182 τὰ
1801 4125 1990 4185 πάντα.

339 4227 514 4286 οἱονεὶ
548 4224 773 4298 Θεωρὸς,
805 4222 895 4278 καὶ
926 4221 1078 4291 Θεὸς,
1107 4217 1275 4294 ἤγουν
1310 4218 1505 4286 Θεατὴς
1544 4216 1758 4272 πάντων
1786 4219 1885 4291 (6).

419 4429 530 4490 Καὶ
561 4427 724 4485 πάλιν
756 4424 886 4488 Θεὸς
917 4424 1130 4501 λέγεται
1171 4422 1276 4478 ἀπὸ
1321 4426 1419 4476 τοῦ
1468 4422 1604 4486 θέειν
1647 4420 1737 4476 καὶ
1782 4420 1998 4496 τρὲχειν

335 4525 566 4591 νοητῶς
598 4514 851 4594 ἀχρόνως
877 4514 945 4570 τὰ
991 4514 1183 4571 πάντα.
1215 4513 1272 4566 Ὀ
1316 4511 1417 4598 γὰρ
1475 4510 1604 4572 Θεὸς
1659 4509 1743 4565 ἀεὶ
1799 4530 1997 4566 παντα-

342 4614 464 4689 χοῦ
494 4610 771 4683 πάρεστιν.

429 4720 624 4801 Ἐρώτ.
657 4728 728 4799 γ’.
771 4722 868 4776 Καὶ
898 4717 1058 4774 πόσοι
1090 4717 1200 4773 θεοί
1233 4716 1362 4772 εἰσιν
1390 4733 1404 4785 ;

429 4840 624 4899 Ἀπόκ.
675 4841 766 4901 Εἷς
816 4837 944 4899 Θεὸς
991 4840 1099 4891 τῶν
1150 4837 1308 4900 Θεῶν,
1355 4833 1444 4888 καὶ
1511 4831 1707 4907 Κύριος
1755 4835 1862 4887 τῶν
1917 4852 2006 4886 κυ-

345 4931 671 5011 ριευόντων,
702 4928 793 4982 καὶ
850 4925 994 4994 πλὴν
1036 4924 1200 4980 αὐτοῦ
1251 4921 1350 4977 οὐκ
1394 4918 1533 4977 ἔστιν
1585 4919 1780 4983 ἄλλος.
1816 4921 2008 4997 Λέγον-

339 5008 443 5078 ea:
504 5015 563 5073 δὲ
619 5015 731 5082 θεοὶ
789 5015 879 5069 καὶ
936 5015 988 5069 οἱ
1048 5011 1324 5087 ἅνθρωποι
1373 5010 1510 5065 κατὰ
1567 5009 1750 5087 χάριψ
1788 5009 1862 5071 ὡς
1919 5008 2003 5064 τό·

2158 3042 2494 3099 PISCOPI
2571 3044 3142 3114 ALEXANDRI/E,
3221 3047 3737 3115 QU/ESTIONES

2160 3131 2374 3187 ΑιιΛῑ.

2165 3336 2429 3400 Ουλεετιο
2463 3338 2503 3391 Ι.
2537 3336 2682 3402 Quid
2716 3342 2806 3394 est
2838 3338 2991 3395 Deus
3013 3340 3041 3394 ?

2165 3451 2507 3508 DE‘I‘PONSIO.
2560 3452 2712 3508 Deus
2761 3458 2850 3508 est
2904 3455 3161 3510 essentia
3205 3455 3557 3531 intelligens,
3615 3475 3742 3532 qua

2093 3555 2200 3596 nec
2233 3541 2343 3596 sub
2374 3546 2676 3613 aspectum
2711 3543 2888 3611 cadit,
2939 3560 3044 3598 nec
3093 3545 3284 3600 verbis
3333 3547 3603 3620 explicari
3638 3565 3743 3620 po-

2094 3635 2232 3687 test.
2270 3634 2424 3686 Deus
2453 3635 2541 3687 est
2569 3631 2819 3702 Spiritus
2851 3650 3056 3689 carens
3089 3637 3352 3703 materia,
3387 3637 3590 3693 oculus
3627 3656 3742 3695 non

2096 3719 2416 3784 dormiens,
2486 3737 2653 3776 mens
2720 3721 3064 3778 immobilis.
3116 3723 3270 3780 Deus
3331 3731 3419 3780 est
3489 3728 3746 3784 essentia

2097 3809 2344 3865 creatrix
2374 3810 2638 3864 omnium
2671 3809 3056 3866 invisibilium
3088 3815 3145 3866 et
3174 3812 3491 3870 vrsibilium
3523 3819 3747 3872 creatu-

2100 3915 2234 3955 ΥΕῙἯ
2243 3915 2298 3952 m
2309 3940 2321 3953 .

2173 4017 2399 4079 Qums'r.
2431 4011 2500 4070 II.
2534 4013 2709 4081 Deu,
2743 4031 2921 4086 quare
2953 4015 3168 4071 dicitur
3199 4017 3397 4074 Deus?

2176 4130 2349 4186 Rssr.
2400 4129 2554 4185 Deus
2606 4131 2841 4201 dicitur,
2909 4132 3059 4202 quod
3113 4133 3313 4188 omnia
3376 4133 3588 4190 videat.
3634 4134 3758 4192 Vox

2105 4220 2264 4276 enim
2295 4235 2364 4274 ea
2393 4219 2607 4274 Graecis
2637 4224 2727 4275 est
2755 4237 2788 4275 a
2814 4220 3085 4290 videndo,
3120 4223 3287 4293 quasi
3311 4222 3472 4280 dicas
3503 4229 3757 4280 contem-

2025 4336 2068 4402 Ο
2108 4308 2391 4381 piatorem
2425 4308 2712 4363 omnium.

2185 4424 2440 4480 Rursum
2477 4425 2624 4480 Deus
2672 4425 2909 4492 dicitur,
2963 4424 3116 4498 quod
3162 4427 3608 4500 intelligibiliter
3635 4429 3760 4486 sine

2111 4518 2374 4585 tempore
2417 4519 2613 4568 currat
2664 4519 2721 4569 et
2769 4516 3047 4586 pervadat
3110 4515 3327 4572 omnia.
3391 4516 3545 4573 Deus
3601 4518 3758 4575 enim

2113 4619 2346 4674 semper
2377 4602 2596 4674 ubique
2627 4619 2883 4674 praesens
2922 4610 3030 4660 est.

2185 4717 2408 4780 Qums'r.
2444 4719 2541 4774 ΙΙΙ.
2577 4719 2723 4782 Quot
2757 4723 2897 4774 sunt
2923 4717 3053 4774 dii?

2189 4834 2360 4888 Rssr.
2395 4832 2556 4888 Unus
2590 4839 2679 4888 est
2710 4833 2863 4888 Deus
2897 4836 3160 4902 deorum,
3193 4840 3251 4890 et
3268 4835 3556 4892 Dominus
3587 4837 3772 4894 domi-

2120 4923 2468 4991 nantium,et
2497 4929 2702 4994 printer
2728 4922 2896 4977 illum
2927 4940 3041 4978 non
3074 4929 3164 4978 est
3193 4924 3337 4980 deus
3370 4925 3772 4984 alius.Dicun-

2117 5017 2213 5066 tur
2244 5015 2301 5065 et
2332 5009 2598 5064 homines
2630 5008 2731 5076 dii,
2765 5011 2866 5065 sed
2897 5027 2964 5065 ex
3018 5012 3206 5083 gratia
3240 5029 3252 5066 :
3288 5018 3374 5083 ut,
3409 5038 3436 5064 «
3472 5015 3586 5087 Ego
3628 5013 3771 5086 dixi,

344 5137 378 5166 ιι
422 5105 566 5185 Ἐγὼ
597 5107 738 5178 εἶπα,
777 5103 899 5161 Θεοί
948 5102 1086 5170 ἐστε,
1116 5100 1206 5156 καὶ
1267 5099 1379 5156 υἱοῖ
1424 5099 1675 5175 Ὑψίστου
1725 5099 1944 5161 πάντες.

2119 5099 2208 5154 Dii
2238 5099 2403 5166 estis,
2437 5103 2494 5153 et
2525 5097 2627 5152 ﬁlii
2659 5097 2925 5154 Atissimi
2957 5116 3182 5155 omnes.
3215 5101 3236 5134 ⁷
3267 5094 3296 5151 ὖ

431 5345 450 5382 ⁷
483 5342 637 5401 Psai.
669 5357 857 5410 uxxr,
887 5341 943 5396 6.

431 5515 550 5586 ευ)
580 5515 661 5573 De
693 5509 952 5588 μετανοίᾳ
979 5507 1237 5568 diximus
1265 5508 1324 5565 in
1344 5508 1584 5582 Typico.
1616 5507 1862 5565 Analecl.
1892 5505 2060 5564 Graec.
2095 5521 2228 5578 pag.
2259 5504 2366 5559 209
2395 5507 2452 5560 et
2480 5502 2540 5560 in
2574 5501 2940 5564 Onomastrco.

433 5686 519 5759 (6)
553 5686 637 5743 Ita
665 5684 802 5758 Reg.
834 5682 900 5740 In
920 5679 1093 5740 editis
1119 5696 1278 5750 vero,
1311 5681 1445 5754 post
1479 5696 1714 5748 παντων,
1742 5676 1958 5752 legitur
1986 5672 2200 5740 ἄλλως.
