4096 6212
411 343 528 403 775

408 567 532 622 lum
567 581 751 620 unum
783 564 965 618 Deum
1001 562 1365 633 profitemur,
1399 558 1588 614 tribus
1638 556 2054 629 hypostasibus

409 657 794 720 constantem,
829 667 959 706 esse
992 653 1242 713 Patrem,
1280 646 1487 701 Filium
1522 650 1579 700 et
1607 644 1892 716 Spiritum
1925 661 2055 699 san-

411 748 568 798 ctum
595 746 618 798 Ρ
646 741 790 796 Ecce
820 739 973 794 enim
1011 743 1126 792 tres
1156 737 1497 808 proﬁtemur
1517 740 1710 790 etnon
1742 749 1946 788 unum.
1981 737 2056 788 At

408 836 468 886 tu
502 833 643 887 doce
668 847 793 900 nos,
825 827 1118 900 quomodo
1151 843 1306 880 unus
1353 825 1430 879 sit
1462 825 1635 890 Deus,
1670 827 1728 878 et
1761 823 2052 894 quomodo

405 920 663 976 vicissim
698 924 818 974 tres
849 933 1129 990 personas
1159 916 1230 970 de
1261 920 1373 969 Deo
1406 911 1800 970 enuntiemus.
1834 911 2052 968 Permi-

406 1026 536 1064 rum
571 1008 680 1064 hoc
709 1008 878 1064 nobis
909 1006 1158 1076 videtur,
1218 1020 1347 1060 esse
1395 1019 1578 1058 unum
1633 1007 1814 1067 Deum
1845 1006 1903 1057 et
1933 1006 2052 1057 tres

405 1099 533 1169 ejus
566 1113 866 1171 personas.

474 1228 646 1279 Resp.
687 1222 1002 1293 Diligenter
1040 1220 1306 1274 animum
1357 1219 1612 1284 adverte,
1660 1221 1717 1272 et
1764 1215 2052 1286 intelliges

405 1329 576 1367 sacra:
625 1310 929 1366 Trinitatis
975 1309 1340 1376 mysterium,
1392 1318 1684 1378 quatenus
1735 1322 1900 1360 mens
1941 1305 2049 1359 bu-

401 1417 578 1456 mana
607 1416 780 1455 nosse
810 1404 1020 1470 potest.
1052 1397 1176 1452 Nisi
1205 1398 1384 1468 quod,
1417 1402 1481 1450 ut
1511 1395 1654 1449 mihi
1687 1393 2050 1460 videtur,boc

401 1489 632 1553 dicitur,
669 1489 857 1560 quoad
895 1504 995 1559 per
1034 1487 1148 1542 vim
1180 1486 1494 1541 verborum
1546 1485 1668 1540 ﬁeri
1707 1483 1859 1539 licet.
1895 1482 2048 1538 Deus

400 1579 554 1634 enim
587 1577 864 1648 explicari
896 1577 1120 1646 nequit,
1154 1592 1217 1631 ac
1251 1579 1556 1646 propterea
1587 1591 1701 1629 non
1731 1589 2048 1644 possumus

399 1667 892 1738 comprehendere
923 1670 1193 1720 naturam
1221 1663 1350 1734 ejus
1383 1681 1395 1718 :
1431 1678 1621 1733 neque
1667 1661 1851 1717 nostri
1883 1659 2044 1715 simi-

399 1754 470 1810 lis
502 1760 592 1812 est
620 1773 735 1810 una
784 1753 907 1810 solo
960 1759 1235 1808 constans
1281 1768 1552 1824 persona.
1597 1750 1760 1814 Quod
1811 1751 1858 1806 si
1892 1753 2047 1804 esset

1573 335 1637 395 S.
1688 329 2212 394 ATHANASIUS.
2238 365 2310 376 —
2341 332 2649 396 SPURIA.

483 477 630 533 281
667 478 893 541 Qua-:91.
946 470 1038 528 IV.
1085 475 1156 525 At
1197 470 1246 525 si
1296 473 1384 526 est
1432 485 1604 536 unus,
1655 467 1949 539 quomodo
1980 466 2048 521 il-
2083 476 2135 541 Α

3703 343 3822 403 7‘76

2239 467 2431 542 Ἐρώτ.
2467 464 2527 523 δ’.
2563 469 2659 523 Καὶ
2694 471 2768 532 ὡς
2809 468 2885 525 ἔνι
2932 473 3030 541 εἷς,
3064 475 3182 534 πῶς
3233 470 3466 548 λέγομεν
3515 473 3671 528 αὐτὸν
3720 478 3815 531 τὸν

2163 553 2254 610 ἕνα
2333 558 2459 612 Θεὸν
2535 559 2979 634 τρισυπόστατον,
3040 563 3270 637 Πατέρα,
3337 562 3428 616 καὶ
3499 563 3645 630 Υἱὸν,
3724 566 3817 620 καὶ

2164 645 2314 719 ἅγιον
2379 650 2633 720 Ιῐνεῦμα;
2685 644 2825 704 Ἰδοὺ
2884 650 2984 725 γὰρ
3042 656 3188 726 τρεῖς
3248 648 3506 726 λέγομεν,
3555 651 3644 706 καὶ
3708 654 3818 730 οὐχ

2161 730 2270 792 ἕνα,
2334 734 2511 792 Ἀλλὰ
2561 735 2770 808 δίδαξον
2828 741 2964 811 ἡμῖν
3024 745 3141 801 πῶς
3193 739 3333 795 ἐστιν
3386 741 3460 802 εἷς
3519 741 3670 803 Θεός·
3725 744 3818 797 καὶ

2163 829 2279 888 πῶς
2339 827 2503 883 πάλιν
2561 828 2681 903 τρία
2738 829 3004 904 πρόσωπα
3033 831 3159 901 περὶ
3209 835 3345 886 Θεοῦ
3390 830 3644 907 λὲγομεν.
3679 839 3816 888 Θαυ-

2166 916 2364 987 μαστὸν
2395 919 2530 989 ἡμῖν
2560 914 2711 972 δοκεῖ
2736 922 2920 984 τοῦτο,
2953 919 3100 981 ὅπως
3148 921 3237 974 καὶ
3297 922 3375 983 εἷς
3427 920 3569 976 ἐστιν
3599 923 3628 977 6
3658 924 3811 991 Θεὸς,

2160 1004 2249 1058 καὶ
2280 1005 2404 1078 τρία
2431 1004 2496 1059 τὰ
2525 1004 2790 1078 πρόσωπα
2819 1007 3003 1064 αὐτοῦ.

2235 1219 2427 1277 Ἀπόκ.
2452 1223 2646 1277 ’Ἄκουε
2675 1226 2929 1294 συνετῶς,
2960 1223 3050 1278 καὶ
3108 1225 3325 1294 νοήσεις
3385 1224 3446 1278 τὸ
3501 1231 3600 1292 τῆς
3663 1225 3814 1302 ἁγίας

2161 1305 2399 1382 Τριάδος
2462 1311 2784 1384 μυστήριον,
2817 1311 2998 1374 καθὼς
3051 1308 3266 1366 δύναται
3325 1317 3452 1375 νοῦς
3512 1313 3811 1389 ἀνθρώπων

2159 1397 2369 1463 νοῆσαι.
2403 1397 2490 1458 Ὧς
2518 1397 2641 1470 ἐμοὶ
2672 1397 2819 1466 πλὴν
2871 1395 3038 1465 δοκεῖ,
3071 1400 3209 1475 πρὸς
3257 1401 3355 1469 τὴν
3400 1401 3536 1455 κατὰ
3585 1399 3812 1475 δύναμιν

2159 1486 2293 1555 ἡμῖν
2327 1490 2434 1539 τῶν
2467 1483 2664 1556 λέξεων
2699 1485 2913 1561 λέγεται
2973 1493 3156 1544 τοῦτο.
3189 1489 3250 1545 Ὁ
3307 1489 3406 1564 γὰρ
3464 1490 3592 1552 Θεὸς
3652 1491 3816 1566 ἆνερ-

2163 1574 2428 1645 μήνευτός
2459 1577 2591 1646 ἐστι,
2622 1575 2710 1630 καὶ
2745 1573 2833 1630 διὰ
2860 1581 3022 1632 τοῦτο
3056 1577 3117 1631 οὐ
3164 1574 3435 1651 δυνάμεθα
3481 1574 3812 1634 καταλαϐεῖν

2156 1661 2320 1716 αὐτοῦ
2350 1665 2447 1731 τήν
2482 1663 2658 1738 φύσιν·
2693 1663 2818 1720 οὐδὲ
2849 1664 3042 1738 ὅμοιος
3067 1668 3228 1739 ἡμῶν
3284 1665 3394 1721 ἐστι
3459 1669 3817 1743 μονοπρόσω-

2156 1772 2277 1812 πος.
2311 1751 2378 1809 Ei‘
2415 1755 2518 1828 γὰρ
2567 1755 2632 1821 ἦν
2687 1754 3146 1828 μονοπρόσωπος,
3193 1753 3560 1830 ἐγινώσκομεν
3612 1757 3672 1811 ἂν
3719 1757 3817 1812 αὖ·

401 1862 515 1900 una
548 1861 819 1915 persona,
859 1857 1346 1915 cognosceremus
1379 1857 1535 1907 eum,
1587 1841 1670 1895 uti
1705 1855 1810 1895 nos
1841 1844 2033 1894 mutuc

2153 1838 2267 1906 16v,
2300 1841 2375 1902 ὡς
2408 1840 2772 1914 ἐγινωσκομεν
2805 1842 3090 1913 ἀλλήλους
3141 1845 3310 1916 ἡμᾶς.
3345 1843 3504 1900 Ἀλλ’
3536 1843 3678 1901 ἔστιν
3733 1848 3813 1909 εἷς

397 1932 688 1988 novimus.
722 1932 831 1989 Sed
861 1937 950 1987 est
980 1947 1133 1986 unus
1185 1929 1424 2001 quidem
1473 1934 1646 1995 Deus,
1697 1933 1814 1982 tres
1845 1935 2038 1982 autem

395 2023 524 2092 ejus
555 2029 688 2076 sunt
723 2036 1046 2091 personnaa.
1095 2019 1166 2074 Et
1192 2017 1318 2072 vide
1362 2034 1518 2072 nunc
1569 2033 1694 2086 qua
1746 2015 2034 2070 dicantur.

391 2109 897 2172 Quemadmodum
930 2106 1016 2162 sol
1046 2111 1134 2161 est
1168 2123 1320 2161 unus
1354 2122 1365 2159 :
1399 2105 1481 2161 sol
1516 2109 1712 2160 autem
1746 2102 1920 2158 habet
1949 2119 2037 2158 ra-

394 2197 555 2252 dium
589 2201 645 2252 et
673 2195 888 2262 lucem,
919 2202 976 2250 et
1005 2200 1145 2250 sunt
1177 2195 1234 2248 in
1267 2193 1386 2249 sole
1418 2198 1537 2249 tres
1597 2210 1851 2262 personae
1887 2207 1898 2246 ε
1943 2209 2034 2246 οι·-

393 2287 504 2355 bis,
541 2287 741 2341 radius
773 2291 828 2340 et
855 2283 972 2339 lux.
1009 2282 1180 2339 Orbis
1214 2283 1448 2354 quidem
1483 2286 1573 2337 est
1603 2281 2033 2353 receptaculum

391 2375 532 2429 solis
567 2391 579 2430 :
615 2375 812 2430 radius
841 2389 994 2440 vero,
1029 2372 1130 2444 qui
1161 2372 1466 2426 descendit
1497 2369 2032 2441 lucidus,repercu-

388 2465 534 2518 titur
563 2464 632 2519 ad
656 2470 871 2518 terram
908 2479 918 2516 :
952 2461 1148 2517 lumen
1174 2477 1306 2516 vero
1337 2460 1491 2516 lucet
1510 2461 1683 2515 etiam
1707 2459 1767 2514 in
1801 2459 2033 2513 umbro-

389 2555 470 2608 is
501 2552 643 2608 locis
677 2553 801 2607 sine
851 2551 1031 2606 radio.
1087 2552 1153 2605 Et
1200 2567 1330 2604 ecce
1378 2555 1495 2604 tres
1553 2554 1691 2603 sunt
1719 2564 2028 2620 personae:

387 2640 770 2709 orbis,radius
803 2646 858 2695 et
888 2639 1005 2694 lux.
1035 2640 1158 2696 Non
1191 2638 1442 2694 dicimus
1473 2644 1672 2692 autem
1703 2641 1822 2691 tres
1854 2637 2028 2704 soles,

387 2733 485 2786 sed
523 2747 702 2785 unum
737 2729 916 2785 solem
945 2747 958 2784 :
985 2745 1089 2784 nec
1110 2728 1361 2782 dicimus
1384 2745 1559 2782 unam
1589 2727 2026 2798 personam,sed

387 2827 526 2875 tres.
556 2820 611 2873 Si
645 2819 801 2874 enim
835 2817 1230 2888 interrogeris,
1263 2823 1404 2888 quot
1436 2816 1556 2871 sint
1585 2814 1738 2870 soles
1771 2815 1827 2868 in
1862 2813 2028 2881 coelo,

387 2910 656 2964 dicturus
683 2924 766 2978 es,
802 2908 958 2979 quod
993 2923 1144 2961 unus
1176 2906 1254 2962 sit
1286 2906 1372 2960 sol
1408 2923 1419 2960 :
1456 2905 1503 2959 si
1532 2920 1663 2959 vero
1711 2904 2027 2974 interroge-

387 2998 638 3069 ris,quot
666 2997 785 3052 sint
812 3012 1113 3068 personnaa
1144 2995 1583 3059 solis,dicturus
1613 2993 1860 3063 es,quod
1889 2997 2024 3048 tres:

384 3087 564 3151 orbis,
596 3085 798 3142 radius
828 3089 884 3140 et
913 3085 1012 3139 lux
1045 3103 1056 3140 :
1092 3083 1175 3139 sic
1205 3083 1378 3140 etiam
1413 3083 1605 3154 cogita
1634 3083 1704 3136 de
1739 3086 2027 3136 Deo.Deus

385 3179 473 3229 est
505 3192 677 3237 unus.
715 3191 972 3245 persona:
1004 3177 1196 3228 autem
1251 3172 1428 3228 unius
1481 3172 1580 3226 Dei
1629 3176 1768 3238 tres,
1820 3170 2024 3236 Patris,

390 3261 536 3330 Filii,
569 3267 626 3317 et
654 3262 904 3332 Spiritus
925 3261 1134 3317 sancti.
1173 3263 1239 3318 Et.
1269 3277 1336 3316 ex
1367 3261 1473 3316 hoc
1518 3276 1823 3332 cognosce,
1873 3259 2026 3330 quod

397 3350 896 3421 quemadmodum
926 3349 1010 3404 sol
1045 3353 1274 3404 constat
1318 3348 1508 3403 tribus
1540 3347 1826 3420 personis,
1860 3349 1939 3403 ita
1973 3352 2030 3404 et

397 3456 552 3494 unus
582 3438 736 3494 Deus
767 3439 956 3493 tribus
987 3439 1271 3509 personis.
1309 3437 1504 3510 Typus
1534 3438 1691 3492 enim
1725 3437 1911 3492 Patris
1941 3441 2031 3492 est

392 3529 550 3586 orbis
572 3528 811 3584 solaris:
844 3533 1017 3600 typus
1035 3525 1156 3582 Filii
1182 3531 1272 3582 est
1293 3527 1491 3581 radius
1524 3543 1537 3580 :
1571 3530 1746 3597 typus
1775 3525 2027 3596 Spiritus

391 3620 575 3676 sancti
611 3624 698 3676 est
727 3619 924 3674 lumen
976 3618 1133 3674 soiis.
1187 3617 1454 3687 Proinde,
1510 3617 1604 3671 dic
1633 3615 1714 3670 ita
1748 3633 1760 3672 :
1799 3617 1855 3670 In
1906 3616 2029 3672 sole

389 3711 568 3776 orbis,
600 3709 802 3765 radius
833 3717 882 3764 et
926 3706 1123 3762 lumen
1159 3725 1172 3762 :
1203 3723 1317 3761 non
1365 3705 1618 3760 dicimus
1665 3709 1863 3760 autem
1909 3710 2028 3762 tres

387 3800 562 3864 soles,
589 3799 687 3854 sed
723 3813 907 3853 unum
939 3801 996 3852 et
1024 3795 1214 3852 solum
1253 3813 1265 3851 :
1299 3794 1568 3850 similiter
1588 3798 1645 3848 et
1672 3793 1731 3848 in
1750 3794 1886 3861 Deo,
1923 3795 2025 3850 Pa-

383 3894 490 3956 ter,
522 3888 704 3944 Filius
734 3892 791 3942 et
819 3885 1070 3958 Spiritus
1100 3889 1360 3950 sanctus,
1413 3900 1568 3938 unus
1614 3883 1788 3950 Deus,
1820 3888 1878 3938 et
1908 3899 2020 3938 non

386 3985 526 4034 tres.
560 3979 626 4033 Et
655 3975 936 4044 vicissim,
970 3975 1062 4030 dic
1093 3975 1172 4028 ita
1208 3991 1220 4029 :
1257 3973 1316 4028 ln
1353 3971 1902 4044 soleinseparabilis
1933 3989 2023 4027 or-

385 4068 499 4128 bis,
532 4070 588 4121 et
620 4067 820 4120 radius
849 4069 905 4120 et
935 4063 1285 4133 lumen,non
1321 4062 1476 4116 enim
1509 4066 1942 4133 segregantura
1965 4077 2027 4117 se

382 4154 653 4221 invicem,
683 4158 738 4208 et
761 4153 1024 4208 eamdem
1057 4153 1129 4207 ob
1161 4167 1394 4206 causam
1430 4150 1663 4216 dicitur,
1697 4167 1850 4205 unus
1873 4149 2026 4206 Deus

385 4249 442 4300 et
474 4260 586 4298 non
617 4246 759 4314 tres,
792 4241 1070 4312 quoniam
1101 4257 1216 4295 non
1249 4246 1626 4310 segregantur
1655 4244 1774 4294 tres
1825 4255 2024 4310 perso-

384 4351 490 4398 nae,
524 4331 737 4400 Patris,
772 4329 898 4385 Filii
933 4335 990 4384 et
1031 4329 1285 4399 Spiritus
1317 4327 1501 4384 sancti
1549 4328 1726 4383 unius
1773 4327 1868 4382 Dei
1901 4347 1932 4382 a
1963 4345 2026 4384 se

382 4422 652 4476 invicem.
687 4423 752 4474 Et
782 4417 1276 4490 quemadmodum
1325 4415 1483 4471 orbis
1531 4416 1740 4472 solaris
1786 4420 2026 4488 generat

379 4510 634 4577 radium,
666 4513 722 4564 et
752 4507 965 4564 emittit
993 4505 1191 4561 lumen
1220 4522 1230 4560 :
1267 4506 1346 4560 ita
1375 4505 1528 4560 Deus
1558 4511 1614 4560 et
1656 4506 1822 4561 Pater
1850 4521 2022 4576 gene-

2155 1929 2249 2000 μέν
2282 1929 2310 1982 6
2361 1930 2512 1996 Θεὸς,
2543 1931 2610 1984 τὰ
2659 1929 2714 1985 δὲ
2761 1931 3027 2006 πρόσωπα
3077 1930 3240 1987 αὐτοῦ
3289 1934 3438 2009 τρία.
3477 1935 3572 1988 Καὶ
3637 1933 3812 2010 βλέπε

2149 2016 2346 2092 ἀπάρτι
2375 2018 2442 2072 τὰ
2471 2015 2762 2093 λεγόμενα.
2795 2022 2998 2095 Ὥσπερ
3030 2019 3191 2091 ἡλιος
3227 2018 3303 2076 ἔνι
3334 2022 3432 2089 εἷς,
3467 2023 3494 2076 6
3528 2020 3584 2077 δὲ
3636 2022 3805 2092 ἥλιος

2149 2103 2261 2181 ἔχει
2294 2106 2478 2161 ἀκτῖνα
2506 2107 2595 2162 καὶ
2626 2113 2762 2186 φῶς,
2793 2110 2882 2163 καὶ
2915 2109 3047 2164 εἷ’σῖν
3081 2110 3131 2165 ἐν
3162 2115 3242 2182 τῷ
3270 2109 3418 2184 ἡλίῳ
3444 2111 3569 2187 τρία
3625 2112 3800 2186 πρόσ-

2147 2215 2288 2266 ωπα,
2342 2192 2543 2266 δίσκος,
2591 2196 2762 2268 ἀκτὶς,
2814 2197 2900 2251 καὶ
2947 2203 3079 2276 φῶς·
3128 2199 3216 2252 καὶ
3273 2198 3453 2262 δίσκος
3513 2203 3608 2272 μὲν
3660 2221 3795 2256 καυ-

2146 2280 2270 2356 χίον
2301 2287 2396 2337 τοῦ
2427 2282 2614 2352 ἡλίου,
2647 2286 2794 2347 ἀκτῖς
2835 2284 2892 2341 δὶ
2937 2282 3371 2359 καταϐαινομένη
3425 2286 3792 2366 λαμπαδοιρα-

2144 2376 2250 2433 νὼς
2280 2373 2370 2427 καὶ
2398 2372 2666 2447 κρούουσαι
2697 2375 2832 2450 πρὸς
2863 2377 2962 2444 τήν
2993 2383 3116 2451 γῆν·
3161 2381 3276 2455 φῶς
3326 2375 3384 2432 δὶ
3427 2377 3489 2432 τὸ
3534 2380 3796 2456 φωτίζον,

2143 2461 2231 2514 καὶ
2264 2460 2337 2522 εἷίς
2368 2460 2494 2523 τοὺς
2527 2461 2869 2526 ἐπισκιώδεις
2919 2464 3122 2526 τόπους
3173 2466 3350 2540 χωρὶς
3396 2466 3636 2528 ἀκτῖνος.
3693 2469 3794 2525 Καὶ

2142 2547 2262 2603 ἰδοὺ
2320 2549 2584 2625 πρόσωπα
2618 2552 2712 2623 μὲν
2759 2552 2901 2628 τρία,
2937 2550 3138 2624 δίσκος,
3191 2553 3362 2623 ἀκτὶς,
3395 2554 3483 2609 καὶ
3542 2560 3682 2634 φῶς.
3719 2556 3795 2612 Οὐ

2143 2636 2370 2713 λέγομεν
2403 2637 2460 2693 δὲ
2490 2646 2633 2714 τρεῖς
2666 2639 2880 2709 ἡλίους,
2905 2639 3030 2696 ἀλλ’
3060 2639 3153 2696 ἕνα
3181 2641 3366 2712 ἥλιον,
3400 2640 3526 2697 οὐδὲ
3558 2641 3791 2719 λὲγομεν

2140 2727 2430 2802 πρόσωπον
2461 2727 2540 2796 ἓν,
2575 2727 2720 2783 ἀλλὰ
2749 2730 3015 2805 πρόσωπα
3061 2731 3203 2805 τρία.
3239 2732 3358 2788 Ἐὰν
3419 2733 3522 2808 γὰρ
3583 2731 3792 2807 ἐρωτη-

2140 2819 2258 2890 θῇς,
2290 2816 2371 2870 δτι
2413 2817 2572 2870 πόσοι
2623 2817 2777 2886 ἣλιοι
2827 2817 2876 2872 ἐν
2928 2823 3004 2890 τῷ
3055 2818 3285 2892 οὐρανῷ,
3320 2818 3544 2892 μέλλεις
3595 2821 3790 2892 εἰπεῖν,

2138 2903 2221 2958 ὅτι
2251 2903 2414 2972 ἥλιος
2448 2907 2522 2967 εἷς
2559 2905 2720 2959 ἐστιν·
2755 2907 2801 2960 εἷ’
2831 2904 2876 2960 δ’
2910 2906 3211 2982 ἐρωτηθῇς,
3240 2908 3323 2962 ὅτι
3375 2910 3647 2984 πρόσωπα
3695 2915 3792 2966 τοῦ

2137 2992 2300 3062 ἡλίου
2355 2993 2495 3048 πόσα
2551 2993 2685 3066 ἐστὶ,
2723 2993 2943 3068 μέλλεις
3005 2995 3194 3068 εἷ’πεῖν,
3241 2997 3324 3052 ὅτι
3380 2997 3525 3072 τρία,
3577 2996 3788 3071 δίσκος,

2137 3082 2310 3152 ἀκτὶς,
2343 3083 2432 3136 καὶ
2483 3087 2616 3159 φῶςο
2668 3083 2810 3138 οὕτω
2858 3084 2968 3140 νόει
3016 3085 3106 3140 καὶ
3154 3086 3276 3160 περὶ
3321 3091 3416 3141 τοῦ
3462 3092 3624 3144 Θεοῦ.
3659 3089 3790 3151 Θεὸς

2145 3171 2239 3242 μὲν
2295 3172 2393 3237 εἷς,
2426 3171 2694 3247 πρόσωπα
2752 3169 2810 3226 δὲ
2864 3178 2962 3227 τοῦ
3020 3174 3132 3236 ἑνὸς
3185 3175 3317 3231 Θεοῦ
3373 3175 3518 3249 τρία,
3552 3178 3789 3250 Πατρὸς,

2143 3260 2288 3326 Υἱοῦ,
2320 3260 2408 3314 καὶ
2469 3260 2624 3335 ἁγίου
2686 3261 3013 3334 Πνεῦματος.
3050 3263 3151 3320 Καὶ
3193 3261 3252 3318 ἐκ
3301 3263 3499 3322 τούτου
3531 3264 3789 3339 γίνωσκε,

2138 3347 2243 3420 ὅτι,
2278 3349 2456 3424 ὥσπερ
2512 3351 2540 3404 6
2570 3349 2733 3418 ἥλιός
2786 3349 2894 3406 ἐστι
2925 3351 3332 3428 τριπρόσωπος,
3367 3351 3510 3406 οὕτω
3568 3354 3660 3407 καὶ
3715 3355 3790 3416 εἷς

2137 3439 2265 3500 Θεὸς
2322 3437 2766 3513 τρισυπόστατος.
2799 3440 2976 3502 Τόπος
3035 3441 3139 3516 γὰρ
3167 3446 3265 3496 τοῦ
3319 3441 3529 3516 Πατρός
3585 3441 3726 3497 ἔστιν
3760 3443 3787 3496 6

2138 3524 2318 3588 δίσκος
2345 3528 2373 3581 6
2403 3527 2656 3597 ἠλιακὸς,
2687 3529 2856 3590 τύπος
2893 3533 2990 3584 τοῦ
3043 3530 3170 3584 Υἱοῦ
3224 3528 3364 3584 ἐστιν
3409 3531 3442 3599 ἠ
3495 3531 3670 3596 ἀκτὶς,
3701 3531 3788 3585 τύ-

2135 3637 2238 3678 πος
2269 3620 2365 3670 τοῦ
2397 3615 2550 3691 ἁγίου
2580 3617 2893 3688 Πνεῦματός
2925 3616 3036 3672 ἐστι
3065 3639 3127 3672 το
3159 3623 3273 3696 φῶς
3319 3623 3416 3672 τοῦ
3465 3617 3654 3688 ἡλίου.
3688 3618 3788 3673 Καὶ

2137 3703 2252 3758 εἰπὲ
2282 3703 2486 3766 οὕτως⁹
2528 3704 2648 3760 Ἐπὶ
2694 3710 2792 3758 τοῦ
2853 3703 3014 3774 ἠλίου
3063 3704 3265 3772 δίσκος,
3297 3705 3466 3778 ἀκτὶς,
3501 3707 3592 3761 καὶ
3649 3712 3786 3774 φῶς*

2139 3792 2204 3847 οὐ
2263 3791 2496 3866 λὲγομεν
2552 3791 2608 3847 δὶ
2663 3800 2810 3867 τρεῖς
2863 3793 3080 3864 ἡλίους,
3122 3794 3247 3850 ἀλλ’
3303 3794 3396 3850 ἕνα
3437 3796 3528 3849 καὶ
3593 3797 3782 3867 μόνον·

2139 3883 2344 3954 ὁμοίως
2372 3883 2461 3936 καὶ
2493 3881 2579 3936 ἐπὶ
2612 3887 2766 3951 Θεοῦ,
2795 3885 3002 3958 Πατὴρ,
3038 3883 3186 3950 Υἱὸς,
3215 3883 3305 3938 καὶ
3356 3885 3506 3960 ἅγιον
3567 3889 3788 3957 Πνεῦμα

2135 3975 2210 4034 εἷς
2239 3973 2386 4039 Θεὸς,
2419 3971 2508 4026 καὶ
2569 3972 2630 4026 οὐ
2684 3978 2851 4045 τρεῖς.
2888 3974 2989 4029 Καὶ
3045 3973 3209 4030 πάλιν
3256 3973 3372 4028 εἱπὶ
3427 3974 3628 4035 οὕτως.
3663 3974 3786 4028 Ἐπὶ

2132 4066 2227 4116 τοῦ
2280 4060 2443 4130 ἡλίου
2497 4060 2804 4136 ἀχώριστος
2863 4064 2890 4116 ὁ
2941 4059 3145 4129 δίσκος,
3179 4062 3267 4117 καὶ
3300 4064 3334 4132 ἡ
3369 4062 3538 4131 ἀκτὶς,
3571 4062 3661 4116 καὶ
3721 4063 3786 4118 τὸ

2135 4155 2272 4228 φῶς·
2306 4148 2366 4204 οὐ
2398 4150 2501 4224 γὰρ
2536 4150 2867 4224 χωρίζονται
2895 4150 2984 4206 ἀπ’
3015 4149 3304 4222 ἀλλήλων,
3339 4149 3427 4206 διὰ
3477 4156 3642 4206 τοῦτο
3669 4151 3787 4208 ’λέ-

2133 4260 2283 4313 γεται
2314 4238 2402 4292 καὶ
2432 4239 2505 4300 εἷς
2538 4239 2692 4307 Θεὸς,
2727 4239 2816 4293 καὶ
2847 4238 2907 4293 οὐ
2936 4245 3102 4314 τρεῖς·
3138 4236 3275 4294 διότι
3337 4239 3398 4295 οὗ
3448 4240 3785 4315 χωρίζονται

2131 4328 2196 4382 τὰ
2249 4325 2372 4403 τρία
2428 4326 2714 4402 πρόσωπα,
2745 4332 2841 4382 τοῦ
2887 4349 2945 4382 τε
2995 4329 3225 4399 Πατρὸς,
3257 4330 3347 4383 καὶ
3377 4333 3474 4382 106
3507 4329 3661 4394 ι’ἱοῦ,
3693 4328 3784 4384 καὶ

2129 4420 2226 4471 τοῦ
2260 4415 2414 4490 ἁγίου
2474 4413 2808 4488 ΙΙνεύματος,
2836 4420 2934 4471 τοῦ
2993 4417 3110 4479 ἑνὸς
3168 4421 3302 4471 Θεοῦ
3350 4416 3438 4471 ἀπ’
3487 4415 3782 4486 ἀλλήλων.

2132 4505 2230 4560 Καὶ
2264 4505 2442 4578 ὥσπερ
2472 4506 2503 4558 ἁ
2533 4501 2714 4566 δίσκος
2743 4506 2771 4559 6
2813 4503 3046 4573 ἠλιακος
3102 4510 3255 4580 γεννᾷ
3304 4506 3402 4572 τήν
3451 4506 3659 4576 ἀκτῖνα,
3692 4506 3784 4560 καὶ

381 4606 468 4654 rat
499 4598 730 4665 Filium,
783 4602 840 4651 et
865 4594 1076 4651 emittit
1101 4593 1373 4665 Spiritum
1407 4597 1694 4648 sanctum.
1731 4595 2026 4664 Perpende

2144 4595 2412 4670 ἑκπορεύει
2442 4593 2504 4648 τὸ
2534 4598 2666 4670 φῶς·
2702 4593 2844 4648 οὕτω
2875 4595 2964 4648 καὶ
2995 4595 3023 4647 6
3057 4595 3184 4654 Θεὸς
3235 4595 3324 4648 καὶ
3385 4594 3573 4667 Πατὴρ
3623 4597 3790 4668 γεννᾷ

345 4741 361 4755 ,
380 4688 712 4759 diligenter,
733 4684 1225 4756 quemadmodum
1251 4682 1451 4736 radius
1473 4681 1615 4736 solis
1637 4682 1938 4737 descendit
1957 4700 2024 4738 ex

379 4779 521 4833 coelo
553 4777 621 4832 ad
656 4782 893 4839 terram,
928 4788 1117 4844 neque
1166 4771 1237 4826 ab
1287 4771 1426 4826 orbe
1473 4769 1648 4825 solari
1697 4776 2020 4842 separatur,

380 4883 482 4921 nec
517 4883 549 4921 a
578 4864 722 4930 cmlo
755 4863 938 4930 abest,
976 4877 1162 4932 neque
1193 4877 1226 4914 a
1271 4865 1446 4926 terra,
1493 4861 1591 4914 sed
1642 4864 1730 4913 est
1775 4859 1833 4912 in
1885 4860 2022 4914 orbe

380 4955 574 5023 solari,
607 4960 662 5010 et
693 4954 748 5007 in
783 4951 946 5010 coelo.
979 4955 1035 5006 et
1066 4949 1122 5004 in
1157 4954 1327 5016 terra,
1353 4953 1418 5004 et
1461 4949 1712 5020 ubique;
1769 4948 1866 5004 sed
1923 4965 2022 5004 ne-

379 5061 491 5116 que
524 5045 582 5099 in
611 5041 1014 5114 superioribus
1045 5039 1260 5106 deficit,
1294 5054 1482 5109 neque
1513 5037 1570 5092 in
1604 5038 2018 5105 inferioribus;

379 5134 462 5189 sic
493 5133 669 5189 etiam
701 5131 880 5187 Filius
911 5135 967 5185 et
990 5129 1246 5184 Verbum
1279 5127 1380 5182 Dei
1429 5127 1732 5182 descendit
1780 5127 1850 5181 ad
1911 5132 2021 5182 ter-

377 5239 526 5291 ram,
559 5225 614 5278 et
645 5237 833 5293 neque
866 5219 1095 5273 Patrem
1119 5215 1647 5287 dereliquit,neque
1676 5215 2016 5280 ccelum,ne-

376 5329 488 5384 que
518 5317 732 5367 terram
760 5326 771 5363 :
807 5309 908 5364 sed
937 5312 1062 5363 erat
1089 5307 1150 5360 iu
1182 5304 1404 5378 gremio
1437 5304 1625 5360 Patris
1654 5303 2016 5376 inseparabi-

374 5402 467 5470 lis,
504 5405 562 5456 et
591 5417 790 5472 supra,
823 5401 880 5454 et
931 5397 1082 5452 infra
1129 5399 1186 5451 et
1232 5392 1451 5464 ubique
1486 5410 1499 5448 :
1532 5409 1720 5465 neque
1772 5410 2018 5464 usquam

375 5491 744 5546 desideratus
767 5486 951 5543 est.Et
970 5483 1469 5558 quemadmodum
1494 5482 1694 5538 lumen
1717 5482 1906 5539 solare
1925 5488 2019 5539 est

375 5585 430 5635 et
460 5581 516 5635 in
566 5579 705 5635 orbe
751 5576 948 5642 solari,
1001 5579 1057 5630 et
1100 5575 1156 5629 in
1209 5573 1393 5637 radio,
1442 5576 1498 5628 et
1546 5572 1605 5626 in
1653 5571 1817 5644 coelo,
1868 5575 1925 5628 et
1953 5572 2014 5628 in

374 5676 545 5740 terra,
577 5673 633 5725 et
656 5665 984 5742 ingreditur
1014 5664 1242 5735 domos,
1276 5665 1332 5718 et
1361 5661 1576 5735 ubique
1607 5666 1664 5719 et
1692 5660 2011 5733 illuminat;

2130 4683 2218 4737 16v
2264 4682 2386 4736 1‘l6v
2419 4683 2508 4736 καὶ
2543 4680 2818 4756 ἐκπορεύει
2877 4681 2964 4736 καὶ
3013 4683 3074 4737 τὸ
3127 4687 3345 4754 Πνεῦμα
3395 4683 3565 4756 ἅγιον.
3603 4681 3789 4738 Βλὲπῑ

2133 4776 2382 4833 συνετῶς·
2425 4773 2626 4844 ’Ὠσπερ
2780 4770 2930 4833 ἀκτὶς
2987 4769 3084 4826 106
3140 4769 3304 4839 ἡλίου
3358 4766 3668 4825 καταϐαίνει
3730 4769 3788 4841 δξ

2133 4861 2359 4937 οὐρανοῦ
2391 4861 2525 4936 πρὸς
2558 4862 2656 4930 τὴν
2706 4868 2830 4935 γῆν,
2862 4861 2950 4915 καὶ
2997 4859 3120 4916 οὔτε
3162 4865 3260 4915 τοῦ
3307 4859 3543 4930 ἡλιακοῦ
3594 4857 3788 4915 δίσκου

2131 4951 2446 5026 χωρίζεται,
2480 4947 2602 5005 0615
2631 4949 2689 5003 ἐκ
2717 4954 2813 5004 τοῦ
2843 4949 3078 5021 οὐρανοῦ
3124 4949 3322 5018 λείπει,
3355 4947 3478 5004 0615
3525 4950 3632 5004 ἀπὸ
3679 4956 3788 5018 τῆς

2127 5047 2248 5114 γῆς,
2270 5038 2518 5095 ἀλλ’ἕστι
2549 5040 2638 5093 καὶ
2670 5037 2720 5093 ἐν
2750 5040 2829 5110 τῷ
2859 5039 3076 5110 ἡλιακῷ
3109 5037 3396 5111 δίσκῳ,καῖ
3432 5038 3483 5093 ἐν
3513 5042 3595 5109 τῷ
3623 5038 3787 5106 οὐρα-

2127 5129 2315 5200 νῷ,καὶ
2350 5127 2401 5182 ἐν
2432 5131 2500 5201 τῇ
2533 5131 2628 5202 γῇ,
2659 5128 2749 5181 καὶ
2780 5131 3082 5203 πανταχοῦ,
3109 5129 3199 5182 καὶ
3232 5125 3354 5182 οὔτε
3381 5132 3490 5181 τῶν
3524 5127 3635 5180 ἂνω
3667 5124 3789 5182 λεί-

2128 5238 2240 5289 πει,
2273 5215 2395 5272 οὔτε
2424 5222 2532 5271 τῶν
2557 5217 2726 5271 κάτω·
2762 5214 2905 5271 οὕτω
2935 5216 3024 5271 καὶ
3076 5218 3104 5271 6
3143 5217 3269 5279 Υἱὸς
3319 5217 3409 5271 καὶ
3459 5216 3638 5291 Λόγος
3684 5220 3790 5270 τοῦ

2129 5310 2263 5361 Θεοῦ
2293 5305 2533 5375 κατῆλθε
2561 5306 2695 5381 πρὸς
2724 5306 2821 5374 τήν
2855 5312 2981 5380 γῆν,
3016 5304 3105 5360 καὶ
3155 5302 3278 5360 οὕτε
3329 5303 3388 5358 ἐκ
3430 5308 3526 5358 τοῦ
3565 5305 3792 5379 Πατρὸς

2129 5393 2332 5464 ἔλειπε,
2368 5392 2491 5450 οὔτε
2521 5394 2581 5449 ἐκ
2608 5397 2715 5449 τῶν
2748 5391 3015 5470 οὐρανῶν,
3045 5390 3169 5450 0615
3199 5394 3258 5448 ὲκ
3285 5400 3384 5463 τῆς
3411 5396 3532 5468 γῆς·
3555 5391 3685 5449 ἀλλ’
3712 5395 3786 5462 ἦν

2124 5484 2214 5540 καὶ
2263 5482 2314 5538 ἐν
2362 5489 2478 5544 τοῖς
2520 5480 2751 5545 κόλποις
2781 5487 2878 5538 τοῦ
2921 5482 3133 5558 Πατρὸς
3164 5481 3497 5559 ἀχώριστος,
3526 5482 3618 5536 καὶ
3668 5482 3790 5538 ἂνω

2124 5573 2214 5627 καὶ
2245 5591 2413 5640 κατω,
2446 5569 2534 5624 καὶ
2568 5573 2869 5645 πανταχοῦ
2902 5570 2990 5624 καὶ
3020 5565 3132 5624 οὐδ’
3163 5565 3224 5624 ἔκ
3251 5589 3398 5631 τινος
3437 5565 3645 5626 ἔλειπε.
3681 5570 3789 5624 Καὶ

2125 5660 2304 5736 ὥσπερ
2321 5659 2634 5733 τὸήλιακὸν
2665 5663 2780 5740 φῶς
2810 5657 2920 5716 ἐστι
2949 5659 3040 5715 καὶ
3071 5657 3124 5716 ἐν
3153 5663 3233 5733 τῷ
3254 5655 3421 5734 δίσκῳ
3445 5662 3524 5731 τῷ
3555 5655 3788 5734 ἡλιακῷ
