2048 3106
148 163 206 194 777
312 165 316 166 ⁷
804 162 967 200 ΟΠιΕὸΊῚι

1024 164 1065 195 ES
1087 164 1202 195 ΑΜΕ.
1795 168 1855 198 7'18

145 230 190 257 καὶ
209 229 235 257 ἐν
250 231 286 267 τῇ
308 230 406 265 ἀκτῖνι,
431 230 476 257 καὶ
501 230 526 257 ἐν
556 232 595 266 τῷ
624 229 740 268 οὐρανῷ,
766 231 810 258 καὶ
835 230 908 268 ἐντῇ
925 231 967 268 γῇ,

1029 232 1070 260 ita
1080 234 1108 260 et
1117 232 1245 268 Spiritus
1261 234 1393 267 sanctus,
1405 235 1432 260 et
1443 240 1509 260 cum
1521 234 1606 260 Patre
1616 235 1669 266 est,
1685 234 1788 261 etcum
1806 234 1854 261 Fi-

144 274 190 302 καὶ
206 274 356 312 εἰσέρχεται
371 274 396 302 ἐν
412 278 470 305 ταῖς
486 275 585 306 οἰκίαις
600 276 646 303 καὶ
670 277 823 313 πανταχοῦ,
846 277 891 303 καὶ
915 286 975 314 φω-

142 318 221 354 τίζει·
255 319 327 347 οὕτω
349 320 395 347 καὶ
419 320 450 347 τὸ
475 322 585 356 Πνεῦμα
609 319 641 347 τὸ
668 320 742 357 ἅγιον
773 320 818 347 καὶ
843 319 910 356 μετὰ
924 321 972 347 τοῦ

143 361 250 401 Πατρός
273 364 339 399 ἐστι,
366 363 411 392 καὶ
434 365 501 401 μετᾶ
524 366 573 392 τοῦ
595 365 673 400 Υἱοῦ,
697 364 742 392 καὶ
758 363 813 391 ἄνω
828 364 873 391 καὶ
887 363 972 398 κάτω,

142 409 189 436 καὶ
212 410 300 436 πάντα
328 407 470 446 ἄνθρωπον
507 408 632 447 φωτίζει,
656 409 700 437 καὶ
725 408 756 437 οὗ
780 407 868 436 λείπει
895 409 971 436 ποτὲ.

142 454 207 481 κ’ΐὸ
236 454 289 492 γὰρ
316 454 426 490 Πνεὸμα
451 454 483 481 τὸ
507 453 598 491 ἅγιον,
622 465 637 480 ››
670 453 752 493 φησὶν
779 453 793 480 6
819 452 972 484 ὰπόστολος

143 497 264 533 Παῦλος1
296 510 310 525 ι(
338 501 424 526 πάντα
448 498 551 537 ἐρευνᾷ,
576 497 621 525 καὶ
648 499 680 525 τὰ
705 498 774 536 βάθη
800 499 848 525 τοῦ
863 499 972 525 Θεοῦ.»

142 542 214 572 Ἰδοὺ
230 542 342 578 λοιπὸν,
358 542 448 581 ὥσπερ
462 542 490 570 ὅν
507 542 557 570 οὐκ
571 541 683 579 θ’ίδαμὲν
699 553 775 578 ποτε,
801 540 863 569 οὐδὶ
891 541 973 580 γινώ-

142 598 216 615 σκειν
233 586 380 624 δυνάμεθα,
397 587 519 618 ποταπὸς
532 589 574 622 ἦν·
604 587 665 615 ὅταν
683 586 711 614 δὲ
736 586 836 624 ἴδωμεν
859 586 909 621 τὴν
934 586 972 613 εὶ-

140 632 208 660 κόνα
232 632 326 667 αὐτοῦ,
348 632 410 660 τότε
439 632 536 669 μικρὸν
551 634 733 668 κατανοοῦμεν
749 632 794 659 τὸν
811 634 973 669 χαρακτῆρα

137 679 191 705 τοῦ
223 677 372 715 προσώπου
400 677 493 704 αὐτοῦ·
520 676 591 705 οὕτω
617 687 665 713 μοι
685 676 743 704 νόει
767 676 811 704 καὶ
836 676 898 714 περί
923 677 972 703 τοῦ

139 724 220 750 Θεοῦ.
237 733 252 748 ‹‹
267 721 318 749 Τὸν
331 721 383 759 γὰρ
399 721 463 750 Θεὸν
479 720 569 752 οὐδεὶς
594 721 697 758 ἑώρακε
718 721 839 749 πώποτε.
867 732 882 746 ››
908 723 971 752 Πῶς

138 765 187 794 οὗν
213 765 293 793 αὐτὸν
322 763 523 798 καταλαϐέσθαι
551 765 612 793 τινὰ
636 764 764 801 ddunt;
790 764 852 793 ἀλλ’
877 764 970 800 ἐπειδὴ

137 812 197 850 ᾳῶς
223 810 278 838 ἐστι
301 809 346 838 καί
369 808 530 846 ὅνομάζεται
556 811 570 838 6
603 810 679 847 Θεὸς,
705 809 735 838 ἐκ
768 812 817 837 τοῦ
840 810 971 845 αἰσθητοῦ

138 855 243 882 τούτου
258 855 348 893 φωτὸς
364 853 559 891 ἐξεικονίζομεν
586 854 677 888 αὐτὸν,
702 853 772 882 ὥστε
798 853 907 889 λοιπὸν,
933 854 970 886 ὡς

138 899 320 938 προείπομεν,
337 899 375 930 εἷς
389 898 473 927 τύπον
489 901 538 926 τοῦ
551 898 634 934 ἡλίου
658 899 898 938 χαρακτηρίζομεν
919 899 969 933 τὴν

139 943 218 983 ἁγίαν
247 942 360 982 Τριάδα,
388 943 514 982 λέγοντες
541 943 606 971 εἶναι
643 943 690 971 τὸν
724 944 770 980 μὶν
805 943 910 981 Ila-ripa
931 942 970 970 δί-

138 999 214 1024 σκον,
229 989 275 1016 τὸν
293 987 321 1016 δὲ
336 988 396 1016 Υὶὸν
413 988 517 1023 ἀκτῖνα,
532 988 563 1015 τὸ
580 986 610 1015 δὲ
625 990 734 1025 Πνεῦμα
755 988 786 1015 τὸ
816 988 890 1026 ἅγιον
915 990 970 1027 φῶς

140 1033 170 1060 ἐκ
185 1034 288 1072 φωτός.
304 1032 354 1060 Καὶ
385 1032 475 1071 ὣσπερ
502 1032 516 1059 6
540 1030 642 1066 δίσκος,
668 1032 713 1059 καὶ
737 1033 754 1067 ἠ
780 1032 865 1066 ἀκτὶς,
881 1032 970 1059 καὶτὸ

140 1080 199 1117 φῶς
226 1076 255 1106 ἓν
280 1078 332 1105 εἶσι
352 1077 396 1105 καὶ
421 1078 493 1116 τρία,
518 1077 670 1114 ἀμερίστως
699 1074 873 1115 μεριζόμενα,
898 1076 970 1104 οὕτω

138 1123 187 1151 καὶ
217 1122 231 1150 ὀ
255 1122 321 1154 Θεὸς
347 1123 364 1158 ἠ
388 1122 483 1161 Τριὰς,
511 1123 525 1150 6
541 1123 646 1160 Πατὴρ,
671 1121 716 1149 καὶ
739 1122 753 1149 ὸ
776 1121 849 1155 Υἱὸς,
866 1121 911 1149 καὶ
938 1120 969 1149 1d

140 1167 251 1204 Πνεῦμα
264 1167 296 1195 τὸ
311 1168 399 1205 ἅγιον,
428 1166 455 1194 ’ὲν
486 1166 540 1194 ἐστι
566 1165 610 1194 καὶ
633 1165 705 1203 τρία,
733 1165 897 1204 μεριζόμενα
922 1165 968 1202 μὶν

139 1215 200 1243 τοῖς
215 1212 373 1250 προσώποις
387 1211 456 1239 κατὰ
471 1212 516 1239 τὸν
532 1211 623 1246 ἣλιον,
640 1210 771 1248 ἀμέριστα
784 1209 814 1238 δὶ
833 1212 867 1246 τῇ
892 1209 969 1249 φύσει

140 1256 313 1294 διαμένοντα.
345 1256 394 1284 Καὶ
419 1254 510 1293 ὥσπερ
538 1256 552 1283 6
577 1254 669 1286 δίσκος
698 1257 746 1282 τοῦ
779 1254 862 1290 ἡλίου
887 1252 969 1291 μόνος

139 1302 213 1329 ἐστὶν
238 1300 324 1332 α’ίτιος
351 1301 395 1328 καὶ
426 1300 570 1338 ἀγένητος,
595 1301 612 1335 ἡ
637 1298 666 1327 δὲ
688 1299 763 1330 ἀκτὶς
792 1299 899 1333 αἴτιοιτὴ
924 1299 970 1326 καὶ

138 1346 242 1385 γενητή
264 1345 294 1373 ἐκ
315 1348 365 1372 τοῦ
389 1344 497 1381 δίσκου,
524 1345 555 1373 τὸ
580 1344 608 1372 δὲ
623 1345 681 1377 φῶς
697 1343 858 1382 ἐκπορευτὸν
875 1343 904 1371 ἐκ
921 1343 969 1380 μό-

137 1401 189 1418 νου
202 1392 254 1418 τοῦ
270 1388 372 1425 δίσκου,
399 1388 444 1417 διὰ
466 1390 497 1417 τὸ
518 1392 569 1424 τῆς
594 1389 703 1419 ἀκτῖνος
720 1388 909 1424 πεμπόμενον,
925 1387 969 1415 καὶ

137 1434 320 1471 καταλάμπον
348 1434 381 1461 τὰ
404 1433 536 1471 περίγεια·
566 1432 638 1461 οὕτω
660 1433 705 1460 καί
731 1432 744 1459 6
769 1432 834 1463 Θεὸς
856 1432 900 1459 καὶ
916 1435 970 1459 Πα-

139 1481 194 1517 τὴρ
209 1479 292 1510 αὐτὸς
309 1478 392 1515 μόνος
408 1477 478 1505 ἐστὶν
499 1476 587 1506 α’ίτιος
601 1480 660 1508 τοῖς
676 1475 735 1504 δυσὶ
759 1476 804 1504 καὶ
829 1476 968 1514 ἀγένητος·

141 1525 155 1552 6
183 1523 212 1551 δὲ
227 1523 290 1554 Υἱὸς
307 1522 337 1550 ἐκ
353 1520 437 1559 μόνου
452 1524 501 1549 τοῦ
518 1522 621 1560 Πατρὸς
636 1521 756 1552 αἷτιατὸς
768 1520 813 1548 καὶ
828 1520 969 1558 γεννητός·

1029 276 1077 311 lio,
1094 279 1122 305 et
1137 285 1238 312 supra,
1255 279 1283 305 et
1300 277 1384 313 intra,
1395 279 1424 304 et
1436 286 1538 305 omnes
1550 277 1853 311 hominesilluminat,

1029 328 1081 348 nec
1096 321 1194 348 deficit
1210 329 1352 356 unquam.
1370 333 1383 346 ‹‹
1401 322 1528 357 Spiritus
1544 322 1622 349 enim
1640 323 1771 357 sanctus,
1786 332 1800 346 η
1814 322 1856 350 in-

1028 365 1095 400 quit
1110 365 1262 401 apostolus
1282 365 1403 398 Paulus,
1420 377 1433 390 ‹‹
1459 366 1558 394 omnia
1581 368 1741 400 scrutatur,
1765 367 1854 394 etiam

1028 409 1174 445 profunda
1189 409 1239 438 Dei
1253 410 1274 437 ⁸.
1295 421 1308 435 υ
1330 411 1402 438 Ecce
1423 411 1485 446 jam
1511 411 1658 446 quomodo
1683 419 1770 446 quem
1787 413 1856 439 ante

1028 462 1085 482 non
1100 454 1235 483 novimus
1248 462 1390 491 unquam,
1405 463 1495 490 neque
1505 463 1679 490 cognoscere
1690 455 1853 491 potuimus,

1028 498 1124 535 qualis
1139 502 1226 532 esset,
1242 499 1358 534 quando
1376 502 1473 527 autem
1490 500 1615 535 efﬁgiem
1633 500 1696 535 ejus
1707 499 1852 535 videmus,

1027 545 1099 571 tunc
1115 551 1148 571 ex
1164 545 1245 579 parte
1266 543 1472 580 cognoscimus
1495 544 1692 571 characterem
1722 552 1853 580 personas

1028 588 1102 623 ejus,
1121 587 1162 615 ita
1178 589 1207 615 tu
1225 587 1298 616 mihi
1325 587 1451 624 cogitato
1471 588 1506 615 de
1531 588 1601 621 Deo,
1627 599 1641 613 ι(
1658 588 1749 616 Deum
1773 588 1852 617 enim

1028 640 1113 660 nemo
1125 632 1197 660 vidit
1212 641 1362 668 unquam;
1380 643 1394 656 ››
1410 633 1556 667 quomodo
1574 633 1663 668 igitur
1678 632 1761 660 illum
1777 641 1856 661 com-

1027 677 1208 713 prehendere
1223 678 1289 713 quis
1305 677 1421 713 possit?
1437 677 1487 704 sed
1503 677 1742 713 quandoquidem
1753 677 1853 706 lumen

1027 723 1072 749 est
1082 725 1110 749 et
1124 721 1232 749 dicitur
1241 721 1330 755 Deus,
1347 729 1381 749 ex
1391 721 1445 748 hac
1457 722 1591 749 sensibili
1602 721 1650 749 lue
1662 733 1667 739 ι
1681 721 1853 749 similitudi-

1027 774 1093 794 nem
1110 766 1244 802 capimus
1261 766 1319 799 Dei,
1338 768 1369 793 ut
1383 766 1532 801 deinceps,
1543 766 1793 801 quemadmodum
1805 774 1855 793 su-

1026 819 1078 846 pra
1093 810 1232 845 diximus,
1250 811 1285 838 ad
1302 813 1405 846 typum
1424 810 1495 838 solis
1511 811 1696 838 conferamus
1721 813 1855 838 sanctam

1026 854 1211 889 Trinitatem,
1228 855 1356 883 dicentes
1372 863 1436 883 esse
1452 855 1571 890 quidem
1597 857 1712 883 Patrem
1742 855 1854 890 orbem,

1026 899 1132 927 Filium
1149 899 1274 935 radium,
1291 899 1433 935 Spiritum
1464 903 1600 927 sanctum
1625 899 1724 928 lumen
1750 908 1785 928 ex
1807 899 1852 928 lu-

1027 943 1114 972 mine.
1129 946 1162 971 Et
1177 943 1254 971 sicut
1269 943 1359 979 orbis,
1379 947 1408 972 et
1439 944 1549 978 radius,
1576 947 1604 971 et
1634 944 1733 972 lumen
1757 952 1852 972 unum

1026 990 1095 1017 sunt
1110 990 1138 1016 et
1152 988 1219 1022 tria,
1236 987 1360 1016 indivise
1382 988 1484 1023 divisa,
1502 989 1542 1017 ita
1558 989 1634 1017 282
1650 991 1680 1017 et
1703 990 1778 1017 Deus
1789 989 1854 1017 Tri~

1024 1033 1113 1067 nitas,
1130 1033 1224 1066 Pater,
1241 1032 1341 1068 Filius,
1358 1035 1385 1061 et
1401 1034 1527 1069 Spiritus
1543 1036 1664 1061 sanctus
1690 1042 1782 1061 unum
1807 1035 1854 1062 est

1024 1079 1052 1106 et
1067 1077 1133 1111 tria,
1150 1077 1243 1106 divisa
1259 1077 1378 1113 quidem
1394 1078 1537 1114 personis,
1553 1078 1644 1105 veluti
1660 1077 1714 1112 sol,
1727 1078 1855 1107 indivisa.

1024 1130 1091 1150 vero
1104 1122 1198 1158 quoad
1212 1122 1409 1150 substantiam
1425 1123 1636 1158 permanentia.
1660 1123 1694 1150 Et
1710 1122 1855 1158 quemad-

1026 1167 1144 1194 modum
1157 1166 1235 1194 orhis
1247 1166 1320 1194 solis
1340 1167 1421 1194 solus
1433 1169 1579 1194 estcausa
1590 1169 1617 1194 et
1633 1167 1792 1203 ingenitus,
1809 1176 1855 1195 ra—

1025 1211 1091 1239 dius
1107 1219 1174 1239 vero
1190 1210 1309 1239 effectus
1324 1213 1352 1239 et
1367 1211 1484 1247 genitus
1500 1220 1533 1239 ex
1549 1212 1629 1244 orbe,
1643 1213 1741 1240 lumen
1754 1215 1853 1240 autem

1026 1256 1186 1291 procedens
1201 1264 1236 1284 ex
1250 1255 1312 1283 solo
1327 1256 1409 1289 orbe,
1426 1264 1476 1291 per
1492 1256 1606 1283 radium
1625 1256 1762 1292 missum,
1778 1258 1806 1285 et
1821 1256 1855 1284 il-

1025 1300 1177 1328 luminans
1191 1302 1322 1328 terrena:
1340 1300 1381 1328 ita
1393 1299 1471 1328 Deus
1485 1303 1513 1328 et
1528 1302 1614 1328 Pater
1629 1301 1690 1336 ipse
1707 1301 1787 1329 solus
1807 1303 1854 1330 est

1025 1344 1246 1379 causa,duabus
1260 1344 1394 1380 personis
1410 1346 1438 1372 et
1453 1345 1620 1380 ingenitus:
1639 1346 1730 1373 Filius
1753 1347 1853 1374 autem

1025 1397 1060 1417 ex
1075 1388 1137 1417 solo
1152 1391 1238 1417 Patre
1253 1391 1393 1417 sausatus
1408 1391 1436 1417 et
1451 1392 1568 1425 genitus
1581 1399 1586 1417 :
1604 1391 1632 1417 et
1644 1390 1771 1425 Spiritus
1782 1398 1852 1418 san-

1025 1435 1090 1461 ctus
1103 1441 1137 1460 ex
1152 1433 1212 1461 solo
1227 1435 1312 1461 Patre
1326 1435 1465 1461 causatus
1481 1436 1509 1461 et
1524 1434 1694 1469 procedens,
1725 1435 1776 1462 sed
1801 1442 1853 1470 per

1026 1477 1131 1505 Filium
1147 1477 1176 1505 in
1193 1478 1338 1505 mundum
1355 1478 1475 1506 missus.
1492 1479 1586 1514 Atque
1602 1478 1643 1506 ita
1659 1477 1756 1506 animo
1771 1480 1849 1513 tene,

1026 1524 1053 1550 et
1068 1522 1225 1558 perpende,
1242 1524 1271 1550 et
1285 1522 1370 1550 crede
1385 1523 1421 1550 de
1438 1523 1503 1550 Deo.

140 1569 188 1596 καὶ
203 1568 269 1596 αὖνὸ
283 1568 314 1595 τὸ
330 1569 440 1604 Πνεῦμα
455 1566 484 1595 ἐκ
497 1566 581 1603 μόνου
596 1568 645 1593 τοῦ
660 1565 766 1604 Πατρὸς
783 1565 900 1592 αἰτιατόν
916 1565 961 1592 καὶ
977 1564 1149 1604 ἐκποριυτὸν,
1166 1565 1210 1594 διὰ
1222 1564 1251 1593 δὲ
1265 1568 1314 1594 τοῦ
1329 1567 1392 1594 Υἶοῦ
1407 1566 1432 1594 ἒν
1458 1569 1496 1603 τῷ
1520 1566 1617 1604 κόσμῳ
1643 1565 1852 1604 ἀποστελλόμε-

142 1623 201 1641 νον.
213 1611 264 1639 Καὶ
279 1611 367 1642 οὕτως
382 1609 440 1649 ἔχε,
455 1610 499 1638 καὶ
515 1612 582 1647 νόει,
597 1610 642 1638 καὶ
658 1609 765 1637 πίστευε
778 1609 841 1646 περὶ
856 1611 931 1637 Θεοῦ.

176 1657 208 1685 Εἰ
225 1655 249 1684 δ’
265 1656 315 1684 οὐκ
333 1656 409 1694 ἀρκεῖ
432 1666 474 1683 σοι
502 1656 533 1682 τὸ
556 1657 604 1682 τοῦ
629 1654 711 1690 ἡλίου
735 1652 907 1691 παράδειγμα
930 1656 967 1685 εἷς

1060 1655 1140 1688 Quod
1157 1655 1181 1683 si
1197 1664 1255 1684 non
1271 1655 1312 1684 sit
1326 1656 1380 1684 tibi
1396 1655 1466 1684 solis
1482 1656 1647 1692 exemplum
1664 1656 1735 1684 satis
1751 1656 1786 1683 ad
1803 1664 1851 1684 co-

137 1701 287 1739 ἐπίγνωσιν
320 1704 371 1735 τῆς
399 1699 614 1738 τριωποστάτου
644 1699 783 1735 θεότητος,
810 1698 893 1736 βλέπε
920 1698 965 1725 καὶ

137 1745 230 1782 ἄλλην
247 1745 337 1773 εἰκόνα
359 1745 437 1773 9:05-
463 1743 519 1772 ἔστι
545 1742 573 1771 δὲ
595 1745 611 1779 ἠ
635 1745 711 1781 ψυχή
737 1745 785 1771 τοῦ
810 1743 964 1780 ἀνθρώπου.

137 1791 204 1820 "Ore
235 1790 288 1827 μὰρ
314 1788 429 1827 ἔμελλεν
460 1790 474 1817 6
498 1789 563 1820 Θεὸς
586 1787 715 1816 πλάσσειν
739 1788 785 1815 τὸν
811 1786 964 1825 ἄνθρωπον,

136 1836 206 1863 εἷπε·
223 1848 238 1861 ι(
268 1835 432 1871 Ποιήσωμεν
460 1832 601 1871 ἄνθρωπον
625 1833 684 1861 κατ’
707 1832 798 1860 είκόνα
830 1832 966 1870 ἡμετέραν

133 1881 180 1908 καὶ
195 1880 255 1907 καθ’
271 1878 412 1916 ὁμοίωσιν.
433 1877 531 1907 »Ἰδοὺ
548 1877 659 1912 λοιπὸν,
679 1878 692 1905 ὁ
715 1876 859 1915 ἄνθρωπος
884 1876 963 1904 εἰκών

133 1924 191 1952 ἐστι
205 1925 256 1952 τοῦ
270 1925 349 1958 Θεοῦ,
364 1922 447 1960 ἤγουν
464 1923 481 1958 ἠ
497 1923 574 1960 ψυχὴ
599 1924 648 1949 τοῦ
671 1921 826 1958 ἀνθρώπου.
850 1922 909 1949 "Evn
937 1919 966 1948 δὲ

135 1969 152 2003 ἡ
178 1969 257 2006 ψυχὴ
282 1969 331 1995 τοῦ
356 1967 500 2006 ἃνθρώπου
526 1967 575 2003 μία
601 1967 660 2003 μὲν,
685 1966 896 2003 τρισυπόστατος
922 1963 964 1993 δι-

134 2013 199 2051 τρία
213 2012 348 2050 πρόσωπα
363 2011 421 2049 ἔχει
436 2012 453 2046 ἠ
470 2012 560 2049 ψυχή·
576 2011 621 2038 καὶ
637 2013 715 2045 πῶς;
731 2009 856 2038 ἄκουσον.
873 2010 963 2037 Ἔστιν

134 2058 152 2092 ἠ
169 2058 250 2094 ψυχὴ
273 2055 301 2084 ’ἐν
325 2056 481 2095 πρόσωπον·
507 2056 525 2090 ἠ
552 2054 581 2083 Si
605 2055 682 2093 ψυχὴ
706 2057 785 2093 γεννᾷ
809 2055 854 2081 τὸν
870 2053 965 2091 λόγον,

133 2102 181 2129 καὶ
197 2100 258 2130 ἰδοὺ
274 2101 289 2129 6
306 2101 390 2139 λόγος
406 2098 477 2129 ἄλλο
492 2100 652 2139 πρόσωπον.
675 2100 707 2127 Ἡ
722 2099 799 2137 ψυχὴ
826 2097 963 2136 ἐκπορεύει

133 2146 182 2174 καὶ
210 2147 262 2180 τὴν
291 2145 388 2180 πνοὴν,
412 2144 456 2172 καὶ
484 2143 544 2172 ἰδοὺ
566 2145 583 2179 ἡ
609 2144 679 2178 πνοὴ
711 2142 781 2171 ἄλλο
805 2142 963 2181 πρόσωπον.

134 2189 209 2219 Ἰδοὺ
224 2188 358 2228 πρόσωπα
371 2189 443 2228 τρία,
459 2190 548 2227 ψυχὴ,
562 2188 656 2227 λόγος,
672 2187 717 2215 καὶ
733 2188 814 2223 πνοή.
842 2187 893 2215 Καὶ
914 2186 963 2225 γὰρ

134 2236 150 2263 6
166 2234 254 2273 λόγος
269 2235 313 2262 καὶ
329 2235 346 2269 ἠ
362 2234 434 2268 πνοή
449 2237 499 2264 τῖς
523 2235 616 2271 ψυχῆς
641 2232 719 2267 sicut,
745 2232 775 2259 οὗ
797 2233 844 2259 τοῦ
874 2231 965 2267 σώμα-

133 2290 195 2315 τος,
211 2277 318 2313 ἐπειδὴ,
332 2282 384 2313 τῆς
399 2280 492 2316 ψυχῆς
509 2277 671 2313 ἐξελθούσης
700 2276 730 2305 ἐκ
756 2278 804 2304 τοῦ
826 2276 964 2312 σώματος,

135 2325 201 2352 οὐτε
225 2322 306 2360 λόγος
330 2322 487 2359 ἐναπομὲνει
510 2325 549 2359 τῷ
575 2323 693 2369 σῴματι,
720 2320 781 2349 οὔτε
793 2319 965 2369 πνοὴ-ἀλλὰ
982 2337 1005 2369 D

134 2370 226 2397 κεῖται
241 2367 272 2395 τὸ
287 2369 366 2404 σῶμα
381 2367 426 2395 καὶ
442 2366 542 2395 ἄπνουν
566 2365 610 2395 καί
636 2365 748 2405 ἄλογον.
771 2366 801 2394 Ὁ
826 2364 855 2392 δὲ
883 2365 967 2402 λόγος

135 2414 212 2448 καἰή
229 2413 300 2448 πνοή
325 2412 376 2440 εἱσι
403 2415 469 2449 μετὰ
492 2415 542 2447 τῆς
569 2413 673 2449 ψυχῆς·
697 2410 742 2438 καὶ
758 2409 788 2437 ἐκ
800 2409 899 2438 τούτου
916 2409 966 2445 δῆ-

134 2459 187 2488 λόν
200 2459 283 2494 ἐστιν,
309 2459 358 2493 ὡς,
383 2458 425 2486 ὅτι
450 2458 494 2486 καὶ
520 2458 533 2485 ὀ
549 2456 631 2495 λόγος
656 2457 701 2485 καὶ
717 2457 734 2492 ἠ
752 2457 822 2491 πνοή
841 2456 894 2484 ἀπὸ
916 2460 966 2491 τῆς

135 2506 234 2541 ψυχῆς
249 2503 312 2538 εἱσι,
341 2502 386 2530 καὶ
409 2505 460 2536 τῆς
483 2505 576 2539 ψυχῆς
601 2501 652 2529 εἶσι
678 2500 821 2536 πρόσω-ια’
847 2500 891 2527 καὶ
909 2498 967 2527 ἰδοὺ

136 2548 238 2577 λοιπὸν
252 2548 270 2582 ἠ
287 2548 364 2585 ψυχὴ
380 2546 528 2585 πρόσωπον
543 2544 583 2580 ἓν,
599 2545 643 2573 καί
660 2545 674 2573 6
690 2544 774 2583 λόγος
798 2543 869 2572 ἄλλο
884 2544 966 2582 πρόσ-

136 2602 229 2626 ωπον,
258 2591 304 2620 καὶ
334 2592 352 2626 ἡ
387 2592 458 2625 πνοή
491 2590 582 2628 ἕτερον
615 2590 772 2628 πρόσωπον.
802 2587 874 2616 Ἰδοὺ
907 2589 969 2627 τρία

137 2637 274 2675 πρόσωπα
297 2640 348 2671 τῆς
365 2637 468 2673 ψυχῆς,
485 2635 558 2663 ἀλλά
572 2635 649 2673 ψυχὴ
673 2635 731 2671 μία,
756 2633 801 2661 καὶ
832 2632 864 2660 οὗ
887 2635 968 2670 τρεῖς.

139 2682 174 2712 Εἰ
190 2682 243 2720 γὰρ
268 2681 411 2720 ἐρωτηθῇς
439 2680 524 2711 πόσας
553 2679 644 2717 ψυχὰς
675 2678 732 2717 ἔχει
759 2677 773 2706 ὀ
806 2676 969 2716 ἂνθρωπος;

141 2719 256 2765 μέλλεις
272 2725 370 2760 αἲπεῖν,
387 2719 428 2753 δτι
446 2723 520 2761 μίαν.
537 2723 597 2752 Ἐὰν
615 2721 645 2751 δὲ
663 2722 803 2761 ἐρωτηθῇς
826 2721 871 2749 καὶ
900 2721 971 2749 πόσα

171 2834 182 2854 ⁸
198 2835 210 2865 ι
227 2834 294 2864 Cor.
311 2841 345 2870 n,
361 2833 404 2862 10.
443 2833 455 2851 θ
467 2833 538 2861 Gen.
557 2840 589 2866 ιι,
604 2831 651 2859 26.

283 2898 420 2930 Panos.
435 2896 491 2929 Gn.
512 2894 648 2928 XXVIII.

1021 1700 1181 1737 gnitionem
1198 1701 1315 1729 deitatis
1330 1701 1426 1729 tribus
1450 1701 1660 1737 hypostasibus
1675 1700 1849 1736 constantis,

1019 1744 1084 1772 vide
1100 1747 1128 1772 et
1143 1744 1229 1773 aliam
1242 1744 1402 1781 imaginem
1418 1745 1482 1779 Dei,
1498 1754 1561 1781 quae
1577 1747 1622 1773 est
1635 1745 1734 1772 anima
1750 1744 1850 1772 homi—

1021 1789 1077 1817 nis.
1095 1789 1216 1822 Quando
1232 1789 1311 1817 enim
1328 1790 1509 1818 formaturus
1523 1793 1584 1817 erat
1596 1792 1671 1817 Deus
1683 1789 1846 1823 hominem,

1020 1833 1110 1862 dixit:
1128 1845 1142 1859 «ι
1159 1834 1314 1862 Faciamus
1336 1834 1485 1862 hominem
1512 1835 1545 1861 ad
1572 1834 1731 1870 imaginem
1756 1835 1785 1861 et
1809 1832 1845 1860 ad

1020 1874 1246 1906 similitudinem
1264 1881 1395 1907 nostram
1406 1879 1426 1907 ο.
1438 1890 1451 1903 ››
1469 1881 1538 1905 Ecce
1550 1879 1639 1913 igitur
1648 1878 1736 1905 homo
1748 1878 1844 1913 imago

1019 1925 1064 1950 est
1081 1923 1139 1955 hei,
1156 1922 1268 1951 scilicet
1282 1923 1379 1950 anima
1395 1922 1532 1950 hominis.
1551 1923 1600 1949 Est
1620 1924 1715 1949 autem
1747 1922 1845 1949 anima

1019 1967 1148 1995 hominis
1164 1975 1223 1995 una
1237 1967 1367 2002 quidem,
1385 1967 1435 1995 sed
1453 1966 1546 1993 tribus
1556 1966 1758 1994 subsistentiis
1771 1974 1843 1993 con-

1021 2013 1117 2039 stans:
1134 2013 1193 2039 tres
1208 2019 1349 2046 personas
1364 2011 1451 2039 habet
1480 2011 1587 2043 anima,
1618 2013 1645 2038 et
1674 2009 1845 2046 quomodo?

1020 2055 1099 2084 audi.
1116 2055 1166 2082 Est
1182 2055 1281 2083 anima
1296 2063 1354 2083 una
1369 2064 1512 2092 persona:
1543 2055 1642 2083 anima
1667 2063 1732 2083 vero
1757 2063 1845 2091 gene-

1020 2102 1065 2128 rat
1080 2100 1234 2132 rationem,
1250 2102 1278 2127 et
1293 2107 1358 2127 ecce
1374 2100 1446 2127 ratio
1463 2099 1555 2127 altera
1576 2108 1718 2135 persona:
1747 2099 1848 2128 anima

1020 2147 1117 2173 autem
1134 2144 1241 2172 emittit
1257 2144 1406 2180 spiritum,
1423 2146 1451 2172 et
1466 2153 1531 2172 ecce
1547 2145 1672 2180 spiritus
1699 2143 1757 2172 alia
1781 2153 1847 2180 per-

1020 2197 1102 2217 sona.
1116 2189 1187 2217 Ecce
1208 2197 1338 2225 personis
1349 2190 1419 2223 tres,
1433 2189 1542 2222 anima,
1566 2189 1651 2222 ratio,
1667 2191 1695 2216 et
1712 2188 1847 2225 spiritus.

1020 2234 1133 2261 Etenim
1150 2233 1222 2261 ratio
1238 2236 1266 2261 et
1281 2233 1402 2270 spiritus
1417 2235 1522 2262 animae
1538 2237 1616 2268 sunt,
1635 2242 1692 2262 non
1704 2234 1847 2270 corporis,

1021 2279 1161 2315 quoniam
1177 2278 1276 2307 anima
1294 2287 1411 2315 egressa
1435 2288 1469 2307 ex
1493 2287 1622 2315 corpore,
1652 2287 1747 2314 neque
1772 2279 1846 2307 ratio

1021 2325 1122 2351 manet
1137 2323 1166 2351 in
1178 2331 1308 2359 corpore,
1329 2332 1423 2360 neque
1436 2324 1569 2360 spiritus,
1584 2324 1634 2351 sed
1647 2324 1727 2359 jacet
1740 2331 1847 2359 corpus

1022 2368 1085 2395 sine
1100 2367 1205 2404 spiritu
1221 2370 1249 2395 et
1264 2368 1327 2396 sine
1341 2367 1463 2396 ratione.
1482 2369 1566 2396 Ratio
1586 2377 1651 2396 vero
1668 2370 1695 2395 et
1725 2368 1847 2404 spiritus

1022 2414 1093 2440 sunt
1108 2420 1175 2440 cum
1192 2412 1304 2440 anima:
1322 2414 1350 2440 et
1363 2412 1429 2440 inde
1448 2412 1542 2448 palam
1560 2415 1613 2446 est,
1631 2413 1707 2448 quod
1725 2412 1794 2448 quia
1818 2414 1848 2440 et

1022 2456 1095 2484 ratio
1111 2459 1139 2484 et
1155 2456 1276 2493 spiritus
1294 2457 1329 2484 ab
1360 2457 1458 2485 anima
1487 2459 1567 2490 sunt,
1599 2457 1686 2485 etiam
1715 2465 1847 2492 personis

1022 2500 1126 2528 animae
1137 2503 1222 2528 sunt:
1240 2501 1339 2535 itaque
1362 2509 1427 2529 ecce
1454 2502 1553 2529 anima
1576 2510 1699 2537 persona
1725 2510 1796 2534 una,
1821 2503 1850 2530 et

1023 2545 1097 2573 ratio
1127 2553 1253 2581 persona
1283 2545 1383 2579 altera,
1407 2548 1435 2573 et
1458 2546 1579 2581 spiritus
1604 2554 1728 2582 persona
1752 2546 1848 2574 tertia.

1024 2591 1094 2617 Ecce
1109 2592 1169 2617 tres
1185 2597 1315 2626 personae
1331 2590 1446 2622 animo,
1464 2591 1513 2618 sed
1531 2591 1629 2619 anima
1644 2599 1712 2626 una,
1738 2593 1767 2619 et
1791 2599 1849 2619 non

997 2628 1093 2662 ‘tres.
1121 2634 1151 2662 Si
1180 2634 1257 2662 enim
1288 2634 1476 2670 interrogeris
1498 2638 1569 2671 quot
1599 2636 1713 2663 animus
1741 2635 1850 2663 habeat

1026 2678 1121 2714 homo,
1136 2679 1313 2715 respondere
1327 2678 1427 2715 debes,
1444 2680 1521 2716 quod
1539 2689 1636 2708 unam.
1662 2680 1691 2708 Si
1715 2688 1781 2707 vero
1805 2679 1851 2708 in-

1027 2723 1191 2759 terrogeris,
1207 2725 1278 2760 quot
1291 2723 1496 2760 sint'personae
1512 2725 1627 2753 animae:
1645 2724 1780 2754 convenit
1805 2731 1850 2752 rs-

1670 2895 1709 2925 25
