4096 6212
380 343 501 404 779

1582 345 1645 405 S.
1695 340 2215 405 ATHANASIUS.
2250 376 2330 388 —
2354 343 2618 408 DUBIA.

3679 344 3801 410 780

384 475 693 547 spondere,
735 476 889 547 quod
923 479 1077 531 tres:
1110 476 1387 547 quoniam
1421 476 1637 542 anima,
1672 477 1819 532 ratio
1841 480 1897 531 et
1918 476 2033 547 spi-

2148 469 2419 547 πρόσωπά
2476 474 2575 530 εἰσι
2632 482 2733 545 τῆς
2790 479 3022 551 ψυχῆςς
3083 473 3309 551 ἁρμόζει
3353 471 3658 542 ἵνέῗποις,
3717 474 3800 530 ὅτι

388 569 558 632 ritus,
595 581 711 619 una
742 565 961 631 anima,
994 569 1050 620 et
1083 582 1339 637 personae
1368 570 1509 621 tres.
1545 567 1613 620 Et
1661 571 1753 620 est
1796 564 2031 634 quidem

386 652 581 708 anima
610 654 802 723 imago
832 654 1061 709 Patris:
1097 654 1244 709 ratio
1274 654 1504 721 animm,
1557 655 1751 725 imago
1804 653 1928 707 Filii
1979 658 2036 708 et

387 741 556 796 Verbi
591 741 728 796 Dei:
764 743 1008 813 spiritus
1068 759 1200 797 vero
1257 746 1487 813 animae,
1542 760 1735 813 imago
1782 743 2036 815 Spiritus

391 830 599 885 sancti.
631 832 1135 895 Quemadmodum
1169 834 1322 887 enim
1358 831 1855 902 animaingenita,
1882 833 2037 887 itaet

390 920 542 973 Deus
574 924 629 974 et
660 920 829 975 Pater
856 920 1196 991 ingenitus:
1234 925 1292 975 et
1339 922 1839 992 quemadmodum
1890 920 2035 974 ratio

390 1008 585 1079 genita
614 1008 685 1062 ab
718 1007 933 1073 anima,
968 1010 1047 1062 ita
1078 1018 1132 1064 et
1166 1008 1413 1064 Verbum
1449 1009 1545 1063 Dei
1578 1014 1778 1063 natum
1812 1026 1877 1063 ex
1928 1009 2035 1063 Pa-

390 1103 507 1151 tre:
529 1103 585 1151 et
602 1096 754 1151 sicut
802 1097 1041 1167 spiritus
1068 1099 1325 1169 procedit
1351 1099 1422 1153 ab
1464 1097 1682 1164 anima,
1710 1099 1791 1152 ita
1820 1103 1877 1151 et
1904 1097 2036 1168 Spi-

388 1186 537 1241 ritus
567 1190 806 1241 sanctus
840 1186 1097 1258 procedit
1127 1205 1159 1241 a
1193 1187 1375 1242 Patre.
1412 1188 1598 1252 Quare
1629 1187 1723 1241 dic
1751 1186 1863 1241 ita:
1895 1185 2036 1240 Ani-

388 1291 504 1342 ma,
540 1274 684 1329 ratio
716 1280 771 1328 et
801 1274 1064 1346 spiritus,
1099 1275 1297 1330 anima
1320 1293 1457 1341 una,
1489 1280 1546 1330 et
1577 1292 1688 1330 non
1712 1279 1849 1330 tres.
1878 1276 2035 1329 Inse-

388 1362 675 1434 parabilis
706 1363 863 1418 enim
897 1363 1043 1418 ratio
1076 1368 1134 1418 et
1179 1364 1426 1435 spiritus
1478 1365 1549 1419 ab
1595 1363 1812 1419 anima.
1863 1363 2037 1418 Simi-

386 1451 518 1506 liter
547 1452 735 1520 Pater,
778 1457 834 1507 et
888 1452 1071 1507 Filius
1131 1454 1251 1508 sive
1308 1453 1585 1520 Verbum,
1640 1458 1697 1508 et
1755 1453 2034 1525 Spiritus.

390 1558 545 1596 unus
574 1541 729 1597 Deus
760 1545 817 1596 et
847 1558 960 1596 non
994 1547 1149 1609 tres;
1206 1541 1595 1614 inseparabile
1627 1542 1841 1613 quippe
1899 1540 2037 1596 Ver-

391 1630 534 1686 bum
566 1637 620 1687 et
650 1630 906 1704 Spiritus
936 1632 1167 1686 divinus
1195 1648 1228 1686 a
1262 1632 1447 1687 Patre.
1474 1631 1539 1685 Et
1572 1633 1726 1687 sicut
1762 1621 2039 1688 invisibi-

391 1719 465 1776 lis
495 1725 583 1775 est
612 1720 830 1790 anima,
856 1721 936 1774 ita
958 1720 1272 1777 invisibilis
1304 1721 1480 1776 etiam
1521 1725 1612 1776 est
1650 1721 1824 1776 Deus.
1859 1722 1924 1775 Et
1956 1722 2039 1775 sic

396 1826 528 1865 cum
561 1809 799 1865 dubitas
830 1809 888 1863 in
923 1813 1117 1865 mente
1148 1814 1272 1875 tua,
1303 1814 1360 1865 et
1402 1809 1570 1873 dicis,
1624 1810 1915 1881 quomodo
1962 1810 2040 1865 sit
2069 1851 2115 1915 Β

394 1903 544 1954 Deus
566 1915 740 1967 unus,
789 1903 846 1953 et
892 1898 1071 1954 simul
1100 1902 1331 1955 constet
1363 1898 1551 1954 tribus
1583 1899 2035 1970 hypostasibus;

394 1989 699 2043 considera
728 1988 981 2042 animam
1015 1992 1201 2057 tuam,
1234 1994 1290 2042 et
1320 1988 1411 2043 dic
1444 2005 1455 2042 :
1489 1988 1649 2043 Sicut
1681 1989 1878 2043 anima
1910 2004 2039 2043 mea

395 2092 508 2131 una
543 2080 649 2146 est,
683 2076 782 2131 sed
815 2079 1041 2130 constat
1089 2075 1278 2132 tribus
1326 2076 1766 2148 hypostasibus,
1817 2077 2037 2145 anima,

391 2167 637 2235 ratione,
670 2172 726 2220 et
755 2166 992 2236 spiritu:
1024 2164 1104 2220 ita
1135 2165 1288 2221 Deus
1321 2183 1475 2221 unus
1505 2172 1612 2233 est,
1646 2167 1746 2221 sed
1807 2171 2039 2222 constat

391 2255 582 2310 tribus
608 2255 1046 2327 bypostasibus,
1076 2258 1265 2323 Patre,
1289 2259 1345 2309 et
1367 2254 1530 2321 Filio,
1550 2259 1606 2309 et
1644 2254 1867 2326 Spiritu
1891 2273 2034 2310 .san-

391 2348 501 2400 cto.
536 2345 604 2397 Et
633 2345 725 2398 dic
753 2343 905 2414 apud
940 2343 1201 2398 animum
1225 2348 1415 2411 tuum,
1446 2344 1597 2413 quod
1623 2343 1671 2398 si
1693 2344 1891 2399 anima
1912 2344 2035 2415 opi-

391 2434 463 2488 ﬁc
482 2432 602 2487 ium
632 2431 1027 2497 Dei,similiter
1052 2437 1107 2487 et
1126 2431 1234 2501 sol,
1258 2438 1489 2487 constat
1508 2433 1698 2487 tribus
1719 2434 2039 2504 hypostasi-

392 2523 525 2588 bus,
561 2527 769 2577 natura
798 2525 989 2575 autem
1024 2537 1227 2575 eorum
1262 2538 1397 2588 una,
1433 2528 1648 2592 quanto
1673 2523 1861 2593 magis
1887 2527 2037 2576 Deus

394 2612 579 2667 factor
609 2610 843 2666 illorum
873 2609 885 2663 l
921 2610 1123 2665 Nonne
1155 2611 1212 2664 in
1244 2609 1427 2664 Deum
1459 2610 1615 2665 cadit
1656 2616 1720 2664 ut
1768 2610 1840 2665 sit
1887 2628 2038 2667 unus

394 2706 629 2767 natura,
651 2704 709 2755 et
732 2699 921 2755 tribus
944 2700 1206 2771 personis
1228 2699 1507 2755 constet?
1543 2699 1660 2755 imo
1691 2700 1746 2754 id
1785 2701 1842 2755 in
1872 2700 2034 2756 illum

393 2790 567 2846 cadit.
600 2789 1109 2853 Quemadmodum
1139 2788 1296 2843 enim
1330 2788 1545 2857 anima,
1581 2790 1728 2844 ratio
1758 2794 1816 2845 et
1858 2790 2036 2861 spiri-

390 2883 488 2936 tus
518 2883 636 2935 tres
665 2882 806 2935 sunt
852 2894 1133 2950 persona,
1183 2883 1240 2933 et
1295 2894 1413 2932 una
1456 2883 1666 2934 natura
1710 2878 1940 2950 animas,
1980 2882 2036 2934 et

389 2983 507 3022 non
534 2970 653 3022 tres
682 2966 1034 3022 animaazita
1073 2965 1258 3035 Pater,
1309 2969 1366 3021 et
1411 2965 1615 3033 Filius,
1668 2972 1724 3022 et
1779 2966 2034 3038 Spiritus

390 3063 648 3121 sanctus,
682 3060 803 3111 tres
848 3071 1133 3126 personas,
1187 3060 1245 3109 et
1290 3072 1445 3110 unus
1496 3061 1707 3110 natura
1752 3056 1928 3126 Deus,
1980 3060 2037 3111 et

388 3161 505 3199 non
537 3149 655 3199 tres
686 3143 797 3199 Dii.
832 3144 917 3199 Ita
947 3143 995 3199 si
1046 3160 1279 3215 semper
1310 3144 1695 3212 ratiocineris,
1731 3162 1843 3200 non
1878 3145 2032 3201 blas-

389 3231 695 3304 phemabis
727 3232 787 3288 in
819 3236 1083 3287 sanctam
1116 3232 1485 3289 Trinitatem.

467 3519 578 3574 Sed
598 3519 724 3590 jam
748 3522 805 3574 et
829 3517 999 3573 aliam
1024 3517 1469 3574 similitudinem
1494 3518 1593 3575 Dei
1617 3519 1774 3585 audi,
1807 3520 2031 3577 dilecte.

395 3609 539 3665 Ecce
566 3608 718 3680 ignis
741 3624 893 3663 unus
926 3610 1031 3675 est,
1058 3607 1158 3662 sed
1181 3623 1250 3662 ex
1275 3606 1464 3662 tribus
1509 3612 1739 3664 constat
1762 3607 2037 3680 byposta-

395 3697 581 3755 sibus.
618 3699 745 3769 Ipse
773 3697 928 3752 enim
963 3713 1115 3751 unus
1145 3700 1235 3751 est
1271 3696 1573 3767 subjectus
1604 3697 1778 3769 ignis,
1833 3698 2039 3753 urendi

393 3793 588 3843 autem
622 3786 709 3841 vis
740 3790 828 3842 est
858 3786 974 3842 alia
1032 3802 1321 3858 persona:
1373 3791 1429 3842 et
1474 3787 1561 3842 vis
1614 3785 1845 3843 lucendi
1897 3787 2036 3842 item

391 3876 506 3932 alia
538 3892 805 3948 persona.
839 3878 979 3929 Ecce
1009 3889 1146 3946 ergo
1175 3876 1295 3929 tres
1327 3890 1590 3945 personas
1637 3873 1814 3929 unius
1861 3873 2035 3945 ignis,

391 3965 614 4021 scilicet
643 3964 942 4035 subjectus
971 3964 1147 4036 ignis,
1188 3963 1277 4019 vis
1309 3963 1541 4033 urendi,
1578 3968 1634 4019 et
1664 3963 1897 4019 lucendi
1931 3963 2035 4018 vis.

390 4055 515 4110 Una
546 4059 739 4111 autem
772 4058 862 4110 est
886 4065 1096 4109 natura
1126 4054 1303 4126 ignis,
1330 4058 1387 4109 et
1418 4072 1532 4109 non
1566 4058 1682 4110 tres
1709 4071 1721 4109 :
1769 4053 2040 4109 similiter

387 4144 562 4199 etiam
594 4144 653 4197 in
686 4143 820 4198 Deo.
855 4143 1024 4197 Pater
1080 4143 1236 4197 enim
1289 4148 1378 4197 est
1428 4143 1581 4199 283
1631 4142 1807 4215 ignis,
1857 4142 2038 4198 Filius

390 4236 477 4289 est
514 4232 719 4286 urendi
752 4231 867 4296 vis,
899 4236 955 4286 et
985 4231 1241 4302 Spiritus
1271 4236 1513 4288 sanctus
1547 4237 1634 4288 est
1680 4232 1766 4286 vis
1816 4230 2034 4285 illumi-

391 4337 559 4375 nans.
595 4321 663 4375 Et
692 4320 1187 4390 quemadmodum
1219 4319 1280 4374 in
1329 4321 1484 4391 igne,
1526 4321 1721 4391 ignem
1772 4326 2035 4376 urentem

390 4413 445 4465 et
477 4410 789 4475 lucentem,
823 4412 881 4463 et
908 4408 1104 4481 ipsum
1136 4409 1490 4478 subjectum,
1523 4409 1718 4480 ignem
1745 4425 1923 4464 unum
1948 4411 2037 4464 di-

391 4498 601 4564 cimus,
632 4500 688 4553 et
720 4514 832 4552 non
865 4500 983 4552 tres
1010 4513 1021 4553 :
1058 4496 1138 4551 ita
1168 4497 1341 4551 etiam
1376 4497 1443 4551 irr
1471 4498 1579 4553 Deo
1608 4504 1725 4555 tres
1756 4515 2036 4570 personas

2142 563 2287 635 τρία·
2322 561 2509 632 ἐπειδὴ
2566 566 2743 639 ψυχὴ,
2796 562 2965 639 λόγος
3014 563 3105 619 καὶ
3154 564 3319 633 πνοὴ,
3365 564 3463 637 μία
3501 565 3679 639 ψυχὴ,
3714 564 3800 619 καὶ

2145 652 2412 725 πρόσωπα
2441 653 2584 727 τρία.
2647 653 2743 707 Καὶ
2788 650 2898 707 ἔστι
2951 653 3044 726 μὲν
3096 654 3129 722 ἡ
3183 653 3337 727 ψυχὴ
3374 651 3448 714 εἴς
3478 651 3648 707 τῦπον
3704 658 3801 707 τοῦ

2147 741 2378 817 Πατρός·
2415 742 2442 794 6
2475 738 2532 795 δὲ
2590 739 2757 816 λόγος
2801 748 2900 811 τῆς
2957 744 3143 817 ψυχῆς
3195 741 3271 803 εἷς
3318 741 3484 795 τύπον
3533 736 3633 796 τοῦ
3671 743 3801 796 Υἱοῦ

2144 829 2236 883 καὶ
2272 829 2449 905 Λόγου
2479 834 2575 883 τοῦ
2606 834 2759 885 Θεοῦ·
2797 833 2831 899 ἠ
2867 828 2923 885 δὲ
2948 832 3083 899 πνοὴ
3116 836 3217 900 τῆς
3266 832 3453 905 ψυχῆς
3505 829 3582 892 εἲς
3626 830 3798 885 τύπον

2143 921 2239 971 τοῦ
2296 918 2452 991 ἁγίου
2515 917 2846 989 Πνεύματος.
2903 919 2991 980 Ὧς
3045 919 3148 993 γὰρ
3190 920 3226 987 ἡ
3277 920 3430 993 ψυχή
3479 919 3796 994 ἀγέννητὸς,

2148 1004 2291 1060 οὕτω
2347 1006 2437 1059 xai
2495 1007 2523 1060 6
2582 1006 2710 1068 Θεὸς
2767 1006 2858 1061 καὶ
2908 1007 3094 1082 Πατὴρ
3145 1008 3425 1083 ἆγέννητο·
3475 1009 3564 1062 καὶ
3615 1008 3796 1083 ὥσπερ

2147 1094 2174 1147 6
2208 1094 2373 1168 Λόγος
2400 1096 2651 1170 γεννητὸς
2686 1096 2792 1150 ἀπὸ
2821 1102 2920 1165 τῆς
2951 1100 3159 1172 ψυχῆς,
3208 1095 3351 1151 οὕτω
3398 1096 3487 1151 καὶ
3538 1098 3565 1151 ὁ
3623 1098 3797 1173 Λόγος

2144 1188 2240 1237 τοῦ
2272 1189 2406 1239 Θεοῦ
2454 1186 2708 1261 γεννητὸς
2756 1186 2861 1239 ἀπὸ
2908 1190 3005 1240 τοῦ
3054 1185 3289 1260 Πατρός·
3341 1188 3430 1241 καὶ
3478 1184 3721 1259 καθάπερ
3762 1190 3795 1256 ἡ

2146 1274 2287 1341 πνοὴ
2365 1272 2662 1349 ἐκπορεύτή
2742 1275 2847 1329 ἀπὸ
2923 1281 3022 1345 τῆς
3101 1278 3311 1351 ψυχῆς,
3388 1274 3530 1330 οὕτω
3586 1276 3679 1331 καὶ
3737 1277 3800 1331 τὸ

2148 1367 2367 1436 Πνεῦμα
2410 1364 2475 1417 τὸ
2524 1364 2673 1438 ἅγιον
2728 1362 3048 1438 ἐκπορευτὸν
3100 1363 3206 1419 ἀπὸ
3266 1369 3364 1419 τοῦ
3418 1364 3649 1436 Πατρός.
3704 1365 3801 1420 Καὶ

2148 1451 2294 1505 εἷπον
2338 1448 2502 1505 οὕτω·
2558 1453 2749 1527 Ψυχὴ,
2798 1451 2966 1525 λόγος
3014 1453 3103 1507 καὶ
3142 1454 3307 1522 πνοὴ,
3345 1453 3441 1526 μία
3469 1454 3650 1529 ψυχὴ,
3706 1455 3800 1509 καὶ

2148 1538 2209 1592 οὐ
2243 1544 2408 1613 τρεῖς·
2469 1539 2782 1615 ἆχώριστος
2839 1546 2942 1615 γὰρ
3004 1542 3031 1595 6
3090 1540 3260 1615 λόγος
3309 1542 3400 1597 καὶ
3448 1544 3483 1612 ἡ
3517 1544 3659 1613 πνοὴ
3694 1543 3802 1599 ἀπὸ

2146 1634 2244 1696 τῆς
2273 1630 2475 1702 ψυχῆς.
2538 1628 2779 1699 Ὁμοίως
2838 1630 3047 1705 Πατὴρ,
3098 1630 3186 1684 καὶ
3239 1630 3381 1701 Υἱὸς,
3430 1629 3557 1699 ἤτοι
3600 1632 3800 1708 Λόγος,

2147 1716 2235 1770 καὶ
2271 1721 2503 1790 Πνεῦμα,
2558 1719 2632 1779 εἷς
2689 1718 2841 1785 Θεὸς,
2897 1721 2988 1773 καὶ
3038 1718 3099 1773 οὐ
3146 1726 3314 1796 τρεῖς·
3351 1720 3662 1796 ἆχώριστος
3692 1725 3799 1797 γὰρ

2149 1806 2176 1859 ὁ
2203 1802 2377 1881 Λόγος
2406 1807 2495 1860 καὶ
2553 1808 2615 1860 τὸ
2666 1811 2882 1880 Πνεῦμα
2928 1808 2990 1862 τὸ
3042 1810 3184 1863 θεῖον
3218 1809 3276 1863 ἐκ
3302 1813 3399 1864 τοῦ
3432 1810 3663 1886 Πατρός.
3696 1811 3801 1864 Καὶ

2146 1895 2381 1970 καθάπερ
2415 1895 2643 1971 ἀόρατος
2676 1898 2709 1964 ἡ
2741 1897 2917 1971 ψυχὴ,
2969 1896 3142 1959 οὕτως
3171 1897 3403 1975 ἀόρατος
3447 1898 3537 1953 καί
3565 1899 3594 1953 6
3645 1900 3799 1961 Θεός.

2148 1983 2245 2040 Καὶ
2278 1983 2450 2046 οὕτως
2483 1984 2608 2039 ὅταν
2641 1982 2904 2054 διατάξεις
2936 1984 2987 2040 ἐν
3020 1991 3097 2058 τῷ
3145 1984 3231 2041 νοΐ
3281 2008 3398 2060 σου,
3447 1988 3537 2043 καὶ
3591 1988 3802 2063 λὲγεις,

2146 2076 2262 2133 πῶς
2294 2071 2369 2126 ἔνι
2410 2074 2438 2126 6
2470 2073 2598 2134 Θεὸς
2631 2073 2729 2141 εἶς,
2771 2074 2861 2128 καὶ
2891 2070 2946 2128 ’ἐν
2994 2074 3085 2129 καὶ
3130 2071 3595 2151 τριωπὸστατος;
3645 2076 3802 2141 ἐνθυ-

2151 2163 2255 2230 μοῦ
2300 2166 2400 2228 τῆς
2451 2162 2635 2234 ψυχῆς
2682 2181 2800 2232 σου,
2849 2160 2941 2215 καὶ
2991 2160 3133 2238 λέγε.
3176 2165 3379 2241 ’Ὠσπερ
3408 2166 3443 2234 ἡ
3479 2166 3633 2240 ψυχή
3695 2187 3803 2238 μου

2151 2249 2247 2322 μία
2276 2248 2439 2316 ἐστὶν,
2474 2248 2619 2304 ἀλλᾶ
2649 2249 2737 2303 καὶ
2767 2252 3211 2325 τρισυπόστατος,
3249 2254 3427 2329 ψυχὴ,
3461 2251 3653 2328 λόγος,
3706 2255 3799 2311 καὶ

2146 2342 2306 2409 πνοή·
2341 2339 2483 2394 οὕτω
2513 2341 2600 2395 καὶ
2633 2342 2661 2395 6
2693 2340 2820 2401 Θεὸς
2854 2341 2925 2403 εἷς
2968 2341 3131 2409 ἐστιν,
3177 2341 3302 2398 ἀλλ’
3350 2341 3460 2399 ἔστι
3511 2344 3601 2399 καὶ
3650 2365 3803 2419 τρισ-

2147 2429 2465 2499 υπόστατος,
2521 2430 2727 2501 Πατήρ,
2788 2430 2987 2505 Λόγος,
3040 2432 3127 2486 καὶ
3176 2437 3397 2506 Πνεῦμα
3458 2435 3632 2508 ἅγιον.
3696 2433 3802 2490 Καὶ

2148 2518 2270 2595 λέγε
2302 2519 2352 2573 ἐν
2384 2524 2461 2591 τῷ
2508 2519 2597 2573 vo'i'
2637 2541 2755 2588 aeu,
2806 2519 2912 2592 ὅτι,
2963 2519 3050 2575 ἐὰν
3083 2524 3117 2591 ἡ
3151 2523 3331 2599 ψυχὴ,
3361 2524 3423 2578 τὸ
3450 2523 3669 2596 ποίημα
3698 2530 3797 2579 τοῦ

2146 2612 2279 2662 Θεοῦ
2329 2608 2535 2681 ὁμοίως
2584 2608 2672 2663 καὶ
2722 2610 2749 2663 6
2797 2607 2981 2679 ἥλιος,
3035 2610 3146 2665 ἐστὶ
3187 2612 3640 2688 τρισυπόστατος,
3671 2616 3707 2684 ἡ
3742 2612 3800 2669 δὲ

2146 2697 2301 2775 φύσις
2351 2695 2525 2752 αὐτῶν
2581 2697 2695 2770 μία·
2745 2697 2898 2771 πόσῳ
2966 2698 3181 2771 μᾶλλον
3231 2701 3258 2755 6
3304 2701 3433 2763 Θεὸς
3482 2703 3510 2756 6
3556 2704 3799 2773 ποιητής

2143 2785 2387 2841 τούτωνί
2445 2785 2559 2843 Οὐκ
2607 2784 2879 2862 ἔνδέχεται
2928 2788 2989 2842 τὸ
3034 2788 3167 2843 εἶναι
3220 2789 3416 2863 οὕτως,
3469 2790 3611 2845 ὥστε
3662 2791 3797 2846 εἶναι

2144 2872 2303 2928 αὐτὸν
2352 2869 2444 2928 ἕνα
2498 2876 2566 2946 τῇ
2616 2873 2792 2951 φύσει,
2845 2874 2935 2929 καὶ
2991 2874 3413 2950 τρισυπόστατον
3458 2882 3575 2940 τοῖς
3624 2898 3800 2953 προσ-

2146 2963 2354 3031 ώποις;
2387 2962 2476 3016 καὶ
2507 2961 2730 3032 ἀληθῶς
2764 2960 3060 3039 ἐνδέχεται.
3110 2966 3196 3026 Ὠς
3243 2965 3348 3040 γὰρ
3399 2968 3575 3041 ψυχὴ,
3627 2965 3800 3042 λόγος

2142 3051 2232 3105 καὶ
2263 3051 2404 3119 πνοὴ
2435 3050 2558 3127 τρία
2587 3051 2875 3126 πρόσωπα,
2906 3052 2996 3108 καὶ
3033 3053 3127 3126 μία
3158 3053 3315 3131 φύσις
3346 3057 3553 3131 ψυχῆς,
3605 3056 3698 3110 καί
3732 3056 3794 3111 οὐ

2143 3145 2287 3215 τρεῖς
2334 3140 2529 3216 ψυχαί·
2581 3140 2723 3195 οὕτω
2772 3142 2977 3219 Πατὴρ,
3030 3142 3208 3217 Λόγος
3256 3142 3345 3198 οιαὶ
3376 3148 3594 3218 Πνεῦμα
3626 3146 3801 3221 ἅγιον,

2064 3218 2106 3285 C
2144 3228 2267 3305 τρία
2326 3230 2611 3306 πρόσωπα,
2670 3230 2759 3285 καὶ
2818 3230 2892 3293 είς
2938 3234 3008 3305 τῇ
3059 3232 3207 3307 φύσει
3254 3233 3407 3300 Θεὸς,
3440 3233 3531 3287 καὶ
3561 3232 3624 3287 οὐ
3655 3218 3802 3310 ¹τρεῖς

2147 3318 2278 3383 θεοί.
2312 3316 2499 3380 Οὕτως
2529 3318 2614 3373 ἐὰν
2644 3317 2943 3396 συλλογίζῃ
2971 3319 3221 3395 πάντοτε,
3253 3321 3316 3377 οὐ
3352 3322 3428 3396 μή
3465 3320 3800 3400 βλασφημή-

2146 3428 2240 3482 σῃς
2272 3406 2359 3462 ἐπὶ
2387 3410 2485 3477 τῆς
2516 3406 2671 3483 ἁγίας
2703 3406 2957 3482 Τριάδος.

2218 3513 2391 3571 Ἀλλὰ
2419 3514 2602 3587 ἀκμήΛ
2630 3513 2719 3569 καὶ
2753 3512 2929 3586 ἄλλην
2964 3515 3141 3571 εἰκόνα
3178 3521 3312 3572 Θεοῦ
3361 3519 3616 3590 ἄκουσον,
3666 3519 3797 3595 ἀγα-

2145 3602 2302 3674 πητέ.
2338 3600 2477 3658 Ἰδοὺ
2507 3605 2569 3658 τὸ
2628 3608 2734 3679 πῦρ
2784 3600 2839 3658 ἕν
2887 3603 3021 3674 ἐστι,
3069 3604 3257 3669 ἄλλως
3305 3607 3394 3661 καὶ
3426 3608 3796 3683 τρισυπόστα-

2144 3713 2255 3748 τον.
2317 3692 2460 3747 Αὐτὸ
2519 3692 2619 3768 γὰρ
2666 3691 2721 3747 ἓν
2783 3692 2892 3749 ἐστι
2946 3694 3008 3749 τὸ
3056 3694 3409 3769 ὑποκείμενον
3459 3701 3589 3768 πῦρ,
3644 3699 3706 3752 τὸ
3740 3696 3797 3753 δὲ

2146 3780 2429 3836 καυστικὸν
2490 3781 2652 3836 αὐτοῦ
2698 3779 2879 3859 ἕτερον
2929 3784 3247 3859 πρόσωπον,
3295 3785 3384 3839 καὶ
3427 3785 3490 3840 τὸ
3531 3807 3800 3863 φωτιστι-

2146 3871 2239 3926 κὸν
2272 3870 2435 3925 αὐτοῦ
2467 3869 2608 3926 ἄλλο
2660 3871 2974 3946 πρόσωπον.
3024 3871 3161 3930 Ἰδοὺ
3210 3873 3404 3929 λοιπὸν
3453 3874 3576 3951 τρία
3630 3876 3802 3950 πρόσ-

2148 3981 2270 4015 ωπα
2324 3965 2420 4015 τοῦ
2479 3960 2595 4022 ἑνὸς
2659 3960 2851 4037 πυρὸς,
2920 3958 3085 4037 ἤγουν
3135 3962 3198 4017 τὸ
3251 3962 3604 4035 ὑποκείμενον
3664 3969 3797 4039 πῦρ,

2146 4048 2234 4104 καὶ
2293 4049 2353 4103 τὸ
2400 4048 2708 4117 καυστικὸν,
2762 4048 2853 4103 καὶ
2916 4051 2973 4104 τὸ
3024 4050 3371 4127 φωτιστικόν·
3428 4051 3523 4126 μία
3554 4049 3612 4106 δὲ
3642 4052 3801 4131 φύσις

2144 4144 2240 4193 τοῦ
2271 4139 2462 4214 πυρὸς,
2496 4138 2585 4193 καὶ
2618 4138 2677 4192 οὐ
2707 4144 2875 4214 τρεῖς.
2926 4140 3167 4212 Ὁμοίως
3217 4141 3305 4195 καὶ
3359 4140 3445 4196 ἐπὶ
3490 4144 3588 4195 τοῦ
3638 4146 3795 4196 Θεοῦ·

2147 4230 2174 4284 ὁ
2206 4229 2308 4304 γὰρ
2364 4228 2549 4301 Πατὴρ
2608 4225 2687 4282 ἓνι
2735 4229 2796 4283 τὸ
2844 4232 2973 4305 πῦρ,
3020 4229 3048 4283 ὁ
3078 4230 3199 4292 Υἱὸς
3251 4230 3311 4284 τὸ
3341 4231 3650 4299 καυστικὸν,
3708 4229 3797 4284 καὶ

2143 4320 2205 4372 τὸ
2240 4321 2454 4390 Πνεῦμα
2482 4317 2544 4371 τὸ
2576 4318 2729 4392 ἅγιον
2760 4312 2838 4371 ἔνι
2866 4337 2929 4393 το
2962 4317 3307 4395 φωτιστικόν.
3362 4317 3459 4372 Καὶ
3493 4317 3679 4393 ὥσπερ
3712 4317 3798 4374 ἐπὶ

2143 4412 2239 4463 τοῦ
2269 4407 2462 4480 πυρὸς,
2496 4407 2557 4461 τὸ
2588 4410 2714 4480 πῦρ,
2747 4406 2807 4461 τὸ
2855 4407 3166 4475 καυστικὸν,
3198 4408 3287 4461 καὶ
3334 4408 3396 4463 τὸ
3445 4408 3796 4485 φωτιστιχὸν.

2144 4496 2232 4553 καὶ
2283 4495 2412 4551 αὐτό
2456 4497 2518 4550 τὸ
2568 4494 2923 4569 ὑποκείμενον
2974 4501 3102 4571 πῦρ,
3167 4494 3220 4551 ἓν
3270 4495 3525 4572 λὲγομεν,
3584 4497 3677 4553 καὶ
3736 4498 3798 4553 οὐ

390 4588 637 4651 Patrem,
673 4591 729 4641 et
780 4585 1010 4651 Filium,
1072 4590 1131 4641 et
1176 4586 1460 4657 Spiritum
1511 4591 1803 4656 sanctum,
1854 4588 2034 4643 Deum

2148 4586 2283 4658 τρία·
2318 4585 2460 4640 οὕτω
2519 4583 2750 4658 λέγομεν
2800 4585 2888 4639 καὶ
2934 4584 3021 4640 ἐπὶ
3068 4590 3164 4640 τοῦ
3212 4591 3346 4641 Θεοῦ
3375 4587 3442 4641 τὰ
3468 4584 3594 4660 τρία
3626 4586 3799 4659 πρόσ-

389 4693 572 4732 unum
604 4674 876 4740 dicimus,
910 4679 967 4731 et
996 4691 1110 4730 non
1141 4680 1282 4730 tres.
1314 4675 1381 4730 Et
1413 4676 1567 4747 quod
1601 4676 1840 4747 quidem
1867 4694 2035 4749 spec-

386 4769 471 4821 tat
500 4766 892 4837 cognitionem
944 4769 1159 4821 sanctae
1203 4763 1507 4820 Trinitatis
1566 4764 1685 4820 haec
1734 4767 2039 4823 sufficiant

386 4855 664 4912 credenti.

456 5052 673 5107 Verum
700 5051 837 5107 audi
869 5055 927 5107 et
956 5050 1116 5108 aliud
1168 5055 1445 5123 praeterea
1475 5052 1840 5125 mysterium.
1896 5051 2035 5109 Ver-

386 5142 526 5196 bum
562 5140 821 5197 hominis
853 5141 1149 5213 duplicem
1178 5141 1354 5198 habct
1385 5142 1836 5215 generationem,
1871 5148 1927 5198 et
1975 5144 2035 5199 in

385 5231 614 5286 duabus
646 5229 965 5287 lationibus
994 5237 1344 5303 generatur:
1378 5249 1557 5287 unam
1595 5232 1831 5303 quidem
1865 5232 2036 5288 latio-

384 5336 517 5375 nem
552 5320 729 5375 habet
760 5321 833 5375 ab
865 5320 1086 5390 anima,
1116 5319 1358 5376 alteram
1386 5338 1419 5376 a
1444 5321 1652 5376 labiis:
1689 5328 1744 5375 et
1779 5323 2038 5377 nascitur

384 5410 619 5483 quidem
653 5425 844 5465 sermo
877 5408 1133 5465 hominis
1166 5409 1236 5465 ab
1268 5410 1639 5474 anima,cum
1666 5410 1797 5482 quis
1820 5410 2037 5483 cogitat

384 5500 605 5571 aliquid
640 5500 830 5555 dicere
861 5514 873 5555 :
908 5499 1181 5571 cogitatio
1211 5499 1366 5554 enim
1402 5499 1586 5571 prima
1620 5499 1917 5570 generatio
1949 5501 2035 5555 di-

380 5590 533 5644 citur
562 5587 745 5656 verbi,
777 5588 914 5660 quia
943 5588 1160 5661 cogitat
1181 5587 1561 5660 pronuntiare
1590 5586 1734 5643 illud
1755 5588 2031 5645 verbum:

380 5694 496 5737 non
522 5677 741 5752 profert
770 5682 963 5734 autem
998 5677 1141 5733 illud
1169 5676 1341 5733 labiis
1372 5695 1385 5749 ;
1419 5677 1521 5733 sed
1541 5681 1735 5733 servat
1762 5692 1895 5734 eum
1920 5694 2036 5734 ser-

2146 4697 2287 4747 ωπα,
2317 4674 2407 4730 τόν
2439 4695 2495 4728 τε
2548 4672 2775 4743 Πατέρα,
2827 4673 2916 4728 καὶ
2966 4674 3112 4742 Υἱὸν,
3153 4674 3335 4730 καὶτὸ
3368 4676 3515 4751 ἅγιον
3554 4680 3801 4749 Πνεῦμα,

2145 4767 2272 4821 Θεὸν
2312 4760 2405 4819 ἕνα
2460 4760 2713 4839 λὲγομεν,
2771 4764 2860 4817 καὶ
2906 4763 2967 4817 οὐ
3014 4769 3181 4839 τρεῖς.
3228 4763 3326 4818 Καὶ
3377 4764 3500 4840 περὶ
3554 4766 3649 4838 μὲν
3700 4767 3799 4834 τῆς

2146 4854 2486 4930 ἐπιγνώσεως
2514 4854 2614 4916 τῆς
2644 4852 2797 4928 ἁγίας
2826 4848 3054 4929 Τριάδος
3086 4851 3316 4929 ἀρκείτω
3345 4852 3513 4908 ταῦτα
3559 4858 3640 4908 τῶ
3673 4872 3799 4907 πισ-

2143 4941 2371 4999 τεύοντι.

2218 5047 2372 5118 Πλὴν
2404 5050 2631 5103 ἄκουσον
2664 5048 2751 5103 καὶ
2783 5045 2924 5103 ἄλλο
2957 5049 3093 5123 πρὸς
3123 5047 3337 5109 τούτοις
3373 5048 3701 5125 μυστήριον.
3732 5047 3793 5107 Ὁ

2146 5139 2311 5215 λόγος
2340 5142 2437 5193 τοῦ
2469 5136 2753 5213 ἀνθρώπου
2785 5133 2985 5206 διπλῆν
3019 5133 3134 5212 ἔχει
3164 5136 3263 5204 τὴν
3314 5137 3587 5211 γέννησιν,
3619 5138 3711 5193 καὶ
3742 5137 3791 5192 ἐν

2146 5227 2264 5284 δυσὶ
2296 5232 2485 5307 φοραῖς
2542 5231 2818 5301 γεννᾶται·
2880 5224 3002 5297 μίαν
3060 5226 3153 5298 μὲν
3201 5225 3370 5304 φορὰν
3411 5232 3661 5303 γεννᾶται
3692 5227 3798 5282 ἀπὸ

2143 5326 2242 5386 τῆς
2273 5320 2479 5391 ψυχῆς,
2513 5313 2693 5390 ἑτέραν
2724 5312 2780 5369 δὲ
2810 5313 2916 5369 ἀπὸ
2941 5312 3047 5369 τῶν
3090 5311 3347 5390 χειλέων.
3400 5314 3499 5369 Καὶ
3548 5322 3798 5390 γεννᾶται

2150 5408 2244 5482 μὶν
2278 5408 2305 5461 ὁ
2337 5405 2500 5481 λόγος
2529 5407 2626 5458 τοῦ
2657 5402 2944 5480 ἀνθρώπου
2976 5402 3083 5458 ἀπὸ
3130 5409 3232 5472 τῆς
3274 5404 3483 5480 ψυχῆς,
3529 5403 3659 5459 ὅταν
3715 5402 3801 5459 ἐν-

2147 5497 2368 5569 θυμηΘῇ
2399 5514 2483 5556 τις
2514 5490 2681 5548 εἷπεῖν
2714 5514 2787 5549 τι.
2829 5494 2889 5549 Ἥ
2939 5492 3041 5568 γὰρ
3094 5490 3386 5565 ἐνθύμησις
3429 5494 3625 5568 πρώτη
3680 5495 3801 5568 γὲνσ⁸

2145 5606 2299 5656 νησις
2348 5581 2559 5658 λέγεται
2606 5586 2704 5636 τοῦ
2748 5578 2937 5657 λόγου,
2987 5580 3102 5636 ἐπεὶ
3152 5580 3460 5655 ἐνθυμεῖται
3494 5586 3596 5637 τοῦ
3628 5582 3799 5638 εἰπεῖν

2145 5672 2345 5730 ἐκεῖνον
2375 5671 2466 5728 τὸν
2500 5665 2762 5750 λόγον·ού
2796 5668 2945 5751 λέγει
2976 5667 3035 5725 δὲ
3061 5673 3253 5726 τοῦτον
3284 5667 3371 5726 διὰ
3397 5672 3506 5727 τῶν
3535 5671 3803 5751 χειλέων,
