2048 3106
176 173 235 204 ’181

834 171 1091 209 QUIESTIONES
1113 173 1228 204 ΑΙιῐιΕ.

1824 174 1884 207 ’182

180 239 238 267 ne:
254 238 383 278 φυλάττει
398 239 445 266 τὸν
474 238 561 277 λόγον
591 240 609 274 ἡ
638 239 715 276 ψυχὴ
746 238 771 266 έν
801 242 858 270 τοῖς
886 238 994 267 κόλποιι

1063 248 1179 268 monem
1198 240 1298 268 anima
1312 240 1342 269 in
1357 241 1423 269 sinu
1449 249 1502 269 suo
1517 249 1523 269 :
1540 243 1568 269 et
1592 243 1637 269 est
1660 242 1798 277 cogitatio
1823 242 1884 278 illa,

169 284 264 320 αὐτῆς·
282 285 326 312 καὶ
355 282 427 312 ἔστιν
452 285 470 319 ἡ
498 283 648 320 ἐνθύμησις
670 283 759 319 ἐκείνη
784 284 879 322 πρώτη
904 285 1001 322 γέννη-

165 339 208 360 σις
235 330 284 356 τοῦ
318 327 405 366 λόγου
435 328 488 356 ἀπὸ
512 331 563 363 τῆς
578 329 680 365 ψυχῆς.
697 329 802 364 Ὅμως,
817 327 865 355 κᾶν
882 330 1000 366 γεννηθῇ

164 373 179 400 ὸ
194 372 277 411 λόγος
291 373 344 400 ἀπὸ
359 376 409 408 τῆς
447 374 555 410 ψυχῆς,
571 373 683 409 πρώτην
711 371 836 410 γέννησιν
866 372 928 399 ὅταν
959 372 1000 399 ἐν-

166 419 277 454 θυμηθῇ
294 416 372 445 αὐτὸν
388 418 405 452 ἡ
423 417 518 455 ψυχὴ,
535 416 600 444 ἀλλ’
615 416 646 445 οὗ
663 419 772 455 φανεροῖ
796 416 887 451 αὐτὸν,
909 417 999 453 ἀκμὴν

166 460 195 489 δὲ
210 460 448 500 φυλῇτειαύτόν.
466 462 548 488 Ὅταν
582 460 611 489 δὲ
640 460 743 499 θελήσῃ
772 463 820 488 τοῦ
850 463 999 499 φανερῶσαι

167 506 213 533 τὸν
234 505 329 543 λόγον,
344 505 406 533 τότε
435 508 514 543 γεννᾷ
537 504 616 533 αὐτὸν
644 505 673 532 έκ
696 507 749 533 τῶν
779 504 908 543 χειλέων.
924 504 998 539 Αὐτὴ

169 549 277 585 δὶήέκ
298 553 352 578 τῶν
381 549 503 588 χειλέων
532 548 643 587 δευτέρα
671 549 797 588 γέννησις
825 552 873 577 τοῦ
903 549 997 587 λόγου,

167 595 236 629 αὐτή
263 595 376 634 φανεροὶ
406 594 453 622 τὸν
483 593 564 633 λόγον
591 594 618 621 ἐν
642 597 700 625 τοῖς
716 594 791 630 πᾶσι,
807 594 852 621 καὶ
881 594 930 621 οὐκ
958 592 997 621 ἔτι

168 639 266 667 λοιπὸν
281 640 295 667 ὁ
311 639 393 678 λόγος
419 639 524 678 ἀφανὴς
547 638 669 677 λέγεται,
684 638 746 667 ἀλλ’
762 638 895 678 ἐμφανής.
913 639 995 668 Ὅταν

166 682 196 711 δὲ
211 686 330 721 γεννηθῇ
347 685 361 712 ὁ
377 683 461 721 λόγος
477 682 523 711 διὰ
536 685 589 711 τῶν
615 683 745 721 χειλέων,
761 683 822 711 τότε
845 683 870 710 οἱ
898 683 995 715 πάντες

163 728 309 756 ἀκούουσιν
336 728 428 763 αὐτὸν,
444 728 489 756 καὶ
512 728 626 767 φανερὸς
651 727 752 766 γίνεται
777 730 837 759 τοῖς
858 730 934 756 πᾶσιτ
951 726 995 755 καί

165 772 275 811 λέγεται
291 772 358 808 αὕτη
375 774 393 808 ἡ
409 774 533 811 γέννησις
547 774 565 808 ἡ
583 771 628 800 διὰ
650 775 704 800 τῶν
734 771 853 810 χειλέων
884 770 996 810 δευτέρα

162 818 289 856 γέννησις
305 820 353 845 τοῦ
369 817 464 856 λόγου·
482 817 552 845 ὥστε
568 816 615 845 δύο
639 816 705 844 εἰσὶν
731 818 758 844 αἱ
780 817 918 854 γεννήσεις
945 819 995 844 τοῦ

165 862 256 900 λόγου
271 864 363 899 ἡμῶν*
382 862 430 899 μία
447 862 495 899 μὲν
513 862 543 889 ἐκ
566 863 615 894 τῆς
642 863 747 900 ψυχῆς,
763 861 825 889 ὅταν
854 860 994 898 ἐνθυμηθῇ

163 906 215 935 τοῦ
244 906 364 942 λαλῆσαι
396 906 442 934 τὸν
468 906 563 943 λόγον,
581 905 642 940 ¹ἥτις
671 906 716 933 καὶ
745 906 841 943 πρώτη
870 905 994 943 γέννησις

166 951 286 990 λέγεται·
303 951 348 978 καὶ
363 950 442 989 ἑτέρα
457 950 487 978 ἐκ
500 952 554 978 τῶν
580 949 710 988 χειλέων,
726 949 787 985 ἥτις
811 953 923 989 φανεροῖ
949 950 995 978 τὸν

166 995 254 1034 λόγον
283 999 363 1023 πᾶσιν
391 995 557 1033 ἀνθρώποις,
573 994 634 1030 ἥτις
662 995 706 1022 καὶ
736 993 846 1032 δευτέρα
873 995 995 1033 γέννησις

166 1040 287 1079 λέγεται.
313 1040 440 1072 Μάνθανε
463 1039 508 1067 οὗν
533 1036 663 1077 ἀκριϐῶς,
690 1038 743 1073 ὅτι,
767 1038 857 1077 ὥσπερ
883 1038 996 1076 ὁλόγος

166 1084 217 1112 τοῦ
232 1084 378 1123 ἀνθρώπου
394 1083 441 1112 ’δύο
457 1085 596 1122 γεννήσεις
613 1082 682 1121 ἔχει,
702 1083 766 1120 μίαν
783 1083 812 1111 ἐκ
825 1085 875 1119 τῆς
891 1085 995 1122 ψυχῆς,

165 1129 214 1157 καὶ
230 1128 319 1164 ἄλλην
341 1128 370 1156 ἐκ
394 1131 448 1156 τῶν
477 1127 606 1167 χειλέων,
622 1128 708 1160 οὕτως
734 1128 779 1156 καὶ
810 1128 823 1156 ὀ
851 1130 900 1155 τοῦ
929 1130 996 1156 Θεοῦ

166 1171 259 1212 Λόγος
275 1172 323 1201 δύο
339 1174 477 1212 γεννήσεις
492 1172 561 1211 ἔχει,
581 1173 643 1210 μίαν
669 1173 716 1209 μὲν
740 1172 770 1202 ἐκ
791 1175 840 1201 τοῦ
864 1175 931 1201 Θεοῦ
950 1173 995 1200 καὶ

168 1218 288 1256 Πατρὸς,
304 1217 365 1253 ἥτις
380 1218 426 1245 καὶ
445 1218 541 1255 πρώτη
564 1218 688 1255 γέννησις
705 1217 825 1255 λέγεται’
842 1217 887 1245 καὶ
903 1218 995 1256 ἑτέραν

165 1263 200 1291 ἐκ
220 1266 270 1298 τῆς
295 1262 404 1300 σαρκὸς,
420 1261 480 1297 ἥτις
509 1262 554 1290 καὶ
585 1261 696 1301 δευτέρα
723 1263 849 1300 γέννησις
878 1259 1012 1300 λέγεται(

166 1308 223 1336 Καὶ
239 1307 328 1345 ὥσπερ
346 1308 360 1335 ὁ
374 1306 455 1345 λόγος
481 1308 573 1343 ἡμῶν,
589 1306 637 1334 κᾶν
663 1309 780 1345 γεννηθῇ
803 1308 852 1342 τὴν
883 1307 994 1345 πρώτην

162 1353 292 1391 γέννησιν
307 1352 360 1379 ἀπὸ
374 1355 424 1387 τῆς
441 1353 545 1390 ψυχῆς,
561 1350 625 1379 ἀλλ’
641 1351 718 1388 ὅμως
733 1351 838 1391 ἀφανής
868 1351 934 1386 ἐστι,
950 1351 995 1379 καὶ

163 1396 201 1424 οὐ
220 1398 391 1435 φανεροῦται,
407 1395 480 1423 ἀλλὰ
502 1395 585 1424 πάλιν
611 1396 678 1433 μετά
700 1396 748 1430 τὴν
774 1395 896 1434 γέννησιν
922 1396 995 1433 μένει

164 1442 196 1470 ἒν
211 1444 270 1472 τοῖς
284 1442 413 1479 ψυχικοῖς
428 1439 553 1471 κόλποις
571 1440 659 1471 οὕτως
672 1440 717 1468 καὶ
736 1441 750 1468 ὁ
773 1443 822 1468 τοῦ
846 1442 912 1468 Θεοῦ
942 1441 995 1468 Λό-

164 1496 227 1525 γος,
248 1485 295 1513 κᾶν
312 1485 354 1513 καὶ
371 1485 498 1522 ἐγεννήθη
524 1485 577 1522 πρὸ
601 1487 654 1512 τῶν
679 1485 785 1512 αἰώνων
809 1484 839 1512 ἐκ
860 1487 907 1512 τοῦ
929 1487 995 1513 Θεοῦ

166 1530 216 1559 καὶ
248 1530 361 1567 Πατρὸς,
390 1529 453 1557 ἀλλ’
477 1529 526 1557 οὐκ
554 1529 714 1568 ἐφανεροῦτο
742 1532 800 1560 τοῖς
829 1530 994 1568 ἀνθρώποις·

167 1575 308 1613 παρέμενε
322 1573 351 1602 δὲ
365 1573 447 1602 πάλιν
476 1573 502 1601 ἰν
528 1576 587 1605 τοῖς
614 1573 729 1604 κόλποις
756 1576 814 1605 τοῖς
840 1577 994 1611 πατρικοῖς.

1056 285 1152 320 prima
1163 285 1314 322 generatio
1331 286 1412 313 verbi
1428 286 1464 314 ab
1477 286 1586 314 anima.
1597 286 1671 314 Illud
1681 286 1888 319 enim,etiamsi

1056 332 1195 357 nascatur
1222 331 1257 358 ab
1287 330 1396 362 anima,
1434 339 1486 366 per
1522 330 1644 366 primam
1670 331 1886 367 generationem

1057 375 1174 409 quando
1190 375 1298 410 cogitat
1314 374 1387 402 illud
1403 375 1503 402 anima
1520 383 1526 402 :
1543 375 1593 403 sed
1610 384 1667 403 non
1680 376 1788 411 profert
1801 375 1884 411 illud,

1054 419 1105 445 sed
1123 419 1219 446 adhuc
1234 421 1401 446 conservat.
1422 419 1543 450 Quando
1559 422 1654 447 autem
1673 420 1735 447 vult
1758 420 1886 455 proferre

1054 463 1190 496 Verbum,
1216 466 1286 491 tunc
1319 465 1430 499 prolert
1453 463 1523 491 illud
1546 463 1631 491 labiis
1657 472 1663 491 :
1690 464 1750 491 hinc
1774 467 1817 492 est
1840 472 1886 492 se-

1053 507 1150 535 cunda
1165 508 1312 543 generatio
1327 516 1361 535 ex
1377 507 1474 535 labiis.
1492 508 1557 544 Ipsa
1573 511 1670 535 autem
1687 516 1721 535 ex
1734 508 1820 536 labiis
1839 517 1881 537 se-

1053 552 1155 579 cunda
1170 552 1320 587 generatio
1333 552 1411 580 verbi
1426 552 1519 588 aperit
1533 553 1652 580 verbum
1668 553 1816 586 omnibus,
1829 562 1882 582 nec

1053 596 1184 632 amplius
1209 597 1330 624 verbum
1368 597 1527 624 obscurum
1559 599 1614 631 est,
1652 598 1701 624 sed
1734 600 1879 633 apertum.

1053 639 1176 672 Quando
1194 642 1291 668 autem
1305 641 1454 676 profertur
1479 641 1600 668 verbum
1627 650 1677 677 per
1702 641 1788 674 labia,
1812 644 1882 670 tunc

1051 693 1157 713 omnes
1171 685 1297 713 audiunt
1309 684 1395 719 illud,
1411 687 1439 713 et
1454 686 1644 713 manifestum
1665 686 1697 713 ﬁt
1722 686 1880 720 omnibus;

1050 731 1078 757 et
1093 729 1155 757 haec
1169 730 1315 765 generatio
1332 738 1382 766 per
1397 728 1597 765 labia,dicitur
1613 731 1743 758 secunda
1759 738 1879 766 genera-

1049 774 1090 802 tio
1114 775 1215 808 verbi;
1242 775 1313 802 adeo
1339 777 1372 802 ut
1397 775 1460 802 duae
1484 774 1546 802 sint
1569 775 1775 811 generationes
1798 776 1880 803 verbi

1051 818 1141 846 nostri
1166 826 1173 846 :
1209 827 1268 846 una
1292 818 1413 854 quidem
1435 818 1551 854 animae,
1578 819 1695 855 quando
1721 819 1829 855 cogitat
1844 820 1879 848 de

1049 863 1229 891 enuntiando
1242 863 1341 897 verbo,
1359 871 1422 899 quae
1438 865 1466 891 et
1482 863 1578 899 prima
1592 863 1742 899 generatio
1758 864 1876 893 dicitur:

1049 909 1077 935 et
1093 907 1184 935 altera
1194 915 1228 935 ex
1244 907 1407 943 labiis,qua:
1418 908 1512 943 aperit
1523 907 1643 935 verbum
1658 908 1875 944 omnibus,quaa

1051 953 1080 979 et
1095 952 1225 980 secunda
1239 952 1387 988 generatio
1404 952 1611 980 dicitur.Disce
1625 952 1717 988 igitur
1727 956 1873 987 accurate,

1050 997 1300 1032 quemadmodum
1314 997 1436 1025 verbum
1452 996 1581 1025 hominis
1596 997 1669 1025 duas
1686 997 1773 1025 habet
1784 1006 1873 1034 gene-

1051 1041 1188 1075 rationes,
1204 1050 1293 1069 unam
1308 1041 1468 1074 ex'anima,
1485 1043 1513 1069 et
1527 1041 1648 1069 alteram
1664 1051 1698 1070 ex
1720 1042 1817 1076 labiis,
1834 1043 1873 1071 ita

1050 1086 1139 1113 etiam
1154 1086 1204 1114 Dei
1220 1086 1349 1114 Verbum
1360 1086 1642 1122 duaegenerationcs
1654 1087 1760 1114 habere
1773 1095 1872 1120 ;unam

1050 1130 1167 1166 quidem
1183 1139 1217 1158 ex
1232 1133 1288 1158 Deo
1304 1132 1332 1158 et
1346 1131 1508 1167 Patre,quae
1524 1134 1552 1159 et
1563 1131 1657 1167 prima
1674 1132 1823 1167 generatio
1833 1132 1875 1159 di—

1050 1174 1126 1202 citur
1141 1183 1148 1202 :
1165 1177 1193 1202 et
1205 1174 1326 1202 alteram
1340 1183 1373 1202 ex
1389 1183 1485 1210 carne,
1510 1183 1573 1211 qua:
1597 1178 1625 1203 et
1645 1176 1775 1203 secunda
1790 1184 1875 1210 gene-

1050 1219 1123 1247 ratio
1140 1219 1256 1247 dicitur.
1275 1220 1308 1247 Et
1323 1220 1573 1255 quemadmodum
1589 1221 1711 1247 verbum
1728 1223 1874 1255 nostrum,

1050 1263 1104 1291 etsi
1124 1266 1227 1291 natum
1254 1264 1293 1291 sit
1316 1264 1480 1291 secundum
1506 1264 1631 1300 primam
1658 1264 1874 1300 generationem

1050 1308 1086 1335 ab
1103 1308 1211 1341 anima,
1227 1308 1373 1336 occultum
1398 1311 1496 1336 tamen
1520 1311 1575 1343 est,
1601 1311 1629 1336 et
1652 1318 1708 1336 non
1735 1309 1873 1344 aperitur,

1050 1353 1100 1380 sed
1115 1354 1180 1388 post
1194 1352 1410 1388 generationem
1428 1355 1525 1381 manet
1535 1354 1565 1380 in
1578 1353 1644 1381 sinu
1658 1354 1761 1381 animm
1779 1353 1835 1380 :ita
1845 1355 1874 1381 et

1052 1397 1100 1425 Dei
1124 1397 1264 1431 Verbum,
1290 1397 1480 1432 quantumvis
1509 1400 1577 1425 ante
1600 1397 1707 1426 saecula
1737 1406 1751 1425 a
1772 1399 1826 1425 Deo
1844 1400 1872 1426 et

1050 1443 1134 1469 Patre
1149 1444 1250 1469 natum
1266 1441 1315 1476 sit,
1332 1449 1390 1469 non
1406 1444 1504 1470 tamen
1521 1442 1766 1470 manifestabatur
1779 1442 1872 1470 homi-

1050 1486 1148 1513 nibus.
1164 1486 1300 1514 Manebat
1314 1486 1392 1514 enim
1408 1486 1437 1514 in
1453 1487 1520 1514 sinu
1537 1489 1667 1523 paterno.
1685 1487 1718 1514 Et
1731 1487 1872 1522 quemad-

1051 1531 1170 1558 modum
1186 1531 1580 1567 verbumnostrum,quando
1591 1531 1874 1564 volumus,nascitur

1051 1583 1085 1603 ex
1099 1574 1185 1603 labiis
1202 1575 1320 1610 nostris,
1337 1578 1364 1603 et
1380 1576 1511 1611 aperitur
1526 1576 1563 1604 iis
1586 1576 1724 1604 omnibus
1749 1576 1872 1611 quibus-

168 1607 223 1647 Καὶ
245 1607 338 1656 ’ὥσπερ
370 1619 384 1645 ὁ
411 1618 545 1655 ἡμέτερος
578 1617 672 1655 λόγος,
702 1618 763 1645 ὅταν
804 1607 993 1656 βουληθῶμεν,

1052 1628 1118 1648 cum
1134 1628 1287 1647 versamur
1303 1629 1310 1654 ;
1326 1620 1367 1647 ita
1381 1622 1410 1647 et
1425 1620 1474 1648 Dei
1490 1620 1628 1653 Verbum,
1646 1621 1764 1656 quando
1787 1620 1813 1648 ei
1829 1620 1873 1647 vi-

164 1666 292 1701 γεννᾶται
317 1662 346 1690 ἐκ
369 1664 422 1690 τῶν
444 1661 561 1700 χειλέων
594 1663 687 1698 ⁴ἡμῶν,
709 1662 754 1690 καὶ
783 1665 942 1701 φανεροῦται
967 1663 992 1691 ἐν

162 1710 226 1739 τοῖς
242 1707 320 1738 ὅλοις
335 1708 415 1743 ἡμῶν
429 1706 637 1742 πλησιάζουσιν
660 1707 746 1737 οὕτως
769 1707 813 1734 καὶ
834 1707 848 1734 ὁ
863 1709 911 1734 τοῦ
927 1710 993 1735 Θεοῦ

165 1751 268 1789 Λόγος,
285 1751 346 1779 ὅταν
363 1750 520 1787 εὐδόκησεν,
537 1751 662 1789 ἐγεννήθη
679 1751 708 1779 ἐκ
722 1753 776 1779 τῶν
797 1750 913 1789 χειλέων
938 1754 991 1779 τῶν

159 1798 329 1835 προφητῶν,
353 1796 400 1823 καὶ
425 1795 454 1823 ἐκ
477 1799 526 1831 τῆς
560 1796 698 1833 πανάγνου
724 1795 841 1832 Μαρίας,
865 1796 909 1823 καὶ
931 1794 992 1824 τὸτε

159 1840 261 1878 γέγονε
276 1840 389 1877 φανερὸς
405 1839 431 1868 έν
448 1839 507 1876 ὅλῳ
530 1842 569 1876 τῷ
591 1839 698 1876 κόσμῳ.
714 1843 756 1870 Ὡς
785 1840 836 1877 γὰρ
865 1843 992 1878 φανεροῦ-

163 1896 212 1913 ται
229 1885 243 1912 ὁ
260 1885 393 1922 ἡμέτερος
408 1883 490 1922 λόγος
505 1884 642 1922 γεννηθεὶς
658 1883 688 1912 ἐκ
702 1886 755 1911 τῶν
770 1883 886 1922 χειλέων
897 1886 989 1922 ἡμῶν,

165 1929 259 1960 οὕτως
287 1928 320 1963 δὴ
345 1929 390 1956 καὶ
406 1928 481 1956 ὁτοῦ
510 1931 577 1957 Θεοῦ
606 1928 703 1967 Λόγος,
720 1928 857 1966 γεννηθεὶς
884 1929 913 1957 ἐκ
940 1933 991 1965 τῆς

159 1975 267 2013 σαρκὸς
295 1975 346 2009 τῆς
374 1973 548 2011 ἀειπαρθένου
578 1973 697 2011 Μαρίας,
728 1973 882 2012 ἐφανερώθη
919 1974 990 2012 πάσῃ

158 2021 199 2056 τῇ
220 2018 318 2053 κτίσει,
333 2018 379 2045 καὶ
407 2018 433 2045 οἱ
462 2018 651 2049 πιστεύσαντες
680 2017 753 2054 αὐτῷ
782 2020 923 2053 σώζονται.
942 2019 989 2046 Καὶ

161 2064 258 2101 ὥσπερ
273 2064 287 2090 ὁ
303 2062 436 2101 ἡμέτερος
461 2061 555 2100 λόγος,
572 2062 712 2100 γεννηθεὶς
736 2062 766 2090 ἐκ
788 2065 841 2090 τῶν
871 2063 988 2101 χειλέων

161 2107 335 2145 ἡμῶν,ὅταν
362 2107 408 2135 ἀπ’
436 2107 523 2135 αὐτῶν
551 2109 604 2134 τῶν
636 2106 753 2145 χειλέων
778 2110 912 2145 γεννᾶται,
929 2106 990 2135 οὕτε

162 2153 221 2181 ἀπὸ
236 2156 286 2187 τῆς
300 2153 391 2191 ψυχῆς
414 2151 513 2189 λείπει,
529 2150 590 2179 οὔτε
605 2151 658 2179 ἀπὸ
672 2153 726 2179 τῶν
755 2150 829 2179 ἰδίων
860 2151 988 2190 χειλέων,

162 2196 229 2226 οὗτε
245 2197 297 2225 ἀπὸ
311 2199 364 2225 τῶν
381 2194 458 2224 ὤτων
485 2198 539 2224 τῶν
567 2196 731 2231 ἀκουόντων,
748 2195 811 2224 ἀλλ’
825 2194 861 2223 ἔνι
890 2196 934 2224 καὶ
962 2196 987 2224 έν

160 2244 201 2279 τῇ
217 2243 306 2279 ψυχῇ,
321 2242 366 2269 καὶ
382 2241 408 2269 ἰν
423 2243 482 2272 τοῖς
497 2240 616 2279 χείλεσιν
639 2241 731 2277 ἡμῶν,
748 2241 792 2268 καὶ
816 2240 853 2271 εἷς
874 2240 908 2268 τὰ
933 2240 989 2269 ὦτα

1049 1672 1114 1692 sum
1132 1664 1198 1698 fuit,
1215 1666 1315 1691 natum
1331 1666 1375 1692 est
1398 1672 1433 1692 ex
1457 1663 1544 1692 labiis
1567 1664 1778 1700 prophetarum
1797 1667 1824 1692 et
1840 1673 1874 1692 ex

1049 1709 1216 1737 castissima
1231 1709 1331 1742 Maria,
1348 1711 1377 1736 et
1391 1711 1462 1737 tunc
1482 1709 1671 1737 manifestum
1696 1709 1751 1737 fuit
1767 1709 1795 1736 in
1814 1711 1872 1737 toto

1053 1754 1173 1781 mundo.
1195 1754 1276 1781 Sicut
1300 1753 1378 1781 enim
1403 1753 1570 1781 declaratur
1590 1755 1710 1782 verbum
1737 1756 1870 1781 nostrum

1048 1800 1149 1826 natum
1166 1806 1200 1825 ex
1223 1797 1310 1825 labiis
1325 1798 1446 1832 nostris,
1470 1798 1511 1825 ita
1535 1801 1563 1826 et
1590 1799 1636 1826 Dei
1666 1798 1792 1825 Verbum
1817 1806 1869 1825 na-

1045 1845 1108 1870 tum
1124 1850 1158 1870 ex
1173 1851 1260 1870 carne
1269 1842 1366 1869 Mariae
1376 1851 1491 1878 semper
1506 1842 1867 1878 \’irginis,inanifestatum

1044 1889 1089 1914 est
1103 1887 1183 1914 omni
1199 1889 1346 1921 creaturas,
1362 1889 1391 1914 et
1407 1887 1456 1922 qui
1473 1886 1596 1914 credunt
1611 1886 1638 1913 in
1655 1885 1867 1919 illud,salutem

1044 1934 1275 1967 consequuntur.
1293 1931 1326 1958 Et
1340 1931 1418 1958 sicut
1432 1931 1553 1958 verbum
1569 1934 1700 1958 nostrum
1717 1932 1817 1957 natum
1832 1938 1867 1957 ex

1044 1975 1131 2003 labiis
1147 1976 1267 2009 nostris,
1284 1976 1403 2011 quando
1420 1983 1437 2003 a
1452 1975 1538 2003 labiis
1565 1978 1731 2012 generatur,
1748 1983 1805 2002 non
1821 1983 1866 2002 re-

1045 2020 1153 2056 linquit
1170 2020 1310 2054 animam,
1328 2028 1422 2055 neque
1437 2019 1516 2047 labia
1530 2020 1658 2056 propria,
1674 2028 1768 2055 neque
1784 2027 1870 2047 aures

1045 2065 1240 2097 audientium,
1257 2064 1307 2092 sed
1323 2067 1367 2092 est
1394 2064 1482 2092 etiam
1509 2064 1540 2092 in
1565 2065 1673 2097 anima,
1700 2064 1769 2091 etin
1784 2063 1871 2091 labiis

1046 2109 1167 2142 nostris,
1184 2112 1212 2137 et
1227 2109 1256 2136 in
1282 2108 1404 2137 auribus
1432 2109 1628 2143 audientium,
1657 2111 1684 2136 et
1701 2118 1758 2136 non
1775 2108 1874 2136 deficit

1045 2162 1175 2189 unquam
1189 2153 1305 2181 etiamsi
1323 2152 1414 2181 multa
1430 2152 1524 2181 millia
1539 2153 1661 2181 audiant
1675 2153 1807 2187 verbum,
1818 2161 1871 2180 nec

1044 2199 1250 2232 minuilur,sed
1266 2206 1382 2234 semper
1391 2198 1421 2226 in
1438 2198 1736 2234 nobisplenissimum
1753 2200 1798 2225 est
1809 2206 1815 2225 :
1828 2198 1870 2225 ita

1044 2245 1072 2272 et
1087 2243 1137 2271 Dei
1154 2242 1412 2278 Verbum,etiamsi
1427 2245 1529 2271 natum
1545 2243 1586 2271 sit
1598 2252 1631 2270 ex
1647 2243 1739 2270 Maria
1752 2242 1870 2278 Vigine,

160 2288 221 2315 τῶν
234 2286 398 2321 ἀκουόντων,
415 2286 460 2314 καὶ
475 2285 506 2313 οὐ
528 2284 615 2313 λείπει
639 2285 731 2321 ποθὲν,
747 2285 794 2313 κᾶν
823 2285 869 2313 καὶ
897 2286 988 2324 χίλιαι

1049 2291 1071 2316 at
1084 2296 1119 2316 ex
1134 2287 1220 2316 labiis
1236 2287 1456 2324 prophetarum,
1473 2296 1531 2315 non
1547 2290 1646 2315 tamen
1670 2296 1686 2314 ει
1703 2287 1784 2314 Patre
1806 2286 1865 2314 dis-

163 2330 293 2371 χιλιάδες
314 2330 448 2358 ἀκούσωσι
476 2331 525 2357 τοῦ
553 2329 650 2368 λόγου,
680 2330 730 2357 οὐκ
759 2328 949 2358 ἑλαττονοῦται
979 2332 993 2360 ὁ

164 2377 266 2413 λόγος,
281 2374 345 2403 αλλ’
370 2375 411 2403 ἀιὶ
432 2376 511 2412 ἡμῶν
537 2374 724 2412 πληρέστατος
747 2374 792 2409 ἦν’
810 2374 896 2406 οὕτως
920 2376 964 2403 καὶ
980 2376 994 2403 ὁ

164 2425 217 2450 τοῦ
232 2424 300 2450 Θεοῦ
322 2419 422 2459 Λόγος,
438 2420 486 2448 κᾶν
510 2420 554 2448 καὶ
578 2420 706 2458 ἐγεννήθη
732 2420 761 2447 ἐκ
784 2423 835 2455 τῆς
861 2421 995 2459 Παρθένου

167 2466 295 2505 Μαρίας,
310 2466 355 2494 καὶ
370 2465 400 2493 ἐκ
413 2468 466 2493 τῶν
483 2464 601 2503 χειλέων
615 2467 670 2492 τῶν
695 2467 855 2504 προφητῶν,
871 2464 934 2493 ἀλλ’
949 2466 993 2494 οὖν

170 2510 235 2540 οὗτε
249 2511 301 2538 ἀπὸ
322 2513 370 2538 τοῦ
386 2510 490 2548 Πατρὺς
518 2508 619 2545 ἔλειπε,
637 2508 698 2537 οὔτε
727 2509 779 2536 ἀπὸ
807 2511 857 2544 τῆς
886 2511 996 2548 σαρκὸς,

168 2555 235 2584 οὔτε
245 2556 297 2583 ἀπὸ
312 2555 419 2582 πάντων
435 2556 489 2581 τῶν
514 2553 675 2592 ἀνθρώπων,
693 2552 755 2582 οὕτε
779 2554 831 2581 ἀπὸ
855 2553 923 2590 ὅλης
945 2556 995 2590 τῆς

169 2600 295 2635 κτίσεως,
316 2599 389 2628 ἀλλᾶ
404 2600 542 2637 πανταχοῦ
558 2602 659 2636 παρῆν,
672 2598 717 2625 καὶ
734 2597 783 2625 οὐκ
809 2597 995 2635 ἠλαττονήθη,

168 2644 245 2673 ἀλλὰ
259 2643 445 2683 πληρέστατος
460 2644 506 2678 ἦν,
523 2642 571 2670 Καὶ
587 2642 674 2674 οὕτως
690 2642 746 2669 νόει
771 2642 833 2681 περὶ
857 2645 906 2670 τοῦ
930 2645 996 2671 Θεοῦ

166 2690 215 2718 καὶ
243 2690 342 2727 Λόγου,
360 2688 402 2716 ὅτι
431 2686 532 2723 διπλῆν
562 2685 621 2725 ἔχει
649 2687 699 2721 τὴν
727 2687 862 2724 γέννησιν,
881 2687 944 2724 μίαν
969 2687 998 2715 ἐκ

165 2736 217 2770 τοῦ
243 2735 310 2761 Θεοῦ
335 2732 381 2760 καὶ
410 2732 528 2770 Πα·’ρὸς,
542 2732 587 2759 καὶ
617 2731 679 2768 μίαν
704 2730 734 2758 ἐκ.
761 2734 811 2765 τῆς
827 2731 934 2769 σαρκός·
951 2731 997 2759 καὶ

1049 2332 1135 2366 cedit,
1152 2340 1244 2368 neque
1260 2340 1386 2366 acerne,
1413 2340 1508 2368 neque
1523 2332 1559 2360 ab
1584 2332 1721 2359 omnibus
1746 2330 1874 2359 homini-

1049 2377 1115 2410 bus,
1132 2385 1225 2412 neque
1240 2385 1257 2404 ι
1272 2377 1333 2404 tota
1348 2378 1491 2409 creatura,
1508 2376 1559 2403 sed
1583 2376 1693 2411 ubique
1709 2376 1802 2408 adest,
1822 2382 1874 2402 nec

1049 2421 1196 2449 minutum
1213 2423 1266 2456 est,
1277 2421 1327 2448 sed
1344 2420 1559 2456 plenissimum.
1571 2420 1662 2456 Atque
1678 2420 1717 2447 ita
1732 2420 1829 2455 cogita
1839 2419 1875 2446 de

1049 2466 1107 2493 Deo
1119 2468 1148 2493 et
1162 2465 1347 2500 Verbo,quod
1364 2464 1509 2500 duplicem
1525 2464 1631 2492 habeat
1642 2465 1873 2500 generationem,

1050 2519 1108 2537 una
1123 2518 1158 2537 ex
1174 2510 1229 2537 Deo
1255 2511 1284 2536 et
1299 2509 1393 2542 Patre,
1418 2511 1446 2537 et
1465 2517 1555 2536 unam
1572 2517 1606 2536 ex
1634 2517 1729 2536 carne.
1759 2512 1792 2536 Et
1816 2508 1875 2535 haec

1051 2554 1179 2590 quidem,
1196 2562 1259 2589 quae
1284 2562 1318 2581 ex
1337 2555 1421 2581 Patre
1445 2555 1498 2586 est,
1519 2556 1586 2581 ante
1602 2553 1718 2586 saecula
1733 2556 1794 2580 est:
1812 2561 1875 2588 quae

1050 2607 1117 2627 vero
1132 2607 1166 2626 ex
1181 2606 1277 2631 carne,
1295 2598 1330 2626 ab
1347 2597 1459 2625 ultimis
1479 2598 1585 2626 diebus
1602 2606 1608 2625 :
1626 2598 1876 2633 quemadmodum

1051 2646 1080 2671 et
1094 2643 1215 2671 verbum
1232 2645 1366 2670 nostrum
1383 2642 1510 2677 primum
1528 2642 1660 2670 nascitur
1677 2643 1712 2669 ab
1727 2642 1877 2675 unima,et

1051 2688 1156 2716 deinde
1171 2695 1205 2715 ex
1220 2686 1317 2715 labiis.
1336 2686 1369 2714 Et
1384 2687 1444 2714 haec
1460 2687 1494 2714 de
1510 2687 1624 2714 duabus
1640 2686 1878 2722 generationibus

1051 2732 1142 2760 Verbi
1158 2731 1220 2759 Dei.

164 2779 184 2814 ἧ
203 2779 251 2815 μὶν
279 2776 309 2805 ἐκ
331 2778 379 2804 τοῦ
403 2776 509 2815 Πατρὸς
532 2775 711 2814 προαινιώος,
737 2775 754 2809 ἠ
780 2773 809 2802 δὲ
831 2774 860 2802 ἐκ
882 2776 931 2810 τῆς
955 2775 1052 2813 σαρκὸς
1077 2774 1118 2802 ἐπ’
1134 2774 1255 2813 ἐσχάτων
1270 2776 1325 2801 τῶν
1339 2774 1459 2812 ἡμερῶν·
1477 2774 1567 2812 ὥσπερ
1584 2774 1628 2801 καὶ
1645 2775 1658 2801 ὁ
1676 2774 1808 2810 ἡμέτερος
1834 2771 1880 2799 λό-

165 2833 216 2862 γος
231 2824 341 2861 πρῶτον
357 2824 481 2859 γεννᾶται
495 2819 549 2849 ἀπὸ
562 2823 612 2856 τῆς
628 2821 732 2858 ψυχῆς,
747 2819 792 2847 καὶ
806 2819 869 2847 τότε
883 2819 913 2848 ἐκ
926 2822 981 2848 τῶν
998 2819 1127 2859 χειλέων.
1143 2819 1192 2847 Καὶ
1206 2821 1291 2847 ταῦτα
1304 2819 1366 2859 περὶ
1389 2821 1442 2848 τῶν
1469 2818 1517 2847 δύο
1540 2820 1689 2858 γεννήσεων
1714 2820 1763 2845 τοῦ
1788 2816 1879 2856 Λόγου

170 2869 223 2897 τοῦ
238 2869 317 2897 Θεοῦ.
