4096 6212
337 392 455 453 783

333 613 445 670 tati
465 611 494 666 ?

407 700 562 757 284
592 699 766 754 RESP.
796 699 1118 753 Commune
1150 700 1257 763 est,
1307 694 1565 751 essentia
1598 710 1608 748 :
1645 708 1983 756 commune,

335 788 620 862 principio
652 803 846 843 carere
881 803 893 840 :
927 801 1258 851 commune,
1294 784 1570 853 potentia,
1605 783 1857 848 bonitas,
1890 798 1983 835 sa-

335 876 1048 951 pientiajustitiaﬂmnia
1077 874 1232 930 enim
1266 873 1567 944 aequaliter
1597 872 1772 927 habet
1795 871 1981 935 Pater,

340 972 398 1024 et
426 966 631 1034 Filius,
665 970 721 1021 et
749 966 1001 1036 Spiritus
1032 968 1690 1034 sanctus,praeterquam
1726 960 1983 1032 proprie-

335 1060 489 1112 tates
519 1072 678 1112 suas.
711 1054 1019 1125 Proprium
1050 1054 1207 1109 enim
1256 1052 1441 1106 Patris
1495 1051 1730 1122 quidem
1763 1048 1981 1120 ingeni-

334 1148 461 1202 tum
493 1159 621 1201 esse
653 1160 665 1199 :
704 1142 829 1197 Filii
859 1159 1015 1213 vero,
1047 1142 1312 1213 genitum
1345 1157 1475 1196 esse
1506 1156 1518 1196 :
1554 1139 1809 1211 Spiritus
1844 1154 1980 1193 san-

336 1234 413 1290 cti
444 1233 777 1305 procedere.

402 1324 627 1388 Qumsr.
660 1320 754 1377 VI.
790 1319 852 1376 In
884 1320 1022 1389 Deo,
1054 1323 1197 1390 quot
1224 1316 1517 1374 conﬁteris
1546 1314 1875 1373 essentias?

406 1501 580 1557 Resp.
632 1498 819 1554 Unam
870 1498 1187 1553 essentiam
1234 1497 1382 1565 dico,
1450 1512 1628 1550 unam
1688 1499 1979 1560 naturam,

333 1606 514 1648 unam
547 1590 817 1654 formam,
847 1603 1031 1642 unum
1064 1603 1270 1658 genus,
1294 1601 1468 1640 unam
1503 1584 1775 1656 gloriam,
1801 1599 1978 1639 unam

337 1679 679 1753 dignitatem
712 1680 768 1732 et
798 1675 1282 1731 dominationem.

388 1771 635 1847 ‘Qums'r.
674 1766 785 1821 VII.
818 1769 1175 1838 Hypostases
1205 1767 1575 1834 autem,quot
1605 1761 1900 1818 conﬁteris
1920 1761 1979 1816 in

338 1863 454 1915 D60
480 1861 503 1912 Ρ

410 1948 580 2004 Rasr.
615 1946 759 2000 Tres
792 1944 1132 2016 hypostases
1179 1942 1475 2009 conﬁteor,
1523 1947 1636 1996 tres
1680 1957 1980 2012 personas,

336 2037 447 2093 tria
468 2035 737 2107 propria,
768 2035 881 2087 tria
908 2032 1229 2097 individua,
1264 2036 1383 2086 tres
1416 2032 1803 2085 characteres.

407 2125 631 2189 Qums'r.
669 2122 813 2177 VIII.
848 2124 1034 2188 Quare
1064 2114 1277 2174 dieitur
1309 2124 1497 2185 Pater,
1530 2120 1745 2173 Pater?

410 2214 580 2269 Resp.
633 2213 797 2268 Pater
854 2210 1069 2264 dicitur
1116 2209 1290 2275 Deus,
1344 2210 1511 2278 quasi
1578 2206 1751 2260 πὰντα
1778 2212 1983 2282 τηρῶν,

339 2302 398 2358 id
430 2308 540 2368 est,
574 2302 772 2356 omnia
801 2314 1185 2364 conservans;
1228 2298 1398 2368 quasi
1432 2298 1697 2352 omnium
1747 2314 1981 2353 conser-

339 2396 525 2450 vator.

412 2479 637 2542 QUEs'r.
674 2476 761 2531 IX.
795 2476 863 2531 Et
893 2474 1093 2544 Filius,
1127 2490 1305 2546 quare
1338 2474 1552 2529 dicitur
1585 2474 1761 2529 Filius
1787 2475 1815 2528 ?
1844 2484 1848 2488 '

412 2566 585 2622 Rssr.
618 2564 740 2624 Υἱὸς
774 2580 877 2619 seu
913 2563 1091 2618 Filius
1119 2563 1357 2627 dicitur,
1390 2563 1557 2633 quasi
1612 2567 1745 2633 οἶος,
1784 2564 1835 2617 id
1873 2568 1981 2619 est.

340 2656 477 2713 talis
506 2660 564 2710 et
591 2653 832 2727 aequalis
870 2670 881 2708 :
915 2652 1108 2723 qualis
1138 2653 1293 2707 enim
1327 2652 1657 2719 Pater,talis
1692 2656 1750 2707 et
1780 2652 1979 2708 Filius.

340 2745 599 2801 Vertitur
628 2743 784 2798 enim
818 2761 845 2795 ο
876 2741 937 2795 in
968 2761 1019 2808 υ,
1053 2745 1110 2796 et
1140 2741 1205 2796 ﬁt
1236 2738 1371 2799 υἱός.
1404 2740 1665 2811 Αερυαιίε
1698 2742 1853 2796 enim
1886 2740 1982 2796 Fi-

345 2834 462 2890 lius
490 2838 580 2889 est
609 2832 764 2887 Patri
798 2832 896 2903 (7).

411 2925 636 2989 Qums'r.
699 2921 765 2976 Χ.
823 2920 889 2975 Et
946 2919 1221 2991 Spiritus,
1277 2936 1457 2990 quare
1529 2919 1744 2975 dicitur
1801 2920 1983 2991 Spiri-

337 3016 436 3069 tus
457 3012 485 3066 ‘2

411 3101 583 3155 RESP.
638 3100 883 3169 Πνεῦμα,
927 3115 1029 3153 seu
1076 3097 1323 3169 Spiritus
1389 3097 1629 3165 dicitur,
1674 3100 1829 3170 quod
1879 3097 1979 3152 πάν

333 3191 525 3259 νεῦμα,
551 3189 608 3243 Id
641 3193 747 3254 est,
781 3203 1008 3243 amnem
1045 3192 1249 3241 nutum
1283 3192 1450 3242 acute
1479 3187 1785 3260 intelligat,
1821 3189 1980 3244 scili-

334 3282 425 3333 cet
454 3276 648 3334 omnis
693 3280 870 3331 nutus
921 3275 1290 3346 cognoscitur
1341 3292 1456 3331 uno
1505 3276 1724 3331 intuitu
1773 3294 1875 3348 per
1912 3277 1980 3331 il-

333 3366 480 3423 lum.
533 3388 562 3417 ‹‹
613 3364 868 3437 Spiritus
920 3363 1076 3419 enim
1127 3368 1367 3420 sanctus
1414 3364 1613 3420 omnia
1665 3370 1982 3434 scrutatur,

336 3456 514 3512 etiam
543 3453 834 3526 profunda
862 3452 963 3509 Dei
1001 3453 1060 3509 ιο.
1092 3474 1120 3501 ››

414 3546 640 3609 ΟΠΙΕΕΤ.
675 3543 769 3599 ΧΙ.
800 3543 862 3598 In
894 3548 1031 3608 Deo,
1064 3546 1206 3613 quot
1236 3547 1373 3598 sunt
1397 3559 1584 3598 caussa
1611 3548 1633 3599 P

415 3635 588 3690 RESP.
625 3633 869 3689 Unicam
901 3632 1030 3687 dico
1076 3632 1135 3686 in
1158 3632 1277 3687 Deo
1319 3648 1579 3698 causam,
1632 3638 1689 3688 et
1734 3633 1856 3689 haec
1900 3639 1990 3691 est

343 3724 533 3781 Pater.
590 3724 719 3795 Ipse
770 3724 925 3778 enim
982 3722 1144 3777 Pater
1191 3721 1380 3793 gignit
1424 3721 1632 3777 Filium
1680 3728 1737 3778 et
1775 3724 1991 3779 emittit

343 3815 647 3887 Spiritum.
681 3812 869 3876 Quare
898 3811 1073 3877 disce,
1104 3812 1258 3882 quod
1290 3810 1459 3866 Pater
1488 3812 1650 3867 solus
1680 3811 1757 3868 sit
1788 3830 1986 3869 causa.

346 3905 525 3961 Filius
557 3921 671 3958 non
703 3909 793 3958 est
825 3919 1023 3970 causa,
1064 3903 1164 3956 sed
1200 3907 1498 3957 causatus.
1531 3902 1605 3957 Et.
1633 3902 1718 3957 sic
1752 3902 1986 3974 quidem

340 4011 520 4049 causa
562 3999 650 4047 est
702 3991 863 4047 solus
935 3991 1119 4045 Pater.
1180 3990 1429 4047 Causata
1476 4007 1611 4046 vero
1657 3997 1795 4047 sunt
1850 3993 1987 4060 duo,

337 4082 520 4137 Filius
552 4087 605 4135 et
638 4080 911 4151 Spiritus.
946 4079 1134 4135 Causa
1164 4085 1361 4134 autem
1394 4080 1610 4135 dicitur
1641 4082 1987 4151 Pater,quoui

334 4169 538 4241 gignat
568 4174 624 4223 et
655 4185 768 4223 non
801 4168 1073 4237 gignatur
1105 4185 1117 4223 :
1153 4169 1309 4239 quod
1343 4170 1591 4235 emittat,
1625 4176 1681 4223 et
1714 4188 1826 4225 non
1863 4187 1989 4241 pro-

333 4257 727 4327 cedat.Gignit
755 4258 912 4312 enim
947 4257 1245 4324 Filium,et
1272 4258 1513 4322 emittit,
1547 4259 1823 4329 spiritum
1853 4277 1985 4315 san-

334 4352 515 4404 ctum.
548 4347 618 4401 Et
646 4351 954 4417 propterea
985 4346 1203 4400 dicitur
1236 4346 1403 4400 Pater
1434 4363 1634 4401 causa.

403 4527 628 4590 Qums'r.
660 4525 777 4580 XII.
815 4523 876 4578 Et
907 4528 1050 4594 quot
1080 4527 1219 4578 sunt
1248 4522 1532 4579 causata?

400 4616 573 4672 RESP.
618 4614 765 4684 Duo,
819 4612 998 4668 Filius
1047 4618 1105 4667 et
1147 4612 1416 4682 Spiritus.
1470 4612 1595 4667 Non
1648 4612 1837 4684 gignit
1888 4614 1972 4669 Fi-
2008 4618 2051 4680 D

323 4704 461 4774 lius,
494 4705 595 4761 sed
630 4704 911 4775 gignitur,
946 4706 1003 4756 et
1047 4707 1355 4773 propterea
1402 4686 1619 4756 dicitur
1670 4708 1969 4758 causatus.

323 4794 531 4862 Quare,
580 4794 630 4848 si
680 4792 812 4863 quis
873 4799 928 4847 te
973 4794 1279 4863 rogaverit,
1344 4797 1488 4861 quot
1558 4791 1618 4844 in
1666 4790 1781 4845 Deo
1833 4808 1968 4846 cau-

322 4900 418 4938 sas
474 4880 823 4938 conﬁteris?
873 4880 965 4935 dic
1025 4898 1038 4935 :
1103 4896 1281 4934 unam
1362 4895 1603 4934 causam
1675 4879 1827 4934 dico.
1899 4880 1969 4935 Et

318 4970 512 5043 qualis
553 4972 673 5026 haec
719 4969 859 5025 est?
901 4970 1092 5025 Pater.
1147 4969 1216 5023 Et
1274 4985 1455 5039 quare
1514 4968 1729 5023 dicitur
1787 4985 1966 5025 causa

315 5061 531 5117 Pater?
556 5061 702 5126 Quia
729 5060 918 5132 gignit
953 5058 1159 5114 Filium
1192 5063 1248 5113 et
1293 5058 1508 5113 emittit
1564 5058 1869 5130 Spiritum.
1904 5058 1963 5114 Si

310 5168 442 5207 vero
472 5150 602 5222 quis
632 5154 689 5204 te
720 5150 1054 5220 interroget,
1083 5152 1225 5220 quot
1255 5152 1493 5203 causata
1525 5148 1670 5203 dicis
1704 5148 1759 5202 in
1797 5148 1912 5203 Deo
1933 5149 1961 5202 ‘?

305 5239 417 5307 dic,
448 5241 583 5295 duo.
617 5237 819 5303 Qualia
850 5243 1045 5294 autem
1078 5237 1192 5292 ista
1218 5236 1245 5291 ?
1278 5236 1460 5291 Filius
1484 5242 1539 5291 et
1581 5237 1853 5308 Spiritus.
1890 5237 1955 5291 Et

304 5347 485 5404 quare
515 5329 886 5403 appellantur
915 5333 1153 5384 causata
1181 5328 1209 5381 ‘P
1238 5326 1382 5390 Quia
1402 5327 1662 5398 gignitur
1693 5327 1951 5392 Filius,et

375 5553 421 5593 ¹⁰
451 5554 473 5609 Ι
502 5553 633 5609 Cor.
668 5569 727 5610 Il.
763 5554 850 5608 10.

366 5765 444 5846 ς7)
476 5765 605 5825 Haec
637 5765 694 5823 in
727 5769 977 5825 tractatu
1009 5770 1086 5825 De
1113 5765 1549 5839 deﬁnitionibus,
1571 5765 1679 5823 sub
1710 5761 1842 5822 initi

1525 384 1588 444 S.
1634 380 2156 445 ATHANASIUS.
2185 411 2261 429 --
2290 373 2549 444 DUBlA.

407 526 634 590 Qua-181'.
690 524 756 575 V.
799 518 947 586 Quid
1002 534 1315 574 commune
1368 521 1457 572 est
1510 520 1723 573 sancta
1775 514 2062 581 'l‘rini-A

3628 381 3746 445 784

2166 513 2356 587 Ἐρώτ,
2393 514 2448 567 ε’.
2483 512 2549 569 Τί
2579 512 2640 566 τὸ
2672 511 2851 566 κοινὸν
2883 519 2985 581 τῆς
3017 510 3172 588 ἁγίας
3199 508 3428 589 Τριάδος
3455 533 3468 583 ;

2167 685 2351 747 Ἀπόκ.
2386 690 2581 746 Κοινὸν
2612 692 2646 758 ἠ
2699 689 2873 745 οὐσία·
2916 691 3101 745 κοινὸν
3153 691 3214 745 τὸ
3266 690 3521 766 ἄναρχον·
3562 693 3745 747 κοινὸν

2091 780 2125 847 ὴ
2161 775 2409 851 δύναμις,
2442 781 2475 848 ἠ
2510 774 2801 854 ἀγαθὸτης,
2835 782 2869 849 ἠ
2906 780 3086 857 σοφία,
3118 782 3153 849 ἡ
3198 777 3536 850 δικαιοσύνη.
3571 782 3751 836 [Ιάντα

2090 867 2188 941 γὰρ
2236 867 2285 937 ἐξ
2334 866 2451 922 ἴσου
2507 863 2623 943 ἔχει
2655 869 2681 922 6
2718 868 3040 943 ΙΙατήρ,καὶ
3090 868 3118 923 6
3169 869 3315 941 Υἱὸς,
3344 868 3434 923 καὶ
3484 870 3546 923 τὸ
3596 872 3747 944 ἅγιον

2093 957 2334 1029 Πνεῦμα,
2366 955 2513 1025 πλὴν
2546 962 2652 1011 τῶν
2698 954 2846 1011 ἰδίων
2900 957 3094 1018 αὐτῶν,
3130 956 3296 1015 ’Ίδιον
3345 958 3445 1034 γὰρ
3492 963 3591 1013 τοῦ
3653 959 3750 1031 μὲν

2092 1046 2301 1121 Πατρὸς
2331 1047 2393 1101 τὸ
2419 1046 2729 1121 ἀγέννητον,
2759 1050 2856 1101 τοῦ
2889 1044 2945 1101 δὲ
2976 1048 3103 1102 Υἱοῦ
3131 1048 3193 1103 τὸ
3232 1048 3509 1123 γεννητὸν,
3539 1052 3638 1103 τοῦ
3689 1046 3748 1103 Si

2093 1134 2247 1210 ἁγίου
2281 1135 2594 1209 Πνεῦματος
2624 1135 2687 1191 τὰ
2718 1131 3061 1210 ἐκπορευτὸν.

2160 1313 2353 1388 Ἐρώτ.
2412 1321 2475 1376 ς’.
2537 1313 2656 1369 Ἐπὶ
2708 1319 2805 1370 τοῦ
2864 1319 2996 1370 Θεοῦ
3051 1314 3220 1378 πόσας
3292 1315 3471 1379 οὐσίας
3530 1315 3745 1390 ὁμολο-

2089 1406 2203 1475 γεῖς
2233 1421 2247 1470 ;

2162 1490 2350 1549 Ἀπόκ,
2384 1492 2523 1548 Μίαν
2577 1490 2757 1547 οὐσίαν
2806 1492 2974 1568 λέγω,
3012 1491 3135 1566 μίαν
3188 1493 3367 1571 φύσιν,
3417 1493 3538 1566 μίαν
3605 1515 3744 1571 μορ-

2092 1580 2215 1652 φὴν,
2245 1580 2299 1635 ἓν
2322 1578 2501 1655 γένος,
2538 1581 2661 1653 μίαν
2697 1578 2873 1651 δόξαν,
2912 1581 3037 1654 μίαν
3090 1582 3235 1652 ἀξίαν
3281 1581 3370 1637 καὶ
3420 1582 3743 1657 κυριότητα.

2163 1758 2355 1829 Ἐρώτ.
2390 1760 2450 1828 ζ’.
2475 1760 2819 1820 Ὑποστάσεις
2855 1756 2911 1814 δὲ
2943 1754 3108 1821 πόσας
3155 1758 3452 1837 ὁμολογεῖς
3508 1760 3595 1815 ἐπὶ
3645 1765 3745 1816 τοῦ

2012 1878 2060 1942 Β
2092 1851 2224 1902 Θεοῦ
2248 1867 2260 1916 ;

2164 1936 2355 1994 Ἀπόκ.
2391 1940 2550 2012 Τρεῖς
2604 1936 2919 1999 ὑποστάσεις
2963 1936 3244 2015 ὁμολογῶ,
3276 1940 3401 2014 τρία
3450 1939 3745 2015 πρόσωπα,

2091 2024 2216 2100 τρία
2248 2024 2379 2093 ἴδια,
2408 2027 2532 2103 τρία
2563 2024 2761 2100 ἄτομα,
2796 2026 2884 2082 καὶ
2915 2032 3062 2103 τρεῖς
3094 2035 3468 2103 χαρακτῆρας.

2165 2116 2358 2188 ,Ερώι
2395 2123 2463 2185 η’.
2498 2116 2593 2170 Διὰ
2621 2116 2672 2170 τί
2704 2114 2913 2192 λέγεται
2946 2117 2973 2170 6
3006 2118 3194 2191 Πατὴρ
3237 2119 3462 2191 Πατήρς

2165 2206 2357 2261 Ἀπόκ.
2397 2207 2579 2280 Πατὴρ
2612 2203 2823 2281 λέγεται
2855 2206 2882 2258 6
2915 2206 3066 2279 Θεὸς,
3099 2206 3174 2269 ὡς
3204 2207 3271 2261 τὰ
3318 2208 3485 2263 πάντα
3529 2214 3743 2285 τηρῶν·

2093 2295 2285 2348 ὠσανεί
2316 2295 2531 2349 πάντων
2563 2298 2834 2370 τηρητής.

2166 2474 2358 2548 Ἐρώτ.
2394 2476 2455 2537 θ’.
2492 2473 2593 2530 Καὶ
2625 2475 2652 2527 6
2685 2473 2805 2536 Υἱὸς
2840 2472 2929 2528 διὰ
2957 2475 3009 2530 τί
3039 2474 3248 2551 λέγεται
3281 2475 3425 2538 Υἱός.

2165 2564 2177 2581 ,
2286 2564 2297 2583 ρ
2424 2563 2483 2583 ,μ
2618 2564 2627 2582 ι
2958 2566 2971 2581 ς
3170 2567 3192 2584 γ
3342 2564 3368 2585 ν
3661 2573 3685 2583 ..

2182 2570 2355 2620 Αποκ.
2402 2569 2522 2625 ὶιος
2573 2562 2782 2639 λεγεται
2834 2584 2981 2639 παρα
3026 2565 3089 2619 τὸ
3138 2586 3279 2634 οιον,
3331 2586 3496 2635 ητουν
3548 2567 3745 2629 ὁποιος

2091 2652 2180 2705 καὶ
2212 2651 2425 2724 ὅμοιος·
2461 2653 2574 2713 οἷος
2630 2653 2731 2728 γὰρ
2792 2654 2819 2706 6
2873 2654 3081 2729 Πατὴρ,
3113 2658 3363 2717 τοιοῦτος
3410 2655 3500 2710 καὶ
3534 2655 3562 2709 6
3596 2655 3744 2727 Υἱὸς,

2093 2740 2182 2795 καὶ
2206 2744 2383 2814 τροπῇ
2408 2741 2503 2795 τοῦ
2533 2762 2565 2795 ο
2596 2741 2671 2803 εἰς
2705 2763 2757 2811 υ,
2791 2741 2927 2804 υἱός.
2961 2745 3189 2814 Ὅμοιος
3238 2744 3341 2819 γὰρ
3402 2744 3429 2798 ὁ
3485 2745 3610 2807 Υἱὸς
3666 2750 3746 2817 τῷ

2095 2830 2286 2905 Πατρί.

2166 2920 2359 2994 Ἐρώτ.
2396 2921 2443 2977 ι’.
2477 2919 2575 2974 Καὶ
2604 2920 2667 2975 τὸ
2698 2924 2918 2993 Πνεῦμα
2949 2917 3037 2976 διὰ
3064 2921 3115 2975 τί
3148 2920 3357 2997 λέγεται
3392 2922 3650 2998 Πνεῦμα;

2165 3097 2354 3154 Ἀπόκ.
2391 3101 2609 3170 Πνεῦμα
2640 3097 2853 3172 λέγεται
2900 3098 3045 3173 παρὰ
3087 3099 3147 3153 τὸ
3200 3106 3301 3154 πᾶν
3352 3105 3525 3175 νεῦμα
3574 3102 3741 3173 ὀξέως

2092 3186 2344 3259 ἐπινοεῖν,
2400 3184 2572 3262 ἤγουν
2639 3194 2784 3242 πᾶσα
2838 3192 3013 3250 νεῦσις
3089 3188 3373 3262 συντόμως
3444 3191 3739 3248 ἐπινοεῖται

2095 3275 2163 3331 δι’
2193 3275 2377 3330 αὐτοῦ’
2420 3300 2439 3326 ι
2477 3276 2550 3333 Τὸ
2607 3277 2707 3352 γὰρ
2769 3277 2920 3351 ἅγιον
2983 3281 3201 3350 Πνεῦμα
3247 3279 3314 3334 τὰ
3346 3279 3518 3334 πάντα
3550 3280 3741 3354 ἐρευνᾷ

2094 3367 2182 3420 καὶ
2212 3365 2276 3419 τὰ
2310 3366 2447 3440 βάθη
2480 3369 2575 3420 τοῦ
2608 3369 2761 3420 Θεοῦ.
2796 3389 2823 3418 ››

2170 3543 2362 3619 Ἐρώτ.
2400 3544 2483 3599 ια’.
2521 3542 2640 3597 Ἐπὶ
2672 3547 2768 3597 τοῦ
2799 3547 2933 3598 Θεοῦ
2965 3544 3105 3599 πόσα
3136 3542 3280 3600 αἶ’τια
3306 3565 3318 3615 ;

2168 3632 2361 3689 ’Λπόκη
2394 3634 2486 3689 Ἓν
2534 3630 2705 3688 αἶίτιον
2759 3632 2846 3687 ἐπὶ
2898 3637 3031 3689 Θεοῦ
3078 3633 3241 3710 λέγω,
3272 3636 3361 3690 καὶ
3390 3633 3553 3692 τοῦτὸ
3606 3637 3748 3695 ἐστιν

2100 3724 2127 3777 6
2178 3724 2387 3795 Πατήρ.
2422 3721 2597 3784 Αὐτὸς
2650 3723 2752 3797 γὰρ
2804 3723 2831 3775 6
2881 3724 3068 3799 Πατὴρ
3119 3729 3280 3798 γεννᾷ
3330 3727 3420 3780 τὸν
3479 3728 3630 3794 Υίὸν,
3662 3729 3753 3784 καὶ

2102 3809 2377 3885 ἐκπορεῦει
2437 3810 2525 3864 καὶ
2592 3811 2654 3865 τὸ
2721 3813 2962 3883 Πνεῦμα.
3016 3812 3221 3866 Λοιπὸν
3282 3813 3534 3889 γίνωσκε,
3588 3816 3671 3871 ὅτι
3724 3818 3754 3872 6

2101 3900 2286 3974 Πατὴρ
2326 3899 2488 3972 μόνος
2520 3898 2658 3954 ἐστὶν
2692 3897 2885 3961 αἴτιος
2916 3902 2943 3955 6
2977 3898 3033 3955 δὲ
3063 3901 3187 3962 Υἱὸς
3228 3901 3326 3956 οὐκ
3370 3900 3508 3958 ἔστιν
3556 3903 3749 3974 αἴτιος,

2098 3987 2223 4042 ἀλλ’
2257 3988 2516 4050 αἰτιατός.
2550 3992 2709 4043 Ὥστε
2771 3990 2867 4061 μὲν
2926 3988 3095 4051 αἴτιός
3135 3989 3244 4045 ἐστι
3282 3991 3444 4064 μόνος
3477 3994 3504 4048 6
3540 3997 3749 4069 Πατήρ.

2097 4079 2162 4132 τὰ
2194 4076 2250 4132 δὲ
2282 4078 2493 4132 αἰτιατᾶ
2532 4074 2649 4147 δύο,
2685 4078 2711 4131 6
2742 4078 2865 4140 Υἱὸς
2913 4078 3002 4133 καὶ
3051 4079 3111 4133 τὸ
3160 4084 3395 4153 Πνεῦμα.
3451 4080 3637 4144 Αἴτιος
3692 4081 3752 4139 δὲ

2100 4165 2317 4241 λέγεται
2378 4168 2405 4220 6
2466 4168 2674 4242 Πατὴρ,
2738 4163 2875 4221 διότι
2962 4173 3139 4243 γεννᾷ,
3198 4168 3288 4223 καὶ
3366 4170 3426 4225 οὐ
3481 4178 3749 4248 γεννᾶται,

2100 4256 2377 4331 ἐκπορεῦει
2408 4255 2497 4310 καὶ
2530 4255 2629 4311 οὐκ
2675 4254 3040 4329 ἐκπορεύεται.
3073 4262 3238 4329 Γεννᾷ
3298 4259 3390 4331 μὲν
3444 4261 3535 4314 τὸν
3587 4263 3747 4316 Υἱόνο

2097 4344 2374 4420 ἐκπορεόει
2408 4342 2463 4399 δὲ
2495 4344 2583 4399 καὶ
2612 4345 2675 4399 τὸ
2708 4349 2929 4415 Πνεῦμα
2969 4346 3031 4401 τὸ
3083 4348 3259 4422 ἅγιον.
3294 4348 3390 4401 Καὶ
3442 4346 3531 4403 διὰ
3584 4355 3750 4405 τοῦτο

2100 4435 2306 4509 λέγεται
2341 4435 2368 4487 6
2402 4434 2587 4506 Πατὴρ
2620 4431 2815 4495 αἷίτιος.

2169 4524 2360 4598 Ἐρώτ.
2398 4523 2488 4598 ιβ’.
2524 4522 2625 4578 Καὶ
2658 4522 2799 4577 πόσα
2830 4522 3079 4593 uitiata;

2156 4612 2343 4669 Ἀπόκ.
2399 4611 2625 4667 Αἷτιατά
2680 4609 2797 4682 δύο,
2849 4613 2877 4667 6
2927 4614 3052 4674 Υἱὸς
3110 4614 3199 4667 καί
3259 4614 3321 4669 τὸ
3378 4619 3617 4688 Πνεῦμα.
3672 4617 3747 4673 Οὐ

2083 4707 2240 4776 γεννᾷ
2269 4703 2295 4755 6
2329 4701 2475 4769 Υἱὸς,
2522 4699 2665 4756 ἀλλὰ
2718 4708 2986 4775 γεννᾶται,
3018 4702 3107 4756 καὶ
3168 4700 3258 4757 διὰ
3313 4707 3475 4759 τοῦτο
3529 4703 3747 4780 λέγεται

2079 4790 2341 4852 αἰτιατός.
2378 4790 2579 4844 Λοιπὸν
2613 4788 2702 4844 ἐάν
2733 4812 2816 4853 τις
2850 4790 3124 4866 ἐρωτήσῃ,
3159 4791 3242 4846 ὅτι
3283 4790 3370 4847 ἐπὶ
3420 4798 3554 4848 Θεοῦ
3600 4795 3748 4851 πόσα

2076 4877 2221 4934 αἶ’τια
2252 4880 2586 4954 ὁμολογεῖς;
2621 4878 2757 4948 εἰπὲ,
2789 4878 2843 4934 ’ἐν
2871 4880 3043 4933 αἶ’τιον
3080 4879 3249 4955 λέγω.
3285 4882 3384 4937 Καὶ
3417 4880 3578 4936 ποῖόν
3629 4882 3741 4937 ἐστι

2071 4974 2231 5024 τοῦτο
2259 4989 2271 5037 ;
2304 4971 2362 5026 Ὀ
2422 4971 2628 5043 Πατήρ.
2668 4969 2763 5022 Καὶ
2823 4965 2911 5023 διὰ
2962 4968 3015 5023 τί
3076 4967 3286 5046 λέγεται
3347 4968 3523 5032 αἶ’τιος
3557 4972 3585 5025 6
3622 4978 3739 5027 Πα-

2069 5060 2210 5133 τήρ;
2265 5059 2410 5113 Διότι
2467 5063 2627 5133 γεννᾷ
2673 5058 2765 5112 τὸν
2826 5059 2950 5113 Υἱὸν
3024 5058 3112 5113 καὶ
3183 5058 3461 5135 ἐκπορεόει
3520 5061 3612 5115 γαὶ
3672 5063 3735 5117 τὸ

2072 5152 2307 5220 Πνεῦμα.
2345 5148 2467 5205 Ἐἆν
2530 5144 2588 5202 δὲ
2647 5143 2897 5223 ἐρωτήσῃ
2955 5169 3033 5220 σε,
3064 5146 3147 5203 ὅτι
3201 5149 3343 5203 πόσα
3390 5149 3733 5206 uirtutiu-

2065 5258 2179 5311 γεις
2214 5237 2299 5291 ἐπὶ
2330 5242 2427 5292 τοῦ
2459 5241 2629 5306 Θεοῦ;
2668 5236 2783 5291 εἷπε
2836 5234 2951 5293 δύο.
2989 5239 3130 5293 Ποῖα
3180 5234 3236 5292 δὲ
3275 5242 3479 5305 ταῦτα;
3509 5241 3572 5296 Ὁ
3606 5241 3733 5302 Υἱὸς

2061 5324 2149 5379 καὶ
2208 5326 2268 5380 τὸ
2319 5329 2555 5400 Πνεῦμα.
2592 5326 2688 5379 Καὶ
2736 5323 2823 5380 διὰ
2871 5325 2922 5380 τί
2975 5324 3222 5403 λέγονται
3278 5327 3525 5398 αἰτιατάς
3580 5330 3733 5385 Διότι
