2048 3106
201 167 263 199 785

199 280 324 316 Πνεῦμα,
340 279 384 307 καὶ
401 279 451 307 οὐκ
466 279 618 317 ἐλπορεύει.

240 324 337 362 Ἐρώτ.
370 325 413 362 ιγ’.
442 324 503 352 Ἐπὶ
536 318 597 360 ’τῆς⁸
624 324 701 361 ἁγίας
739 323 856 362 Τριάδος
884 323 924 354 τίς
953 325 1029 361 πρῶ-

200 379 251 400 τος
263 378 271 403 ;

239 412 333 442 Ἀπόκ.
365 412 426 441 Ἐπὶ
454 416 504 448 τῆς
535 413 612 451 ἁγίας
641 412 755 451 Τριάδας
793 412 881 444 οὐδεὶς
907 414 1027 450 πρῶτος,

198 457 246 485 καὶ
264 456 353 488 οὒὸεἲς
367 457 490 496 ὕστερος,
503 457 566 485 ἀλλ’
581 458 637 494 ἅμα
657 458 762 496 Πατὴρ,
787 458 844 493 ἅμα
872 456 943 491 Υἱὸς,
972 458 1028 493 ἅμα

199 504 312 538 Πνεῦμα
340 502 430 540 ἅγιον·
455 502 500 530 καὶ
525 501 569 529 διὰ
595 505 675 530 τοῦτο
691 502 736 529 καὶ
752 501 917 540 συνάναρχοι
933 500 1028 539 λέγον-

195 557 255 582 ται,
271 547 316 574 καὶ
344 547 472 585 ἄναρχοι.
497 547 634 585 Ἀναρχον
661 546 689 574 δὲ
713 547 819 584 λέγεται
843 547 875 574 τὸ
897 546 949 585 πρὸ
977 548 1026 579 τῆς

194 591 290 629 ἀρχῆς
305 590 346 619 ὅν.
363 592 496 630 ’Δναργος
514 590 611 619 λοιπὸν
631 591 644 618 6
662 592 755 629 Πατὴρ
772 591 891 629 ἄναρχος
914 591 927 618 ὁ
952 591 1026 626 Υἱὸς,

193 635 319 674 ἄναρχον
341 636 373 663 τὸ
398 638 508 672 Πνεῦμα
523 636 554 663 τὸ
569 636 658 674 ἅγιον.
677 636 726 664 Καὶ
742 636 796 674 οὐχ
812 636 826 663 6
843 636 891 672 μὲν
907 637 1025 674 πρῶτις,

197 679 216 707 ὀ
232 679 255 707 δ’
280 680 401 719 ὕστερος,
430 679 494 708 ἀλλ’
523 680 579 716 ἅμα
607 681 633 708 οἱ
656 683 739 717 τρεῖς⁹
764 681 867 718 Πατὴρ,
893 680 955 711 Υἱὸς
980 679 1025 707 καὶ

194 727 309 761 Πνεῦμα
325 726 413 763 ἅγιον.
430 725 478 753 Διά
492 727 573 753 τοῦτο
588 725 633 752 καὶ
652 724 818 763 συνάναρχοι
833 724 878 752 καὶ
903 724 953 752 εἶσὶ
980 724 1024 752 καὶ

193 769 393 807 ὀνομάζονται.

233 859 330 897 Ἐρώτ.
349 858 390 888 ιδ’.
410 860 561 899 Σαφήνισον
576 860 645 896 ἡμῖν
659 858 705 887 καὶ
723 861 814 894 τοῦτο,
839 861 897 890 πῶς
922 858 936 886 6
960 859 1022 889 Υἱὸς

190 903 344 960 ἲαὶῚΛργος
358 906 407 960 ¹ξοῦ
435 906 502 932 Θεοῦ
526 906 649 941 γεννᾶται
674 903 705 931 ἐκ
728 903 843 941 Πατρός·
865 905 946 931 τοῦτο
970 903 1022 941 γὰρ
1040 928 1064 960 Β

189 947 343 983 ἐκπλήττει
356 949 440 984 ἡμᾶς.

230 1001 326 1030 Ἀπόκ.
341 1002 418 1029 Ἔπιὶ
439 1001 453 1029 6
477 1002 542 1034 Θεὸς
570 1002 726 1039 ἀθεώρητός
752 1001 806 1029 ἐστι
832 1001 877 1029 καὶ
901 1001 1020 1039 ἀνερμή-

187 1056 299 1080 νειντος,
328 1045 392 1074 οὐδὲ
415 1046 496 1075 τοῦτο
523 1047 685 1086 ἑρμηνεῦσαι
717 1045 861 1083 δυνάμεθα,
894 1048 954 1077 Πῶς
969 1046 1019 1084 γάρ

190 1100 236 1121 τις
266 1090 431 1129 ἑρμηνεῦσαι
459 1090 576 1128 δύναται,
602 1091 617 1119 ὅ
641 1090 749 1119 οὐδέπω
780 1091 859 1121 αὐτὸς
883 1090 1020 1124 ἐθεάσατο,

191 1135 214 1170 ἦ
230 1136 295 1173 παρ’
310 1135 403 1164 ἄλλων
418 1136 519 1172 ἀκήκοε
532 1137 662 1171 mimo“;
679 1135 757 1171 Πλὴν
774 1135 804 1163 ἐκ
817 1137 871 1163 τῶν
896 1145 962 1169 ποιη
968 1134 1022 1171 μά-

191 1190 251 1208 των
265 1180 360 1215 αὐτοῦ,
378 1180 462 1220 φημὶ,
477 1183 525 1208 τοῦ
541 1181 629 1219 Λόγου
644 1180 689 1208 καὶ
704 1182 770 1210 Θεοῦ
787 1182 909 1211 τυπικῶς
937 1177 1020 1207 εἷ’πω-

196 1235 259 1262 μεν,
276 1225 337 1253 ὅσον
354 1226 385 1253 τὸ
399 1226 466 1253 κατὰ
481 1224 603 1263 δύναμιν.
622 1226 742 1261 Νοητὲον
768 1225 825 1261 μὶν,
851 1224 903 1258 ὅτι,
930 1222 1020 1261 ὣσπερ

199 1269 216 1296 ὀ
254 1268 335 1307 λόγος
361 1272 411 1297 τοῦ
447 1270 592 1308 ἀνθρώπου
619 1273 742 1308 γεννᾶται
766 1269 819 1297 ἀπὸ
847 1272 897 1304 τῆς
926 1270 1019 1307 ψυχῆς

195 1314 326 1351 ἇσπόρως
339 1314 384 1342 καὶ
397 1314 599 1350 ἀκατανοήτως,
625 1314 712 1346 οὕτως
736 1317 861 1351 γεννᾶται
875 1313 919 1341 καὶ
937 1313 950 1340 6
967 1313 1021 1340 Λό-

192 1369 244 1396 γος
274 1358 326 1386 ἀπὸ
353 1361 402 1387 τοῦ
423 1360 540 1397 Πατρός.
566 1359 618 1387 Καὶ
641 1359 679 1390 ὡς
703 1361 826 1397 γεννᾶται
850 1360 904 1396 πῦρ
920 1358 949 1386 ἐκ
971 1360 1020 1385 τοῦ

192 1403 295 1441 πυρὸς,
310 1403 355 1431 καὶ
370 1406 427 1443 φῶς
443 1403 473 1432 ἐκ
486 1406 535 1432 τοῦ
551 1404 652 1443 φωτὸς,
671 1403 757 1434 οὕτως
772 1406 897 1441 γεννᾶται
921 1403 935 1430 6
958 1403 1020 1434 Υἱὸς

190 1448 240 1475 καὶ
258 1445 346 1486 Λόγος
360 1451 408 1476 τοῦ
423 1451 490 1476 Θεοῦ
506 1449 558 1476 ἀπὸ
571 1450 622 1476 τοῦ
635 1448 751 1486 Πατρός.

231 1492 330 1530 Ἐρώτ.
353 1494 391 1521 ιε’.
407 1494 457 1521 Καὶ
471 1494 504 1521 τὸ
530 1493 608 1531 ἅγιον
633 1495 741 1529 Πνεῦμα
764 1495 821 1524 πῶς
846 1491 1018 1530 ἐκπορεύεται

189 1537 249 1575 ῃπό
264 1539 314 1564 τοῦ
330 1538 436 1576 Πατρός
450 1547 457 1573 ;

229 1581 328 1610 ’Δπόκ.
346 1583 446 1620 Πρέπει
461 1593 490 1610 σε
504 1581 549 1610 καὶ
564 1582 625 1621 περὶ
653 1582 751 1610 τούτου
778 1582 814 1619 μὴ
840 1581 952 1619 ἐρωτᾷν.
970 1581 1018 1608 Καὶ

189 1626 278 1653 τοῦτο
306 1627 357 1664 γὰρ
385 1626 596 1665 ἀνερμήνευτον.
634 1626 712 1661 Πλὴν
744 1627 859 1663 μάνθανε
884 1625 930 1653 καὶ
957 1625 1019 1663 περὶ

191 1671 304 1698 τούτου.
318 1672 419 1709 ’Ὠσπερ
436 1671 481 1699 οὖν
496 1673 514 1706 ἡ
530 1671 650 1706 ἀναπνοή
674 1673 722 1699 τοῦ
747 1671 892 1706 ἀνθρώπου
919 1669 949 1698 ἐκ
970 1673 1021 1704 τῆς

194 1714 288 1752 ψυχῆς
304 1714 490 1754 ἐκπορεύεται,
520 1715 606 1747 οὕτως
637 1715 681 1743 καὶ
709 1716 741 1743 τὸ
771 1717 882 1751 Πνεῦμα
895 1714 927 1742 τὸ
942 1714 1019 1752 ἅγιον

194 1759 272 1797 παρᾶ
299 1762 349 1787 τοῦ
376 1760 483 1797 ΙΙατρὸς
512 1759 695 1798 ἐκπορεύεται.
716 1759 766 1788 Καὶ
792 1759 829 1790 ὡς
845 1760 863 1793 ἡ
890 1756 945 1786 Εὕα
960 1757 1022 1786 οὔτε

194 1806 316 1843 γεννητῆ
332 1804 393 1834 οὔτε
407 1806 564 1844 ἀγὲννητος,
581 1805 653 1834 ἄλλά
679 1806 779 1843 μέσως,
806 1804 893 1836 οὕτως
917 1804 961 1832 καὶ
989 1804 1021 1831 τὸ

195 1851 277 1888 ἅγιον
306 1851 416 1887 Πνεῦμα
444 1852 517 1888 παρὰ
544 1853 593 1878 τοῦ
621 1851 727 1886 Πατρὸς
756 1850 940 1888 ἐκπορεςιεται.
972 1848 1021 1876 Καὶ

194 1895 249 1932 γὰρ
267 1894 282 1922 ὀ
310 1893 399 1932 Ἀδὰμ
420 1895 577 1933 ἀγὲννητος,
603 1895 617 1923 6
646 1894 677 1922 δὲ
698 1894 755 1929 Σὴθ
777 1895 918 1933 γεννητὸς,
943 1893 987 1920 καὶ
1003 1894 1021 1928 ἡ

196 1937 254 1968 Εὕα
283 1939 443 1977 ἐκπορευτή.
473 1941 504 1969 Ἡ
539 1940 591 1979 γὰρ
630 1938 686 1968 Εὕα
726 1938 787 1967 οὔτε
815 1939 954 1977 ἐγεννήθη,
984 1938 1021 1969 ὡς

194 1983 328 2021 ἐγεννήθη
344 1984 358 2011 6
374 1985 443 2021 Σὴθ,
459 1983 521 2013 οὔτε
535 1984 680 2023 ἀγὲννητος
703 1986 747 2019 ἦν,
774 1982 864 2021 ὣσπερ
881 1983 895 2011 ό
923 1982 1021 2019 Ἀδάμ.

195 2027 262 2056 ἀλλ’
285 2028 418 2067 ἐπορεύθη
444 2029 474 2057 ἐκ
497 2032 547 2064 τῆς
573 2029 693 2067 πλευρᾶς
717 2031 765 2056 τοῦ
781 2027 877 2065 Ἀδάμ.
895 2027 945 2056 Καὶ
960 2027 994 2061 ἦν
1008 2026 1021 2053 ὂ

197 2073 288 2111 ’Δδὰμ
316 2074 461 2112 ἀγὲννητος
486 2075 523 2107 εἷς
552 2075 635 2103 τύπον
664 2077 714 2103 τοῦ
739 2075 886 2112 ἀγεννήτου
903 2072 1021 2110 Πατρός·

196 2118 210 2145 6
226 2116 257 2146 δῖ
271 2118 329 2153 Σήθ
344 2119 473 2156 γεννητὸς
489 2119 527 2151 εἷς
541 2118 625 2147 τύπον
649 2121 697 2146 τοῦ
720 2120 849 2156 γεννητοῦ
873 2117 947 2145 Υἱοῗν
978 2116 1022 2144 καὶ

195 2164 214 2197 ἡ
249 2161 305 2191 Εὕα
333 2162 483 2201 ἐκπορευτή
512 2163 542 2191 ἰκ
567 2165 617 2198 τῆς
645 2163 765 2200 πλευρᾶς
790 2164 841 2190 τοῦ
870 2160 959 2198 Ἀδὰμ
986 2161 1023 2192 εἷς

196 2206 283 2234 τύπον
310 2209 362 2234 τοῦ
384 2208 515 2246 παναγίου
545 2207 715 2245 ΙΙνεύματος,
739 2207 785 2238 Εἰς
809 2207 860 2245 γὰρ
874 2206 939 2237 τοὺς
954 2216 1024 2244 προ-

197 2252 322 2289 πάτορας
351 2252 433 2288 ἡμῶν
462 2251 587 2287 ἐτυπώθη
618 2253 635 2286 ἡ
665 2251 727 2289 ἆγία
741 2251 831 2290 Τριάς.
849 2249 926 2279 Ἀλλ’
943 2249 957 2277 6
974 2250 1022 2286 μὲν

872 168 1130 204 QUES'I‘IONES
1152 168 1266 199 ΑΜΕ.

199 237 326 273 γεννᾶται
342 235 357 262 ὁ
372 235 443 271 Υἱὸς,
458 234 504 263 καί
520 234 550 263 οὖ
566 237 656 273 γεννᾷ·
681 233 854 273 ἐκπορεύεται
878 233 907 262 δὲ
927 234 972 262 καὶ
998 234 1030 262 τὸ
1046 238 1072 271 Α
1087 243 1143 263 non
1173 235 1267 271 gignit
1293 257 1299 269 ,

1851 166 1911 197 786

1330 235 1461 271 procedit
1491 236 1588 262 autem
1626 233 1765 270 Spiritus,
1795 236 1823 262 at
1851 243 1907 262 non

1085 280 1202 308 emittit.

1121 325 1236 358 Quanam.
1253 325 1326 352 XIII.
1343 325 1375 352 In
1406 326 1509 352 sancta
1539 325 1635 351 autem
1666 323 1818 356 'l'rinitate,
1843 322 1909 358 quis

1084 369 1219 405 primus?

1119 414 1207 441 ἢπερ.
1225 414 1255 441 In
1272 416 1373 441 sancta
1383 412 1526 440 Trinitate
1538 420 1622 440 nemo
1638 412 1763 447 primus.
1780 414 1808 439 et
1822 419 1907 440 nemo

1083 460 1251 494 postremus
1268 466 1274 486 :
1293 459 1343 486 sed
1361 457 1449 486 simul
1465 458 1559 490 Pater,
1578 457 1666 484 simul
1688 457 1789 488 Filius,
1817 455 1907 484 simul

1083 502 1211 538 Spiritus
1233 505 1352 530 sanctus
1368 511 1375 530 :
1393 505 1421 529 et
1444 502 1509 529 ideo
1534 502 1621 528 etiam
1651 501 1739 528 simul
1764 500 1907 536 principio

1082 549 1214 574 carentes
1237 547 1385 580 dicuntur,
1402 549 1430 574 et
1444 546 1520 573 initii
1537 548 1678 581 expertes.
1697 545 1834 580 Principii
1856 552 1906 572 ex-

1082 599 1148 627 pers
1178 593 1276 619 autem
1306 591 1423 625 dicitur,
1440 591 1517 626 quod
1547 593 1613 617 ante
1642 589 1818 625 principium
1844 591 1901 617 est.

1080 635 1228 671 Principio
1243 644 1311 671 ergo
1327 637 1404 663 caret
1432 635 1526 666 Pater,
1546 635 1688 669 principio
1706 636 1784 661 caret
1801 633 1903 667 Filius,

1080 680 1224 716 principio
1241 682 1319 707 caret
1333 680 1460 716 Spiritus
1476 681 1606 707 sanctus.
1618 681 1711 714 Atque
1728 678 1768 705 ita
1784 686 1836 705 nec
1846 678 1905 714 pri-

1080 732 1157 758 mus,
1174 732 1227 753 nec
1243 724 1377 758 ultimus,
1394 724 1444 751 sed
1461 723 1549 751 simul
1566 726 1636 758 tres,
1653 723 1746 756 Pater,
1764 722 1853 749 Filius
1877 724 1906 749 et

1078 768 1203 805 Spiritus
1218 771 1346 797 sanctus.
1361 769 1554 801 Quamobrem
1566 768 1653 796 etiam
1670 766 1757 795 simul
1769 766 1904 802 principii

1078 816 1211 850 expertes
1226 817 1255 841 et
1270 816 1340 842 sunt
1352 816 1380 841 et
1392 813 1541 841 dicuntur.

1113 859 1227 891 vas'r.
1253 858 1326 887 XIV.
1354 858 1475 886 Declara
1502 858 1586 885 nobis
1616 860 1644 885 et
1664 857 1729 889 hoc,
1759 856 1904 892 quomodo

1080 903 1169 931 Filius
1184 905 1213 931 et
1223 903 1351 931 Verbum
1368 902 1414 930 Dei
1431 903 1570 939 gignatur
1587 911 1603 929 a
1619 902 1746 929 Patrezid
1758 902 1836 929 enim
1849 909 1903 928 nos

1079 947 1284 983 obstupefacit.

1113 1001 1197 1029 Resp.
1219 1001 1292 1034 Quia
1309 1003 1384 1028 Deus
1398 1000 1549 1028 intellectu
1566 1008 1623 1027 non
1640 999 1762 1035 capitur,
1780 1007 1833 1027 nec
1853 1007 1904 1027 ιιι-ι

1076 1045 1211 1082 plicatnr,
1228 1054 1324 1082 neque
1346 1045 1400 1073 hoc
1428 1053 1587 1081 possumus
1616 1044 1812 1080 interpretari.
1828 1045 1904 1076 Quo-

1076 1090 1162 1118 modo
1175 1090 1252 1118 enim
1264 1090 1331 1126 quis
1342 1091 1475 1126 exponat,
1484 1090 1560 1125 quod
1573 1097 1736 1124 numquam
1748 1088 1809 1124 ipse
1821 1088 1902 1120 vidit,

1076 1137 1127 1162 aut
1137 1134 1172 1162 ab
1201 1134 1256 1162 alio
1281 1135 1380 1170 aliquo
1397 1134 1530 1162 audivit?
1546 1135 1682 1161 Attamen
1699 1141 1732 1161 ex
1762 1133 1902 1168 operibus

1075 1179 1259 1215 ejus,nampe
1273 1179 1359 1207 Verbi
1376 1182 1404 1206 et
1421 1179 1478 1213 Dei,
1496 1179 1619 1214 figurate
1631 1177 1901 1213 loquamur,quoad

1075 1223 1139 1258 ejus
1154 1223 1216 1251 fieri
1232 1225 1337 1259 potest.
1349 1223 1542 1259 Cogitandum
1553 1223 1639 1253 enim,
1655 1222 1742 1257 quod,
1757 1222 1901 1257 quemad-

1075 1268 1196 1295 modum
1212 1276 1307 1296 sermo
1337 1267 1464 1295 hominis
1480 1269 1635 1303 generatur
1659 1267 1695 1293 ub
1721 1266 1819 1293 anima
1836 1266 1900 1293 sine

1075 1312 1197 1345 semine,
1213 1315 1241 1340 et
1256 1320 1345 1347 supra
1361 1320 1476 1339 omnem
1493 1311 1693 1343 intellectum;
1710 1311 1750 1337 ita
1766 1310 1899 1345 gignitur

1075 1358 1103 1384 et
1117 1356 1246 1384 Verbum
1257 1365 1273 1384 a
1285 1357 1416 1384 Patre.Et
1426 1356 1667 1390 sicutgeneratur
1678 1355 1754 1389 ignis
1770 1363 1805 1381 ex
1821 1354 1898 1389 igne,

1073 1403 1102 1429 et
1115 1401 1215 1429 lumen
1242 1410 1276 1429 ex
1290 1401 1412 1435 lumine,
1429 1400 1468 1427 ita
1496 1401 1651 1435 generatur
1680 1398 1770 1426 Filius
1786 1400 1813 1426 et
1827 1397 1900 1425 Ver-

1074 1445 1145 1473 bum
1161 1446 1208 1473 Dei
1221 1454 1238 1473 a
1253 1446 1348 1473 Patre.

1109 1490 1184 1519 285
1201 1491 1314 1522 Qums'r.
1332 1490 1392 1517 XV.
1407 1490 1443 1517 Et
1458 1489 1579 1525 spiritus
1604 1490 1733 1522 sanctus,
1748 1487 1896 1523 quomodo

1074 1535 1206 1571 procedit
1220 1543 1237 1562 a
1250 1534 1356 1562 Patre?

1112 1578 1199 1606 Rssr.
1215 1579 1315 1615 Neque
1338 1580 1365 1606 te
1395 1579 1429 1606 de
1445 1578 1499 1605 hac
1523 1586 1552 1604 rc
1582 1584 1710 1612 quaerere
1740 1576 1833 1603 decet.
1851 1577 1902 1603 Est

1075 1623 1153 1651 enim
1170 1625 1198 1651 et
1213 1623 1267 1651 hoc
1292 1622 1503 1659 inexplicabile.
1520 1622 1600 1649 Disce
1625 1623 1724 1648 tamen
1741 1621 1795 1647 hac
1810 1621 1898 1647 etiam

1075 1668 1111 1696 de
1127 1676 1166 1695 re.
1183 1667 1436 1700 Quemadmodum
1448 1666 1537 1703 igitur
1553 1665 1705 1701 respiratio
1721 1664 1849 1692 hominis
1865 1673 1900 1692 ex

1075 1713 1175 1741 anima
1201 1713 1341 1749 procedit,
1358 1712 1398 1739 ita
1425 1714 1454 1739 et
1477 1711 1603 1747 Spiritus
1627 1712 1747 1738 sanctus
1771 1717 1788 1736 a
1817 1711 1898 1736 Patre

1075 1758 1216 1795 procedit.
1239 1759 1273 1786 Et
1288 1757 1363 1786 sicut
1377 1758 1433 1785 Eva
1457 1765 1551 1792 neque
1580 1756 1687 1791 genita.
1704 1763 1798 1790 neque
1816 1755 1896 1790 inge-

1076 1804 1146 1837 nita,
1159 1803 1209 1831 sed
1225 1802 1322 1830 media
1348 1803 1420 1834 erat,
1437 1801 1477 1828 ita
1492 1801 1578 1828 etiam
1609 1799 1733 1835 Spiritus
1749 1801 1868 1827 sanctus
1883 1807 1900 1825 a

1076 1848 1160 1876 Patre
1176 1847 1317 1883 procedit.
1334 1846 1447 1873 Etenim
1462 1846 1553 1872 Adam
1573 1844 1732 1880 ingenitus,
1749 1843 1816 1870 Seth
1833 1850 1899 1869 vero

1076 1892 1204 1929 genitus,
1221 1894 1250 1919 et
1275 1891 1332 1918 Eva
1362 1890 1531 1923 procedens.
1548 1889 1605 1915 Eva
1636 1888 1711 1915 enim
1743 1896 1834 1922 neque
1850 1895 1901 1922 ge-

1077 1937 1138 1965 nita
1153 1938 1207 1969 est,
1225 1938 1257 1963 ut
1267 1935 1384 1971 genitus
1404 1936 1448 1961 est
1477 1934 1556 1968 Seth,
1574 1941 1666 1968 neque
1686 1933 1815 1968 ingenita
1829 1933 1901 1965 erat,

1077 1980 1325 2017 quemadmodum
1357 1979 1446 2006 Adam
1463 1987 1470 2013 ;
1488 1979 1537 2005 sed
1555 1986 1672 2014 egressa
1701 1980 1746 2004 est
1774 1985 1808 2004 ex
1823 1978 1903 2003 costa

1077 2026 1192 2053 Adami.
1209 2025 1244 2052 Et
1259 2024 1301 2051 sic
1318 2024 1408 2051 Adam
1426 2023 1587 2059 ingenitus,
1599 2025 1687 2057 typus
1702 2024 1763 2049 erat
1779 2020 1901 2057 ingeniti

1077 2070 1190 2099 Patris:
1208 2069 1277 2097 Seth
1295 2068 1422 2104 genitus,
1434 2070 1478 2095 est
1489 2070 1576 2103 typus
1591 2067 1679 2102 geniti
1698 2066 1760 2093 Filii
1773 2075 1778 2099 ;
1791 2068 1819 2093 et
1835 2065 1901 2098 Eva,

1077 2123 1195 2150 egressa
1208 2122 1223 2141 ο
1238 2116 1319 2140 costa
1335 2112 1447 2144 Adami,
1458 2114 1503 2139 est
1514 2114 1601 2147 typus
1613 2110 1796 2138 sanctissimi
1810 2110 1902 2145 Spiri-

1077 2162 1135 2187 tus.
1153 2159 1205 2186 Per
1221 2159 1317 2194 patres
1333 2157 1411 2184 enim
1432 2159 1549 2184 nostros
1575 2156 1751 2183 adumbrata
1767 2155 1821 2181 fuit
1834 2162 1902 2182 san-

1078 2207 1124 2232 cta
1147 2203 1285 2231 Trinitas.
1298 2202 1353 2230 Sed
1382 2202 1473 2229 Adam
1503 2201 1621 2235 quidem
1647 2203 1677 2227 et
1696 2199 1765 2226 Seth
1794 2202 1822 2226 et
1846 2201 1903 2226 Eva

1079 2256 1200 2284 corpora
1215 2249 1307 2281 erant,
1323 2249 1352 2274 et
1373 2245 1550 2281 separabiles
1574 2245 1651 2271 inter
1667 2253 1697 2271 se
1714 2252 1720 2270 :
1740 2245 1812 2271 Deus
1836 2251 1902 2271 vero

198 2294 301 2332 Ἀδὰμ,
330 2295 376 2323 καὶ
406 2295 420 2323 6
449 2296 519 2330 Σὴθ,
542 2295 587 2323 καὶ
616 2296 633 2330 ἡ
660 2294 716 2324 Εὕα
742 2295 854 2332 σώματα
873 2297 952 2329 ἦσαν,
981 2294 1022 2321 καὶ

1084 2295 1107 2321 et
1119 2293 1214 2326 Pater,
1225 2295 1253 2320 et
1269 2291 1369 2323 Filius,
1385 2293 1414 2318 et
1428 2290 1553 2326 Spiritus
1583 2291 1712 2322 sanctus,
1731 2296 1830 2331 neque.
1840 2296 1903 2315 cor-

198 2339 332 2378 χωριστοὶ
349 2340 417 2374 ἦσαν
434 2340 479 2367 ἀπ’
492 2339 634 2375 ἀλλήλωνι
650 2340 664 2367 6
680 2339 709 2368 δὲ
737 2331 801 2371 Θεὸς
817 2340 860 2368 καὶ
892 2339 985 2376 Πατὴρ
1009 2338 1022 2365 6

1084 2346 1148 2374 pora
1173 2339 1359 2372 suut,neque
1388 2334 1566 2370 starubiles
1594 2342 1610 2360 a
1626 2342 1656 2360 se
1685 2333 1820 2359 invicem.
1836 2331 1903 2360 Sola

198 2385 273 2421 Υἱὸς,
288 2385 333 2412 καὶ
351 2384 382 2412 τὸ
397 2386 474 2422 ἅγιον
490 2385 610 2421 Πνεῦμα,
633 2383 695 2412 οὕτε.
719 2384 831 2422 σώματά
854 2384 932 2419 εἶσιν,
963 2382 1022 2411 οὔτε

1084 2384 1156 2411 enim
1175 2383 1268 2418 ﬁgura
1283 2380 1404 2416 ingeniti
1435 2379 1529 2406 Patris
1554 2380 1703 2414 spectatur
1718 2377 1746 2404 in
1772 2377 1903 2412 ingenito

198 2428 335 2467 χωριστοί
351 2421 479 2457 εἰσπιννάπ¹
504 2428 644 2464 ἀλλήλων.
675 2428 771 2468 Μόνος.
791 2428 819 2456 δὲ
840 2428 854 2456 6
868 2428 952 2459 τύπος
975 2431 1022 2462 τῆς

1084 2428 1181 2461 Adam,
1198 2429 1227 2454 et
1242 2426 1335 2462 ﬁgura
1350 2424 1546 2460 generationis
1563 2422 1625 2449 Filii
1643 2422 1672 2449 in
1694 2422 1792 2457 genito
1822 2421 1902 2455 Seth,

197 2466 356 2510 ἆγεννησίας
382 2476 431 2502 τοῦ
460 2474 565 2512 Πατρὸς
590 2474 730 2510 θεωρεῖται
754 2466 791 2504 εἷς
813 2474 858 2501 τὸν
880 2473 1022 2511 ἀγέννητον

1084 2474 1107 2500 at
1125 2472 1219 2507 ﬁgura
1236 2469 1432 2506 processionis
1446 2467 1573 2503 Spiritus
1593 2468 1684 2494 sancti
1709 2469 1857 2501 spectatur
1872 2466 1901 2493 in

197 2517 294 2554 Ἀδὰμ,
311 2518 358 2546 καὶ
375 2518 389 2546 6
419 2518 503 2549 τύπος
527 2522 577 2553 τῆς
600 2519 751 2556 γεννήσεως
775 2520 824 2545 τοῦ
845 2518 910 2545 Υἱοῦ
925 2517 963 2548 εἷς
979 2517 1022 2544 τὸν

1084 2517 1137 2544 Eva
1151 2515 1334 2551 procedente.
1348 2514 1449 2549 Itaque
1464 2513 1505 2539 sic
1522 2512 1575 2538 hac
1591 2512 1627 2538 de
1650 2520 1679 2538 re
1695 2511 1815 2539 sentias.

195 2553 322 2602 γεννητὸν
337 2563 407 2598 Σήθ,
418 2563 462 2590 καὶ
481 2562 495 2590 6
509 2562 593 2594 τύπος
607 2553 657 2598 τῆς
673 2562 856 2600 ἐκπορεύσεως
869 2564 918 2589 τοῦ
932 2561 1011 2600 ἁγίου
1026 2560 1185 2596 ῙΙνεύματος
1201 2561 1339 2596 θεωρεῖται
1356 2557 1395 2588 εἷς
1408 2557 1458 2591 τήν
1475 2556 1638 2593 ἐκπορευτνέν
1655 2553 1735 2582 Εὕαν.
1753 2554 1800 2582 Καὶ
1817 2553 1903 2585 οὕτως

196 2608 253 2636 νόει
269 2607 314 2635 καὶ
329 2607 391 2645 περῖ
407 2607 506 2635 τούτου

1117 2659 1232 2690 ρυιεετ.
1248 2657 1356 2685 XVl.An
1373 2655 1540 2684 continetur
1555 2655 1632 2682 Deus
1648 2663 1706 2682 uno
1722 2654 1905 2687 loco,necne?

1118 2702 1343 2730 Rasinadverte
1359 2701 1503 2733 animum,
1520 2703 1547 2727 et
1569 2700 1714 2735 perpende
1735 2700 1810 2734 quod
1828 2702 1903 2727 Deus

1081 2751 1131 2778 lux
1143 2750 1179 2778 sit
1196 2750 1352 2778 invisibilis
1366 2753 1395 2778 ot
1417 2748 1735 2784 incomprehensibilis,
1752 2756 1846 2783 neque
1860 2748 1902 2775 vi-

1081 2796 1194 2830 deatur,
1212 2804 1304 2832 neque
1319 2796 1452 2831 capiatur
1466 2794 1582 2822 loco.Et
1596 2793 1732 2828 quoniam
1751 2801 1805 2819 non
1823 2792 1901 2827 capi-

1082 2843 1130 2868 tur
1144 2840 1173 2868 in
1196 2842 1266 2876 toto,
1283 2840 1429 2877 quomodo
1452 2840 1552 2876 posset
1570 2837 1642 2872 ﬁeri,
1655 2839 1687 2864 ut
1710 2837 1854 2865 videretur
1868 2843 1901 2863 ac

235 2662 388 2699 Ἐρώτησις
400 2662 517 2700 ις’.Ἀρα
527 2663 658 2700 χωρεῖται
670 2660 684 2688 ὀ
695 2661 759 2692 Θεὸς
770 2661 796 2689 ἐν
806 2661 845 2689 ἑνὶ
858 2660 965 2697 τόπῳ,ἢ
977 2658 1023 2693 οὕς

236 2706 333 2735 Ἀπόκ.
360 2706 481 2744 Πρόσθες
501 2706 547 2734 τὸν
576 2708 638 2733 νοῦν
668 2716 727 2739 σου,
751 2706 795 2733 καὶ
817 2705 927 2742 νόησον,
951 2704 992 2733 ὅτι
1011 2705 1024 2732 6

198 2751 265 2781 θεὸς
294 2752 351 2790 φῶς
384 2750 455 2778 ἐστιν
493 2750 648 2789 ἀθεώρητον
685 2750 730 2777 καὶ
769 2750 926 2788 ἀχώρητον.
965 2748 1026 2777 οὔτε

199 2797 344 2834 θεωρεῖται
361 2795 376 2823 6
391 2796 466 2830 Θεὸς,
495 2794 557 2823 οὕτε
586 2794 717 2833 χωρεῖταί
740 2805 803 2824 που.
834 2796 884 2824 Καὶ
909 2794 966 2823 ἐπεὶ
994 2794 1025 2822 οὐ

200 2843 334 2879 χωρεῖται
365 2840 403 2871 εἴς
429 2840 460 2868 τὸ
492 2843 556 2876 πᾶν,
581 2840 640 2871 πῶς
662 2837 700 2867 ἔνι
726 2838 837 2867 δυνατὸν
863 2842 977 2879 φανῆναι
1007 2840 1024 2875 ἢ
