2048 3106
130 189 189 218 787

725 191 759 221 S.
780 189 1042 221 ATHANASIUS.
1057 206 1097 214 —
1113 190 1245 222 DUBlA.

1777 189 1838 221 788

130 254 343 290 intelligeretur
359 255 537 290 quibusdam
547 255 561 283 τ
574 255 663 292 Cujus
679 265 771 292 neque
785 259 889 290 Moses.
902 257 952 293 qui

1025 257 1140 291 οηθῆναί
1168 266 1255 292 τισι-ις
1289 256 1401 288 Οὗτινος
1432 255 1494 285 οὖδὶ
1522 259 1624 292 Μωσῆς
1658 256 1672 283 6
1708 255 1838 293 θεόπτης,

133 299 225 326 Deum
266 299 347 331 vidit,
378 308 472 335 neque
508 301 646 336 discipuli
686 302 768 329 Verbi
792 302 897 338 ipsius,
926 301 955 328 in

136 346 235 370 monte
261 344 528 378 transtigurationis
557 345 646 384 illius,
665 354 757 381 neque
771 345 847 373 alius
875 345 958 382 quis-

134 397 222 423 quam
240 397 368 423 unquam
386 390 522 417 deitatem
546 391 655 418 nudam
674 391 769 418 videre
794 391 908 426 potuit;
926 393 958 418 ut

133 433 243 460 clarum
257 434 382 467 sit,quod
399 434 478 461 nullo
492 434 555 463 loco
571 433 714 471 capiatur,
730 436 780 463 sed
796 436 904 471 ubique
919 435 958 463 sit

137 478 260 504 Deus.l£t
277 478 335 505 hu‘c
351 478 469 513 quidem
480 479 515 507 de
526 479 671 515 theologia
685 480 753 515 (hoc
767 483 812 508 est
827 481 863 508 de
879 480 956 516 Deo).

134 522 217 549 Nunc
247 522 342 549 dicere
359 523 533 559 incipiemus
549 524 583 552 de
605 524 669 560 ejus
694 525 866 561 oeconomia,
882 524 959 552 scili-

137 569 181 593 cet
195 567 230 594 de
248 568 447 596 incarnatione
461 568 527 596 Filii
542 571 570 597 et
583 568 662 597 verbi
678 569 740 597 Dei.

174 643 282 673 Oumsr.
300 643 383 670 XVII.
403 646 471 671 Ecce
487 644 677 680 quaestionem
692 644 746 673 tibi
770 653 912 682 propono,
927 647 959 673 tu

138 694 203 713 vero
220 687 289 714 mihi
308 688 458 723 responde.
473 688 605 717 Docuisti
629 697 682 717 nos
697 690 733 717 de
748 692 848 717 sancta
864 689 961 717 Trini-

140 733 208 765 tate,
226 732 301 766 quod
318 733 395 759 Deus
411 735 525 761 constet
538 733 633 761 tribus
648 734 867 771 hypostasibus,
883 733 961 762 scili-

140 777 185 803 cet
214 776 305 810 Patre,
323 777 403 809 Filio,
434 779 463 805 et
490 778 598 814 Spiritu
625 781 735 806 sancto.
751 778 835 806 Nunc
863 781 961 806 autem

139 828 236 855 qumro
253 829 286 848 ex
302 824 329 848 te
346 830 350 848 :
369 822 501 850 Christus
517 822 565 851 ille
579 822 717 858 quisnam
733 823 801 852 est?
816 825 875 851 Hoc
899 823 963 851 volo

139 865 262 892 edoceri.

1012 300 1075 328 οὐδὲ
1099 302 1125 328 oi
1152 301 1269 337 μαθηταὶ
1293 303 1342 329 τοῦ
1363 301 1452 340 Λόγου
1477 301 1560 329 αὐτοῦ
1584 300 1609 328 ἐν
1631 303 1671 337 τῷ
1685 304 1735 335 τῆς
1754 312 1838 338 μετα-

1014 346 1181 385 μορφώσεως
1210 344 1311 373 ἐκείνου
1340 343 1408 384 ὄρει,
1438 346 1487 373 οὐκ
1511 345 1596 377 ἄλλος
1614 345 1657 377 τίς
1673 356 1740 373 ποτε
1768 344 1836 380 ἠδυ-

1011 391 1080 425 νήθη
1095 391 1200 428 γυμνὴν
1217 391 1266 425 τὴν
1283 391 1398 426 θεότητα
1413 395 1559 429 θεωρῆσαι·
1577 388 1647 418 ὥστε
1670 389 1769 425 δῆλον,
1795 390 1837 418 δτι

1013 435 1062 462 οὐκ
1077 434 1103 462 ἐν
1124 434 1163 462 ἐνὶ
1187 434 1265 471 τόπῳ
1290 437 1432 473 χωρεῖται,
1462 434 1534 463 ἀλλὰ
1558 437 1696 472 πανταχοῦ
1711 435 1839 473 πάρεστιν

1013 480 1027 507 6
1043 479 1118 511 Θεός.
1136 479 1187 507 Καὶ
1201 482 1285 507 ταῦτα
1302 480 1348 516 μὶν
1364 479 1427 516 περὶ
1442 479 1594 517 θεολογίας
1612 478 1710 516 ἀπάρτι
1735 478 1764 506 δὶ
1790 479 1838 517 ἀρ-

1013 524 1113 560 ξόμεθα
1128 523 1201 560 λέξαι
1223 524 1268 552 καὶ
1291 523 1354 561 περὶ
1378 527 1428 559 τῆς
1449 523 1617 560 οἰκονομίας,
1632 524 1694 559 ἤτοι
1709 523 1773 562 περὶ
1787 527 1839 558 τῆς

1014 568 1173 607 σαρκώσεως
1187 571 1236 596 τοῦ
1249 567 1313 596 ﬁcii
1328 568 1374 596 καὶ
1389 568 1480 606 Λόγου
1494 570 1543 596 τοῦ
1558 570 1636 597 Θεοῦ.

1051 644 1147 681 Ἐρώτι
1165 644 1206 679 ιζ’.
1237 642 1307 672 Ἰδοὺ
1332 643 1463 682 ἐρώτημά
1486 654 1529 671 σοι
1553 642 1657 681 ἰρωτῶ,
1682 642 1715 671 ὠ
1737 642 1767 671 δά
1792 654 1841 680 μοι

1015 688 1189 727 ἀποκρίθητι.
1219 687 1356 724 Ἐδίδαξας
1381 689 1448 726 ἡμῖν
1467 689 1529 727 περὶ
1551 692 1602 723 τῆς
1619 688 1697 726 ἁγίας
1711 687 1837 726 Τριάδος,

1016 734 1057 762 δτι
1073 735 1087 762 6
1103 734 1166 765 Θεὸς
1191 734 1402 771 τρισυπόστατος
1426 732 1477 771 ἔνι,
1505 733 1551 761 καὶ
1575 733 1617 761 ὅτι
1643 734 1747 771 ΙΙατὴρ,
1763 733 1842 767 Υἱὸς,

1016 779 1061 807 καὶ
1078 781 1187 816 Ηνεῦμα
1202 778 1289 816 ἅγιον.
1306 780 1359 806 Νῦν
1376 777 1405 806 δὲ
1420 777 1514 817 ὲρωτῶ
1529 789 1567 806 σε.
1584 778 1671 810 Οὗτος
1687 779 1701 806 6
1724 778 1843 815 Χριστὸς

1016 824 1057 855 τίς
1072 823 1127 862 ἔσει
1140 833 1147 859 ;
1163 823 1229 861 Περὶ
1242 822 1341 851 τούτου
1356 822 1428 855 θέλω
1446 824 1552 860 μαθεῖν.

177 933 261 959 Rasr.
278 934 350 961 Sane
375 933 510 962 audivisti
528 934 563 962 de
585 935 687 962 sancta
709 934 865 969 Trinitato,
883 935 960 971 quod

1053 935 1147 964 Ἀπόκ.
1178 935 1290 966 Πάντως
1317 934 1437 970 ἤκουσας
1464 935 1526 973 περὶ
1550 938 1600 970 τῆς
1625 934 1702 972 ἁγίας
1725 932 1842 973 Τριάδος

142 986 199 1004 una
216 986 338 1013 persona
355 979 469 1006 dicatur
483 979 577 1013 Pater,
593 981 622 1006 et
638 979 729 1007 altera
743 978 846 1014 Filius,
863 981 891 1007 et
905 979 963 1007 alia

143 1031 267 1058 persona
283 1023 409 1058 Spiritus
420 1024 550 1051 sanctus.
562 1023 703 1058 Eccejam
720 1031 871 1061 cognosce,
884 1024 962 1059 quod

143 1067 190 1094 hic
219 1067 309 1094 Filius
335 1070 363 1094 et
392 1067 519 1095 Verbum
540 1067 590 1095 Dei
605 1070 634 1096 et
648 1068 742 1096 Patris
758 1068 886 1096 induerit
900 1077 963 1096 car-

142 1119 208 1139 nem
224 1112 364 1145 hominis,
379 1115 406 1139 et
418 1111 610 1140 inambularit
626 1114 657 1140 ut
672 1112 759 1140 homo
776 1113 805 1140 in
816 1113 962 1148 terra.Ap-

140 1156 265 1191 pellatus
281 1157 369 1191 igitur
384 1156 517 1184 Christus
543 1159 599 1193 est,
617 1158 694 1193 quod
724 1159 832 1185 unctus
854 1157 903 1190 sit,
918 1156 963 1185 vel

140 1204 215 1228 certe
246 1201 440 1236 aesumpserit
463 1209 581 1229 carnem
603 1201 745 1229 hominis.
762 1202 796 1229 Et
811 1204 964 1237 propterea

139 1245 245 1272 dicitur
260 1246 430 1273 incarnatus
447 1247 523 1273 Deus
536 1248 564 1273 et
579 1245 725 1278 Christus,
740 1246 834 1273 Filius
849 1248 878 1274 et
893 1248 962 1273 Ver-

140 1291 208 1317 bum
241 1290 297 1323 Dei,
315 1292 342 1317 ot
372 1290 458 1324 Deus,
475 1290 550 1326 quod
578 1290 736 1326 gestaverit
757 1291 881 1318 formam
909 1290 962 1318 ho-

142 1343 239 1361 mllllS.

175 1402 286 1433 Qua-231'.
305 1401 402 1428 XVIII.
420 1402 511 1434 Quam
524 1401 665 1430 rationem
680 1405 732 1430 aut
747 1410 834 1438 quam
851 1401 962 1430 utilita-

141 1450 196 1473 tem
214 1447 365 1482 proposuit
377 1445 431 1473 sibi
448 1446 534 1480 Deus,
546 1455 598 1474 seu
613 1446 703 1474 Filius
717 1449 746 1475 et
757 1447 884 1474 Verbum
901 1446 961 1479 Dei,

141 1493 173 1517 ut
190 1491 358 1518 incarnatus
388 1491 436 1525 sit,
452 1493 480 1518 et
503 1492 536 1518 ut
563 1491 651 1519 homo
680 1490 906 1520 inambulaverit
933 1491 962 1518 in

140 1537 217 1562 terra
228 1535 241 1561 Ῥ

177 1603 262 1628 Rssr.
282 1603 356 1627 Deus
374 1601 445 1629 nihil
470 1610 545 1637 opus
560 1601 663 1630 habuit
685 1601 895 1637 incarnatione,
911 1602 962 1630 sed

142 1646 272 1672 humana
301 1648 403 1672 natura
431 1646 583 1681 indigebat
618 1647 780 1674 sanatione.
805 1646 997 1683 Postquam‘f

114 1682 121 1692 ’
143 1690 220 1717 enim
238 1690 305 1716 fecit
321 1690 397 1716 Deus
429 1689 533 1717 malum
549 1692 578 1717 et
593 1692 712 1725 terram,
729 1694 757 1719 et
780 1691 879 1719 omnia
904 1700 966 1727 quin

141 1735 169 1761 in
187 1734 228 1760 eis
245 1734 448 1769 suntdixitque
463 1734 611 1762 hominem
628 1737 657 1762 et
671 1735 769 1771 posuit
783 1744 849 1763 eum
867 1736 896 1762 in
908 1744 966 1763 me-

145 1779 192 1806 dio
220 1778 359 1814 paradisi,
377 1783 404 1805 et
432 1779 585 1807 constituit
613 1788 679 1808 eum
706 1789 803 1817 regem
834 1781 967 1808 omnium

147 1826 362 1857 creaturarum,
380 1826 412 1850 ut
428 1823 526 1851 omnia
539 1823 713 1852 inservirent
728 1825 794 1860 ipsi,
811 1827 839 1852 et
853 1825 969 1853 habita-

146 1872 189 1896 ret
205 1869 266 1904 ipse
296 1869 324 1895 in
351 1868 496 1904 paradiso,
513 1871 654 1904 tanquam
680 1870 731 1897 Dei
757 1870 864 1906 imago.
895 1871 967 1898 Cum

146 1914 234 1941 sciret
253 1914 305 1940 hoc
336 1913 483 1946 diabolus,
512 1914 645 1942 invidens
668 1914 780 1942 homini
796 1917 908 1943 tantam
925 1915 969 1942 di-

146 1960 298 1994 gnitatem,
328 1959 407 1985 dedit
435 1958 547 1986 homini
577 1958 732 1986 consilium
763 1961 793 1986 ut
824 1959 883 1987 Deo
911 1967 969 1986 non

146 2004 367 2037 obtemperant.
388 2006 417 2029 ut
430 2011 480 2038 per
498 2003 727 2031 inobedientiam
744 2006 820 2032 Deus
835 2012 902 2031 eum
918 2003 966 2031 elie

147 2047 272 2073 minarat
296 2055 328 2073 ex
348 2047 492 2081 paradiso,
510 2050 538 2075 et
553 2047 678 2083 privaret
694 2047 776 2076 illum
802 2048 900 2076 divina
929 2048 971 2075 di-

146 2092 266 2126 gnitate,
283 2094 311 2117 ct
327 2091 521 2119 immortalem
546 2092 679 2119 redderet
698 2092 861 2120 mortalem.
879 2092 970 2120 Homo

146 2143 221 2165 vero.
239 2138 269 2160 ut
286 2135 332 2169 qui
352 2135 462 2162 nullam
480 2135 599 2164 haberet
615 2136 749 2171 peritiam
781 2136 899 2165 malitiae
915 2137 971 2165 im»

148 2180 228 2214 probi
255 2179 344 2208 illius.
362 2180 573 2215 obtemperavit
590 2180 711 2208 consilio
725 2181 844 2214 diaboli,
860 2185 888 2209 et
913 2190 970 2209 non

150 2223 306 2250 obsecutus
324 2227 366 2250 ost
399 2227 464 2258 Deo,
480 2226 509 2251 et
523 2232 558 2251 ex
579 2223 629 2252 illo
656 2226 741 2252 morti
758 2226 901 2254 obnoxius
917 2226 973 2254 fuit

152 2267 260 2302 peccati
276 2275 281 2294 :
301 2267 418 2301 perinde
432 2267 521 2294 etiam
532 2275 634 2295 omnes
647 2276 681 2296 ex
692 2268 755 2303 ipso
767 2268 827 2296 nati
838 2268 972 2296 homines

1017 979 1059 1008 ὅτι
1073 978 1100 1007 ἓν
1114 979 1259 1017 πρόσωπον
1276 978 1398 1007 καλεῖται
1415 979 1518 1016 Πατὴρ,
1542 979 1573 1006 τὸ
1599 977 1627 1006 δὶ
1650 976 1740 1016 ἕτερον
1767 978 1843 1011 Υἱὸς,

1017 1024 1062 1052 καὶ
1088 1024 1119 1052 τὸ
1144 1023 1215 1051 ἄλλο
1240 1023 1385 1061 πρόσωπον
1413 1022 1521 1060 λέγεται
1541 1025 1652 1059 Πνεῦμα
1666 1023 1752 1060 ἅγιον.
1770 1021 1842 1050 Ἰδοὺ

1018 1069 1115 1097 λοιπὸν
1131 1068 1255 1106 γίνωσκε,
1271 1067 1313 1095 ὅτι
1329 1067 1407 1099 οὗτος
1421 1067 1435 1095 ὁ
1452 1067 1513 1098 Υἱὸς
1527 1067 1572 1095 καὶ
1589 1066 1678 1105 Λόγος
1701 1069 1749 1095 τοῦ
1774 1069 1843 1095 Θεοῦ

1017 1113 1062 1141 καί
1085 1113 1191 1151 Ῑίατρὸς
1215 1111 1323 1148 ἐνεδύοη
1350 1112 1612 1150 σάρκα-ἀνθρώπου,
1638 1111 1684 1139 καὶ
1710 1112 1841 1149 περιεπά-

1016 1169 1096 1194 τησεν
1108 1158 1145 1189 ὡς
1161 1158 1302 1194 ἄνθρωπος
1327 1157 1352 1184 ἐν
1367 1159 1401 1194 τῇ
1416 1158 1463 1194 γῇ.
1479 1156 1633 1193 Ὠνομάσθη
1651 1155 1697 1183 οὖν
1714 1156 1844 1193 Χριστὸς,

1019 1201 1087 1230 διότι
1104 1202 1228 1240 ἐχρίσθη,
1243 1200 1306 1236 ἤτοι
1323 1200 1431 1240 ἐφόρεσε
1446 1201 1495 1235 τήν
1512 1201 1598 1238 σάρκα
1611 1203 1660 1228 τοῦ
1684 1201 1843 1238 ἀνθρώπου.

1017 1246 1067 1274 Καὶ
1083 1245 1127 1274 διὰ
1141 1248 1220 1273 τοῦτο
1233 1244 1341 1283 λέγεται
1357 1246 1562 1283 σεσαρκωμενος
1587 1245 1665 1279 Θεὸς,
1689 1244 1734 1272 καὶ
1758 1245 1845 1281 Χρισ-

1016 1291 1062 1322 τὸς
1079 1292 1092 1318 6
1107 1291 1168 1321 Υἱὸς
1184 1290 1228 1318 καὶ
1243 1289 1329 1328 Λόγος
1343 1291 1392 1317 τοῦ
1408 1291 1474 1317 Θεοῦ
1489 1289 1533 1317 καὶ
1549 1289 1625 1325 Θεὸς,
1647 1288 1715 1317 διότι
1734 1288 1845 1327 ἔφόρεσε

1016 1337 1066 1371 τήν
1079 1338 1127 1363 τοῦ
1142 1335 1287 1373 ἀνθρώπου
1304 1335 1424 1373 μορφήν.

1053 1401 1149 1439 Ἐρώτ.
1167 1401 1212 1436 ιη’.
1229 1413 1243 1427 ‹‹
1261 1401 1311 1430 Καὶ
1326 1400 1386 1428 τίνα
1409 1400 1505 1438 λόγον,
1521 1400 1539 1435 ἢ
1555 1399 1614 1427 νίνα
1628 1399 1723 1438 χρείαν
1740 1399 1814 1438 εἶχεν
1831 1400 1846 1427 6

1017 1446 1091 1479 Θεὸς,
1107 1444 1189 1483 ἤγουν
1207 1446 1220 1472 ὁ
1235 1446 1297 1477 Υἱὸς
1306 1445 1351 1472 καὶ
1376 1444 1462 1483 Λόγος
1475 1447 1524 1472 τοῦ
1546 1447 1625 1481 Θεοῦ,
1639 1443 1686 1472 ἵνα
1706 1444 1847 1482 σαρκωθῇ,

1016 1490 1061 1518 καὶ
1077 1491 1114 1522 ὡς
1128 1490 1269 1528 ἅνθρωπος
1282 1492 1439 1528 περιπατεῖν
1455 1489 1481 1518 ἰν
1497 1491 1532 1523 τῆ
1547 1491 1584 1527 γῇ
1602 1502 1610 1524 ;

1055 1602 1152 1630 Ἀπόκ.
1169 1601 1233 1632 Θεὸς
1248 1599 1375 1637 οὐδεμίαν
1392 1599 1486 1639 χρείαν
1503 1600 1562 1637 εἶχε
1584 1601 1632 1627 τοῦ
1659 1600 1847 1637 σαρκωθῆναι,

1020 1645 1084 1675 ἀλλ’
1107 1647 1125 1681 ὴ
1163 1645 1341 1683 ἀνθρωπότης
1379 1643 1467 1672 ἐδέετο
1500 1643 1627 1682 ἰατρείας.
1656 1642 1769 1678 Ἐπειδή
1795 1644 1848 1682 γὰρ

1021 1691 1145 1725 ἰποίησεν
1169 1690 1183 1718 6
1207 1690 1271 1721 Θεὸς
1295 1690 1340 1717 τὸν
1367 1689 1478 1726 οὐρανὸν
1495 1689 1538 1716 καὶ
1553 1690 1603 1723 τήν
1619 1692 1682 1726 γῆν,
1699 1688 1744 1716 καὶ
1759 1688 1849 1716 πάντα

1020 1736 1054 1763 τὰ
1077 1735 1101 1763 ἐν
1132 1735 1235 1770 αὐτοῖς,
1270 1734 1369 1762 ἔπλασε
1401 1733 1431 1761 δὶ
1462 1733 1508 1761 καὶ
1541 1734 1587 1761 τὸν
1621 1733 1771 1771 ἄνθρωπον,
1801 1733 1848 1760 καὶ

1022 1778 1115 1816 ἔθηκεν
1143 1779 1221 1807 αὐτὸν
1252 1778 1278 1807 ἐν
1304 1779 1378 1816 μέσῳ
1406 1780 1455 1806 τοῦ
1479 1776 1653 1816 παραδείσου,
1688 1778 1733 1805 καὶ
1757 1775 1847 1813 ἔταξεν

1023 1824 1102 1852 αὐτὸν
1130 1823 1242 1862 βασιλέα
1272 1823 1308 1855 είς
1342 1823 1427 1851 πάντα
1455 1823 1488 1851 τὰ
1516 1822 1661 1859 κτίσματα,
1685 1821 1731 1849 ἵνα
1759 1822 1850 1850 πάντα

1023 1868 1188 1897 δουλεύωσιν
1218 1867 1302 1904 αὐτῷ,
1327 1867 1371 1895 καὶ
1400 1870 1534 1896 κατοικεῖν
1560 1867 1640 1895 αὐτὸν
1666 1866 1692 1894 ἐν
1706 1868 1747 1903 τῷ
1760 1877 1850 1905 παρα-

1024 1912 1114 1950 δείσῳ,
1132 1913 1168 1940 ὠς
1185 1915 1251 1940 Θεοῦ
1268 1912 1357 1940 εἰκών.
1375 1911 1464 1944 Εῗδὼς
1487 1914 1567 1940 τοῦτο
1590 1911 1604 1939 ὸ
1629 1908 1773 1945 διάϐολος,
1802 1911 1851 1938 καὶ

1024 1958 1160 1998 φθονήσας
1189 1957 1237 1992 τήν
1267 1959 1315 1984 τοῦ
1345 1957 1490 1995 ἀνθρώπου
1525 1956 1610 1994 ἀξίαν,
1640 1953 1851 1983 συνεϐούλευσεν

1024 2003 1097 2039 αὖτῷ
1119 2004 1159 2038 τῷ
1188 2002 1323 2039 ἀνθρώπῳ
1350 2003 1519 2039 παρακοῦσαι
1542 2002 1591 2028 τοῦ
1620 2002 1706 2036 Θεοῦ,
1733 1999 1778 2027 ἵνα
1806 1998 1854 2027 διὰ

1023 2050 1073 2082 τῆς
1097 2049 1237 2084 παρακοῆς
1261 2045 1345 2083 ἐξώσῃ
1369 2045 1448 2073 αὐτὸν
1473 2047 1523 2072 τοῦ
1545 2043 1710 2082 παραδείσου
1739 2043 1785 2071 καὶ
1800 2047 1853 2079 τῆς

1024 2093 1072 2119 τοῦ
1096 2093 1163 2119 Θεοῦ
1192 2090 1279 2126 ἀξίας,
1308 2090 1352 2117 καὶ
1378 2089 1481 2127 θνητὸν
1501 2090 1547 2117 τὸν
1569 2089 1700 2121 ἀθάνατον
1728 2088 1854 2126 ἀπεργά-

1025 2145 1115 2170 σηται.
1144 2135 1174 2163 Ὁ
1199 2133 1228 2162 δὲ
1252 2133 1403 2171 ἄνθρωπος,
1432 2134 1468 2165 ὦς
1495 2134 1532 2171 μὴ
1556 2133 1629 2172 ἔχων
1643 2136 1738 2172 πεῖραν
1754 2133 1852 2165 κακίας

1024 2182 1073 2208 τοῦ
1095 2181 1227 2217 πονηροῦ,
1251 2178 1352 2213 ἤκουσε
1375 2181 1426 2213 τῆς
1450 2176 1610 2216 συμϐουλῆς
1634 2180 1682 2206 τοῦ
1705 2176 1853 2212 διαϐόλου,

1025 2225 1069 2252 καὶ
1098 2224 1254 2262 παρήκουσε
1281 2225 1330 2250 τοῦ
1359 2225 1445 2257 Θεοῦ,
1474 2223 1518 2250 καὶ
1548 2222 1640 2250 ἔκτοτε
1667 2221 1774 2257 ἐδέξατο
1803 2222 1851 2250 τὸν

1026 2268 1138 2301 θάνατον
1160 2271 1211 2302 τῆς
1241 2267 1385 2305 ἁμαρτίας,
1416 2266 1522 2304 ὁμοίως
1552 2267 1598 2295 καί
1627 2268 1724 2298 πάντες
1762 2267 1789 2294 οἱ
1826 2266 1852 2304 ἐξ

150 2311 228 2338 velut
259 2319 291 2337 ex
322 2311 482 2345 majoribus
507 2314 657 2347 peccatum
685 2313 715 2340 iu
742 2320 773 2340 se
801 2312 965 2341 derivantes

1026 2312 1129 2340 ἐκείνου
1152 2312 1295 2350 γενόμενοι
1320 2310 1469 2349 ἄνθρωποι,
1503 2311 1541 2343 ὡς
1567 2311 1598 2339 ἐκ
1629 2310 1771 2349 προγόνων
1800 2311 1854 2345 τὴν

151 2356 265 2383 obnoxii
294 2356 317 2383 vi
349 2358 446 2383 tutu-az
463 2359 492 2383 et
519 2356 671 2392 praevaluit
695 2360 845 2393 peccatum
872 2360 973 2385 contra

154 2400 296 2427 homines.
310 2401 385 2426 Misit
404 2402 501 2428 autem
517 2402 593 2428 Deus
609 2401 765 2437 prophetas
785 2403 814 2429 et
829 2401 906 2430 286
921 2402 972 2429 do-

152 2448 245 2471 ctores
264 2446 289 2471 in
322 2446 485 2472 mundum:
503 2447 535 2473 ut
549 2445 687 2474 docerent
713 2446 855 2473 mundum
871 2446 911 2481 (id
928 2449 973 2474 est

152 2489 296 2516 homines:
314 2494 338 2516 ot
363 2492 600 2518 converterentur
612 2499 628 2518 a
644 2494 778 2527 peccato:
796 2499 848 2518 nec
872 2493 970 2518 tamen

151 2537 305 2568 potuerunt
339 2534 485 2568 propheta
514 2538 690 2564 convertere.
707 2536 863 2571 Propterea
887 2535 970 2564 dixit.

150 2581 224 2605 licus
242 2579 267 2604 in
300 2579 395 2613 seipse
410 2587 414 2604 :
434 2578 624 2614 Descendam,
640 2583 678 2614 et,
693 2583 846 2616 assumpta
873 2588 970 2616 carne,

147 2623 214 2649 liam
233 2622 459 2656 homiuil‘ormis,
472 2626 500 2650 et
515 2623 623 2652 docebo
638 2625 809 2661 ﬁgmentum
822 2633 930 2658 meum,
943 2627 971 2652 et

148 2670 331 2694 convertatur
347 2676 361 2693 a
379 2667 501 2694 consilio
518 2668 640 2702 diaboli;
657 2671 685 2696 ot
700 2669 755 2696 erit
772 2669 867 2697 omnis
883 2669 969 2697 homo

148 2715 180 2738 ut
196 2712 283 2740 Deus.
300 2721 355 2738 non
387 2712 548 2740 secundum
566 2715 712 2747 naturam,
730 2714 781 2741 sed
807 2714 970 2742 secundum

149 2757 345 2791 adoptionem.
364 2758 435 2783 (lum
466 2756 525 2784 hazc
551 2757 699 2793 placerent
715 2760 771 2785 Deo
801 2757 887 2791 Patri,
905 2758 970 2794 Spi-

149 2802 204 2828 ritu
222 2805 321 2828 sancto
338 2801 504 2836 adjuvante,
515 2802 667 2830 descendit
681 2802 771 2830 Filius
800 2804 828 2830 et
844 2802 969 2830 Verbum

150 2847 195 2873 Dei
203 2850 238 2879 ,et
252 2846 402 2881 ingressus
410 2847 454 2873 est
463 2845 688 2876 immaculatum
697 2847 828 2884 Virginis
838 2846 969 2876 mulieris

1027 2356 1158 2394 ἁμαρτίαν
1176 2354 1317 2396 λαϐόντες,
1343 2355 1491 2393 ἐκράτησαν
1515 2356 1629 2391 ταύτην·
1642 2356 1687 2383 καὶ
1703 2355 1814 2394 ἴσχυσεν
1832 2356 1851 2390 ἡ

1027 2401 1146 2439 ἁμαρτία
1169 2401 1237 2428 κατὰ
1264 2403 1318 2428 τῶν
1346 2401 1507 2437 ἀνθρώπων.
1539 2402 1665 2438 Ἕπεμψε
1695 2399 1724 2427 δὲ
1754 2400 1768 2427 ό
1784 2400 1852 2431 Θεὸς

1025 2447 1167 2486 προφήτας
1183 2445 1227 2473 καὶ
1244 2443 1424 2476 διδασκάλους
1439 2445 1478 2476 είς
1500 2445 1547 2473 τὸν
1566 2444 1681 2481 κόσμον·
1704 2443 1751 2471 ἵνα
1776 2442 1853 2471 διδά-

1026 2491 1089 2526 ξωσι
1113 2491 1160 2518 τὸν
1182 2490 1296 2526 κόσμον,
1321 2488 1406 2526 ἤγουν
1428 2490 1491 2520 τοὺς
1509 2489 1678 2526 ἀνθρώπους.
1694 2489 1739 2516 καὶ
1769 2498 1853 2526 στρα-

1026 2538 1110 2575 φῶσιν
1137 2535 1189 2562 ἀπὸ
1213 2537 1261 2566 τῆς
1285 2533 1428 2571 ἁμαρτίας·
1461 2533 1506 2561 καὶ
1536 2533 1585 2561 οὐκ
1611 2532 1788 2568 ἠδυνήθησαν
1824 2532 1852 2560 οἱ

1026 2583 1164 2619 προφῆται
1187 2581 1236 2606 τοῦ
1261 2577 1467 2616 διορθώσασθαι.
1496 2579 1544 2605 Διὰ
1566 2580 1646 2605 τοῦτο
1663 2577 1735 2605 εἶπεν
1753 2576 1767 2604 ὀ
1783 2577 1852 2608 Θεὸς

1026 2624 1051 2652 ἐν
1068 2625 1163 2660 ἐαυτῷ·
1190 2620 1396 2659 Καταϐήσομαι,
1418 2622 1462 2650 καὶ
1489 2623 1596 2662 φορέσω
1625 2621 1720 2660 σάρκα,
1745 2621 1790 2648 καὶ
1805 2631 1852 2659 γε·

1025 2669 1143 2705 νήσομαι
1162 2667 1408 2706 ἁνθρωπόμορφος,
1423 2667 1468 2694 καὶ
1485 2665 1585 2702 διδάξω
1599 2667 1630 2694 τὸ
1653 2665 1768 2703 πλάσμα
1785 2675 1851 2702 μου,

1025 2713 1070 2741 καὶ
1093 2713 1274 2752 στραφήσεται
1302 2711 1355 2738 ἀπὸ
1377 2714 1428 2746 τῆς
1453 2714 1501 2739 τοῦ
1526 2709 1658 2739 διαϐόλου
1674 2707 1851 2747 συμϐουλῆς,

1024 2757 1067 2785 καὶ
1095 2756 1167 2785 ἕσται
1195 2759 1248 2787 πᾶς
1276 2754 1419 2793 ἅνθρωπος
1450 2755 1489 2787 ὡς
1518 2756 1584 2787 Θεὸς
1610 2755 1640 2783 οὖ
1664 2755 1733 2783 κατὰ
1756 2752 1850 2793 φύσιν,

1025 2802 1096 2830 ἀλλά
1111 2802 1178 2830 κατὰ
1193 2801 1274 2833 θέσιν.
1291 2800 1340 2828 Καὶ
1355 2802 1436 2828 τοῦτο
1455 2799 1602 2838 βουληθεὶς
1615 2800 1629 2828 ὀ
1653 2800 1718 2830 θεὸς
1741 2797 1855 2835 εὖδοκίᾳ

1023 2849 1072 2875 τοῦ
1102 2846 1218 2885 Ματρὸς,
1248 2844 1293 2873 καὶ
1321 2844 1463 2884 συνεργείᾳ
1491 2847 1541 2873 τοῦ
1573 2843 1651 2884 ἁγίνυ
1681 2842 1855 2881 “vatim-rec,
