2048 3106
171 190 237 221 789

834 190 1095 227 ΟΠιΕεΊἹΟΝΕὸ
1115 192 1230 224 ALME.

1413 0 1427 21 .‘
1458 0 1962 27 ‘TZ-WIQW
2011 0 2016 3 -
2043 0 2048 2 ·

1824 195 1884 228 ’190

171 252 327 293 συγκατέϐη
348 255 362 283 ὃ
378 255 440 287 Υἱὸς
455 255 499 283 καὶ
524 255 612 294 Λόγος
640 256 790 292 τοῦ“Θεοῦ,
806 255 850 284 καί
875 255 995 289 εἰσῆλθεν

1059 260 1186 293 uterum,
1203 262 1231 287 et
1253 262 1408 296 assumpta
1434 269 1520 289 carne
1541 268 1573 288 ex
1599 260 1660 294 illa,
1676 262 1763 289 homo
1787 262 1883 291 factus

171 299 216 331 ek
244 297 361 338 καθαρὰν
390 299 499 328 κοιλίαν
527 300 662 339 παρθένου
690 301 829 338 γυναικὸς,
846 300 890 328 καὶ
915 311 1000 334 προσ-

172 342 331 381 λαϐόμενος
349 346 434 383 σάρκα
455 344 480 380 ἐξ
502 345 597 382 αὐτῆς,
621 345 824 383 ένηνθρώπησε”
849 346 893 372 καὶ
920 345 1001 373 πάλιν

172 389 205 417 ὲκ
234 391 283 422 τῆς
310 389 437 427 γυναικὸς
466 388 593 426 ἐξελθὼν,
623 389 668 417 καὶ
699 389 892 427 ἐγκαταΛείψας
920 390 1003 425 αὗτήν

170 433 292 470 καθαρὰν
326 433 372 461 καὶ
414 432 629 473 έσφραγισμένην
664 435 796 472 παρθένον
835 434 1001 471 ἀμόλυντον,

169 479 295 516 καθάπερ
322 478 354 506 τὸ
390 478 535 517 πρότερον,
562 478 758 514 περιεπάτησεν
788 478 814 506 ἐν
838 481 878 516 τῷ
905 478 1002 515 κόσμῳ

171 522 245 559 μετὰ
266 524 320 550 τῶν
343 523 506 559 ἀνθρώπων,
531 523 569 554 ὡς
596 521 748 561 ἄνθρωπος,
768 522 813 550 καὶ
842 522 903 551 τότε
931 522 1000 551 ὦνο-

1055 305 1118 331 est:
1135 306 1164 331 et
1179 312 1282 332 rursus
1297 312 1431 338 egressus
1447 314 1479 332 ex
1495 305 1734 339 muliere,relicta
1750 306 1799 334 illa
1810 315 1883 343 pura

1057 348 1247 384 etobsignata
1256 349 1374 384 Virgine
1386 349 1413 376 in
1419 350 1715 386 contaminata,quem
1721 351 1754 378 ad
1761 352 1881 379 modum

1057 392 1150 427 prius,
1168 393 1361 421 inambulavit
1377 395 1406 422 in
1433 395 1542 422 mundo
1567 403 1633 422 cum
1651 395 1831 429 hominibus,
1848 398 1882 424 ut

1057 436 1154 471 homo,
1171 440 1200 465 et
1213 439 1284 465 tunc
1298 438 1462 475 appellatus
1478 442 1522 466 est
1537 439 1761 474 Christus,quod
1774 442 1880 468 unctus

1056 484 1144 516 esset,
1157 484 1185 509 et
1199 482 1316 510 tulisset
1331 491 1447 511 carnem
1472 483 1610 511 hominis.
1627 484 1661 511 Et
1677 484 1723 511 hic
1738 487 1782 512 est
1796 484 1880 512 Chri-

1056 527 1119 553 stus
1134 526 1226 554 Filius
1241 531 1269 554 et
1283 527 1412 555 Verbum
1431 528 1541 563 Dei,qui
1558 536 1674 556 carnem
1691 531 1795 564 gestat.

171 566 266 603 μάσθη
295 567 420 605 Χριστὸς,
437 566 481 595 διὰ
506 567 538 595 τὸ
564 567 712 606 χρισθῆναί
737 577 766 595 τε
794 566 838 595 καὶ
867 567 977 606 φορέσαι
1005 568 1054 602 τὴν
1086 569 1171 607 σάρκα
1199 572 1247 597 τοῦ
1274 570 1428 609 ἀνθρώπου.
1445 572 1494 598 Καὶ
1523 571 1602 602 οὗτός
1632 571 1701 599 ἐστιν
1727 572 1740 599 ὁ
1763 573 1880 609 Χριστὸς

167 611 185 639 δ
202 611 267 643 Υἱὸς
281 610 325 639 καὶ
340 611 431 650 Λόγος
446 613 495 640 τοῦ
511 614 589 648 Θεοῦ,
605 611 620 639 ὀ
635 613 720 649 σάρκα
735 614 837 651 φορῶν.

208 683 308 722 Ἔρώτ.
325 684 368 716 ιϐ’.
386 683 437 712 Καὶ
463 686 523 715 πῶς
549 685 583 719 ἦν
613 682 725 712 δυνατὸν
755 685 841 722 σάρκα
867 684 999 723 παρθένον

167 730 313 766 γωνῆσαι,
327 728 373 756 καὶ
389 728 472 757 πάλιν
490 729 579 765 μένειν
595 728 727 766 παρθένον
740 738 747 763 ;
764 729 808 756 καὶ
831 727 914 756 τοῦτο
937 734 999 761 θαυ-

168 772 275 809 μαστὸν
304 774 372 810 ἡμῖν
401 773 446 801 καὶ
474 774 544 801 πάνυ
573 773 687 809 ἐξαίσιον
719 773 863 813 φαίνεται·
894 772 1000 809 δίδαξον

165 818 248 854 ἡμᾶς
263 817 308 845 καὶ
319 817 381 856 περὶ
395 817 506 852 τούτου,
522 817 648 855 δεόμεθα.

206 882 305 914 Ἀπόκ.
321 885 354 913 Εἰ
379 886 424 914 καὶ
449 886 602 922 θαυμαστὸν
626 887 694 923 ἡμῖν
720 884 796 914 δοκεῖ
818 888 910 921 τοῦτο,
933 884 998 913 ἀλλ’

166 930 223 958 οὒκ
234 929 379 968 ἀνθρώπου
392 930 425 958 τὸ
450 929 538 969 ἔργον,
555 933 623 958 Θεοῦ
646 929 684 958 δέ’
701 930 769 958 ὅπου
792 931 843 968 γὰρ
870 928 997 968 βούλεται

165 975 249 1009 Θεὸς,
265 977 370 1002 νικᾶται
399 975 503 1014 φύσεως
529 975 612 1010 τάξις·
630 975 675 1002 καὶ
697 975 790 1003 πάλιν·
809 986 822 1000 ‹‹
838 975 997 1011 Θαυμαστὸς

166 1020 182 1047 ὁ
200 1019 298 1054 Θεὸς,ι
316 1019 361 1047 καὶ
377 1031 391 1045 ‹‹
404 1019 549 1056 Θαυμαστὰ
563 1019 597 1047 τὰ
612 1018 675 1057 ἔργα
690 1019 782 1047 αὐτοῦ.
795 1031 805 1044 ι
821 1018 899 1053 Πλὴν
916 1018 997 1046 ἄκου-

1092 686 1205 718 Οωεετ.
1222 687 1292 716 XIX.
1309 688 1344 716 Et
1359 688 1504 724 quomodo
1521 689 1583 716 fieri
1608 690 1712 724 potest,
1729 689 1880 725 Virginem

1055 738 1156 766 parere
1170 740 1299 765 carnem,
1316 734 1344 760 et
1358 735 1457 760 tamen
1474 741 1592 760 manere
1602 733 1745 768 virginem
1759 735 1770 760 Ρ
1783 736 1812 761 et
1826 733 1881 762 hoc

1054 775 1139 803 nobis
1156 776 1265 804 mirum
1280 777 1396 805 videtur
1411 780 1439 804 et
1461 777 1580 805 omnino
1601 778 1780 806 absurdum:
1807 779 1880 807 doce

1053 827 1106 847 nos
1122 820 1211 848 etiam
1227 820 1281 849 hac
1297 821 1331 849 de
1347 829 1386 855 re,
1404 830 1586 857 quaesumus.

1088 886 1172 914 Resp.
1189 887 1249 915 Etsi
1267 888 1352 916 nobis
1376 888 1430 916 hoc
1447 889 1607 924 permirum
1636 889 1759 922 videtur,
1776 898 1877 917 verum

1053 938 1110 958 non
1126 933 1171 959 est
1194 932 1324 960 hominis
1348 941 1433 969 opus,
1459 934 1508 960 sed
1535 934 1605 962 Dei:
1635 935 1708 961 Deus
1732 934 1809 961 enim
1826 934 1877 962 ubi

1051 974 1124 1008 vult,
1139 976 1231 1003 vincit
1246 979 1356 1005 natura:
1381 977 1524 1005 ordinem.
1552 979 1585 1005 Et
1609 987 1730 1006 rursus:
1749 990 1762 1003 α
1788 979 1877 1007 Mira-

1051 1019 1120 1047 bilis
1133 1023 1179 1048 est
1192 1021 1269 1049 Deus
1284 1022 1318 1055 ¹¹,
1334 1032 1347 1046 ι)
1372 1025 1401 1049 et
1427 1033 1441 1046 «
1461 1022 1609 1050 Mirabilia
1637 1031 1725 1058 opera
1739 1024 1803 1059 ejus
1813 1024 1844 1052 ¹¹.
1861 1034 1876 1050 »

167 1074 219 1091 σον
245 1064 309 1100 περὶ
335 1065 385 1098 τῆς
422 1064 590 1102 γεννησάσης
630 1063 765 1102 Παρθένου
803 1062 916 1091 ποικίλα
952 1063 995 1091 καὶ

1052 1063 1259 1093 Verumtamen
1290 1066 1358 1094 audi
1387 1067 1423 1094 de
1448 1067 1557 1102 virgine
1586 1067 1726 1103 genitrice
1753 1068 1833 1096 varia
1849 1071 1879 1096 et

166 1108 348 1146 ἐναργέστατα
377 1105 513 1145 σύμϐολα·
545 1110 692 1145 μνήσθητι,
721 1108 762 1136 ὅτι
798 1107 929 1146 παρθένος
957 1106 993 1135 ὢν

167 1153 183 1181 6
217 1152 307 1189 Ἀδὰμ
331 1153 382 1187 τήν
411 1151 481 1180 Εὕαν
514 1152 656 1191 ἐγέννησε·
686 1152 731 1180 καὶ
758 1152 841 1180 πάλιν
866 1152 996 1190 παρθένος

166 1195 301 1234 διέμεινε,
321 1197 441 1235 καθάπερ
465 1198 498 1225 τὸ
521 1197 663 1235 πρότερον.
679 1197 729 1225 Καὶ
754 1197 844 1235 ὥσπερ
870 1197 884 1224 ὁ
909 1195 998 1233 ’Δδὰμ

165 1242 301 1279 παρθένος
323 1241 448 1279 ἐγέννησε
475 1242 519 1270 καὶ
548 1242 680 1278 παρθένος
709 1240 836 1279 διέμεινε,
853 1241 924 1269 οὕτω
952 1240 997 1269 καί

166 1288 186 1321 ἡ
216 1286 346 1318 Θεοτόκος
373 1286 474 1324 Μαρία,
499 1287 631 1324 παρθένος
656 1285 732 1321 οὖσα,
756 1284 830 1314 ἔτεκε
857 1286 902 1313 τὸν
932 1288 996 1323 Χρι-

166 1331 246 1366 στὸν,
262 1331 307 1359 καὶ
333 1330 415 1359 πάλιν
441 1332 572 1369 παρθένος
598 1329 725 1368 διέμεινε.
741 1330 830 1358 Ἀλλὰ
856 1330 900 1358 καὶ
925 1329 996 1358 ἄλλο

165 1376 242 1412 πρὸς
270 1378 351 1403 τοῦτο
369 1377 518 1414 μυστήριον
546 1375 787 1412 ἄκουσον.”Ωσπερ
817 1375 891 1406 οἶκος
919 1384 995 1411 περι-

165 1421 364 1459 πεφραγμένος
391 1420 522 1449 πάντοθεν
548 1420 708 1448 ἀνατολικὸν
743 1418 814 1458 ἔχων
844 1419 946 1447 ὑέλινόν
967 1429 997 1446 τι

165 1464 288 1503 καθαρὸν
317 1465 363 1492 καὶ
391 1465 555 1493 λεπτότατον
584 1463 789 1503 παραθυρίδιον,
807 1463 994 1495 ἀνατείλαντος

164 1511 220 1536 τοῦ
248 1508 330 1544 ἡλίου
358 1510 386 1536 αἱ
415 1510 517 1541 ἀκτῖνες
552 1508 634 1538 αὐτοῦ
667 1508 815 1546 διαπορῶσι
842 1509 888 1536 τὸν
916 1507 993 1535 ὖελὸν

164 1553 217 1581 καὶ
246 1553 417 1592 εἰσέρχονται
445 1554 533 1582 πάντα
560 1554 606 1581 τὸν
636 1553 710 1581 οἶκον
738 1552 968 1592 καταφωτίζοντες
986 1561 993 1568 ·

163 1597 217 1626 καὶ
244 1597 328 1626 πάλιν
352 1598 562 1636 παρερχομένου
590 1600 638 1625 τοῦ
667 1597 751 1633 ἡλίου
780 1597 823 1625 καὶ
842 1599 896 1625 τῶν
912 1596 994 1624 αὐτοῦ

164 1642 286 1670 ἀκτίνων
313 1642 541 1681 ἐξερχομένων,ό
571 1641 648 1673 ὑελὸς
671 1642 702 1669 οὐ
726 1639 905 1680 συντρίϐεται,
929 1640 993 1668 ἀλλ’

164 1684 297 1721 ἀϐλαϐὴς
323 1687 353 1715 ἐκ
380 1689 433 1715 τῶν
450 1686 650 1725 ςῗσερχομένων
678 1697 708 1714 τε
735 1686 780 1714 καί
808 1685 993 1724 ἐξερχομένων

161 1731 377 1769 προσκρούσεων
392 1733 441 1759 τοῦ
455 1731 537 1766 ¹ἡλίου
559 1730 679 1768 διαμένει
703 1730 828 1759 ἀκτίνων·
846 1730 917 1758 οὕτω
943 1740 990 1767 μοι

161 1775 224 1803 νόει
253 1775 298 1803 καὶ
326 1776 387 1814 περί
416 1777 466 1809 τῆς
495 1776 669 1814 ἆειπαρθένου
690 1775 806 1812 Μαρίας.
833 1775 908 1810 Αὕτη
938 1775 990 1813 γὰρ

162 1821 183 1855 ἡ
211 1820 356 1857 πάναγνος;
372 1820 410 1852 ὡς
434 1820 509 1852 οἶκος
532 1820 597 1848 οὖσα
620 1819 884 1859 περιπεφραγμένας,
901 1820 915 1846 ὁ
930 1819 991 1850 Υἱὸς

161 1864 212 1892 ταὶ
228 1865 315 1902 Λόγος
328 1866 379 1892 τοῦ
393 1867 461 1892 Θεοῦ
475 1864 594 1903 καθάπερ
609 1864 685 1896 ἀκτὶς
701 1865 776 1899 θεϊκή
794 1863 824 1891 ἐκ
841 1866 888 1891 τοῦ
910 1863 991 1899 ἡλίου

162 1911 219 1943 τῆς
235 1907 410 1943 δικαιοσύνης
433 1911 482 1937 τοῦ
505 1909 611 1946 Πατρὸς
635 1908 786 1942 κατελθὼν,
802 1907 845 1935 καὶ
875 1906 920 1935 διὰ
944 1909 992 1935 τοῦ

167 1952 279 1980 ὑελίνου
307 1951 502 1991 παραθυριδίου
530 1955 585 1980 τῶν
621 1952 710 1980 ὠτίων
740 1952 823 1985 αὐτῆς
852 1951 992 1987 εἴσελθὼν,

164 1997 215 2025 τὸν
231 1997 360 2034 πανάγιον
377 1997 450 2025 οἶκον
473 1997 556 2030 αὐτῆς
580 1997 755 2036 κατεφώτισι,
776 1997 821 2024 καὶ
849 1996 932 2024 πάλιν
955 1997 994 2028 ὡς

167 2039 241 2068 οἶδεν
272 2041 364 2077 αὐτὸς,
394 2041 501 2076 ἐξῆλθε,
532 2042 571 2078 μὴ
599 2040 725 2078 λυμήνας
763 2041 812 2075 τὴν
851 2040 994 2079 παρθενίαν

167 2085 274 2121 ἐκείνης
295 2085 327 2113 τὸ
356 2085 480 2114 σύνολον·
497 2085 560 2114 ἀλλ’
588 2086 626 2117 ὡς
651 2086 704 2123 πρὸ
725 2087 774 2114 τοῦ
789 2085 882 2120 τόκου,
898 2086 943 2113 καὶ
967 2088 992 2113 ἐν

166 2132 209 2166 τῷ
228 2130 303 2167 τόκῳ
331 2130 376 2158 καὶ
408 2131 475 2168 μετὰ
503 2131 547 2158 τὸν
576 2130 656 2158 τόκον
680 2130 808 2168 παρθένυν
838 2131 920 2167 ἀγνὴν
952 2129 994 2158 δι-

167 2174 296 2214 ιφύλαξε.
325 2174 378 2202 Σὺν
415 2175 524 2206 τούτοις
552 2174 580 2203 δὶ
607 2175 653 2203 καὶ
681 2173 772 2213 ἕτερον
810 2174 993 2214 φωτολαμπὲς

165 2220 214 2247 καὶ
242 2220 483 2256 θαυμαστώτατον,
506 2219 637 2247 κάκείνων
663 2219 818 2257 παρόμοιον
848 2218 996 2256 ὲκτύπωμα

167 2265 297 2293 ἄκουσον.
325 2265 356 2293 Ὀ
395 2264 565 2302 μαργαρίτης
603 2264 629 2291 έν
663 2265 699 2301 τῇ
729 2264 847 2302 Ἐρυθρᾷ
876 2263 996 2300 θαλάσσῃ

167 2307 283 2346 γίνεται·
313 2308 414 2346 γίνεται
444 2307 473 2336 δὲ
501 2308 599 2340 οὕτως.
615 2309 650 2336 Αἱ
680 2308 759 2345 ἄκραι
789 2309 838 2340 τῆς
867 2308 996 2345 Ἐρυθρᾶς

168 2353 309 2388 θαλάσσης
323 2353 402 2388 ξηραί
417 2353 494 2389 εἰσιν,
513 2352 608 2391 ὀλίγου
636 2352 716 2390 χύσιν
746 2351 844 2383 ὕδατος
873 2350 994 2390 ἔχουσαι.

169 2396 349 2435 Εὖρίσκονται
365 2396 394 2425 δὶ
407 2397 494 2425 ἐκεῖσε
516 2396 754 2435 ὀστρακοδέρματά
776 2407 836 2424 τινα
864 2395 997 2428 θαλάσσια

1052 1108 1275 1137 evidentissima
1291 1110 1442 1146 symbols;
1464 1112 1615 1139 recordare
1630 1113 1706 1148 quod
1724 1114 1810 1139 Evam
1826 1121 1877 1149 ge-

1052 1153 1149 1180 nuerit
1176 1154 1280 1185 Adam.
1297 1162 1363 1182 cum
1394 1158 1472 1183 esset
1498 1157 1595 1191 virgo:
1627 1158 1655 1184 et
1680 1165 1782 1184 rursus
1796 1157 1877 1192 virgo

1052 1197 1204 1232 manserit,
1230 1199 1479 1233 quemadmodum
1506 1200 1599 1235 prius.
1626 1200 1657 1227 Et
1684 1201 1759 1228 sicut
1783 1202 1876 1229 Adam

1050 1241 1131 1277 virgo
1146 1242 1305 1277 generavit,
1322 1245 1350 1270 et
1363 1243 1442 1280 virgo
1460 1244 1623 1278 mansit,ila
1640 1248 1667 1272 et
1686 1245 1805 1281 Deipara
1816 1246 1875 1273 Ma-

1051 1285 1104 1319 ria,
1121 1286 1201 1322 virgo
1216 1295 1283 1315 cum
1308 1289 1397 1322 esset,
1421 1289 1532 1324 peperit
1557 1289 1716 1323 Christum,
1733 1292 1760 1317 et
1775 1292 1874 1318 tamen

1049 1329 1130 1366 virgo
1147 1331 1378 1366 permansit.Sed
1390 1334 1419 1359 et
1434 1333 1513 1359 aliud
1531 1334 1598 1360 audi
1614 1334 1784 1369 mysterium
1798 1342 1803 1361 :
1818 1334 1874 1361 sic-

1050 1377 1083 1401 ut
1097 1375 1202 1403 domus
1217 1376 1412 1412 circumsepta
1438 1377 1578 1413 undique,
1596 1386 1659 1413 quae
1675 1378 1763 1405 habet
1777 1378 1873 1406 orien-

1049 1420 1108 1446 tem
1124 1428 1227 1448 versus
1242 1420 1361 1448 vitream
1384 1429 1487 1457 puram
1510 1424 1538 1448 et
1565 1422 1770 1449 tenuissimam
1794 1422 1874 1449 fene-

1049 1463 1293 1498 stellam,oriente
1309 1464 1381 1498 sole,
1398 1465 1470 1492 radii
1487 1466 1550 1500 ejus
1566 1469 1750 1501 penetrantes
1767 1467 1874 1494 vitrum

1050 1510 1079 1535 et
1093 1507 1291 1544 ingredientes
1317 1509 1437 1537 domum
1455 1512 1544 1537 totam
1561 1510 1750 1538 collustrant:
1767 1512 1795 1538 et
1810 1519 1886 1538 πυτ-ν

1049 1560 1101 1580 sus
1117 1555 1286 1581 transeunte
1301 1553 1362 1581 sole
1376 1556 1406 1581 et
1427 1554 1644 1589 egredientibus
1660 1554 1750 1582 radiis
1766 1555 1873 1583 vitrum

1049 1605 1107 1624 non
1123 1598 1328 1634 confringitur,
1352 1599 1402 1626 sed
1429 1599 1464 1625 ab
1489 1599 1720 1634 ingredientibus
1743 1603 1771 1627 et
1787 1608 1870 1635 egre-

1047 1641 1196 1670 dientibus
1234 1642 1507 1679 repercussionibus
1544 1644 1691 1671 radiorum
1729 1644 1870 1672 solarium

1047 1689 1147 1714 manet
1162 1686 1305 1721 illasum;
1326 1687 1367 1714 ita
1392 1687 1538 1723 intelligas
1562 1688 1597 1715 de
1623 1696 1739 1724 semper
1753 1688 1871 1724 Virgine

1047 1730 1148 1759 Maria.
1174 1730 1226 1758 Illa
1244 1731 1322 1759 enim
1351 1732 1527 1766 castissima,
1545 1734 1578 1760 ut
1607 1733 1712 1761 domus
1737 1734 1869 1768 quaedam

1046 1775 1240 1810 circumsepta
1257 1784 1323 1804 cum
1338 1776 1385 1811 sit,
1405 1777 1493 1804 Filius
1514 1780 1542 1804 et
1556 1777 1684 1805 Verbum
1712 1777 1761 1804 Dei
1777 1780 1809 1805 ut
1823 1786 1869 1805 ra-

1045 1819 1113 1847 dius
1127 1819 1243 1848 divinus
1257 1828 1292 1848 ex
1307 1820 1367 1848 sole
1377 1821 1499 1856 justitizn
1517 1823 1599 1849 Patre
1615 1822 1804 1854 descendens,
1818 1821 1869 1857 qui

1047 1872 1098 1899 per
1111 1864 1233 1892 vitream
1261 1864 1442 1893 fenestellam
1469 1866 1584 1892 aurium
1611 1866 1689 1893 illius
1719 1866 1872 1901 ingressus

1047 1909 1265 1936 sanctissimam
1283 1910 1401 1937 domum
1418 1910 1478 1944 ejus
1494 1909 1660 1943 illustravit,
1677 1915 1705 1936 et
1721 1919 1822 1937 rursus
1839 1912 1874 1938 ut

1047 1952 1125 1980 idem
1142 1952 1233 1986 novit,
1249 1953 1345 1989 exivit,
1363 1962 1399 1981 ne
1415 1954 1535 1980 minime
1551 1954 1667 1988 quidem
1694 1954 1801 1981 foedata
1817 1954 1874 1981 vir-

1048 1997 1170 2034 ginitate
1195 1997 1293 2025 illius:
1319 1998 1369 2025 sed
1395 1997 1471 2026 sicut
1496 2000 1561 2025 ante
1586 2001 1712 2032 partum,
1738 1998 1873 2026 etiamin

1049 2044 1147 2078 partu,
1162 2044 1191 2070 et
1204 2044 1270 2077 post
1285 2044 1401 2078 partum
1416 2043 1564 2078 Virginem
1592 2046 1701 2069 castam
1719 2051 1873 2071 conserva-

1049 2086 1099 2114 vit.
1125 2089 1264 2115 Praaterea
1288 2090 1316 2114 et
1339 2086 1427 2114 aliam
1452 2087 1596 2114 illustrem
1622 2087 1825 2115 admirandam
1846 2091 1875 2116 et

1050 2131 1109 2159 illis
1125 2130 1252 2159 similem
1265 2131 1334 2159 audi
1345 2130 1743 2167 similitudinem.Margarita
1754 2132 1783 2159 in
1801 2133 1875 2160 mari

1050 2176 1149 2203 Rubro
1165 2178 1338 2211 generatur:
1356 2179 1512 2211 generatur
1527 2178 1623 2203 autem
1642 2177 1696 2204 hoc
1712 2177 1808 2204 modo.
1825 2177 1878 2204 Ex-

1049 2221 1214 2249 tremitates
1243 2221 1335 2249 maris
1368 2218 1455 2249 Rubri
1493 2222 1577 2248 siccae
1606 2224 1685 2255 sunt,
1716 2230 1875 2257 paucarum

1050 2274 1194 2301 aquarum
1210 2265 1319 2293 ﬂuxum
1338 2265 1488 2293 habentes.
1508 2266 1697 2292 Inveniuntur
1722 2269 1819 2294 autem
1834 2266 1875 2294 ibi

1050 2309 1194 2338 conchilia
1210 2311 1333 2345 marina,
1350 2310 1380 2337 in
1406 2313 1465 2337 toto
1486 2310 1557 2337 mari
1585 2310 1634 2337 illo
1658 2310 1764 2345 Rubro,
1782 2311 1876 2346 pinnae

1051 2355 1212 2382 nominata.
1229 2355 1314 2382 Stant
1326 2355 1416 2390 igitur
1440 2354 1535 2390 pinnae
1550 2354 1605 2381 illae
1631 2363 1746 2390 semper
1760 2355 1877 2383 hiantes

1051 2402 1080 2427 et
1093 2401 1297 2435 exspectantes
1307 2408 1389 2427 escas
1400 2400 1435 2426 ad
1454 2399 1666 2427 nutrimentum
1678 2399 1723 2427 sui
1735 2408 1740 2427 2
1758 2399 1875 2427 interim

169 2441 198 2469 ἐν
216 2442 290 2475 πάσῃ
315 2444 350 2479 τῇ
372 2443 488 2480 Ἐρυθρᾷ
513 2441 634 2479 θαλάσσῃ
660 2441 756 2479 ἐκείνῃ,
773 2441 862 2468 πίνναι
894 2440 994 2477 ὀνομα-

1052 2444 1120 2471 dum
1135 2444 1176 2471 ita
1187 2445 1354 2472 consistunt
1365 2444 1522 2476 hiantes,et
1537 2446 1705 2479 exspectant
1716 2444 1878 2472 nutrimen-

170 2486 283 2522 ζόμενα.
309 2488 443 2515 Ἵστανται
473 2486 518 2514 οὖν
549 2487 577 2514 αἱ
595 2486 685 2513 πίνναι
711 2485 810 2514 ἐκεῖναι
840 2485 881 2513 ἀεὶ
909 2495 995 2523 κεχη-

172 2533 254 2568 ιυῖαι,
270 2531 315 2559 καὶ
330 2530 509 2569 ἐκδεχόμεναι
537 2531 670 2569 βρώματα
698 2530 735 2561 εἰς
763 2530 867 2569 τροφὴν
896 2530 996 2559 αὐτῶν.

167 2576 214 2603 Ἐν
243 2578 309 2613 γοῦν
336 2577 377 2612 τῷ
406 2574 527 2604 ἵστασθαι
555 2575 636 2607 αὐτὰς
651 2574 799 2613 κεχηνυίας
815 2574 859 2602 καὶ
888 2573 998 2613 ἐκδεχο-

172 2620 257 2657 μένας
271 2621 322 2655 τήν
348 2621 449 2648 ἑαυτῶν
464 2621 580 2658 τροφὴν,
596 2622 703 2658 συχνῶν
731 2619 884 2658 γενομένων
913 2618 998 2647 ἐκεῖσε

169 2667 228 2692 τῶν
266 2666 422 2703 ἀστραπῶν,
452 2664 612 2704 κατέρχεται
639 2666 657 2700 ἡ
688 2664 811 2702 ἀστραπὴ
849 2664 917 2701 πρὸς
946 2664 996 2698 τὴν

129 2704 132 2707 ’
168 2709 280 2747 πίνναν,
314 2710 361 2738 καὶ
399 2709 559 2747 εὖρίσκουσα
594 2710 628 2738 τὰ
664 2710 713 2742 τῆς
749 2708 845 2744 πίννης
882 2705 999 2746 ὄστρακα

207 2855 230 2874 υ
247 2852 323 2884 Pal.
340 2859 429 2888 mn,
443 2852 489 2882 36.
518 2852 551 2871 4'
566 2850 654 2883 Eccli.
669 2859 698 2888 ι,
714 2852 741 2881 Δ.

1050 2489 1125 2521 tum,
1142 2490 1170 2515 et
1199 2496 1305 2524 magna
1330 2488 1414 2524 copia
1443 2488 1553 2515 accedit
1577 2488 1737 2523 fulgurum,
1767 2489 1879 2516 accedit

1052 2531 1170 2567 aliquod
1187 2532 1286 2567 fulgur
1301 2532 1337 2560 ad
1363 2533 1496 2568 pinnam,
1513 2535 1541 2560 et
1565 2541 1631 2559 cum
1649 2533 1771 2568 reperiat
1788 2535 1878 2562 testas

1052 2576 1148 2611 pinna:
1174 2578 1299 2611 apertas,
1325 2576 1490 2612 ingreditur
1517 2577 1546 2603 in
1572 2577 1671 2609 illam;
1697 2577 1787 2612 pinna
1811 2586 1877 2605 vero

1052 2623 1203 2648 contracta
1218 2621 1317 2649 statim
1334 2623 1362 2648 et
1377 2621 1535 2649 constricta
1546 2622 1574 2648 in
1592 2622 1718 2657 seipsam
1734 2621 1813 2649 intus
1830 2622 1878 2650 in—

1052 2664 1145 2692 cludit
1161 2664 1384 2701 fulgur.Fu1gur
1395 2673 1461 2693 vero
1473 2665 1642 2693 obvolutum
1656 2667 1684 2693 in
1702 2666 1796 2702 globis
1813 2674 1881 2694 ocu-

1053 2709 1148 2738 lorum
1165 2710 1271 2746 pinnas,
1301 2709 1430 2738 illustrat
1454 2710 1530 2744 illos,
1547 2713 1574 2738 et
1603 2713 1764 2739 commutat
1784 2719 1833 2739 eos
1848 2711 1879 2739 in
