4096 6212
323 400 433 461 ’191

1514 396 1579 455 S.
1624 391 2145 454 ATHANASIUS.
2177 424 2257 441 -
2284 394 2547 457 DUBIA.

3636 392 3758 454 792

326 531 699 603 margaritas.
732 531 991 600 Egressus
1042 531 1237 583 autem
1285 526 1615 599 margaritae
1657 543 1725 580 ex
1776 525 1976 597 pinna,

2117 524 2428 599 ινεῳγμένα,
2462 525 2762 601 εἰσέρχεται
2817 524 2895 586 εἷς
2952 522 3141 594 αὐτήν·
3174 525 3210 593 ἡ
3272 519 3329 577 δὲ
3382 520 3557 591 πίννα,
3592 521 3752 587 εὖθῦς

329 622 643 694 procidunt
674 620 743 674 ad
776 618 944 673 littus
977 618 1177 683 maris,
1212 621 1389 689 atque
1435 616 1519 671 ita
1549 616 1868 688 piscatores
1893 631 1989 668 ca-

329 712 501 784 piunt
557 710 707 763 illas.
772 707 1014 763 Perinde
1089 706 1384 778 intelligas
1442 707 1512 759 de
1589 704 1991 760 incarnatione

331 799 531 855 Verbi.
565 801 717 851 Mare
780 798 1015 868 quidem
1051 800 1141 850 est
1198 796 1483 863 mundus,
1524 798 1581 848 et
1626 794 1801 866 Virgo
1850 809 1992 848 con-

336 888 465 946 cha.
501 888 705 942 Stabat
752 890 947 940 autem
1002 884 1197 956 Virgo,
1239 884 1734 955 quemadmodum
1789 883 1991 954 pinna,

333 978 395 1033 in
430 976 668 1047 templo,
696 980 749 1029 et
781 975 1104 1046 excipiebat
1134 974 1427 1029 cmlestem
1464 989 1671 1044 panem
1694 971 1991 1027 Christum

337 1067 545 1131 Deum,
583 1064 678 1134 qui
716 1069 771 1118 et
822 1063 1183 1118 descendens
1220 1066 1278 1117 et
1309 1062 1612 1133 ingressus
1644 1061 1699 1114 in
1749 1076 1898 1129 eam,
1932 1065 1996 1115 ut

339 1155 561 1226 fulgur,
596 1158 651 1208 et
692 1152 1038 1207 ronvolutus
1069 1151 1126 1204 in
1178 1150 1497 1205 visceribus
1535 1150 1891 1221 virginitatis
1924 1149 1995 1204 il-

344 1244 482 1311 lius,
537 1241 904 1313 splendidam
957 1240 1213 1295 reddidit
1258 1239 1695 1295 sanctissimam
1736 1254 1997 1309 carnem,

344 1348 525 1405 quam
560 1330 884 1401 assumpsit
912 1329 1057 1385 287
1096 1329 1475 1395 incarnatus;
1507 1333 1563 1383 et
1588 1328 1671 1382 sic
1704 1333 1877 1382 natus
1910 1332 1999 1381 est

345 1438 414 1478 ex
444 1438 532 1488 ea,
567 1420 823 1473 Verbum
855 1418 971 1488 Dei,
1006 1422 1070 1472 ut
1101 1434 1246 1488 pura
1276 1423 1332 1473 et
1383 1416 1810 1488 pretiosissima
1838 1433 1997 1472 mar-

344 1510 534 1582 garita
564 1509 691 1562 sine
720 1522 1038 1577 congressu
1064 1505 1331 1560 masculi.
1365 1506 1435 1560 Et
1455 1511 1520 1560 ut
1546 1506 1863 1577 margarita
1882 1522 1997 1560 ca:-

339 1597 507 1654 lestis
538 1600 626 1651 est
657 1600 713 1651 et
758 1600 1026 1662 terrena;
1081 1594 1330 1650 caelestis
1385 1594 1623 1666 quidem
1672 1594 1997 1649 secundum

341 1686 580 1757 fulgur:
614 1684 913 1739 terrestris
942 1700 1076 1738 vero
1103 1684 1427 1738 secundum
1460 1683 1827 1755 complexum
1862 1699 1999 1738 ocu-

342 1777 538 1832 lorum
575 1775 804 1846 pinna;
853 1773 936 1829 sic
985 1772 1161 1828 etiam
1212 1772 1479 1829 Christus
1526 1772 1781 1829 cmlestis
1828 1776 2002 1828 estet

344 1871 655 1921 terrenus:
703 1863 957 1918 caelestis
1019 1862 1254 1961 quidem
1308 1863 1633 1917 secundum
1683 1862 1998 1917 deitatem:
2032 1896 2079 1961 B

346 1953 643 2010 terrestris
666 1956 861 2007 autem
886 1951 1210 2007 secundum
1234 1950 1685 2007 humanitatem.
1716 1951 1785 2006 Et
1806 1967 2005 2022 quem-

353 2044 673 2098 admodum
710 2041 1026 2112 margarita
1056 2044 1369 2112 generatur
1396 2041 1522 2097 sine
1551 2057 1865 2111 congressu
1889 2058 2005 2096 ma-

351 2131 501 2188 sculi
528 2135 584 2187 et
616 2131 864 2199 feminea,
897 2146 964 2185 ex
1000 2128 1224 2201 fulgore
1253 2136 1311 2185 et
1347 2128 1545 2200 pinna,
1580 2130 1661 2185 ita
1689 2130 1865 2185 etiam
1901 2148 2001 2185 na-

348 2224 445 2276 tus
476 2224 565 2275 est
609 2220 878 2275 Christus
911 2218 1039 2273 sine
1087 2235 1406 2289 congressu
1458 2218 1702 2274 masculi
1751 2225 1807 2274 et
1838 2220 2003 2275 femi-

351 2327 459 2375 naa,
492 2326 556 2363 ex
589 2309 825 2378 deitate,
857 2311 914 2362 et
953 2323 1021 2362 ex
1069 2323 1241 2361 carne
1289 2307 1567 2379 Virginis.
1602 2309 1670 2362 Et
1717 2310 2005 2379 quemad«

352 2399 593 2453 modum
626 2414 758 2451 cum
785 2396 1101 2467 margarita
1121 2396 1460 2461 conteritur,
1488 2398 1733 2452 materia
1763 2399 2001 2470 quidem

351 2486 655 2543 oculorum
690 2486 883 2556 pinnae
924 2484 1244 2540 conteritur
1291 2488 1347 2539 et
1400 2485 1725 2552 resolvitur,
1779 2504 1884 2543 nec
1916 2492 2000 2544 ta-

354 2592 486 2631 men
521 2575 797 2645 splendor
820 2572 1072 2645 fulguris
1106 2574 1345 2645 patitur,
1380 2574 1481 2629 sed
1511 2574 1790 2645 splendor
1820 2576 2005 2648 fulgu-

350 2664 432 2719 ris
465 2662 814 2733 impalibilis
864 2666 1103 2716 manet:
1158 2661 1407 2717 materia
1454 2667 1649 2719 autem
1700 2664 2002 2721 oculorum

349 2751 544 2823 pinna
578 2750 703 2805 sola
733 2749 1057 2805 conteritur
1086 2753 1143 2803 et
1182 2749 1442 2821 patitur;
1473 2752 1553 2805 ita
1601 2757 1656 2806 et
1686 2751 1744 2806 in
1776 2753 2004 2809 Christo

352 2839 473 2895 haec
506 2838 886 2909 intelligenda
918 2842 1076 2893 sunt.
1109 2839 1251 2893 Cum
1282 2838 1439 2894 enim
1472 2838 1569 2895 ille
1610 2840 1871 2897 Salvator
1903 2860 2004 2897 no-

354 2934 477 2986 ater
507 2928 898 3000 ﬂagellaretur
923 2931 979 2982 et
1018 2931 1314 2999 pateretur
1344 2945 1377 2983 a
1403 2928 1621 2985 Judaais
1671 2931 2005 2988 inﬁdelibus

354 3018 722 3072 excruciatus
754 3017 812 3071 in
847 3032 1038 3081 cruce,
1074 3016 1320 3071 materia
1365 3016 1601 3087 quidem
1653 3020 1862 3088 carnis,
1898 3021 2005 3077 hoc

355 3110 444 3161 est
474 3106 833 3172 humanitas,
860 3105 983 3159 sola
1006 3121 1179 3176 passa
1209 3108 1316 3170 est,
1346 3105 1533 3162 deitas
1553 3111 1749 3163 autem
1778 3110 2008 3182 impati-

354 3193 493 3247 hilis
526 3193 868 3263 permansit.
901 3193 967 3247 Et
1023 3209 1156 3248 cum
1188 3192 1297 3247 hoc
1351 3194 1521 3259 dicis,
1556 3197 1775 3253 rel'utas
1821 3198 2003 3255 Theo-

2099 612 2501 687 συστελλομένη
2559 614 2649 667 καὶ
2709 612 3113 691 συσφιγγομένη
3171 613 3291 674 καθ’
3347 609 3565 683 ἐαυτην,
3608 611 3758 674 ἐντὸς

2100 703 2265 772 αὐτῆς
2339 702 2620 758 ἀποκλείει
2700 703 2799 771 τὴν
2876 703 3174 777 ἀστραπήν.
3234 706 3295 755 ἹΙ
3363 697 3419 754 δὲ
3478 700 3750 776 ἀστραπή,

2098 792 2460 866 τυλισσομένη
2491 793 2564 854 εἷς
2591 791 2720 854 τοὺς
2752 786 3152 870 (τ’)ιρορϐείους
3181 795 3289 845 τῶν
3325 789 3627 867 ὀφθαλμῶν
3658 795 3760 857 τῆς

2102 883 2320 952 πίννης,
2385 880 2830 957 καταλαμπρύνει
2902 879 3117 948 αὐτοὺς,
3170 880 3259 934 καὶ
3336 885 3485 934 ποιεῖ
3558 878 3757 943 αὐτοὺς

2107 971 2462 1049 μαργαρίτας.
2498 970 2875 1048 Ἐξερχόμενοι
2910 968 2967 1025 δὲ
3007 971 3058 1024 οἱ
3112 974 3438 1045 μαργαρῖται
3501 969 3609 1024 ἀπὸ
3655 974 3759 1035 τῆς

2102 1061 2312 1134 πίννης,
2362 1061 2617 1116 πίπτουσι
2677 1061 2811 1136 πρὸς
2868 1058 2959 1114 τὸν
3021 1057 3266 1134 αἲγιαλῦν
3322 1062 3420 1123 τῆς
3479 1057 3761 1129 Θαλάσσης

2106 1151 2335 1223 ἐκείνης,
2368 1151 2455 1206 καὶ
2488 1150 2660 1212 οὕτως
2702 1149 3035 1226 εὑρίσκουσιν
3089 1148 3283 1210 αὐτοὺς
3335 1150 3386 1202 οἱ
3436 1148 3758 1222 γυρεύοντες

2105 1240 2322 1302 αὐτούς.
2377 1240 2561 1302 Οὕτως
2643 1262 2734 1313 μοι
2795 1239 2904 1294 νόει
2957 1238 3047 1293 καὶ
3105 1237 3229 1313 περὶ
3277 1240 3375 1303 τῆς
3432 1238 3761 1312 σαρκώσεως

2105 1335 2200 1385 τοῦ
2254 1330 2455 1405 Λόγου.
2489 1328 2740 1385 Θάλασσα
2801 1330 2893 1403 μὲν
2946 1330 2973 1382 6
3023 1326 3252 1400 κόσμος,
3284 1326 3372 1381 καὶ
3413 1329 3448 1396 ἡ
3482 1329 3758 1402 Παρθένος

2105 1418 2385 1494 κογχύλη.
2417 1422 2630 1474 Ἵστατο
2675 1416 2733 1473 δὲ
2782 1421 2816 1487 ἡ
2871 1415 3143 1492 [Ιαρθένος
3202 1415 3440 1489 καθάπερ
3499 1416 3658 1470 πίννα
3706 1415 3759 1470 ἐν

2105 1512 2184 1580 τῷ
2216 1512 2349 1579 ναῷ,
2384 1505 2717 1583 ἐκδεχομένη
2748 1508 2839 1561 τὸν
2870 1505 3117 1582 οὐράνιον
3184 1502 3342 1576 ἄρτον
3392 1504 3618 1580 Χριστὸν
3665 1504 3761 1559 τὸν

2108 1599 2256 1666 Θεὸν,
2290 1598 2348 1659 ’ὸς
2409 1598 2496 1652 καὶ
2556 1595 2829 1651 κατελθὼν
2887 1595 2975 1649 καί
3029 1591 3289 1657 εἰσελθὼν
3350 1592 3399 1648 ἐν
3460 1592 3620 1668 αὐτῇ,
3684 1594 3764 1655 ὡς

2109 1687 2377 1762 ἀστραπὴ,
2436 1686 2526 1741 καὶ
2605 1684 3002 1760 ἐντετυλιχθεὶς
3078 1682 3129 1738 ἐν
3206 1687 3325 1744 ταῖς
3392 1680 3589 1757 λαγόσι
3660 1686 3763 1747 τῆς

2108 1776 2392 1851 παρθενίας
2448 1775 2634 1847 αὐτῆς,
2682 1770 3029 1849 λαμπροειδῆ
3072 1770 3429 1826 κατεσκεύασε
3477 1772 3576 1838 τὴν
3630 1792 3769 1825 παν-

2110 1863 2260 1942 αγίαν
2313 1866 2502 1938 σάρκα,
2533 1865 2601 1933 ἢν
2659 1858 3031 1939 προσελάϐετο
3089 1859 3405 1937 σαρκωθείς·
3438 1860 3529 1914 καὶ
3585 1859 3764 1921 οὕτως

2114 1955 2367 2031 ἐγεννήθη
2431 1954 2481 2023 ἐξ
2539 1953 2704 2017 αὐτῆς
2765 1952 2837 2013 ὡς
2912 1950 3146 2026 καθαρὸς
3216 1950 3306 2003 καὶ
3380 1947 3766 2021 πολυτίμητος

2116 2043 2456 2119 μαργαρίτης
2507 2044 2535 2096 6
2586 2041 2762 2116 Λόγος
2811 2044 2909 2095 τοῦ
2952 2043 3084 2094 Θεοῦ
3135 2038 3312 2115 χωρὶς
3369 2036 3592 2114 ἄρρενος
3644 2059 3770 2091 συν-

2113 2132 2433 2205 ουσιασμοῦ,
2489 2131 2587 2187 Καὶ
2637 2131 2815 2204 ὥσπερ
2867 2130 2895 2183 6
2954 2128 3287 2205 μαργαρίτης
3339 2126 3592 2203 οὐράνιός
3652 2126 3768 2182 ἐστι

2111 2223 2200 2277 καὶ
2259 2222 2517 2298 ἐπίγειος,
2577 2220 2825 2297 οὐράνιος
2905 2219 2999 2291 μὲν
3074 2218 3209 2273 κατά
3279 2218 3379 2284 τὴν
3456 2217 3769 2292 ἀστραπὴν,

2113 2311 2348 2386 ἐπίγειος
2379 2309 2436 2365 δὲ
2464 2312 2599 2365 κατά
2627 2311 2725 2377 τὴν
2778 2308 3101 2381 συμπλοκὴν
3154 2311 3261 2361 τῶν
3311 2305 3614 2383 ὀφθαλμῶν
3667 2313 3771 2375 τῆς

2114 2399 2321 2470 πίννης·
2354 2400 2496 2453 οὕτω
2554 2399 2643 2453 καὶ
2676 2399 2703 2452 6
2735 2398 2966 2471 Χριστὸς
3024 2395 3275 2472 οὐράνιός
3335 2394 3446 2449 ἐστι
3497 2395 3588 2448 καὶ
3651 2394 3772 2449 ἐπί-

2112 2509 2279 2564 γειος·
2342 2488 2591 2563 οὐράνιος
2653 2487 2747 2559 μὲν
2808 2486 2943 2540 κατὰ
2995 2486 3094 2553 τήν
3135 2484 3387 2554 θεότητα,
3420 2482 3662 2559 ἐπίγειος
3710 2480 3770 2538 δὶ

2113 2578 2247 2632 κατὰ
2304 2577 2714 2652 ἀνθρωπότητα.
2750 2575 2846 2629 Καὶ
2897 2574 3079 2649 ὥσπερ
3138 2575 3166 2628 6
3213 2572 3551 2648 μαργαρίτης
3602 2592 3768 2626 κατα-

2116 2668 2423 2735 σκευάζεται
2482 2666 2603 2720 ἅνευ
2670 2664 2953 2725 συνουσίας
3026 2662 3249 2739 ἄρρενος
3306 2661 3395 2716 καὶ
3455 2660 3655 2730 θήλεος
3715 2659 3768 2733 ἐξ

2114 2756 2390 2830 ἀστραπῆς
2449 2754 2538 2809 καὶ
2612 2761 2711 2823 τῆς
2782 2754 2995 2824 πίννης,
3048 2752 3223 2814 οὕτως
3301 2752 3392 2805 καὶ
3446 2751 3474 2804 6
3534 2750 3768 2825 Χριστὸς

2115 2845 2370 2920 ἐγεννήθη
2432 2843 2554 2898 ἄνευ
2614 2845 3011 2914 συνουσιασμοῦ
3072 2839 3292 2916 ἄρῥενος
3320 2839 3411 2894 καὶ
3461 2837 3665 2909 θήλεος
3706 2837 3766 2893 ἐκ

2112 2941 2212 3003 τῆς
2273 2929 2551 3003 θεότητος,
2603 2931 2692 2985 καὶ
2750 2938 2849 2999 τῆς
2908 2930 3103 3005 σαρκὸς
3154 2934 3256 2997 τῆς
3318 2928 3612 3004 Παρθένου.
3664 2927 3767 2983 Καὶ

2116 3023 2296 3098 ὥσπερ
2330 3024 2356 3076 6
2392 3020 2730 3095 μαργαρίτης
2768 3012 3208 3092 συντριϐόμενος,
3249 3014 3519 3077 πολλάκις
3569 3018 3604 3085 ἡ
3666 3016 3762 3087 μὶν

2114 3112 2219 3182 ὕλη
2251 3116 2360 3166 τῶν
2395 3109 2693 3188 ὀφθαλμῶν
2726 3112 2824 3174 τῆς
2854 3106 3049 3177 πίννης
3099 3102 3434 3181 συντρίϐεται
3493 3103 3585 3158 καὶ
3645 3100 3763 3157 δια-

2117 3200 2324 3273 λύεται,
2385 3197 2512 3275 ουχὶ
2572 3196 2629 3253 δὲ
2687 3198 2775 3252 καὶ
2832 3200 2866 3266 ἡ
2929 3192 3254 3272 Ααμπρότης
3310 3195 3408 3265 τῆς
3485 3194 3765 3269 ἀστραπῆς

357 3280 676 3351 paschitas,
712 3284 767 3333 et
798 3280 971 3335 doces
1014 3281 1379 3336 incarnatam
1420 3285 1824 3341 oeconomiam.
1864 3289 2003 3345 [line

2117 3264 2339 3365 πάσχει,
2376 3264 2499 3344 ἀλλ’
2529 3290 2563 3351 ἡ
2604 3287 2697 3359 μὶν
2758 3264 3100 3359 λαμπρότης.
3139 3286 3237 3352 τῆς
3296 3264 3595 3353 ἀστραπῆς.
3627 3283 3771 3336 ἀπα-

354 3369 486 3435 tibi,
519 3368 745 3433 dilecte,
779 3370 1095 3441 scrupulus
1126 3371 1316 3442 gratia
1347 3372 1558 3428 Christi
1591 3377 1885 3435 eximitur.

360 3456 497 3529 μόνη
567 3451 898 3530 συντρίϐεται
955 3456 1043 3510 καὶ
1103 3460 1302 3532 πάσχει
1337 3476 1351 3489 ⁶

2119 3381 2218 3448 θὴς
2276 3378 2541 3451 διαμένει,
2572 3378 2606 3445 ἡ
2643 3373 2700 3431 δὲ
2747 3374 2853 3445 ὕλη
2909 3378 3017 3428 τῶν
3072 3371 3372 3446 ὀφθαλμῶν
3416 3372 3521 3440 τῆς
3577 3370 3777 3441 πίννης

1411 3459 1581 3522 οὕτως
1632 3464 1720 3517 καὶ
1781 3464 1865 3519 ἐπὶ
1923 3472 2019 3522 τοῦ
2076 3472 2308 3544 Χριστοῦ
2366 3464 2447 3521 δεῖ
2501 3486 2558 3521 σε
2603 3470 2764 3520 νοεῖν.
2822 3463 3236 3535 Μαστιζομένου
3292 3461 3393 3537 γᾶῖρ
3451 3459 3615 3515 αὐτοῦ
3671 3463 3770 3513 τοῦ

358 3552 619 3621 Σωτῆρος
658 3548 841 3617 ἡμῶν,
872 3545 960 3631 καὶ
985 3548 1292 3621 πάσχοντος
1329 3548 1429 3601 ὑπὸ
1458 3554 1564 3603 τῶν
1599 3551 1835 3608 ἀπίστων
1870 3555 2145 3613 Ἰουδαίων
2177 3556 2227 3612 ἐν
2259 3562 2337 3628 τῷ
2364 3560 2595 3631 σταορῷ,
2702 3555 2795 3628 μὲν
2828 3553 2967 3622 ὕλης
3013 3559 3112 3622 τῆς
3162 3551 3379 3623 σαρκὸς,
3412 3546 3579 3626 ἤγουν
3611 3551 3645 3617 ἡ
3682 3549 3770 3602 ἀν-

356 3633 663 3710 θρωπότης,
698 3633 837 3705 μόνη
871 3630 1094 3709 ἔπασχε,
1130 3636 1164 3703 ἡ
1200 3631 1256 3688 δὲ
1288 3635 1478 3707 θεότης
1510 3634 1722 3709 ἀπαθὴς
1754 3640 2006 3716 διέμεινε.
2040 3646 2138 3701 Καὶ
2193 3650 2359 3700 ταῦτα
2417 3630 2616 3719 λέγων,
2647 3641 3041 3715 ἀντιστομίζεις
3100 3638 3497 3713 Θεοπασχίτας,
3528 3638 3618 3692 καὶ
3669 3638 3770 3705 τὴν

356 3722 611 3797 ἕνσαρκον
642 3721 913 3785 διδάσκεις
944 3723 1280 3796 οἰκονομίαν.
1314 3726 1581 3782 Ἐντεῦθεν
1609 3751 1692 3783 σοι
1715 3732 1779 3786 τὸ
1809 3730 2144 3812 ἀμφίϐολον,
2176 3735 2443 3810 ἀγαπητὶ,
2476 3735 2661 3808 χάριτι
2697 3736 2927 3805 Χριστοῦ
2961 3728 3258 3786 διαλύεται.

426 3818 650 3881 Οωεετ.
704 3814 817 3869 ΧΧ.
893 3815 1176 3878 Quoniam
1256 3817 1474 3886 omnia,
1554 3820 1747 3878 divine
1820 3825 2006 3892 Pater,

362 3904 776 3959 convenienter
816 3918 922 3957 nos
948 3902 1221 3958 docuisti.
1256 3903 1517 3962 Petimus
1550 3924 1582 3962 a
1612 3913 1689 3972 te,
1722 3915 1787 3965 ut
1817 3917 1873 3966 et
1902 3912 2013 3969 hoc

354 3991 525 4046 nobis
583 3992 1005 4061 interpreteris,
1066 3993 1136 4047 de
1189 4009 1305 4063 quo
1362 3995 1554 4051 adhuc
1626 3998 2008 4057 dubitamus:

356 4080 739 4150 quamobrem
773 4079 961 4134 deitas
993 4096 1108 4135 non
1143 4081 1408 4138 docuerit
1444 4085 1569 4140 sola
1600 4087 1925 4155 hominem,
1955 4095 2014 4146 et

358 4169 676 4223 servaverit
708 4185 841 4223 eum
873 4170 1002 4224 sine
1024 4188 1197 4227 carne
1219 4172 1246 4227 ?
1277 4189 1381 4228 cur
1400 4175 1554 4231 enim
1581 4176 1830 4234 voluerit
1865 4180 2012 4235 ferre

356 4272 591 4312 carnem
616 4256 642 4309 ?

430 4346 601 4399 Rssr.
639 4346 825 4399 Etiam
849 4346 919 4400 de
951 4345 1057 4402 hoc
1080 4350 1259 4419 probe
1291 4349 1615 4426 interrogas
1643 4372 1655 4410 :
1690 4359 1846 4413 unde
1877 4358 2013 4413 audi

359 4435 535 4492 etiam
566 4437 741 4507 probe
767 4438 1233 4507 responsionem.
1268 4442 1581 4515 Principio,
1608 4450 1842 4517 quando
1858 4448 2012 4505 Deus

361 4526 625 4580 condidit
657 4525 978 4591 hominem,
1003 4532 1060 4581 et
1082 4530 1363 4586 seductus
1384 4536 1473 4587 est
1494 4551 1525 4588 a
1552 4534 1785 4591 diabolo
1820 4538 2012 4608 homo,

362 4631 478 4669 non
515 4614 650 4668 vicit
708 4614 977 4670 diabolus
1037 4616 1334 4683 deitatem,
1395 4622 1495 4676 sed
1559 4622 2008 4682 humanitatem.

2193 3825 2385 3900 Ἐρώτ.
2447 3826 2512 3880 κ’.
2576 3820 2715 3878 ’[δοῦ
2768 3826 2935 3876 ταῦτα
2990 3819 3185 3887 πάντα,
3245 3815 3515 3872 θεοείκελε
3572 3815 3772 3889 Πάτερ,

2121 3912 2469 3989 ἁρμοζόντως
2500 3914 2635 3983 ἡμῖν
2666 3907 2929 3983 ἐδίδαξας.
2965 3910 3249 3982 Ἀξιοῦμέν
3312 3927 3369 3961 σε
3417 3903 3494 3975 δὲ,
3537 3903 3630 3958 ’ίνα
3682 3904 3775 3958 καὶ

2120 4006 2278 4056 τοῦτο
2336 4004 2470 4073 ἡμῖν
2523 3999 2857 4074 ἐρμηνεύσῇς
2888 3999 2947 4052 τὸ
2997 3995 3389 4072 ἀπορούμενον,
3422 3991 3511 4048 διὰ
3565 3993 3617 4046 τί
3674 3991 3777 4046 οὐκ

2120 4088 2355 4159 ἐδίδαξεν
2390 4091 2424 4158 ἡ
2477 4088 2668 4159 θεότης
2722 4087 2886 4160 μόνον
2942 4087 3032 4141 τὸν
3091 4084 3400 4160 ἄνθρωπον,
3433 4084 3521 4138 καὶ
3575 4078 3772 4136 ἔσωσεν

2121 4178 2279 4234 αὐτὸν
2310 4178 2432 4233 ἄνευ
2489 4176 2809 4253 σαρκός;τί
2866 4177 2965 4252 γάρ
3022 4174 3187 4244 ἤθελε
3241 4178 3338 4229 τοῦ
3397 4172 3618 4252 φορέσαι
3673 4171 3773 4238 τὴν

2123 4268 2291 4344 σάρκα
2316 4287 2329 4338 ;

2193 4356 2387 4413 ’Δπόκ.
2446 4356 2540 4410 Καὶ
2628 4355 2752 4430 περὶ
2822 4353 3017 4409 τούτου
3102 4352 3284 4413 καλῶς
3341 4349 3545 4427 ἐρωτᾷς
3580 4369 3594 4381 ’
3654 4348 3778 4413 ὅθεν

2124 4446 2349 4502 ἄκουσον
2406 4448 2495 4501 καὶ
2556 4444 2742 4506 καλῶς
2788 4446 2885 4513 τήν
2920 4442 3227 4519 ἀπόκρισιν,
3264 4442 3385 4496 Κατ’
3417 4440 3611 4516 ἀρχὰς,
3646 4438 3777 4495 ὅταν

2124 4534 2374 4607 ἐποίησεν
2407 4536 2434 4589 6
2467 4534 2596 4597 Θεὸς
2621 4535 2711 4588 τὸν
2746 4532 3050 4607 ἄνθρωπον,
3083 4531 3171 4587 καὶ
3205 4530 3486 4601 ἐπλανήθη
3534 4529 3635 4583 ὑπὸ
3676 4534 3778 4584 τοῦ

2124 4620 2386 4679 διαϐόλου
2436 4625 2464 4679 6
2513 4622 2815 4697 ἄνθρωπος,
2853 4622 2952 4677 οὐκ
3007 4621 3249 4692 ἐνίκησεν
3283 4620 3312 4675 6
3355 4614 3617 4681 διάϐολος
3672 4619 3775 4686 τὴν

361 4703 728 4774 Quapropter
758 4704 929 4759 etiam
956 4705 1197 4761 decebat
1217 4715 1552 4778 superatam
1587 4710 2003 4770 humanitatem

2125 4713 2373 4783 θεότητα,
2423 4711 2567 4767 ἀλλὰ
2624 4714 2723 4781 την
2786 4711 3200 4787 ἀνθρωπότητα.
3265 4710 3357 4764 Διὸ
3427 4708 3517 4762 καὶ
3576 4705 3777 4779 ἔπρεπε

358 4792 620 4847 vicissim
652 4794 880 4848 vincere
913 4792 1142 4849 hostem
1175 4812 1349 4852 suum
1396 4798 1717 4868 diabolum,
1752 4807 1815 4857 ut
1843 4804 2012 4860 vicis-

360 4882 473 4937 sim
508 4882 793 4952 acciperet
813 4900 913 4953 per
934 4881 1097 4937 illum
1125 4885 1289 4955 prius
1318 4887 1602 4944 amissum
1631 4889 1890 4947 divinum
1922 4910 2015 4965 pa-

360 4970 646 5025 radisum.
683 4972 738 5023 Si
773 4970 929 5025 enim
987 4973 1142 5027 nuda
1181 4974 1367 5031 deitas
1417 4978 1765 5046 advenisset,
1799 4988 1855 5036 et
1885 4982 2012 5037 dia-

356 5058 559 5114 bolum
620 5060 872 5127 vicisset,
934 5059 1292 5131 gloriaturus
1348 5072 1471 5121 erat
1532 5069 1820 5135 diabolus,
1868 5071 2008 5127 nihil

353 5148 569 5202 mirum
604 5165 731 5203 esse
764 5148 986 5217 dicens,
1015 5150 1119 5205 sia
1151 5153 1366 5210 deitate
1387 5164 1802 5229 superaretur;
1839 5179 1871 5215 a
1897 5162 2012 5217 dei-

356 5237 472 5290 tate
502 5238 656 5291 enim
692 5254 819 5292 esse
850 5252 912 5292 se
962 5238 1249 5294 devictum
1280 5258 1292 5296 :
1346 5250 1402 5299 et
1451 5252 1751 5317 propterea
1784 5266 1896 5303 non
1928 5251 2009 5305 vi-

351 5340 487 5379 sum
524 5326 634 5380 fuit
662 5328 798 5391 Deo,
824 5331 888 5380 ut
919 5325 1041 5381 sola
1073 5327 1261 5385 deitas
1297 5331 1593 5390 diabolum
1625 5344 2009 5409 oppugnaret,

357 5414 457 5469 sed
491 5415 674 5468 voluit
722 5414 1171 5484 humanitatem,
1207 5434 1333 5489 quae
1383 5420 1532 5477 victa
1562 5428 1650 5478 est
1680 5441 1712 5478 a
1755 5424 2007 5495 diabolo,

357 5504 625 5559 eamdem
660 5510 717 5557 et
748 5503 933 5558 solam
964 5504 1193 5560 vincere
1223 5524 1356 5562 eum
1383 5509 1479 5580 qui
1512 5512 1699 5583 ipsam
1728 5514 2006 5583 vincerat,

359 5593 830 5650 diabolum.Cum
847 5594 1188 5666 prmvideret
1215 5598 1394 5671 igitur
1416 5603 1650 5675 sapiens
1672 5605 2007 5678 Deus,quod

432 5703 533 5773 (7')
568 5702 703 5775 Reg.
737 5704 790 5770 2,
828 5694 1107 5777 βορϐιούς.

2122 4800 2286 4856 πάλιν
2320 4802 2455 4871 αύτὴ
2500 4804 2534 4871 ἡ
2585 4806 2864 4871 νικηθεῖσα
2912 4795 3268 4875 ἀνθρωπότης
3314 4796 3405 4851 τίνα
3459 4796 3548 4851 καὶ
3607 4796 3773 4851 πάλιν

2124 4890 2256 4959 αύτή
2315 4893 2513 4965 νικήσῃ
2574 4892 2662 4945 τὸν
2725 4889 2919 4966 ἐχθρὸν
2980 4889 3149 4959 αὐτῆς
3200 4889 3290 4943 τὸν
3351 4881 3633 4953 διάϐολον,
3684 4885 3777 4940 καὶ

2122 4981 2286 5036 πάλιν
2348 4977 2656 5057 παραλάϐοι
2715 4982 2805 5036 τὸν
2871 4979 2939 5035 δι’
2986 4981 3189 5036 ἐκείνου
3246 4979 3372 5052 πρὶν
3435 4976 3781 5033 ἀπολέσαντα

2123 5080 2264 5138 θεῖον
2325 5072 2671 5150 παράδεισον.
2705 5074 2769 5131 El
2829 5075 2933 5148 γὰρ
2989 5075 3170 5149 γυμνὴ
3205 5075 3239 5142 ἠ
3291 5071 3483 5142 Θεό-της
3536 5072 3782 5147 προπερ-

2122 5183 2272 5239 χετο,
2305 5164 2393 5217 καὶ
2428 5163 2572 5218 ἐνίκα
2625 5163 2716 5217 τὸν
2771 5159 3049 5231 διάϐολον,
3082 5160 3284 5235 ἔμελλε
3333 5166 3715 5235 καυχησθῆναι
3748 5158 3779 5211 6

2123 5249 2405 5323 διάϐολος,
2467 5253 2548 5307 ὅτι
2610 5253 2670 5307 οὔ
2727 5252 3060 5325 θαυμαστὸν,
3125 5252 3169 5306 εί
3227 5252 3317 5306 καὶ
3375 5250 3626 5319 ἐνικήθη⁹
3677 5247 3780 5302 ὑπὸ

2118 5349 2217 5412 τῆς
2244 5344 2499 5414 θεότητος
2533 5343 2634 5419 γὰρ
2666 5338 2995 5418 προσϐαλὼν
3029 5342 3273 5413 ἐνικήθη.
3308 5342 3409 5399 Καὶ
3468 5338 3557 5394 διὰ
3616 5342 3778 5394 τοῦτο

2121 5431 2182 5486 οὗ
2240 5430 2557 5503 κατεδέξατο
2616 5432 2644 5485 6
2702 5432 2849 5503 Θεὸς,
2877 5430 2970 5485 ’ἕνα
3020 5432 3204 5507 γυμνὴ
3263 5433 3297 5500 ἡ
3357 5429 3549 5499 θεότης
3610 5427 3779 5482 αὐτοῦ

2119 5521 2499 5596 προσπαλαίσῃ
2555 5523 2645 5577 τὸν
2702 5516 2988 5591 διάϐολον,
3049 5518 3175 5575 ἀλλ’
3232 5515 3548 5590 ἠϐουλήθη,
3595 5515 3690 5571 ’ίνα
3738 5519 3773 5586 ἡ

2118 5608 2474 5685 ἀνθρωπότης
2533 5613 2568 5680 ἡ
2627 5611 2906 5680 νικηθεῖσα
2965 5609 3066 5664 ὑπὸ
3130 5612 3228 5664 τοῦ
3284 5602 3571 5679 διαϐόλου,
3634 5603 3772 5676 αὕτη
