2048 3106
0 5 290 135 μ
334 5 338 7 _

160 198 224 230 793

821 197 1080 234 QUESTIONES
1102 197 1216 228 ALUE.

1807 196 1867 226 ’194

159 264 209 292 καὶ
240 265 308 301 μόνη
336 265 435 302 νικήσῃ
463 264 508 292 τὸν
537 265 684 300 νικήσαντα
710 264 810 300 ταύτην
846 261 986 291 διάϐολον.

1045 272 1102 292 non
1115 267 1213 300 posset
1225 264 1287 292 sola
1298 264 1427 292 humana
1439 265 1545 291 natura
1555 263 1667 291 vincere
1679 263 1865 297 siuedeitate,

161 310 365 347 Προγινώσκων
390 308 435 336 οὖν
461 308 542 336 πάλιν
559 309 573 336 6
589 310 671 346 σοφὸς
695 309 771 344 Θεὸς,
794 308 836 336 ὅτι
851 308 901 336 οὐκ
923 307 988 343 ἠδύ-

159 364 229 381 νατο
247 353 315 390 μόνη
332 354 349 388 ἠ
367 353 545 391 ὰνθρωπότης
556 357 665 388 νικῆσαι
681 354 769 392 χωρὶς
783 357 833 388 τῆς
848 351 987 388 θεότητος,

160 395 265 436 ἐκρύϐη
281 397 307 425 ἐν
322 397 389 434 αὐτῇ
405 397 439 435 τῇ
457 398 535 435 σαρκὶ
555 399 573 432 ἡ
590 398 697 434 θεότης,
713 398 787 429 ὅπως
813 398 827 426 6
847 395 988 433 διάϐολος,

160 443 274 480 θεωρῶν
298 443 347 477 τήν
375 442 470 476 σάρκα,
493 443 538 470 καὶ
564 443 602 479 μή
627 442 779 481 γινώσκων,
804 442 845 470 ὅτι
869 442 896 469 ἐν
920 442 988 479 αὐτῇ

157 488 198 524 τῇ
215 487 292 524 σαρκὶ
316 488 333 521 ἤ
358 487 453 522 θεότης
481 487 535 514 ἐστῖ
564 487 752 524 κεκρυμμένη,
781 486 918 525 προσέλθῃ
944 487 989 514 καὶ

1043 309 1214 337 abscondita
1223 311 1268 337 est
1280 309 1309 336 in
1320 308 1385 345 ipsa
1398 317 1484 337 carne
1501 308 1603 336 deitas.
1625 311 1655 334 ut
1675 308 1807 334 diabolus
1821 308 1864 334 vi—

1043 354 1115 381 dens
1131 362 1259 387 carnem,
1275 356 1303 381 et
1318 362 1375 381 non
1399 361 1576 389 cognoscens
1602 353 1739 379 deitatem
1766 352 1793 378 in
1818 361 1865 379 ea-

1043 399 1109 426 dem
1135 406 1220 426 carne
1244 398 1445 426 absconditam
1467 405 1542 430 esse,
1565 398 1714 424 acmlrrrt
1739 400 1766 423 et
1799 405 1864 423 cum

1044 442 1158 471 Christo
1174 443 1406 478 congrederetur,
1423 445 1511 477 atque
1525 442 1564 469 ita
1578 442 1741 469 vinceretur
1755 442 1789 468 ab
1801 442 1867 468 abs-

1044 487 1162 515 condita
1177 487 1294 514 deitate.
1309 486 1388 519 Quod
1405 488 1434 513 et
1447 486 1554 513 factum
1571 490 1623 512 est.

158 530 356 570 προσπαλαίσῃ
370 534 409 567 τῷ
424 534 543 569 Χριστῷ,
559 531 603 559 καὶ
620 531 706 562 οὕτως
721 534 820 569 νικηθῇ
837 531 889 559 ὑπὸ
901 535 951 567 τῆς
965 531 1153 570 κεκρυμμένης
1167 530 1302 565 θεότητος-
1319 530 1402 566 Ὅπερ
1417 529 1461 556 καὶ
1478 528 1596 567 γέγονεν.

200 577 301 614 ’Ὠσπερ
316 576 366 614 γὰρ
383 576 397 603 6
414 575 517 611 ἁλιεὺς,
536 576 705 614 βουλόμενος
721 580 871 614 κυνηγῆσαι
897 576 989 614 ἰχθὺν,

159 620 198 648 οὗ
223 621 324 658 γυμνὸν
350 621 381 647 τὸ
407 620 549 658 ἄγκιστρον
578 620 674 659 βάλλει
700 621 736 652 εἷς
765 621 814 655 τήν
842 620 989 658 θάλασσαν,

158 664 228 693 ἀλλ’
244 663 329 692 ἐνδύει
352 663 445 700 ἔξωθεν
473 664 604 700 σκώληκα
626 664 701 702 δὸλῳ
720 666 751 693 τδ
775 664 929 704 ἄγκιστρον,
944 665 989 693 καὶ

157 709 251 740 οὕτως
266 709 352 747 ῥίπτει
368 709 434 737 αὐτὸ
449 710 487 741 εἰς
510 711 559 744 τήν
585 709 720 737 θάλασσαν
749 708 925 747 ἐνδεδυμένον
943 711 989 738 τὸν

155 753 305 789 σκώληκα·
323 755 337 781 6
362 753 391 781 δὲ
415 753 506 792 ἰχθὺς,
531 755 640 792 θεωρῶν
663 754 709 782 τὸν
736 754 869 790 σκώληκα
896 755 990 791 μόνον,

154 799 208 826 καί
225 799 263 835 μή
279 797 431 836 γινώσκων,
456 798 497 826 ὅτι
526 798 637 834 σκώληξ
661 799 741 835 μέσον
768 798 871 826 ἐκείνου
888 797 946 837 ἔχει
961 799 992 827 τὸ

154 842 320 880 ἄγκιστρον,
343 842 416 871 ἀλλὰ
438 842 558 880 νομίζων
587 842 651 881 δίχα
676 843 824 881 ἀγκίστρου
848 844 895 871 τὸν
921 844 992 871 σκώ-

154 887 238 922 ληκα
268 887 334 914 εἶναι
361 888 528 924 μονώτατον,
554 887 732 924 πλανώμενος
762 888 814 916 ὑπὸ
840 891 889 916 τοῦ
919 888 994 927 ἀγκί-

156 942 247 970 στρου
261 934 409 970 κρατεῖται·
433 932 505 960 οὕτω
530 932 574 960 καὶ
600 933 614 959 ὁ
640 933 756 970 Χριστὸς
778 932 901 968 ἐποίησε,
925 936 992 960 Βου-

156 976 261 1011 ληθεὶς
289 977 342 1014 γὰρ
372 980 522 1015 κυνηγῆσαι
545 977 590 1004 τὸν
621 976 647 1004 ἐν
675 980 733 1008 τοῖς
762 977 885 1014 ἀπείροις
914 976 991 1005 ὕδασι

158 1022 216 1057 τῇς
231 1018 350 1048 ἀϐύσσου
365 1020 593 1059 ἐμφωλευόμενον
610 1019 720 1049 ίοϐόλον
746 1021 836 1060 ἰχθὺν,
851 1022 868 1056 ἦ
885 1020 992 1058 μᾶλλον

163 1065 253 1103 μέγαν
279 1064 411 1103 δράκοντα
433 1066 478 1093 τὸν
505 1063 647 1101 διάϐολον,
662 1066 693 1093 οὗ
717 1068 806 1104 γυμνῇ
830 1066 865 1103 τῇ
883 1066 991 1102 θεότητι

157 1110 250 1137 αὐτοῦ
272 1112 312 1146 τῷ
337 1107 460 1147 διαϐόλῳ
486 1110 646 1150 προσέφερε,
673 1110 746 1138 ἀλλὰ
769 1109 844 1148 δόλῳ
858 1111 904 1138 τὸν
920 1112 990 1138 σκώ-

157 1154 239 1190 ληκα
264 1155 315 1189 τήν
343 1154 476 1192 παναγίαν
506 1155 589 1182 αὐτοῦ
619 1155 715 1193 σάρκα,
745 1156 777 1190 ἣν
805 1155 834 1182 ἐκ
862 1156 911 1190 τῆς
933 1155 990 1183 ἀει-

155 1199 303 1237 Παρθένου
332 1199 438 1236 Μαρίας
458 1222 465 1234 ,
491 1201 541 1234 τῆς
580 1199 789 1237 παναγιωτάτης
817 1203 869 1237 γῆς
887 1221 895 1235 ,
924 1198 990 1237 δίχα

153 1245 273 1282 φορμοῦ
299 1242 450 1278 ἐνεδύσατο,
476 1244 544 1271 κατὰ
564 1244 610 1272 τὸν
633 1245 769 1283 φάσκοντα
799 1245 870 1272 θεῖον
896 1242 988 1272 Δαϐίδ-

154 1301 173 1314 κ
195 1288 268 1325 Ἐγώ
281 1287 338 1324 εἰμι
354 1287 461 1323 σκώληξ
485 1288 531 1316 καί
556 1288 605 1316 οὐκ
620 1289 775 1327 ἅνθρωπος,
800 1300 814 1314 ››
829 1288 946 1326 ἐκάλυψε
958 1289 990 1316 τὸ

154 1333 311 1371 ἱιρώτατον
328 1331 469 1370 ἄγκιστρον
485 1333 530 1360 τὸν
553 1328 778 1371 κοσμοσωτήριον
809 1332 890 1360 αὐτοῦ
909 1344 988 1360 σταυ-

156 1378 222 1416 ρὸν,
238 1377 266 1404 ἐν
280 1377 352 1414 εὐτῷ
366 1378 543 1415 προσπαγιὶς,
560 1378 605 1405 καὶ
621 1376 655 1405 δι’
671 1377 753 1405 αὐτοῦ
773 1376 864 1405 λαθεῖν
884 1377 988 1415 βουλη-

157 1422 222 1455 θεὶς
237 1422 286 1456 τὴν
304 1422 399 1449 ἐσυτοῦ
415 1422 540 1458 θεότητα,
557 1423 600 1462 ὑφ’
617 1422 648 1450 οὗ
663 1422 813 1457 πλανηθεὶς
827 1423 872 1450 καὶ
886 1433 988 1461 κρατη-

157 1467 220 1499 θεὶς
236 1467 251 1494 6
268 1464 377 1498 ἱοϐόλος
400 1467 444 1494 καὶ
469 1466 636 1505 ὀφιοδήκτης
661 1467 739 1499 οὗτος
765 1467 856 1505 ἰχθὺς,
873 1468 887 1495 ὁ
905 1467 988 1505 μέγας

158 1509 274 1548 δράκων
297 1507 438 1545 διάϐολος,
463 1511 477 1538 ὁ
492 1513 541 1538 τοῦ
565 1510 728 1549 παραδείσου
753 1511 852 1547 ἐξώσας
875 1511 919 1539 καὶ
942 1512 988 1539 θα-

156 1554 286 1585 νατώσας
305 1555 352 1582 τὸν
376 1555 530 1593 ἄνθρωπον,
554 1556 676 1591 νικηθεὶς
703 1555 840 1585 ἀπώλετο.
864 1558 945 1584 Ὥστε
970 1557 987 1591 ἡ

161 1599 215 1636 μὲν
246 1598 341 1634 Θεότης
371 1598 409 1629 ιίς
436 1599 520 1627 τύπον
547 1602 595 1627 τοῦ
624 1600 772 1639 ἀγκίστρου
801 1601 882 1636 ἐστὶν,
912 1601 929 1636 ἡ
960 1600 989 1628 δὲ

1080 576 1331 608 Quemadmodum
1347 575 1424 603 enim
1441 575 1569 611 piscator
1583 575 1680 601 volnus
1696 582 1797 608 cupere
1822 574 1864 608 pi-

1044 629 1122 649 scem
1140 629 1196 648 non
1214 620 1326 647 nudum
1343 619 1547 655 hamumjacit
1559 619 1588 646 in
1602 628 1689 649 mum,
1703 619 1752 644 sed
1774 618 1867 653 afﬁgit

1044 665 1225 694 extrinsecus
1240 672 1366 692 vermem
1385 672 1434 700 per
1449 664 1560 697 dolum,
1576 668 1602 690 et
1619 663 1659 690 sic
1678 663 1792 698 ψαλίδα
1813 663 1866 689 ba-

1045 718 1127 738 mum
1144 710 1173 737 in
1189 718 1268 737 mare
1288 709 1425 737 indutum
1451 717 1566 736 verme:
1592 709 1677 743 pisris
1703 711 1797 734 autem
1821 707 1866 733 vi-

1046 755 1118 783 dens
1133 763 1260 782 vermem
1274 753 1380 786 solum.
1396 755 1425 781 et
1440 762 1497 781 non
1513 761 1690 789 cognoscens
1714 753 1740 778 in
1771 759 1868 779 verme

1045 799 1136 827 latere
1150 799 1281 833 hamum,
1298 799 1348 826 sed
1364 798 1546 832 existimans,
1564 798 1626 825 sine
1642 797 1728 824 liumo
1751 804 1867 823 vermen

1047 851 1110 872 esse
1135 844 1243 877 solum,
1267 844 1407 879 deceptus
1432 842 1549 879 capitur
1572 842 1676 869 humu:
1705 842 1744 868 ita
1780 842 1868 867 etiam

1047 888 1181 916 Christus
1192 888 1269 916 fecit.
1282 888 1353 915 Cum
1372 887 1457 915 vellet
1467 887 1544 915 enim
1564 890 1736 913 venenatum
1763 886 1869 921 piscem

1047 932 1077 960 in
1092 932 1177 969 aquis
1193 932 1316 960 inﬁnitis
1331 932 1428 968 abyssi
1444 932 1581 960 latentem
1599 940 1710 966 cupere,
1741 939 1790 957 seu
1819 939 1868 965 po-

1046 976 1107 1005 tius
1127 985 1267 1013 magnum
1277 976 1362 1004 illum
1371 977 1526 1004 draconem
1538 976 1686 1003 diabolum
1702 984 1706 1005 ;
1722 984 1776 1001 non
1791 976 1869 1002 nuda

1046 1022 1154 1049 deitate
1178 1030 1244 1049 cum
1271 1022 1387 1049 diabolo
1414 1029 1590 1057 congressus
1628 1024 1682 1051 «ist,
1718 1021 1766 1046 sed
1801 1019 1868 1046 dolo

1045 1075 1185 1100 vermem,
1200 1067 1419 1094 sanctissimam
1448 1074 1532 1093 suam
1561 1073 1689 1095 carnem.
1720 1073 1807 1099 quam
1837 1072 1870 1091 ex

1046 1119 1162 1147 semper
1171 1111 1292 1147 Virgine
1304 1111 1405 1144 Maria,
1418 1110 1606 1138 sanctissima
1622 1112 1707 1143 terra,
1721 1110 1783 1136 sine
1808 1108 1869 1143 pol~

1045 1155 1168 1189 lutione,
1184 1155 1299 1183 induit:
1316 1154 1565 1190 quemadmodum
1590 1155 1684 1188 inqint
1705 1154 1787 1180 divus
1811 1153 1868 1180 Da-

1043 1201 1111 1228 vid:
1129 1211 1142 1225 ‹‹
1159 1200 1218 1236 Ego
1234 1208 1300 1227 sum
1315 1199 1424 1227 vermis
1438 1201 1467 1226 et
1481 1207 1538 1226 non
1554 1198 1640 1226 homo
1658 1199 1686 1231 ‘3,
1706 1210 1717 1221 η
1737 1199 1806 1225 texit
1822 1207 1868 1225 sa-

1043 1244 1202 1273 cerrimum
1218 1244 1338 1272 hamum
1355 1244 1463 1271 mundo
1475 1244 1631 1271 salutarem
1646 1251 1758 1269 crucem
1773 1251 1867 1276 suum,

1044 1289 1086 1317 illi
1100 1290 1216 1322 alﬁxus,
1228 1292 1256 1316 et
1267 1297 1318 1325 per
1330 1288 1411 1316 illam
1426 1289 1514 1316 latere
1525 1287 1614 1316 voluit
1627 1289 1759 1314 Iit-iinlcm
1769 1296 1863 1321 suum,

1044 1343 1061 1362 a
1072 1343 1130 1371 qua
1141 1334 1279 1370 deceptus
1290 1336 1335 1361 est
1352 1336 1381 1361 et
1397 1336 1501 1368 captus
1517 1337 1675 1360 venenatus
1699 1333 1744 1358 ille
1761 1337 1787 1358 et
1803 1341 1864 1358 ser-

1044 1378 1171 1415 pentinis
1191 1378 1339 1406 morsibus
1354 1377 1477 1405 infestus
1503 1376 1601 1413 piscis,
1631 1385 1753 1409 magnus
1779 1377 1864 1403 draco

1044 1423 1190 1456 diabolus,
1206 1423 1255 1459 qui
1272 1422 1407 1459 paradiso
1422 1421 1571 1457 expulerat
1586 1424 1613 1448 et
1643 1421 1785 1447 tit'tiltiL‘l‘ai.
1812 1421 1864 1447 ho-

1044 1468 1165 1503 minem,
1182 1471 1208 1494 et
1226 1467 1319 1495 victus
1335 1466 1430 1502 periit.
1449 1466 1490 1494 ita
1505 1465 1622 1501 quidem
1641 1465 1755 1492 dcilutie
1779 1468 1864 1500 typus

1044 1516 1089 1541 est
1103 1513 1228 1541 hamus:
1247 1511 1438 1540 humanitatis
1453 1519 1519 1539 vero
1531 1512 1617 1547 typus
1634 1514 1675 1537 «πει
1693 1510 1807 1537 vermis.
1821 1509 1866 1536 Vi-

1043 1558 1116 1585 deus
1127 1557 1217 1593 igitur
1232 1556 1414 1585 extrinsecus
1430 1555 1579 1583 hominem
1596 1558 1624 1582 et
1649 1564 1704 1581 non
1731 1554 1868 1581 animad-

1042 1604 1158 1630 vertens
1173 1602 1351 1629 intrinsecus
1365 1601 1567 1628 absconditam
1584 1600 1731 1630 deitatem;
1762 1599 1866 1633 durep-

157 1643 343 1681 ἀνθρωπότης
358 1643 396 1675 εἷς
419 1643 503 1672 τύπον
526 1647 575 1672 τοῦ
599 1644 755 1681 σκώληκος.
771 1646 916 1684 Θεωρήσας
941 1645 986 1673 οὖν

1045 1650 1092 1675 tua
1107 1649 1161 1681 est,
1178 1648 1206 1674 et
1230 1646 1370 1674 secedens
1396 1646 1432 1673 ad
1456 1645 1669 1673 humanitatem
1700 1647 1801 1678 captus
1826 1646 1868 1669 est

157 1689 175 1716 ὁ
192 1685 322 1719 διάϐολος
339 1687 433 1724 ἔξωθεν
460 1689 491 1716 τὸ
512 1689 679 1727 ἀνθρώπινον
702 1690 747 1717 καὶ
765 1691 802 1727 μὴ
824 1691 925 1726 νοήσας
938 1691 988 1725 τὴν

157 1733 189 1761 ἐν
205 1733 281 1769 αὐτῷ
303 1732 399 1765 ἔσωθεν
426 1733 647 1771 ἐγκεκρυμμένην
673 1734 805 1770 θεότητα,
830 1734 967 1771 ἐπλανήθη
982 1757 989 1770 ,

156 1777 209 1805 καὶ
238 1777 398 1814 προσελθὼν
424 1780 459 1815 τῇ
488 1778 689 1817 ἀνθρωπότητι,
715 1779 850 1818 ἐκρατήθη
876 1780 927 1807 ὑπὸ
942 1782 990 1807 τοῦ

157 1821 324 1850 ἆνεικάπου
357 1822 401 1850 καὶ
439 1822 637 1859 ἀκατανικήτου
673 1823 818 1862 ἀγκίστρου
846 1827 896 1859 τῆς
930 1824 990 1852 θεό-

157 1876 261 1901 τητος·
276 1866 321 1894 καὶ
346 1866 432 1898 οὕτως
459 1867 570 1903 ἐνικήθη
587 1868 601 1895 ὁ
618 1868 703 1906 μέγας
720 1867 826 1906 δράκων
848 1866 989 1897 διάϐολος.

160 1911 215 1939 Διὰ
243 1913 324 1938 τοῦτο
353 1911 403 1939 οὐκ
429 1911 508 1946 ἦλθεν
533 1912 547 1939 6
572 1912 633 1943 Υἱὸς
661 1913 706 1940 καὶ
735 1913 821 1951 Λόγος
846 1915 895 1940 τοῦ
923 1915 990 1941 Θεοῦ

159 1957 259 1994 γυμνῇ
295 1958 329 1993 τῇ
357 1957 439 1984 αὐτοῦ
465 1956 573 1992 θεότητι
596 1961 749 1996 κυνηγῆσαι
774 1958 820 1985 τὸν
849 1955 989 1993 διάϐολον,

159 1999 230 2028 ἀλλ’
257 1999 367 2039 ἐφόρεσε
394 2001 444 2035 τὴν
475 2000 569 2039 σάρκα,
597 2002 642 2029 καὶ
672 2001 760 2033 οὕτως
788 2001 907 2034 εἰσῆλθε.
937 2002 989 2030 Καὶ

160 2044 234 2080 αὕτη
259 2044 328 2072 ἐστὶν
352 2045 369 2080 ἡ
395 2045 467 2072 αἷτία
490 2048 538 2073 τοῦ
560 2047 679 2084 γενέσθαι
700 2047 750 2081 τήν
773 2047 918 2082 σάρκωσιν.
941 2046 989 2074 Καὶ

145 2090 258 2127 ,ὥσπερ
286 2089 366 2120 αὐτὸς
391 2089 405 2117 ὁ
422 2087 560 2126 διάϐολος,
584 2089 730 2128 βουληθείς
759 2101 824 2118 ποτε
852 2090 989 2126 πλανῆσαι

158 2133 210 2161 τὸν
240 2132 382 2172 ἄνθρωπον
399 2155 407 2168 ,
436 2134 480 2161 καὶ
507 2136 556 2162 τοῦ
589 2134 753 2173 παραδείσου
780 2133 905 2163 ἐκϐαλεῖν
924 2158 931 2170 ,
959 2135 989 2163 οὐ

157 2177 303 2216 προσῆλθε
330 2179 364 2215 τῇ
394 2176 449 2214 Εὔα
477 2181 569 2216 γυμνῇ
597 2181 632 2217 τῇ
662 2180 758 2207 ἑαυτοῦ
787 2177 964 2215 διαϐολότητι
981 2203 988 2216 ,

160 2221 228 2250 ἀλλ’
249 2222 359 2261 ἐφόρεσε
380 2222 464 2261 σάρκα
493 2224 539 2251 τὸν
562 2222 634 2263 ὅφιν,
659 2224 704 2251 καὶ
734 2223 820 2255 οὕτως
835 2223 988 2262 προσῆλθε,

158 2277 209 2295 και
239 2266 388 2302 ἐπλάνησεν
417 2267 510 2303 αὐτήν·
539 2266 600 2304 ᾔδει
628 2269 679 2307 γὰρ
709 2268 723 2295 6
751 2267 854 2304 δόλιος,
885 2268 937 2304 ὅτι,
966 2268 989 2295 εἲ

1045 1692 1082 1720 ab
1098 1691 1247 1728 inopinato
1263 1693 1292 1718 et
1307 1689 1452 1718 immobili
1466 1690 1551 1717 hamo
1568 1689 1704 1716 duitatis:
1723 1691 1749 1715 et
1765 1688 1805 1715 sic
1827 1688 1866 1713 vi-

1045 1739 1110 1765 ctus
1124 1738 1169 1764 est
1184 1744 1310 1771 magnus
1325 1736 1413 1762 draco
1428 1733 1573 1761 diabolus.
1592 1734 1665 1761 288
1688 1734 1869 1767 Quapropter

1046 1790 1102 1809 non
1120 1780 1197 1809 venit
1213 1780 1302 1808 Filius
1317 1781 1346 1807 et
1359 1779 1488 1806 Verbum
1514 1778 1576 1811 Dei,
1604 1781 1633 1804 ut
1659 1778 1735 1803 nuda
1762 1777 1868 1803 deitate

1045 1828 1160 1862 caperet
1175 1824 1336 1858 diabolum,
1351 1824 1401 1852 sed
1418 1831 1534 1851 carnem
1551 1822 1684 1858 gestavit,
1711 1825 1737 1847 υἱ
1762 1821 1802 1846 sic
1827 1820 1868 1846 in-

1044 1878 1165 1907 gressus
1178 1872 1232 1897 est.
1251 1870 1285 1897 Et
1300 1869 1359 1896 base
1374 1871 1420 1896 est
1434 1875 1523 1895 causa
1538 1867 1613 1901 quod
1632 1866 1801 1892 incarnatus
1817 1865 1865 1891 sit.

1044 1915 1079 1943 Et
1094 1913 1344 1950 quemadmodum
1360 1913 1422 1948 ipse
1437 1910 1572 1939 diabolus
1601 1919 1665 1936 cum
1690 1908 1773 1935 vellet
1798 1908 1865 1935 olim

1045 1959 1183 1987 seducere
1198 1957 1358 1989 hominem,
1373 1959 1399 1984 et
1417 1955 1552 1992 paradiso
1568 1955 1681 1989 ejicere.
1702 1962 1757 1980 non
1771 1961 1867 1980 ncces-

1045 2004 1083 2031 sit
1094 2004 1129 2030 ad
1145 2004 1233 2030 Evam
1250 2002 1330 2029 nuda
1344 2009 1398 2029 sua
1413 2001 1507 2028 forma
1527 1999 1680 2028 diabolica,
1703 1999 1751 2024 sed
1778 1997 1869 2033 gessit

1045 2056 1173 2080 carnem,
1191 2046 1303 2075 scilicet
1318 2048 1494 2081 serpentem,
1511 2047 1539 2071 et
1554 2044 1596 2071 sic
1622 2043 1745 2069 accessit
1767 2046 1792 2069 et
1818 2043 1868 2069 de-

1044 2093 1121 2128 cepit
1136 2092 1216 2119 illam
1232 2100 1238 2125 ;
1256 2092 1340 2118 norat
1354 2090 1433 2118 enim
1449 2091 1564 2118 astutus
1590 2090 1654 2121 isto,
1681 2088 1757 2123 quod
1780 2088 1802 2114 si
1821 2096 1867 2114 nc-

1044 2137 1183 2165 cessisset
1199 2136 1234 2164 ad
1252 2135 1333 2163 illam
1349 2135 1429 2162 nuda
1443 2143 1498 2162 sua
1513 2134 1605 2162 forma
1622 2133 1775 2164 diabolica,
1794 2141 1868 2159 nun-

1044 2189 1132 2218 quam
1149 2189 1213 2208 eam
1228 2180 1361 2216 decipere
1377 2179 1539 2215 potuisset;
1560 2182 1588 2206 et
1605 2181 1757 2213 pmpterea
1782 2177 1867 2203 indu-

1044 2230 1091 2254 tus
1106 2228 1160 2259 est,
1176 2227 1208 2252 ut
1218 2232 1315 2258 carne,
1331 2226 1477 2260 serpente,
1489 2226 1518 2251 et
1528 2231 1579 2259 per
1598 2224 1719 2250 formum
1733 2222 1868 2249 carnileri

1044 2270 1188 2306 serpentis
1205 2273 1289 2297 Evam
1306 2268 1436 2304 decepit;
1454 2270 1541 2304 atque
1556 2275 1674 2302 serpens
1692 2267 1808 2301 quidem
1821 2275 1869 2301 ap-

156 2310 302 2349 προσὲλθῃ
331 2312 400 2356 αὐτῇ
427 2314 517 2356 γυμνῇ
545 2315 579 2350 τῇ
608 2311 785 2348 διαϐολότητι
820 2312 911 2347 αὐτοῦ,
940 2313 989 2340 οὐκ

1045 2315 1175 2351 parebat,
1192 2313 1326 2342 diabolus
1341 2318 1435 2341 autem
1453 2321 1510 2340 non
1526 2314 1701 2348 appurrlml;
1719 2314 1746 2338 et
1758 2319 1868 2345 perap-

160 2356 195 2384 ἃν
210 2356 293 2391 αὐτὴν
318 2355 456 2391 πλανῆσαι
481 2355 634 2393 δυνήσεταιθ
648 2357 693 2385 καὶ
718 2356 762 2385 διὰ
780 2359 861 2385 τοῦτο
877 2356 986 2392 ἐνεδόθη

160 2400 256 2438 ὥσπερ
286 2401 371 2439 σάρκα
397 2401 444 2428 τὸν
471 2399 531 2440 ὄφιν
548 2423 557 2435 ,
584 2402 629 2429 καὶ
666 2400 710 2429 διὰ
739 2404 788 2429 τοῦ
818 2402 988 2441 σαρκοφόρου

160 2445 252 2484 ὄφεως
278 2446 328 2480 τήν
358 2444 425 2473 Εὕαν
455 2445 598 2482 ἐπλάνησε.
629 2446 679 2474 Καὶ
707 2447 721 2474 ὁ
753 2447 800 2483 μὶν
828 2444 889 2485 ὄφις
910 2440 988 2486 νέφαίέ

159 2500 233 2524 vero,
250 2490 263 2518 6
279 2488 308 2518 δὲ
323 2487 456 2521 διάϐολος
471 2490 522 2518 οὐκ
534 2490 668 2530 ἐφαίνετο.
685 2491 734 2519 Καὶ
759 2490 804 2519 διὰ
827 2493 875 2518 τοῦ
895 2502 988 2530 φαινο-

161 2535 246 2572 μένου
260 2532 347 2574 ὄφεως
364 2534 472 2573 ἐνήργει
488 2536 502 2562 ὁ
515 2535 671 2573 ἀθεώρητος
696 2533 758 2575 ὄφις
777 2533 919 2567 διάϐολος.
936 2536 988 2563 Δύο

158 2579 214 2617 γὰρ
244 2579 334 2618 φύσεις
359 2578 384 2606 ἐν
412 2579 450 2607 ἑνὶ
477 2580 617 2618 προσώπῳ
640 2580 748 2618 ἀπῆγον
777 2580 839 2608 τότε
868 2580 912 2608 ἐπὶ
936 2583 989 2608 τῶν

158 2622 343 2662 προπατόρων
367 2625 417 2659 τὴν
443 2623 591 2653 ἔκπτωσιν.
621 2625 669 2652 Καὶ
694 2622 784 2663 ὥσπερ
808 2625 870 2653 τότε
895 2623 988 2653 διαϐο-

160 2668 249 2703 λότης
263 2669 308 2696 καὶ
325 2669 438 2705 ὀφιότης
464 2667 512 2697 δύο
535 2669 626 2708 φύσιις
650 2669 676 2697 ἐν
702 2669 741 2697 ἐνὶ
765 2670 905 2708 προσώπῳ
920 2670 990 2705 ἠνώο

161 2719 259 2749 θησαν,
275 2713 319 2741 καὶ
335 2714 353 2748 ἡ
369 2714 416 2749 μὲν
443 2714 490 2750 μία
514 2713 603 2753 φύσις,
623 2713 710 2752 ἤγουν
735 2715 752 2750 ἡ
778 2713 891 2753 ὄφιότης
916 2714 990 2753 ἐφαί-

160 2767 236 2792 νετο,
260 2759 277 2793 ἠ
305 2756 334 2785 δὲ
353 2757 439 2796 ἑτέρα,
455 2757 519 2793 ἤτοι
542 2759 559 2794 ή
585 2757 761 2794 διαϐολότης,
786 2758 835 2786 οὐκ
856 2758 990 2798 ἐφαίνετο,

162 2802 208 2830 καὶ
225 2799 336 2839 ἐξέϐαλε
349 2803 395 2830 τὸν
412 2802 552 2841 ἄνθρωπον
578 2803 608 2831 ἐκ
630 2805 679 2831 τοῦ
703 2801 880 2841 παραδείσου·
903 2803 990 2835 οὕτως

201 2867 210 2885 ⁸
227 2864 303 2895 Pes].
318 2874 378 2903 xxx,
393 2866 421 2895 7.

1043 2362 1194 2396 parentem
1210 2360 1375 2395 serpentem
1390 2357 1492 2385 efﬁcax
1502 2358 1564 2385 erat
1579 2356 1734 2383 invisibilis
1748 2364 1869 2390 Serpens

1043 2404 1189 2437 diabolus,
1206 2404 1269 2431 dute
1282 2403 1360 2431 enim
1377 2405 1485 2430 naturas
1501 2402 1530 2429 in
1549 2410 1606 2429 una
1631 2409 1754 2435 persona
1781 2400 1866 2426 unilm

1043 2450 1199 2478 effecerunt
1219 2451 1289 2476 tunc
1309 2448 1424 2484 lapsum
1450 2447 1481 2474 in
1506 2446 1666 2482 majoribus
1693 2445 1818 2475 nostris;
1840 2447 1868 2471 et

1044 2494 1291 2530 quemadmodum
1307 2495 1377 2520 tunc
1393 2491 1538 2520 diabolica
1552 2491 1646 2518 forma
1658 2494 1683 2516 et
1701 2490 1869 2525 serpentina

1043 2539 1108 2567 duae
1124 2542 1235 2566 natura
1250 2540 1334 2566 erant
1349 2537 1379 2565 in
1400 2545 1460 2565 una
1483 2543 1606 2571 persona
1633 2536 1731 2565 unitas,
1756 2537 1783 2561 et
1810 2542 1868 2560 una.

1044 2583 1163 2620 quidem
1181 2585 1286 2610 natura
1300 2581 1411 2610 scilicet
1425 2580 1601 2616 serpentina,
1619 2579 1777 2614 apparebat
1791 2587 1797 2609 ι
1824 2578 1867 2604 ul-

1044 2630 1107 2655 tera
1117 2636 1193 2662 vero,
1206 2634 1309 2662 nempe
1321 2625 1476 2659 diabolica,
1488 2632 1545 2652 non
1560 2625 1718 2659 appurrbut
1729 2626 1754 2649 et
1769 2623 1864 2656 ejiciu-

1044 2673 1093 2700 bat
1104 2672 1252 2699 hominem
1266 2679 1298 2698 ex
1311 2670 1461 2707 paradiso:
1474 2670 1516 2697 ita
1529 2668 1616 2696 etiam
1632 2670 1657 2695 in
1671 2668 1785 2695 Christi)
1804 2668 1868 2693 dure

1044 2722 1153 2744 natura!
1164 2716 1192 2744 in
1203 2723 1290 2743 unam
1303 2722 1458 2751 personam
1471 2713 1568 2741 divina
1584 2717 1607 2740 et
1630 2713 1759 2739 humana
1780 2713 1867 2738 unin

1044 2763 1130 2789 sunt:
1145 2763 1175 2788 et
1190 2760 1359 2788 humanitas
1384 2760 1501 2795 quidem
1523 2759 1691 2794 apparebat,
1709 2758 1799 2784 duitas
1817 2765 1868 2783 au-

1044 2808 1104 2834 tem
1119 2813 1175 2834 non
1193 2805 1362 2841 apparebat,
1379 2807 1407 2832 et
1420 2812 1469 2839 per
1487 2807 1675 2839 apparentem
1695 2801 1866 2829 humanita-
