4080 6206
371 362 488 426 795
1567 372 1636 434 S.
1677 369 2202 433 ATHANASIUS.
2230 399 2311 417 —
2337 368 2599 432 DUBIA.
3669 374 3783 436 796

372 500 492 551 tem
527 497 714 554 deitas
736 499 1049 557 invisibilis
1081 503 1285 559 efficax
1315 509 1457 571 erat,
1477 509 1533 560 et
1552 506 1804 575 ejectum
1826 521 1893 559 ex
1917 521 1983 575 pa

2170 500 2221 555 ai
2271 499 2358 555 ἐπὶ
2406 505 2503 555 τοῦ
2559 505 2792 573 Χριστοῦ
2851 498 2946 556 δύο
3006 502 3190 579 φύσεις
3250 503 3329 565 εἷς
3387 504 3443 559 ’ἐν
3489 504 3781 580 πρόσωπον

375 588 573 643 radiso
605 588 740 643 olim
775 589 1072 646 hominem
1106 593 1232 647 duae
1260 592 1383 648 istae
1407 598 1752 665 praistantes
1778 597 1986 647 natura

2179 590 2322 660 a617,:
2346 590 2435 644 καὶ
2467 589 2823 663 ἀνθρωπότης
2871 592 3157 661 ἡνώθησαν
3194 612 3206 625 ·
3254 593 3345 647 καὶ
3375 594 3409 662 ἡ
3447 595 3540 667 μὶν
3584 594 3790 666 ἀνθρω·

374 676 644 733 videlicet
683 678 870 733 deitas
915 684 972 734 et
1019 680 1381 751 humanitas,
1434 683 1492 737 in
1545 683 1711 737 illum
1764 682 1985 738 vicissir

2179 679 2306 749 ότης
2358 678 2598 757 ἐφαίνετο
2634 726 2647 751 ,
2681 680 2714 749 ἠ
2750 677 2806 734 δὲ
2848 680 3037 751 θεότης
3087 680 3187 736 οὐκ
3230 681 3475 759 ἐφαίνετο
3512 729 3524 753 ,
3557 684 3647 737 καὶ
3700 681 3790 737 διὰ

376 770 433 821 et
463 782 618 822 nunc
676 767 1145 824 introduxerunt.
1207 772 1271 825 Et
1328 771 1446 827 hazc
1505 778 1595 828 est
1643 788 1839 836 causa,
1900 787 1987 842 ρι’(

2177 775 2231 837 ἧς
2282 768 2613 843 φαινομένης
2664 766 3087 843 ἇνθρωπὸτητος
3143 771 3177 839 ἡ
3236 771 3419 843 θεόνῃς
3481 771 3703 847 ἐνήργει

376 860 505 927 pter
535 872 711 927 quam
767 856 1035 913 Christus
1093 860 1433 915 incarnatus
1492 866 1547 915 et
1605 861 1776 915 homo
1834 861 1987 914 factu

2178 858 2472 931 θεώρητος,
2530 857 2618 911 καὶ
2676 859 2768 912 τὸν
2820 857 2880 912 ἐκ
2934 863 3030 913 τοῦ
3089 857 3416 933 παραδείπου
3472 860 3642 916 πάλαι
3708 861 3789 931 ἐξ·

378 950 488 1000 est.
556 944 666 1016 Ipsi
734 946 977 1001 debetur
1058 948 1243 1020 gloria
1329 950 1383 1003 in
1473 950 1702 1004 infinita
1788 948 1989 1003 saecula

2178 947 2414 1000 atoOéV'ta
2473 944 2780 1023 ἄνθρωπον,
2816 948 2868 1001 αἱ
2925 946 3088 1003 καλαὶ
3149 945 3242 1002 δύο
3299 948 3482 1025 φύσεις
3537 951 3723 1021 αὗται,
3757 953 3789 1019 ἠ

380 1037 581 1087 Amen.
2132 1035 2323 1105 Θεότης
2381 1035 2525 1113 φημὶ
2583 1034 2672 1090 καὶ
2731 1035 3089 1111 ἀνθρωπότης
3122 1078 3144 1106 ,
3176 1038 3250 1099 εἷς
3295 1037 3452 1092 αὐτὸν
3499 1038 3666 1095 πάλιν
3702 1040 3793 1094 καὶ

381 1124 471 1174 νῦν
506 1116 782 1177 ἐνέϐαλον.
817 1124 913 1176 Καὶ
945 1123 1077 1194 αὕτη
1113 1124 1251 1179 ἐστὶν
1284 1126 1317 1196 ἠ
1352 1125 1516 1196 αἰτία,
1554 1123 1623 1181 δι’
1652 1128 1717 1194 ἧς
1750 1125 1777 1181 ὁ
1808 1124 1935 1187 Θεὸς
1967 1124 2247 1201 ἐσαρκώθη
2280 1124 2368 1180 καὶ
2402 1123 2609 1201 ἐγένετο
2656 1125 2959 1201 ἄνθρωπος·
2994 1124 3077 1181 δτι
3128 1125 3272 1181 αὐτῶ
3309 1128 3502 1203 πρέπει
3552 1126 3683 1199 δόξα.
3716 1128 3792 1191 εἷς

382 1210 709 1285 ἀπεράντους
740 1210 958 1274 αἰῶνας.
992 1214 1192 1287 Ἀμήν.

1661 1381 1823 1391 .———_-

1178 1515 1574 1573 ADMONITIO
1619 1517 1690 1572 IN
1735 1516 2134 1573 HISTORIAM
2175 1515 2491 1571 IMAGINIS
2530 1515 2980 1571 BERYTENSIS.

448 1636 491 1691 Ῑ.
526 1637 823 1693 Athanasii
852 1655 959 1695 non
983 1656 1095 1695 esse
1123 1642 1220 1695 hoc
1271 1645 1631 1712 Opusculum,
1682 1643 1776 1698 sed
1824 1643 2070 1713 imperiti
2117 1641 2355 1713 alicujus
2402 1647 2459 1696 et
2512 1642 2807 1712 infacundi
2855 1641 3118 1711 hominis,
3172 1642 3419 1699 eruditus
3466 1660 3627 1699 nemo
3673 1662 3791 1699 non

376 1726 619 1794 judicat;
666 1745 843 1798 quare
881 1746 990 1783 non
1037 1734 1114 1785 est
1159 1731 1297 1801 quod
1350 1734 1408 1786 in
1454 1749 1517 1787 ca
1565 1750 1624 1786 re
1658 1732 1955 1805 probanda
1984 1734 2388 1787 ‘immoremur.
2438 1731 2735 1801 Antiquam
2788 1736 2970 1787 tamen
3014 1748 3127 1787 esse
3174 1748 3241 1787 ex
3284 1749 3345 1787 eo
3395 1734 3590 1804 liquet,
3643 1734 3792 1804 quod

376 1816 435 1870 in
461 1816 691 1871 concilio
722 1817 944 1874 Nicaeno
975 1836 1037 1885 ιι,
1070 1821 1379 1875 Athanasii
1408 1825 1632 1877 nomine
1665 1821 1868 1875 lectum
1895 1823 2106 1893 fuerit;
2139 1824 2298 1891 atque
2329 1828 2456 1875 teste
2491 1822 2854 1896 anstantino
2905 1821 3238 1879 Constantia?
3293 1824 3470 1894 Cypri
3518 1825 3789 1895 epise0po,

376 1904 635 1959 Patribus
664 1921 723 1961 eo
753 1910 956 1962 coactis
987 1908 1260 1980 lacrymas
1290 1913 1613 1965 excusserit.
1663 1916 1851 1966 Exstat
1894 1926 2059 1982 porro
2108 1919 2247 1965 tomo
2301 1911 2389 1965 VII
2430 1910 2661 1979 Concil.,
2712 1921 2823 1966 act.
2882 1912 2936 1966 4.
3000 1912 3101 1966 Nec
3149 1929 3350 1983 parum
3396 1912 3689 1985 discrepat,
3742 1916 3795 1968 si

374 1994 539 2047 verba
567 2004 789 2065 spectes,
826 1998 892 2051 ab
922 1998 1083 2053 editis
1114 2003 1163 2053 et
1192 2018 1223 2054 a
1256 2017 1382 2054 mss.
1416 2001 1751 2071 Tantumque
1778 2002 2001 2055 variant
2035 2002 2182 2055 inter
2230 2016 2287 2053 se
2336 1999 2560 2064 codices,
2603 2009 2664 2053 ut
2709 2001 2769 2054 in
2821 2001 3007 2054 multis
3046 2001 3170 2056 licet
3216 2004 3547 2071 reperiatur,
3595 2003 3790 2057 nullus

375 2083 483 2137 alii
513 2085 722 2139 similis
751 2095 1079 2155 compareat.
1134 2088 1195 2142 In
1246 2087 1562 2145 Colbertino
1612 2099 1803 2143 autem
1852 2091 2012 2144 tertio
2058 2090 2138 2143 ita
2182 2089 2412 2157 prolixa
2464 2096 2512 2143 et
2567 2098 2736 2144 aucta
2790 2090 2995 2159 legitur
3043 2090 3155 2145 haec
3202 2092 3463 2156 Historia,
3512 2096 3573 2146 ut
3619 2092 3790 2160 duplo

376 2172 559 2243 major
592 2175 736 2228 cusis
785 2176 1075 2237 videatur;
1124 2179 1203 2232 sic
1246 2187 1437 2233 tamen
1487 2186 1545 2233 ut
1597 2178 1775 2233 multa
1812 2178 2005 2244 verba,
2052 2179 2147 2232 sed
2197 2178 2347 2231 nihil
2394 2178 2481 2231 rei
2521 2182 2683 2248 gestes
2746 2179 3080 2249 adjiciatur.
3148 2180 3340 2236 Exstat
3398 2183 3534 2236 item
3601 2180 3793 2237 Graec

376 2263 434 2315 in
470 2261 803 2318 bibliotheca
836 2264 1083 2320 Caesarea
1110 2268 1395 2338 exemplar
1422 2268 1541 2335 eius
1569 2284 1703 2323 mss.
1736 2268 1803 2323 ab
1831 2267 1994 2323 editis
2027 2265 2170 2322 haud
2198 2283 2395 2339 parum
2425 2267 2701 2321 diversum
2729 2276 2780 2323 et
2815 2268 2991 2323 multo
3041 2270 3275 2325 auctius.
3323 2271 3792 2341 Principiuqu

374 2350 492 2421 ejus
522 2352 681 2421 affert
709 2354 1053 2419 Lambecius,
1089 2357 1385 2411 Comment.
1422 2356 1519 2411 lib.
1553 2374 1592 2420 1,
1630 2374 1686 2427 p.
1724 2358 1845 2421 126,
1896 2360 1956 2410 ut
2004 2364 2055 2411 et
2098 2358 2400 2411 versionem
2448 2359 2743 2429 antiquam
2792 2370 3126 2429 anonymam
3172 2359 3239 2413 ab
3290 2358 3437 2413 edita
3485 2360 3794 2427 diversam,

377 2454 541 2509 quam
577 2442 847 2511 integram
874 2445 1040 2512 refert
1072 2445 1211 2499 idem
1242 2463 1297 2516 ρ.
1358 2446 1478 2499 128.
1532 2446 1787 2501 Omnium
1838 2451 2030 2501 autem
2076 2445 2320 2500 codicum
2371 2447 2557 2500 varias
2600 2447 2798 2517 afferre
2846 2446 3128 2513 lectiones,
3180 2464 3277 2502 nec
3324 2450 3492 2514 facile
3535 2456 3633 2513 est,
3685 2465 3799 2504 nec

375 2544 558 2600 operae
582 2534 827 2601 pretium
854 2532 997 2605 foret
1024 2550 1035 2586 :
1070 2551 1238 2605 quare
1268 2550 1357 2589 eas
1387 2536 1565 2590 solum
1596 2536 2001 2600 adnotavimus,
2034 2552 2150 2606 quae
2181 2534 2420 2605 alicujus
2447 2536 2712 2589 momenti
2739 2537 2870 2589 visae
2899 2538 3047 2589 sunt.
3085 2540 3302 2607 Magnae
3328 2552 3456 2592 vero
3502 2537 3647 2608 apud
3697 2554 3790 2591 se-

378 2619 588 2689 quioris
617 2623 729 2675 aevi
757 2620 962 2677 Gra’cos
991 2626 1101 2694 fuit
1130 2626 1559 2679 existimationis
1604 2624 1721 2681 haec
1778 2626 2055 2679 Historia:
2106 2625 2189 2678 ita
2233 2632 2292 2678 ut
2339 2640 2403 2678 ea
2449 2624 2667 2692 publice
2718 2624 2829 2693 legi
2871 2625 3065 2679 soleret
3117 2626 3400 2680 Dominica
3444 2622 3794 2696 ὀρθοδοξῖας,

376 2723 473 2762 seu
522 2708 671 2763 Dom.
724 2712 909 2780 prima
960 2713 1427 2783 Quadragesimx,
1485 2716 1545 2769 in
1593 2731 1699 2786 qua
1745 2714 2133 2769 celebrabatur
2177 2712 2321 2785 apud
2371 2712 2578 2769 Gra’cos
2642 2716 2843 2785 festum
2906 2716 3154 2769 restituti
3212 2716 3397 2771 cultus
3460 2720 3819 2771 sanctarum'

380 2799 724 2869 imaginum.

452 2886 521 2940 ΙΙ.
557 2886 693 2941 Cum
721 2889 905 2960 itaque
934 2892 1165 2946 minime
1194 2892 1300 2946 sibi
1332 2893 1563 2946 invicem
1594 2891 1938 2946 consentiant
1964 2890 2170 2946 codices
2216 2906 2348 2945 mss.
2396 2893 2449 2945 et
2496 2890 2563 2945 ab
2605 2889 2762 2946 editis
2809 2892 3016 2945 mirum
3068 2894 3127 2947 in
3173 2892 3404 2946 modum
3449 2893 3790 2965 discrepent,

376 2976 556 3029 visum
582 2980 661 3030 est
693 2976 822 3031 bina
851 2994 923 3032 ex
952 2980 1231 3033 Palatinis
1261 2980 1541 3055 codicibus
1570 2979 1854 3049 desumpta
1882 2980 2239 3051 exemplaria
2268 2995 2393 3033 cum
2414 2978 2623 3034 Latinis
2652 2979 2994 3035 versionibus
3025 2980 3184 3035 edere
3207 2999 3223 3046 ;
3245 2980 3385 3052 quod
3411 2979 3585 3036 libera
3605 2984 3794 3037 cuivis

374 3071 562 3117 mutuo
591 3066 908 3134 conferendi
936 3068 1007 3120 sit
1036 3068 1293 3137 facultas.
1329 3069 1657 3141 Quanquam
1687 3068 1841 3123 nullo
1856 3068 2009 3139 ‘forte
2038 3067 2322 3135 dispendio
2347 3068 2607 3139 potuisset
2636 3068 2971 3122 alterutrum
2996 3069 3198 3139 omitti,
3231 3086 3353 3123 cum
3402 3071 3561 3124 nulla
3608 3073 3795 3140 ferme

374 3153 488 3205 nisi
519 3152 801 3208 verborum
831 3158 902 3210 sit
922 3155 1307 3228 discrepantia.
1346 3159 1411 3212 At
1434 3158 1752 3227 scrupuloso
1784 3158 1974 3211 lectori
2002 3172 2208 3212 morem
2236 3173 2428 3225 gerere
2458 3156 2608 3221 libet,
2644 3157 2873 3227 indigne
2918 3158 3129 3212 scilicet
3173 3160 3396 3228 ferenti,
3445 3160 3496 3213 si
3544 3175 3654 3230 qua
3698 3161 3791 3215 vel

375 3240 611 3294 minima
637 3244 795 3311 prius
825 3243 1097 3298 editorum
1120 3248 1645 3317 prsetermittantur.
1681 3249 1822 3301 Bina
1854 3246 2044 3301 itidem
2077 3247 2273 3301 Latina
2301 3248 2645 3317 exemplaria
2666 3247 2975 3317 a/ferimus,
3006 3262 3130 3317 quae
3154 3250 3247 3301 sub
3282 3248 3509 3301 initium
3556 3248 3625 3302 ad
3675 3264 3794 3303 me—

377 3326 529 3381 dium
563 3345 728 3399 usque
754 3340 860 3387 toto
889 3334 1021 3389 caelo
1050 3335 1395 3405 discrepant;
1428 3336 1555 3391 inde
1584 3352 1704 3391 vero
1735 3352 1845 3391 non
1877 3339 2027 3391 item.
2060 3337 2315 3390 Primum
2346 3336 2405 3389 in
2434 3336 2679 3406 antiquis
2710 3334 3003 3390 Athanasii
3029 3335 3189 3391 editis
3220 3338 3432 3391 Latinis
3468 3337 3589 3408 jam
3638 3338 3776 3392 olim

381 3432 573 3471 cusum
601 3420 729 3489 fuit,
760 3436 885 3475 cum
916 3421 1013 3476 hoc
1036 3425 1133 3477 sub
1165 3426 1389 3478 initium
1420 3441 1622 3494 errore,
1658 3430 1714 3479 ut
1743 3425 1961 3480 dicatur
2012 3426 2206 3480 lectam
2252 3426 2423 3495 fuisse
2461 3425 2602 3477 hanc
2649 3425 2948 3480 Historiam
2978 3441 3013 3479 a
3043 3425 3213 3480 Petro
3268 3425 3669 3481 Nicomediensi
3720 3428 3787 3480 in

373 3505 579 3578 synodo
603 3507 855 3563 starex
882 3510 1238 3581 Cappadociae
1265 3514 1558 3582 celebrata,
1589 3515 1651 3568 ob
1681 3530 1923 3569 errorem
1953 3516 2102 3569 circa
2122 3514 2335 3569 Christi
2354 3515 2573 3569 Domini
2592 3516 2925 3582 sanguinem
2946 3520 3217 3580 exortum,
3246 3531 3366 3569 cum
3387 3531 3583 3569 revera
3610 3518 3666 3569 in
3689 3516 3787 3570 Ni-

376 3610 528 3651 ca’na
566 3598 796 3652 secunda
824 3600 1050 3669 synodo,
1078 3617 1178 3671 pro
1198 3602 1348 3656 cultu
1371 3604 1675 3673 imaginum
1690 3604 1981 3658 asserendo
2004 3603 2074 3657 ab
2094 3602 2275 3658 eodem
2314 3603 2451 3658 lecta
2486 3603 2743 3671 fueritJn
2782 3602 2978 3658 multis
3005 3619 3172 3674 porro
3206 3604 3477 3674 discrepat
3500 3622 3535 3658 a
3574 3603 3783 3661 Graecis

377 3684 492 3740 haec
515 3686 715 3741 Latina
748 3690 1016 3746 Historia.
1050 3691 1359 3746 Secundum
1389 3693 1678 3763 exemplar
1706 3694 1967 3748 Latinum
1998 3708 2066 3747 ex
2096 3693 2339 3763 antiquis
2367 3692 2728 3746 conciliorum
2756 3707 2889 3746 mss.
2939 3695 2991 3746 et
3038 3691 3201 3746 editis
3246 3690 3616 3763 desumptum,
3659 3694 3785 3763 jam

374 3775 618 3846 primum
649 3778 792 3831 inter
822 3779 1203 3835 Athanasiana
1232 3780 1388 3835 edere
1406 3783 1581 3835 visum
1612 3788 1710 3847 est,
1742 3783 1872 3851 quia
1903 3781 1971 3835 ad
2004 3780 2315 3837 Graecorum
2344 3781 2583 3835 litteram
2611 3796 2787 3851 magis
2819 3781 3053 3846 accedit,
3088 3780 3207 3836 licet
3236 3782 3295 3835 in
3323 3782 3607 3835 nonnullis
3636 3781 3788 3835 haud

382 3863 577 3919 leviter
605 3865 890 3934 discrepet.

454 3953 546 4007 III.
601 3954 677 4009 De
723 3957 974 4011 llistoria
1018 3958 1281 4028 imaginis
1327 3960 1638 4029 Berytensis
1688 3958 1802 4013 haec
1848 3958 2013 4029 habet
2074 3957 2386 4028 Sigebertus
2434 3958 2495 4012 in
2542 3956 2824 4013 Chronico
2875 3956 2948 4011 ad
3012 3974 3227 4012 annum
3287 3958 3429 4011 365:
3501 3958 3795 4029 Tempore

372 4041 741 4097 Constantini
773 4045 1143 4116 imperatoris
1174 4052 1228 4101 et
1262 4052 1441 4102 lrentc
1473 4049 1667 4103 uxoris
1698 4048 1827 4118 ejus
1858 4048 1915 4101 in
1950 4047 2126 4119 Syriae
2151 4046 2384 4102 civitate
2416 4046 2685 4118 Berytho,
2718 4062 2840 4118 quae
2868 4046 3135 4114 subjacet
3184 4045 3542 4101 Antiochia:
3594 4046 3788 4101 Judaei

378 4129 695 4201 imaginem
727 4132 1042 4189 Salvatoris
1076 4135 1302 4191 Domini
1338 4138 1520 4192 nostri
1551 4138 1689 4193 Jesu
1718 4136 1926 4191 Christi
1960 4135 2323 4191 invenientes
2354 4135 2413 4189 in
2443 4136 2617 4189 domo
2642 4133 2949 4205 cujusdam
2981 4133 3285 4202 Judaei,ibi
3308 4133 3573 4189 relictam
3596 4151 3792 4206 aquo-

378 4219 513 4271 dam
546 4219 893 4291 Christiano,
926 4240 1054 4278 eam
1087 4224 1368 4293 injuriose
1390 4227 1803 4297 deposuerunt,
1829 4231 1884 4280 et
1904 4226 2102 4281 omnia
2124 4224 2436 4297 opprobria
2458 4240 2584 4295 quae
2607 4223 2791 4280 Judaei
2831 4223 3059 4278 Christo
3098 4221 3237 4279 Jesu
3276 4222 3627 4289 intulerunt,
3660 4225 3791 4294 ejus

379 4306 621 4376 imagini
654 4308 981 4365 inferebant
1010 4328 1022 4368 :
1056 4312 1370 4369 illudentes
1403 4314 1477 4379 ei,
1506 4315 1563 4369 in
1599 4315 1804 4369 faciem
1838 4320 2249 4386 conspuentes,
2282 4312 2596 4369 criminose
2626 4312 3043 4379 conviciantes,
3074 4328 3325 4384 eamque
3374 4312 3791 4383 percutientes,

382 4412 593 4451 manus
628 4402 684 4451 et
731 4399 904 4468 pedes
963 4401 1091 4471 ejus
1138 4402 1316 4457 clavis
1363 4404 1744 4474 conligentes,
1798 4410 2029 4460 acetum
2078 4408 2134 4458 et
2184 4403 2253 4457 fel
2306 4403 2356 4458 ei
2408 4402 2813 4475 porrigentes;
2864 4402 3101 4456 tandem
3153 4401 3332 4457 latere
3380 4404 3511 4471 ejus
3563 4408 3791 4473 aperto,

378 4485 552 4540 exivit
574 4486 643 4541 de
670 4502 735 4541 eo
766 4490 1009 4559 sanguis
1040 4493 1094 4543 et
1127 4507 1300 4560 aqua,
1334 4492 1487 4561 quod
1524 4491 1606 4546 illi
1640 4493 1946 4563 supposita
1995 4492 2256 4563 ampulla
2305 4492 2701 4567 suscipientes
2750 4490 2820 4545 ad
2870 4491 3333 4562 experimentum
3384 4491 3537 4547 289
3588 4497 3790 4545 utrum

376 4574 594 4628 fuerint
624 4592 759 4630 vera
790 4576 1073 4632 miracula
1102 4596 1227 4650 qua
1256 4581 1459 4635 Jesum
1495 4581 1697 4636 fecisse
1728 4582 2058 4652 audierant,
2093 4598 2298 4636 omnes
2330 4581 2597 4636 infirmos
2629 4579 2688 4635 in
2715 4582 3018 4652 Synagoga
3048 4596 3157 4635 sua
3187 4579 3461 4635 collectos
3510 4579 3619 4635 hoc
3651 4597 3792 4634 san-

375 4662 554 4735 guine
606 4667 1013 4737 aspergebant,
1064 4673 1119 4723 et
1149 4686 1181 4723 a
1213 4686 1565 4741 quocunque
1616 4669 1897 4741 languore
1948 4671 2360 4726 detinebantur
2402 4686 2610 4725 omnes
2659 4670 3043 4739 sanabuntur.
3092 4669 3253 4725 Unde
3300 4669 3537 4724 tandem
3606 4668 3791 4725 Judaei

375 4755 712 4824 compuncti
742 4757 811 4809 ad
844 4757 1206 4813 Adeodatum
1240 4758 1493 4813 civitatis
1525 4760 1867 4830 episcopum
1902 4777 2107 4815 omnes
2137 4763 2582 4828 concurrerunt,
2612 4759 2781 4829 eique
2827 4774 2887 4813 re
2934 4762 3225 4825 enarrata,
3278 4757 3602 4829 imaginem
3653 4774 3791 4813 cum

376 4842 665 4914 sanguine
704 4844 753 4899 ei
786 4845 1089 4901 dederunt.
1140 4847 1364 4910 Quibus
1414 4847 1718 4917 baptizatis
1766 4849 2077 4919 episcopus
2126 4848 2473 4920 sanguinem
2528 4864 2630 4918 per
2673 4846 2964 4919 ampullas
3019 4846 3272 4902 divisum
3325 4847 3495 4920 longe
3542 4846 3791 4920 lateque

377 4930 658 5002 dirigens,
712 4935 1060 5005 praedicabat
1114 4936 1410 5009 magnalia
1459 4936 1580 5007 Dei,
1632 4938 1961 4993 obtestatus
2010 4954 2213 4993 omnes
2269 4941 2331 4991 ut
2399 4935 2651 5009 singulis
2722 4936 2894 4992 annis
2952 4937 3159 5007 quinto
3228 4936 3364 4991 Idus
3443 4936 3793 4993 Novembris

310 5062 311 5065 η
378 5020 700 5076 celebretur
757 5023 955 5079 Passio
1005 5026 1312 5082 Dominicaa
1363 5026 1658 5098 imaginis.
1713 5032 1845 5083 Hac
1887 5026 2192 5098 Sigebertus
2235 5029 2331 5099 qui
2373 5028 2431 5081 in
2479 5027 2576 5082 hoc
2622 5030 2792 5094 errat,
2860 5025 3003 5098 quod
3066 5026 3367 5081 Historiam
3441 5026 3797 5082 Constantini

376 5118 428 5163 et
476 5110 659 5165 lrenes
687 5126 803 5167 meo
856 5118 1064 5183 gestam
1121 5128 1381 5183 enarret;
1441 5133 1573 5171 nam
1632 5125 1872 5185 tempore
1919 5119 2120 5183 Irenes,
2170 5118 2389 5171 nomine
2446 5115 2735 5170 Athanasii
2791 5115 2927 5170 lecta
2985 5114 3098 5187 fuit
3155 5117 3214 5169 in
3270 5114 3478 5186 synodo
3554 5116 3792 5171 secunda

378 5198 625 5254 Niceena.
649 5205 759 5257 Nec
786 5206 963 5272 potuit
993 5203 1123 5259 adeo
1156 5206 1389 5260 recentis
1416 5206 1691 5261 memoriae
1722 5214 1839 5261 tum
1867 5207 2060 5276 fuisse,
2091 5214 2152 5260 ut
2184 5206 2349 5260 Petro
2380 5221 2503 5259 eam
2537 5204 2839 5260 Athanasio
2899 5204 3242 5260 adscribenti
3286 5205 3425 5275 ﬁdes
3472 5203 3789 5261 haberetur.

388 5288 593 5343 Verane
621 5294 885 5346 caeterum
915 5308 985 5346 an
1012 5294 1155 5363 falsa
1181 5294 1253 5349 sit
1282 5293 1394 5350 haec
1424 5295 1676 5361 historia,
1696 5295 1984 5366 prudentis
2016 5295 2233 5351 lectoris
2262 5295 2467 5365 judicio
2496 5297 2890 5368 permittatur,-
2917 5294 3072 5350 nobis
3100 5310 3233 5350 sane
3264 5293 3477 5350 videtur
3494 5294 3795 5353 admodum

380 5380 644 5449 suspecta.
