4080 6206
537 359 651 421 ’199

1725 364 1790 424 S.
1838 362 2363 425 ATHANASIUS.
2390 392 2467 407 —
2493 361 2757 425 DUBIA.

3789 365 3881 425 800

539 496 800 549 sumeret
828 492 1024 549 cibum
1055 511 1068 560 ;
1097 493 1235 547 dum
1269 493 1640 564 prenderent,
1676 492 1913 551 elevatis
1944 494 2180 549 Judaeus

2296 488 2381 546 ἶνα
2412 494 2557 569 φάγῃ
2595 492 2710 565 μετ’
2739 490 2926 546 αὐτοῦ·
2976 490 3025 544 ἐν
3080 488 3137 545 δὲ
3181 495 3259 563 τῷ
3302 490 3526 566 ἀριστᾷν
3575 490 3768 563 αὐτοὺς,
3807 495 3876 549 ἐπ.

538 582 639 653 qui
670 581 950 637 invitatus
984 582 1171 637 fuerat
1201 582 1406 649 oculis,
1436 583 1582 637 vidit
1615 582 1925 653 imaginem
1954 582 2184 638 Domini

535 672 716 726 nostri
751 672 887 725 Jesu
919 671 1160 738 Christi,
1196 672 1459 742 dixitque
1490 673 1690 727 ,Ιυάωο
1723 672 1821 744 qui
1855 689 1916 727 se
1947 672 2187 727 advoca-

538 764 667 815 rat:
703 762 786 815 Tu
820 760 1059 816 Judaeus
1092 778 1223 816 cum
1276 763 1380 825 sis,
1417 779 1595 833 quare
1638 763 1819 830 huius
1869 750 2184 833 imaginem

536 849 691 920 apud
726 855 777 903 te
809 850 1033 904 servas?
1064 850 1457 921 plurimasque
1480 868 1543 904 ac
1568 852 1851 906 nefandas
1881 857 2183 905 contume-

536 937 645 992 lias
676 939 916 1008 profano
942 939 1218 1010 turpique
1251 956 1347 994 ore
1380 956 1485 993 suo
1509 940 1749 1012 protulit
1781 944 1981 995 contra
2013 955 2185 995 vene-

536 1028 779 1081 randam
812 1026 1132 1097 imaginem
1160 1028 1569 1099 Domini,quas
1588 1046 1659 1083 ne
1685 1028 1741 1082 in
1778 1035 2033 1083 mentem
2056 1028 2186 1098 qui-

534 1116 665 1171 dem
698 1116 1001 1170 hcminum
1027 1117 1221 1171 venire
1246 1117 1395 1185 licet;
1425 1118 1605 1172 absit!
1643 1118 2012 1189 ostenditque
2037 1118 2177 1171 ima-

537 1205 732 1277 ginem
756 1205 989 1259 Hebraeo
1022 1206 1121 1275 qui
1156 1222 1216 1260 se
1247 1206 1697 1261 invitaret.Tum
1720 1207 1892 1279 coepit
1914 1207 2187 1261 Hebraeus

541 1293 615 1348 lle
639 1295 840 1364 jurare
874 1310 973 1365 per
1001 1293 1305 1349 Judaicam
1331 1295 1526 1358 fidem,
1562 1312 1623 1351 se
1651 1297 1911 1351 nondum
1944 1297 2014 1350 ad
2057 1312 2185 1350 eam

541 1399 729 1454 usque
748 1382 950 1437 horam
972 1382 1120 1437 hanc
1142 1384 1355 1439 vidisse
1376 1384 1992 1453 imaginemﬂebraaus
2016 1401 2185 1456 porro

544 1471 643 1542 qui
674 1476 913 1526 vocatus
948 1472 1318 1536 fuerat,290
1350 1474 1534 1528 siluit.
1556 1474 1926 1547 Surgensque
1955 1474 2187 1529 Judaaos

538 1561 662 1616 adit
693 1561 794 1632 qui
816 1561 1076 1632 primarii
1106 1565 1437 1618 sacerdotes
1461 1570 1516 1618 et
1534 1562 1678 1635 legis
1708 1564 1976 1619 doctores
1998 1569 2185 1630 erant;

538 1649 911 1722 quibusdixit
946 1668 957 1705 :
995 1651 1266 1706 Hebraeus
1292 1651 1389 1707 ille
1440 1652 1757 1723 imaginem
1792 1653 2045 1707 Nazaraei
2090 1652 2187 1706 ba-

537 1738 634 1793 bet
665 1738 843 1803 domi,
878 1756 1053 1810 quam
1088 1756 1192 1811 ego
1225 1740 1409 1795 oculis
1439 1742 1711 1813 conspexi
1747 1742 1913 1797 meis.
1956 1742 2060 1805 Qui
2098 1741 2186 1796 his

539 1827 755 1883 auditis
780 1830 1243 1898 responderunt:
1276 1831 1577 1894 Quomodo
1630 1831 1683 1885 id
1721 1835 1885 1902 potes
1916 1832 2185 1901 cempro-

537 1917 721 1973 bare?
753 1919 902 1974 Tum
939 1918 1032 1974 ille
1068 1937 1080 1973 :
1117 1920 1205 1975 Me
1234 1919 1570 1991 sequimini,
1601 1924 1657 1975 et
1684 1921 1993 1975 ostendam
2022 1920 2189 1975 vobis

537 2004 723 2060 illam.
751 2006 1073 2062 Consilium
1109 2025 1281 2080 porro
1316 2009 1516 2075 iniere,
1570 2014 1632 2063 ut
1679 2025 1881 2064 omnes
1925 2008 2189 2080 proxima

538 2094 631 2149 die
665 2112 835 2151 mane
866 2096 1136 2152 cellulam
1169 2098 1419 2166 adirent,
1451 2097 1511 2153 in
1554 2115 1670 2169 qua
1698 2103 1823 2154 erat
1852 2098 2044 2170 imago
2075 2096 2182 2153 Do-

539 2200 708 2240 mlnl.

608 2474 663 2528 4.
697 2478 938 2529 Ineunte
968 2472 1097 2529 luce
1129 2474 1434 2545 sequentis
1491 2474 1625 2543 diei,
1676 2474 2008 2546 congregati
2042 2480 2183 2530 sunt

539 2563 829 2635 principes
860 2564 1228 2618 sacerdotum
1260 2570 1317 2618 et
1346 2563 1627 2630 seniores,
1659 2573 1713 2619 et
1743 2565 1943 2618 Judaeo
1980 2580 2179 2619 secum

538 2657 864 2723 assumpto,
898 2653 1139 2718 domum
1176 2652 1389 2723 petiere
1421 2653 1665 2723 Hebraei,
1701 2653 1799 2707 ubi
1831 2658 1954 2708 erat
1983 2653 2179 2724 imago

535 2740 786 2796 Domini.
820 2742 965 2798 Cum
992 2758 1057 2797 eo
1089 2742 1544 2807 advenissent,in
1577 2744 1817 2797 domum
1850 2743 2178 2813 irrumpen-

534 2834 623 2886 tes
654 2831 1020 2886 sarerdotum
1052 2831 1344 2903 principes
1372 2836 1429 2886 et
1458 2832 1737 2897 seniores,
1791 2831 2179 2902 universaque

534 2920 931 2990 turba,vident
959 2920 1274 2992 imaginem
1308 2922 1555 2976 Domini.
1578 2922 1727 2976 Tum
1761 2921 1954 2976 furore
1975 2920 2179 2992 repleti

533 3009 800 3063 Judaeum
832 3009 951 3064 illic
986 3009 1343 3065 habitantem
1378 3012 1551 3067 domo
1594 3010 1830 3082 pulsum
1883 3027 2179 3082 synagoga

537 3097 851 3168 ejecerunt.
905 3099 1223 3169 Imaginem
1274 3104 1470 3154 autem
1532 3101 1758 3156 Domini
1811 3100 1994 3155 nostri
2038 3100 2176 3155 Jesu

537 3185 752 3240 Christi
780 3202 910 3240 cum
944 3187 1373 3254 demississent,
1431 3205 1628 3244 secum
1676 3190 1757 3243 ita
1785 3188 1962 3244 locuti
1995 3194 2133 3245 sunt
2161 3205 2173 3244 :

538 3274 1041 3339 Quemadmodum
1076 3282 1267 3347 patres
1300 3248 1481 3333 nostri
1515 3278 1827 3333 illuserunt
1856 3279 1991 3349 ipsi,
2015 3279 2095 3332 ita
2124 3283 2181 3334 et

2296 3248 2471 3345 Ἰῆσόῦ
2521 3278 2758 3350 Χριστοῦ
2818 3273 3234 3349 καταγαγόντες,
3265 3272 3418 3326 εἶπον
3478 3270 3525 3324 έν
3582 3260 3817 3333 ἒαυτοῖς,δ

538 3378 646 3417 nos
677 3362 1017 3419 illudamus.
1056 3366 1205 3420 Tum
1265 3383 1486 3439 coepere
1535 3384 1856 3438 conspuere
1883 3368 1939 3422 in
1974 3368 2177 3423 faciem

536 3451 815 3523 imaginis
851 3453 1096 3523 Domini,
1130 3460 1306 3525 atque
1336 3457 1539 3511 ordine
1591 3456 1808 3527 singuli
1840 3456 2025 3528 alapis
2056 3457 2179 3511 vul-

536 3545 661 3598 tum
695 3543 820 3611 ejus
851 3543 1300 3608 caaciderunt,ac
1323 3551 1737 3617 percusserunt
1758 3562 1963 3601 omnes
1981 3547 2182 3601 dicea-

538 3631 611 3686 do
646 3649 657 3686 :
693 3633 1065 3703 Quaecunque
1096 3639 1291 3705 patres
1322 3636 1507 3689 nostri
1552 3636 1830 3701 fecerunt,
1878 3652 1945 3689 ea
1985 3652 2091 3691 nos
2122 3636 2182 3690 in

538 3721 667 3791 ejus
720 3722 1038 3793 imaginem
1090 3728 1511 3793 perpetremus.
1572 3723 1933 3795 Audivxmus,
1994 3725 2179 3789 aiunt,

544 3810 733 3865 multa
763 3811 821 3865 in
858 3828 989 3866 eum
1042 3811 1297 3867 ludibria
1344 3812 1685 3880 contulisse,
1731 3818 1788 3868 et
1840 3830 1947 3869 nos
1986 3814 2185 3868 omnia

538 3902 1171 3956 cont’eramus.lnﬁnita
1202 3903 1381 3972 igitur
1403 3902 1675 3957 ludubria
1705 3903 1761 3957 in
1788 3903 2183 3958 Dominiima-

541 3990 735 4062 ginem
772 3991 1089 4057 contulere,
1123 4008 1253 4063 quas
1284 4009 1355 4046 ne
1388 3993 1642 4062 proferre
1682 3993 1915 4063 quidem
1950 4010 2056 4049 nos
2088 4012 2183 4049 au-

542 4078 918 4134 deamus.Hic
934 4080 1099 4134 aiunt
1132 4098 1143 4135 :
1175 4082 1522 4137 Audivimus
1546 4086 1739 4154 patres
1754 4086 1987 4137 nostros
2008 4082 2187 4137 clavis

545 4181 759 4221 manus
790 4181 915 4233 ejus
948 4169 1348 4235 conﬁxisse,id
1382 4178 1436 4224 et
1470 4188 1573 4227 nos
1604 4172 1951 4227 efficiamus.
1988 4171 2186 4227 Confe-

545 4255 656 4309 ctis
685 4272 818 4326 ergo
842 4255 1037 4327 clavis,
1064 4274 1272 4313 manus
1304 4261 1597 4331 pedesque
1629 4262 1851 4317 Domini
1878 4262 2187 4317 confixere.

548 4344 805 4399 Rursum
848 4345 1127 4415 inquiunt
1158 4365 1170 4401 :
1204 4349 1549 4404 AudiVImus
1601 4355 1760 4405 aceto
1809 4356 1867 4405 et
1899 4351 2027 4407 felle
2054 4368 2187 4407 eum

548 4449 683 4488 cum
717 4435 964 4505 spongia
1004 4436 1328 4505 potavisse:
1364 4437 1419 4491 id
1447 4455 1553 4493 nos
1602 4455 1831 4510 quoque
1884 4441 2186 4497 faciamus.

549 4521 697 4577 Illud
724 4523 919 4593 itaque
939 4524 1701 4597 feceruntsimiliter,posita
1728 4528 1797 4583 ad
1829 4545 1892 4584 os
1916 4530 2191 4602 imaginis

2296 582 2427 657 άρας
2456 581 2581 643 τοὺς
2613 580 2931 659 ὀφθαλμοὺς
2979 579 3142 634 αὐτοῦ
3174 580 3201 634 ὁ
3230 577 3494 641 Ἰουδαῖος
3524 581 3552 634 ὁ
3578 580 3875 655 κεκλημένος,

2296 668 2403 726 εἰδε
2430 672 2527 739 τήν
2562 670 2741 726 εἰκόνα
2769 668 2865 725 τοῦ
2895 669 3092 744 Κυρίου
3135 670 3292 743 ἡμῴν
3324 671 3511 739 Ἰησοῦ
3557 670 3788 745 Χριστοῦ,
3812 675 3876 728 ιιιὶ

2296 758 2444 835 λέγει
2498 764 2577 831 τῷ
2633 759 2916 815 καλέσαντι
2978 758 3134 813 αὐτὸν
3196 756 3465 830 Ἰουδαίῳ·
3528 757 3620 825 Σὺ,
3674 759 3877 824 Ἰουδαῖος

2297 847 2393 919 ὢν,
2425 853 2540 911 πῶς
2570 850 2672 917 τὴν
2705 848 2885 903 εἰκόνα
2912 847 3108 902 τούτου
3142 844 3286 924 ἔχεις
3314 867 3328 915 ;
3364 842 3549 920 ὕϐρεις
3584 869 3638 902 τε
3678 851 3877 921 παμπόλυ

2296 935 2395 1000 λας
2424 938 2511 992 καὶ
2546 938 2835 1010 ἀθεμίτους
2868 936 2924 992 ἐκ
2951 942 3047 992 τοῦ
3091 941 3287 1013 μιαροῦ
3336 936 3505 991 αὐτοῦ
3553 937 3788 1008 στόματος
3824 941 3876 993 εἰ·

2295 1027 2491 1087 πόντος
2549 1028 2684 1082 κατὰ
2737 1034 2836 1096 τῆς
2891 1026 3078 1099 τιμίας
3133 1025 3338 1087 εἰκόνος
3396 1030 3495 1080 τοῦ
3553 1027 3875 1097 Δεσπότου,ἆς

2298 1116 2396 1171 οὐκ
2453 1112 2647 1187 ἔξεστιν
2702 1113 2826 1170 οὐδὲ
2880 1116 2953 1177 εἰς
3000 1114 3238 1171 διάνοιαν
3288 1115 3587 1188 ἀνθρώπων
3633 1115 3876 1188 ἐλθεῖνομή

2297 1204 2542 1279 γένοιτοί
2582 1202 2945 1258 ὑποδεικνύων
3006 1199 3065 1257 δὲ
3120 1203 3223 1271 τὴν
3285 1201 3471 1256 εἰκόνα
3516 1202 3603 1255 τὸν
3647 1201 3877 1258 καλέσαντα

2298 1290 2547 1368 Ἐϐραῖον
2578 1296 2604 1348 ὁ
2634 1291 2880 1363 κληθεὶς,
2914 1289 3115 1367 ἤρξατο
3166 1292 3193 1345 ὁ
3240 1287 3496 1365 Ἐϐραῖος
3544 1291 3741 1364 ὀμνύειν
3780 1296 3876 1346 κατὰ

2293 1390 2393 1451 τῆς
2427 1380 2728 1451 Ἰουδαϊκῆς
2761 1381 3011 1449 πίστεως,
3048 1378 3129 1434 ὅτι
3166 1380 3349 1454 Μέχρι
3404 1386 3504 1449 τῆς
3558 1379 3689 1453 ὥρας
3732 1381 3878 1451 ταῦτης

2299 1472 2397 1526 οὐκ
2445 1471 2748 1544 ἐθεασάμην
2797 1471 2895 1539 τὴν
2949 1469 3131 1524 εἰκόνα
3176 1469 3403 1539 ταύτην.
3435 1470 3494 1526 Ὀ
3534 1466 3589 1524 δὲ
3616 1466 3874 1544 Ἐϐραῖοςὸ

2297 1561 2523 1631 κληθεὶς
2574 1560 2894 1630 ἐσιώπησεν.
2937 1560 3191 1620 Ἀναστὰς
3236 1556 3294 1613 δὲ
3348 1557 3590 1627 ἀπῆλθεν
3636 1558 3751 1633 πρὸς
3789 1558 3877 1618 τοὺς

2299 1647 2616 1721 Ἰουδαίους,
2642 1648 2770 1710 τοὺς
2800 1649 3047 1724 πρώτους
3081 1646 3256 1701 αὐτῶν
3305 1647 3473 1722 ⁴ίερεῖς
3526 1646 3609 1701 καί
3648 1644 3871 1719 νομοδιδιι-

2299 1737 2553 1810 σκάλους,
2585 1740 2674 1794 καὶ
2723 1736 2871 1813 λέγει
2925 1737 3131 1807 αὐτοῖς,
3187 1736 3270 1792 ὅτι
3314 1742 3377 1794 Ὁ
3426 1734 3572 1791 δεῖνα
3614 1737 3639 1789 ὁ
3681 1731 3874 1810 Ἐϐραῖος

2301 1828 2478 1883 εἰκόνα
2508 1824 2625 1903 ἔχει
2656 1832 2752 1882 τοῦ
2803 1827 3119 1903 Ναζωραίου
3169 1825 3219 1881 ἐν
3269 1831 3351 1898 τῷ
3400 1824 3537 1898 οἰκῳ
3582 1825 3873 1899 αὐτοῦ,κὰγὼ

2299 1917 2523 1980 οἰκείοις
2558 1916 2867 1993 ὀφθαλμοῖς
2897 1914 3199 1989 ἐθεασάμην
3231 1915 3426 1986 αὐτήν.
3461 1916 3527 1971 Οἱ
3578 1912 3631 1968 δὲ
3676 1913 3873 1967 ἀκούσαν-

2294 2027 2381 2069 τες
2414 2008 2584 2061 εἰποψ
2621 2011 2743 2068 Πῶς
2786 2003 3003 2060 δύνασαι
3051 2009 3211 2060 τοῦτο
3260 2002 3576 2075 ἆποδεῖξαις
3603 2004 3734 2079 Λέγει
3778 2003 3873 2077 πρὸς

2295 2095 2511 2159 αὐτούς·
2566 2095 3003 2166 ’Δκολουθήσατέ
3064 2114 3179 2167 μοι,
3238 2094 3390 2169 κάγὼ
3478 2095 3600 2166 ὑμῖν
3671 2088 3869 2159 ὑποδείξω

2295 2185 2485 2256 αὐτήν.
2522 2180 3024 2240 Συνεϐουλεύσαντο
3076 2181 3158 2256 δὲ,
3202 2181 3295 2237 ’ίνα
3345 2183 3536 2244 πάντες
3582 2181 3711 2255 πρωῒ
3744 2199 3867 2253 παρι-

2293 2275 2574 2350 γενόμενοι
2619 2269 2998 2330 καταλάϐωσιν
3042 2274 3105 2328 τὸ
3152 2270 3402 2345 κελλίον,
3438 2272 3486 2326 ἐν
3540 2272 3583 2343 ᾧ
3612 2272 3725 2340 ἧνὴ
3753 2269 3863 2323 εἰκὼν

2289 2369 2387 2421 τοῦ
2417 2364 2637 2440 Κυρίου.

2363 2475 2415 2529 4.
2448 2470 2665 2547 Πρωΐας
2699 2468 2756 2525 δὲ
2802 2470 3121 2547 γενομένης,
3155 2470 3507 2544 συνήχθησαν
3558 2466 3606 2521 οἱ
3650 2467 3860 2539 ἀρχιερεῖς

2289 2562 2378 2615 καὶ
2436 2562 2487 2615 οῖ
2547 2555 2899 2636 πρεσϐύτεροι
2954 2558 3153 2627 αὐτῶν,
3214 2557 3304 2611 καὶ
3385 2549 3753 2631 παραλαϐόντες
3794 2550 3855 2604 τὸν

2290 2648 2568 2719 Ἰουδαῖον,
2602 2650 2933 2726 ἀπέρχονται
2965 2647 3015 2703 ἐν
3066 2653 3143 2719 τῷ
3193 2645 3333 2719 οἷ’κῳ
3381 2650 3477 2700 τοῦ
3506 2639 3745 2719 Ἐϐραίου,
3771 2639 3854 2701 ἔνθα

2288 2742 2353 2809 ῆν
2386 2742 2420 2809 ἡ
2455 2740 2611 2794 εἰκὼν
2641 2744 2738 2794 τοῦ
2780 2738 3003 2814 Κυρίου.
3039 2736 3477 2813 Παραγενόμενοι
3526 2730 3578 2787 δὲ
3621 2731 3665 2786 ἒν
3707 2734 3761 2803 τῇ
3800 2727 3854 2781 οἰ-

2290 2827 2400 2900 κίᾳ,
2449 2826 2871 2899 εἰσπηδήσαντες
2914 2824 3109 2889 ἔσωθεν
3167 2827 3266 2893 τῆς
3322 2823 3495 2885 οἰκίας
3550 2824 3596 2876 oi
3646 2820 3854 2894 ἀρχιερεῖς

2286 2918 2377 2973 καὶ
2409 2918 2461 2971 οἱ
2491 2911 2847 2991 πρεσϐύτεροι
2878 2915 2967 2970 καὶ
2999 2921 3101 2976 πᾶς
3142 2914 3169 2968 ὁ
3230 2909 3432 2988 ὄχλος,
3489 2913 3641 2987 ὁρῶσι
3690 2909 3765 2974 τὴν
3804 2905 3855 2958 εἰ·

2287 3007 2415 3061 κόνα
2459 3010 2555 3060 τοῦ
2618 3005 2838 3079 Κυρίου.
2893 3005 3022 3059 Τότε
3081 3008 3256 3076 θυμοῦ
3306 3001 3642 3071 πλησθέντες,
3682 2998 3753 3051 τὸν
3791 2994 3855 3065 μὲν

2291 3092 2555 3152 Ἰουδαῖον
2605 3095 2695 3149 τὸν
2768 3094 3025 3148 οἰκοῦντα
3082 3092 3253 3147 ἐκεῖσε
3310 3089 3634 3165 ἐξελάσαντες
3684 3086 3851 3139 ἀποσυν-

2292 3188 2499 3263 άγωγον
2535 3185 2813 3256 ἐποίησαν⁸
2862 3186 2961 3254 τὴν
3021 3182 3079 3238 δὶ
3132 3184 3316 3238 εἰκόνα
3371 3181 3466 3237 to?»
3517 3177 3690 3253 Κυρίου
3736 3176 3849 3263 ἡμῷν

2291 3365 2479 3429 Καθὼς
2514 3348 2578 3418 cii
2620 3364 2845 3438 πατέρες
2896 3348 3055 3434 ἡμῶν
3117 3362 3395 3434 ἐνέπαιξαν
3454 3358 3607 3430 αὐτῷ,
3637 3354 3751 3409 οὕτω
3791 3348 3850 3403 καὶ

2290 3456 2451 3526 ἡμεῖς
2494 3452 2843 3525 ἐμπαίζωμεν
2894 3450 3059 3523 αὐτῷ.
3094 3451 3232 3508 Τότε
3272 3448 3503 3525 ἤρξαντο
3557 3442 3768 3518 ἐμπτῦειν
3802 3438 3851 3495 εἷς

2289 3543 2351 3597 τὸ
2382 3543 2671 3613 πρόσωπον
2702 3549 2801 3611 τῆς
2850 3541 3056 3602 εἰκόνος
3110 3538 3207 3594 τοῦ
3268 3540 3488 3615 Κυρίου,
3519 3535 3599 3590 καὶ
3636 3532 3852 3609 ἐῤῥάπῑσαν

2291 3633 2457 3700 αὐτὴν
2490 3631 2624 3687 κατᾶ
2653 3631 2944 3708 πρόσωπον
2979 3632 3054 3691 εἷς
3086 3628 3294 3699 καθεὶς,
3330 3630 3383 3684 οἱ
3411 3627 3590 3685 πάντες
3637 3621 3776 3677 αὐτῶν
3797 3615 3833 3688 ἐῤ

2294 3721 2517 3799 ῥάπιζον
2544 3722 2643 3788 τήν
2674 3719 2851 3775 εἰκόνα
2880 3724 2973 3773 τοῦ
3006 3717 3201 3791 Κυρίον
3235 3715 3640 3794 λέγοντες·⁶οσα
3665 3707 3853 3772 ἐποίησαν

2294 3812 2345 3866 οῖ
2376 3812 2600 3885 πατέρες
2632 3812 2813 3882 ἡμῶν,
2842 3808 3014 3862 πάντα
3043 3809 3368 3879 ποιήσωμεν
3407 3809 3474 3878 τῇ
3527 3801 3671 3858 εἰκόνι
3716 3795 3850 3895 αὐτον.

2295 3901 2574 3974 Λέγουσιν,
2652 3897 2733 3952 ὅτι
2819 3896 3192 3970 Ἠκοόσαμεν,
3268 3894 3512 3954 πολλοὺς
3588 3890 3853 3974 ἐμπαιγμξὺς

2296 3988 2553 4057 ἐποίησαν
2610 3986 2775 4059 αὐτῷ·
2826 3986 2915 4041 καὶ
2973 3988 3136 4058 ἡμεῖς
3193 3986 3369 4039 πάντα
3425 3983 3720 4051 ποιήσωμεν.
3762 3973 3852 4039 Ἐμ-

2295 4076 2572 4151 παιγμους
2630 4074 2720 4130 οὖν
2780 4075 3035 4149 ἀπείρους
3097 4074 3375 4145 ἐνέπαιξαν
3436 4072 3528 4139 τὴν
3600 4065 3747 4122 εἰκόνα
3786 4077 3853 4159 τξυ

2298 4166 2518 4239 Κυρίου,
2550 4166 2684 4241 ἅπερ
2716 4164 2841 4219 οὐδέ
2886 4163 3059 4240 λέγειν
3091 4166 3227 4235 ἡμῖν
3275 4161 3618 4232 τετόλμηται.
3647 4151 3751 4209 Εἶτα
3788 4151 3850 4200 Λέ-

2298 4275 2507 4331 γουσιν’
2539 4254 2897 4326 Ἢκούσαμεν,
2938 4252 3019 4308 ὅτι
3077 4251 3300 4322 ⁴ἥλωσαν
3361 4250 3517 4307 αὐτοῦ
3567 4246 3649 4306 τὰς
3698 4242 3849 4343 χὶξῦαςυ

2296 4343 2457 4401 τοῦτο
2504 4344 2593 4399 καὶ
2642 4346 2805 4416 ἡμεῖς
2858 4344 3200 4414 ποιήσωμεν.
3228 4341 3361 4396 Τότε
3407 4338 3695 4407 ποιήσαντες
3729 4323 3850 4416 il?“

2299 4431 2663 4510 προσήλωσαν
2689 4412 2788 4493 τὰς
2819 4412 3008 4507 χεῖρας
3057 4412 3146 4485 καὶ
3184 4429 3312 4491 τοὺς
3362 4425 3524 4487 πόδας
3565 4426 3664 4512 τοῦ-
3690 4412 3849 4512 Κυρίον.

2305 4499 2471 4578 Πιάλιν
2534 4499 3223 4598 λέγουσινἠἮκούσαμεν,
3286 4518 3371 4573 ὅτι
3428 4512 3541 4586 ὅξος
3593 4499 3847 4598 καὶῌχολῆἶ

554 4611 783 4666 Domini
818 4615 1059 4683 spongia
1088 4617 1250 4668 aceto
1283 4614 1472 4684 plena.
1506 4594 1685 4670 Aiunt
1734 4617 1943 4673 iterum
1980 4636 1991 4673 :
2023 4594 2185 4675 Com-

2304 4614 2550 4670 ἐπότισαν
2586 4611 2744 4666 αὐτὸν
2798 4612 2931 4683 μετὰ
2978 4609 3239 4684 σπόγγου·
3290 4608 3591 4676 ποιήσωμεν
3639 4594 3756 4684 οὗτοι
3787 4606 3849 4684 κιξ

550 4698 812 4770 perimus
841 4715 939 4753 eos
970 4699 1256 4755 arundine
1288 4702 1648 4771 percussisse
1694 4710 1868 4776 caput
1897 4709 2025 4776 ejus
2053 4725 2066 4775 ;
2101 4706 2193 4762 id-

547 4788 745 4859 ipsum
777 4805 883 4844 nos
906 4806 1073 4860 agam
1086 4796 1527 4862 us,arreptaque
1558 4793 1846 4849 arundine
1868 4802 2044 4867 caput
2068 4799 2194 4867 ejus

547 4885 985 4949 percusserunt.
1025 4879 1233 4935 Dicunt
1285 4882 1491 4936 iterum
1527 4901 1540 4938 :
1571 4885 1854 4940 Accurate
1900 4887 2191 4956 novimus,

549 4965 863 5023 eoslancea
878 4967 1028 5023 lalus
1045 4971 1172 5039 ejus
1186 4971 1510 5041 aperuisse:
1538 4988 1609 5026 ne
1626 4974 1936 5029 minimum
1956 4977 2193 5047 quidem

548 5058 1083 5127 praetermittamus;
1116 5058 1216 5113 sed
1251 5060 1535 5129 potiusiis
1566 5062 2045 5132 adjiciamus.His
2066 5082 2192 5135 per-

551 5144 717 5213 actis,
751 5144 1012 5199 lanceam
1064 5146 1456 5217 postularunt,
1502 5168 1619 5220 qua
1670 5150 1864 5217 allata,
1899 5153 2194 5210 vibrantes

551 5234 732 5300 illam,
768 5235 1075 5290 confodere
1107 5235 1262 5291 latus
1290 5237 1566 5307 imaginis
1618 5240 1959 5309 Salvatoris,
1995 5243 2193 5298 confe-

552 5323 806 5393 stimque
836 5324 1146 5395 sanguinis
1176 5330 1233 5380 et
1262 5343 1415 5397 aqua
1448 5345 1659 5400 magna
1684 5330 1850 5401 copia
1880 5332 2190 5387 emanavit.

550 5412 672 5476 Quo
704 5412 1061 5484 ineipectato
1092 5413 1245 5469 edito
1291 5416 1598 5486 miraculo,
1650 5422 1888 5490 stupore
1940 5420 2192 5492 perculsi

623 5626 1079 5710 (10)‘C_olbertin'.
1114 5630 1163 5710 .1,
1195 5627 1283 5682 καὶ
1314 5628 1747 5710 προσαγαγόντες
1786 5627 1906 5710 ὅξος
1953 5632 2042 5687 καὶ
2090 5652 2192 5710 χο-

555 5695 659 5769 λὴν
691 5695 996 5771 πλήσαντες
1029 5695 1287 5778 σπόγγον,
1318 5695 1653 5777 προσέθηκαν
1679 5708 1759 5776 τῷ
1812 5695 2041 5778 στόματι
2095 5695 2194 5778 ἷἒῆς

2302 4708 2485 4777 ἡμεῖς.
2538 4701 2634 4756 Καὶ
2686 4680 2942 4769 ἐποίησαν
2994 4680 3250 4760 ὡσαῦτως
3284 4699 3413 4770 (1Ο)ν
3446 4691 3697 4790 ἐπιθέντες,
3808 4680 3849 4727 τὸ

2304 4774 2479 4865 στόμα
2523 4794 2621 4846 τοῦ
2671 4788 2869 4864 Κυρίου
2916 4795 3016 4857 τῆς
3065 4786 3272 4849 εἰκόνος
3321 4785 3544 4859 σπόγγον
3593 4774 3708 4873 μετί
3740 4774 3847 4835 ὄξους

2303 4862 2764 4955 πεπληρωμένονξ
2814 4877 3043 4953 Λέγουσι
3101 4874 3285 4930 πάλιν·
3332 4872 3635 4946 Ἐμάθομὶν,

2305 4948 2695 5042 λάμῳήέτυψαν
2725 4968 2824 5035 τήν
2854 4964 3097 5043 κεφαλὴν
3148 4964 3330 5019 αὐτοῦ·
3363 4962 3423 5017 τὸ
3461 4957 3579 5014 αὐτὸ
3619 4948 3844 5043 καὶ-ἡμεξί

2302 5062 2645 5130 ποιήσωμεν.
2681 5058 2779 5111 Καὶ
2827 5050 3089 5116 λαϐόντες
3138 5052 3407 5126 κάλαμον,
3440 5046 3639 5104 ἔτυπτον
3683 5035 3740 5094 εἰς
3770 5028 3842 5135 3i“

2302 5148 2542 5226 κεφαλὴν
2594 5143 2777 5201 αὖτοῦ.
2830 5145 3057 5219 Λέγουσι
3102 5140 3288 5198 πάλιν·
3342 5131 3699 5211 Ἀκριϐέστερον

2308 5220 2424 5309 μεν,
2456 5235 2538 5291 ὅτι
2580 5234 2758 5309 λόγχῃ
2808 5233 2973 5288 αὐτοῦ
3029 5232 3130 5299 τὴν
3175 5229 3407 5305 πλευρὰν
3455 5220 3662 5292 ἤνοιξπ
3706 5220 3845 5309 μηνεγ

2303 5299 2747 5400 παραλείψωμέν,
2820 5320 2966 5377 ἀλλὰ
3054 5318 3266 5393 μᾶλλον
3320 5299 3723 5400 ’προσθήσωμενςι
3775 5299 3840 5400 δέ

2302 5390 2461 5471 τοῖίτο
2514 5390 2860 5484 ποιήσαντες,
2914 5390 3200 5486 ἐνεχθῆναι
3251 5390 3457 5483 λόγχην
3511 5390 3837 5474 προετρέψαντον

2302 5629 2461 5705 ἁγίας
2511 5626 2726 5705 ⁸εἰκόνος
2780 5622 3285 5705 τοῦ-,Κυρίουειςαὶ
3317 5616 3490 5705 ,ἐςέάνη
3542 5593 3833 5677 ἀπογευομὲνη

2300 5692 2400 5776 τῆς
2434 5692 2613 5778 χολῆς
2644 5700 2734 5755 καὶ
2762 5702 2859 5754 τοῦ
2889 5692 3043 5770 ὄξους
3070 5698 3106 5767 ἠ
3138 5693 3261 5772 ἁγία
3290 5692 3456 5750 εἰκών.
