4080 6206
222 350 344 411 80!

1353 341 1455 404 DE
1497 344 1904 406 MlltACULO
1948 346 2236 410 BERYTI
2283 351 2545 414 EDITO.

3530 367 3647 429 802

221 480 320 535 καὶ
372 477 683 555 ἐνεχθείσης
712 482 812 545 τῆς
844 473 1079 550 λόγχης,
1112 471 1345 550 ἄραντης
1377 472 1546 543 αὐτὴν
1597 471 1880 544 ὲκὲντησαν

1998 484 2135 534 sunt
2166 486 2454 554 quotquot
2483 489 2726 556 virtutes
2759 488 2859 544 Dei
2893 489 3332 563 conspiciebant
3377 499 3434 552 et
3465 497 3645 556 incre-

221 569 368 624 κατά
396 576 500 637 τῆς
555 567 790 642 πλευρᾶς
848 566 945 633 τῆς
998 563 1204 624 εἰκόνος
1251 567 1348 617 τοῦ
1397 569 1678 639 Σωτῆρος.
1742 565 1886 638 Παρ-

567 651 596 678 Ρ

2000 568 2203 624 dibilia
2237 572 2540 629 miracula.

222 658 358 721 ευθὺ
393 655 452 712 δὲ
484 651 761 726 ἐξέϐλυσεν
793 653 930 726 αἷμα
960 651 1049 707 καὶ
1082 649 1228 728 ὕδωρ
1259 651 1334 713 εἰς
1362 650 1573 720 πλῆθος
1603 650 1766 707 πολύ.
1799 652 2001 708 Τούτου
2035 651 2090 709 δὲ
2118 661 2214 710 τοῦ
2242 658 2544 735 παραδόξου
2578 663 2848 736 θαύματος
2879 668 3197 740 γενομένου,
3243 665 3468 742 ἕπληξις
3522 673 3573 730 εὶ
3587 697 3644 730 α-

220 742 322 802 ϐεν
357 749 596 806 ἅπαντας
627 743 754 806 τοὺς
791 743 1091 817 βλέποντας
1121 743 1214 804 τὰς
1245 739 1549 803 δυναστείας
1597 745 1695 796 τοῖ’)
1725 746 1858 796 Θεοῦ
1887 742 1975 796 καὶ
2006 745 2072 798 τὰ
2101 745 2376 820 παράδοξα
2407 751 2696 824 θαυμάσια,

296 857 355 910 5.
390 854 479 914 Ὠς
536 850 918 923 ἀνεξερεύνητα
966 850 1034 904 τά
1089 848 1328 925 κρίματα
1383 855 1484 918 τῆς
1539 845 1881 918 δικαιοσύνης

218 965 353 1014 σου,
385 943 478 997 καὶ
537 942 834 1016 ἀπέραντος
893 941 928 1008 ἡ
986 938 1251 1015 ἀγαθότης
1295 937 1383 992 καὶ
1431 939 1493 992 τὸ
1543 937 1684 993 πολὺ
1731 936 1882 999 ἔλεός

219 1053 355 1102 σου,
389 1032 667 1086 Δέσποταῑ
702 1028 798 1090 Τίς
829 1025 1059 1098 λαλήσει
1095 1028 1192 1088 τὰς
1241 1025 1548 1088 δυναστείας
1597 1048 1714 1094 σου,
1776 1025 1881 1080 Κύ-

220 1141 356 1198 ριε;
393 1119 654 1181 ἀκουστάς
683 1120 905 1188 ποιήσει
946 1117 1118 1179 πάσας
1164 1116 1258 1179 τὰς
1315 1116 1539 1179 αἰνέσεις
1590 1137 1706 1184 σου,
1767 1114 1887 1194 φιλ-

219 1213 512 1286 άνθρωπε,
545 1209 573 1263 6
624 1208 701 1281 μὴ
753 1207 1089 1283 βουλόμενος
1133 1205 1223 1260 τὸν
1282 1205 1504 1261 θάνατον
1561 1203 1658 1260 τοῦ
1710 1206 1884 1279 ἁμαρ-

213 1297 446 1370 τωλοῦ,
504 1299 579 1360 ὡς
633 1298 697 1352 τὸ
755 1295 1069 1369 ἐπιστρέψαι
1123 1296 1213 1350 καὶ
1280 1297 1371 1366 ζῇν
1419 1294 1617 1362 αὐτόν;
1667 1295 1884 1368 Χριστὲ,

221 1386 364 1459 δόξα
396 1409 506 1444 σοι.
538 1386 634 1448 Τίς
665 1386 740 1448 ὡς
772 1385 858 1458 σὺ,
889 1386 1167 1452 Δέσποτα;
1216 1383 1306 1446 Τίς
1357 1382 1501 1452 πλὴν
1559 1387 1655 1437 σοῦ
1711 1387 1883 1438 ποιῶν

221 1473 449 1556 φοϐερά
499 1477 587 1530 καὶ
642 1475 881 1546 ἐξαίσια,
934 1481 1000 1529 Ὤ
1046 1478 1143 1528 τοῦ
1193 1473 1468 1546 θαύματος
1503 1474 1513 1528 !
1547 1474 1613 1527 Ὠ
1642 1479 1741 1541 τῆς
1788 1475 1885 1527 τοῦ

222 1573 502 1643 Σωτῆρος
553 1563 1014 1639 μεγαλειότητοςί
1077 1565 1332 1641 Ἔφριξαν
1391 1563 1480 1616 καὶ
1539 1567 1630 1616 νῦν
1675 1563 1728 1616 αἱ
1776 1563 1886 1616 ἄνω

221 1654 495 1729 δυνάμεις
525 1652 612 1709 ἐπὶ
638 1653 839 1726 τούτῳ.
873 1659 940 1707 ’Ώ
985 1652 1128 1722 πόση
1183 1651 1570 1726 μακροθυμίαῐ
1620 1649 1664 1706 ὣ
1717 1653 1883 1705 πόσον

222 1715 390 1807 ἕλεος
421 1747 435 1801 ί
467 1715 660 1821 πρώην
691 1715 801 1819 γὰρ
828 1739 898 1797 δι’
927 1745 1076 1815 ἡμᾶς
1229 1715 1342 1820 ’τῆι
1376 1715 1662 1816 ήὴμετέραν
1710 1761 1890 1810 σωτη-
1921 1715 1966 1780 Β

224 1834 352 1910 ρίαν
417 1831 716 1908 σαρκωθεὶς
775 1831 803 1886 6
854 1829 1085 1907 ἄσαρκος
1161 1830 1221 1886 ἐκ
1300 1833 1574 1906 Παρθένου
1652 1828 1888 1905 Μαρίας,

225 1923 557 1998 ἐσταυρώθη
593 1921 644 1977 ἐν
703 1921 881 1995 ἐκείνῃ
931 1925 1000 1994 τῇ
1046 1920 1224 1995 σαρκὶ,
1262 1920 1474 1988 ἀπαθὴς
1501 1916 1573 1973 ὢν
1602 1918 1764 1980 αὐτὸς
1820 1921 1888 1991 τῇ

227 2013 484 2082 Θεὸτητι·
542 2016 632 2065 νῦν
677 2008 734 2065 δέ
782 2009 948 2065 πάλιν
999 2009 1050 2064 ἐν
1105 2013 1174 2083 τῇ
1225 2009 1392 2064 εἷ’κόνι
1445 2008 1812 2081 ἐσταυρώθης,
1846 2008 1890 2061 ὧ

230 2102 512 2174 Δέσποτα,
562 2101 638 2164 εἷς
696 2097 924 2177 ἔλεγχον
986 2101 1079 2174 μὲν
1140 2104 1245 2155 τῶν
1308 2094 1512 2154 ἀσεϐῶν
1558 2099 1645 2154 καὶ
1675 2100 1887 2153 πάντων

227 2197 346 2246 τῶν
379 2192 640 2259 ἀπίστων,
688 2191 763 2252 εἷς
811 2191 1114 2266 στηριγμὸν
1162 2187 1220 2244 δὲ
1248 2194 1353 2244 τῶν
1387 2210 1438 2243 εν
1467 2188 1698 2260 ἀληθείᾳ
1729 2188 1803 2250 εἰς
1835 2188 1892 2241 σὲ

227 2281 700 2338 πεπιστευκότων.
752 2277 930 2335 Ἀλλά
977 2276 1102 2349 δόξα
1147 2299 1252 2347 σοι,
1304 2279 1566 2345 Δέσποτα,
1617 2282 1696 2349 τῷ
1739 2277 1891 2349 μόνῳ

224 2371 304 2425 τὰ
352 2371 527 2425 πάντα
572 2367 874 2443 δυναμένῳ,
927 2369 1040 2442 ἅμα
1103 2373 1182 2441 τῷ
1228 2364 1518 2443 εὐλογητῷ
1564 2371 1679 2439 Θεῷ
1733 2368 1891 2438 ἡμῶν

226 2463 329 2515 σὺν
379 2460 462 2532 τῷ
491 2458 854 2536 παναχράντῳ
888 2458 1080 2535 Ιῐατρὶ,
1112 2457 1202 2513 καὶ
1231 2463 1312 2530 τῷ
1342 2457 1451 2529 Υἰῷ
1495 2456 1660 2511 αὐτοῦ
1709 2457 1890 2524 Ἰησοῦ

224 2555 478 2626 Χριστῷ,
511 2550 600 2604 καὶ
631 2554 710 2621 τῷ
740 2548 920 2624 ἀγαθῴ
947 2549 1035 2603 καὶ
1072 2551 1326 2620 ζωοποιῷ
1357 2545 1657 2620 Ιινεύματι,
1686 2550 1778 2600 νῦν
1800 2544 1887 2600 καὶ

226 2638 318 2694 ἀεὶ
350 2639 445 2694 καὶ
476 2638 552 2701 εἰς
582 2638 710 2700 τοὺς
741 2637 942 2699 αἰῶνας
969 2641 1075 2692 τῶν
1110 2637 1345 2693 αῗώνων.
1379 2636 1575 2709 Ἀμήν.

305 2848 359 2900 6.
397 2843 693 2900 Ἀκούσατε
725 2843 897 2916 δμεῖς,
930 2839 1181 2916 ἀδελφοὶ,
1216 2841 1350 2915 μετὰ
1399 2835 1572 2918 φόϐου
1621 2843 1755 2895 Θεοῦ
1799 2839 1889 2894 καὶ

231 2939 419 3008 χαρᾶς
449 2933 538 2989 καὶ
570 2933 636 2988 τὰ
663 2932 832 2989 λοιπά
864 2932 998 3006 ἅπερ
1041 2931 1374 3003 ᾠκονομήθη
1411 2930 1512 2984 ὑπὸ
1539 2934 1637 2984 τοῦ
1667 2929 1889 3005 Κυρίου.

233 3025 393 3081 Πετά
423 3023 528 3099 γὰρ
557 3023 622 3077 τὸ
649 3023 978 3098 κρουσθῆναι
1013 3022 1085 3092 τῇ
1141 3018 1322 3096 λόγχῃ
1362 3019 1459 3088 τὴν
1506 3016 1743 3095 πλευρὰν
1788 3026 1889 3088 τῆς

2061 854 2116 908 5.
2149 857 2335 919 Quam
2367 858 2797 931 investigabilia
2819 865 3205 934 suntjudicia
3228 868 3475 939 justitim
3507 878 3640 942 tuae,

1993 958 2170 1012 quam
2193 945 2484 1003 immensa
2515 949 2766 1021 bonitas,
2792 969 2968 1022 quam
3003 971 3213 1027 magna
3241 959 3643 1018 misericordia

1992 1035 2114 1097 tua,
2149 1035 2428 1090 Domine!
2463 1037 2606 1100 Quis
2665 1039 2939 1111 loquetur
2993 1047 3282 1115 potentias
3342 1055 3494 1116 tuas,
3532 1054 3639 1107 Do-

1994 1121 2182 1177 mine?
2211 1125 2344 1195 quis
2373 1127 2606 1183 auditas
2628 1129 2798 1185 faciet
2823 1147 3026 1188 omnes
3057 1133 3260 1191 laudes
3291 1140 3641 1207 tuas,homi-

1993 1225 2135 1266 num
2169 1215 2592 1285 amantissime,
2628 1219 2724 1289 qui
2760 1237 2874 1275 non
2907 1223 2993 1278 vis
3020 1230 3264 1280 mortem
3295 1231 3638 1303 peccatoris,

1994 1301 2097 1390 sed
2131 1306 2193 1356 ut
2247 1310 2619 1362 convertatur
2660 1313 2718 1364 et
2772 1310 2974 1366 vivat?
3004 1312 3248 1384 (.hriste,
3281 1318 3383 1372 tibi
3434 1301 3635 1390 gloria.

1994 1389 2137 1454 Quis
2166 1391 2379 1450 similis
2408 1395 2534 1462 tibi,
2568 1396 2813 1455 Domine
2838 1400 2857 1454 ἒ
2885 1401 3026 1464 Quis
3067 1409 3276 1474 praeter
3323 1410 3380 1461 te
3431 1389 3649 1468 faciens

1994 1479 2281 1536 terribilia
2317 1487 2376 1538 et
2406 1485 2719 1558 prodigia?
2750 1491 2795 1543 Ο
2827 1490 3178 1548 miraculum
3206 1495 3214 1549 !
3255 1493 3298 1549 Ο
3331 1495 3651 1557 Salvatoris

1998 1568 2528 1639 magniﬁcentiam!
2562 1575 2845 1632 Horruere
2868 1579 2996 1649 jam
3041 1580 3149 1636 hac
3182 1583 3239 1638 in
3273 1602 3332 1640 re
3380 1602 3651 1660 supernae

1999 1660 2333 1726 potestates.
2368 1661 2410 1716 Ο
2443 1669 2663 1733 quanta
2693 1665 3110 1737 longanimitas
3140 1671 3150 1724 ί
3175 1679 3394 1743 quanta
3425 1677 3656 1733 miseri-

1998 1744 2213 1800 cordia!
2248 1746 2387 1802 olim
2421 1755 2686 1806 nostrum
2710 1755 2900 1824 gratia
2929 1762 2986 1810 et
3010 1764 3246 1828 propter
3269 1766 3533 1818 nostram
3558 1781 3652 1822 sa-

1999 1832 2181 1890 lutem
2213 1836 2678 1912 incarnatus,qui
2699 1845 2890 1898 carnis
2922 1862 3125 1915 expers
3155 1856 3300 1915 erat,
3325 1869 3392 1906 ex
3415 1853 3652 1926 Virgine

2002 1922 2204 1992 Maria,
2238 1925 2296 1980 in
2328 1928 2532 1983 eadem
2565 1946 2740 1986 carne
2771 1935 3086 1991 cruciﬁxus
3120 1937 3245 2007 fuit,
3273 1957 3404 1995 cum
3442 1922 3652 1998 secun-

2000 2011 2141 2066 dum
2161 2013 2435 2070 deitatem
2456 2016 2843 2088 impassibilis
2867 2029 3050 2089 esset;
3079 2043 3230 2080 nunc
3255 2045 3387 2084 vero
3413 2048 3653 2088 rursum

2000 2099 2058 2154 in
2092 2101 2347 2173 imagine
2394 2106 2706 2163 crucifixus
2736 2125 2815 2176 es,
2861 2127 2894 2164 ο
2931 2113 3188 2180 Domine,
3223 2117 3294 2170 ad
3347 2120 3655 2176 convictio-

2003 2203 2133 2242 nem
2154 2190 2467 2262 impiorum
2493 2197 2876 2269 omniumque
2901 2199 2998 2254 inti
3015 2203 3252 2274 dolium,
3271 2212 3326 2260 et
3348 2209 3415 2261 ad
3444 2210 3652 2264 conﬁr-

2003 2277 2318 2334 mationem
2355 2297 2559 2338 eorum
2593 2287 2694 2356 qui
2731 2289 2786 2341 in
2821 2289 3062 2346 veritate
3095 2292 3150 2355 in
3185 2299 3240 2348 te
3272 2297 3653 2356 credunt.Sed

2000 2366 2184 2437 gioria
2212 2368 2339 2439 tibi,
2371 2370 2630 2441 Domine,
2657 2377 2753 2446 qui
2787 2377 2947 2434 solus
2970 2381 3166 2436 omnia
3192 2390 3378 2455 potes,
3410 2389 3650 2444 etbene-

2001 2455 2155 2511 dicto
2187 2457 2302 2514 Deo
2353 2467 2573 2526 nostro,
2609 2481 2724 2520 una
2753 2482 2886 2522 cum
2946 2468 3325 2529 immaculato
3384 2476 3569 2548 Patre,
3595 2483 3654 2534 et

1998 2543 2140 2639 Filio
2170 2548 2298 2616 ejus
2327 2549 2465 2606 Jesu
2515 2553 2764 2624 Christo,
2799 2573 2864 2610 ac
2916 2558 3066 2614 bono
3123 2561 3465 2638 viviﬁcoque
3521 2543 3655 2639 spi-

1999 2632 2137 2703 ritu,
2199 2653 2355 2692 nuno
2409 2645 2465 2694 et
2515 2657 2747 2713 semper
2803 2649 2859 2700 et
2890 2646 2946 2700 in
2995 2650 3209 2706 saecula
3274 2632 3654 2713 saeculorum.

2002 2727 2208 2779 Amen.

2069 2841 2122 2894 6.
2155 2843 2384 2910 Audite,
2417 2863 2516 2902 vos
2548 2848 2778 2917 fratres,
2809 2869 2941 2907 cum
2976 2854 3183 2910 timore
3215 2856 3317 2912 Dei
3349 2863 3404 2913 et
3433 2861 3649 2931 gaudio

2003 2935 2206 2985 caetera
2229 2949 2354 3002 quae
2381 2952 2412 2989 a
2436 2936 2680 2993 Domino
2706 2941 3039 3012 dispensata
3061 2950 3370 3002 sunt.Cum
3393 2949 3549 3004 enim
3567 2949 3652 3006 la-

2003 3022 2099 3073 tus
2122 3020 2218 3075 29
2236 3023 2262 3075 I
2289 3030 2501 3079 sancta:
2516 3043 2579 3081 ac
2597 3031 2937 3085 veneranda:
2955 3034 3230 3104 imaginis
3247 3033 3449 3092 lancea
3465 3039 3653 3108 perfo-

235 3114 398 3188 ἁγίας
429 3112 519 3167 καὶ
572 3110 758 3184 τιμίας
788 3110 1017 3177 εῗκόνος,
1046 3109 1134 3164 καὶ
1165 3104 1460 3164 ἀναϐλύσαι
1507 3109 1570 3163 τὸ
1619 3111 1755 3181 αἷμα
1801 3109 1880 3163 καῖ

2959 3085 2967 3086 ,
3017 3085 3109 3104 ητα
3142 3085 3226 3089 ἡ--
3248 3085 3342 3090 ___
3365 3085 3624 3108 περ---

2004 3113 2164 3163 ratus
2178 3116 2352 3180 esset,
2385 3123 2799 3189 emanaretque
2816 3137 2970 3192 aqua
2990 3126 3048 3176 et
3067 3123 3326 3195 sanguis,
3342 3130 3545 3181 coacta
3565 3130 3656 3184 est

235 3204 304 3258 τὸ
338 3199 514 3276 ὕδωρ,
545 3201 793 3276 συνήχθη
834 3206 936 3254 πᾶν
968 3200 1032 3254 τὸ
1059 3198 1273 3268 πλῆθος
1303 3203 1412 3253 τῶν
1461 3195 1755 3268 Ἰουδαίων,
1805 3197 1895 3253 λέ-

238 3311 432 3368 γοντες
462 3291 601 3365 πρὸς
636 3287 938 3359 ἀλλήλους·
996 3286 1216 3356 Ἐπειδή
1279 3286 1566 3363 θρυλοῦσιν
1629 3289 1681 3342 οἱ
1741 3281 1893 3342 σεϐό-

241 3401 398 3453 μενοι
431 3380 616 3449 αύτόν,
649 3377 731 3433 ὅτι
766 3377 930 3440 ἰάσεις
963 3375 1178 3440 πολλὰς
1207 3382 1374 3447 ποιεῖ,
1409 3371 1666 3450 λάϐωμεν
1697 3376 1893 3432 τούτου

229 3470 298 3524 τὸ
331 3469 471 3542 αἷμα
524 3468 613 3523 καὶ
670 3468 733 3522 τὸ
791 3463 959 3542 ὕδωρ,
1013 3467 1104 3521 καὶ
1155 3465 1442 3542 ἀγάγωμεν
1496 3465 1626 3521 αὐτὸ
1658 3467 1736 3528 εἱς
1790 3467 1888 3535 τήν

229 3558 556 3634 συναγωγὴν
599 3603 613 3627 ,
688 3557 777 3611 καὶ
845 3558 1152 3628 συνάξωμεν
1225 3557 1428 3616 πάντας
1496 3554 1623 3618 τοὺς
1709 3561 1891 3619 κακῶς

229 3646 464 3722 ἔχοντας
493 3651 592 3702 τοῦ
651 3644 809 3714 λαοῦ,
861 3645 948 3700 καὶ
997 3644 1278 3721 χρίσωμεν
1320 3643 1516 3706 αὐτοὺς
1559 3644 1649 3698 ἀπ’
1703 3645 1889 3714 αὐτοῦ,

225 3737 318 3791 καὶ
356 3733 562 3808 ἴδωμεν
621 3734 667 3789 εἰ
723 3733 902 3804 ἀληθῆ
955 3733 1058 3788 εἶσι
1110 3734 1178 3787 τὰ
1229 3732 1518 3806 λεγόμενα.
1565 3733 1662 3787 Καὶ
1720 3755 1887 3808 προσ-

229 3827 544 3900 ενέγκαντες
601 3826 670 3897 τῇ
727 3822 939 3892 πλευρᾷ
991 3827 1090 3877 τοῦ
1148 3821 1346 3895 Κυρίου
1409 3823 1628 3894 βῆσσιν,
1689 3821 1885 3894 ἐμπαί-

231 3920 411 3983 ζοντες
445 3911 688 3982 ἔπλησαν
723 3913 822 3981 τῆν
860 3912 1084 3986 βῆσσαν,
1117 3907 1240 3974 ἔνθα
1284 3910 1406 3980 ἐξίει
1449 3911 1513 3965 τὸ
1571 3910 1735 3986 ὕδωρ·
1796 3910 1884 3966 καὶ

227 4003 463 4072 συνῆξαν
524 4003 725 4062 πάντας
784 4000 911 4062 τοὺς
969 4004 1148 4062 κακῶς
1209 3993 1455 4075 ἔχοντας,
1515 4000 1620 4074 πρὸ
1673 3999 1882 4055 πάντων

224 4091 565 4167 παράλυτον·
626 4090 684 4145 ὅν
735 4087 928 4164 ᾔδεσαν
985 4089 1113 4145 δντα
1153 4088 1212 4143 ἐκ
1262 4089 1883 4168 γενετῆς.11ροσφέρον-

225 4202 314 4243 τες
349 4179 408 4235 δὲ
434 4181 526 4234 τὸν
556 4178 866 4255 παράλυτον
899 4175 1120 4254 ἔχρισαν
1156 4177 1336 4232 αὐτόν·
1382 4177 1470 4232 καὶ
1517 4177 1710 4242 εὐθέως
1759 4200 1883 4234 συν-

222 4270 495 4347 εσνρίγχθη
568 4268 656 4324 καὶ
735 4267 945 4343 ἐγένετο
1032 4267 1189 4342 ὑγιής
1249 4267 1276 4321 6
1334 4268 1634 4341 ἄνθρωπος.
1696 4274 1881 4346 Παρα-

223 4367 428 4435 χρῆμα
469 4357 526 4414 δὲ
590 4357 800 4434 μεγάλη
858 4357 1078 4433 ταραχὴ
1141 4356 1351 4432 ἐγένετο
1407 4358 1542 4411 κατὰ
1566 4363 1737 4413 πᾶσαν
1781 4359 1881 4429 τήν

2005 3201 2126 3253 tota
2145 3199 2480 3258 Judasorum
2508 3207 3096 3281 turba,dicebantqne
3120 3218 3323 3267 mutuo
3350 3207 3370 3267 ε’
3389 3216 3656 3280 Quando-

2003 3288 2238 3358 quidem
2263 3290 2429 3347 aiunt
2451 3295 2578 3363 ejus
2601 3295 3011 3364 cultores,eum
3036 3301 3249 3356 multus
3270 3318 3473 3358 curare
3491 3303 3656 3359 inﬁr-

2004 3377 2560 3445 mitates,sumamus
2587 3389 2932 3456 sanguinem
2967 3389 3096 3458 ejus
3127 3394 3183 3445 et
3221 3406 3457 3462 aquam,
3494 3393 3658 3449 defe-

2004 3481 2323 3539 ramusque
2349 3469 2409 3525 in
2441 3487 2821 3544 synagogam,
2855 3491 2921 3529 ac
2963 3491 3389 3549 congregemus
3445 3496 3652 3536 omnes

2001 3553 2102 3626 qui
2133 3554 2401 3614 laborant
2432 3561 2808 3632 aegritudine;
2844 3580 3136 3635 ungamus
3193 3583 3291 3620 eos
3323 3566 3445 3633 illo,
3478 3572 3536 3622 et
3566 3568 3650 3623 vi-

1999 3643 2244 3701 deamus
2276 3665 2416 3704 num
2451 3667 2582 3704 vera
2615 3651 2734 3706 sint
2765 3669 2892 3722 quae
2925 3654 3097 3723 vulgo
3129 3654 3646 3710 dicuntur.Admo-

1999 3737 2172 3804 taque
2204 3735 2368 3791 lateri
2393 3738 2938 3811 Dominiamphora,
2973 3740 3269 3797 illudendo
3302 3742 3642 3814 amphoram

1999 3820 2308 3894 implevere
2336 3826 2435 3882 illa
2466 3845 2593 3898 quae
2627 3830 2900 3884 manebat
2931 3849 3118 3898 aqua:
3153 3831 3642 3902 congregatisque

1996 3912 2271 3969 omnibus
2303 3916 2402 3986 qui
2434 3917 2586 3972 male
2617 3917 2919 3983 haberent,
2955 3920 3205 3990 primum
3251 3920 3513 3974 omnium
3537 3937 3643 3991 pa-

1994 4000 2506 4075 ralytieum,quem
2539 4023 2573 4061 a
2603 4006 2904 4062 nativitate
2928 4008 3319 4080 ‘paralyticum
3351 4025 3478 4064 esse
3495 4008 3642 4064 scie-

1994 4089 2154 4159 bant,
2189 4093 2507 4149 adductum
2533 4104 2854 4162 unxerunt;
2892 4098 2991 4169 qui
3019 4099 3214 4152 statim
3240 4100 3644 4154 consolidatus

1992 4180 2428 4254 fuit,sanusque
2451 4185 2638 4240 factus
2669 4190 2754 4240 est
2787 4186 3309 4242 homo.Confestim
3341 4194 3534 4243 autem
3560 4188 3645 4243 in-

1989 4284 2133 4340 gens
2165 4269 2456 4324 tumultus
2489 4287 2589 4341 per
2622 4276 2801 4326 totam
2829 4272 3031 4328 urbem
3065 4279 3303 4330 exortus
3334 4273 3642 4340 est,omni-

1989 4356 2102 4411 bus
2131 4373 2265 4412 eum
2299 4357 2356 4412 in
2401 4358 2591 4414 locum
2629 4360 3118 4432 ingredientibus,
3153 4363 3224 4416 ob
3251 4362 3466 4418 multas
3507 4361 3640 4418 illas

220 4447 415 4519 πύλιν,
469 4447 682 4502 πάντων
731 4447 1069 4523 ἐρχομένων,
1125 4445 1213 4501 διὰ
1264 4447 1358 4508 τάς
1414 4445 1664 4522 ἀπείρους
1712 4447 1876 4511 ἰάσεις

1994 4451 2328 4506 morborum
2351 4451 2678 4506 curaliones
2701 4458 2757 4505 et
2783 4451 3084 4520 miracula,
3103 4453 3441 4508 Judzeorum
3466 4467 3636 4523 porro

216 4539 308 4592 καὶ
342 4536 798 4614 θαυματουργίας.
859 4538 1113 4607 Ἐκινῆθο
1167 4533 1224 4590 δὲ
1272 4541 1374 4590 πᾶν
1426 4537 1488 4592 τὸ
1519 4535 1732 4606 πλῆθος
1762 4543 1868 4592 τῶν

212 4625 522 4695 Ἰουδαίων,
555 4626 643 4681 καὶ
675 4625 1008 4702 προσέφερον
1039 4623 1166 4687 τοὺς
1216 4625 1454 4687 ἀσθενεῖς
1510 4625 1708 4698 αὐτῶν,
1765 4649 1870 4682 πα-

209 4711 507 4787 ραλύτους,
538 4712 802 4782 κυλλοὺς,
836 4711 1055 4789 ξηροὺς,
1088 4710 1332 4788 χωλοὺς,
1363 4713 1452 4767 καὶ
1482 4711 1740 4786 τυφλοὺς,
1775 4715 1864 4771 καὶ

211 4801 636 4875 δαιμονιῶντας,
670 4801 759 4856 καὶ
816 4801 1029 4873 ἑτέρους
1075 4799 1302 4876 ἔχοντας
1360 4802 1619 4864 παντοίας
1656 4803 1862 4866 νόσους·

210 4893 303 4947 καὶ
339 4893 554 4960 πάντες,
587 4891 877 4967 χριόμενοι
907 4889 966 4944 ἐκ
991 4895 1087 4944 τοῦ
1129 4889 1284 4964 ἁγίου
1343 4888 1571 4962 αἵματος
1614 4892 1700 4946 καὶ
1737 4891 1863 4948 ὕδα-

212 5002 308 5042 τος
341 4988 441 5050 τῆς
473 4979 708 5056 πλευρᾶς
739 4983 836 5049 τῆς
894 4979 1079 5052 τιμίας
1127 4978 1331 5041 εἰκόνος
1385 4984 1483 5034 τοῦ
1523 4980 1741 5056 Κυρίου,
1797 4984 1865 5037 τὰ

213 5071 444 5142 σώματα
473 5070 646 5124 αὐτῶν
682 5069 807 5143 ὑγιῆ
842 5066 1104 5144 ἐγένοντο.
1141 5067 1342 5128 Ιιάντες
1383 5065 1440 5123 δὲ
1488 5069 1538 5122 οἰ
1588 5071 1863 5147 ἀρχιερεῖς

209 5158 304 5214 καὶ
341 5159 390 5212 οἱ
422 5152 778 5234 πρεσϐύτεροι
809 5156 897 5210 καὶ
931 5155 959 5210 6
991 5154 1120 5218 λαὸς
1148 5161 1256 5211 τῶν
1302 5154 1572 5213 Ἰουδαίων
1624 5158 1863 5215 ἐπίστευε

211 5269 308 5302 σαν
341 5249 416 5308 εἰς
446 5247 537 5301 τὸν
571 5245 764 5322 Κύριον
794 5247 955 5318 ἡμῶν
1004 5245 1210 5315 Ἰησοῦν
1265 5246 1514 5320 Χριστὸν,
1572 5248 1664 5302 τὸν
1725 5246 1862 5318 ἀλη-

209 5337 358 5401 θινὸν
399 5335 527 5392 Θεὸν
580 5338 761 5408 ἡμῶν,
812 5333 1097 5410 κράζοντες
1143 5333 1231 5387 καὶ
1283 5332 1553 5410 λέγοντες·
1603 5337 1779 5412 Μέγας
1835 5337 1862 5392 6

207 5429 342 5488 Θεὸς
371 5429 480 5481 τῶν
513 5426 873 5500 Χριστιανῶν·
911 5422 1125 5500 μεγάλη
1158 5425 1192 5492 ἡ
1220 5422 1401 5486 πίστις
1436 5428 1544 5479 τῶν
1603 5431 1861 5502 Χριστια-

205 5520 341 5573 νῶν.
374 5515 513 5587 Δόξα
541 5534 650 5582 σοι,
709 5512 928 5589 Χριστὲ,
987 5512 1045 5567 ὅν
1103 5512 1155 5567 οἳ
1203 5512 1427 5589 πατέρες
1482 5514 1643 5587 ἡμῶν
1675 5515 1860 5572 ἐσταύ-

205 5624 415 5680 ρωσαν,
451 5603 479 5658 6
539 5603 628 5658 καὶ
688 5599 757 5657 δι’
811 5604 973 5677 ἡμῶν
1034 5601 1362 5679 σταυρωθεὶς
1419 5600 1470 5657 ἐν
1497 5601 1566 5678 τῇ
1609 5605 1862 5682 ἀχράντῳ

203 5694 297 5751 καὶ
373 5692 536 5770 τιμία
609 5689 875 5751 εἰκόνσου.
919 5690 1053 5765 Δόξα
1091 5711 1201 5764 σοι,
1268 5691 1446 5764 Ἰησοῦ
1502 5693 1720 5768 Χριστέ,
1775 5696 1864 5753 Υἱὲ

1985 4540 2258 4608 frequens
2292 4539 2540 4611 populus
2572 4548 2924 4611 commotus,
2956 4542 3326 4597 adducebant
3355 4542 3628 4597 inﬁrmos

1982 4645 2142 4699 suos,
2177 4628 2549 4700 paralyticos,
2581 4645 2841 4696 mancos,
2875 4631 3094 4698 aridos,
3126 4629 3387 4697 claudos,
3423 4646 3624 4700 cascos,

1976 4718 2387 4787 daemoniacos,
2422 4717 2686 4789 aliosque
2733 4721 2909 4773 variis
2958 4719 3410 4790 aagritudinibus
3463 4711 3623 4774 labo-

1976 4812 2208 4876 rantes;
2245 4809 2341 4879 qui
2371 4825 2574 4863 omnes
2608 4809 2831 4863 inuucti
2865 4826 3030 4863 sacro
3062 4809 3348 4880 sanguine
3373 4813 3430 4864 et
3469 4824 3624 4880 aqua

1974 4896 2173 4952 lateris
2215 4898 2554 4953 venerandae
2599 4897 2874 4969 imaginis
2930 4899 3163 4953 Domini
3195 4898 3323 4954 sani
3385 4914 3623 4969 corpore

1974 4992 2304 5042 evaserunt.
2362 4987 2578 5041 Omnes
2618 5004 2784 5058 porro
2817 4987 3113 5059 principes
3167 4988 3535 5043 sacerdotum
3568 4991 3626 5043 et

1975 5077 2234 5131 seniores
2265 5074 2638 5147 populusque
2666 5077 2996 5131 Judazorum
3028 5078 3401 5133 crediderunt
3430 5076 3488 5131 in
3510 5075 3620 5132 Do-

1975 5166 2200 5219 minum
2238 5170 2501 5220 nostrum
2537 5165 2739 5219 Jesum
2771 5166 3297 5233 Christum,verum
3323 5172 3500 5222 Deum
3525 5183 3623 5222 no-

1972 5259 2184 5323 strum,
2208 5253 2530 5308 clamantes
2562 5258 2618 5307 et
2643 5254 2900 5310 dicentes
2927 5273 2938 5309 :
2975 5261 3215 5328 Magnus
3241 5259 3390 5311 Deus
3421 5254 3620 5311 Chris-

1973 5344 2347 5397 stianorum:
2395 5358 2610 5413 magna
2667 5343 2812 5398 ﬁdes
2869 5344 3364 5399 Christianorum.
3426 5342 3622 5400 Gloria

1973 5431 2104 5498 tibi,
2137 5431 2386 5496 Christe,
2415 5447 2585 5502 quem
2621 5436 2813 5504 patres
2841 5433 3024 5488 nostri
3054 5434 3491 5503 cruciﬁxerunt,
3519 5434 3620 5505 qui

1972 5537 2006 5576 a
2037 5520 2203 5575 nobis
2233 5535 2467 5592 quoque
2495 5519 2807 5575 cruciﬁxus
2837 5537 2899 5576 es
2931 5520 2990 5576 in
3033 5519 3408 5577 immaculata
3440 5525 3498 5576 et
3525 5537 3619 5576 ve-

1972 5609 2236 5666 neranda
2264 5607 2520 5681 imagine
2549 5612 2673 5664 tua.
2709 5608 2904 5666 Gloria
2934 5609 3062 5679 tibi,
3085 5611 3222 5666 Jesu
3253 5608 3479 5666 Christe
3510 5607 3618 5664 Fili

1974 5698 2094 5771 Dei,
2128 5699 2229 5774 qui
2259 5714 2476 5773 magna
2505 5697 2650 5756 facis
2682 5698 2996 5758 mirabilia.
3030 5700 3093 5758 In
3125 5704 3182 5756 te
3211 5697 3529 5770 credimus,
3561 5700 3618 5756 et
