4080 6206
535 364 656 427 803

1723 355 1787 421 S.
1833 355 2352 420 ATHANASIUS.
2373 389 2450 403 -—
2478 353 2741 424 DUDlA.

3795 370 3884 434 804

535 498 596 553 in
630 497 877 562 Patrem,
912 493 1145 560 Filium,
1180 493 1236 548 et
1273 492 1557 564 Spiritum
1609 495 1900 558 sanctum,
1928 490 2157 545 Trinita

2295 489 2585 557 τοῦΘεοῦ,ὀ
2611 494 2786 545 ποιῶν
2825 492 3037 567 μεγάλα
3077 491 3400 567 θαυμάσια.
3436 495 3533 550 Σοὶ
3554 499 3882 573 πιστευύομεν,

533 590 653 641 tem
675 581 1242 640 consubstantialem
1301 586 1357 638 et
1404 580 1848 637 indivisibilem.
1881 579 2181 651 Propitius

535 681 659 732 esto
689 674 878 744 nobis,
914 689 1137 746 nosque
1196 672 1424 744 recipe;
1459 672 1613 728 sicut
1662 673 1720 726 in
1783 675 1985 726 sancta
2010 685 2180 725 cruce

531 769 633 820 tua
661 765 888 837 positus
917 763 1188 836 recepisti
1212 762 1496 818 latronem
1522 762 1592 816 ad
1615 761 2036 832 pcenitentiam.
2061 760 2178 814 Nos

530 870 856 910 annumera
885 852 1021 908 licet
1048 852 1324 924 indignos
1353 855 1410 906 et
1440 850 1545 906 tibi
1579 848 2179 914 hactenus'inimicos,

528 941 602 999 iis
634 943 735 1015 qui
786 946 918 1015 post
969 941 1317 998 undeciman
1359 941 1562 995 horam
1613 943 1936 1006 venerunt;
1969 937 2062 1005 iis,
2089 937 2179 992 in-

532 1047 861 1103 quam,nos
887 1046 1213 1087 annumera
1244 1034 1301 1085 et
1332 1027 1605 1083 illumina
1633 1027 1835 1083 oculos
1865 1026 2060 1082 cordis
2084 1041 2180 1080 no-

529 1123 659 1189 stri,
693 1121 1057 1186 obscuratos,
1091 1135 1240 1191 quos
1271 1117 1496 1174 scilicet
1527 1117 1785 1173 tenebris
1815 1115 2024 1172 oﬂudit
2054 1125 2179 1169 ma:-

527 1208 1102 1283 1ignusdiabolus;ut
1119 1208 1438 1264 illuminati
1458 1224 1557 1278 per
1571 1210 1841 1263 sanctum
1865 1205 2177 1276 baptisma,

525 1300 744 1356 caelesti
775 1305 875 1356 tuo
929 1298 1204 1356 exercitui
1241 1297 1482 1370 adjungi
1541 1313 1892 1353 mereamur.
1929 1295 2060 1349 Haac
2091 1293 2177 1348 illi

524 1405 660 1444 cum
695 1388 948 1445 clamore
1001 1389 1389 1460 proferebant,
1423 1387 1658 1456 altaque
1704 1403 1840 1442 voce
1899 1383 2176 1455 praedica-

525 1479 668 1534 bant
698 1477 992 1534 mirabilia
1053 1477 1170 1534 Dei.
1204 1477 1467 1533 Pervasit
1497 1481 1693 1532 autem
1753 1475 1955 1531 orbem
1987 1477 2174 1530 totum

522 1565 774 1638 hujusce
805 1567 888 1623 rei
919 1567 1077 1623 fama
1093 1567 1165 1622 de
1199 1565 1532 1622 veneranda
1563 1579 1772 1636 nempe
1804 1563 2060 1636 imagine
2084 1578 2174 1618 re-

525 1656 615 1728 gis
646 1655 832 1712 nostri
861 1656 1002 1712 Jcsu
1033 1655 1268 1711 Christi.
1303 1655 1522 1711 Omnes
1553 1654 1624 1710 ob
1653 1653 1888 1710 Oriente
1919 1656 1976 1708 et
2007 1651 2175 1706 Occi-

522 1745 698 1802 dente
726 1747 1046 1802 offerebant
1075 1745 1343 1801 inﬁrmos
1375 1762 1536 1814 suos,
1567 1743 1668 1816 qui
1699 1757 1904 1799 omnes
1929 1741 2034 1797 Dei
2065 1740 2174 1796 cle-

522 1835 743 1892 mantia
766 1836 1142 1892 curabantur.

587 2067 643 2122 7.
678 2067 812 2123 Post
841 2065 963 2121 hac
1021 2069 1218 2122 autem
1247 2064 1391 2121 adiit
1419 2067 1541 2120 tota
1596 2064 1770 2119 turba
1825 2063 2163 2120 Judeeorum

519 2156 923 2214 sacratissima
977 2155 1244 2211 Ecclesia:
1301 2153 1746 2210 sanctissimum
1801 2152 2166 2224 epiSCOpum,

522 2250 980 2318 accurentesque
1011 2245 1286 2299 dicebant
1320 2260 1332 2299 :
1366 2244 1482 2298 Nos
1532 2247 1918 2298 annumerato
1950 2248 2165 2297 sanctae

515 2336 814 2395 catholicae
864 2340 920 2392 et
950 2333 1279 2407 apostolicae
1311 2333 1597 2400 Ecclesiae,
1632 2349 1738 2388 nos
1787 2332 2079 2404 baptizato
2110 2335 2168 2387 et

515 2425 877 2484 Christianos
909 2423 1205 2480 facito.Sic
1227 2439 1431 2478 omnes
1454 2422 1813 2478 unanimiter
1832 2419 2167 2476 clamabant

517 2533 551 2572 ο.
580 2515 826 2582 minore,
861 2513 933 2570 ad
986 2512 1332 2582 maximum,
1366 2529 1482 2567 una
1539 2528 1673 2567 cum
1731 2509 2078 2566 mulieribus
2109 2513 2166 2564 et

514 2605 735 2679 pueris,
769 2603 1191 2674 dicebantque:
1217 2601 1379 2657 Unus
1405 2606 1558 2657 Deus
1591 2601 1778 2670 Pater,
1804 2617 1956 2656 unus
1981 2599 2161 2654 Filius

515 2694 876 2766 unigenitus,
911 2709 1064 2746 unus
1097 2690 1418 2746 Dominus:
1453 2690 1650 2761 ipsum
1690 2694 1868 2744 Deum
1922 2689 2160 2744 conﬁte-

513 2801 664 2852 mur,
706 2781 1204 2855 agnoscimusque
1237 2797 1250 2836 :
1285 2779 1451 2835 illum
1509 2780 1732 2834 scimus
1763 2793 1890 2834 esse
1922 2783 2104 2833 Deum
2141 2794 2154 2832 :

512 2889 646 2930 eum
679 2889 786 2928 nos
843 2871 1138 2928 credimus
1171 2869 1515 2925 crucifixum
1549 2869 1658 2923 sub
1689 2867 1891 2923 Pontio
1949 2866 2152 2934 Pilato,

511 2963 901 3020 resurrexisse
934 2961 1027 3017 die
1055 2959 1249 3030 tertia,
1284 2961 1778 3030 assumptumque
1810 2957 1990 3012 fuisse
2020 2972 2153 3011 cum

507 3053 715 3126 gloria,
749 3052 807 3106 in
839 3054 1156 3122 conspectu
1189 3053 1527 3104 sanctorum
1559 3045 1983 3118 discipulorum
2017 3061 2153 3100 suo-

506 3159 660 3205 rum,
691 3145 749 3197 et
777 3141 981 3204 sedere
1033 3139 1104 3194 ad
1163 3139 1459 3193 dexteram
1492 3137 1591 3192 Dei
1623 3141 1681 3191 et
1709 3136 1918 3190 Patris.
1952 3134 2152 3190 Multis

507 3230 707 3300 itaque
734 3228 1010 3284 laudibus
1043 3233 1221 3282 Deum
1246 3227 1636 3292 celebrarunt,
1662 3224 1921 3280 exhibita
1947 3229 2152 3296 sancta
2182 3231 2226 3300 α

508 3317 768 3390 imagine
807 3317 1003 3388 ejusce
1032 3315 1197 3372 urbis
1221 3315 1682 3386 archiepiscopo,
1726 3313 1818 3368 cui
1849 3331 1914 3368 ea
1948 3331 2151 3368 narra-

506 3410 648 3461 runt
677 3423 804 3478 quae.
836 3410 1037 3461 contra
1069 3409 1330 3460 sanctam
1363 3403 1680 3474 imaginem
1728 3407 2150 3474 perpetrarant,

503 3498 560 3551 et
589 3496 973 3551 ostenderunt
1001 3494 1347 3565 sanguinem
1382 3495 1438 3548 et
1469 3508 1708 3563 aquam,
1735 3492 2152 3563 dixeruntque,

507 3602 624 3658 qua
655 3586 877 3640 ratione
907 3601 936 3640 e
968 3585 1148 3638 latere
1179 3582 1498 3638 Salvatoris
1535 3581 1790 3636 exiisset.
1826 3582 1911 3635 Ad
1946 3581 2152 3637 borum

500 3679 698 3731 tamen
729 3674 993 3731 omnium
1027 3671 1554 3740 confirmationem,
1590 3670 1813 3741 accepit
1842 3674 2153 3742 epismpus

501 3781 570 3822 ex
600 3764 888 3837 sanguine
942 3769 1000 3819 et
1031 3780 1203 3834 aqua,
1238 3761 1574 3832 multosque
1605 3759 1836 3815 oblatos
1890 3760 2156 3816 inﬁrmos

501 3855 672 3911 unxit
701 3870 994 3925 senosque
1026 3851 1271 3906 dimisit.
1305 3850 1406 3906 His
1439 3849 1766 3905 innumeris
1809 3850 2156 3920 perpetratis

501 3942 824 4012 miraculis,
851 3941 1191 4014 episcopum
1217 3943 1496 4012 rogarunt
1526 3954 1752 4003 omnes,
1778 3943 1840 3992 ut
1870 3938 1981 3992 sibi
2015 3939 2155 4009 bap-

501 4034 717 4088 tismus
749 4033 1131 4097 conferretur,
1158 4046 1223 4085 ac
1256 4029 1456 4084 liceret
1487 4027 1922 4084 communicare
1954 4027 2157 4083 imma-

501 4120 716 4176 culatis
747 4125 802 4175 et
832 4119 1268 4174 immortalibus
1302 4117 1596 4188 mysteriis
1625 4116 1885 4188 corporis
1934 4122 1991 4171 et
2022 4133 2156 4171 san-

500 4207 719 4282 guinis.
745 4209 896 4263 Tum
928 4208 1244 4279 episcopus
1275 4206 1390 4261 illis
1423 4205 2010 4275 admissis,advocato
2035 4211 2156 4261 toto

501 4295 656 4354 clero
679 4296 1066 4351 sanctissimae
1089 4295 1187 4350 Dei
1209 4294 1816 4367 Ecclesiae,postquam
1840 4295 2041 4350 multis
2058 4311 2158 4350 eos

500 4384 1426 4454 diebusinstituisset,baptizavit
1449 4385 1579 4439 illos
1602 4384 1659 4438 in
1687 4385 1924 4440 nomine
1951 4384 2155 4453 Patris,

499 4480 558 4530 et
589 4472 739 4540 Filii,
765 4478 822 4529 et
849 4473 1106 4544 Spiritus
1133 4473 1344 4540 sancti,
1377 4489 1852 4545 synagogamque
1876 4474 2026 4530 292
2049 4473 2155 4528 Ju-

501 4563 757 4618 daeorum
783 4562 842 4617 in
865 4561 1172 4617 ecclesiam
1189 4561 1505 4618 Salvatoris
1529 4562 1712 4617 nostri
1737 4563 2157 4619 convertit.Ro-
2183 4599 2230 4664 D

498 4651 773 4723 gentibus
796 4668 964 4724 porro
993 4650 1109 4706 illis
1140 4651 1580 4706 sanctissimum
1619 4650 1982 4722 episcopum,
2016 4652 2152 4707 reli-

500 4740 922 4812 quasipsorum
942 4756 1267 4813 synagogas
1287 4739 1343 4793 in
1363 4739 1462 4794 Dei
1487 4737 1707 4810 templa
1721 4745 1776 4794 et
1793 4739 1852 4794 in
1874 4741 2153 4813 martyris.

496 4834 835 4886 sanctorum
851 4846 1093 4886 suorum
1112 4834 1432 4901 martyrum
1447 4827 1903 4892 consecravit,ad
1923 4829 2017 4884 Dei
2033 4831 2149 4903 glo-

497 4919 643 4973 riam
667 4922 724 4973 et
753 4919 1162 4974 exaltationem
1195 4917 1527 4973 orthodoxae
1551 4917 2026 4972 fidei.Constituit
2047 4935 2149 4972 au-

495 5011 613 5063 tem
638 5023 706 5063 ex
731 5007 850 5064 illis
881 5009 1248 5080 presbyteros
1271 5013 1328 5063 et
1358 5007 1770 5071 diaconos,sub
1793 5007 2068 5062 diaconos
2095 5013 2150 5063 et

494 5095 759 5152 lectores.
795 5103 985 5168 Atque
1015 5097 1095 5151 ita
1127 5096 1336 5168 ingens
1371 5096 1479 5151 fuit
1509 5095 1708 5150 laetitia
1737 5095 1793 5149 in
1828 5096 1968 5151 coelo
2001 5102 2056 5151 et
2088 5097 2146 5152 in

491 5187 748 5253 terra,ob
773 5186 1130 5257 stupendum
1156 5185 1505 5240 miraculum
1528 5185 1942 5240 venerandeet
1969 5203 2145 5241 sacrae

493 5273 766 5344 imaginis
795 5273 1026 5329 Domini
1049 5278 1106 5328 et
1128 5273 1441 5329 Salvatoris
1470 5274 1652 5328 nostri
1675 5275 1811 5328 Jesu
1836 5275 2142 5343 Christi,in

493 5363 609 5419 ista
639 5363 819 5419 urbe:
855 5380 988 5419 cum
1021 5379 1136 5419 non
1161 5363 1331 5418 modo
1364 5377 1652 5434 corporeis
1684 5365 2143 5419 curarenturin-

563 5570 678 5640 (11)
706 5567 1023 5640 Colbertin.
1059 5584 1216 5622 unus
1257 5567 1342 5622 sic
1373 5565 1571 5640 habet,
1609 5564 2143 5640 {Lap‘t‘sptaﬂt'sﬁoinf

488 5637 578 5714 κεν
631 5643 740 5714 τῶν
797 5637 990 5714 ἁγίων,
1035 5641 1147 5714 ,τῆς
1207 5656 1263 5714 τε
1319 5637 1691 5714 πανρμνήςου
1733 5637 1998 5714 Θεοτόκου
2052 5638 2142 5693 καὶ

489 5704 855 5792 ἅιιιπαρθὲνου¹
899 5704 1130 5786 Μαρίας,
1161 5711 1258 5764 τοῦ
1304 5704 1624 5784 προδρόμου
1677 5727 1736 5763 τε
1792 5709 1884 5764 καὶ
1940 5717 2142 5765 Βαπτι-

2293 576 2370 638 εἷς
2403 577 2638 654 ΙΙατέρα,
2703 580 2820 635 Γίὸν
2866 583 2952 636 καί
3014 584 3162 658 ἅγιον
3226 587 3479 657 Πνεῦμα,
3529 584 3714 659 Τριὰδα
3738 589 3883 661 ὁμοσύ-

2294 688 2406 721 σιον
2438 668 2527 722 καὶ
2586 669 2917 745 ἀχώριστον.
2978 670 3171 734 Ἵλεως
3231 675 3373 744 ἡμῖν
3432 679 3610 747 γενοῦ,
3663 677 3738 732 καί
3782 677 3882 750 δέξαι

2291 758 2457 828 ἡμᾶς,
2491 758 2563 819 ὡς
2595 755 2756 828 ἐδέξω
2785 779 2882 814 του
2916 759 3122 834 λῃστου
3159 761 3242 816 ἐπὶ
3277 767 3379 816 τοῦ
3427 763 3579 839 ἁγίου
3633 786 3717 820 σου
3767 789 3883 823 σταυ-

2291 851 2387 921 ροῦ
2452 849 2551 916 τήν
2636 850 2939 920 μετάνοιαν.
3015 852 3542 927 Συγκαταρίθμησον
3620 855 3747 926 ἡμᾶς
3789 860 3879 922 τοὺς

2289 935 2529 1007 ἀναξίους
2562 937 2687 1000 τοὺς
2718 939 3113 1014 προσελθόντας
3148 963 3228 994 σοι
3289 947 3414 1004 τοῖς
3474 945 3604 1014 μετὰ
3645 946 3731 1012 τήν
3779 947 3879 1002 ἑνδε-

2287 1025 2454 1095 κάτην
2485 1024 2646 1103 ὣραν,
2674 1029 2761 1083 καὶ
2789 1030 2822 1099 ἡ
2835 1034 2936 1101 μᾶς
2996 1031 3512 1104 συγκαταρίθμησον
3569 1033 3651 1087 καὶ
3696 1037 3871 1112 φώτισοι.

2287 1113 2412 1176 τοὺς
2447 1113 2761 1191 ὀφθαλμοὺς
2806 1123 2906 1185 τῆς
2936 1113 3158 1193 καρδίας
3205 1119 3394 1189 ἡμῶν,
3451 1119 3575 1182 τοὺς
3628 1120 3872 1196 ἐσκοτισμὲ·

2286 1224 2427 1268 νους,
2482 1204 2576 1266 οῦς
2635 1203 2662 1258 ὀ
2720 1206 2958 1280 πονηρὸς
3017 1205 3256 1261 ἐσκότισε
3319 1202 3596 1270 διάϐολος·
3648 1207 3746 1283 ἵνα,
3793 1235 3870 1290 οω-

2284 1293 2548 1356 τισθέντες
2601 1291 2689 1348 διὰ
2741 1292 2837 1349 τοῦ
2897 1293 3056 1370 ἁγίου
3115 1317 3210 1350 σου
3246 1297 3872 1372 βαπτίσματος,καταξιω-

2286 1387 2464 1455 θῶμεν
2495 1383 2582 1438 καὶ
2614 1384 2778 1456 ἡμεῖς
2805 1391 2905 1453 τῆς
2935 1384 3264 1458 ἐπουρανίου
3298 1406 3401 1440 σου
3435 1394 3693 1460 στρατιᾶς.
3739 1391 3870 1446 Ταῦτα

2286 1469 2344 1526 δὲ
2373 1468 2594 1545 ἔκραζον
2626 1471 2895 1548 λέγοντες,
2953 1475 3043 1528 καὶ
3101 1476 3469 1550 κηρύττοντες
3529 1478 3868 1556 μεγαλοφώνως

2281 1561 2348 1615 τὰ
2379 1561 2649 1634 θαυμάσια
2675 1568 2772 1617 τοῦ
2801 1568 2955 1619 Θεοῦ.
2982 1562 3209 1636 Ἐξῆλθε
3241 1561 3301 1618 δὲ
3353 1566 3388 1633 ἠ
3453 1567 3612 1642 φήμη
3661 1566 3773 1637 αὕτη
3820 1569 3870 1629 εἷς

2285 1657 2460 1706 πᾶσαν
2493 1653 2593 1721 τήν
2649 1652 2977 1724 οἰκουμένην
3032 1653 3155 1728 περὶ
3211 1659 3313 1722 τῆς
3369 1653 3555 1727 τιμίας
3587 1655 3765 1718 εἷκονος
3802 1663 3869 1713 τοῦ

2282 1736 2674 1813 παμϐασιλεως
2705 1742 2865 1814 ἡμῶν
2924 1743 3105 1812 Ἰησοῦ
3163 1744 3430 1818 Χριστοῦ·
3490 1743 3578 1798 καὶ
3605 1744 3770 1806 πάντες
3794 1746 3870 1800 ἀπὸ

2203 1863 2250 1929 Β
2283 1829 2560 1886 ἀνατολῶν
2593 1831 2681 1886 καὶ
2716 1829 2935 1903 δυσμῶν
2970 1832 3305 1908 προσέφερον
3323 1830 3455 1895 τοὺς
3478 1832 3700 1896 ἀσθενεῖς
3717 1833 3864 1890 αὐτῶν

2283 1921 2372 1975 καὶ
2405 1921 2567 1975 *ιῶντο
2599 1921 2787 1982 πάντες
2817 1923 2885 1993 τῇ
2918 1924 3052 1975 Θεοῦ
3081 1919 3402 1995 ἁγαθότητι.

2351 2050 2403 2101 7.
2440 2046 2588 2102 Μετὰ
2627 2043 2683 2100 δὲ
2738 2049 2905 2100 ταῦτα
2961 2044 3278 2121 προσῆλθον
3334 2050 3416 2118 τῷ
3473 2047 3732 2122 ἁγιωτάτῳ
3776 2047 3859 2102 ἐπι-

2280 2134 2466 2208 σκόπῳ
2493 2142 2593 2205 τῆς
2628 2134 2934 2211 ἁγιωτάτης
2987 2133 3321 2206 Ἐκκλησίας
3353 2136 3558 2190 ἅπαντα
3611 2138 3669 2191 τὰ
3715 2135 3857 2208 πλήθη

2275 2229 2380 2278 τῶν
2443 2223 2744 2296 Ἰουδαίων,
2804 2224 3231 2301 προστρέχοντες
3309 2225 3401 2280 καὶ
3464 2224 3708 2302 λέγοντες·
3759 2233 3852 2280 Κατ,

2276 2314 2576 2391 αρίθμησον
2636 2316 2781 2387 ἡμᾶς
2837 2318 2906 2388 τῇ
2967 2313 3093 2386 ἁγίᾳ
3134 2312 3410 2388 καθολικῇ
3442 2316 3527 2369 καὶ
3582 2313 3854 2387 ἁποστολικῇ

2274 2403 2587 2475 Ἐκκλησία,
2625 2404 2882 2478 βάπτισον
2917 2405 3064 2475 ἡμᾶς
3092 2403 3180 2457 καὶ
3248 2404 3486 2475 ποίησον
3544 2403 3851 2481 Χριστιανούς.

2273 2498 2535 2569 ’Έκραζον
2598 2490 2653 2546 δὲ
2709 2490 3055 2566 ὁμοθυμαδὸν
3115 2493 3345 2555 ἅπαντες
3407 2493 3512 2548 ἀπὸ
3569 2498 3740 2566 μικροῦ
3775 2490 3849 2554 ἓως

2276 2582 2520 2657 μεγάλου
2580 2581 2753 2636 αὐτῶν
2814 2581 2904 2636 σὺν
2963 2582 3163 2656 γυναιξὶ
3223 2583 3314 2638 καὶ
3377 2581 3608 2646 παιδίοις
3637 2581 3849 2658 λέγοντες·

2270 2673 2363 2733 Εἷς
2393 2674 2519 2734 Θεὸς
2553 2671 2580 2725 ὀ
2613 2672 2823 2746 Πατήρ,
2858 2671 2930 2733 εἷς
2979 2673 3102 2733 Υἱὸς
3134 2671 3161 2726 ό
3196 2674 3524 2749 μονογενής,
3562 2673 3631 2734 εἷς
3683 2672 3857 2745 Κύριος-⁸

2267 2762 2424 2816 αὐτὸν
2457 2763 2583 2817 Θεὸν
2639 2759 3042 2836 ὁμολογοῦμεν,
3103 2761 3191 2816 καὶ
3249 2760 3478 2836 οἷ’δαμεν
3535 2760 3615 2817 καί
3643 2761 3846 2838 γινώσκο·

2271 2871 2385 2924 μεν·
2423 2849 2577 2905 αὐτὸν
2637 2850 2762 2905 Θεὸν
2824 2847 3070 2923 οἴδαμεν,
3128 2849 3287 2905 αὐτὸν
3351 2853 3512 2924 ἡμεῖς
3565 2850 3843 2922 πιστεύομεν,

2263 2941 2351 2994 τὸν
2387 2939 2759 3014 σταυρωθέντα
2788 2939 2874 2994 ἐπὶ
2907 2939 3142 2996 Ποντίου
3175 2937 3448 3011 Πιλάτου,
3478 2940 3560 2994 καὶ
3611 2937 3843 2994 ἀναστάντα

2262 3033 2330 3103 τῇ
2360 3029 2515 3105 τρίτῃ
2572 3027 2772 3104 ἡμέρᾳ·
2831 3028 2918 3083 καὶ
2978 3027 3362 3106 ἀναληφθέντα
3415 3029 3466 3084 ἐν
3515 3027 3630 3103 δόξῃ
3661 3028 3836 3082 ἐνώπιον

2261 3125 2368 3174 τῶν
2402 3118 2564 3193 ἁγίων
2595 3121 2848 3191 μαθητῶν
2883 3117 3065 3188 αὐτοῦ,
3099 3118 3186 3172 καὶ
3233 3118 3588 3191 καθεζόμενον
3639 3118 3683 3171 ὲν
3731 3113 3839 3184 δεξιᾷ

2260 3213 2356 3264 τοῦ
2389 3205 2520 3264 Θεοῦ
2550 3207 2639 3262 καὶ
2690 3207 2923 3281 Πατρός.
2982 3205 3226 3269 Ιῐολλαῖς
3284 3206 3378 3262 οῦν
3428 3207 3693 3286 εὐφημίαις
3720 3202 3834 3276 805i-

2263 3319 2446 3359 σαντες
2476 3299 2566 3352 τὸν
2596 3297 2746 3366 Θεὸν,
2777 3298 2877 3364 τήν
2907 3295 3056 3372 ἁγίαν
3087 3317 3148 3351 τε
3177 3296 3362 3351 εἰκόνα
3417 3301 3494 3370 τῷ
3548 3292 3835 3371 ἁρχιεπισιό-

2263 3409 2349 3460 πῳ
2401 3394 2499 3456 τῆς
2552 3386 2724 3441 ἐκεῖσε
2779 3387 2995 3448 πόλεως
3055 3384 3435 3456 ἐπιδείξαντες,
3501 3386 3582 3440 καί
3633 3380 3835 3457 ἃπαγγεί-

2265 3477 2451 3538 λαντες
2485 3475 2517 3530 ἃ
2547 3475 2802 3545 ἐποίησαν
2833 3476 2930 3543 τήν
2959 3479 3057 3530 τοῦ
3097 3481 3334 3551 Χριστοῦ
3393 3476 3535 3550 ἁγίαν
3589 3475 3752 3536 εἱκόνα,
3792 3467 3834 3522 τό

2262 3589 2320 3621 τε
2351 3569 2488 3639 αἷμα
2516 3566 2602 3620 καὶ
2638 3564 2782 3640 ὕδωρ
2831 3564 3203 3635 ἐπιδείξαντες,
3259 3565 3351 3620 καὶ
3406 3570 3518 3626 πῶς
3569 3561 3751 3636 ἐξῆλθεν
3796 3557 3836 3612 ἐκ

2263 3664 2363 3726 τῆς
2420 3653 2658 3730 πλευρᾶς
2709 3659 2806 3709 τοῦ
2863 3660 3140 3728 Σωτῆρος
3203 3654 3359 3726 ὅμως
3429 3654 3560 3728 πρὸς
3615 3645 3835 3727 βεϐαίωσιν

2265 3748 2475 3800 πάντων
2530 3739 2713 3798 λαϐὼν
2775 3745 2802 3798 ὁ
2861 3743 3155 3804 ἐπίσκοπος
3215 3743 3272 3798 ἐκ
3330 3748 3427 3799 τοῦ
3480 3741 3616 3816 ἁγίου
3666 3737 3838 3809 αἳματος

2265 3835 2352 3889 καί
2411 3831 2641 3903 ὕδατος,
2699 3832 2787 3887 καί
2846 3830 3094 3894 πολλοὺς
3153 3831 3395 3893 ἀσθενεῖς
3451 3829 3836 3904 προσενέγκαντες,

2265 3924 2354 3978 καὶ
2409 3922 2646 4001 ἀλείφων
2705 3921 2923 3989 αὐτοὺς,
2990 3922 3158 3996 ὑγιεῖς
3215 3920 3471 3978 ἀπέλυσε,
3529 3916 3718 3976 Τούτων
3759 3916 3834 3967 τῶν

2267 4012 2502 4088 ἀπείρων
2541 4011 2826 4084 θαυμάτων
2879 4008 3206 4086 γεγονότων,
3275 4011 3448 4071 οὕτως
3502 4010 3698 4064 ἅπαντες
3742 4002 3833 4055 καθ·

2270 4104 2502 4156 ικὲτευον
2549 4102 2639 4155 τὸν
2673 4099 2964 4154 ἐπίσκοπον
2996 4104 3182 4174 τυχεῖν
3235 4104 3338 4154 τοῦ
3394 4099 3542 4173 ἁγίου
3597 4091 3832 4171 βαπτίσμα-

2264 4212 2376 4259 τος,
2437 4191 2524 4244 καὶ
2589 4185 2914 4262 μεταλαϐεῖν
2971 4193 3077 4244 τῶν
3139 4188 3425 4264 ἁχράντων
3485 4186 3566 4240 καὶ
3618 4180 3828 4238 ἀθανάτων

2271 4279 2582 4354 μυστηρίων
2609 4283 2706 4334 τοῦ
2735 4277 2924 4352 τιμίου
2957 4278 3208 4350 σώματος
3239 4279 3330 4332 καὶ
3389 4277 3621 4349 αἳματος.
3667 4270 3770 4324 Τότε
3810 4266 3830 4317 δ

2268 4370 2558 4429 ἐπίσκοπος
2647 4361 2980 4443 παραλαϐὼν
3082 4365 3272 4427 αὐτοὺς
3307 4412 3322 4437 ,
3404 4365 3487 4420 καὶ
3566 4356 3829 4435 συγκαλέσας

2268 4462 2474 4514 ἅπαντα
2501 4458 2593 4512 τὸν
2621 4456 2828 4533 κλῆρον
2861 4462 2959 4526 τῆς
2999 4454 3309 4530 ἁγιωτάτης
3339 4458 3434 4510 τοῦ
3489 4456 3610 4508 Θεοῦ
3657 4443 3830 4510 Ἐκκλη-

2267 4550 2403 4620 σίας,
2465 4546 2549 4602 ἐπὶ
2606 4544 2820 4608 πολλάς
2875 4567 2934 4600 τε
2989 4545 3198 4621 ἡμέρας
3252 4533 3827 4621 κατηχήσας,ὲϐἁπτισεγ

2263 4638 2457 4701 αὐτοὺς
2491 4638 2565 4700 εἰς
2614 4637 2675 4692 τὸ
2734 4633 2908 4708 ὄνομα
2962 4640 3064 4691 τοῦ
3097 4636 3440 4710 Ιιατρὸς,καῖ
3483 4636 3571 4688 τοῦ
3596 4630 3720 4692 ι’ἱοῦ,
3764 4619 3827 4675 καὶ

2259 4733 2355 4784 τοῦ
2405 4727 2556 4804 ἁγίου
2591 4725 2925 4798 ΙΙνεύματος,
2957 4726 3046 4779 καὶ
3085 4725 3183 4794 τήν
3234 4725 3538 4800 συναγωγὴν
3587 4722 3678 4773 τῶν
3729 4714 3826 4768 Ίου·

2263 4816 2426 4874 δαίων
2461 4814 2751 4886 ἐκκλησιαν
2784 4819 2880 4869 τοῦ
2936 4819 3194 4889 Σωτῆρος
3250 4815 3408 4886 ἡμῶν
3445 4810 3658 4877 ἐποίησε.
3687 4808 3826 4889 Παρατ

2259 4906 2598 4964 καλεσάντων
2661 4903 2718 4959 δὲ
2773 4902 2948 4957 αὐτῶν
3001 4903 3092 4958 τὸν
3139 4904 3433 4978 ἁγιώτατον
3464 4899 3734 4960 ἐπίσκοπον,
3758 4884 3822 4940 καῖ

2257 4998 2352 5058 τὰς
2412 4995 2608 5056 λοιπὰς
2669 4992 2996 5068 συναγωγὰς,
3055 4991 3214 5052 ναοὺς
3271 4995 3426 5062 Θεοῦ,
3479 4985 3558 5042 καὶ
3613 4977 3819 5056 μαρτῦρια

2258 5095 2363 5145 τῶν
2417 5087 2582 5163 ἁγίων
2644 5085 2806 5140 αὐτοῦ
2865 5084 3148 5160 μαρτύρων
3224 5085 3503 5162 ἀφιερῶσαι
3557 5065 3815 5170 ﬂexerint},

2261 5180 2337 5240 εἱς
2369 5175 2522 5247 δόξαν
2555 5180 2651 5229 τοῦ
2683 5178 2817 5229 Θεοῦ
2847 5174 2936 5227 καὶ
2994 5173 3260 5249 καύχημα
3314 5179 3408 5240 τῆς
3463 5162 3715 5244 ὀρθοδόξου
3753 5162 3816 5206 πὶ·

2258 5289 2423 5328 στίως
2457 5269 2588 5339 (11)·
2626 5262 2924 5332 Κατέστησε
2955 5259 3013 5316 δὲ
3041 5263 3129 5316 καὶ
3190 5261 3239 5332 ἐξ
3283 5261 3447 5316 αὐτῶν
3497 5245 3816 5339 πρεσϐυτέρουῗ

2257 5355 2345 5412 καὶ
2407 5353 2712 5423 διακόνους,
2775 5349 3188 5424 ὑποδιακόνους,
3245 5351 3332 5406 καὶ
3387 5343 3704 5421 ἀναγνώστας.
3745 5334 3816 5382 εει

2255 5585 2382 5618 στου
2435 5563 2701 5633 Ὶωὰινου,
2754 5558 2843 5615 καὶ
2881 5561 2988 5614 τῶν
3023 5556 3192 5633 ἁγίων
3224 5550 3438 5624 ἐνδόξων
3466 5547 3545 5604 καὶ
3596 5531 3812 5612 πανευφτί’

2261 5657 2375 5711 μων
2404 5629 2744 5690 ἀποστόλων.
