4080 6206
3571 107 3964 200 —

3633 185 3638 192 Ι

494 326 606 390 807
1689 329 1752 388 S.
1801 321 2321 386 ATHANASIUS.
2348 354 2423 366 -—
2459 321 2720 387 DUBIA.
3769 336 3863 399 808

492 466 776 534 tempore,
806 460 1172 518 Christianus
1224 462 1316 518 ille
1363 464 1556 536 majus
1605 462 1714 517 sibi
1771 459 2122 516 domiciliurr

2255 457 2432 526 Ἰησοῦ
2486 458 2736 533 Χριστοῦ.
2790 458 3003 535 Χρόνου
3054 459 3110 516 δὲ
3171 461 3363 538 ὀλίγου
3419 461 3736 534 διελθόντος,

496 550 860 622 perquisivit,
893 568 1006 622 quo
1047 569 1195 624 opus
1245 553 1495 608 habebat
1526 570 1538 608 :
1574 552 1728 624 quod
1779 548 2007 605 Domini
2041 565 2122 603 no

2258 548 2485 617 εζήτησε
2516 549 2664 603 οἷκον
2699 548 2919 622 μείζονα
2964 554 3074 621 (15)
3119 553 3146 606 6
3177 554 3495 626 Χριστιανὸς
3526 555 3597 615 ὡς
3641 557 3852 630 χρῄζων.

499 639 606 695 stri
637 639 825 711 gratia
856 640 1260 711 dispensatum
1297 658 1404 707 es:,
1436 645 1499 697 ut
1532 640 1758 712 opinor,
1793 638 1892 710 qui
1925 637 2120 693 scilice

2253 639 2420 690 Τοῦτο
2454 634 2509 691 δῖε
2543 639 2576 707 ἡ
2603 643 2699 692 τοῦ
2731 638 2930 713 Κυρίου
2979 642 3139 713 ἡμῶν
3193 643 3373 709 Ἰησοῦ
3424 643 3655 718 Χριστοῦ
3698 645 3860 716 ᾠκονό-

497 728 620 783 vult
641 746 846 785 omnes
878 729 1148 785 homines
1179 731 1370 786 salvos
1399 731 1542 799 ﬁeri,
1575 735 1634 785 et
1683 729 1752 784 ad
1787 725 2122 800 agnitioneu

2259 745 2400 796 μησε
2430 728 2615 802 χάρις,
2647 726 2720 789 ὥς
2773 749 2836 802 γε
2867 727 2971 803 ἐγὼ
3021 730 3299 803 πείθομαι,
3346 735 3448 785 τοῦ
3494 732 3732 795 Θέλοντος
3760 738 3859 788 πάν-

497 818 760 873 veritatis
789 818 1006 888 venire,
1038 820 1387 890 ostendique
1429 817 1723 874 mirabilia
1770 833 1880 874 sua
1929 816 1999 870 iis
2045 831 2122 886 qu

2252 835 2346 876 τας
2378 815 2694 890 ἀνθρώπους
2743 819 3003 886 σωθῆναι,
3049 818 3136 872 καὶ
3187 820 3260 880 εἰς
3304 818 3596 894 ἐπίγνωσιν
3647 821 3857 893 ἀληθείας

497 907 819 962 creduntin
852 908 1086 976 eum,ad
1107 908 1562 962 confutationem
1594 907 1909 979 impiorum
1935 903 2122 959 stlide

2255 901 2447 975 ἐλθεῖν,
2481 901 2736 960 δεικνύων
2768 907 2834 960 τὰ
2887 905 3158 978 θαυμάσιοι
3210 909 3374 964 αὐτοῦ
3413 916 3532 972 τοῖς
3561 913 3853 967 πιστεύουσιν

495 994 642 1050 lium
676 996 1747 1069 conﬁrmationem.lnquirebatigitur
1776 993 2144 1051 Christianus

491 1084 614 1152 ille,
648 1085 732 1140 uti
765 1103 946 1157 supra
976 1085 1469 1158 dixi,ampliorem
1503 1087 1741 1141 domum
1766 1103 1786 1147 ,'
1817 1089 1873 1139 et
1903 1098 2035 1138 cum
2060 1081 2144 1136 in-

488 1174 746 1229 venisset
789 1175 845 1228 in
899 1175 1061 1245 urbe,
1114 1175 1288 1230 istinc
1340 1175 1537 1230 omnia
1587 1192 1693 1230 sua
1743 1191 1877 1228 cum
1926 1170 2141 1244 gaudio

489 1263 826 1335 asportavit,
864 1263 1064 1318 relicta
1094 1280 1160 1319 ex
1196 1264 1290 1320 Dei
1323 1263 1687 1336 providentia
1732 1261 1963 1318 Domini
1993 1259 2140 1314 ima-

2254 991 2328 1054 εἰς
2359 993 2520 1048 αὐτὸν
2553 993 2630 1056 εἷς
2663 992 2893 1070 ἔλεγχον
2925 1001 3032 1050 τῶν
3085 991 3309 1065 ἀσεϐῶν,
3345 1000 3644 1074 στηριγμὸν
3685 998 3734 1054 δὶ
3773 1006 3852 1055 τῶν

2251 1087 2476 1136 πιστῶν.
2513 1083 2725 1154 Ἐζήτει
2776 1082 2866 1138 οὗν
2895 1085 2923 1139 6
2955 1086 3292 1157 Χριστιανὸς,
3345 1086 3422 1149 ὡς
3478 1085 3632 1164 ἔφην,
3680 1090 3853 1161 μείζονα

2252 1171 2424 1242 οἶκον,
2456 1172 2546 1226 καὶ
2578 1171 2747 1249 εὑρών
2777 1196 2828 1228 τι
2859 1175 2963 1229 ἀπὸ
3001 1181 3102 1243 τῆς
3151 1175 3394 1245 πόλεως,
3446 1184 3668 1253 μετῆρεν
3699 1179 3853 1250 ἐκεῖσε,

2249 1261 2337 1314 καὶ
2401 1263 2533 1334 μετὰ
2592 1264 2766 1338 χαρὰς
2822 1265 2992 1318 πάντα
3047 1264 3112 1318 τὰ
3169 1264 3354 1335 αὐτοῦ,
3415 1267 3504 1321 καὶ
3561 1268 3852 1325 καταλείπων

490 1354 645 1425 gine,
681 1358 744 1408 ut
764 1353 891 1424 jam
923 1354 1062 1409 dixi.

564 1549 716 1607 293
746 1548 799 1604 3.
833 1549 1071 1606 Judazus
1103 1567 1273 1622 porro
1323 1550 1562 1623 quidam
1609 1548 1830 1621 accepit
1860 1546 1920 1602 in
1951 1545 2138 1602 domi-

489 1637 692 1694 cilium
727 1640 966 1695 domum
997 1638 1252 1706 illam,in
1285 1657 1406 1711 qua
1435 1639 1629 1695 stabat
1652 1639 1847 1710 imago
1870 1633 2136 1692 Domini:

487 1745 740 1799 cumque
773 1727 973 1783 omnia
1013 1746 1120 1783 sua
1173 1728 1371 1784 islhuc
1412 1727 1730 1795 intulisset,
1778 1727 1838 1782 in
1869 1743 1933 1781 ea
1963 1726 2138 1780 domo

2250 1349 2301 1420 ἐξ
2333 1350 2648 1424 οἰκονομίας
2703 1357 2856 1424 Θεοῦ,
2889 1355 2986 1422 τὴν
3046 1353 3224 1410 εἰκόνα
3267 1359 3368 1410 τοῦ
3430 1357 3625 1430 Κυρίου
3678 1358 3850 1436 ἀφῆκε,

2247 1440 2384 1494 καθᾶ
2410 1437 2565 1518 ἔφην.

2319 1550 2370 1603 3.
2407 1544 2666 1610 Ἰουδαῖος
2698 1545 2754 1603 δέ
2780 1569 2860 1611 τις
2893 1545 3082 1604 ἔλαϐεν
3113 1549 3332 1624 ἐνοικὶῳ
3359 1551 3456 1607 τὸν
3495 1552 3637 1608 οἶκον
3667 1554 3849 1628 ἐκεῖνον,

2249 1635 2374 1700 ἔνθα
2403 1639 2437 1705 ἠ
2472 1636 2629 1691 εἰκὼν
2656 1642 2753 1691 τοῦ
2785 1637 2988 1714 Κυρίου
3033 1637 3242 1696 ἵστατο.
3274 1640 3595 1716 Εἰσαγαγὼν
3637 1639 3687 1698 δὲ
3714 1643 3848 1699 πάντα

2245 1726 2311 1779 τὰ
2341 1725 2504 1780 αὐτοῦ
2530 1727 2812 1799 κατέμενεν
2865 1726 2916 1781 ἐν
2964 1726 3118 1800 οἷ’κῳ,
3157 1728 3233 1801 μὴ
3287 1733 3572 1806 θεωρήσας
3613 1733 3700 1800 τήν
3745 1733 3849 1788 εἰκό-

485 1817 848 1887 morabatur,
900 1834 1016 1873 non
1068 1817 1378 1873 advertens
1421 1817 1742 1889 imaginem
1792 1813 2025 1871 Domini
2057 1813 2115 1867 ib

2246 1836 2311 1868 να
2337 1819 2434 1869 τοῦ
2480 1814 2696 1888 Κυρίου,
2731 1815 2812 1870 ὅτι
2855 1814 3044 1871 ’ίστατο
3096 1815 3224 1873 ἐκεῖ.
3260 1815 3405 1874 Οὐδὲ
3444 1819 3546 1895 γὰρ
3592 1818 3755 1890 ἐνόησε
3778 1823 3844 1876 τὸν

483 1910 658 1963 stare.
693 1906 893 1977 Neque
924 1906 1079 1962 enim
1129 1907 1200 1961 de
1247 1905 1373 1962 loco
1422 1906 1523 1961 illo
1571 1906 1880 1978 cogitarat,
1910 1903 2013 1958 sed
2043 1902 2134 1956 in-

485 2010 726 2067 gressus
749 1997 989 2049 domum
1013 1995 1073 2050 in
1105 2011 1172 2050 ea
1203 1995 1763 2060 manebat.Quadam
1783 2009 1916 2047 vero
1935 1991 2028 2046 die
2051 1991 2136 2046 in-

483 2087 686 2140 vitavit
714 2087 952 2141 Judaeus
985 2085 1081 2140 ille
1113 2086 1499 2142 contribulem
1525 2087 1843 2158 quemdam
1867 2100 2040 2139 suum
2059 2083 2130 2139 ad

481 2175 818 2246 prandium.
855 2181 999 2231 Dum
1035 2176 1387 2244 prenderent
1427 2180 1644 2240 autem,
1695 2174 1863 2229 elatis
1891 2173 2132 2228 Judasus

481 2265 551 2320 ad
589 2264 901 2336 prandium
927 2264 1205 2319 invitatus
1227 2264 1413 2319 oculis
1435 2270 1506 2318 ad
1530 2264 1846 2335 imaginem
1871 2262 2131 2318 cruciﬁxi

481 2356 705 2410 multas
737 2372 806 2411 ex
837 2373 952 2426 quo
1003 2357 1252 2412 advertit
1311 2356 1469 2412 illam
1511 2362 1568 2411 et
1622 2357 1903 2411 nefandas
1936 2355 2133 2409 intulit

479 2445 564 2500 illi
603 2444 1012 2514 contumelias,
1047 2462 1194 2515 quas
1234 2463 1347 2500 non
1381 2447 1570 2502 ausim
1605 2447 1877 2510 scribere,
1914 2445 2068 2500 absit
2097 2461 2130 2499 a

485 2551 578 2590 me
604 2534 614 2588 l
651 2551 800 2606 quae
829 2539 1025 2589 tamen
1051 2533 1148 2588 ille
1179 2534 1747 2590 sceleratusJudzeus
1779 2537 1980 2589 contra
2003 2532 2127 2587 Sal-

478 2629 733 2679 vatorem
784 2628 1049 2680 nostrum
1103 2624 1365 2695 protulit,
1431 2624 1634 2680 videns
1682 2623 1842 2678 illam
1898 2622 2126 2677 Domini

475 2711 1068 2784 imaginemJudaeus
1099 2717 1294 2768 autem
1329 2712 1427 2784 qui
1461 2713 1752 2779 invitaret,
1773 2712 2126 2780 affirmabat,

477 2801 696 2871 aliique
726 2801 928 2856 Judzeo
963 2801 1213 2870 dicebat,
1267 2818 1328 2856 se
1375 2801 1637 2856 nondum
1688 2800 1851 2855 illam
1909 2799 2126 2855 vidisse

474 2891 814 2962 imaginem.
849 2889 1208 2961 Siluitqueis
1240 2891 1337 2961 qui
1362 2889 1850 2945 fueratinvitatus
1885 2905 1898 2943 :
1931 2890 2124 2945 absce-

423 2979 428 2982 ’
474 2981 618 3036 dens
670 2985 863 3034 autem
909 2979 1052 3034 adiit
1101 2980 1456 3045 sacerdotes,
1520 2980 1911 3050 Judaeumque
1954 2978 2122 3033 illum

475 3068 769 3123 accusavit
799 3067 892 3122 his
926 3067 1117 3124 verbis
1153 3085 1165 3123 :
1201 3069 1385 3124 Homo
1433 3069 1532 3124 ille
1577 3069 1751 3124 habet
1782 3069 1938 3124 domi
1972 3068 2121 3123 ima-

477 3155 674 3225 ginem
705 3155 994 3223 Nazaraei;
1027 3159 1149 3229 qui,
1183 3157 1278 3212 his
1311 3158 1780 3230 auditis,magno
1815 3158 2006 3212 furore
2028 3173 2116 3212 re-
2151 3197 2194 3263 Ο

477 3241 614 3263 ..1-ιέ
654 3248 783 3263 ____.L
848 3260 897 3263 _-
936 3249 1042 3263 A-,,,
1075 3262 1080 3263 ,
1211 3262 1216 3263 ,
1519 3248 1529 3259 ο
1758 3252 1769 3263 ι

477 3241 619 3313 pleti
650 3248 808 3311 sunt,
839 3260 906 3299 eo
934 3249 1132 3301 tamen
1163 3262 1400 3318 vespere
1432 3248 1796 3320 quieverunt.

553 3351 604 3404 4.
639 3350 878 3405 Ineunte
907 3349 1035 3406 luce
1068 3358 1365 3423 sequente,
1391 3358 1697 3426 assumpto
1729 3370 1928 3410 secum
1963 3353 2136 3428 prin-~

475 3436 635 3509 cipes
657 3440 1023 3494 sacerdotum
1056 3439 1256 3496 Judazo
1292 3443 1389 3514 qui
1424 3442 1604 3497 alium
1629 3447 1952 3506 accusarat,
1985 3458 2120 3498 cum

473 3543 688 3599 magna
719 3528 919 3600 populi
971 3530 1066 3584 sui
1109 3530 1458 3602 frequentia,
1504 3532 1742 3587 domum
1794 3531 2122 3587 concedunt

467 3617 744 3683 Judaei,in
773 3634 887 3688 qua
918 3619 1113 3674 stabat
1141 3620 1336 3693 imago
1367 3621 1633 3676 Domini:
1661 3638 1791 3676 cum
1824 3621 2118 3693 pervenis-

469 3709 600 3761 sent
633 3707 703 3762 ad
738 3706 1218 3773 locum,insiliere
1241 3708 1530 3781 principes
1558 3711 1922 3766 sacerdotum
1951 3715 2007 3765 et
2035 3727 2120 3766 se-

470 3795 664 3850 niores
696 3813 827 3851 cum
861 3813 927 3852 eo
960 3798 1058 3869 qui
1091 3814 1210 3853 rem
1246 3799 1552 3870 indicarat,
1571 3799 1786 3871 illoque
1819 3817 2117 3855 common-

472 3886 1036 3960 stranteimaginem
1071 3888 1302 3942 Domini
1337 3894 1591 3944 stantem
1642 3890 1936 3945 viderunt.
1969 3891 2116 3945 Tum

469 3974 666 4031 furore
696 3993 909 4048 magno
942 3975 1166 4049 repleti,
1201 3977 1470 4033 Judzeum
1504 3979 1561 4033 in
1612 3981 1786 4034 domo
1828 3978 1926 4034 illa
1959 3996 2115 4034 com-

469 4069 796 4119 morantem
845 4081 1140 4137 synagoga
1183 4067 1500 4137 ejecerunt.
1556 4069 1876 4140 imaginem
1919 4074 2116 4124 autem

466 4151 700 4206 Domini
731 4153 916 4207 nostri
946 4154 1083 4208 Jesu
1116 4155 1336 4210 Christi
1357 4173 1488 4212 cum
1514 4158 2115 4227 demisissent,secum

466 4240 547 4294 ita
580 4239 757 4295 locuti
789 4246 964 4296 sunt:
999 4241 1501 4305 Quemadmodum
1537 4251 1731 4318 patres
1765 4246 1949 4302 nostri
1979 4246 2114 4302 illu-

468 4333 670 4384 serunt
701 4327 812 4400 ipsi
847 4329 950 4400 (ita
981 4335 1037 4385 et
1068 4348 1173 4386 nos
1205 4333 1256 4387 ei
1287 4333 1651 4409 illudamus).
1700 4338 1843 4392 Eum
1893 4351 2117 4408 coepere

467 4434 790 4490 eonspuere
841 4420 899 4473 in
954 4420 1157 4476 faciem
1213 4422 1493 4495 imaginis
1541 4425 1796 4491 Domini,
1852 4425 2115 4498 colaphis

471 4523 595 4562 eam
650 4507 707 4562 in
761 4508 966 4564 faciem
1018 4509 1152 4563 hinc
1208 4515 1262 4565 et
1327 4513 1463 4568 inde
1509 4513 1878 4570 ceciderunt.
1933 4521 2114 4571 Dum-

477 4613 589 4668 que
621 4597 905 4653 cazderent
955 4599 1190 4654 aiebant
1224 4616 1236 4654 :
1271 4599 1661 4674 Quaecumque
1707 4607 1898 4674 patres
1929 4569 2113 4660 nostri
2145 4569 2192 4635 D

475 4684 897 4753 fecere,omnia
926 4705 1032 4743 nos
1063 4694 1267 4743 contra
1297 4691 1422 4759 ejus
1455 4690 1773 4762 imaginem
1805 4692 2110 4750 faciamus.

473 4774 841 4846 Audivimus,
880 4775 1330 4844 aiunt,ludibria
1357 4777 1416 4834 in
1449 4795 1582 4834 eum
1615 4780 2114 4856 contulisse,idip-

471 4879 602 4918 sum
636 4880 742 4918 nos
775 4881 1040 4937 agamu.
1089 4865 1328 4921 Infinita
1379 4867 1558 4940 igitur
1603 4867 1855 4924 ludibria
1906 4871 1961 4926 in
2011 4872 2110 4928 Dei

469 4951 790 5024 imaginem
820 4954 1138 5011 contulere.
1172 4956 1386 5012 Vereor
1431 4957 1596 5012 vobis
1641 4975 1706 5015 ea
1751 4959 1932 5031 loqui,
1983 4977 2111 5032 qua

468 5044 594 5095 tum
626 5041 711 5096 illi
745 5049 883 5097 sunt
912 5043 1062 5099 ausi.
1096 5044 1272 5100 Aiunt
1323 5046 1571 5102 deinde:
1602 5049 1944 5104 Audivimus
1991 5051 2112 5122 (pa-

467 5133 587 5184 tres
618 5134 872 5204 nostros)
900 5131 1078 5188 clavis
1112 5149 1320 5189 manus
1351 5144 1406 5190 et
1435 5137 1610 5207 pedes
1641 5137 1769 5207 ejus
1803 5140 2112 5194 conﬁxisse

468 5217 526 5271 id
557 5223 611 5274 et
643 5237 750 5276 nos
782 5221 1246 5278 faciamus.Tum
1279 5224 1454 5294 pedes
1487 5242 1816 5298 manusque
1849 5227 2108 5283 Domini-

468 5323 547 5362 οω
581 5307 856 5382 imaginis
906 5311 1194 5366 conﬁxere
1225 5311 1424 5367 clavis.
1461 5313 1673 5369 Iterum
1724 5315 1886 5371 aiunt
1916 5319 2110 5373 furore

467 5399 717 5469 correpti
753 5415 765 5453 :
798 5399 1146 5454 Audivimus
1189 5417 1286 5456 eos
1318 5407 1481 5458 aceto
1511 5407 1568 5458 et
1598 5403 1730 5460 felle
1761 5421 1894 5462 cum
1927 5423 2107 5479 spon-

542 5567 653 5639 (15)
682 5569 744 5624 In
767 5567 992 5648 Qoncil.
1038 5567 1225 5648 Εἰρη-
1257 5566 1584 5648 ἐπεζήτησεΔ
1616 5569 1838 5643 μιτοίτον
1901 5578 2104 5648 μεῖζον.

468 5643 550 5696 De
571 5656 731 5712 voce,
765 5639 1003 5696 Μιτατον
1038 5640 1180 5698 Vide
1211 5641 1267 5696 in
1301 5639 1663 5700 Onomaslirb.

2244 1901 2406 1956 τόπον
2441 1902 2664 1972 ἐκεῖνον,
2713 1901 2840 1959 ἀλλ’
2885 1903 3140 1959 εἶ’σελθὼν
3187 1908 3505 1979 κατέμενεν.
3554 1910 3638 1962 Ἐν
3686 1915 3768 1981 μιᾷ
3804 1907 3845 1964 δὲ

2241 1996 2348 2045 τῶν
2400 1995 2620 2067 ἡμερῶν
2669 1991 2915 2048 ἐκάλεσεν
2949 1995 2976 2048 6
3009 1993 3166 2056 αὐτὸς
3216 1993 3482 2059 Ἰουδαῖος
3523 1995 3745 2052 σῦνεθνον
3773 1999 3842 2052 αὖε

2241 2085 2338 2134 τοῦ
2370 2079 2456 2134 ἐπὶ
2509 2079 2744 2156 ἄριστον.
2797 2082 2894 2136 Καὶ
2947 2082 2998 2137 ἐν
3044 2089 3123 2155 τῷ
3174 2086 3396 2161 ἀριστᾷν
3451 2084 3658 2156 αὖτοὺς,
3686 2086 3840 2161 ἐπάρας

2242 2168 2367 2231 τοὺς
2401 2167 2715 2247 ὀφθαλμοὺς
2748 2171 2912 2225 αὐτοῦ
2945 2173 2972 2227 ὁ
3005 2174 3229 2242 κληθεὶς
3263 2171 3531 2236 Ἰουδαῖος
3573 2176 3642 2237 εἷς
3677 2177 3759 2244 τὴν
3786 2176 3840 2230 εἴ·

2242 2259 2373 2313 κόνα
2402 2263 2500 2313 τοῦ
2549 2258 2979 2333 έσταυρωμένου,
3037 2261 3145 2317 ἐκεῖ
3194 2257 3380 2338 ὕϐρεις
3425 2263 3736 2337 παμπόλλας
3773 2266 3838 2319 καὶ

2241 2348 2551 2420 ἀθεμίτους,
2612 2348 2700 2425 ἀφ’
2751 2350 2818 2418 ἧς
2867 2349 3010 2425 ὥρας
3061 2338 3168 2406 εἶδε
3215 2355 3316 2421 τήν
3374 2353 3552 2408 εἰκόνα
3594 2359 3680 2408 τοῦ
3719 2358 3837 2421 Θεοῦ,

2239 2439 2355 2492 κατ’
2389 2438 2554 2506 αὐτῆς
2587 2440 2724 2508 εἶπε,
2756 2438 2816 2500 ἃς
2849 2439 2909 2494 οὐ
2956 2442 3175 2514 τολμῶ,
3231 2444 3308 2514 μή
3368 2445 3577 2519 γένοιτο
3605 2446 3615 2499 l
3647 2444 3831 2518 γράψαι,

2241 2528 2407 2600 ἅσπερ
2456 2527 2596 2582 εἶπεν
2647 2527 2780 2582 κατὰ
2828 2533 2924 2583 τοῦ
2976 2533 3233 2606 Σωτῆρος
3284 2534 3447 2604 ἡμῶν
3500 2533 3528 2586 6
3577 2535 3835 2603 παράνομος

2241 2613 2521 2684 Ἰουδαῖος,
2558 2613 2684 2671 ἰδὼν
2734 2618 2834 2687 τὴν
2885 2617 3065 2673 εἰκόνα
3112 2625 3209 2675 τοῦ
3263 2620 3487 2696 Κυρίου.
3540 2621 3830 2699 Ἐπληροφό·

2240 2725 2369 2780 ρησε
2399 2703 2455 2759 δέ
2486 2705 2643 2766 αὐτὸς
2687 2706 2778 2760 τὸν
2828 2704 3100 2775 κληθέντα
3133 2707 3400 2764 Ἰουδαῖον
3448 2708 3636 2785 λέγων,
3663 2711 3731 2764 δτι
3757 2711 3833 2764 Μί-

2237 2813 2332 2868 χρι
2363 2798 2458 2848 τοῦ
2507 2794 2774 2868 παρόντος
2821 2794 2918 2849 οὐκ
2967 2793 3108 2850 εἶδον
3156 2799 3254 2866 τήν
3311 2798 3491 2853 εἰκόνα
3537 2800 3714 2869 ταύτην
3756 2798 3825 2853 Καὶ

2237 2881 2535 2952 ἐσιώπησεν
2570 2883 2598 2935 6
2629 2881 2872 2953 κληθείς.
2925 2883 3205 2940 Ἀπελθὼν
3263 2884 3322 2941 δὲ
3374 2889 3508 2961 πρὸς
3537 2887 3651 2949 τοὺς
3680 2889 3822 2961 ἀρχιε-

2235 2977 2368 3045 ρεῖς,
2402 2967 2687 3026 διαϐάλλει
2713 2973 2803 3026 τὸν
2838 2970 3104 3029 Ἰουδαῖον
3159 2975 3249 3029 τὸν
3304 2975 3366 3030 ἐκ
3394 2981 3472 3048 τῷ
3516 2976 3641 3049 οἷ’κῳ
3670 2975 3821 3052 λέγων,

2233 3060 2313 3114 ὅτι
2345 3061 2405 3116 Ὁ
2439 3057 2586 3114 δεῖνα
2617 3060 2796 3115 εἰκόνα
2827 3059 2942 3138 ἔχει
2993 3068 3090 3118 τοῦ
3140 3065 3464 3141 Ναζωραίου
3513 3067 3560 3121 ἐν
3609 3065 3678 3138 τῷ
3718 3066 3818 3136 οἴκῳ

2234 3146 2417 3204 αὐτοῦ.
2452 3149 2513 3201 Ol
2547 3146 2604 3202 δὲ
2634 3149 2954 3213 ἀκούσαντες
3001 3150 3350 3222 ἐπλήσθησαν
3403 3153 3568 3229 θυμοῦ
3613 3153 3818 3228 μεγάλου,

2232 3237 2322 3292 καὶ
2350 3238 2448 3304 τήν
2481 3237 2707 3312 ἑσπέραν
2737 3237 2942 3309 ἐκείνην
2971 3241 3276 3316 ἡσύχασαν.

2303 3346 2354 3398 4.
2391 3341 2605 3417 Ηρωίας
2639 3341 2696 3398 δὲ
2743 3341 2850 3415 ἤδη
2906 3346 3227 3421 γενομένης,
3279 3344 3755 3424 παραλαμϐάνουσιν
3779 3346 3815 3399 οἰ

2231 3434 2504 3508 ἀρχιερεῖς
2559 3433 2718 3488 αὺτὸν
2767 3434 2856 3488 τὸν
2914 3430 3283 3492 διαϐάλλοντα
3341 3442 3431 3494 τὸν
3488 3436 3714 3496 Ἰουδαῖον
3749 3435 3812 3489 καὶ

2231 3518 2402 3597 ὄχλον
2454 3519 2666 3576 πολλὸν
2711 3521 2895 3585 ἔθνους
2947 3525 3144 3595 αὑτῶν,
3191 3527 3282 3581 καὶ
3336 3527 3644 3604 ἀπέρχονται
3687 3525 3727 3580 ἐν
3757 3527 3812 3594 τῷ

2230 3609 2366 3684 οἷ’κῳ
2395 3615 2490 3665 τοῦ
2523 3609 2808 3681 Ἰουδαίου,
2842 3610 2963 3668 ἔνθα
3013 3617 3046 3683 ἡ
3082 3615 3238 3670 εἰκὼν
3294 3622 3390 3672 τοῦ
3441 3617 3626 3692 Κυρίου
3648 3614 3808 3668 ἵστατο.

2229 3699 2516 3773 Γενόμενοι
2566 3700 2653 3754 ἐπὶ
2701 3706 2798 3755 τοῦ
2844 3703 3042 3773 τόπου,
3097 3704 3461 3777 εἰσεπήδησαν
3500 3707 3548 3760 οἱ
3591 3706 3810 3779 ἀρχιερεᾶ

2226 3789 2315 3844 καὶ
2347 3791 2398 3844 oi
2430 3786 2788 3866 πρεσϐύτεροι
2821 3791 2912 3845 σὺν
2962 3798 3040 3865 τῷ
3083 3796 3542 3868 καταμηνύσαντι,
3568 3797 3644 3849 καὶ
3683 3796 3808 3868 ὁρῶσι

2225 3880 2324 3947 τήν
2357 3878 2538 3933 εἰκόνα
2565 3884 2662 3934 τοῦ
2709 3879 2904 3954 Κυρίου
2954 3882 3272 3955 ἱσταμένην,
3325 3883 3672 3954 ὑποδείξαντος
3714 3878 3812 3934 ἐκεί·

2226 3988 2344 4024 νου.
2403 3967 2533 4022 Τότε
2593 3968 2930 4040 θυμωθέντες
2988 3968 3194 4048 σφόδρα
3233 4017 3245 4041 ,
3308 3975 3397 4028 τὸν
3457 3975 3544 4046 μὲν
3601 3967 3806 4028 Ἰουδαῖον

2224 4056 2316 4109 τὸν
2349 4060 2702 4111 κατοικοῦντα
2734 4055 2785 4110 ἐν
2837 4063 2915 4129 τῷ
2964 4057 3100 4132 οἷ’κῳ
3144 4059 3554 4138 ἀποσυνάγωγον
3600 4060 3806 4126 ποιήσαν-

2226 4165 2312 4206 τες
2342 4143 2572 4213 ἤλασαν·
2623 4147 2722 4214 τήν
2769 4143 2826 4200 δέ
2873 4147 3054 4202 εἰκόνα
3099 4147 3194 4204 τοῦ
3243 4151 3442 4226 Κυρίου
3489 4153 3630 4223 ἡμῶν
3672 4147 3804 4214 Ἰηπῦ

2227 4235 2461 4309 Χριστοῦ
2493 4234 2886 4309 καταναγόντες
2920 4231 3144 4313 ἔφησαν,
3173 4237 3255 4293 ὅτι
3291 4241 3478 4304 Καθὼς
3507 4240 3586 4294 καὶ
3615 4238 3658 4291 οἱ
3685 4231 3804 4288 πατέ-

2227 4341 2313 4397 ρες
2346 4323 2504 4395 ἡμῶν
2558 4322 2832 4394 ἐνέπαιξαν
2877 4323 3034 4380 αὐτὸν
3067 4331 3086 4351 ‘
3119 4327 3240 4382 τότε
3288 4331 3380 4383 τὸν
3430 4325 3670 4384 τοιοῦτον.
3711 4321 3805 4376 Τότε

2225 4408 2457 4486 ἤρξαντο
2491 4410 2746 4484 ἐμπτύειν
2803 4413 2878 4475 εἷς
2919 4415 2980 4469 τὸ
3034 4415 3328 4491 πρόσωπον
3373 4418 3528 4473 αὐτοῦ
3570 4419 3654 4483 τῆς
3694 4409 3804 4485 ἁγίας

2227 4499 2429 4562 εἰκόνος
2460 4505 2557 4554 τοῦ
2585 4501 2809 4573 Κυρίου,
2841 4503 2933 4556 καὶ
2983 4503 3272 4580 ἐῤῥάπισαν
3328 4507 3486 4575 αὐτὴν
3516 4505 3634 4559 κατὰ
3673 4499 3802 4573 πρόσ-

2225 4609 2371 4642 ωπον
2426 4583 2571 4651 ἔνθεν
2617 4587 2706 4641 καὶ
2759 4586 2900 4644 ἔνθεν
2951 4593 3079 4664 (16).
3143 4592 3240 4646 Καὶ
3289 4593 3481 4663 ταύτην
3527 4590 3799 4667 ῥαπίζοντεςν

2225 4673 2438 4750 ἔλεγον·
2472 4678 2614 4732 ’Όσα
2645 4675 2900 4742 ἐποίησαν
2952 4679 3003 4731 οἱ
3050 4678 3276 4756 πατέρες
3310 4683 3482 4754 ἡμῶν,
3528 4678 3673 4732 πάντα
3713 4691 3802 4725 ποιο

2223 4767 2442 4837 ἥσωμεν
2493 4765 2582 4818 καὶ
2641 4767 2806 4837 ἡμεῖς
2865 4771 2934 4840 τῇ
2997 4766 3164 4823 εἰκόνι
3219 4769 3401 4826 αὑτοῦ.
3451 4766 3545 4825 Καὶ
3585 4765 3795 4837 λέγουσιν·

2224 4853 2580 4926 Ἰικοόσαμεν,
2641 4853 2723 4908 ὅτι
2791 4853 3070 4926 ἐνέπαιξαν
3132 4852 3276 4929 αἰ)τῷ
3310 4903 3322 4927 ,
3379 4857 3462 4911 καὶ
3512 4858 3654 4926 ἡμεῖς
3699 4846 3795 4902 αὖτό

2221 4945 2538 5014 ποιήσωμεν
2573 4987 2585 4999 .
2638 4945 3010 5020 Ἐμπαιγμοῖς
3059 4944 3150 5000 οῦν
3199 4946 3435 5024 ἀπείροις
3476 4941 3708 5010 ἐνέπαιξαν
3741 4936 3790 5005 τῇ

2223 5031 2391 5087 εἰκόνι
2419 5030 2516 5086 τοῦ
2549 5036 2700 5087 Θεοῦ.
2737 5034 2954 5108 Ἀπορῶ
2987 5031 3043 5088 δὲ
3073 5033 3251 5110 λέγειν
3302 5037 3422 5108 ὑμῖν
3453 5035 3479 5089 ὃ
3506 5033 3610 5088 τότε
3644 5022 3788 5082 τετόλ-

2225 5142 2413 5194 μηται.
2464 5121 2594 5175 Εἶτα
2643 5120 2912 5196 λέγουσιν·
2968 5124 3318 5198 ’Πκούσαμεη
3367 5125 3443 5179 ὅτι
3489 5122 3678 5191 ἥλωσαν
3717 5111 3788 5167 αὖ·

2219 5215 2318 5264 τοῦ
2341 5210 2435 5272 τὰς
2460 5215 2649 5286 ’χεῖρας
2678 5210 2767 5265 καὶ
2817 5210 2941 5274 τοὺς
2986 5210 3174 5276 πόδαςο
3206 5219 3362 5270 τοῦτο
3405 5212 3487 5266 καὶ
3527 5212 3666 5280 ἡμεῖς
3697 5221 3786 5256 που

2219 5304 2462 5374 ήσωμεν.
2495 5299 2625 5355 Τότε
2654 5300 2742 5354 καὶ
2772 5301 2897 5362 τοὺς
2928 5299 3096 5365 πόδας
3147 5304 3234 5358 καὶ
3287 5305 3377 5365 τὰς
3409 5306 3580 5377 χεῖρας
3609 5301 3690 5362 τῆς
3712 5291 3783 5344 τοὖ

2220 5389 2417 5466 Κυρίου
2465 5388 2671 5453 εἰκόνος
2715 5387 2912 5462 ἔπηξαν
2959 5390 3152 5460 ἥλους.
3184 5390 3350 5450 Πάλιν
3381 5389 3600 5466 λέγουσιν
3642 5398 3782 5455 μεμη-

2289 5580 2400 5707 (116)
2468 5583 2555 5636 Ita
2609 5579 2861 5638 Golbert.
2924 5583 2974 5639 1.
3035 5581 3209 5656 Editi,
3255 5577 3454 5650 ἔνθεον,
3503 5572 3580 5631 καὶ
3625 5566 3783 5631 ἔνθεον,

2289 5669 2318 5707 a
2345 5668 2404 5707 θ.

2221 5668 2376 5712 male
2391 5695 2404 5708 .
