4080 6206
524 337 638 396 811

1702 336 1765 395 S.
1813 330 2424 394 ATHANASIUS.—
2462 330 2769 394 SPURIA.
3757 351 3840 409 812

528 471 657 543 tibi,
689 470 938 536 Christe,
974 484 1144 540 quem
1175 472 1367 540 patres
1401 467 2045 534 nostricruciﬁxerunt,
2081 467 2183 538 qui

2301 484 2418 533 σαν,
2452 465 2540 519 καὶ
2572 464 2660 520 ἀφ’
2689 467 2851 534 ἡμῶν
2884 469 2978 519 νῦν
3010 469 3333 542 σταυρωθεὶς
3386 469 3467 524 ἐπὶ
3503 476 3564 544 τῇ
3593 474 3730 530 εἰκόνι
3756 500 3840 537 seu,

522 560 645 632 jam
679 577 712 615 a
742 560 915 615 nobis
964 558 1023 612 in
1077 558 1333 631 imagine
1365 563 1465 613 tua
1513 559 1828 614 cruciﬁxus
1876 573 1958 612 es.
1993 556 2187 612 Gloria

527 650 653 717 tibi,
688 649 792 704 Fili
823 647 922 702 Dei
954 647 1218 718 viventis,
1252 650 1350 719 qui
1382 653 1547 702 tanta
1605 646 1842 702 edidisti
1877 645 2182 702 miracula.

530 739 659 794 Tibi
709 736 1006 792 credimus
1045 753 1056 791 :
1088 737 1376 808 pr0pitius
1427 736 1598 792 nobis
1628 740 1775 804 esto,
1818 739 1874 790 et
1904 751 2008 790 nos
2041 734 2183 790 reci-

529 827 672 898 pito.
706 826 835 881 Haec
868 841 1072 880 omnes
1121 824 1475 890 clamabant,
1525 824 1830 896 lugentes;
1862 839 2186 894 eorumque

527 915 751 971 clamor
779 913 1306 982 ascendebat,dum
1344 919 1631 986 ungerent
1659 913 1955 985 principes
1987 929 2185 968 sacer-

528 1006 755 1070 dotum,
789 1019 1108 1074 omnesque
1139 1007 1487 1058 curarentur
1515 1007 1572 1058 et
1603 1002 2031 1058 reviviscerent.

598 1094 652 1150 7.
684 1098 1000 1164 Postquam
1054 1097 1252 1147 autem
1285 1092 1474 1146 sanati
1519 1108 1724 1148 omnes
1757 1092 2026 1163 fuissent,
2059 1095 2184 1147 tur-

528 1184 615 1240 bae
645 1182 978 1237 Judacorum
1028 1182 1096 1235 ad
1154 1181 1493 1253 episcopum
1541 1181 1702 1236 illius
1747 1170 2054 1249 Ecclesiae:
2084 1180 2183 1252 qui

529 1287 651 1328 rem
684 1275 908 1342 gestam
934 1271 1057 1339 jam
1091 1269 1399 1334 didicerat,
1433 1270 2132 1337 concurrere,clamantes
2167 1287 2180 1335 ;

529 1360 694 1416 Unus
745 1365 896 1414 Deus
955 1363 1138 1426 Pater,
1205 1376 1359 1413 unus
1409 1358 1589 1414 Filius
1641 1361 1771 1429 ejus
1821 1359 2180 1430 unigenitus,

531 1466 686 1506 unus
718 1447 1004 1516 Christus,
1037 1464 1210 1520 quem
1246 1452 1442 1518 patres
1497 1449 1681 1503 nostri
1713 1449 2133 1504 cruciﬁxerunt
2166 1467 2178 1505 :

529 1540 728 1612 ipsum
762 1554 890 1594 esse
921 1537 1060 1592 Dem
1095 1537 1336 1604 scimus,
1373 1537 1510 1591 huic
1542 1554 1649 1592 nos
1689 1538 2005 1593 credimus.
2037 1539 2179 1595 Cum

531 1627 734 1685 multis
783 1643 918 1698 ergo
971 1627 1246 1682 laudibus
1294 1630 1474 1682 Deum
1525 1626 1941 1696 celebrassent,
1974 1628 2181 1700 imagi-

530 1733 783 1789 nemque
813 1715 1250 1787 archiepiscopo
1274 1715 1690 1779 ostendissent,
1714 1717 2182 1772 renuntiassent-

531 1825 644 1880 que
675 1823 741 1862 ea
773 1822 900 1877 qua:
948 1805 1057 1876 ipsi
1093 1807 1565 1875 perpetraverant
1597 1805 1657 1858 in
1706 1804 1920 1858 Christi
1969 1805 2179 1875 imagi-
2212 1843 2259 1907 B

532 1896 918 1967 nem,pariter
946 1894 1286 1949 indicabant
1315 1894 1665 1965 sanguinem
1697 1898 1754 1948 et
1784 1911 1995 1964 aquam
2030 1911 2184 1950 ema-

532 2002 706 2043 nasse
739 2003 751 2040 :
788 2002 903 2056 qua
932 1983 1153 2039 ratione
1177 1984 1314 2039 item
1339 1999 1406 2038 ex
1429 1983 1606 2039 latere
1631 1983 1912 2056 imaginis
1933 1984 2184 2040 efﬂuxis-

533 2079 642 2142 set,
676 2091 849 2146 quam
905 2073 1197 2128 immensa
1242 2072 1395 2128 edita
1442 2077 1642 2128 essent
1691 2073 1994 2127 miracula.
2039 2077 2182 2128 Tum

536 2163 728 2220 omnis
776 2161 1089 2217 multitudo
1123 2162 1366 2234 rogabat
1413 2167 1478 2216 ut
1507 2161 1620 2216 sibi
1669 2162 1856 2217 sancti
1906 2163 2184 2234 baptismi

534 2252 724 2325 gratia
752 2252 1126 2307 tribueretur.
1160 2250 1314 2314 Quos
1362 2251 1672 2323 episcopus
1725 2251 2042 2318 admissos,
2070 2267 2186 2307 una

535 2359 666 2398 cum
698 2341 856 2395 illius
889 2340 1154 2395 Ecclesiae
1184 2339 1568 2407 clero,omnes
1603 2339 1922 2394 multorum
1956 2340 2182 2396 dierum

534 2431 720 2503 spatio
771 2430 1106 2500 baptizavit.
1154 2429 1520 2500 Synagogam
1554 2445 1687 2483 vero
1736 2429 2097 2485 consecravit
2125 2429 2184 2484 in

536 2518 841 2575 ecclesiam
874 2517 1188 2574 Salvatoris
1221 2517 1405 2572 nostri
1450 2517 1588 2573 Jesu
1624 2517 1861 2587 Christi,
1895 2517 2040 2589 ipsis
2069 2519 2185 2574 sci-

537 2609 673 2665 licet
703 2607 1066 2680 rogantibus.
1099 2607 1346 2662 Cacteras
1377 2611 1574 2662 autem
1627 2621 1828 2662 eorum
1859 2624 2187 2680 synagogas

536 2697 597 2752 in
632 2697 912 2768 martyria
960 2695 1260 2752 convertit.
1297 2696 1436 2750 [linc
1474 2711 1688 2766 magna
1717 2700 1917 2750 exorta
1967 2701 2056 2751 est
2086 2697 2184 2751 lae-

537 2785 671 2842 titia
701 2785 761 2841 in
791 2783 892 2840 illa
922 2785 1172 2855 civitate,
1205 2801 1321 2839 non
1353 2785 1527 2839 modo
1561 2784 1778 2838 curatis
1823 2786 2184 2856 corporibus,

542 2875 641 2931 sed
676 2878 761 2930 tot
787 2873 1100 2930 animabus
1132 2891 1164 2928 a
1196 2877 1382 2928 morte
1408 2873 1478 2928 ad
1509 2873 1688 2928 vitam
1726 2873 2025 2930 revocatis.

611 2965 663 3019 8.
695 2964 826 3019 Hazc
853 2962 1014 3018 vobis
1045 2979 1172 3034 ego,
1207 2962 1286 3017 rei
1318 2967 1492 3034 gestes
1524 2978 1766 3034 gnarus,
1799 2963 2189 3034 signiﬁcanda

540 3053 700 3124 duxi,
735 3052 1097 3108 dilectissimi
1133 3053 1361 3118 fratres,
1394 3052 1464 3107 ad
1499 3051 1809 3107 utilitatem
1853 3051 2185 3108 animarum

2297 554 2430 624 Δόξα
2460 575 2565 621 σοι,
2597 555 2683 609 Υἲε
2712 559 2809 608 τοῦ
2840 559 2972 609 Θεοῦ
3002 561 3098 609 τοῦ
3134 561 3350 624 ζῶντος,
3384 559 3411 611 ὁ
3438 565 3646 615 τοσαῦτα
3676 571 3846 632 ποιήσας

2295 644 2584 716 θαυμάσια.
2615 644 2709 698 Σοέ
2740 644 3084 717 πιστεύομεν·
3121 641 3291 700 ἵλεως
3318 649 3448 718 ἡμῖν
3478 651 3722 722 γενοῦ,καὶ
3747 651 3845 724 δέξαι

2295 732 2466 802 ἡμᾶς.
2498 733 2680 786 Ταῦτα
2710 727 2880 786 ἐϐόων
2916 733 3140 794 ἅπαντες
3191 735 3512 796 πενθοῦντες·
3561 739 3639 791 καὶ
3676 743 3718 792 αἱ
3765 744 3848 813 βοαὶ

2296 819 2469 874 αὐτῶν
2505 820 2904 893 ἀνεπέμποντο,
2937 821 3236 897 ἀρχιερέων
3283 822 3562 897 χριόντων,
3591 826 3666 880 καὶ
3698 827 3848 884 πάντων

2296 910 2744 984 θεραπευομένων
2771 909 2860 965 καὶ
2895 912 3369 985 ζωοποιουμένων.

2363 1093 2420 1146 7.
2451 1091 2598 1146 Μετὰ
2629 1088 2685 1146 δὲ
2742 1092 2802 1145 τὸ
2861 1091 3060 1154 πάντας
3121 1091 3334 1162 ἰαθῆναι
3381 1091 3525 1157 αὖθις
3550 1097 3668 1170 πρὸς
3695 1097 3848 1154 Exim-

2294 1200 2392 1234 πον
2419 1186 2518 1248 τῆς
2551 1179 2721 1234 ἐκεῖσε
2751 1179 3099 1253 Έκκλησίας,
3130 1179 3240 1252 ἤδη
3284 1183 3645 1256 μεμαθηκόντα
3669 1185 3720 1240 τὰ
3741 1190 3845 1263 γενέ-

2299 1289 2450 1341 μενα,
2499 1268 2563 1323 τὰ
2612 1267 2799 1340 πλήθη
2848 1274 2955 1324 τῶν
3004 1267 3286 1327 Ἰουδαίων
3326 1271 3846 1350 κατέδραμον,κρεὶζον.

2292 1379 2400 1420 τες,
2447 1359 2540 1419 Εἷς
2599 1358 2727 1420 Θεὸς
2781 1358 2808 1412 ὁ
2859 1360 3072 1434 Πατὴρ,
3125 1359 3202 1422 εἶς
3254 1361 3378 1422 Υἱὸς
3422 1361 3574 1416 αὐτοῦ
3605 1368 3843 1440 μονογενὴς,

2293 1448 2367 1508 εἷς
2420 1447 2647 1522 Χριστὸς
2696 1446 2753 1501 ὅν
2806 1449 2858 1500 οἳ
2908 1447 3133 1523 πατέρες
3184 1452 3346 1522 ἡμῶν
3392 1448 3711 1526 ἐσταύρωσαν·
3740 1453 3847 1508 αὐτὸν

2293 1535 2421 1590 Θεὸν
2454 1532 2702 1607 οἴδαμεν,
2749 1536 2928 1609 τούτῳ
2958 1540 3121 1608 ἡμεῖς
3153 1539 3495 1612 πιστεύομεν.
3531 1539 3738 1602 ΙΙολλαῐς
3783 1541 3846 1595 οῦν

2294 1625 2589 1701 εὐφημίαις
2622 1623 2942 1695 δοξάσαντες
2973 1629 3064 1682 τὸν
3100 1630 3254 1695 Θεὸν,
3281 1631 3382 1698 τήν
3409 1651 3464 1684 τε
3511 1628 3663 1684 εὶκόνα
3697 1635 3756 1701 τῷ
3789 1633 3849 1706 ἀρ·

2291 1713 2638 1790 χιεπισκόπῳ
2695 1712 2982 1787 δείξαντες,
3040 1716 3128 1770 καὶ
3187 1716 3600 1793 ἀπαγγείλαντες
3655 1721 3680 1772 ἃ
3723 1719 3850 1788 imit,-

2294 1825 2385 1858 σαν
2413 1805 2511 1872 τήν
2559 1808 2656 1858 τοῦ
2704 1803 2938 1878 Χριστοῦ
2993 1805 3192 1876 εἰκόνα,
3227 1807 3292 1861 τό
3319 1828 3377 1861 τε
3407 1808 3536 1880 αἷμα
3561 1806 3714 1863 καὶτὸ
3743 1806 3842 1881 ὕδωρ

2296 1892 2556 1965 ἐμήνυον,
2585 1892 2674 1947 καὶ
2708 1894 2770 1947 τὸ
2800 1898 2914 1955 πῶς
2947 1891 3266 1965 ἐξελήλυθεν
3303 1895 3408 1950 ἀπὸ
3436 1903 3529 1965 τῆς
3554 1896 3749 1971 πλευρᾶς
3780 1900 3847 1963 τῆς

2295 1981 2529 2055 εἰκόνος,
2584 1987 2693 2037 τῶν
2767 2005 2825 2037 τε
2899 1983 3134 2060 ἀπείρων
3205 1985 3490 2058 θαυμάτων
3541 1986 3600 2040 τὰ
3644 1985 3844 2061 γεγονότα.

2294 2067 2481 2133 Οὕτως
2541 2070 2747 2126 ἅπαντα
2799 2071 2864 2126 τὰ
2927 2071 3116 2142 πλήθη
3179 2071 3277 2127 τοῦ
3347 2074 3495 2148 ἁγίου
3564 2074 3846 2150 βαπτίσματος

2297 2158 2596 2229 ἀξιωθῆναι
2643 2160 2905 2216 ἱκέτευον.
2949 2160 3056 2222 Οὕς
3106 2156 3292 2216 λαϐὼν
3345 2163 3372 2216 ὁ
3404 2162 3667 2224 ἐπίσκοπος
3694 2164 3846 2235 ἅμα

2295 2247 2465 2303 ἐκεῖσε
2521 2247 2715 2322 κλήρῳ
2771 2249 2974 2312 πάντας
3034 2250 3120 2305 ἐπὶ
3165 2249 3382 2313 πολλὰς
3431 2250 3622 2324 ἡμέρας
3649 2247 3845 2306 Egimus.

2295 2338 2410 2406 Τὴν
2481 2335 2536 2393 δὲ
2613 2340 2925 2413 συνογωγὴν
2973 2337 3263 2411 ἐκκλησίαν
3326 2345 3420 2395 τοῦ
3480 2346 3705 2411 Σωτῆρος
3739 2342 3848 2410 ἡμῶν

2298 2429 2477 2498 Ἰησοῦ
2510 2430 2747 2502 Χριστοῦ
2798 2427 3118 2505 ἀφιέρωσεν,
3169 2427 3390 2483 ἐκείνων
3439 2428 3844 2504 παρακαλεσάντων.

2294 2517 2388 2577 τὰς
2421 2513 2478 2570 δὲ
2511 2513 2706 2578 λοιπὰς
2758 2518 3073 2592 συναγωγὰς
3131 2516 3309 2572 αὐτῶν
3365 2517 3611 2593 μαρτύρια
3635 2514 3845 2582 πεποίηκε.

2298 2604 2394 2659 Καὶ
2426 2605 2484 2658 ἐκ
2511 2604 2708 2662 τούτου
2739 2605 2885 2680 χαρᾶ
2938 2605 3149 2682 μεγάλη
3182 2607 3399 2682 γέγονεν
3434 2607 3481 2662 ἐν
3511 2611 3573 2680 τῇ
3600 2605 3730 2660 πόλει
3754 2602 3845 2657 ἐκιῖ-

2295 2697 2385 2767 νῇ,
2419 2692 2480 2747 οὐ
2531 2693 2692 2766 μόνον
2747 2693 3013 2766 σωμάτιον
3066 2694 3345 2763 ἰαθέντων,
3379 2694 3517 2752 ἀλλὰ
3543 2694 3620 2749 καὶ
3646 2692 3842 2748 τοσούτων

2296 2786 2489 2858 ψυχῶν
2518 2781 2577 2837 ἐκ
2604 2780 2806 2859 νεκρῶν
2842 2783 2917 2846 εἷς
2948 2785 3090 2853 ζωὴν
3124 2782 3544 2849 ἐπανελθόντων.

2367 2962 2420 3017 8,
2452 2962 2626 3015 Ταῦτα
2692 2957 2855 3034 γνοὺς
2934 2958 3061 3036 ἐγὼ,
3122 2960 3429 3017 ἐσπούδασα
3481 2958 3693 3031 δηλῶσαι
3737 2957 3842 3027 ὑμῖν.

2296 3046 2751 3125 προσφιλέστατοι
2808 3045 3058 3125 ἀδελφοὶ,
3127 3047 3201 3110 εἷς
3261 3049 3519 3128 ὠφέλειαν
3571 3053 3660 3103 τῶν
3708 3049 3840 3119 ψυχῶν

536 3146 863 3197 vestrarum
900 3157 912 3195 :
949 3145 1014 3196 ut
1043 3156 1109 3195 ea
1139 3157 1370 3211 quoque
1400 3141 1458 3195 in
1493 3157 1572 3206 re,
1605 3141 1804 3212 agnita
1835 3141 1929 3196 Dei
1970 3147 2027 3196 et
2055 3142 2184 3197 Sal-

2298 3138 2472 3206 ὑμῶν·
2500 3134 2612 3206 ⁴ἵνα,
2646 3135 2862 3212 γνόντες
2891 3137 2980 3191 καὶ
3030 3136 3118 3191 ἐπὶ
3165 3137 3350 3212 τούτῳ
3387 3143 3480 3194 τοῦ
3508 3137 3730 3211 ἡμετέρου
3752 3136 3842 3188 Θεοῦ

535 3229 753 3286 vatoris
785 3229 966 3284 nostri
1018 3231 1154 3284 Jesu
1200 3228 1413 3284 Christi
1462 3228 1697 3298 virtute,
1731 3230 1918 3301 magis
1968 3231 2187 3302 magis-

540 3335 652 3390 que
684 3319 742 3372 in
775 3319 903 3388 ejus
934 3318 1047 3372 ﬁde
1079 3317 1531 3388 confirmemini,
1565 3323 1738 3389 atque
1780 3319 2082 3374 exsultetis
2114 3321 2186 3383 ob

538 3424 753 3479 magna
782 3407 910 3477 ejus
962 3406 1269 3474 miracula,
1303 3422 1460 3461 nunc
1509 3407 1684 3462 edita.
1722 3408 1858 3462 Date
1896 3407 2076 3479 igitur
2105 3409 2190 3464 illi

537 3496 782 3570 gloriam
840 3513 973 3551 cum
1026 3493 1226 3549 laetitia
1273 3499 1329 3550 et
1377 3493 1828 3565 compunctione
1880 3497 2096 3562 cordis,
2127 3497 2185 3551 in

535 3586 694 3642 luctu
728 3586 1073 3657 gaudentes,
1106 3583 1441 3656 gratiasque
1490 3587 1732 3654 agentes
1764 3584 1816 3638 ei
1846 3585 1916 3640 de
1958 3587 2185 3658 magni-

533 3676 767 3732 ﬁcentia
797 3691 902 3731 sua
933 3691 946 3742 ;
980 3673 1136 3744 quod
1186 3690 1291 3728 nos
1339 3689 1473 3728 vera
1522 3671 1580 3726 in
1612 3672 1807 3744 ipsum
1863 3673 1974 3728 ﬁde
2005 3679 2061 3729 et
2090 3691 2185 3730 co-

532 3764 793 3837 gnitione
822 3779 930 3817 sua
960 3760 1496 3831 donaveritEtiam,
1531 3760 1634 3814 ﬁlii
1671 3761 1780 3816 mei
1813 3760 2030 3829 dilecti,
2057 3765 2182 3833 jam

531 3855 590 3910 in
650 3853 923 3926 praesenti
983 3867 1370 3922 agnoscamus
1420 3850 1692 3904 virtutem
1753 3849 2028 3906 immensi
2081 3853 2182 3909 Dei

530 3948 586 4000 et
614 3942 844 3998 Domini
895 3941 1072 3996 nostri
1105 3944 1242 3995 Jesu
1276 3939 1515 3995 Christi.
1551 3941 1621 3994 Et
1661 3938 2024 3996 celebremus
2053 3942 2183 4011 ejus

529 4033 870 4097 bonitatem,
902 4030 1019 4084 veri
1073 4029 1298 4085 scilicet
1346 4027 1471 4085 Filii
1521 4028 1622 4083 Dei
1672 4028 1938 4084 viventis.
1980 4031 2181 4100 Ipsum

530 4119 684 4176 enim
719 4121 924 4175 decent
952 4118 1176 4185 ,honor,
1210 4117 1546 4191 imperium,
1580 4118 1925 4189 magnitudo
1957 4123 2014 4173 et
2056 4135 2180 4174 ma-

531 4207 889 4281 gniﬁcentia,
923 4224 1079 4262 nunc
1110 4211 1166 4262 et
1212 4222 1442 4279 semper
1470 4213 1528 4262 et
1568 4207 1628 4262 in
1677 4207 1889 4263 saecula
1940 4207 2179 4264 saeculo-

530 4313 683 4354 rum.
716 4298 924 4353 Amen.

2296 3225 2384 3281 καὶ
2418 3233 2676 3302 Σωτῆρος
2708 3227 2868 3299 ἡμῶν
2905 3227 2980 3296 Ἰη
2993 3231 3087 3280 σοῦ
3109 3229 3345 3301 Χριστοῦ
3375 3229 3469 3296 τὴν
3495 3225 3702 3298 δύναμιν,
3725 3219 3839 3275 πλὴν

2295 3321 2363 3390 τῇ
2425 3315 2499 3378 εἷς
2557 3314 2716 3371 αὐτόν
2767 3323 3100 3390 στερεωθῆτε
3148 3317 3352 3388 πίστει,
3400 3318 3486 3372 καὶ
3532 3312 3841 3390 ἀγαλλιασθῆτε

2298 3404 2384 3460 ἐπὶ
2415 3409 2530 3466 τοῖς
2589 3405 2848 3479 μεγάλοις
2905 3403 3072 3459 αὐτοῦ
3128 3404 3369 3478 θαύμασι
3413 3410 3521 3467 τοῖς
3563 3409 3640 3456 νῦν
3687 3420 3841 3476 γεγενη-

2300 3493 2510 3565 μένοις.
2578 3487 2708 3547 Δότε
2762 3490 2852 3547 οῦν
2910 3492 3057 3566 αὐτῷ
3105 3491 3258 3566 δόξαν
3301 3496 3414 3568 μετ’
3442 3490 3743 3569 εὐφροσύνης,
3780 3483 3839 3538 καὶ

2293 3583 2572 3653 κατάνυξιν
2624 3578 2870 3658 καρδίας,
2929 3582 3019 3636 καὶ
3069 3585 3256 3658 θρήνῳ
3307 3578 3690 3660 χαίροντες,καὶ
3733 3575 3841 3649 εὐχα-

2296 3677 2598 3748 ριστοῦντες
2635 3670 2720 3726 ἐπὶ
2749 3675 2818 3745 τῇ
2853 3670 3019 3726 αὐτοῦ
3055 3671 3458 3748 μεγαλειότητι,
3490 3671 3564 3725 ὅτι
3607 3675 3690 3737 τῆς
3727 3664 3840 3718 air-T3

2292 3762 2522 3822 πίστεως
2583 3763 2730 3834 ἡμᾶς
2788 3759 3006 3830 ἠξίωσε,
3063 3761 3153 3815 καὶ
3209 3768 3316 3830 τῆς
3371 3761 3526 3816 αὐτοῦ
3564 3756 3839 3830 ἐπιγνώσεως.

2293 3852 2415 3921 Ναὶ,
2467 3849 2620 3905 τέκνα
2675 3871 2777 3922 μου
2829 3850 3105 3925 ἀγαπητὰ,
3153 3855 3370 3926 γνῶμεν
3421 3850 3504 3904 καὶ
3534 3849 3609 3903 ἐπὶ
3652 3848 3727 3900 τοῦ
3752 3859 3841 3910 παρ·

2585 3943 2609 3952 α.
2683 3938 2695 3954 9
2827 3938 2836 3955 ν
3123 3944 3145 3954 υ
3355 3945 3379 3955 η
3481 3939 3492 3956 ε
3546 3944 3558 3954 ν
3629 3936 3638 3956 ι
3716 3939 3726 3955 a
3823 3930 3838 3959 Τ

2293 3940 2441 4001 όντος
2517 3961 2614 3994 του
2672 3959 2971 4012 απεραντου
3027 3942 3188 4012 ἡμων
3248 3947 3383 3996 Θεου
3411 3961 3495 3993 και
3526 3945 3694 4013 Βυριου
3729 3937 3841 3999 Ιησο)

2293 4033 2530 4105 Χριστοῦ
2588 4029 2684 4096 τήν
2745 4025 2992 4099 δύναμιν.
3067 4029 3165 4082 Καὶ
3245 4027 3542 4100 δοξάσωμεν
3594 4026 3674 4090 τήν
3722 4019 3838 4072 αὖτοῦ

2291 4117 2600 4192 ἀγαθότητα
2628 4114 2723 4170 τοῦ
2763 4116 3026 4186 ἀληθινοῦ
3062 4119 3185 4172 Υἱοῦ
3235 4123 3335 4172 τοῦ
3383 4121 3508 4172 Θεοῦ
3552 4117 3634 4168 τοῦ
3683 4113 3838 4178 ζῖυντοςν

2295 4206 2458 4278 Αὐτῷ
2508 4206 2610 4282 γὰρ
2678 4204 2870 4282 πρέπει
2918 4207 3078 4279 τιμὴ,
3109 4208 3327 4282 κράτος,
3364 4201 3667 4279 μεγαλοσῦνη
3691 4197 3759 4251 καὶ
3783 4213 3842 4264 με·

2287 4295 2682 4372 γαλοπρέπεια,
2737 4299 2827 4349 νῦν
2885 4296 2973 4350 καὶ
3025 4295 3106 4351 ἀεὶ
3161 4297 3249 4351 καὶ
3313 4296 3386 4358 εἷς
3417 4293 3532 4355 τοὺς
3561 4291 3725 4347 αἰῶνας
3766 4287 3835 4337 τεῖνθ

2290 4385 2523 4441 αἰώνων.
2557 4385 2612 4438 Ἀ
2628 4385 2757 4457 μήν.

527 4652 685 4710 295
721 4648 962 4711 Relatio
1014 4646 1459 4708 miraculorum
1509 4646 1758 4707 Domini
1807 4648 2004 4709 nostri
2051 4650 2198 4710 Jesu
2230 4647 2482 4721 Christi,
2516 4666 2657 4725 quae
2691 4666 2800 4726 per
2844 4647 3185 4726 imaginem
3225 4648 3419 4727 ipsius
3461 4647 3608 4706 facta
3648 4641 3760 4699 sunt
3793 4633 3834 4691 in

1400 4729 1654 4807 Beryto,
1690 4729 1886 4808 Syriae
1917 4729 2192 4804 civitate,
2225 4731 2445 4810 quinto
2477 4729 2626 4790 Idus
2655 4729 3046 4798 Novembris.

587 4866 754 4938 Apud
807 4865 1127 4920 Caesaream
1177 4862 1552 4935 Cappadociae
1605 4863 1812 4919 urbem
1868 4865 2174 4936 praemaxi-
2207 4868 2254 4932 D
2285 4863 2582 4930 tulissent,
2617 4863 2822 4919 Petrus
2855 4861 3234 4920 beatissimus
3261 4859 3587 4918 Nicomedia:
3613 4853 3742 4910 urbis
3764 4863 3836 4902 an-

519 4973 699 5027 mam,
733 4955 1136 5010 conrenicntes
1167 4954 1237 5008 de
1267 4951 1518 5024 singulis
1565 4952 1814 5009 urbibus
1856 4953 2013 5009 Asia:
2041 4971 2175 5009 san-

518 5045 764 5102 ctissimi
812 5043 1113 5116 praesules,
1146 5059 1248 5114 pro
1281 5041 1676 5098 stabilimento
1726 5049 1941 5098 sancta
1973 5042 2169 5099 Eccle-

517 5134 615 5190 siae
635 5134 890 5191 inierunt
912 5131 1556 5201 consilium.Siquidem
1581 5132 1736 5202 apud
1754 5148 1851 5188 eos
1875 5133 1944 5187 de
1967 5149 2169 5188 cruore

514 5222 717 5280 lateris
749 5222 981 5278 Domini
1017 5219 1199 5275 nostri
1230 5218 1366 5274 Jesu
1399 5218 1611 5274 Christi
1645 5237 1760 5274 non
1793 5220 2040 5293 exiguus
2075 5237 2166 5276 er-

513 5329 610 5368 ror
641 5316 875 5368 exortus
918 5327 1046 5366 esse
1079 5309 1402 5363 videbatur.
1437 5307 1559 5368 Oua
1613 5324 1680 5362 ex
1714 5315 1893 5376 re,"ut
1946 5311 2167 5380 praefati

514 5417 743 5463 sumus,
765 5399 958 5469 injam
985 5399 1137 5452 dicta
1163 5397 1305 5451 urbe
1333 5397 1624 5451 maximus
1656 5403 2048 5469 congregatus
2080 5404 2169 5454 est

514 5494 852 5545 sanctorum
903 5488 1308 5560 episcoporum
1343 5489 1684 5549 conventus,
1732 5491 1794 5540 ut
1825 5502 1892 5540 ex
1923 5487 2030 5542 hoc
2079 5505 2166 5542 er-

514 5594 642 5634 rore
671 5578 730 5633 in
763 5593 944 5633 unum
978 5582 1226 5631 tractare
1257 5573 1673 5630 deberent.Sed
1707 5574 1848 5630 dum
1881 5577 2075 5631 cuncti
2099 5594 2167 5632 ex

392 5683 675 5775 arx-more
703 5667 762 5724 in
795 5670 1057 5724 sanctam
1087 5663 1393 5721 ecclesiam
1427 5663 1497 5719 ad
1530 5664 1906 5721 residendum
1943 5679 2004 5721 se
2027 5681 2164 5721 con-

528 5785 856 6092 Χ

2281 4953 2472 5019 tistes,
2503 4953 2567 5013 in
2602 4952 2793 5008 medio
2824 4968 3435 5023 eorum'consurgens,
3468 4951 3542 5004 ita
3568 4946 3628 5002 ad
3668 4940 3834 4997 univer-

2282 5059 2379 5098 sos
2431 5058 2672 5097 exorsus
2723 5045 2812 5097 est
2861 5041 3020 5114 loqui
3057 5058 3071 5099 :
3103 5041 3159 5097 Si
3208 5041 3412 5113 placet,
3461 5034 3653 5108 inquit,
3689 5033 3834 5083 vestra!

2281 5129 2602 5200 sanctitati,
2638 5147 2669 5186 ο
2730 5129 3094 5186 sanctissimi
3155 5134 3376 5194 Patres,
3420 5124 3655 5182 libellum
3701 5126 3832 5170 unum

2279 5218 2582 5274 Athanasii
2632 5218 3032 5274 Alexandrinae
3082 5219 3244 5274 urbis
3289 5214 3477 5288 magni
3518 5205 3832 5300 episcopis!!!

2276 5307 2441 5362 vobis
2474 5305 2686 5363 referre
2733 5307 3005 5364 delectat.
3041 5309 3252 5364 Sancta
3279 5305 3526 5378 synodus
3561 5291 3830 5378 respondit:

2279 5397 2475 5451 Placet
2522 5396 2711 5467 plane,
2746 5401 2805 5454 et
2834 5402 2898 5453 ut
2941 5398 3168 5470 legatur
3215 5375 3499 5469 optamus.
3527 5390 3600 5446 Ad
3643 5375 3830 5474 bacille

2274 5485 2541 5541 libellum
2576 5488 2631 5540 in
2664 5488 2852 5543 medio
2884 5487 3150 5560 protulit,
3175 5492 3238 5566 aet
3276 5483 3558 5540 materiam
3604 5473 3754 5548 ipsius
3777 5471 3830 5520 ti-

2276 5574 2382 5630 tuli
2414 5575 2612 5631 taliter
2642 5592 2958 5648 aggressus
2987 5581 3078 5632 est
3105 5575 3365 5649 legendo.
