4080 6206
312 359 452 421 813

1227 358 1328 418 DE
1369 357 1588 419 PASS.
1636 355 1989 417 IMAGINIS
2035 357 2105 415 D.
2155 355 2232 415 N.
2276 354 2469 417 JESU
2513 353 2851 415 CHRISTI.

3625 355 3743 417 814

1563 507 1817 563 SANCTI
1858 505 2111 562 PATRIS
2156 504 2539 561 ATHANASII

1618 620 1646 663 Δ
1658 621 2047 661 RCHIEPISCOPI
2086 620 2469 659 ALEXANDRINI

415 720 505 778 De
535 723 825 795 passione
854 714 1144 794 imaginis
1172 714 1423 776 Domini
1455 713 1651 775 nostri
1697 715 1843 775 Jesu
1888 711 2141 795 Christi,

2195 710 2467 791 qualiter
2513 713 2814 775 crucifixa
2862 718 2953 773 est
2983 712 3044 771 in
3077 713 3326 790 Beryto,
3364 709 3563 788 Syrica
3596 708 3747 771 civi-

1748 799 1874 854 tate
1907 792 2155 853 libellus
2187 795 2237 873 (1
2252 795 2333 874 7).

408 1040 784 1097 Uilectissimi
818 1041 1015 1111 itaque
1064 1055 1269 1094 omnes
1304 1039 1407 1093 filii
1455 1040 1670 1093 sanctre
1702 1036 1990 1105 Ecclesiae,
2023 1037 2075 1102 Α
2109 1040 2295 1096 mines
2329 1042 2520 1097 salvos
2553 1040 2697 1103 fieri,
2732 1043 2787 1093 et
2837 1038 2905 1092 ad
2957 1037 3317 1108 agnitionem
3365 1036 3627 1092 veritatis
3657 1052 3751 1092 vc-

322 1132 555 1187 mentis
586 1134 789 1185 vestras
814 1128 1016 1186 oculos
1046 1127 1221 1183 simul
1254 1132 1311 1182 et
1339 1144 1511 1182 aures
1544 1126 1829 1197 erigite,et
1859 1141 1994 1178 con-

324 1222 667 1276 siderantes
695 1217 1073 1275 admiremini
1119 1233 1243 1271 rem
1296 1220 1545 1288 gestam,
1579 1231 1754 1286 quam
1798 1215 1866 1267 ad
1899 1229 1994 1267 ve-

325 1317 524 1366 stram
577 1308 884 1364 scientiam
956 1306 1357 1363 transmittere
1416 1305 1708 1376 cupimus.
1768 1301 1996 1358 Cernite

328 1397 537 1455 cuncti
570 1398 803 1451 infinita
859 1396 961 1450 Dei
1020 1394 1443 1466 omnipotentis
1500 1392 1814 1459 mirabilia,
1847 1395 1903 1445 et
1946 1388 1997 1445 ei

331 1488 551 1543 laudes
584 1485 964 1541 incessabiles
995 1485 1221 1540 reddite
1253 1500 1355 1556 per
1385 1482 1614 1539 saecula.
1638 1478 1999 1550 Contempla-

332 1577 490 1632 mini
523 1577 651 1647 ejus
677 1574 1025 1630 ineffabilem
1051 1590 1154 1646 per
1184 1577 1426 1628 cunctas
1466 1570 1869 1643 generationes
1901 1570 1998 1623 be-

335 1667 651 1739 nignitatis
670 1663 1158 1737 magnitudinem,
1186 1661 1387 1716 multis
1420 1661 1607 1716 modis
1636 1659 1763 1715 luce
1795 1658 1999 1713 clario-

336 1772 675 1825 rem,super
704 1754 1031 1808 humanum
1064 1768 1250 1823 genus
1284 1750 1717 1821 resplenduisse
1747 1764 1997 1818 semper.

334 1844 719 1901 Considerate
742 1842 996 1897 sublime
1020 1840 1476 1913 dispensationis
1491 1841 1618 1909 ejus
1634 1836 1996 1910 mysterium,

333 1942 398 1990 et
436 1934 564 1987 ideo
612 1950 679 1987 ex
730 1932 913 1986 nimia
961 1932 1090 2001 ejus
1140 1931 1353 2002 pietate
1413 1930 1680 2001 permoti,
1715 1927 2002 1983 assumite

337 2024 670 2095 planctum,
703 2021 1111 2093 lacrymasque
1160 2036 1393 2074 amaras
1436 2020 1695 2089 proferre
1736 2033 1997 2072 memen-

336 2116 485 2177 tote,
520 2127 587 2165 ac
618 2108 975 2181 singultibus
1003 2124 1180 2180 super
1200 2107 1316 2161 tale
1348 2106 1695 2162 miraculum
1719 2106 1778 2159 in
1803 2110 2002 2161 nostra

338 2199 721 2272 generatione
753 2201 1070 2268 patratum,
1104 2196 1257 2267 quod
1293 2211 1437 2267 pene
1466 2194 1740 2249 omnibus
1770 2194 2000 2249 smculis

336 2295 436 2345 est
464 2288 833 2343 mandatum.
865 2287 980 2341 Deo
1028 2285 1244 2357 quippe
1294 2284 1436 2338 nihil
1482 2282 1864 2355 impossibile,
1899 2283 1999 2338 sed

2106 1130 2250 1201 nire,
2286 1136 2350 1186 ut
2394 1132 2726 1186 ostenderet
2777 1128 3003 1183 cunctis
3036 1144 3096 1181 se
3127 1125 3474 1195 colentibus,
3506 1142 3749 1181 suorum

2108 1197 2525 1276 n'raculorum
2544 1220 2817 1273 virtutem
2839 1218 2907 1271 ad
2929 1216 3385 1288 increpationem
3412 1216 3750 1287 impiorum,

2108 1310 2547 1365 firmamentum
2583 1324 2814 1379 quoque
2837 1322 3073 1361 suorum
3103 1304 3631 1359 fidelium.Factum
3664 1309 3753 1361 est

2108 1404 2302 1453 autem
2336 1403 2464 1470 post
2494 1398 2635 1462 hmo,
2669 1402 2731 1451 ut
2761 1396 3035 1449 llebrmus
3069 1394 3310 1465 quidam
3340 1394 3605 1448 eamdem
3640 1393 3753 1448 cel-

2107 1487 2644 1558 lulamvsusciperet
2674 1487 2744 1540 ad
2772 1484 3184 1539 habitandum.
3211 1485 3392 1547 Quam
3428 1483 3752 1555 ingressus,

2108 1594 2240 1632 cum
2269 1578 2392 1632 suis
2425 1577 2701 1631 omnibus
2752 1574 2925 1645 cmpit
2967 1573 3232 1627 habitare
3274 1573 3331 1627 in
3384 1589 3470 1639 ea,
3516 1572 3757 1627 minime

2108 1667 2541 1738 contemplatus
2571 1665 2762 1720 locum
2786 1662 2977 1731 illum,
3004 1662 3101 1733 qui
3136 1661 3490 1716 Dominicam
3526 1662 3755 1716 iconam

2111 1758 2263 1827 apud
2298 1773 2359 1811 se
2389 1756 2679 1811 retinebat
2728 1752 3152 1808 absconditam.
3192 1753 3287 1806 Die
3336 1768 3467 1805 vero
3501 1752 3757 1822 quodam

2109 1847 2262 1903 idem
2314 1847 2591 1901 Hebraeus
2641 1846 2711 1899 de
2768 1844 2892 1899 suis
2950 1840 3468 1897 contubernalibus
3501 1841 3761 1897 invitavit

2110 1954 2292 1992 unum
2325 1937 2395 1991 ad
2430 1935 2765 2008 prandium.
2800 1931 3189 2005 Epulantibus
3215 1930 3353 1997 illis,
3376 1930 3618 1985 elevavit
3647 1931 3759 1986 Ile-

2110 2027 2321 2089 brreus,
2355 2026 2458 2095 qui
2488 2024 2765 2079 invitatus
2813 2022 3020 2086 fuerat,
3054 2020 3276 2087 oculos,
3309 2024 3365 2075 et
3397 2021 3538 2074 vidit
3578 2020 3637 2073 in
3670 2021 3758 2073 in-

2112 2116 2306 2171 teriori
2339 2114 2465 2169 loco
2497 2112 2721 2169 cellulae
2753 2112 2879 2180 ejus
2904 2112 3131 2165 iconam
3156 2110 3521 2164 Dominicam
3552 2109 3760 2181 parieti

2109 2220 2453 2261 connexam.
2504 2203 2667 2257 Tunc
2717 2199 3046 2255 vehementi
3105 2201 3297 2253 furore
3355 2201 3758 2265 exardescens,

2111 2294 2286 2366 carpit
2316 2294 2561 2347 fremere
2592 2290 2868 2345 dentibus
2914 2289 3191 2344 adversus
3243 2304 3399 2351 eum,
3436 2289 3532 2357 qui
3565 2286 3761 2358 ipsum

338 2379 525 2435 etiam
558 2394 663 2432 nec
694 2376 917 2448 aliqum
954 2380 1042 2430 θεί
1071 2373 1329 2429 ἀίίδοίῖθ·
1365 2374 1512 2428 Nam
1546 2390 1725 2445 super
1752 2390 1839 2438 ea»
1872 2390 1999 2444 qu33
2033 2407 2080 2470 Β
2110 2386 2539 2446 convocaverat,
2573 2381 2810 2435 dicens:
2844 2380 2927 2433 'l‘u
2982 2378 3256 2432 Hebraeus
3307 2388 3439 2430 cum
3484 2376 3586 2445 sis,
3618 2393 3761 2447 quo-

335 2467 473 2539 ipse
500 2465 800 2520 modernis
858 2464 1134 2535 dignatus
1192 2468 1281 2517 est
1337 2467 1566 2532 patrare
1611 2462 2001 2533 temporibus,

338 2572 524 2611 omne
581 2570 681 2609 cor
737 2552 1122 2623 obstupescit,
1181 2550 1544 2606 audientium
1605 2550 1754 2622 fugit
1817 2550 1998 2617 visus,

338 2645 658 2699 hebetatur
685 2643 944 2697 auditus.
977 2641 1138 2695 Sicut
1185 2639 1341 2695 enim
1391 2640 1758 2717 in'passione
1790 2640 2000 2711 Unige-

338 2733 455 2787 niti
490 2731 681 2803 ipsius
705 2729 934 2801 expavit
962 2728 1193 2793 cmlum,
1230 2727 1324 2782 Dei
1356 2743 1505 2781 caeca
1536 2727 1728 2797 imago
1760 2731 1850 2781 est
1880 2726 2004 2781 red-

338 2813 493 2879 dita,
541 2810 687 2865 radii
746 2824 978 2880 quoque
1040 2807 1179 2863 solis
1238 2807 1365 2862 luce
1420 2806 1783 2862 obtenebrati
1841 2811 2000 2875 sunt,

337 2901 674 2973 quinetiam
700 2900 1069 2953 terremotus
1102 2912 1209 2952 suo
1257 2895 1550 2951 horrendo
1583 2896 1774 2950 sonitu
1808 2895 2001 2968 abyssi

340 2991 737 3047 fundamenta
764 2986 955 3042 valide
986 2986 1286 3051 exterruit,
1315 2989 1371 3040 et
1402 2990 1666 3041 mortuos
1696 2984 2002 3057 plurimos,

339 3098 504 3154 quos
535 3080 787 3149 tenebat,
820 3078 1103 3133 eructavit
1132 3077 1455 3131 viviﬁcatos
1482 3092 1495 3130 :
1532 3076 1615 3130 ita
1640 3081 1695 3131 et
1725 3093 1879 3131 nunc
1910 3093 2003 3131 se-

344 3172 548 3227 cundo
579 3170 780 3225 eadem
834 3169 1003 3240 signa
1051 3167 1269 3239 pariter
1300 3170 1440 3221 sunt
1496 3166 1792 3222 innovate.
1825 3168 2008 3238 Igitur

344 3260 665 3316 audientes
698 3256 1029 3329 intelligite,
1057 3255 1454 3327 intelligentes
1504 3256 1919 3328 obstupescite,
1953 3260 2009 3310 et

338 3370 422 3407 ea
454 3367 581 3420 qua:
610 3348 777 3404 vobis
807 3347 1082 3403 intimare
1113 3364 1411 3413 curamus,
1436 3346 1609 3419 plena
1640 3348 1753 3403 fide
1785 3354 1840 3403 et
1869 3364 2007 3404 aure

341 3443 586 3497 intenta
617 3438 807 3494 cordis
839 3438 1139 3510 percipite.
1176 3437 1275 3493 Est
1322 3441 1517 3493 autem
1549 3437 1890 3508 hujusmodi
1923 3455 2009 3494 se-

342 3534 468 3589 ries
502 3529 876 3587 narrationis.

893 3618 1123 3675 CAPUT
1165 3619 1485 3675 PRIMUM:

426 3712 529 3767 Est
558 3710 826 3781 quadam
861 3708 1068 3764 civitas
1098 3708 1157 3763 in
1190 3709 1374 3780 Syria,
1399 3708 1552 3764 inter
1573 3709 1855 3765 terminos
1873 3709 2008 3781 Tyri

338 3806 410 3856 et
436 3798 671 3855 Sidonis
703 3798 916 3870 posita.
968 3797 1211 3870 Berytus
1254 3803 1474 3864 vocata,
1524 3797 1841 3853 Antiochia:
1873 3816 2006 3855 vero

340 3890 608 3947 subdita.
646 3890 709 3943 In
744 3889 847 3944 hac
879 3888 1023 3944 urbe
1055 3890 1505 3944 innumerabilis
1538 3889 1852 3944 multitudo
1885 3894 2007 3946 erat

349 3981 757 4049 Hebraeorum,
788 3979 1056 4050 quamvis
1105 3980 1308 4035 eodem
1355 3984 1619 4050 tempore
1646 3980 1847 4035 civitas
1881 3997 2008 4036 me-

340 4068 709 4140 tropolitana
734 4067 1023 4123 obtineret
1053 4067 1426 4139 dignitatem.
1458 4068 1682 4123 Accidit
1715 4072 2007 4131 autem,ut

333 4161 518 4229 juxta
564 4172 923 4229 synagogam
969 4156 1364 4224 Hebrmorum,
1399 4173 1530 4227 qua
1579 4173 1793 4229 magna
1841 4157 2006 4212 valde

344 4246 705 4316 habebatur,
740 4246 981 4318 quidam
1009 4244 1351 4301 Christicola
1375 4262 1406 4300 a
1429 4247 1682 4316 quodam
1717 4248 2006 4318 suscepis-

345 4347 441 4393 set
472 4334 769 4402 cellulam,
807 4352 1169 4407 censumque
1200 4335 1252 4391 ei
1281 4352 1350 4391 ex
1380 4352 1447 4391 ea
1478 4336 1762 4391 redderet.
1798 4337 1859 4391 1n
1893 4353 2009 4407 qua

346 4429 497 4483 dum
530 4427 835 4497 ingressus
880 4431 1036 4481 esset
1083 4427 1155 4481 ad
1190 4427 1598 4495 habitandum,
1635 4427 1863 4482 iconam
1899 4429 2007 4482 Do-

348 4516 498 4572 mini
533 4516 717 4571 nostri
748 4516 889 4571 Jesu
941 4516 1177 4582 Christi,
1221 4533 1395 4587 quam
1447 4518 1599 4589 apud
1635 4534 1697 4573 se
1736 4518 2007 4586 habebat,

350 4607 480 4662 fixit
513 4607 569 4660 in
606 4604 823 4675 pariete
855 4610 1057 4660 contra
1085 4605 1286 4660 lectuli
1319 4606 1408 4659 sui
1442 4605 1804 4677 faciem,quze
1832 4607 2007 4662 etiam

349 4693 696 4750 continebat
725 4693 782 4747 in
816 4709 877 4748 se
909 4692 1199 4765 integram
1252 4693 1479 4748 Domini
1526 4699 1832 4750 staturam.
1868 4696 2009 4750 Evo-

350 4784 478 4839 luto
511 4781 765 4852 denique
796 4799 910 4837 non
944 4799 1119 4853 parvo
1148 4783 1429 4854 temporis
1470 4785 1676 4855 spatio,
1705 4784 1830 4853 jam
1865 4801 2010 4855 pras—

350 4872 573 4928 libatus
608 4869 833 4926 deicola
865 4871 1201 4942 perquirere
1225 4870 1451 4926 studuit
1478 4871 1535 4926 in
1572 4872 1683 4928 alio
1715 4873 1839 4928 loco
1863 4874 2013 4943 ejus-

353 4962 491 5017 dem
515 4959 683 5015 urbis
702 4960 1029 5032 spatiosam
1046 4960 1285 5016 domum
1311 4962 1380 5016 ad
1411 4961 2010 5026 habitandumOnam

354 5068 489 5106 cum
523 5049 1083 5121 reperisset,tollens
1113 5054 1342 5117 cuncta,
1376 5067 1501 5122 quae
1534 5052 1603 5106 ad
1638 5070 1698 5107 se
1730 5053 2016 5124 pertinere

2114 2475 2282 2527 modo
2308 2472 2460 2543 apud
2496 2476 2549 2525 te
2580 2471 2715 2525 Jesu
2770 2468 2931 2522 illius
2980 2466 3260 2521 Nazareni
3310 2465 3539 2520 iconam
3581 2465 3761 2520 habes

2112 2561 2424 2632 repositam
2448 2560 2474 2614 ?
2506 2558 2774 2614 Convicia
2806 2572 3039 2629 quoque
3065 2560 3121 2609 et
3152 2554 3465 2627 opprobria
3488 2559 3649 2609 tanta
3670 2555 3764 2609 ad-

2111 2668 2317 2706 versus
2348 2650 2661 2705 Dominum
2687 2647 3037 2702 Salvatorem
3064 2645 3509 2715 emisit,quania
3540 2659 3644 2699 nec
3666 2661 3766 2698 au-

2114 2757 2202 2795 res
2236 2738 2493 2794 fidelium
2526 2738 2768 2792 sufferre
2800 2746 3067 2807 possunt,
3103 2751 3206 2788 nec
3240 2750 3345 2787 nos
3379 2732 3614 2804 soriptis
3645 2736 3762 2787 tra-

2115 2830 2248 2883 dere
2267 2828 2700 2900 prtesumimus,
2717 2827 2786 2881 ob
2805 2822 3083 2894 injuriam
3115 2822 3299 2877 nostri
3335 2821 3759 2892 Redemptoris.

2112 2919 2354 2974 Judreus
2383 2933 2538 2984 vero,
2563 2916 2660 2987 qui
2691 2914 2859 2969 illum
2883 2912 3228 2967 malevolum
3252 2915 3667 2966 convocaverat
3690 2912 3761 2966 ad

2115 3007 2451 3079 prandium,
2472 3004 2807 3060 satisfacere
2839 3002 2922 3057 illi
2956 3002 3222 3073 cupiens,
3246 3000 3628 3056 sacramentis
3653 3005 3764 3055 ter-

2115 3096 2387 3151 ribilibus
2421 3094 2821 3167 profitebatur,
2856 3108 2916 3146 se
2948 3090 3261 3161 aliquando
3287 3089 3551 3159 minime,
3585 3106 3763 3157 quam

2118 3184 2624 3258 praemonstrabat,
2654 3182 2872 3236 vidisse
2919 3180 3169 3235 iconam.
3202 3180 3283 3233 Ad
3314 3179 3452 3246 haec,
3488 3180 3588 3251 qui
3623 3178 3767 3234 invi-

2117 3280 2278 3330 tatus
2306 3275 2512 3339 fuerat,
2547 3271 2729 3328 siluit.
2767 3269 2966 3329 Finito.
3003 3273 3199 3324 autem
3234 3268 3494 3323 convivio
3538 3269 3769 3324 absces-

2119 3365 2196 3420 sit
2225 3369 2279 3419 et
2311 3363 2455 3418 abiit
2484 3363 2555 3416 ad
2607 3376 2871 3415 summos
2922 3358 3253 3414 sacerdotes
3282 3360 3339 3412 et
3388 3357 3681 3428 principes
3715 3361 3772 3413 et

2120 3454 2265 3509 dixit
2295 3454 2419 3507 eis:
2454 3452 2666 3506 Notum
2699 3449 2861 3505 vobis
2912 3449 2990 3503 sit
3037 3448 3313 3518 quoniam
3366 3446 3642 3502 Hebraeus
3674 3447 3767 3502 ille

2118 3544 2254 3598 talis
2284 3543 2421 3597 Jesu
2455 3539 2735 3596 Nazareni
2786 3540 3015 3593 iconam
3052 3537 3205 3607 apud
3258 3553 3320 3590 se
3366 3536 3575 3591 retinet
3606 3536 3764 3591 clan-

2117 3632 2268 3688 culo.
2295 3635 2368 3685 At
2399 3629 2481 3684 illi
2513 3630 2634 3683 hinc
2656 3628 2984 3691 audientes,
3011 3626 3286 3680 dixerunt
3312 3625 3381 3679 ad
3415 3640 3546 3680 cum
3575 3624 3769 3678 :Nun-

2120 3720 2257 3792 quid
2290 3722 2541 3791 possunt
2563 3733 2697 3772 vera
2727 3733 2855 3771 esse
2878 3732 3003 3786 quae
3027 3714 3240 3769 asseris
3261 3713 3287 3767 ?
3310 3730 3423 3768 non
3448 3712 3763 3781 credimus,

2119 3810 2230 3865 nisi
2265 3806 2778 3864 demonstraveris.
2814 3806 2942 3875 Ipse
2973 3820 3103 3857 vero
3136 3801 3630 3872 affirmabat,quia
3662 3819 3766 3875 ego

2114 3900 2174 3954 in
2208 3900 2378 3954 domo
2402 3899 2528 3968 ejus
2557 3912 2685 3951 eam
2709 3896 3109 3949 demonstrare
3133 3892 3368 3946 curabo.
3404 3892 3531 3945 Haec
3565 3890 3647 3945 illi
3671 3910 3771 3946 au-

2116 3989 2362 4053 dientes,
2396 3986 2712 4041 maximam
2748 3984 2803 4037 in
2840 3983 2981 4036 iram
3010 3981 3372 4036 deciderunt.
3398 3981 3503 4035 Sed
3531 3980 3763 4050 dieillo,

2118 4078 2256 4149 quia
2279 4076 2404 4147 jam
2448 4075 2590 4129 hora
2642 4072 3023 4128 incumbebat
3074 4069 3422 4139 vespertina,
3456 4068 3765 4125 siluerunt.

2116 4168 2282 4222 Mane
2330 4181 2462 4219 vero
2517 4164 2687 4231 facto,
2722 4160 2939 4217 summi
2985 4160 3333 4224 sacerdotes,
3368 4158 3661 4230 principes
3712 4164 3769 4214 et

2118 4257 2371 4325 majores
2404 4257 2543 4308 natu
2576 4251 2763 4324 plebis
2793 4249 3150 4314 Judazorum,
3175 4252 3542 4302 assumentes
3569 4265 3767 4304 secum

2120 4345 2305 4411 illum,
2340 4342 2440 4414 qui
2475 4358 2608 4397 eum
2641 4337 3112 4403 accusaverat,ad
3139 4337 3378 4391 domum
3413 4326 3599 4408 ipsius
3622 4336 3769 4392 velo-

2118 4435 2243 4488 cius
2278 4432 2719 4487 festinaverunt.
2754 4427 3032 4482 Videntes
3077 4430 3269 4480 autem
3321 4442 3453 4480 vera
3482 4442 3609 4481 esse
3642 4443 3767 4497 quae

2119 4523 2277 4577 dicta
2306 4520 2557 4585 fuerant,
2592 4520 2740 4572 facto
2770 4516 2991 4588 impetu
3038 4531 3171 4569 cum
3205 4531 3291 4584 eo,
3326 4515 3423 4586 qui
3457 4514 3576 4569 haec
3606 4516 3769 4570 testi-

2120 4611 2407 4674 ﬁcaverat,
2438 4608 2733 4661 irruerunt
2765 4605 2821 4658 in
2855 4619 3011 4666 eum,
3045 4601 3365 4672 multisque
3401 4601 3771 4657 contumeliis

2121 4716 2186 4754 ac
2232 4697 2408 4753 variis
2458 4695 2816 4751 cruciatibus
2866 4694 3138 4748 affectum
3195 4697 3359 4746 extra
3412 4707 3766 4763 synagogam

2122 4786 2467 4843 semivivum
2501 4786 2894 4857 projecerunt.

2773 4871 3005 4926 CAPUT
3048 4870 3115 4924 ΙΙ.

2198 4967 2562 5037 Deponentes
2609 4966 2805 5017 autem
2857 4959 3088 5014 Domini
3140 4958 3326 5013 nostri
3371 4959 3511 5014 Jesu
3561 4959 3774 5015 Christi

2123 5057 2349 5111 iconam
2406 5054 2463 5106 in
2516 5057 2689 5115 terra,
2724 5050 2997 5104 dixerunt
3043 5049 3113 5103 ad
3156 5048 3441 5103 invicem:
3486 5050 3771 5113 Quoniam

352 5141 731 5205 videbantur,
766 5156 1037 5210 egressus
1068 5144 1156 5195 est
1187 5140 1257 5194 de
1289 5139 1518 5195 cellula.
1548 5142 1781 5196 Domini
1813 5148 2005 5198 autem
2040 5149 2085 5212 D
2120 5160 2290 5199 aures
2323 5147 2554 5196 nostras
2600 5140 2698 5194 teti
2750 5139 2791 5191 it
2840 5154 2952 5191 non
3006 5136 3213 5207 exigua
3262 5136 3457 5207 Opinio
3488 5137 3641 5208 quod
3676 5138 3769 5191 Je-

358 5228 729 5282 nrovidentia
756 5229 811 5282 id
866 5232 1094 5282 agente.
1122 5227 1261 5282 Jesu
1313 5226 1530 5282 Christi
1563 5228 1793 5282 Domini
1826 5232 2009 5282 nostri
2123 5249 2253 5282 sum
2291 5232 2654 5282 Nazarenum
2679 5155 2876 5282 nﬁres
2909 5227 3090 5280 nostri
3119 5227 3365 5281 diversis
3398 5227 3586 5281 modis
3620 5228 3769 5282 296

358 5228 729 5300 providentia
756 5229 811 5282 id
866 5232 1094 5300 agente,
1122 5227 1261 5283 Jesu
1313 5226 1530 5284 Christi
1563 5228 1793 5284 Domini
1826 5232 2009 5286 nostri

356 5317 592 5371 iconam
626 5315 707 5371 ibi
739 5315 1063 5389 neglectam
1114 5314 1373 5387 reliquit.
1412 5318 1523 5372 Hoc
1555 5321 1750 5373 autem
1783 5318 2013 5375 Domini

359 5403 589 5460 occulto
624 5411 923 5476 peractum
958 5408 1047 5459 est
1075 5403 1340 5470 consilio,
1375 5405 1470 5476 qui
1512 5405 1633 5461 vult
1676 5423 1882 5463 omnes
1911 5407 2012 5463 bo-

433 5548 551 5617 (l7)
581 5552 651 5623 In
680 5547 934 5623 editione
956 5547 1341 5623 ALugdunensi
1371 5522 1605 5623 additur
1630 5565 1643 5603 :
1670 5552 2016 5623 Temporibus

362 5621 717 5676 Constantini
744 5619 1010 5686 Senioris,
1044 5619 1095 5675 et
1123 5624 1309 5677 [reme
1351 5620 1542 5675 uxoris
1571 5622 1688 5691 ejus
1708 5639 1727 5683 ,·
1758 5619 1858 5679 sed
1894 5625 2016 5678 ine-

364 5695 480 5763 pte.
516 5697 715 5749 Petrus
745 5691 1079 5751 Nicomediae
1106 5693 1390 5765 episcopus
1422 5693 1670 5749 libellum
1700 5694 1846 5751 hunc
1893 5713 2019 5751 san-

2123 5249 2253 5289 sum
2291 5232 2654 5288 Nazarenam
2679 5227 2876 5300 patres
2909 5227 3090 5280 nostri
3119 5227 3365 5281 diversis
3398 5227 3586 5281 modis
3620 5228 3772 5283 296

2124 5320 2543 5383 illuserunt,ita
2564 5322 2620 5372 et
2644 5333 2751 5371 nos
2782 5315 2917 5370 huic
2951 5314 3255 5369 faciamus.
3281 5315 3442 5369 Tunc
3474 5320 3777 5386 cmperunt

2125 5426 2334 5483 spuere
2364 5410 2423 5463 in
2456 5407 2663 5463 faciem
2715 5404 2991 5477 imaginis
3026 5404 3253 5457 Domini
3303 5403 3619 5460 Salvatoris
3669 5423 3775 5461 no-

2124 5554 2200 5608 cli
2231 5551 2527 5606 Athanasii
2577 5565 2690 5604 esse
2739 5547 2956 5613 scribit,
2990 5549 3209 5600 actione
3257 5549 3457 5616 quarta
3497 5546 3696 5617 synodi
3736 5562 3773 5599 ιι

2126 5623 2509 5752 Ιὸἲίίαξηεεεῖ
2541 5621 2734 5677 iisdem
2766 5622 2880 5690 fere
2912 5620 3086 5673 verbis
3119 5620 3324 5688 integer
3351 5618 3599 5689 habetur,
3630 5622 3772 5672 tom.

2234 5738 2248 5765 ,
2282 5712 2338 5766 p.
2412 5715 2439 5747 4
2485 5737 2495 5749 .

2234 5738 2248 5765 ’
2283 5730 2338 5765 Po
2380 5730 2392 5748 Ι
2412 5730 2495 5749 ’.ιυυ
