4080 6206
451 366 571 427 815

1629 357 1691 416 S.
1742 353 2260 415 A'I‘HANASIUS.
2297 388 2374 399 ——
2402 356 2709 418 SPUltlA.
3714 360 3802 419 816

456 499 586 569 atri,
618 502 674 553 et
703 494 1109 568 pereutiehant
1150 507 1285 547 eum
1318 489 1522 559 alapis,
1557 493 1613 543 et
1644 488 1779 542 inde
1811 486 2069 541 dicentes
2096 502 2107 540 :
2143 489 2188 553 Α
2227 494 2533 544 mansueta
2563 490 2869 545 ducebaris
2890 490 2901 543 i
2925 492 3240 559 Oquantus
3272 505 3331 543 es
3361 487 3417 542 in
3447 487 3804 559 misericordia,

458 592 690 655 Quanta
719 587 855 641 Jesu
889 582 1122 639 Galilaso
1154 580 1337 635 nostri
1369 578 1659 650 genitores
1693 578 1976 645 fecerunt,
2012 593 2107 630 ea-

461 679 595 732 dem
630 680 685 731 et
718 690 824 729 nos
856 672 991 726 huic
1015 672 1141 741 ejus
1176 668 1414 739 imagini
1450 667 2107 721 faciamus.lnnumera—

457 766 679 821 bilibus
712 764 908 833 itaque
954 759 1333 814 illusionibus
1382 755 1742 811 Dominieam
1794 754 2109 808 illuserunt

459 856 713 909 iconam.
751 854 964 905 lterum
999 847 1239 901 dicunt:
1268 846 1327 900 In
1359 846 1487 913 ejus
1520 844 1792 914 passione
1822 843 2106 911 scriptum

461 960 590 999 esse
642 940 1038 1012 agnoscimus,
1072 936 1226 1005 quod
1286 936 1413 1002 ejus
1462 934 1638 1003 pedes
1686 937 1745 986 et
1788 948 1999 985 manus
2047 929 2106 983 in

462 1047 633 1087 cruce
666 1030 904 1083 confixae
935 1032 1106 1079 sunt:
1144 1040 1249 1078 nos
1280 1040 1436 1086 vero,
1479 1020 1747 1093 quamvis
1780 1019 2108 1078 modernio-

463 1136 558 1174 res
589 1123 873 1188 tempore,
907 1114 986 1167 nil
1016 1111 1544 1185 przetermittentes,
1571 1110 1857 1163 addamus
1888 1114 1944 1163 et
1964 1107 2105 1211 hic.

459 1219 624 1272 Tune
656 1214 1061 1281 erucitigontes
1090 1210 1318 1264 iconam
1358 1205 1940 1271 Dominieam,clavos
1980 1205 2113 1259 acu-

454 1306 717 1363 tissimos
750 1303 1147 1357 adhibuerunt
1178 1298 1235 1351 in
1273 1298 1565 1360 manibus,
1591 1302 1648 1349 et
1679 1296 1928 1365 pedibus
1952 1293 2110 1347 illius

454 1393 753 1466 imaginis.
794 1392 923 1446 Post
956 1389 1075 1443 hrce
1107 1386 1354 1459 permoti
1407 1387 1596 1455 magis
1642 1400 1707 1437 ac
1741 1384 1928 1453 magis
1962 1382 2111 1435 fellis

458 1481 875 1541 amaritudine,
925 1479 1131 1532 dicunt
1180 1476 1332 1528 inter
1389 1490 1488 1529 se:
1550 1472 1898 1526 Audivimus
1956 1472 2109 1542 quod

454 1577 649 1644 patres
682 1568 864 1625 nostri
912 1569 1047 1620 Jesu
1082 1563 1316 1618 Galilreo
1354 1568 1584 1616 acetum
1614 1567 1671 1616 et
1704 1559 1775 1615 fel
1808 1560 1863 1613 in
1908 1565 2111 1629 potum

455 1677 589 1716 eum
633 1657 881 1729 spongia
929 1655 1322 1725 praebuerunt,
1360 1650 1468 1704 hoe
1514 1654 1569 1703 et
1619 1650 1753 1703 huic
1804 1648 2109 1703 faciamus.

454 1758 617 1820 Quod
652 1760 708 1811 et
740 1754 822 1810 sic
856 1751 1514 1820 fecerunt,apponentes
1546 1747 1616 1800 ad
1650 1763 1715 1801 os
1750 1751 1965 1800 sanctae
1997 1744 2111 1798 ico-

2218 577 2481 632 Cbriste!
2518 596 2651 650 spes
2685 580 2857 633 unica
2907 578 3131 645 mundi,
3166 577 3266 648 qui
3314 594 3444 632 cum
3487 577 3543 631 iu
3572 594 3716 631 cruce
3742 586 3808 631 te.

2219 666 2410 734 ipsum
2448 666 2699 721 hostium
2735 668 2850 722 Deo
2900 670 3057 721 Patri
3106 666 3471 721 exhibuisses
3517 673 3745 721 sanctam
3769 674 3811 721 et

2217 753 2685 821 immaculatam,
2722 774 2823 826 pro
2850 756 2968 809 tuis
3014 754 3458 809 crucifixoribus
3499 756 3703 807 veniam
3734 772 3810 824 p0-

2223 844 2477 909 stulasti,
2512 845 2758 899 dicendo
2791 846 2861 899 ad
2894 844 3121 899 Patrem
3151 860 3162 896 :
3198 867 3223 891 ‹‹
3253 848 3439 907 Pater,
3464 843 3810 920 ignosceillis;

2219 934 2357 1003 quia
2390 936 2661 988 nesciunt
2689 935 2828 1005 quid
2867 933 3159 989 faciunt.»
3194 933 3357 987 Tune
3389 931 3614 1003 quidem
3637 948 3722 1002 pro
3743 949 3814 986 no-

2221 1026 2342 1076 stra
2374 1023 2560 1078 salute
2611 1022 2974 1089 incurvatus,
3008 1022 3067 1076 in
3117 1021 3320 1076 eadem
3370 1036 3557 1090 carne,
3590 1036 3740 1090 quam
3764 1037 3814 1076 ex

2218 1110 2458 1181 Virgine
2489 1117 2693 1166 saneta
2725 1116 2780 1166 et
2828 1109 3210 1166 immaculata
3258 1125 3671 1180 assumpseras,
3695 1126 3814 1163 mor-

2220 1204 2334 1253 tem
2370 1200 2665 1268 pertulisti
2701 1199 3017 1254 crudelem.
3052 1199 3122 1252 Et
3162 1199 3262 1269 qui
3294 1214 3422 1252 eras
3454 1197 3510 1251 in
3541 1198 3817 1252 substantia

2220 1302 2347 1340 eum
2379 1286 2545 1341 Patre
2570 1292 2888 1356 sanctoque
2921 1285 3137 1355 Spiritu
3189 1302 3340 1338 unus
3388 1290 3445 1338 et
3491 1284 3815 1355 impassibilis

2221 1375 2507 1429 exsistene
2550 1382 2605 1429 et
2656 1375 2986 1438 invisibilis,
3022 1373 3375 1429 condoluisti
3426 1372 3716 1427 humanam
3743 1391 3814 1444 pe-

2222 1465 2335 1518 rire
2369 1470 2660 1519 naturam.
2693 1469 2759 1518 Et
2790 1464 2919 1519 ideo
2954 1464 3012 1517 in
3046 1463 3197 1517 hanc
3243 1462 3622 1535 lacrymarum
3652 1462 3813 1517 vallem

2222 1553 2603 1616 descendens,
2638 1569 2742 1623 pro
2782 1551 3003 1607 nostris
3052 1552 3344 1606 erratibus
3394 1557 3450 1605 et
3481 1549 3704 1619 piaculis
3730 1550 3813 1604 for-

2224 1658 2377 1695 mam
2410 1639 2675 1695 servilem
2709 1641 3044 1710 suscepisti,
3080 1640 3137 1693 in
3190 1657 3305 1709 qua
3350 1644 3407 1694 te
3452 1638 3735 1711 permisisti
3761 1640 3813 1692 ab

2223 1729 2440 1799 iniquis
2472 1730 2674 1794 teneri,
2707 1730 3010 1801 ﬂagellari,
3047 1730 3117 1784 ad
3174 1728 3453 1783 ultimum
3502 1745 3624 1782 vero
3666 1727 3812 1781 cruci-

456 1816 543 1903 nas
579 1844 761 1901 nostri
798 1816 1209 1912 Redemptoris
1236 1816 1474 1891 acetum
1510 1852 1642 1890 eum
1678 1834 1807 1889 felle
1839 1833 2106 1888 mistum.
2139 1850 2186 1913 B
2226 1819 2343 1913 “8i-
2378 1820 2541 1913 Νυυρ
2573 1826 2765 1913 aufem
2802 1821 2859 1873 in
2892 1825 3096 1874 εδηθῑοι
3138 1819 3396 1885 imagine
3431 1816 3815 1913 tua‘cruciﬁge-

444 1937 572 1992 Nec
620 1935 704 1990 sic
755 1934 949 2001 itaque
997 1928 1185 1984 cordis
1235 1926 1326 1982 sui
1384 1924 1671 1980 malitiam
1725 1924 2105 1988 refrenantes,

454 2026 673 2081 iterum
704 2024 944 2079 dicunt:
974 2018 1292 2073 Didicimus
1325 2016 1476 2087 quod
1514 2014 1694 2069 nostri
1731 2014 1980 2083 majores
2015 2027 2109 2064 eo-

455 2131 661 2170 ronam
715 2114 1045 2167 contextam
1078 2108 1149 2161 de
1196 2106 1384 2177 spinis
1433 2102 1609 2175 capiti
1654 2101 1816 2156 illius
1847 2100 2106 2156 crucifixi

456 2202 1025 2274 circumposuerunt,
1062 2195 1437 2270 postmodum
1471 2193 1759 2247 arundine
1801 2206 2109 2262 percusse-

453 2298 593 2349 runt
624 2292 976 2346 insultantes
1008 2287 1083 2353 ei,
1114 2290 1169 2341 et
1199 2300 1305 2339 nos
1336 2282 1516 2355 igitur
1548 2296 1914 2351 nequaquam
1952 2282 2108 2349 post-

459 2383 743 2454 ponentes
766 2379 1020 2448 idipsum
1058 2372 1362 2429 faciamus.
1393 2376 1654 2440 Cumque
1684 2383 1957 2423 coronam
1990 2365 2108 2436 spi—

458 2487 630 2526 neam
690 2467 863 2540 capiti
910 2465 1071 2520 illius
1120 2460 1699 2532 eireumposuissent,
1761 2457 2109 2527 accipientes

456 2558 832 2621 arundinem,
868 2549 1479 2627 percutiebant'eaput
1510 2546 1786 2618 imaginis
1817 2545 2104 2617 illius,qui

450 2650 639 2720 caput
665 2650 755 2701 est
786 2644 1050 2700 omnium
1085 2645 1445 2695 sanctorum.
1480 2637 1561 2691 Ad
1594 2642 1915 2690 extremum
1951 2651 2103 2699 vero,

457 2754 592 2793 cum
626 2734 917 2791 insaniam
953 2748 1070 2785 suae
1124 2727 1337 2784 mentis
1387 2725 1635 2781 tolerare
1684 2740 1795 2779 non
1846 2727 2105 2794 possent,

460 2828 773 2881 dixerunt:
808 2822 969 2876 Sicut
1017 2818 1296 2875 veraciter
1328 2815 1665 2883 didicimus,
1699 2817 1890 2885 patres
1922 2812 2105 2866 nostri

456 2914 610 2971 latus
639 2915 779 2969 Jesu
810 2912 1009 2965 lancea
1041 2911 1430 2979 aperuerunt;
1458 2920 1563 2957 nos
1595 2919 1747 2966 vero,
1784 2919 1853 2956 ne
1884 2900 2106 2971 aliquid

460 3005 661 3058 minus
695 3001 899 3057 fecisse
929 2999 1252 3063 videamur,
1277 3000 1333 3050 et
1365 2994 1474 3048 hoc
1508 2993 1701 3063 ipsum
1735 2991 2104 3061 adjiciamus.

459 3100 693 3156 Nullam
726 3101 795 3154 ad
832 3100 947 3153 haec
981 3113 1203 3151 moram
1242 3093 1491 3148 mediam
1531 3091 1809 3156 fecerunt,
1834 3093 1889 3143 et
1916 3089 2102 3143 afferri

456 3189 719 3244 lanceam
746 3189 1075 3257 jusserunt,
1102 3190 1157 3240 et
1186 3185 1581 3255 praeceperunt
1602 3179 1835 3234 cuidam
1871 3178 2104 3232 Hebraeo

458 3276 659 3332 tollere
691 3292 840 3345 eam,
874 3281 928 3331 et
958 3275 1146 3329 valido
1179 3273 1291 3327 ictu
1328 3271 1481 3326 latus
1528 3270 1791 3323 dextrum
1826 3268 2005 3322 iconae
2037 3266 2106 3320 il-

456 3367 570 3422 lius
599 3366 979 3421 transfodere.
1028 3368 1289 3434 Cumque
1338 3366 1457 3414 tam
1508 3358 1827 3414 maximum
1884 3356 2108 3410 facinus

457 3455 669 3511 fuisset
727 3458 1150 3526 perpetratum,
1204 3468 1295 3506 res
1353 3450 1503 3504 mira
1560 3447 1931 3502 vehementer
1980 3450 2106 3499 stu-

458 3545 669 3617 penia,
704 3543 980 3615 nulloque
1007 3558 1261 3611 unquam
1292 3538 1501 3594 saeculo
1533 3537 1731 3590 audita
1762 3534 1840 3589 ibi
1875 3538 2108 3604 repente

460 3639 549 3690 est
578 3633 799 3689 effecta.
833 3637 973 3686 Nam
1009 3630 1196 3703 ipsius
1227 3627 1482 3682 vulneris
1512 3626 1676 3679 locus
1709 3640 1861 3694 aqua
1900 3626 1953 3676 et
1976 3640 2106 3677 san-

461 3722 638 3795 guine
671 3720 821 3776 illico
854 3720 1028 3790 erepit
1059 3719 1381 3773 decurrere.
1420 3716 1486 3769 Et
1531 3714 1681 3769 sicut
1729 3712 1785 3766 in
1840 3711 2109 3782 passione

456 3812 555 3867 Dei
590 3811 715 3865 Filii
752 3808 1064 3865 Salvatoris
1084 3807 1307 3870 mundi,
1330 3804 1469 3859 olim
1504 3802 1747 3873 contigit
1772 3800 1980 3855 cmlum
2012 3818 2105 3854 ex-

456 3900 710 3972 pavisse,
747 3900 827 3954 ita
858 3915 1013 3953 nunc
1067 3912 1296 3967 quoque
1347 3894 1583 3966 pariter,
1611 3892 1723 3946 Deo
1773 3894 2104 3962 praestante,

454 3990 661 4043 eadem
698 3988 1052 4042 innovantur
1095 3985 1215 4040 sive
1269 3986 1634 4055 reparantur.
1669 3980 1815 4035 Vere
1861 3979 2017 4033 enim
2047 3979 2103 4033 in

453 4076 563 4131 hoc
598 4076 746 4129 facto
780 4093 893 4130 non
939 4074 1131 4129 solum
1175 4075 1464 4128 elementa
1514 4070 1714 4125 mundi
1750 4069 1973 4123 concuti
2006 4085 2105 4139 po-
2148 4121 2154 4124 Α

451 4168 635 4227 tuere,
670 4166 766 4218 sed
803 4164 976 4219 etiam
1009 4164 1252 4218 virtutes
1303 4177 1567 4232 superna:
1615 4158 1723 4213 tale
1754 4158 1977 4213 facinus
2011 4174 2105 4212 ex-

450 4251 749 4308 horruere.
782 4252 908 4306 Tibi
959 4268 1117 4322 ergo,
1165 4249 1406 4318 Christe,
1442 4264 1575 4302 cum
1625 4249 1806 4311 Patre,
1857 4246 2104 4318 Spiritu—

450 4356 564 4412 que
610 4345 811 4395 saneto
863 4341 939 4395 sit
986 4340 1174 4411 gloria
1223 4339 1584 4392 indelieiens.
1637 4337 1774 4402 Quis
1823 4336 1977 4391 enim
2019 4344 2105 4391 est

449 4431 602 4485 sicut
633 4433 719 4497 tu,
754 4430 1021 4497 Domine,
1056 4433 1112 4483 et
1143 4426 1276 4498 quis
1308 4431 1397 4481 est
1429 4427 1581 4481 Deus
1613 4426 1830 4480 faciens
1862 4425 2101 4480 mirabi-

448 4518 547 4585 lia,
584 4517 773 4589 signa,
807 4523 863 4573 et
892 4516 1179 4572 terribilia
1210 4521 1264 4570 et
1296 4514 1761 4585 obstupescenda
1791 4514 1848 4567 in
1881 4512 2022 4568 coelo
2047 4522 2109 4573 et

2220 1909 2320 1974 ris,
2357 1909 2619 1972 Domine,
2642 1909 2855 1962 iterum
2887 1910 2955 1962 ad
2992 1909 3397 1981 confusionem
3424 1906 3707 1977 impiorum
3726 1922 3815 1958 om-

2220 1998 2384 2051 nium
2419 1998 2677 2052 fidelium
2713 1996 3108 2067 [infidelium].
3141 2003 3197 2049 et
3236 1997 3305 2050 ad
3342 1995 3810 2050 eorroborationem

2220 2087 2483 2140 omnium
2519 2086 2577 2140 in
2609 2091 2665 2140 te
2695 2086 3159 2140 eredentium.Et
3188 2085 3318 2140 ideo
3352 2085 3459 2139 tibi
3487 2083 3809 2153 omnipotenti

2218 2177 2358 2242 Deo,
2392 2194 2508 2231 una
2537 2193 2672 2231 eum
2704 2179 2873 2231 Patre
2906 2176 3243 2245 Spirituque
3292 2178 3520 2240 saneto,
3553 2173 3713 2246 gloria
3738 2172 3809 2241 sit,

2219 2283 2322 2336 per
2350 2271 2562 2320 cuncta
2593 2264 2940 2320 szeculorum
2974 2264 3207 2334 secula,
3258 2265 3442 2318 decus
3486 2270 3539 2319 et
3563 2263 3808 2323 fortitudo,

2216 2354 2402 2409 virtus
2433 2360 2609 2425 atque
2642 2353 2901 2408 victoria.
2936 2355 3141 2407 Amen.

2856 2512 3087 2568 CAPUT
3130 2513 3228 2568 IlI.

2287 2654 2515 2723 Audite,
2549 2671 2753 2709 omnes
2803 2654 3071 2710 Ecclesia)
3121 2654 3245 2718 lilii,
3281 2663 3513 2723 caetera,
3550 2672 3661 2726 qum
3690 2660 3810 2726 post-

2220 2746 2451 2800 modum
2489 2744 2637 2797 faeta
2670 2749 2846 2809 sunt;
2881 2744 3072 2815 ipsius
3122 2744 3277 2798 enim
3316 2745 3570 2816 mysterii
3603 2744 3696 2797 fuit
3720 2742 3808 2795 dis-

2216 2834 2502 2905 pensatio.
2537 2833 2849 2902 Postquam
2882 2833 3063 2901 enim,
3099 2838 3164 2888 ut
3192 2834 3465 2905 superius
3496 2834 3692 2888 dictum
3725 2838 3805 2897 est,

2214 2923 2369 2978 latus
2397 2926 2611 2977 sanetae
2662 2922 2941 2993 imaginis
2987 2922 3149 2977 illius
3196 2922 3402 2980 lancea
3447 2926 3686 2995 apertum
3724 2925 3805 2983 est,

2216 3012 2491 3067 continuo
2544 3010 2991 3082 exivitsanguis
3043 3016 3100 3065 et
3152 3028 3325 3082 aqua.
3362 3012 3629 3066 Dixerunt
3654 3015 3803 3065 autem

2217 3101 2509 3173 principes
2540 3100 2943 3154 sacerdotum:
2976 3100 3265 3155 Afi'eratur
3295 3118 3398 3156 vas
3433 3102 3499 3155 ad
3531 3100 3693 3153 locum
3714 3098 3807 3149 vul-

2218 3189 2393 3257 neris,
2424 3193 2481 3244 et
2510 3189 2813 3243 videamus
2856 3190 3074 3244 exitum
3122 3190 3220 3243 rei.
3278 3190 3388 3255 Qui
3440 3189 3583 3245 illico
3627 3187 3803 3242 detule-

2219 3284 2358 3333 runt
2390 3277 2678 3350 hydriam,
2713 3282 2767 3332 et
2798 3278 2867 3332 ad
2901 3277 3091 3331 locum
3123 3279 3407 3343 vulneris,
3441 3279 3585 3332 unde
3614 3275 3802 3346 sanguis

2218 3372 2275 3422 et
2304 3384 2456 3437 aqua
2485 3366 2892 3433 decurrebant,
2928 3371 3280 3421 statuerunt.
3316 3368 3450 3431 Quae
3496 3369 3691 3438 absque
3718 3363 3802 3418 ulla

2219 3473 2385 3510 mora
2414 3455 2610 3510 subito
2643 3454 2861 3526 repleta
2888 3460 2997 3510 est.
3053 3456 3337 3511 Dixerunt
3388 3462 3573 3511 autern
3604 3455 3663 3510 ad
3693 3452 3801 3505 invi-

2218 3562 2341 3600 cem
2370 3562 2383 3599 :
2418 3545 2702 3607 Quoniam
2737 3550 3051 3599 susurrant
3083 3544 3385 3600 Christum
3421 3540 3799 3613 eolentcs,quod

2218 3635 2388 3705 signa
2405 3638 2460 3687 et
2492 3632 2787 3687 mirabilia
2810 3633 2994 3688 multa
3026 3634 3297 3689 inaudita
3324 3636 3517 3689 fecerit
3538 3634 3587 3687 in
3613 3630 3801 3689 mundo.

2216 3741 2339 3794 qua:
2394 3740 2562 3778 nemo
2616 3722 2767 3777 alius
2816 3724 3003 3795 potuit
3054 3740 3259 3793 agere:
3317 3724 3653 3794 accipiamus
3689 3719 3805 3772 hunc

2216 3813 2586 3883 sanguinem,
2620 3815 2676 3866 et
2729 3829 2941 3883 aquam
2993 3812 3168 3878 hanc,
3200 3818 3256 3867 et
3298 3814 3615 3867 deferamus
3642 3809 3697 3863 ad
3728 3823 3804 3859 nu-

2218 3906 2399 3956 stram
2448 3916 2822 3972 synagogam,
2855 3906 2911 3954 et
2958 3916 3383 3973 congregemus
3436 3902 3703 3955 universos
3727 3894 3800 3965 qui

2216 4007 2277 4044 se
2313 3989 2463 4044 male
2496 3990 2733 4055 habent,
2765 3994 2820 4045 et
2864 4007 2931 4044 ex
2980 3990 3086 4043 hoc
3132 4007 3528 4062 perungamus
3558 4005 3642 4043 eos
3666 4003 3676 4039 :
3702 3981 3801 4039 etsi

2214 4096 2347 4134 vera
2378 4085 2514 4134 sunt
2545 4096 2629 4146 ca,
2665 4096 2791 4150 quae
2842 4080 2911 4132 de
2963 4078 3192 4134 Christo
3239 4080 3537 4145 dicuntur,
3579 4074 3801 4130 continuo

2215 4169 2619 4224 sanabuntur:
2654 4169 2742 4223 sin
2778 4167 2944 4233 alias,
2980 4169 3231 4223 ostentui
3271 4169 3587 4223 habeantur
3620 4182 3648 4219 a
3675 4162 3804 4217 nobis

2214 4263 2574 4328 cuncta,quce
2606 4257 2730 4311 suis
2764 4258 3116 4328 sequacibus
3149 4263 3502 4311 astruuntur
3522 4257 3584 4309 de
3613 4269 3669 4307 eo
3710 4251 3804 4304 llaec

2213 4347 2470 4401 dicentes
2521 4347 2790 4418 hydriam
2853 4348 3119 4401 deferunt
3162 4347 3229 4399 ad
3291 4360 3650 4418 synagogain,
3694 4336 3807 4393 asti-

2213 4441 2440 4490 mantos
2466 4452 2525 4490 se
2553 4436 2782 4489 Christo
2805 4435 2942 4489 Jcsu
2969 4435 3211 4489 Domino
3238 4442 3438 4490 nostro
3469 4432 3644 4487 mterui
3674 4427 3807 4497 Regis

2218 4525 2358 4580 Filio
2394 4524 2706 4579 maximam
2760 4524 2973 4579 inferre
3006 4541 3175 4595 posse
3208 4523 3509 4595 injuriam.
3542 4523 3807 4590 Congrega-

442 4607 503 4662 in
540 4610 740 4661 terra?
769 4607 811 4663 Ο
846 4604 1211 4661 admirabilis
1244 4604 1525 4659 Mediator
1551 4602 1644 4656 Dei
1676 4608 1732 4656 ct
1763 4601 2095 4670 hominum,
2135 4591 2180 4655 Ι)
2216 4620 2421 4669 verum
2452 4613 2631 4685 igitur
2663 4591 3043 4684 quoscunqu'c
3075 4591 3417 4683 τορρτεξωηι
3449 4610 3743 4681 languidos,
3767 4607 3808 4656 et

442 4696 818 4763 homousion,
849 4696 1054 4748 mundi
1092 4695 1439 4764 Redemptor
1490 4708 1555 4745 ac
1605 4690 1885 4758 Salvator,
1925 4692 2103 4745 totius

439 4785 722 4842 bonitatis
754 4790 809 4840 et
859 4783 1093 4856 pietatis
1126 4784 1255 4837 fons
1306 4787 1361 4836 et
1410 4781 1609 4852 origo!
1646 4784 1688 4834 0
1720 4786 1977 4850 quantus
2011 4798 2091 4847 es,

439 4874 683 4930 Domine
713 4878 877 4933 Jesu.
908 4874 963 4927 in
1000 4871 1353 4935 humilitate,
1402 4871 1500 4940 qui
1552 4886 1683 4923 cum
1717 4885 1878 4923 esses
1919 4868 2099 4941 Deus,

438 4963 817 5018 morticinum
855 4969 1065 5015 nostra)
1097 4962 1291 5015 carnis
1324 4959 1720 5031 suseipiendo,
1754 4958 1928 5013 homo
1975 4959 2101 5012 fieri

436 5052 717 5120 dignatus
747 5068 830 5117 es,
863 5066 967 5119 pro
999 5049 1189 5104 salute
1222 5050 1453 5120 generis
1486 5047 1752 5111 humani,
1780 5063 1956 5117 quem
1990 5047 2101 5101 im-

432 5139 513 5211 pii
546 5146 602 5194 et
633 5139 898 5195 crudeles
932 5138 1103 5208 paulo
1138 5139 1336 5192 minus
1368 5135 1694 5207 abangelis
1742 5135 2098 5190 minoratum

436 5235 765 5296 cernentes,
792 5228 1058 5283 horribili
1087 5232 1271 5282 morte
1292 5226 1541 5298 plectere
1568 5243 1681 5280 non
1705 5217 2096 5280 erubuerunti

433 5325 477 5382 Ο
510 5344 686 5398 quam
718 5344 969 5398 magnus
1002 5342 1083 5387 es,
1119 5330 1316 5379 noster
1365 5323 1650 5390 Salvator,
1687 5323 1745 5377 in
1793 5323 2095 5393 patientia,

431 5415 532 5486 qui
566 5416 623 5470 in
658 5420 919 5486 tempore
955 5423 1065 5467 tum
1096 5414 1454 5475 traditionis,
1494 5417 1594 5465 tuo
1629 5412 1909 5482 proditori
1941 5412 2010 5465 ad
2042 5416 2097 5465 te

433 5504 687 5560 venienti
739 5504 1005 5559 osculum
1062 5504 1315 5573 praebere
1368 5519 1480 5555 non
1529 5500 1799 5562 renuisti,
1835 5505 1890 5553 et
1930 5517 2093 5554 servo

428 5592 660 5663 Malcho
694 5593 938 5662 apostol‘
968 5591 1161 5663 gladio
1195 5590 1517 5644 abscissam
1545 5588 1870 5643 auriculam
1898 5589 2092 5643 redin-

428 5636 659 5651 "me..-
694 5636 917 5662 μυυυω.
968 5636 1160 5663 Du..-”
1196 5636 1517 5644 “ww”.--
1546 5636 1870 5643 πωπω---
1900 5636 2061 5643 _--._-

208 5636 695 5754 musti,
729 5682 963 5753 quando
997 5682 1065 5736 ad
1120 5679 1411 5752 passionis
1445 5678 1742 5733 victimam
1775 5676 1929 5732 velut
1966 5677 2089 5733 ovis

536 5760 547 5767 ι

560 5782 583 5799 ‘r

592 5820 623 5855 ’τη

616 5860 805 6091 *ι

2213 4704 2270 4757 in
2295 4710 2607 4775 conspectu
2630 4706 2972 4757 cunctorum
2998 4702 3371 4756 Hebraeorum
3398 4694 3803 4755 introductisuni

2212 4793 2269 4847 in
2304 4809 2684 4864 synagogam,
2722 4792 2872 4847 inter
2904 4808 3051 4861 quos
3082 4791 3325 4861 quidam
3359 4793 3625 4862 provectae
3657 4782 3805 4839 artatis

2212 4887 2337 4936 erat
2366 4882 2564 4945 homo,
2597 4898 2769 4952 quem
2800 4898 2831 4935 a
2865 4879 3162 4934 nativitate
3217 4896 3325 4935 sua
3356 4876 3675 4949 gravissime
3700 4885 3801 4943 pos-

2212 4971 2443 5025 sederat
2493 4971 2753 5040 eorporis
2815 4969 3106 5037 molestia,
3158 4985 3285 5039 quae
3344 4968 3533 5023 Graeca
3563 4963 3801 5018 locutione

2210 5056 2532 5129 παράλυσις,
2597 5058 2799 5114 Latina
2842 5074 2997 5123 vero,
3058 5057 3369 5112 dissolutio
3440 5046 3799 5109 membrorum.

2209 5148 2442 5201 dicitur.
2480 5148 2580 5201 Hie
2611 5148 2751 5202 dum
2784 5147 3040 5218 primum
3066 5147 3137 5201 ab
3169 5147 3254 5201 eis
3285 5146 3491 5201 fuisset
3518 5143 3798 5212 perunctus,

2207 5242 2443 5307 repente
2474 5238 2542 5291 de
2573 5254 2678 5291 suo
2707 5237 2972 5306 grabato,
3005 5236 3175 5305 quasi
3225 5252 3428 5290 cervus
3457 5230 3719 5289 exsilieus,
3746 5222 3798 5275 ad

2208 5326 2441 5380 laudem
2478 5326 2601 5380 Filii
2634 5326 2735 5381 Dei
2768 5324 3075 5380 incolumis
3109 5325 3391 5391 redditus,
3415 5323 3483 5376 ad
3517 5316 3719 5391 propria
3737 5327 3800 5364 re-

2206 5414 2436 5469 meavit.
2469 5415 2687 5469 Deinde
2722 5414 3077 5469 adducentes
3125 5429 3303 5469 caacos
3354 5406 3663 5467 nonnullos,
3698 5402 3798 5455 loca

2204 5519 2405 5556 eorum
2442 5502 2735 5557 luminum
2786 5517 3111 5574 perungere
3159 5501 3523 5557 studuerunt.
3556 5492 3652 5558 Qui
3704 5484 3795 5558 ipsi

2204 5592 2401 5645 statim
2438 5592 2494 5645 in
2546 5592 2682 5647 Jesu
2737 5589 2952 5645 Christi
3003 5590 3234 5645 nomine
3264 5590 3525 5643 discussa
3563 5578 3790 5641 caecitate,

2202 5682 2333 5751 post
2365 5678 2580 5735 multos
2612 5694 2817 5748 annos,
2851 5677 3051 5735 lumen
3101 5678 3387 5736 amissum
3435 5672 3669 5743 recipere
3694 5678 3789 5721 me-
