4080 6206
320 356 454 413 817

1241 361 1341 420 DE
1388 360 1602 420 PASS.
1650 355 2006 418 IMAGINlS
2050 358 2121 416 D.
2171 360 2243 419 N.
2291 359 2477 423 JESU
2522 359 2856 422 CHRISTI.

3632 360 3754 419 818

323 491 605 542 ruerunt.
632 489 997 557 Egrotantes
1027 494 1224 546 autem
1248 490 1490 563 plurimi
1524 490 1593 545 ad
1626 489 1734 543 hoc
1764 492 1985 559 specta-
2015 491 2070 554 Α
2100 506 2215 559 quo
2246 507 2373 546 eam
2407 493 2791 564 excepissent.
2841 494 2913 547 At
2964 491 3049 545 illi
3106 488 3433 545 retulerunt
3490 489 3561 557 ei,
3596 491 3753 561 quod

323 575 539 630 culum
573 582 713 632 sunt
737 579 1002 649 adducti,
1036 580 1311 635 manibus
1342 586 1475 651 post
1504 584 1667 650 terga
1698 576 1988 632 revinctis.

323 661 603 734 Cumque
650 671 706 719 et
738 665 819 720 illi
862 667 1109 723 fuissent
1140 669 1428 740 peruncti,
1462 667 1712 722 mirabili
1745 666 1843 720 Dei
1876 665 1987 719 vir-

324 756 462 807 tute
494 755 755 825 undique
786 757 1027 826 perfusi,
1064 774 1240 812 sensu
1290 758 1684 827 redintegrato
1717 755 1987 826 pristino,

320 841 402 894 ad
442 844 673 912 propria
717 844 860 899 dum
905 852 1275 901 revertuntur
1305 846 1627 910 sanissimi,
1653 844 1856 898 laudes
1889 842 1988 897 Dei

323 930 756 1000 omnipotentis
788 933 929 988 Filio
967 934 1107 989 Jesu
1156 935 1382 990 Christo
1426 934 1672 989 Domino
1705 932 1987 987 Salvatori

322 1025 538 1074 nostro
569 1021 979 1090 persolvuntur
1009 1024 1079 1077 ab
1104 1024 1263 1079 omni
1294 1022 1529 1095 populo.
1554 1021 1867 1077 Tumultus
1890 1039 1987 1076 au-

318 1111 453 1161 tem
483 1115 715 1164 exortus
741 1116 830 1166 est
860 1128 1131 1183 magnus,
1156 1130 1256 1184 per
1278 1118 1455 1167 totam
1481 1112 1748 1166 eamdem
1779 1110 1984 1164 urbem

320 1200 823 1254 concurrentibus
884 1202 1182 1267 omnibus,
1245 1207 1479 1273 propter
1537 1199 1987 1255 innumerabilia

321 1303 460 1356 qua
494 1288 709 1341 ﬁebant
740 1288 1044 1344 miracula.
1078 1291 1147 1344 Et
1180 1291 1513 1359 quicunque
1543 1288 1717 1343 variis
1748 1288 1986 1358 languo-

320 1376 499 1430 ribus
535 1377 797 1433 infirmos
844 1395 1149 1449 possessos
1193 1379 1487 1434 habebant
1525 1379 1679 1449 apud
1730 1393 1811 1443 se,
1846 1376 1985 1431 illuc

321 1480 433 1519 eos
466 1466 819 1522 deducentes
843 1468 1262 1539 pertingebant,
1290 1473 1345 1523 et
1399 1468 1597 1522 statim
1649 1466 1982 1531 sanitatem,

322 1569 511 1622 quam
563 1555 993 1623 desiderabant,
1045 1558 1578 1628 consequebantur.
1614 1557 1829 1610 Omnes
1877 1572 1983 1609 au-

326 1649 474 1711 tem,
507 1643 578 1697 ad
614 1661 999 1716 quoscunque
1032 1648 1328 1716 pervenire
1358 1646 1545 1715 potuit
1592 1644 1808 1715 opinio,
1843 1644 1984 1698 affe-

324 1736 528 1785 rentes
552 1732 833 1799 inlirmos,
869 1750 1015 1804 quos
1039 1734 1251 1788 habere
1277 1738 1544 1805 poterant
1585 1733 1643 1786 in
1691 1732 1980 1800 domibus,

324 1820 523 1890 paral)
540 1821 704 1888 ticos,
763 1839 964 1891 caecos,
992 1822 1256 1889 claudos,
1289 1823 1520 1888 surdos,
1565 1828 1780 1888 mutos,
1817 1826 1872 1876 et
1902 1820 1978 1875 le-
2014 1857 2061 1922 B

324 1925 560 1979 prosoa,
593 1912 713 1965 sive
744 1911 961 1979 aridos,
994 1912 1361 1967 deducebant
1391 1927 1488 1967 eos
1520 1913 1590 1966 ad
1623 1926 1979 1983 synagogam

319 1998 687 2067 Judmorum,
723 2001 821 2054 ubi
854 2001 973 2054 haec
1028 2001 1246 2055 ﬁebant
1302 2002 1471 2072 signa
1517 2000 1816 2055 divinitus.
1872 1999 1979 2053 Sed

324 2088 600 2157 quamvis
635 2090 890 2144 maxima
934 2096 1089 2145 esset
1130 2091 1248 2144 hmo
1293 2091 1494 2146 eadem
1528 2105 1844 2162 synagoga,
1879 2106 1977 2143 ne-

323 2193 630 2248 quaquam
658 2182 853 2233 tamen
887 2179 1140 2251 recipere
1173 2184 1398 2250 poterat
1446 2177 1979 2251 supervenientium

324 2265 797 2322 multitudinem.
834 2268 1079 2323 Infinita:
1124 2269 1278 2323 enim
1312 2274 1475 2324 erant
1502 2267 1851 2339 populorum
1884 2284 1979 2322 ca-

322 2361 525 2419 tervis,
550 2372 675 2425 quae
699 2357 959 2427 undique
980 2357 1120 2411 illuc
1147 2357 1522 2412 conﬂuebant
1554 2361 1786 2427 propter
1808 2357 1979 2411 innu-

324 2444 640 2498 merabilia
671 2445 958 2500 miracula
987 2450 1043 2499 et
1072 2446 1491 2517 prodigia,quae
1523 2462 1626 2517 pro
1660 2462 1765 2501 sua
1797 2446 1981 2501 nimia

322 2532 682 2604 prolixitate,
704 2549 775 2589 ne
809 2534 1107 2589 fastidium
1133 2536 1280 2590 297
1318 2539 1979 2608 generarent,transgre-

322 2624 544 2677 diendo
566 2624 1330 2694 praetermittunturﬂmnes
1353 2630 1547 2679 autem
1568 2624 1856 2695 principes
1880 2642 1976 2679 sa-

320 2712 657 2781 cerdotum,
693 2716 750 2767 et
778 2712 1058 2779 seniores,
1103 2719 1159 2767 et
1202 2713 1394 2769 omnis
1427 2714 1599 2767 turba
1622 2714 1974 2781 Judaaorum,

322 2800 729 2870 parvulorum,
762 2819 828 2856 ac
880 2803 1192 2873 majorum,
1243 2808 1299 2857 et
1346 2801 1682 2870 mulierum,
1715 2803 1978 2858 videntes

319 2906 461 2960 quae
480 2891 629 2944 facta
648 2891 1274 2955 fuerant,crediderunt
1293 2892 1352 2945 in
1374 2892 1686 2947 Dominum
1711 2898 1977 2947 nostrum

316 2979 532 3033 Jesum
564 2979 883 3049 Christum,
908 2986 965 3035 et
986 2980 1258 3035 dicebant
1281 2998 1292 3034 :
1318 2981 1515 3035 Gloria
1537 2981 1639 3035 tibi
1664 2980 1978 3046 sit,a:terne

320 3073 504 3131 Deus,
553 3074 609 3123 et
658 3069 1047 3140 omnipotens.
1083 3069 1272 3138 Pater,
1323 3069 1423 3140 qui
1479 3069 1647 3124 nobis
1697 3070 1975 3141 indignis,

319 3156 599 3228 quamvis
630 3174 781 3227 sero,
814 3157 1079 3213 revelasti
1118 3159 1355 3213 unicum
1397 3157 1607 3213 Filium
1639 3163 1828 3228 tuum,
1869 3164 1977 3213 Do-

318 3246 560 3300 minum
593 3250 859 3301 nostrum
880 3247 1083 3302 Jesum
1114 3247 1408 3302 Christum
1444 3264 1455 3300 :
1491 3263 1686 3318 quem,
1721 3253 1784 3302 ut
1814 3248 1975 3304 Isaia!

317 3334 671 3390 vaticinium
703 3335 932 3402 cecinit,
966 3335 1137 3407 Virgo
1168 3336 1453 3407 concepit,
1484 3343 1540 3391 et
1587 3337 1756 3408 Virgo
1800 3354 1976 3408 pepe-

320 3424 428 3491 rit,
463 3439 531 3479 ac
574 3428 706 3495 post
747 3429 983 3495 partum
1030 3424 1206 3496 Virgo
1257 3427 1602 3495 permansit.
1655 3425 1851 3481 Gloria
1898 3426 1977 3480 sit

319 3512 460 3573 tibi.
492 3512 736 3577 Christe,
768 3529 942 3583 quem
974 3518 1169 3585 patres
1218 3512 1402 3569 nostri
1449 3530 1651 3569 verum
1695 3520 1871 3570 Deum
1918 3520 1975 3569 et

320 3617 535 3656 verum
582 3601 902 3669 hominem,
932 3603 993 3656 in
1034 3619 1203 3657 cruce
1234 3607 1421 3658 morte
1451 3602 1714 3658 horribili
1746 3604 1975 3659 aflicere

313 3708 442 3746 non
478 3694 830 3746 metuerunt.
858 3691 963 3755 Qui
985 3707 1139 3746 nunc
1160 3691 1335 3747 etiam
1359 3709 1392 3747 a
1410 3691 1577 3747 nobis
1598 3691 1809 3747 iterum
1836 3710 1972 3764 pas-

311 3797 427 3835 sus
458 3797 521 3835 es
551 3795 605 3836 te
637 3780 890 3852 imagine
927 3786 1030 3836 tua
1058 3781 1213 3836 cruci
1246 3781 1712 3853 afﬁgere.Gloria
1743 3781 1817 3837 sit
1843 3782 1968 3851 tibi,

311 3869 547 3925 Christe
577 3870 681 3924 Fili
714 3870 837 3937 Dei,
873 3870 971 3942 qui
1002 3875 1165 3925 tanta
1197 3870 1488 3926 mirabilia
1519 3871 1686 3926 nobis
1739 3871 1971 3927 miseris

310 3958 761 4014 demonstrasti.
794 3959 921 4014 Tibi
954 3960 1273 4031 credimus,
1305 3965 1367 4015 tu
1402 3961 1569 4016 nobis
1615 3966 1737 4016 esto
1772 3960 1969 4032 propi-

308 4047 441 4103 tius
473 4053 529 4101 et
560 4065 664 4103 nos
697 4049 992 4120 suscipere
1037 4050 1300 4121 dignare,
1335 4050 1473 4121 quia
1525 4068 1593 4106 ex
1626 4055 1741 4106 toto
1775 4051 1967 4121 corde,

309 4141 378 4193 et
409 4141 530 4191 tota
560 4137 757 4193 anima
783 4142 956 4210 atque
984 4137 1198 4194 virtute
1227 4139 1297 4193 ad
1330 4144 1384 4194 te
1417 4140 1807 4211 confugimus.
1842 4142 1969 4195 [Iaso

309 4229 378 4280 et
406 4225 500 4281 his
532 4227 749 4282 similia
779 4227 1100 4283 clamantes
1132 4227 1421 4293 dicebant,
1457 4227 1745 4299 lacrymas
1772 4232 1967 4283 autem

310 4331 551 4371 amaras
581 4316 925 4372 emittebant
953 4321 1011 4372 et
1034 4314 1353 4388 singultus.

959 4484 1188 4542 CAPUT
1227 4485 1315 4543 IV.

390 4622 705 4691 Postquam
740 4624 936 4676 autem
969 4621 1152 4676 curati
1185 4625 1325 4676 sunt
1355 4621 1549 4677 cuncti
1589 4622 1691 4692 qui
1728 4622 1962 4694 aegritu-

304 4708 450 4763 dine
480 4709 907 4777 detinebantur,
957 4710 1209 4765 occurrit
1265 4710 1455 4764 omnis
1489 4710 1802 4766 multitudo
1855 4713 1963 4766 Ju-

310 4798 577 4852 daeorum
611 4798 681 4852 ad
706 4799 946 4854 domum
970 4804 1183 4854 sanctis
1215 4798 1490 4867 ecclesiae,
1518 4817 1641 4871 quas
1675 4800 1733 4854 in
1759 4801 1960 4856 eadem

312 4887 462 4941 urbe
518 4892 661 4955 erat,
722 4887 823 4940 ubi
879 4886 1382 4958 metropolitanus.
1442 4890 1619 4958 Cujus
1680 4888 1964 4959 provoluti

310 4975 608 5047 vestigiis,
641 4991 703 5029 se
733 4990 1027 5047 peccasse,
1060 4990 1121 5029 se
1159 4974 1413 5046 graviter
1441 4975 1782 5046 deliquisse,
1836 4992 1964 5030 ma-

312 5064 453 5137 gnis
484 5064 722 5119 vocibus
746 5064 1098 5119 fatebantur.
1123 5064 1383 5129 Quicum
1403 5064 1473 5118 ab
1496 5065 1580 5119 eis
1603 5064 1966 5135 perquireret

312 5170 553 5210 omnem
586 5153 665 5210 rei
705 5157 880 5225 gestis
909 5152 1230 5222 veritatem,
1282 5158 1543 5209 sanctam
1592 5154 1818 5209 iconam
1852 5154 1962 5209 Do-

314 5244 465 5299 mini
496 5242 808 5298 Salvatoris
839 5243 1028 5298 eidem
1061 5243 1550 5311 demonstrantes,
1584 5243 1965 5298 annuntiave-

313 5337 461 5387 runt
489 5338 698 5388 cuncta
727 5349 855 5403 quae
887 5330 944 5386 in
974 5347 1039 5387 ea
1069 5337 1463 5387 exercuerant.
1506 5332 1573 5386 Et
1602 5330 1856 5402 qualiter
1893 5333 1964 5385 ab

320 5423 439 5478 ictu
496 5433 707 5477 lanceae
765 5420 1008 5493 sanguis
1038 5424 1096 5476 et
1138 5437 1292 5492 aqua
1334 5421 1627 5476 emanavit
1671 5438 1739 5475 ex
1787 5420 1967 5475 latere

316 5512 531 5584 ipsius,
564 5526 789 5567 necnon
819 5513 877 5566 et
904 5510 975 5565 de
1005 5509 1376 5565 mirabilibus
1407 5510 1479 5564 ab
1506 5526 1572 5565 ea
1603 5511 1853 5566 ostensis
1884 5509 1968 5563 illi

321 5600 653 5657 retulerunt
682 5617 783 5673 per
810 5599 1097 5656 ordinem.
1126 5598 1227 5655 Ille
1247 5615 1380 5655 vero
1402 5599 1965 5671 interrogabat,qua-

319 5691 456 5749 liter
483 5689 655 5747 icona
683 5690 813 5763 ipsa
840 5688 913 5747 ab
943 5688 1028 5747 eis
1054 5688 1268 5746 fuisset
1295 5694 1544 5761 reperta,
1576 5692 1633 5745 et
1662 5689 1711 5745 si
1756 5688 1827 5744 ab
1859 5686 1970 5744 ali-

2103 576 2340 648 quidem
2376 580 2718 635 Christicola
2742 597 2844 652 per
2890 580 3241 634 oblivionem
3271 580 3324 632 in
3353 577 3561 632 cellula
3617 596 3753 649 syn-

2097 683 2289 737 agogas
2312 670 2569 739 proxima
2600 669 2922 724 dimisisset
2954 670 3218 723 eamdem
3257 666 3753 735 iconam,dum-se

2099 758 2168 811 ad
2200 756 2381 812 alium
2420 757 2609 813 locum
2645 760 2986 813 transferret
3028 756 3360 828 hospitandi
3395 754 3601 827 gratia.
3646 754 3753 817 Qui

2099 846 2295 899 statim
2339 847 2582 916 jubetur
2631 848 2869 917 inquiri,
2905 851 2961 901 et
3010 852 3273 917 repertus
3322 846 3381 899 in
3448 844 3755 916 praesentia

2097 933 2319 988 domini
2354 936 2783 1006 metropolitani
2817 936 3117 991 statuitur.
3152 935 3411 1004 Cumque
3441 935 3511 989 ab
3536 949 3600 988 eo
3624 937 3752 988 stu-

2097 1023 2433 1079 diosissime
2486 1026 2692 1079 fuisset
2746 1027 3159 1097 interrogatus,
3216 1024 3528 1095 quomodo,
3581 1022 3753 1078 icona

2096 1114 2247 1183 apud
2270 1130 2331 1168 se
2362 1114 2805 1181 devenisset,vel
2840 1132 2871 1167 a
2904 1131 3018 1185 quo
3044 1119 3159 1168 tam
3196 1111 3538 1167 mirabiliter
3559 1111 3751 1182 posita

2095 1208 2267 1268 esset,
2305 1203 2605 1273 respondit
2651 1203 2850 1257 dicens
2891 1218 2902 1257 :
2940 1204 3091 1273 quod
3144 1201 3515 1266 Nicodemus,
3546 1200 3643 1270 qui
3674 1200 3746 1254 ad

2092 1290 2297 1345 Jesum
2329 1296 2494 1346 nocte
2526 1297 2782 1354 venerat,
2818 1290 3071 1362 propriis
3120 1289 3394 1344 manibus
3426 1304 3555 1343 eam
3588 1305 3747 1343 com-

2096 1380 2411 1447 posuisset,
2445 1387 2500 1435 et
2531 1382 2786 1435 moriens
2819 1378 3121 1435 Gamalieli
3156 1377 3745 1433 tradidisset.Gama-

2056 1516 2059 1517 ν
2094 1467 2188 1523 liel
2221 1474 2413 1524 autem
2446 1469 2701 1524 doctoris
2732 1469 2994 1539 gentium
3028 1468 3189 1523 Pauli
3222 1462 3569 1535 διδάσκαλος,
3612 1482 3745 1520 cum

2094 1558 2247 1612 diem
2282 1557 2392 1612 sibi
2426 1564 2683 1613 cerneret
2733 1559 2936 1612 adesse
2989 1562 3335 1622 extremum,
3368 1555 3584 1610 Jacobo
3616 1571 3745 1609 eam

2094 1646 2350 1717 reliquit,
2384 1651 2439 1702 et
2468 1648 2721 1703 Jacobus
2751 1646 3029 1715 Simeoni,
3062 1652 3117 1701 et
3151 1645 3384 1699 Simeon
3425 1643 3693 1697 Zacchreo
3730 1668 3743 1711 ;

2094 1741 2149 1790 et
2169 1735 2251 1790 sic
2276 1753 2377 1806 per
2398 1752 2764 1790 successores
2787 1739 3117 1806 temporum
3142 1733 3199 1787 in
3220 1733 3582 1804 Jerosolyma
3616 1749 3743 1802 pcr-
3824 1722 3825 1727 “

2094 1825 2345 1891 duravit,
2394 1842 2701 1897 usquequo
2754 1823 3053 1880 subversio
3098 1822 3258 1878 illius
3299 1822 3462 1876 urbis
3512 1824 3745 1891 patrata

2091 1919 2180 1969 est
2210 1914 2657 1985 quadragesimo
2688 1919 2745 1969 et
2774 1914 2944 1968 tertio
2987 1930 3137 1968 anno
3180 1916 3310 1983 post
3341 1910 3742 1966 ascensionem

2088 2003 2321 2058 Domini
2351 2002 2666 2058 Salvatoris
2715 2003 2785 2057 ad
2839 2001 3033 2058 ccelos.
3070 2001 3180 2056 Sed
3233 2000 3533 2055 biennium
3576 2004 3743 2053 ante-

2090 2110 2265 2163 quam
2303 2093 2465 2147 Titus
2497 2096 2553 2147 et
2596 2092 2994 2163 Vespasianus
3042 2091 3307 2146 eamdem
3342 2090 3745 2145 subverterent

2093 2182 2315 2249 urbem,
2342 2181 2627 2237 admoniti
2660 2186 2798 2237 sunt
2816 2198 2848 2235 a
2872 2180 3089 2252 Spiritu
3114 2185 3315 2235 sancto
3339 2179 3538 2234 fideles
3564 2182 3743 2249 atque

2090 2270 2360 2342 discipuli
2394 2270 2622 2340 Christi,
2676 2275 2740 2325 ut
2792 2272 2997 2325 relicta
3048 2269 3213 2336 urbe,
3264 2270 3335 2324 ad
3388 2284 3631 2339 regnum
3679 2282 3741 2322 se

2089 2362 2472 2415 transferrent
2499 2360 2766 2431 Agrippas
2798 2359 2973 2431 regis,
3003 2359 3140 2430 quia
3160 2358 3285 2429 ipse
3318 2364 3456 2412 tunc
3484 2356 3740 2428 Agrippa

2090 2449 2368 2504 Romanis
2426 2449 2741 2503 foederatus
2799 2453 2942 2503 erat.
3002 2450 3110 2513 Qui
3166 2448 3381 2519 egressi
3440 2447 3511 2501 ab
3570 2446 3736 2513 urbe,

2089 2537 2287 2592 omnia
2316 2555 2443 2608 qua:
2476 2539 2546 2592 ad
2599 2537 2819 2592 cultum
2868 2542 3079 2593 nostrae
3126 2536 3424 2607 religionis
3473 2538 3561 2590 vel
3602 2535 3737 2591 fidei

2088 2628 2376 2698 pertinere
2407 2628 2751 2682 videbantur
2782 2644 2979 2683 secum
3013 2627 3363 2694 auferentes,
3396 2625 3452 2679 in
3508 2624 3615 2679 has
3649 2641 3737 2680 re-

2087 2716 2289 2789 giones
2320 2715 2747 2771 transtulerunt
2778 2732 2858 2771 se.
2895 2717 3016 2780 Quo
3047 2719 3307 2785 tempore
3338 2713 3514 2768 etiam
3547 2713 3734 2782 icona,

2088 2822 2219 2860 cum
2256 2805 2479 2860 caeteris
2520 2807 2693 2859 rebus
2743 2803 3156 2860 ecclesiasticis
3195 2803 3517 2874 deportata,
3552 2818 3738 2871 usque
3774 2866 3779 2873 ν

2088 2895 2261 2949 hodie
2304 2894 2361 2949 in
2396 2894 2561 2966 Syria
2590 2894 2931 2964 permansit,
2966 2909 3140 2963 quam
3175 2909 3278 2963 ego
3310 2891 3433 2963 ipse
3466 2907 3498 2945 a
3529 2906 3739 2962 paren-

2087 2983 2247 3039 tibus
2279 3000 2344 3038 ex
2377 2985 2483 3038 hac
2515 2983 2645 3038 luce
2676 2983 3067 3055 migrantibus
3100 2981 3242 3036 mihi
3279 2980 3578 3047 traditam,
3604 2980 3740 3050 jure

2087 3072 2453 3128 haereditario
2488 3088 2673 3143 usque
2706 3089 2860 3126 nunc
2893 3071 3146 3143 possedi.
3181 3070 3309 3124 Haec
3341 3073 3496 3124 certa
3527 3073 3582 3123 et
3609 3085 3739 3123 ma-

2091 3162 2303 3217 nifesta
2334 3161 2479 3216 ratio
2502 3167 2587 3216 est
2620 3162 2691 3216 de
2720 3160 2889 3215 icona
2919 3164 3121 3216 sancta
3151 3158 3376 3214 Domini
3398 3158 3735 3225 Salvatoris,

2006 3223 2047 3289 C
2091 3251 2340 3323 qualiter
2369 3251 2438 3305 de
2468 3250 2631 3322 Syria
2665 3250 2720 3304 in
2753 3250 2968 3305 Judzcze
3002 3254 3195 3321 partes
3226 3248 3478 3303 devenit.
3503 3223 3736 3301 Auditis

2084 3340 2176 3395 his
2225 3340 2595 3395 sermonibus
2644 3339 3166 3394 reverendissimus
3224 3335 3737 3409 metropolitanus,

2084 3429 2249 3485 valde
2269 3429 2473 3484 hilaris
2497 3429 2780 3494 redditus,
2811 3445 3124 3484 conversus
3147 3426 3217 3483 ad
3243 3426 3523 3498 populum
3548 3425 3731 3481 Israe-

2083 3519 2308 3574 liticum
2359 3519 2587 3574 dicebat
2645 3536 2656 3573 :
2718 3519 3084 3587 Convertere,
3147 3515 3343 3587 Israel,
3402 3517 3474 3570 ad
3533 3515 3730 3569 Domi-

2083 3625 2246 3679 num,
2307 3609 2529 3663 Patrem
2594 3607 2995 3663 universorum
3056 3605 3395 3672 viventium,
3443 3608 3498 3658 et
3554 3603 3731 3657 adora

2082 3696 2390 3753 nobiscum
2410 3698 2536 3767 ejus
2556 3695 2790 3763 Filium,
2816 3713 2919 3768 per
2942 3712 3111 3767 quem
3133 3699 3271 3750 sunt
3292 3692 3491 3749 omnia
3513 3695 3728 3763 creata,

2079 3792 2136 3843 et
2191 3787 2473 3859 Spiritum
2524 3792 2814 3857 sanctum,
2867 3785 2965 3857 qui
3050 3787 3138 3840 est
3210 3781 3528 3838 vivificator
3585 3795 3726 3834 cun-

2078 3881 2304 3932 ctorum
2336 3875 2675 3945 viventium,
2707 3878 2762 3929 et
2809 3873 3180 3927 illuminator
3229 3874 3561 3925 nostrarum
3600 3866 3729 3921 ani-

2079 3983 2329 4021 marum.
2366 3964 2593 4019 Festina
2627 3963 2890 4017 debitum
2923 3960 3221 4016 absolvere
3270 3964 3483 4013 votum.
3522 3956 3726 4012 Omnis

2078 4059 2273 4109 autem
2331 4054 2505 4109 turba
2563 4052 2765 4123 stirpis
2821 4050 3078 4105 Judaicze
3134 4047 3293 4104 clara
3346 4062 3485 4101 voce
3555 4045 3730 4116 coepit

2076 4149 2310 4199 cantare
2364 4147 2419 4198 et
2462 4142 2651 4197 dicere
2692 4157 2705 4195 :
2742 4140 2904 4195 Unus
2962 4139 3116 4194 Deus
3166 4138 3352 4204 Pater,
3395 4140 3452 4191 et
3481 4135 3606 4206 ipse
3638 4135 3729 4188 in-

2076 4232 2331 4304 genitus.
2366 4230 2525 4285 Unus
2558 4229 2762 4293 Filius,
2795 4232 2851 4283 et
2889 4228 3013 4299 ipse
3047 4227 3385 4299 unigenitus
3432 4224 3726 4291 Christus,

2078 4338 2254 4393 quem
2302 4324 2496 4392 patres
2546 4318 2727 4374 nostri
2773 4317 3209 4384 crucifixerunt,
3263 4320 3320 4371 et
3376 4331 3482 4369 nos
3529 4314 3725 4389 ipsum

2078 4410 2426 4483 agnovimus
2456 4424 2655 4464 verum
2689 4405 3025 4462 Dominum.
3077 4404 3240 4460 Unus
3288 4403 3542 4475 Spiritus
3590 4418 3725 4456 san-

2080 4504 2209 4555 ctus
2241 4503 2298 4555 et
2326 4500 2396 4554 ab
2429 4503 2671 4567 utroque
2708 4495 3046 4568 procedens,
3092 4510 3195 4565 per
3243 4510 3418 4564 quem
3448 4491 3729 4548 veraciter

1992 4594 2040 4659 D
2074 4607 2178 4645 nos
2210 4590 2505 4645 credimus
2544 4604 2673 4644 esse
2722 4586 3050 4642 salvandos.
3086 4585 3214 4640 Ilaec
3263 4583 3541 4649 dicentes,
3593 4598 3727 4651 pro-

2072 4679 2240 4735 strati
2279 4679 2525 4751 genibus
2558 4678 2765 4749 ipsius,
2800 4674 3027 4731 veniam
3060 4673 3437 4746 postulabant
3480 4672 3550 4727 de
3599 4670 3725 4725 suis

2073 4767 2349 4839 consequi
2375 4766 2695 4823 sceleribus
2726 4782 2828 4836 per
2859 4763 3132 4836 baptismi
3179 4762 3525 4817 remedium.
3560 4760 3723 4825 Quod

2073 4856 2402 4927 suscipiens
2434 4856 2643 4910 beatus
2685 4854 2931 4909 antistes
2981 4869 3115 4907 cum
3174 4851 3296 4908 suis
3346 4850 3592 4917 clericis,
3624 4866 3727 4921 per

2073 4946 2199 5000 dies
2234 4944 2518 5015 plurimos
2578 4944 2648 4998 de
2697 4940 3013 5013 disciplina
3062 4941 3313 4996 erudivit
3364 4940 3717 4995 Christiana.

2071 5034 2157 5088 Ad
2209 5032 2485 5088 ultimum
2529 5049 2662 5087 vero
2729 5030 3179 5085 catechumenos
3237 5030 3442 5096 factos,
3501 5032 3557 5083 et
3615 5027 3721 5082 tri-

2073 5123 2267 5178 duano
2299 5126 2531 5194 peracto
2554 5120 2803 5191 jejunio,
2837 5134 2906 5175 ex
2953 5136 3106 5190 aqua
3153 5123 3209 5173 et
3253 5117 3467 5190 Spiritu
3521 5120 3722 5173 sancto

2073 5210 2435 5284 regeneravit
2463 5227 2581 5267 eos.
2669 5196 2681 5205 ’

2728 5377 2958 5435 CAPUT
2997 5377 3065 5432 V.

2146 5515 2462 5583 Postquam
2504 5528 2640 5568 vero
2685 5510 3047 5582 baptismum
3095 5508 3394 5565 consecuti
3441 5514 3600 5581 sunt,
3632 5526 3727 5565 ro-

2078 5601 2294 5673 gabant
2348 5601 2577 5656 enixius
2636 5604 2906 5655 sanctum
2975 5598 3187 5667 virum,
3236 5604 3301 5653 ut
3368 5613 3726 5670 synagogam

2078 5705 2248 5746 suam
2297 5688 2603 5747 ecclesiam
2655 5692 3021 5747 consecraret
3082 5687 3142 5745 in
3188 5686 3470 5745 honorem
3536 5685 3725 5745 sancti
