4080 6206
192 5856 233 5927 ,ἥ

238 5782 375 5879 νλί

433 382 550 444 819

1598 387 1662 445 S.
1709 382 2228 446 A'I‘HANASIUS.
2260 418 2336 428 —
2366 386 2676 446 SPURIA.

3685 392 3772 450 820

432 515 746 571 Salvatoris
795 514 1022 570 mundi.
1083 518 1340 582 Quorum
1421 516 1764 589 petitionem
1841 516 2084 571 minime
2114 519 2166 584 Α
2199 515 2323 571 suis
2356 517 2585 587 scriptis
2616 516 2703 572 vel
2737 515 2984 587 eloquiis
3036 515 3501 573 manifestissime
3547 519 3774 577 universis

432 608 800 675 aspernatus,
837 621 1193 676 synagogam
1250 606 1501 671 illorum,
1548 623 1672 677 qum
1726 607 1915 676 major
1962 623 2090 660 esse

429 693 820 765 videbatur,in
849 695 1083 749 nomine
1107 695 1390 766 unigeniti
1417 694 1515 750 Dei
1540 695 1667 750 Filii
1686 695 2090 767 Redemptoris

434 783 641 837 mundi
674 784 1053 838 consecravit.
1081 784 1156 837 Ex
1192 789 1327 839 tunc
1360 785 1559 856 itaque
1593 802 1694 856 per
1724 784 1983 839 diversas
2005 802 2092 839 or-

434 870 525 925 bis
559 876 727 927 terraa
777 872 1045 927 nationes
1099 879 1153 928 et
1204 872 1528 944 provincias
1563 890 1691 928 mos
1737 872 1994 939 inolevit,
2029 877 2094 927 ut

434 958 711 1015 basilicas
762 960 1048 1032 plurimas
1094 962 1179 1016 vel
1234 962 1505 1026 oratoria,
1558 962 1863 1034 pontifices
1923 962 2107 1035 Chria

437 1049 639 1103 etiame
688 1049 855 1122 legis,
903 1050 962 1104 in
1014 1050 1231 1106 honore
1281 1052 1467 1107 sancti
1519 1051 1836 1106 Salvatoris
1887 1051 2093 1105 mundi

439 1140 685 1193 condere
715 1143 770 1194 et
802 1139 1068 1196 dedicare
1100 1158 1214 1195 non
1248 1142 1538 1196 desinant.
1566 1141 1711 1195 Nam
1744 1145 1914 1195 antea
1945 1140 2093 1195 anti-

439 1228 675 1301 quiores
710 1228 912 1296 nostri,
945 1229 1031 1284 vel
1065 1231 1338 1299 majores,
1374 1230 1480 1284 hoc
1529 1246 1802 1301 peragere
1852 1229 2096 1284 minime

438 1320 1073 1390 praesumpserant.Sed
1098 1320 1167 1373 ad
1199 1319 1550 1375 narrationis
1583 1325 1797 1375 nostra:
1828 1320 2093 1375 ordinem

435 1407 807 1463 reflectamus
838 1408 1174 1463 articulum.
1214 1409 1584 1480 ltogaverunt
1635 1417 1831 1464 autem
1880 1415 2093 1463 metro-

439 1496 680 1568 politani
718 1497 1021 1567 praefatum
1050 1498 1261 1568 virum,
1288 1502 1350 1553 ut
1380 1508 1617 1553 caeteras
1650 1514 1973 1569 synagogas
1997 1513 2093 1551 co-

442 1604 570 1641 rum
608 1588 665 1640 in
704 1588 917 1643 honore
967 1589 1359 1658 quorumdam
1413 1590 1715 1643 beatorum
1768 1588 2095 1661 martyrum

444 1678 836 1732 consecrando
888 1677 1305 1734 reconciliaret.
1372 1679 1573 1749 Itaque
1640 1684 1697 1732 et
1752 1677 1893 1733 huic
1952 1679 2097 1749 peti-

445 1766 586 1821 tioni
623 1767 869 1820 libenter
919 1766 1181 1821 animum
1236 1766 1713 1835 accommodavit,
1757 1772 1814 1822 et
1852 1784 1978 1837 quae
2014 1764 2096 1819 illi

2200 610 2413 661 sanctze
2446 606 2709 661 Ecclesia:
2761 604 2896 661 {iliis
2949 604 3194 661 viriliter
3241 606 3556 662 declaravit.
3587 607 3683 663 Hoc
3708 610 3773 664 in-

2201 712 2379 767 super
2409 696 2479 751 ab
2529 697 2613 751 eis
2666 694 3019 766 efﬂagitans,
3081 700 3146 750 ut
3202 711 3305 766 per
3349 713 3524 751 annos
3570 699 3778 769 singulos

2202 784 2259 838 in
2294 801 2494 840 mense
2526 785 2860 851 Novembri,
2897 785 2993 852 qui
3026 784 3181 855 apud
3215 785 3477 840 Hebrzeos
3506 792 3586 841 est
3615 805 3777 858 nonus,

2202 874 2355 944 apud
2407 892 2513 930 nos
2562 891 2694 929 vero
2750 873 2967 929 mensis
3018 874 3384 940 undecimus,
3416 892 3557 930 nono
3600 877 3678 931 die
3718 878 3780 948 ip-

2203 963 2327 1018 sius
2386 963 2629 1031 mensis,
2699 962 2756 1016 id
2835 968 2923 1017 ost
2998 964 3202 1034 quinto
3286 963 3419 1018 Idus
3482 962 3781 1034 Novembris,

2204 1068 2319 1106 non
2379 1052 2593 1107 minori
2650 1052 2991 1122 reverentia,
3065 1069 3242 1123 quam
3322 1052 3531 1108 natalis
3603 1053 3784 1111 Domini

2202 1140 2287 1195 vel
2341 1140 2662 1210 Paschalis,
2740 1140 2853 1197 ista
2910 1141 3037 1196 dies
3102 1140 3395 1214 praecipua
3448 1143 3785 1200 observatione

2206 1229 2454 1285 colatur.

2836 1318 3067 1377 CAPUT
3106 1320 3230 1375 VII.

2276 1426 2405 1482 llaec
2460 1432 2549 1483 est
2596 1446 2729 1484 vera
2778 1434 2835 1485 et
2884 1428 3254 1484 vehementer
3303 1427 3534 1483 credula
3570 1429 3693 1484 ratio
3737 1431 3788 1485 de

2204 1532 2407 1571 cruore
2437 1516 2635 1572 lateris
2668 1517 2900 1573 Domini
2949 1518 3135 1573 nostri
3190 1517 3520 1587 Salvatoris,
3552 1518 3637 1589 qui
3686 1536 3785 1589 pro-

2205 1606 2372 1660 ﬂuxit
2403 1606 2473 1661 de
2504 1612 2706 1662 sancta
2739 1607 2992 1678 imagine
3017 1607 3361 1678 ipsius,qua:
3386 1607 3641 1661 cruciﬁxa
3658 1611 3728 1661 est
3748 1608 3788 1661 in

2205 1694 2387 1765 Syria,
2422 1695 2480 1750 in
2512 1700 2715 1767 Beryto
2748 1696 2999 1752 civitate.
3035 1696 3137 1751 Hic
3183 1697 3356 1751 etiam
3417 1697 3688 1768 sanguinis
3720 1697 3791 1751 ille

2206 1784 2357 1839 298
2394 1784 2746 1853 Dominicus,
2769 1786 2867 1858 qui
2902 1787 3053 1856 apud
3091 1784 3404 1857 plerosque
3434 1792 3672 1857 repertus
3694 1802 3788 1841 esse

445 1860 869 1957 ἦυὲἕθεδοξξλοῖ
904 1856 999 1910 Dei
1024 1855 1327 1957 ἀυνθωίῐξξθ
1361 1857 1568 1922 fretus»
1598 1860 1809 1955 ουοοῖξί
1848 1854 2097 1956 εἷρξθνίῖ
2126 1893 2172 1957 Β
2205 1873 2438 1929 dicitur.
2503 1874 2616 1931 Nec
2674 1854 2802 1930 esse
2850 1854 3017 1929 aliter
3067 1854 3480 1929 aestimandum
3496 1854 3592 1929 est
3631 1893 3659 1929 a
3692 1891 3787 1929 vere

448 1945 707 1999 devotus.
746 1946 985 1999 Factum
1016 1950 1105 1999 est
1135 1945 1416 2015 gaudium
1462 1962 1745 2016 magnum
1780 1945 1837 1999 in
1871 1945 2098 2000 civitate

447 2032 566 2103 illa,
603 2050 715 2088 non
744 2033 937 2089 solum
968 2034 1037 2089 de
1064 2033 1313 2088 sanitate
1340 2051 1674 2105 corporum,
1700 2052 1826 2105 quas
1858 2051 2097 2091 emana-

445 2126 608 2177 verat
657 2122 927 2191 maxime,
979 2123 1080 2177 sed
1132 2126 1189 2176 et
1238 2123 1308 2176 de
1347 2121 1528 2177 tantis
1585 2122 1914 2189 animabus,
1970 2139 2098 2193 qua:

446 2211 517 2266 ab
576 2211 818 2267 interitu
876 2214 1097 2267 Satanae
1157 2211 1227 2266 ad
1280 2211 1458 2268 vitam
1528 2214 1806 2268 mternam
1870 2212 2100 2268 fuerant

446 2305 743 2356 revocatas.

1088 2391 1313 2447 CAPUT
1354 2390 1447 2447 VI.

513 2496 877 2553 Venerabilis
913 2514 1041 2553 vero
1073 2505 1129 2553 et
1170 2515 1441 2554 summus
1482 2498 1747 2566 antistes,
1781 2499 1872 2555 die
1896 2503 2097 2555 noctu-

445 2603 557 2657 que
615 2587 792 2643 variis
845 2587 1167 2642 ﬂuctuabat
1236 2587 1684 2657 cogitationibus
1744 2590 1813 2643 de
1870 2589 2097 2661 hydria,

446 2692 573 2747 quas
607 2675 975 2731 Dominicum
1028 2676 1182 2731 intra
1224 2694 1287 2733 se
1335 2676 1618 2732 retinebat
1656 2695 1942 2745 cruorem,
1975 2679 2099 2733 val-

448 2765 519 2819 de
578 2764 878 2834 hmsitans,
913 2767 1053 2836 quid
1073 2767 1144 2821 de
1175 2782 1242 2821 ea
1289 2772 1682 2837 opportunum
1733 2767 1940 2822 fuisset
1972 2785 2099 2838 per-

449 2870 639 2926 agere.
702 2856 961 2909 Tandem
1009 2861 1201 2911 autem
1261 2854 1482 2910 salubri
1542 2861 1770 2926 reperto
1831 2857 2097 2926 consilio,

449 2944 717 2999 omnium
763 2943 1174 3009 Ecclesiarum,
1210 2961 1338 3015 qua:
1372 2961 1473 3015 per
1503 2944 1699 2999 orbem
1734 2948 1899 3000 terrae
1930 2946 2100 3018 longe

447 3032 694 3103 latequee
729 3031 1149 3101 consistebant,
1182 3032 1589 3088 inaestimabile
1630 3037 1804 3104 atque
1834 3035 2097 3105 profutu-

448 3138 581 3177 rum
642 3121 890 3193 providit
942 3121 1359 3177 consolationis
1432 3123 1778 3177 remedium.
1840 3124 2099 3195 Denique

448 3209 740 3281 ampullas
773 3210 1041 3282 praecepit
1066 3210 1190 3266 ﬁeri
1220 3211 1457 3279 vitreas,
1485 3211 1541 3263 in
1567 3210 1777 3280 quibus
1803 3212 2099 3282 portiones

400 3298 609 3354 'misit
681 3297 945 3369 singulas
1005 3300 1075 3353 de
1152 3299 1439 3370 sanguine
1496 3306 1551 3354 et
1609 3316 1781 3369 aqua,
1843 3316 1969 3371 qua:
2029 3302 2099 3357 de

443 3386 702 3458 imagine
751 3387 980 3442 Domini
1031 3387 1346 3443 Salvatoris
1407 3388 1590 3443 nostri
1667 3390 2103 3458 deccurrerant,

443 3493 590 3548 quas
640 3475 816 3531 etiam
874 3492 975 3547 per
1019 3477 1239 3545 Asiam,
1293 3475 1571 3545 Africam,
1626 3474 1937 3547 Europam,
2002 3495 2103 3549 per

444 3582 585 3621 suos
626 3565 865 3621 nuntios
915 3565 1197 3637 dirigens,
1233 3570 1463 3635 cuncta,
1500 3582 1627 3636 qum
1684 3566 1838 3635 apud
1895 3566 2100 3622 urbem

440 3656 568 3727 jam
619 3654 837 3710 dictam
890 3671 995 3711 suo
1046 3659 1305 3727 tempore
1357 3654 1744 3726 contigerant,
1800 3654 2101 3712 devenisse

2207 1961 2546 2029 Catholicis,
2579 1969 2785 2034 praeter
2814 1963 2891 2032 id,
2917 1964 3073 2034 quod
3103 1963 3381 2019 scribitur
3410 1982 3441 2018 a
3472 1964 3640 2031 nobis,
3662 1964 3788 2033 quasi

2209 2067 2273 2106 ex
2328 2068 2501 2108 carne
2559 2059 2616 2107 et
2672 2052 2958 2124 sanguine
3008 2052 3220 2107 Christi
3279 2052 3497 2123 aliquid
3550 2052 3704 2123 possit
3748 2052 3789 2105 in

2209 2142 2430 2196 mundo
2460 2142 2727 2210 inveniri,
2762 2142 2874 2197 nisi
2906 2141 3051 2197 illud
3084 2142 3236 2213 quod
3272 2142 3330 2195 in
3382 2160 3479 2197 ara
3521 2141 3695 2195 altaris
3720 2157 3793 2210 per

2209 2246 2420 2286 manus
2454 2231 2825 2286 sacerdotum
2858 2230 3118 2302 quotidie
3168 2229 3550 2302 spiritualiter
3576 2229 3790 2284 efﬁcitur.

2206 2323 2338 2375 Haec
2389 2337 2524 2392 ergo
2580 2320 2792 2388 sciens,
2845 2319 3237 2375 amantissimi
3287 2323 3481 2391 patres
3526 2324 3577 2374 et
3616 2319 3793 2381 fratres,

2208 2407 2524 2465 acceleravi
2554 2409 2847 2464 declarare
2895 2408 3080 2478 vobis,
3135 2408 3206 2463 ad
3259 2408 3675 2463 aediﬁcationem
3702 2406 3793 2461 ani.

2209 2516 2439 2553 marum
2471 2502 2823 2565 vestrarum,
2848 2498 2904 2553 id
2939 2498 3369 2553 incrementum
3399 2502 3585 2553 vestra
3615 2496 3794 2559 ﬁdei,ut

2209 2592 2266 2643 et
2296 2587 2354 2641 in
2383 2587 2491 2641 hoc
2525 2587 2672 2643 scire
2704 2586 2964 2657 valeatis,
2999 2592 3219 2659 quanta
3251 2588 3329 2642 sit
3360 2587 3537 2641 virtus
3581 2590 3629 2640 et
3655 2585 3796 2655 pietas

2210 2676 2440 2731 Domini
2472 2676 2782 2732 Salvatoris
2832 2676 3017 2732 nostri
3074 2676 3214 2732 Jesu
3264 2676 3492 2731 Christi.
3543 2674 3723 2729 Idcirco
3754 2672 3793 2725 in

2210 2768 2322 2821 fide
2357 2768 2532 2821 lortes
2568 2772 2775 2831 estote,
2815 2772 2872 2821 et
2922 2767 3284 2839 congaudete
3332 2784 3503 2837 super
3558 2780 3735 2835 magna
3758 2767 3796 2815 et

2210 2856 2679 2925 obstupescenda
2708 2849 2836 2925 ejus
2869 2854 3170 2925 miracula,
3205 2872 3333 2926 quae
3366 2856 3421 2909 in
3463 2858 3639 2909 nostra
3664 2868 3792 2922 gene-

2211 2943 2433 2998 ratione
2464 2961 2497 2998 a
2518 2944 2633 2998 Deo
2655 2949 2793 2999 sunt
2820 2949 3069 3015 patrata.
3094 2944 3161 2998 Et
3181 2945 3316 2999 date
3339 2944 3421 2998 illi
3453 2943 3670 3014 gloriam
3689 2954 3789 2994 cum

2208 3032 2410 3087 lmtitia
2443 3034 2786 3103 gaudentes,
2846 3037 2905 3088 et
2946 3049 3080 3088 cum
3124 3033 3313 3087 nimia
3360 3033 3543 3087 cordis
3570 3046 3795 3100 compun-

2210 3121 2401 3177 ctione
2460 3124 2586 3191 ejus
2648 3122 2940 3192 majestati
3005 3121 3333 3177 immensas
3408 3120 3612 3192 gratias
3661 3117 3791 3189 agite,

2210 3226 2276 3266 eo
2308 3210 2462 3281 quod
2521 3210 2657 3265 ﬁdei
2714 3228 2832 3265 sua:
2890 3215 2947 3266 et
3002 3209 3257 3266 scientia
3318 3210 3523 3282 dignos
3574 3225 3659 3263 vos
3695 3205 3796 3259 fecit

2213 3316 2362 3355 esse.
2423 3299 2539 3371 Ipsi
2598 3299 2828 3354 Christo
2885 3299 3024 3354 Jesu
3081 3299 3368 3355 Salvatori
3448 3304 3647 3365 nostro,
3698 3309 3793 3349 cum

2213 3390 2399 3460 Patre,
2473 3394 2789 3459 sanctoque
2845 3389 3069 3460 Spiritu
3135 3388 3325 3461 gloria
3394 3390 3469 3444 sit
3536 3387 3793 3455 honorque.

2211 3477 2342 3534 laus
2402 3479 2578 3534 etiam
2638 3481 2913 3551 perennis
2977 3496 2990 3534 :
3052 3481 3153 3551 qui
3210 3480 3619 3552 sempiternum
3668 3479 3795 3542 atque

2212 3567 2465 3623 divisum
2516 3568 2739 3640 absque
2788 3568 2958 3624 initio
3006 3572 3064 3624 et
3109 3569 3224 3624 fine
3274 3568 3495 3624 obtinet
3524 3564 3792 3637 imperium.

2211 3659 2413 3713 Amen.

527 3927 768 3985 SERMO
826 3926 1084 3983 SANCTI
1140 3926 1531 3984 ATHANASII
1588 3926 1923 3995 EPISCOPI,
1987 3926 2073 3981 DE
2132 3926 2342 3982 NOVIS
2394 3928 2483 3983 ET
2541 3928 2907 3987 MODERNIS
2945 3928 3406 3987 MIRA‘BILIBUS
3465 3922 3743 3985 lMAGlNlS

1948 4015 2203 4072 DOMINI
2245 4018 2378 4086 (18).

524 4134 753 4190 Elevate
812 4135 1010 4191 oculos
1042 4151 1252 4191 sensus
1310 4133 1507 4199 vestri,
1570 4132 1827 4189 universi
1889 4140 2099 4189 sanctae

453 4222 795 4278 Christianas
843 4224 1143 4296 religionis
1175 4223 1383 4278 fratres
1440 4227 1496 4277 et
1529 4226 1745 4294 patres,
1798 4227 1854 4277 et
1905 4222 2099 4277 consi-

451 4313 649 4369 derate
701 4313 851 4367 hanc
905 4329 1110 4368 novam
1147 4312 1593 4366 admirationem
1628 4328 1757 4381 qure
1809 4312 1958 4365 facta
1990 4316 2096 4380 est,

451 4420 628 4474 quam
662 4402 756 4457 his
787 4402 1152 4473 temporibus
1186 4399 1441 4454 ostendit
1478 4400 1626 4453 Deus
1657 4398 1847 4463 nobis,
1882 4404 1938 4453 et
1969 4400 2099 4454 date

447 4491 693 4563 gloriam
716 4491 938 4546 nomini
960 4490 1490 4560 ejus.Considcrate
1509 4487 1860 4542 inelfabilem
1889 4487 2097 4542 huma-

2213 4137 2268 4189 et
2297 4133 2691 4206 obstupescite
2715 4161 2728 4203 ;
2759 4134 3154 4207 intelligentes
3177 4129 3797 4210 intelligite,etinclinate

2211 4223 2388 4278 corda
2416 4228 2611 4279 vestra
2637 4225 2707 4279 ad
2741 4225 3036 4296 magnalia
3066 4225 3186 4281 Dei.
3220 4227 3321 4281 Est
3366 4225 3559 4281 civitas
3595 4237 3701 4292 qua:
3726 4232 3796 4270 v0-

2211 4316 2376 4366 catur
2408 4312 2663 4385 Byritho,
2697 4330 2762 4368 ac
2784 4314 2991 4383 jacens
3021 4314 3172 4370 inter
3201 4316 3481 4370 terminos
3524 4311 3641 4384 Tyri
3670 4312 3715 4362 et
3737 4304 3798 4359 Si-

2211 4400 2403 4468 donis,
2438 4402 2700 4473 praebens
2731 4403 3017 4458 tributum
3050 4403 3387 4459 Antiochiae.
3423 4405 3482 4458 ln
3522 4402 3617 4456 hac
3644 4402 3796 4451 autem

2210 4491 2439 4547 civitate
2488 4492 2808 4547 multitudo
2853 4499 2977 4549 erat
3037 4494 3400 4564 Judaeorum,
3450 4498 3504 4548 et
3555 4500 3796 4563 synagoga

448 4581 690 4637 nitatem
737 4597 802 4636 ac
836 4578 1302 4651 magnitudinem
1350 4577 1556 4631 divinae
1602 4576 2011 4642 ordinationis,
2044 4582 2099 4632 et
2129 4567 2174 4630 D
2207 4596 2371 4635 erum
2405 4598 2614 4653 magna
2649 4580 2832 4637 valde.
2884 4582 3120 4655 Accepit
3158 4589 3353 4639 autem
3404 4582 3624 4654 quidam
3667 4572 3793 4631 Chri-

447 4670 927 4727 lamentationem
960 4686 1092 4724 cum
1126 4667 1324 4723 laetitia
1357 4666 1593 4720 sumite.
1622 4666 1681 4719 In
1715 4670 1825 4720 Deo
1858 4665 2095 4735 quidem

446 4762 591 4817 nihil
643 4768 984 4818 extraneum
1017 4764 1125 4827 est,
1159 4758 1297 4829 quia
1331 4763 1480 4812 Dcus
1522 4762 1720 4810 noster
1750 4760 1955 4826 potens
1986 4762 2093 4811 est.

444 4853 729 4916 Quoniam
761 4856 957 4907 autem
993 4850 1048 4903 in
1082 4848 1288 4903 diebus
1319 4846 1537 4901 nostris
1568 4844 1719 4899 circa
1754 4862 1861 4899 nos
1902 4854 2096 4900 notam

442 4941 575 4997 fecit
608 4947 758 4997 Deus
788 4940 1059 4996 virtutem
1093 4954 1283 5000 suam,
1344 4935 1707 5006 obstupescit
1759 4950 1932 4989 omne
1972 4951 2096 4988 cor-

440 5031 806 5087 audientium
834 5046 935 5101 pro
953 5027 1300 5083 enormitate
1329 5024 1584 5088 sceleris,
1612 5028 1668 5078 et
1690 5022 2097 5094 magnitudine

440 5120 802 5177 mirabilium
836 5119 957 5174 Dei.
981 5116 1339 5173 Conturbata
1371 5118 1457 5168 est
1486 5112 1697 5167 iterum
1732 5111 2092 5183 abyssus,sol

437 5216 495 5267 et
526 5209 667 5266 luna
698 5206 1061 5265 obtenebrati
1098 5209 1237 5259 sunt
1271 5220 1302 5256 a
1334 5201 1475 5256 facie
1506 5200 1875 5271 iniquitatis;
1906 5202 2006 5256 sed
2039 5207 2095 5256 et

438 5317 641 5357 omnes
672 5299 917 5356 virtutes
951 5296 1228 5351 coelorum
1265 5297 1320 5346 et
1352 5296 1592 5345 ornatus
1625 5306 1825 5344 eorum
1858 5289 2091 5344 laudem

435 5396 493 5447 et
524 5390 772 5461 gloriam
832 5388 1121 5443 dederunt
1180 5386 1312 5442 Deo.
1376 5379 1473 5449 qui
1505 5379 2002 5449 magniﬁcentiam
2037 5384 2093 5435 et

434 5480 711 5536 virtutem
745 5482 1021 5549 operatus
1052 5477 1141 5528 est
1189 5470 1247 5524 in
1300 5467 1441 5523 Filio
1485 5485 1611 5523 suo.
1648 5467 1857 5523 Audite
1888 5468 2088 5539 igitur,

436 5570 669 5639 fratres,
691 5568 931 5625 verbum
964 5562 1119 5635 quod
1145 5561 1365 5615 factum
1399 5560 1488 5613 est
1517 5556 1576 5611 in
1610 5556 1816 5613 diebus
1848 5558 2086 5629 nostris,

530 5724 620 5801 18)
652 5723 734 5785 Ex
764 5720 959 5783 codice
994 5732 1101 5774 ms.
1136 5718 1191 5769 S.
1227 5710 1501 5770 Germani
1533 5727 1565 5768 a
1591 5710 1804 5785 Pratis,
1836 5727 1894 5768 n.
1932 5711 2051 5767 108.

704 5940 739 5975 Ἠ.

728 5984 855 6097 ἰ

2208 4669 2436 4726 stianus
2454 4671 2585 4724 dato
2606 4671 2787 4740 pretio
2807 4670 3075 4726 cellulam
3093 4689 3127 4726 a
3148 4673 3399 4743 quodam
3416 4673 3469 4725 in
3492 4667 3793 4741 pensionem,

2208 4758 2265 4811 in
2299 4774 2415 4829 qua
2466 4760 2735 4815 habitans
2786 4760 2912 4815 fixit
2961 4761 3277 4833 imaginem
3308 4758 3621 4837 Salvatoris
3648 4749 3793 4809 nostri

2204 4848 2344 4902 Jesu
2376 4848 2588 4903 Christi
2620 4848 2677 4903 in
2712 4854 3025 4921 conspectu
3056 4848 3189 4905 lecti
3222 4850 3312 4905 sui
3340 4866 3351 4905 :
3385 4855 3439 4905 et
3468 4853 3669 4903 statura
3693 4838 3793 4912 qui-

2206 4937 2337 4991 dem
2368 4938 2605 5010 picturea
2640 4955 2754 4994 non
2779 4940 3125 5009 magna,sed
3160 4938 3610 5007 mediocris,quze
3635 4939 3793 4986 tamen

2205 5029 2388 5081 totam
2423 5026 2739 5097 imaginem
2767 5027 3084 5082 Salvatoris
3106 5026 3444 5082 contineret.
3468 5024 3791 5094 Aliquantum

2203 5115 2487 5185 temporis
2522 5115 2771 5181 ﬂuxit,et
2797 5116 3129 5170 substantia
3150 5115 3251 5170 viri
3287 5115 3443 5170 illius
3470 5112 3615 5168 valde
3636 5106 3792 5170 crevit,

2204 5207 2405 5273 utpote
2437 5202 2537 5257 ubi
2570 5202 2869 5258 miseratio
2922 5208 2979 5258 et
3021 5203 3327 5274 dispositio
3366 5203 3460 5257 Dei
3504 5194 3794 5254 mirabiliter

2203 5291 2428 5361 operari
2462 5292 2669 5363 ccepit;
2705 5292 3052 5363 ampliorem
3093 5292 3204 5347 sibi
3242 5290 3592 5347 Christianus
3633 5284 3712 5339 ille
3738 5278 3791 5335 ad

2202 5379 2609 5434 divertendum
2642 5396 2900 5452 queerere
2950 5381 3123 5452 coepit
3171 5380 3427 5436 domum.
3459 5378 3668 5434 Tollens
3708 5386 3789 5424 au-

2201 5473 2318 5524 tem
2352 5486 2586 5525 omnem
2636 5468 3061 5541 supellectilem
3114 5486 3300 5537 suam,
3352 5463 3788 5523 transtulitasu-

2200 5556 2464 5628 pradicta
2494 5558 2659 5631 cella,
2683 5576 2806 5631 qua
2829 5562 2885 5616 et
2912 5559 3039 5633 ipsa
3066 5558 3231 5618 valde
3259 5557 3521 5629 contigua
3547 5557 3653 5609 erat
3681 5564 3788 5619 syn-
