4080 6206
218 324 330 383 821

1138 321 1239 380 DE
1285 319 1500 381 PASS.
1548 318 1903 379 lMAGlNlS
1951 320 2021 377 D.
2071 320 2141 377 N.
2191 319 2381 382 JESU
2426 320 2759 381 CHRISTI.

3533 320 3651 379 822

220 453 890 528 agogaJuumorum,ad
906 451 1087 508 alium
1112 467 1286 524 quem
1310 451 1886 507 sibiinhabitandum
1918 454 1971 520 Α
2002 452 2183 507 nostri
2216 452 2338 519 Dei,
2374 456 2438 507 ut
2469 453 2736 508 ﬁdelibus
2768 451 2884 507 tuis
2903 450 3374 507 rememorareris
3408 451 3651 524 antiqua

223 546 487 617 elegerat
518 543 745 611 locum,
782 542 965 597 solius
992 542 1267 614 imaginis
1300 541 1529 597 Domini
1580 543 1893 596 immemor

223 632 440 698 factus,
478 632 649 705 quod
693 637 750 686 et
793 647 896 702 per
935 631 1361 703 providentiam
1413 631 1507 685 Dei
1536 630 1616 685 ita
1649 629 1892 701 contigit

225 721 539 776 accidisse.
576 725 807 776 Rursus
848 737 976 775 vero
1025 720 1264 775 Judszus
1312 720 1548 792 quidam
1583 718 1804 790 accepit
1834 720 1891 771 in

227 810 579 884 pensionem
614 811 884 865 eamdem
912 808 1251 880 cellam,ubi
1277 810 1472 882 imago
1504 808 1736 864 Domini
1760 808 1891 863 reli-

227 905 319 956 cta
348 900 603 967 mansit,
640 908 694 955 et
722 900 1098 955 introducens
1129 899 1327 954 omnia
1358 898 1723 964 sua,ibidem
1755 914 1891 952 con-

226 990 444 1045 versari
462 990 655 1061 ccepit
675 1006 789 1044 non
808 1004 1166 1060 cognoscens
1190 993 1293 1044 aut
1321 988 1639 1059 aliquando
1663 987 1893 1058 perspi-

226 1079 380 1133 ciens
414 1078 754 1150 imaginem
777 1077 1029 1145 Domini,
1065 1093 1131 1133 eo
1166 1078 1322 1149 quod
1354 1095 1422 1133 ex
1452 1078 1697 1132 adverso
1736 1074 1894 1130 velut

231 1176 287 1230 in
317 1175 555 1232 occulto
590 1176 858 1248 reposita
887 1175 1161 1231 staret.In
1193 1192 1307 1230 una
1324 1179 1520 1231 autem
1545 1173 1769 1230 dierum
1803 1174 1891 1228 in-

232 1264 428 1319 vitavit
457 1265 594 1336 ipse
629 1266 945 1336 quemdam
978 1264 1154 1318 alium
1178 1264 1449 1319 Judaeum
1473 1264 1543 1318 ad
1578 1262 1891 1334 prandium

243 1370 436 1409 secum
474 1370 486 1408 :
524 1359 587 1408 et
631 1354 785 1409 inter
829 1354 1233 1425 prandendum
1268 1352 1500 1408 elevans
1523 1351 1722 1407 oculos
1753 1368 1891 1406 suos

242 1444 330 1498 ille
359 1444 458 1513 qui
491 1448 750 1498 vocatus
779 1443 936 1498 venit
964 1444 1227 1507 Judmus,
1269 1442 1408 1497 vidit
1437 1441 1751 1513 imaginem
1782 1445 1890 1495 Do-

233 1532 370 1586 mini
404 1532 598 1587 nostri
624 1533 764 1587 Jesu
797 1532 1111 1587 Christi.Et
1142 1533 1222 1586 ait
1255 1549 1266 1585 :
1300 1532 1527 1587 Dumtu
1570 1547 1631 1585 es
1653 1530 1891 1585 Judaeus

172 1690 179 1696 ,
236 1622 524 1692 quomodo
561 1621 723 1676 hanc
749 1621 1067 1692 imaginem
1117 1620 1341 1677 habes?
1374 1622 1438 1675 Et
1472 1619 1716 1689 injurias
1761 1620 1892 1691 qui-

236 1712 357 1764 dem
390 1710 617 1764 multas
656 1714 715 1765 et
745 1710 1030 1765 nefandas
1057 1708 1413 1764 dixitcontra
1444 1708 1798 1764 Salvatorem
1819 1708 1891 1762 ab

238 1798 369 1853 hora
398 1816 519 1871 qua
549 1804 829 1854 sanctam
864 1799 1183 1869 imaginem
1216 1798 1461 1869 aspexit,
1496 1797 1649 1900 quod
1683 1800 1740 1896 et
1770 1798 1889 1867 jam
1921 1835 1968 1900 B

239 1888 389 1943 nefas
419 1888 564 1942 duxi
598 1888 887 1953 scribere,
918 1892 976 1943 et
1020 1887 1164 1942 satis
1211 1888 1262 1942 ei
1311 1887 1446 1943 fecit
1494 1886 1590 1941 ille
1622 1885 1722 1957 qui
1753 1902 1888 1941 eum

241 1976 510 2047 invitavit,
546 1978 715 2048 quod
750 1994 817 2032 ex
849 1994 915 2032 eo
945 1982 1205 2047 tempore
1238 1993 1349 2047 quo
1377 1976 1436 2031 in
1482 1976 1685 2031 eadem
1717 1975 1889 2030 domo

241 2066 565 2121 conversari
596 2067 801 2137 cmpit,
854 2066 1169 2137 imaginem
1225 2066 1455 2121 Domini
1501 2065 1718 2121 ibidem
1773 2080 1889 2119 non

243 2155 584 2226 cognoverit.
668 2156 926 2227 Surgens
1000 2160 1194 2210 autem
1263 2171 1397 2209 cum
1463 2154 1888 2226 indignatione,

244 2244 372 2298 abiit
402 2245 469 2298 ad
507 2243 815 2316 principes
838 2243 1673 2315 sacerdotum.Comperientes
1694 2251 1889 2297 autem

243 2349 355 2406 quas
386 2333 537 2388 facta
570 2339 745 2397 sunt,
776 2332 1047 2387 dixerunt
1077 2333 1127 2388 ei
1162 2349 1175 2388 :
1210 2337 1382 2388 Potes
1430 2332 1539 2388 hoc
1589 2332 1757 2387 nobis
1787 2332 1891 2387 de-

248 2428 558 2477 monstrare
581 2421 610 2477 ?
650 2428 727 2477 At
756 2421 853 2476 ille
883 2422 1230 2477 certioratus
1263 2425 1353 2476 est
1384 2421 1890 2495 dicens,qupniam

245 2535 335 2592 ego
363 2520 521 2576 vobis
554 2520 677 2576 hoc
708 2520 991 2576 exhibebo
1023 2521 1083 2575 in
1114 2520 1287 2575 domo
1309 2520 1667 2590 ejus.ltaque
1697 2528 1890 2575 trans-

248 2615 360 2663 acta
388 2608 532 2665 hora
561 2608 929 2681 vespertina,
955 2608 1057 2663 illo
1090 2610 1183 2664 die
1225 2608 1534 2664 siluerunt.
1585 2608 1753 2663 Mane
1784 2626 1887 2663 au-

247 2700 350 2752 tem
380 2698 529 2754 facto
562 2698 795 2755 summi
828 2697 1123 2770 principes
1146 2698 1516 2753 sacerdotum
1550 2703 1607 2752 et
1631 2696 1889 2752 seniores

254 2788 655 2858 populi,turba
686 2804 920 2859 quoque
950 2785 1138 2842 multa
1167 2787 1358 2858 gentis
1387 2803 1587 2841 eorum
1620 2786 1891 2841 abierunt

253 2875 303 2929 in
333 2878 567 2932 domum
600 2876 713 2933 ubi
744 2877 938 2933 stabat
993 2876 1184 2948 imago
1231 2876 1463 2931 Domini
1519 2875 1700 2931 nostri
1744 2875 1887 2930 Jesu

249 2964 533 3020 Christi.Et
564 2966 975 3038 pervenientes
1008 2966 1250 3020 domum
1275 2965 1497 3036 impetu
1530 2966 1678 3019 facto
1710 2963 1889 3019 irrue-

250 3059 371 3109 runt
399 3056 705 3126 principes
735 3060 791 3110 et
813 3054 1073 3110 seniores
1107 3053 1326 3126 populi,
1363 3054 1571 3125 przsvio
1605 3054 1753 3108 duce
1779 3053 1884 3108 Ju-

253 3143 357 3197 dzeo
385 3142 479 3199 illo
512 3143 619 3216 qui
660 3143 777 3199 illis
809 3143 1345 3212 annuntiaverat,et
1374 3144 1720 3198 invenerunt
1744 3142 1885 3196 ima-

254 3232 426 3302 ginem
455 3207 697 3288 deini
732 3233 916 3288 nostri
949 3237 1203 3288 stantem
1244 3207 1395 3288 sicut
1443 3232 1662 3287 dictum
1695 3236 1783 3286 cst
1812 3232 1883 3285 ad
1916 3207 1958 3274 Ο

256 3319 388 3377 illos.
418 3321 549 3378 Irati
582 3321 759 3377 valde
790 3322 945 3377 circa
975 3321 1281 3377 Hebraeum
1316 3320 1483 3376 illum
1534 3320 1634 3391 qui
1665 3320 1883 3375 ibidem

258 3408 737 3482 inhospitabatur,
770 3416 929 3466 extra
958 3428 1315 3483 synagogam
1348 3426 1485 3466 eum
1514 3408 1881 3481 expulerunt.

260 3501 594 3570 Deponentes
652 3516 785 3555 vero
832 3505 1098 3555 sanctam
1148 3500 1485 3572 imaginem,
1541 3499 1815 3554 dixerunt
1866 3515 1879 3555 :

256 3597 510 3660 Quoniam
544 3600 709 3655 sicut
735 3598 1068 3654 audivimus
1100 3599 1256 3670 quod
1289 3606 1483 3670 patres
1532 3597 1716 3653 nostri
1746 3596 1883 3652 huic

254 3685 373 3741 olim
395 3688 734 3759 illuserunt,
766 3692 823 3744 et
853 3705 960 3743 nos
989 3688 1334 3744 illudamus.
1370 3688 1534 3743 Tunc
1584 3692 1883 3760 ccsperunt

256 3791 507 3847 exspuere
537 3779 597 3834 in
639 3778 844 3833 faciem
877 3778 1027 3849 ejus,
1061 3782 1116 3833 et
1136 3777 1538 3849 percutiebant
1564 3776 1884 3832 eam.Dixe-

257 3871 480 3937 runtque
514 3887 526 3935 ;
560 3868 799 3932 Quanta
827 3868 1089 3923 fecerunt
1118 3867 1169 3922 ei
1202 3870 1397 3939 patres
1430 3866 1634 3933 nostri,
1686 3873 1741 3921 et
1772 3882 1878 3922 nos

258 3954 429 4009 omnia
457 3957 744 4012 faciamus
778 3972 791 4010 :
825 3962 881 4011 et
909 3955 1392 4012 conviciabantur
1439 3955 1488 4011 ei
1534 3954 1735 4010 multis
1766 3955 1876 4009 cri-

259 4042 476 4099 minosis
523 4045 924 4113 sermonibus,
974 4062 1098 4117 quas
1146 4045 1320 4101 etiam
1368 4062 1471 4116 pro
1533 4045 1880 4100 enormitate

259 4130 467 4189 sceleris
511 4135 771 4190 scribere
820 4135 984 4190 nefas
1030 4134 1156 4189 fuit.
1210 4136 1354 4189 Item
1404 4134 1695 4204 dixerunt,
1740 4134 1877 4203 quia

260 4220 590 4278 confixerunt
627 4241 838 4280 manus
871 4224 999 4295 ejus
1030 4228 1086 4279 et
1114 4225 1316 4294 pedes,
1349 4222 1457 4278 hoc
1480 4228 1540 4279 et
1575 4240 1679 4278 nos
1704 4223 1876 4277 facia-

262 4322 391 4365 mus.
421 4311 786 4384 Configentes
832 4318 1028 4368 autem
1079 4330 1288 4368 manus
1318 4318 1375 4369 et
1404 4313 1598 4385 pedes,
1650 4312 1878 4382 adjece-

265 4402 381 4452 runt
427 4400 684 4458 dicentes
735 4419 747 4458 :
798 4402 1145 4457 Audivimus
1194 4402 1334 4473 quia
1396 4407 1629 4457 acetum
1693 4405 1749 4456 et
1801 4399 1875 4454 fel

263 4483 519 4545 dederunt
547 4492 598 4546 ei
625 4495 892 4562 porrecta
924 4490 1191 4562 spongia;
1226 4490 1333 4545 hoc
1363 4490 1518 4545 idem
1550 4494 1607 4545 et
1638 4506 1742 4545 nos
1766 4489 1874 4544 im-

2002 546 2113 596 tum
2146 542 2379 614 pietatis
2411 543 2618 615 opera!
2654 544 2783 597 Haec
2816 542 3106 597 mirabilia
3138 546 3234 596 tua
3265 544 3403 596 coelo
3450 546 3508 596 et
3538 548 3649 597 ter-

2004 630 2084 685 ris
2116 632 2425 703 stupenda.
2461 631 2674 687 Oculos
2708 632 2919 687 mentis
2951 637 3176 699 vestrae,
3229 635 3285 686 et
3332 630 3651 686 exhilarate

2003 721 2197 791 corda,
2249 722 2389 792 quia
2442 722 2611 777 hodie
2658 722 2807 777 facta
2855 726 2944 777 est
2996 722 3162 776 nobis
3215 719 3563 791 redemptio,
3594 725 3651 775 et

1992 809 2204 881 jugum
2240 810 2592 882 captivitatis
2623 818 2827 866 vestra:
2858 814 3195 866 contritum.
3244 810 3452 866 Audite
3487 825 3645 880 ergo,

2002 912 2058 962 et
2088 907 2408 979 gloriﬁcate
2438 909 2621 963 Deum
2658 926 2759 980 pro
2793 909 3093 964 beneficiis
3117 926 3245 979 quae
3268 908 3458 963 adhuc
3483 906 3647 962 vobis

2003 997 2683 1070 ministravit.Principes
2715 999 3081 1054 sacerdotum
3106 1002 3415 1070 postquam
3447 997 3650 1053 lancea

2000 1085 2157 1141 latus
2189 1086 2419 1143 Domini
2452 1088 3141 1156 confoderunt,dixerunt
3174 1104 3186 1142 :
3222 1088 3359 1158 quia
3390 1102 3492 1158 per
3512 1086 3645 1141 uni-

2000 1192 2229 1230 versam
2255 1180 2469 1232 terram
2498 1175 2795 1248 divulgata
2816 1176 3136 1247 suntsigna
3166 1182 3223 1231 et
3245 1175 3490 1231 virtutes
3515 1175 3645 1245 plu-

2003 1264 2184 1331 rimae,
2218 1281 2344 1335 quae
2381 1266 2514 1319 fecit
2536 1265 2708 1320 Jesus
2740 1265 3114 1333 Nazaremus,
3132 1264 3484 1336 recipiamus
3510 1280 3645 1318 san-

2002 1354 2240 1424 guinem
2274 1355 2344 1409 de
2375 1354 2552 1409 latere
2582 1355 2729 1425 ejus,
2765 1360 2821 1409 et
2856 1370 3060 1410 omnes
3091 1355 3356 1409 infirmos
3413 1357 3472 1408 et
3495 1352 3647 1407 male

2002 1441 2281 1498 habentes
2312 1460 2414 1514 per
2453 1444 2782 1499 universam
2832 1459 3190 1515 synagogam
3240 1444 3375 1498 inde
3406 1458 3647 1514 sparga-

2002 1548 2153 1598 mus,
2188 1536 2252 1585 ut
2301 1532 2669 1603 experiamur
2717 1531 2991 1587 virtutem
3042 1532 3282 1599 Christi,
3330 1536 3387 1586 et
3430 1531 3480 1586 si
3511 1547 3646 1585 vera

2002 1624 2141 1675 sunt
2170 1638 2293 1691 quae
2326 1621 2396 1675 de
2427 1620 2527 1675 illo
2560 1622 2716 1675 dicta
2746 1626 2905 1676 sunt.
2946 1622 3013 1675 Et
3063 1626 3461 1692 supponeutes
3514 1636 3644 1674 am-

2000 1708 2220 1779 pullam
2248 1710 2491 1766 vitream
2523 1711 2595 1765 ad
2626 1710 2819 1765 locum
2850 1710 3129 1780 vulneris,
3181 1715 3525 1788 receperunt
3556 1710 3646 1763 in-

2001 1814 2129 1853 eam
2162 1816 2375 1871 aquam
2406 1803 2462 1854 et
2491 1799 2839 1871 sanguinem
2871 1800 2942 1855 de
2969 1799 3146 1856 latere
3178 1799 3408 1855 Domini
3437 1800 3643 1854 decur-

2001 1893 2247 1944 rentem.
2279 1889 2487 1943 Adhuc
2516 1889 2663 1960 ipsis
2695 1907 2809 1945 non
2842 1890 3241 1957 credentibus,
3263 1890 3363 1944 sed
3394 1889 3643 1957 injurias

2000 1984 2057 2033 et
2086 1977 2485 2049 blasphemias
2516 1977 2931 2044 inferentibus,
2965 1979 3274 2050 portabant
3316 1977 3639 2050 ampullam

2000 2067 2234 2138 plenam
2267 2071 2454 2126 salute
2485 2072 2539 2123 et
2571 2068 2787 2123 virtute
2818 2070 2886 2123 ad
2936 2068 3129 2122 locum
3187 2069 3245 2124 in
3292 2085 3405 2139 quo
3441 2067 3641 2122 multi-

2000 2158 2141 2212 tudo
2172 2151 2578 2229 languentium
2610 2159 2939 2213 coadunata
2969 2158 3368 2212 fuit.Primum
3403 2158 3643 2229 quidem

2000 2246 2265 2301 omnium
2300 2246 2682 2318 paralyticum
2714 2247 3028 2318 quemdam
3061 2263 3094 2301 a
3118 2247 3646 2302 nativitateadeunt

2000 2333 2226 2406 liquore
2259 2341 2460 2389 sancto
2496 2340 2829 2407 perungunt
2859 2340 2916 2390 et
2947 2334 3335 2391 incolumitati
3371 2335 3643 2403 reddunt;

2001 2424 2135 2477 caeci
2159 2441 2332 2495 quam
2345 2423 2584 2495 plurimi
2600 2441 2632 2479 a
2657 2428 2815 2479 tactu
2831 2429 3043 2479 sancta:
3064 2424 3484 2496 perunctiomis
3502 2442 3645 2497 gau-

2000 2512 2164 2568 dium
2196 2518 2533 2584 receperunt
2568 2513 2831 2568 luminis.
2889 2514 3239 2569 Dzsmoniaci
3286 2514 3357 2568 ad
3408 2513 3644 2569 odorem

1999 2602 2204 2657 divina:
2262 2603 2493 2658 virtutis
2544 2607 2831 2675 quotquot
2892 2604 3303 2672 offerebantur,
3360 2606 3645 2659 curaban-

1998 2696 2117 2747 tur.

2070 2798 2178 2854 Ubi
2210 2802 2405 2855 autem
2438 2798 2662 2854 celebre
2714 2798 2823 2854 hoc
2874 2799 3092 2854 factum
3134 2804 3223 2855 est
3269 2799 3508 2855 verbum
3542 2816 3643 2870 per

1997 2888 2330 2944 universam
2392 2888 2711 2955 civitatem,
2781 2887 2880 2943 alii
2939 2892 3115 2960 atque
3199 2889 3297 2944 alii
3365 2905 3428 2944 se
3485 2890 3638 2945 299

1996 2994 2129 3033 cum
2188 2977 2421 3049 aegrotis
2503 2976 2629 3033 suis
2698 2978 3032 3044 inferentes,
3096 2978 3165 3032 de
3252 2979 3428 3048 agris,
3496 2978 3641 3033 vicis

1996 3072 2053 3122 et
2084 3066 2357 3122 domibus
2377 3083 2509 3121 cum
2527 3064 2905 3122 multitudine
2933 3066 3165 3121 infinita
3194 3067 3565 3139 profluebant
3587 3071 3643 3122 et

1997 3155 2139 3212 salvi
2197 3157 2436 3211 ﬁebant.
2466 3155 2705 3227 Repleta
2734 3160 2823 3210 est
2852 3160 3048 3210 antem
3090 3172 3387 3227 synagoga
3438 3171 3641 3211 eorum

1996 3243 2351 3317 paralyticis,
2374 3244 2621 3309 claudis,
2671 3243 3069 3309 daemoniacis,
3112 3243 3379 3315 leprosis.
3439 3244 3643 3315 aridis,

1993 3332 2158 3387 caecis
2218 3333 2443 3399 multis,
2491 3333 2689 3388 surdis
2748 3338 2804 3388 et
2851 3332 3011 3388 omni
3056 3348 3268 3404 genere
3304 3333 3644 3391 morborum

1994 3423 2543 3494 aegrotantibus,eta
2573 3438 2945 3493 quocumque
2969 3438 3180 3494 genere
3206 3422 3639 3491 detinebantur,

1992 3512 2373 3567 sanabantur.
2406 3511 2684 3567 Videntes
2716 3517 2909 3566 autem
2944 3510 3236 3583 principes
3268 3514 3639 3567 sacerdotum

1992 3606 2049 3655 et
2078 3600 2268 3655 omnis
2301 3600 2675 3672 congregatio
2707 3600 3104 3672 eorum,signa
3134 3605 3189 3654 et
3221 3600 3486 3671 prodigia
3509 3617 3638 3656 ma-

1990 3707 2107 3760 gna
2141 3707 2266 3761 quae
2297 3690 2677 3757 fiebant,cum
2707 3688 3053 3743 mulieribus
3086 3692 3139 3743 et
3174 3688 3496 3743 infantibus
3522 3706 3639 3745 cre-

1991 3778 2195 3833 dentes
2228 3777 2562 3833 clamabant
2590 3779 2705 3833 Deo
2746 3777 2899 3833 Patri
2933 3781 2990 3832 et
3019 3778 3157 3832 Jesu
3209 3778 3438 3833 Christo
3488 3778 3631 3835 Filio

1991 3884 2120 3933 suo,
2154 3872 2328 3938 atque
2360 3867 2601 3938 Spiritui
2634 3872 2836 3922 sancto
2870 3883 2882 3922 ε
2918 3866 3080 3922 Unus
3100 3867 3254 3922 Deus
3284 3868 3633 3933 Pater,unus

1990 3956 2254 4011 Christus
2302 3955 2398 4010 Dei
2447 3955 2648 4020 Filius,
2704 3972 2858 4010 unus
2905 3971 2974 4009 ex
3023 3960 3269 4027 utroque
3314 3958 3634 4028 procedens

1989 4045 2243 4116 Spiritus
2276 4048 2535 4112 sanctus,
2570 4045 2669 4115 qui
2704 4044 2761 4097 in
2793 4044 3079 4099 Trinitate
3130 4046 3382 4115 perfecta
3411 4046 3550 4101 vivit
3580 4050 3636 4102 et

1990 4139 2194 4205 regnat
2227 4136 2370 4188 Deus
2403 4133 2461 4186 in
2496 4133 2726 4187 saecula.
2755 4134 2959 4187 Amen.
2995 4132 3191 4189 Gloria
3222 4135 3347 4201 tibi,
3382 4135 3631 4203 Christe,

1990 4240 2160 4294 quem
2180 4227 2373 4294 patres
2391 4222 2571 4278 nostri
2590 4223 2924 4293 ignorantes
2942 4222 3178 4293 quidem
3198 4224 3633 4282 cruciﬁxerunt.

1988 4313 2088 4382 qui
2122 4329 2276 4367 nunc
2307 4316 2363 4368 et
2391 4330 2425 4367 a
2456 4312 2624 4367 nobis
2662 4312 2717 4365 in
2762 4317 2966 4367 sancta
2995 4311 3252 4383 imagine
3300 4316 3401 4368 tua
3448 4312 3634 4369 cruci-

1988 4401 2139 4455 ﬁxus
2169 4418 2250 4455 es.
2286 4400 2480 4457 Gloria
2510 4400 2640 4466 tibi,
2673 4398 2777 4454 Fili
2808 4399 2909 4455 Dei
2945 4399 3188 4471 vivi,qui
3222 4416 3323 4473 per
3347 4402 3517 4473 signa
3540 4417 3633 4472 po-

1988 4489 2181 4545 tentiae
2214 4494 2323 4544 tuae
2357 4489 2707 4545 illuminasti
2740 4489 3055 4544 caecitatem
3097 4491 3357 4545 cordium
3394 4496 3629 4547 nostro-

266 4572 517 4642 pleamus.
549 4580 619 4635 Et
650 4580 885 4635 admota
929 4580 1216 4635 arundine
1248 4595 1383 4636 cum
1431 4579 1677 4650 spongia
1703 4578 1877 4651 plena
1906 4570 1950 4634 D
1982 4597 2112 4634 rum
2146 4584 2202 4634 et
2233 4580 2302 4634 ad
2337 4583 2499 4634 tuam
2534 4577 2997 4634 misericordiam
3032 4579 3416 4636 traxisti.Tibi
3439 4582 3631 4637 credi-

266 4669 401 4721 aceto
427 4684 552 4724 cum
583 4668 734 4740 telle,
771 4674 1173 4741 apposuerunt
1202 4669 1285 4724 ori
1314 4669 1464 4739 ejus,
1496 4668 1876 4723 addiderunt-

267 4767 361 4821 que
384 4754 740 4827 iniquitatem
763 4775 939 4830 super
966 4757 1336 4828 iniquitatem
1361 4758 1638 4813 dicentes:
1668 4757 1877 4813 Didici-

270 4854 381 4896 mus
406 4847 549 4914 quod
581 4847 870 4901 arundine
902 4851 1320 4917 percusserunt
1339 4850 1515 4917 caput
1538 4848 1665 4915 ejus
1684 4850 1878 4917 patres

271 4933 447 4999 nostri,
478 4933 744 4991 similiter
769 4940 827 4990 et
856 4952 962 4990 nos
996 4935 1283 4991 faciamus
1317 4953 1329 4991 :
1366 4941 1420 4990 et
1458 4937 1879 5007 percusserunt

274 5021 523 5079 arundine
547 5030 720 5097 caput
750 5026 899 5093 ejus.
939 5024 1143 5080 Finitis
1174 5041 1307 5080 vero
1341 5026 1535 5080 omnis
1565 5023 1677 5094 his,
1712 5023 1878 5078 dixe-

277 5113 392 5163 runt
419 5127 430 5165 :
459 5112 613 5168 Sicut
654 5114 857 5169 lancea
903 5113 1059 5169 latus
1103 5118 1482 5186 aperuerunt,
1546 5112 1626 5168 ita
1657 5117 1712 5167 et
1771 5129 1878 5168 nos

277 5198 659 5258 contodiamus.
692 5207 761 5258 Et
782 5203 1072 5275 perforato
1108 5201 1309 5258 lancea
1346 5202 1528 5258 latere
1577 5203 1727 5273 ejus,
1760 5199 1877 5255 exi-

276 5282 346 5339 vit
371 5292 590 5361 sanguis
617 5296 672 5348 et
702 5308 876 5364 aqua.
906 5290 1100 5347 Gloria
1127 5291 1514 5359 tibi,Christe,
1538 5289 1729 5363 gloria
1751 5290 1876 5359 tibi,

280 5379 366 5437 Fili
397 5388 481 5442 Dei
510 5389 635 5459 vivi,
667 5389 769 5463 qui
798 5390 869 5446 de
899 5389 1174 5462 supernis
1224 5389 1466 5445 sedibus
1522 5388 1879 5446 descendisti

230 5482 241 5495 ‘
280 5484 368 5539 pro
394 5476 563 5535 salute
590 5485 788 5536 nostra
816 5484 980 5536 tuam
1002 5477 1276 5535 exhibere
1306 5479 1761 5551 praesentiam,et
1781 5495 1878 5549 pro

282 5556 587 5625 liberatione
612 5573 810 5627 nostra
830 5584 965 5625 cum
996 5567 1352 5625 immortalis
1399 5584 1582 5638 esses,
1617 5568 1790 5624 morti
1825 5572 1881 5623 te

284 5650 560 5714 tradidisti.
605 5657 646 5716 Ο
705 5655 1136 5719 ἰηωειὶωιὼῦίε
1182 5656 1521 5730 benignitas
1568 5656 1882 5716 Salvatoris

1988 4684 2141 4737 mus,
2178 4668 2462 4740 propitius
2491 4672 2614 4723 esto
2647 4666 2836 4738 nobis,
2870 4670 2927 4722 et
2971 4667 3205 4739 suscipe
3254 4669 3543 4742 lacrymas
3574 4674 3630 4726 et

1985 4757 2391 4828 paenitentiam
2427 4762 2685 4812 nostram
2723 4774 2734 4810 :
2771 4772 2842 4811 ne
2873 4757 3018 4811 forte
3077 4774 3178 4827 pro
3224 4758 3629 4830 magnitudine

1988 4845 2298 4909 scelerum,
2330 4845 2594 4901 infernus
2630 4844 2895 4916 aperiens
2928 4862 2992 4899 os
3024 4862 3195 4900 suum
3218 4846 3627 4918 deglutiatnos

1989 4935 2087 5007 qui
2118 4951 2253 4990 cum
2287 4935 2551 5006 patribus
2583 4934 2800 4989 nostris
2832 4932 3124 4989 mirabilia
3157 4952 3371 5007 magna
3414 4936 3625 5010 fecisti,

1988 5038 2045 5088 et
2074 5033 2357 5088 beneficia
2386 5032 2843 5088 innumerabilia
2876 5032 3171 5102 praestisti.
3217 5038 3385 5090 Parce
3416 5036 3631 5107 iniqui-

1987 5121 2207 5178 tatibus
2240 5123 2542 5188 nostris,et
2563 5122 2795 5177 medere
2818 5120 3129 5176 animabus
3160 5124 3377 5179 nostris
3408 5143 3420 5193 ;
3444 5131 3500 5181 et
3521 5126 3634 5182 cla-

1989 5228 2117 5266 mor
2148 5229 2399 5283 magnus
2433 5213 2609 5267 fiebat
2640 5210 3025 5266 clamantium
3058 5220 3112 5265 et
3137 5217 3316 5268 Deum
3361 5214 3633 5271 invocan—

1989 5302 2408 5357 tium.Sanatis
2438 5318 2571 5358 vero
2602 5299 2878 5356 omnibus
2925 5299 3023 5370 qui
3083 5301 3304 5356 advecti
3360 5309 3638 5361 venerant

1990 5390 2262 5460 infirmis,
2295 5391 2591 5464 principes
2624 5390 2993 5447 sacerdotum
3022 5392 3077 5445 et
3095 5390 3286 5448 omnis
3316 5393 3633 5450 multitudo

1989 5495 2192 5534 eorum
2225 5481 2293 5535 ad
2328 5482 2673 5552 episcOpum
2708 5478 2961 5533 civitatis
3016 5481 3297 5547 cucurrit,
3349 5498 3468 5539 una
3497 5499 3633 5539 voce

1990 5568 2311 5625 clamantes
2345 5588 2357 5625 :
2396 5569 2555 5626 Unus
2577 5570 2732 5624 Deus
2763 5568 2951 5636 Pater,
2978 5585 3133 5625 unus
3162 5573 3334 5626 JesUs
3363 5571 3629 5628 Christus

1988 5656 2172 5716 Filius
2202 5659 2329 5730 ejus
2360 5658 2540 5731 Deus,
2573 5673 2748 5730 quem
2782 5660 2975 5729 patres
3006 5658 3192 5715 nostri
3222 5659 3627 5729 cuoiﬁxerunt,
