4080 6206
200 374 328 435 825

1417 382 1684 444 SERMO
1729 380 2046 446 CONTRA
2092 381 2454 443 LATINOS.

3512 378 3634 439 826

200 526 396 581 ρευσις
470 509 795 579 καθέστηκεν
866 508 1111 587 ὕπαρξις.
1187 516 1391 589 ’Ὠσπερ
1465 516 1570 592 γὰρ
1647 513 1859 570 πάντων

1972 515 2297 571 secundum
2343 515 2499 571 800
2560 530 2687 570 eam
2749 529 2872 583 quae
2931 515 3065 567 ante
3123 510 3335 566 saacula
3390 515 3477 566 est
3531 528 3634 583 ge-

202 593 517 669 λεγὸντων,
546 597 788 674 γέννημα
820 602 1032 675 Πατρὸς
1063 603 1092 656 6
1142 603 1289 673 Υἱὸς,
1339 609 1725 659 συνεπινοεῖται
1775 602 1864 658 καὶ

199 684 262 738 τὸ
321 684 387 740 ἐκ
436 686 607 759 μόνου
652 692 752 743 τοῦ
800 691 1013 766 Πατρὸς
1043 691 1072 745 ὁ
1099 691 1218 753 Υἱὸς
1248 692 1384 747 κατά
1409 693 1507 762 τήν
1541 694 1867 769 προαιώνιον

198 772 487 849 γέννησιν·
567 776 709 832 οὕτω
784 779 874 833 καὶ
940 778 1157 834 πάντων
1215 779 1485 856 λεγόντων
1541 781 1603 837 τὸ
1652 784 1866 852 Πνεῦμα

200 859 525 939 πρόϐλημα
594 867 823 941 Πατρὸς,
875 871 1264 923 συνεπινοεῖται
1318 868 1408 925 καί
1461 872 1523 925 τὸ
1580 869 1640 925 ἐκ
1695 868 1865 942 μόνου

195 957 307 1007 τοῦ
363 956 573 1029 Πατρὸς
619 957 682 1011 τὸ
732 961 970 1029 Πνεῦμα,
1014 958 1151 1013 κατᾶ
1195 960 1295 1027 τήν
1343 960 1671 1034 προαιώνιον
1724 958 1865 1034 πρό-

196 1035 435 1112 ϐλησιν·
489 1044 535 1098 εἷ
588 1043 754 1117 μόνος
806 1043 864 1099 ἐκ
918 1046 1086 1119 μόνου
1132 1051 1228 1102 τοῦ
1277 1049 1541 1124 Πατρὸςὸ
1572 1049 1716 1117 Υἱὸς,
1775 1045 1863 1102 καί

199 1132 377 1203 μόνον
437 1134 499 1190 ἐκ
549 1134 715 1208 μόνου
771 1140 870 1191 τοῦ
930 1138 1139 1213 Πατρὸς
1195 1140 1258 1194 τὸ
1304 1144 1520 1213 Πνεῦμα
1571 1140 1633 1195 τὸ
1684 1140 1861 1214 ἅγιον.

197 1224 362 1279 Κατᾶ
412 1222 474 1279 δὲ
515 1226 616 1293 τὴν
678 1224 896 1301 ὑστέραν
966 1226 1257 1304 πρόχυσιν,
1326 1227 1498 1284 εἶίτουν
1546 1228 1859 1302 ἐπινέμησιν

193 1311 290 1365 καὶ
355 1313 628 1388 χορθγίαν
678 1315 779 1383 τὴν
838 1316 977 1390 πρὸς
1032 1316 1162 1378 τοὺς
1209 1316 1412 1388 ἀξίους,
1444 1315 1624 1395 ὣσπερ
1684 1318 1743 1372 ἐκ
1766 1321 1863 1372 τοῦ

196 1402 425 1474 Πατρὸς
475 1403 536 1457 τὸ
594 1408 833 1477 Πνεῦμα,
883 1403 1026 1459 οὕτω
1074 1406 1165 1460 καὶ
1218 1403 1307 1460 διὰ
1347 1412 1442 1461 τοῦ
1473 1408 1600 1461 Υἱοῦ
1656 1407 1745 1461 καὶ
1806 1405 1865 1462 ἐκ

195 1494 299 1542 τοό
334 1491 489 1547 1“ὶοῦ.
549 1492 802 1560 Καθάπερ
854 1493 912 1547 δὲ
958 1493 1048 1548 καὶ
1076 1495 1176 1563 τήν
1211 1495 1427 1570 ὑστέραν
1459 1495 1708 1570 γέννησιν
1765 1500 1863 1551 τοῦ

202 1580 371 1645 ficii,
432 1577 609 1635 εἷ’τουν
668 1578 965 1654 ἐπιδημίαν
1012 1584 1113 1652 τήν
1166 1584 1302 1659 πρὸς
1350 1587 1521 1657 ἡμᾶς,
1555 1587 1655 1639 οὐκ
1681 1584 1739 1640 ἐκ
1765 1590 1862 1640 τοῦ

199 1669 425 1742 Πατρὸς
461 1668 625 1741 μόνον
655 1666 969 1743 δοξάζομεν,
1002 1671 1150 1728 ἀλλὰ
1176 1673 1266 1728 καὶ
1299 1672 1358 1729 ἐκ
1377 1679 1473 1728 τοῦ
1526 1674 1858 1748 Πνεόματος.

203 1757 312 1810 Καὶ
346 1755 583 1819 πειθέτω
614 1777 672 1812 σε
700 1759 735 1826 ἡ
765 1762 862 1812 τοῦ
893 1758 1241 1834 ἀρχαγγέλου
1271 1762 1424 1838 φωνή
1476 1761 1612 1834 πρὸς
1657 1763 1862 1838 Ἰωσὴφ

204 1843 448 1948 λέγουσα
488 1845 579 1900 τὸν
610 1843 801 1948 ἀνδρα
847 1846 1055 1923 Μαρίας
1084 1848 1169 1917 τὸ,
1201 1874 1229 1900 ‹‹
1262 1849 1356 1917 Μὴ
1388 1844 1638 1925 φοϐηθῇς
1696 1869 1864 1925 παρα-
1896 1883 1941 1948 Β

204 1928 399 1988 λαϐεῖν
456 1934 681 2009 Μαριὰμ
734 1935 835 2004 τὴν
880 1937 1109 2010 γυναῖκά
1167 1957 1283 1992 σου’
1346 1939 1411 1993 τὸ
1453 1938 1555 2014 γὰρ
1615 1937 1667 1993 ἐν
1726 1938 1860 2013 αὐτῇ

206 2023 467 2095 γεννηθὲν
517 2022 579 2078 ἐκ
624 2024 939 2098 Πνεύματός
990 2025 1127 2080 ἰσνιν
1177 2026 1357 2102 ἁγίου.
1400 2051 1428 2079 »
1463 2028 1524 2084 Ei
1582 2026 1639 2083 δὲ
1672 2026 1861 2103 βούλει

216 2112 423 2183 μαθεῖν,
478 2112 561 2166 ’ὁτι
618 2113 709 2167 καί
754 2134 898 2176 τινες
956 2113 1016 2169 ἐκ
1076 2119 1185 2170 τῶν
1250 2116 1531 2192 ἡμετέρων
1605 2116 1858 2192 μεγάλων

219 2199 376 2275 ἁγίων
404 2201 751 2279 ἀπεφήναντο
797 2203 863 2257 τὸ
892 2202 952 2258 ἐκ
987 2203 1155 2275 μόνου
1183 2209 1279 2260 τοῦ
1314 2206 1519 2281 Πατρὸς
1547 2207 1609 2261 τὸ
1642 2211 1861 2279 Πνεῦμα

219 2289 278 2342 τὸ
307 2290 461 2363 ἅγιον
511 2290 914 2368 ἐκπορεύεσθαι,
962 2289 1073 2363 ἤδη
1122 2294 1213 2349 τὸν
1268 2293 1432 2369 μεγαν
1460 2302 1560 2364 τῆς
1592 2295 1859 2371 ὑμετέρας

224 2378 544 2449 Ἐκκλησίας
593 2378 754 2449 ἥλιον
813 2380 1108 2457 Κύριλλον,
1167 2383 1201 2451 ἢ
1253 2382 1463 2454 μᾶλλον
1516 2383 1708 2451 εἰπεῖν,
1764 2389 1861 2439 τοῦ

228 2468 425 2540 κόσμου
480 2469 706 2537 παντὸς,
766 2472 903 2545 πρὸς
959 2475 1125 2526 τοῦτο
1184 2466 1427 2543 λάμϐανε
1486 2470 1751 2549 μάρτυρα·
1806 2473 1858 2528 ἐν

231 2556 325 2631 γαρ
379 2561 454 2628 τῷ
506 2558 636 2634 Περὶ
689 2558 926 2632 Τριάδος
975 2556 1123 2635 λόγῳ
1170 2558 1334 2615 αὐτοῦ
1384 2557 1492 2616 ὧδὲ
1528 2582 1645 2624 πως
1676 2566 1859 2639 σαφῶς

236 2650 471 2719 παριστᾷ.
521 2647 585 2703 Ἡ
639 2647 897 2722 παναγία,
940 2648 1095 2726 φησὶ,
1143 2650 1233 2703 καὶ
1292 2650 1459 2719 σεπτή
1515 2650 1697 2727 Τριάς,
1754 2650 1883 2725 πρὸ⁴

239 2735 435 2789 πάντων
492 2735 706 2790 αἰώνων
765 2736 856 2791 καὶ
914 2736 990 2799 εἷς
1048 2736 1130 2792 ἀεὶ
1190 2738 1533 2814 ὑπάρχουσα,
1567 2736 1859 2816 λᾶχραντός

237 2822 338 2877 ἐστι
404 2823 492 2878 καὶ
566 2821 764 2893 ἀίδιος,
838 2825 1151 2899 ἀσώματος,
1210 2826 1615 2899 ἀκατάληπτος,
1671 2827 1860 2903 ἀπερί-

239 2907 452 2981 ληπτος,
500 2911 873 2988 περιληπτική
931 2912 990 2969 δὶ
1036 2920 1144 2970 τῶν
1191 2914 1460 2985 ἀπάντων,
1504 2918 1594 2972 καὶ
1627 2937 1861 2994 συγκρα-

240 3003 391 3056 τοῦσα
432 3001 495 3056 τὸ
542 3007 671 3070 πᾶν,
720 3001 913 3079 ἀγαθὴ,
962 3012 1326 3079 προνοητικὴ,
1385 3003 1723 3083 δημιουργὸς
1749 3011 1856 3062 τῶν

240 3086 486 3160 ἀπάντων,
550 3091 758 3167 ὁρατῶν
821 3113 882 3148 τε
947 3094 1037 3148 καὶ
1085 3093 1352 3169 ἀοράτων,
1404 3096 1636 3165 ἀπαθής,
1688 3094 1859 3152 ἀναλ-

243 3175 471 3247 λοίωτος,
528 3180 810 3258 ἄτρεπτος,
856 3187 930 3255 νῷ
974 3183 1275 3260 ἀνθρώπων
1330 3185 1420 3241 καὶ
1474 3186 1718 3261 ἀγγέλων
1766 3188 1857 3242 καὶ

1975 603 2332 660 nerationem
2387 621 2401 670 ;
2472 604 2555 659 ita
2610 619 2742 657 cum
2790 601 3002 657 dicant
3061 616 3289 667 omnes,
3349 600 3631 671 Spiritum

1975 708 2103 748 esse
2163 710 2196 748 a
2253 696 2422 749 Patre
2501 692 2876 763 productum,
2958 688 3313 762 intelligitur
3385 705 3452 742 cx
3510 688 3633 743 solo

1974 781 2143 837 Patre
2187 782 2473 854 Spiritum
2524 796 2674 847 esse,
2735 779 3065 835 secundum
3126 795 3252 834 eam
3312 794 3438 849 quas
3499 782 3635 832 ante

1973 869 2189 927 saecula
2215 875 2304 926 est
2332 868 2771 942 productionem
2803 884 2815 921 :
2852 867 2899 922 si
2949 866 3111 923 solus
3160 884 3228 922 ex
3288 865 3412 922 solo
3462 865 3635 921 Patre

1972 962 2063 1014 est
2085 958 2286 1027 Filius,
2321 958 2483 1015 solus
2540 975 2607 1013 ex
2637 956 2759 1013 solo
2818 957 2985 1011 Patre
3041 961 3129 1011 est
3185 955 3436 1028 Spiritus
3494 972 3630 1011 san-

1973 1051 2123 1103 ctus.
2155 1048 2317 1112 Quod
2366 1051 2589 1119 spectat
2621 1050 2815 1101 autem
2854 1045 3171 1100 secundam
3206 1044 3628 1114 profusionem,

1974 1135 2093 1192 sive
2130 1136 2783 1207 dispensationem,qua
2813 1134 2987 1189 datur
3017 1133 3090 1188 iis
3122 1132 3220 1204 qui
3253 1132 3414 1205 digni
3446 1137 3627 1200 sunt;

1974 1225 2129 1281 sicut
2148 1243 2216 1281 ex
2247 1226 2412 1281 Patre
2440 1230 2530 1280 est
2556 1225 2829 1296 Spiritus,
2866 1223 2943 1277 ita
2981 1227 3038 1277 et
3080 1239 3181 1293 per
3234 1221 3441 1276 Filium
3475 1228 3530 1277 et
3562 1238 3632 1277 ex

1975 1314 2139 1370 Filio.
2174 1314 2676 1380 Quemadmodum
2710 1318 2767 1367 et
2808 1315 3164 1384 postremam
3216 1310 3340 1365 Filii
3388 1327 3632 1383 genera-

1971 1404 2214 1473 tionem,
2247 1405 2375 1474 ejus
2405 1403 2628 1459 scilicet
2651 1404 2721 1458 ad
2755 1419 2861 1456 nos
2894 1402 3231 1468 adventum,
3271 1417 3385 1455 non
3418 1417 3484 1454 ex
3507 1398 3631 1455 solo

1973 1509 2099 1548 esse
2132 1497 2320 1563 Patre,
2344 1492 2444 1547 sed
2478 1492 2654 1547 etiam
2679 1507 2747 1546 ex
2805 1490 3023 1561 Spiritu
3073 1494 3276 1544 sancto
3325 1488 3632 1544 existima-

1973 1597 2127 1637 mus.
2157 1583 2415 1653 Ejusque
2457 1579 2562 1635 tibi
2604 1579 2679 1634 rei
2708 1578 2875 1635 tidem
2911 1577 3082 1634 faciat
3115 1576 3379 1649 angelica
3406 1593 3517 1632 vox
3561 1577 3631 1632 ad

1974 1670 2294 1743 Josephum
2327 1668 2516 1725 virum
2548 1668 2744 1724 Mariae
2792 1668 2983 1724 facta:
3020 1689 3046 1717 «ι
3077 1665 3202 1721 Noli
3238 1666 3444 1722 timere
3475 1667 3631 1722 acci-

1974 1764 2109 1831 pere
2141 1758 2380 1816 Mariam
2411 1758 2721 1830 conjugem
2748 1761 2910 1812 tuam
2937 1772 2950 1811 :
2975 1757 3130 1827 quod
3152 1756 3306 1811 enim
3341 1756 3400 1810 in
3423 1772 3492 1811 ea
3521 1773 3630 1811 na-

1973 1852 2098 1904 tum
2119 1853 2230 1915 est,
2264 1866 2333 1904 ex
2355 1847 2573 1920 Spiritu
2606 1850 2810 1903 sancto
2840 1849 2930 1901 est
2960 1846 3023 1900 ¹⁴.
3058 1868 3085 1896 ››
3107 1845 3268 1912 Quod
3299 1844 3347 1899 si
3371 1845 3629 1901 ediscere

1970 1938 2174 2009 cupias
2190 1937 2419 2009 aliquos
2433 1954 2499 1993 ex
2518 1935 2753 2008 magnis
2766 1936 2918 2006 apud
2936 1951 3041 1991 nos
3054 1933 3630 2001 sanctis,afﬁrmasse

1969 2042 2039 2081 ex
2068 2025 2191 2082 solo
2217 2031 2385 2082 Patre
2417 2025 2698 2097 Spiritum
2734 2029 3001 2080 sanctum
3027 2023 3484 2095 procederejam
3518 2022 3622 2078 tibi

1972 2134 2250 2190 magnum
2284 2115 2550 2173 Ecclesia
2575 2122 2805 2181 nostrae,
2840 2115 2957 2170 imo
3001 2114 3180 2169 totius
3229 2114 3385 2169 orbis
3418 2112 3624 2183 solem,

1968 2205 2242 2277 Cyrillum
2269 2206 2514 2277 hujusce
2543 2203 2625 2259 rei
2654 2203 2850 2274 accipe
2879 2207 3089 2257 testem
3120 2217 3132 2255 :
3161 2200 3216 2255 in
3251 2216 3358 2255 suo
3373 2215 3628 2272 namque

1970 2296 2043 2349 De
2078 2296 2344 2350 Trinilule
2374 2292 2523 2348 libro
2555 2297 2754 2363 aperte
2784 2291 2867 2344 ita
2896 2289 3179 2362 loquitur.
3214 2289 3624 2355 Sanctissima,

1969 2384 2182 2457 inquit,
2216 2391 2270 2439 et
2300 2382 2631 2438 veneranda
2657 2379 2936 2447 Trinitas,
2971 2396 3101 2449 quae
3129 2384 3263 2434 ante
3294 2378 3493 2435 omnia
3520 2395 3622 2432 saa-

1969 2473 2101 2531 cula
2130 2478 2221 2529 est
2249 2477 2307 2528 et
2336 2488 2569 2542 semper
2609 2470 2827 2539 futura,
2858 2469 3199 2539 incorrupta
3245 2471 3357 2533 est,
3389 2473 3622 2535 mterna,

1968 2563 2331 2635 incorporea,
2390 2557 3027 2632 incomprehensibilis,
3090 2556 3622 2628 incircumscripta,

1971 2652 2072 2708 sed
2104 2668 2234 2724 qua:
2263 2649 2675 2722 complectitur
2703 2647 2922 2716 omnia,
2948 2646 3406 2717 universumque
3445 2645 3624 2700 conti-

1970 2745 2068 2798 net
2090 2757 2103 2795 :
2129 2740 2301 2810 bona,
2334 2738 2595 2812 provida,
2626 2736 2872 2792 creatrix
2902 2734 3190 2804 omnium,
3219 2733 3532 2790 visibilium
3566 2738 3623 2789 et

1967 2828 2379 2896 invisibilium,
2403 2826 2765 2899 impatibilis,
2796 2823 3206 2892 immutabilis,
3240 2822 3623 2892 invariahilis,

1971 2918 2149 2975 menti
2182 2916 2489 2973 hominum
2523 2920 2579 2972 et
2613 2914 2974 2987 angelorum,
3034 2917 3354 2984 creataaque
3403 2904 3645 2967 naturas-

1967 3004 2605 3080 incomprehensibilis,
2648 3005 2705 3059 in
2734 3005 2922 3075 seipse
2955 3001 3495 3068 consubstantialis,
3530 3002 3626 3055 in-

1968 3094 2480 3154 communicabilis
2510 3093 2833 3149 secundum
2857 3091 3252 3148 substantiam
3282 3090 3438 3145 omni
3464 3106 3622 3145 crea-

1968 3192 2115 3242 turae
2148 3201 2162 3242 :
2203 3202 2326 3255 quae
2360 3201 2393 3239 a
2422 3183 2618 3255 seipsa
2648 3182 2838 3238 solum
2883 3183 3277 3254 cognoscitur,
3310 3183 3367 3235 et
3398 3196 3431 3235 a
3464 3178 3625 3234 nulla

240 3271 298 3342 τῇ
348 3275 527 3345 κτιστῇ
585 3271 741 3350 φύσει
788 3272 1189 3343 ἀκατάληπτος·
1234 3275 1528 3348 ὁμοούσιος
1572 3275 1625 3331 ἐν
1671 3277 1854 3351 ἑαυτῇ,

1975 3278 2185 3332 natura
2216 3291 2343 3347 quae
2375 3272 2433 3328 in
2466 3272 2575 3328 hoe
2596 3272 2817 3327 mundo
2840 3269 2925 3326 vel
2959 3287 3131 3342 supra
3155 3269 3309 3325 hunc
3337 3268 3623 3323 mundum

240 3354 585 3431 ἀκοινώνητος
643 3357 701 3415 δὲ
754 3362 873 3417 κατ’
921 3361 1104 3417 οὐσίαν
1161 3365 1305 3438 πάσῃ
1351 3367 1420 3438 τῇ
1451 3364 1639 3419 κτίσει⁶
1696 3387 1859 3441 γινω-

242 3448 459 3520 σκομένη
506 3448 673 3522 μόνον
717 3449 804 3528 ὐφ’
856 3449 1071 3524 ἑαυτῆς,
1121 3452 1208 3507 ὑπ’
1238 3449 1495 3526 οὐδεμιᾶς
1525 3452 1734 3531 φύσεως
1760 3462 1861 3524 τῆς

239 3533 287 3588 ἐν
336 3541 408 3607 τῷ
460 3538 654 3611 κόσμῳ
707 3537 887 3612 τούτῳ
940 3541 1031 3595 καὶ
1077 3547 1178 3610 τῆς
1230 3542 1361 3617 ὑπὲρ
1415 3541 1619 3616 κόσμον
1646 3541 1857 3599 τουτον·

242 3625 394 3695 μονὰς
464 3626 517 3681 ἐν
586 3627 762 3704 τρισὶν
832 3628 1208 3698 ὕποστάσεσιν,
1281 3626 1456 3686 εἵτουν
1518 3630 1857 3708 προσώποις,

235 3713 316 3767 καὶ
368 3715 526 3790 Τριάς
586 3714 638 3771 ἐν
705 3714 898 3791 μονάδι
954 3718 1234 3789 θεότητος,
1287 3718 1414 3789 ἤτοι
1477 3727 1603 3795 μιᾶς
1673 3721 1856 3785 οὐσίας

234 3803 613 3878 γινωσκομένη.
647 3808 862 3878 Ταύτης
893 3815 993 3877 τῆς
1024 3808 1173 3885 ἁγίας
1214 3808 1304 3863 καὶ
1352 3813 1549 3880 σεπτῆς
1600 3808 1856 3885 μονάδος,

233 3891 283 3943 αἱ
346 3894 708 3967 προσκυνηταί
781 3903 925 3974 τρεῖς
989 3897 1303 3961 ὑποστάσεις
1358 3900 1711 3975 γινώσκονται
1768 3903 1859 3956 καὶ

234 3982 577 4038 πιστεύονταιο
637 3983 690 4038 ἐν
750 3986 920 4063 Πατρὶ
980 3986 1220 4064 ἀνάρχῳ,
1270 3987 1516 4062 ἀναιτίῳ,
1558 3989 1855 4066 ἀγεννήτῳ,

234 4066 404 4143 ἀϊδίῳ·
444 4073 534 4127 καὶ
598 4072 649 4129 ἐν
717 4076 827 4147 Υἱῷ
893 4082 1177 4153 μονογενεῖ
1240 4077 1551 4153 γεννηθέντι
1579 4078 1853 4155 ἀῤῥήτως,

240 4158 321 4213 καὶ
351 4161 558 4225 ἀπαθῶς
586 4161 677 4218 καί
707 4163 1015 4241 ἀφράστως,
1046 4167 1152 4239 πρὸ
1199 4164 1416 4222 πάντων
1461 4173 1566 4222 τῶν
1618 4168 1854 4242 αἶ’ώνων,

238 4244 296 4301 ἐκ
358 4257 451 4319 τῆς
511 4252 695 4315 οὐσίας
748 4252 914 4324 αὐτῆς
971 4258 1068 4309 τοῦ
1128 4256 1356 4331 Πατρὸς,
1410 4258 1500 4312 καὶ
1560 4255 1648 4311 διὰ
1694 4262 1856 4314 τοῦτο

235 4336 495 4413 ὁμοουσίῳ
523 4343 611 4396 καὶ
642 4340 744 4415 ἴσῳ
770 4347 849 4414 τῷ
898 4343 1088 4419 Πατρὶ,
1121 4344 1297 4421 χωρὶς
1344 4352 1445 4415 τῆς
1495 4346 1857 4421 πατρότητος,

236 4424 402 4502 ἀρχὴν
451 4427 506 4484 δὲ
557 4430 646 4485 καὶ
708 4430 876 4486 αἰτίαν
936 4434 1028 4488 τὸν
1079 4432 1289 4510 Πατέρα
1336 4429 1517 4509 ἔχοντι
1566 4440 1856 4511 γεννητῶς·

235 4514 321 4568 καὶ
373 4516 420 4570 ἐν
488 4519 761 4593 ΙΙνε-ὖματι
826 4519 965 4596 ἁγίῳ
1038 4526 1294 4595 ζωοποιῷ
1374 4521 1858 4599 προσκυνουμένῳ,

237 4600 627 4681 ἐκπορευομένῳ
703 4608 762 4664 ἐκ
820 4614 919 4665 τοῦ
995 4611 1225 4687 Πατρός,
1302 4612 1571 4667 τουτέστιν
1649 4611 1708 4667 ἐκ
1760 4616 1859 4684 τῆς

243 4690 408 4778 οὐσίας
453 4701 548 4751 τοῦ
594 4693 822 4773 Πατρός.
883 4697 960 4756 Οὐ
1009 4705 1280 4775 γεννητῶς
1335 4701 1576 4778 καθάπερ
1635 4702 1663 4755 6
1713 4703 1858 4770 Υἱὸς,

236 4776 319 4834 ’ἱνα
350 4785 417 4856 μή
447 4782 540 4841 δύο
572 4785 687 4842 Υἱοὶ
719 4787 771 4843 ἐν
802 4792 870 4863 τῇ
902 4786 1115 4864 Τριάδι”
1140 4787 1267 4845 ἀλλ’
1296 4776 1859 4865 ἐκποόευομὲνῳ,καθ-

241 4866 365 4947 άπερ
402 4871 624 4949 εῖρηται,
672 4875 731 4931 ἐκ
782 4877 947 4951 μόνου
991 4880 1088 4932 τοῦ
1138 4879 1369 4956 Πατρὸς,
1401 4879 1488 4935 καὶ
1520 4879 1627 4934 ἀπὸ
1658 4880 1862 4954 στόμα-

242 4976 343 5019 τος³
395 4964 648 5035 πεφηνότι
708 4962 765 5021 δὲ
824 4962 894 5020 δι’
951 4966 1100 5033 ficii,
1158 4968 1248 5022 καὶ
1308 4966 1608 5038 λαλήσαντι
1664 4967 1863 5032 ἐντοῖς

248 5046 406 5121 ἁγίοις
454 5056 758 5132 προφήταις
804 5055 896 5110 καὶ
943 5053 1290 5119 ἀποστόλοις.
1343 5055 1520 5127 Πλὴν,
1564 5057 1641 5121 ὡς
1690 5058 1861 5131 εἶπον,

1969 3365 2183 3420 fuerit:
2219 3362 2486 3419 unitasin
2518 3362 2710 3417 tribus
2735 3359 3177 3434 hypostasibus,
3211 3374 3311 3413 seu
3337 3357 3624 3429 personis,

1969 3456 2028 3509 et
2054 3452 2289 3511 trinitas
2311 3451 2369 3505 in
2402 3449 2628 3506 unitate
2649 3449 2908 3517 deitatis,
2941 3448 3061 3503 sive
3120 3446 3296 3502 unius
3354 3446 3622 3502 substan.

1966 3541 2059 3597 tim
2086 3541 2337 3613 cognita.
2370 3540 2558 3611 Hujus
2588 3542 2801 3594 sancta:
2849 3543 2907 3592 et
2960 3537 3301 3592 venerandae
3355 3534 3621 3603 unitatis,

1968 3632 2277 3687 adorandae
2308 3635 2426 3686 tres
2458 3627 2806 3702 hypostases
2836 3632 3272 3699 cognoscuntur
3303 3630 3476 3695 atque
3503 3638 3625 3677 cre-

1967 3721 2228 3777 duntur:
2260 3719 2322 3775 in
2353 3722 2521 3774 Patre
2551 3716 2651 3790 qui
2674 3722 2763 3773 est
2783 3715 2908 3772 sine
2938 3714 3245 3788 principio,
3278 3714 3403 3768 sine
3425 3727 3626 3767 causa-

1966 3810 2287 3883 ingonitus,
2311 3808 2740 3880 sempiternus:
2775 3805 2835 3859 in
2858 3804 2998 3859 Filio
3030 3802 3329 3875 unigenito
3355 3819 3368 3869 ;
3392 3801 3622 3856 inenar-

1965 3899 2247 3966 rabiliter,
2281 3895 2744 3970 impassibiliter,
2769 3892 3139 3948 inetl‘abiliter
3169 3897 3304 3947 nato
3332 3894 3466 3945 ante
3498 3904 3626 3942 om-

1967 3990 2075 4044 nia‘
2094 3987 2324 4056 saecula,
2357 4003 2425 4041 ex
2473 3986 2602 4057 ipsa
2649 3982 2833 4038 Patris
2881 3980 3233 4048 substantia,
3280 3983 3456 4049 atque
3495 3976 3624 4031 ideo

1966 4073 2453 4135 consubstantiali
2490 4070 2761 4144 etasquali
2784 4070 3214 4140 Patri,excepta
3253 4066 3626 4140 paternitate,

1967 4167 2064 4241 qui
2099 4183 2201 4240 pro
2267 4181 2446 4220 causa
2494 4163 2719 4218 Patrem
2765 4160 2964 4226 habet,
3025 4157 3340 4229 generandi
3404 4153 3630 4211 scilicet

1973 4256 2180 4313 modo:
2212 4258 2269 4310 et
2299 4252 2358 4308 in
2381 4250 2599 4324 Spiritu
2632 4253 2833 4305 sancto
2880 4253 2938 4304 et
2985 4248 3308 4303 viviﬁcante
3364 4246 3626 4319 adorato,

1969 4345 2325 4419 procedente
2372 4359 2441 4397 ex
2470 4341 2658 4409 Patre,
2692 4338 2750 4393 id
2801 4344 2890 4394 est
2918 4354 2986 4393 ex
3034 4335 3367 4392 substantia
3416 4333 3629 4397 Patris,

1968 4452 2085 4491 non
2109 4431 2503 4506 generatione,
2536 4428 3032 4500 quemadmodum
3052 4425 3250 4495 Filius,
3286 4441 3357 4480 ne
3378 4423 3493 4478 duo
3511 4422 3631 4477 sint

1977 4523 2106 4580 Filii
2144 4522 2204 4577 in
2250 4519 2577 4585 Trinitate;
2612 4518 2710 4573 sed
2774 4517 3145 4588 procedente,
3179 4513 3264 4569 uti
3293 4512 3511 4567 dictum
3545 4515 3636 4567 est

1968 4629 2035 4669 ex
2063 4610 2187 4668 solo
2216 4610 2401 4674 Patre,
2432 4612 2606 4679 atque
2661 4622 2730 4661 ex
2777 4620 2895 4661 ore.
2950 4603 3233 4676 Apparuit
3282 4606 3475 4657 autem
3528 4617 3632 4672 per

1969 4701 2204 4771 Filium,
2235 4698 2586 4769 locutusque
2615 4701 2706 4750 est
2734 4695 2792 4749 in
2823 4693 3043 4750 sanctis
3075 4692 3373 4765 prophetis
3395 4694 3451 4746 et
3491 4705 3629 4763 apo-

1976 4790 2169 4848 stolis.
2210 4789 2512 4852 Caeterum,
2563 4791 2625 4839 ut
2684 4783 2825 4853 dixi,
2876 4782 2975 4857 qui
3033 4787 3123 4837 est
3170 4798 3239 4837 ex
3296 4779 3632 4835 substantia

1970 4880 2159 4953 ipsius
2189 4876 2379 4934 Patris
2407 4882 2465 4931 et
2494 4873 2645 4942 Filii,
2679 4871 3324 4943 consubstantialisque
3354 4876 3443 4927 est
3474 4868 3627 4925 Patri

1971 4976 2028 5025 et
2056 4967 2221 5023 Filio.
2252 4960 2831 5021 lncommunicabilis
2855 4966 3049 5016 autem
3082 4966 3190 5027 est,
3212 4960 3366 5016 sicut
3399 4960 3631 5015 Pateret

1974 5056 2179 5127 Filius,
2211 5052 2371 5110 omni
2402 5054 2701 5117 creatum,
2740 5052 2911 5120 juxta
2941 5048 3283 5105 substantia:
3318 5048 3625 5104 rationem.

245 5141 335 5205 τῆς
359 5138 527 5204 οὐσίας
583 5142 749 5197 αὐτοῦ
801 5147 899 5198 τοῦ
961 5143 1169 5219 Πατρὸς
1227 5144 1319 5201 καὶ
1375 5149 1473 5200 τοῦ
1520 5146 1650 5200 Υἱοῦ
1699 5146 2025 5223 ὑπάρχοντι,
2082 5142 2172 5198 καὶ
2223 5141 2285 5196 τὸ
2316 5137 2610 5213 ὁμοούσιον
2645 5135 2827 5213 ἔχοντι
2882 5136 3020 5210 πρὸς
3079 5136 3287 5212 Πατέρα
3341 5134 3429 5190 καὶ
3479 5134 3622 5191 Υίόν.

248 5223 621 5312 ΪΑκοινώνητον
654 5229 712 5287 δὲ
740 5231 829 5287 καὶ
862 5230 989 5287 αὐτό
1038 5231 1203 5290 ἐστιν.
1226 5233 1408 5311 ὥσπερ
1440 5234 1529 5290 καὶ
1561 5235 1589 5290 ὁ
1621 5236 1807 5312 Πατὴρ
1864 5234 1957 5291 καὶ
1987 5234 2015 5289 ὁ
2072 5232 2193 5293 Υἱὸς
2250 5229 2385 5305 πρὸς
2445 5233 2612 5283 πᾶσαν
2641 5228 2739 5296 τὴν
2773 5225 2939 5281 κτίσιν
2998 5226 3133 5281 κατά
3161 5227 3251 5281 τὸν
3297 5231 3397 5294 τῆς
3442 5223 3624 5287 οὐσίας

245 5309 411 5375 λόγον.

307 5336 411 5389 γον.

306 5407 353 5460 2.
382 5406 534 5481 Ὁρᾷς
565 5413 683 5472 πῶς
715 5407 775 5465 ἐκ
815 5408 985 5481 μόνου
1030 5413 1128 5466 τοῦ
1172 5410 1382 5488 Πατρὸς
1423 5413 1487 5467 τὸ
1533 5415 1754 5486 Πνεῦμα
1795 5411 1859 5467 τὸ

243 5490 379 5567 ἅγιον
420 5498 550 5553 κατὰ
595 5499 687 5553 τὸν
738 5499 887 5574 ἅγιον
920 5496 1219 5576 Κόριλλον,
1249 5500 1284 5570 ἢ
1320 5499 1534 5574 μᾶλλον
1565 5503 1701 5557 κατὰ
1755 5506 1859 5557 πᾶ-

242 5598 322 5636 σαν
372 5585 467 5655 τὴν
521 5586 663 5643 θείαν
710 5588 951 5667 Γραφήν.
1000 5587 1099 5645 Καὶ
1142 5588 1218 5664 μή
1272 5610 1368 5664 μοι
1420 5590 1484 5646 τὸ
1539 5590 1646 5648 ἀπὸ
1701 5587 1862 5646 τοῦδε

299 5692 340 5729 ³⁸
357 5692 558 5756 Matth.
589 5711 633 5766 1,
655 5697 742 5752 20.

2039 5411 2094 5466 2.
2129 5407 2329 5465 Viden’
2362 5407 2515 5480 quod
2565 5423 2633 5463 ex
2683 5405 2806 5462 solo
2853 5406 3020 5462 Patre
3066 5406 3143 5461 sit
3189 5403 3441 5477 Spiritus
3489 5421 3624 5461 san-

1969 5503 2100 5558 ctus
2141 5499 2311 5569 juxta
2357 5500 2628 5554 sanctum
2685 5494 3008 5567 Cyrillum;
3070 5496 3187 5551 imo
3227 5496 3399 5565 juxta
3437 5499 3618 5549 totam

1967 5588 2328 5661 Scripturam
2361 5602 2608 5643 sacram.
2642 5584 2713 5641 Et
2738 5599 2812 5639 ne
2840 5582 2976 5655 quis
3013 5583 3156 5639 mihi
3200 5583 3355 5639 ultra
3411 5582 3620 5653 frigida
