4080 6206
433 353 548 414 827

1599 367 1666 426 S.
1711 363 2230 426 ATHANASIUS.
2261 394 2342 409 —
2370 364 2677 426 SPURIA.
3680 366 3768 424 828

440 484 541 540 illa
583 487 836 557 proferat
892 491 1085 558 verba,
1153 499 1255 549 aut
1320 496 1578 567 voculas,
1642 498 1797 568 quod
1864 495 2084 551 scilicet

2200 491 2406 568 λεγέτω
2454 514 2537 557 τις
2565 493 2632 548 τά
2661 494 2848 569 ψυχρᾶ
2879 493 3054 549 ἐκεῖνα
3085 492 3322 570 ῥήματα,
3353 493 3387 561 ἢ
3415 490 3668 566 λογῦδρια,
3706 494 3772 548 ὅτι

441 575 702 644 prmclari
750 576 832 631 illi
866 579 969 632 viri
1015 581 1364 639 Athanasius
1413 590 1470 640 et
1525 585 1794 658 Cyrillus,
1853 600 2088 655 unaque

441 663 754 735 Gregorius
806 667 1125 738 Nyssenus,
1177 673 1492 730 additionis
1559 677 1615 731 in
1657 692 1831 730 causa
1907 676 2084 729 fuere.

437 752 800 811 Athanasius
847 758 1066 830 quippe
1127 759 1207 816 ita
1265 763 1345 818 ait
1397 781 1409 819 :
1469 765 1720 835 Spiritus
1775 781 1842 819 ex
1896 763 2084 834 Patre,

438 841 618 912 (aiunt
647 844 991 917 adversarii)
1025 854 1080 902 et
1127 868 1160 904 a
1208 854 1416 917 Verbo,
1464 855 1617 924 quod
1673 859 1762 909 est
1815 870 1882 909 ex
1919 854 2086 908 Patre

438 932 714 1000 procedit.
744 933 1040 1005 Nyssenus
1064 945 1258 995 autem
1293 947 1607 1014 postquam
1657 943 1824 1012 dixit,
1872 942 2083 998 Filium

439 1035 566 1073 esse
631 1022 1000 1091 peculiariter
1065 1044 1130 1082 ex
1191 1029 1399 1100 primo,
1477 1031 1534 1086 id
1593 1037 1684 1087 est
1749 1048 1816 1087 ex
1894 1036 2083 1096 Patre,

440 1107 711 1180 deinceps
745 1111 821 1165 ait
857 1129 869 1167 :
903 1115 1153 1184 Spiritus
1212 1135 1312 1188 per
1365 1137 1498 1174 eum
1549 1121 1648 1192 qui
1697 1127 1788 1176 est
1831 1120 2084 1192 peculia-

435 1196 578 1252 riter
599 1213 667 1253 ex
697 1200 905 1270 primo.
937 1205 1418 1275 Sapientissimus
1448 1227 1578 1264 vero
1609 1209 1857 1281 Cyrillus
1888 1215 2086 1282 aperte

437 1287 602 1356 dixit,
634 1305 702 1343 ex
732 1293 1039 1358 ambobus,
1073 1296 1240 1351 Patro
1271 1315 1479 1369 nempe
1510 1299 1761 1368 etlFilio,
1801 1299 2085 1370 Spiritum

435 1389 563 1430 esse
594 1385 884 1434 sanctum.
923 1383 1047 1435 Haec
1080 1389 1217 1438 sunt
1252 1392 1597 1457 argumenta
1629 1393 1930 1442 auctorum
1953 1404 2082 1459 por-

435 1469 676 1519 tentosae
710 1467 867 1524 illius
907 1477 1080 1542 atque
1132 1491 1317 1544 pravae
1368 1475 1705 1530 additionis.
1757 1477 1872 1548 Ego
1925 1493 2081 1547 vero,

437 1551 679 1623 ignarus
701 1554 857 1624 licet,
891 1582 918 1608 «
952 1578 1187 1617 omnem
1222 1581 1463 1619 sensum
1496 1565 1795 1636 captivans
1848 1566 1907 1620 in
1942 1566 2083 1621 obe-

438 1642 718 1699 dientiam
751 1646 988 1717 Christi,
1029 1674 1048 1698 u
1077 1651 1185 1706 hac
1218 1653 1439 1709 ratione
1470 1653 1594 1709 loca
1617 1654 1716 1710 illa
1745 1654 2084 1725 explico.Ea

439 1734 731 1788 sententia
761 1737 1117 1794 Athanasius
1150 1741 1250 1806 ait,
1279 1742 1556 1813 Spiritum
1615 1760 1683 1798 ex
1725 1748 1896 1798 Patre
1931 1760 2082 1812 esse,

2198 583 2514 644 Ἀθανάσιος
2561 583 2650 637 καὶ
2701 581 2980 659 Κόριλλος
3029 583 3080 637 οἱ
3134 579 3397 654 ἀοίδιμοι,
3428 582 3552 656 πρὸς
3581 580 3630 635 δὲ
3654 583 3769 636 καὶὸ

2198 672 2478 726 Νυσσαὲων
2555 671 2895 747 Γρηγόριος,
2978 679 3080 740 τῆς
3165 672 3475 748 προσθήκης
3547 672 3770 745 γεγόνασιν

2196 760 2380 819 αἴτιοι,
2413 763 2474 818 Ὀ
2508 763 2599 834 μὲν
2634 763 2737 836 γὰρ
2769 761 3080 826 Ἀθανάσιος
3112 761 3284 822 οὕτως
3313 760 3459 837 φησί·
3492 760 3562 816 Τὸ
3603 765 3776 831 Πνεῦμα

2196 849 2256 904 ἐκ
2300 855 2396 905 τοῦ
2450 851 2659 926 Πατρὸς
2709 851 2761 904 οἱ
2812 851 3075 906 ἀντίθετοι
3124 849 3364 926 λέγουσι,
3422 849 3507 904 καὶ
3559 849 3774 924 παράτοῦ

2196 940 2392 1016 Λόγου,
2424 945 2520 994 τοῦ
2551 939 2611 995 ἐκ
2640 941 2872 1015 Πατρὸς,
2921 939 3368 1015 ἐκπορευόμενον·
3418 939 3446 994 6
3491 935 3544 993 δὲ
3586 940 3775 1008 Nauem,

2195 1029 2360 1084 εἰπὼν
2401 1031 2492 1084 τὸν
2539 1030 2662 1084 Υῖὸν
2712 1029 2847 1083 εἶναι
2895 1033 3182 1104 προσεχῶς
3216 1026 3275 1082 ἐκ
3310 1032 3405 1082 τοῦ
3433 1028 3633 1100 πρώτου
3657 1049 3778 1082 τουτ-

2195 1120 2303 1173 ἐστι
2356 1123 2452 1173 τοῦ
2511 1119 2741 1194 Πατρὸς,
2792 1117 2912 1188 ἑξῆς
2959 1117 3134 1193 λέγει’
3184 1117 3259 1174 Τὸ
3321 1121 3530 1189 Πνεῦμα
3581 1113 3660 1171 διὰ
3703 1121 3777 1171 τοῦ

2192 1212 2482 1284 προσεχῶς
2538 1207 2597 1262 ἐκ
2651 1211 2749 1262 τοῦ
2797 1208 3038 1281 πρῶτον
3089 1208 3116 1261 6
3163 1203 3221 1260 δὲ
3262 1227 3324 1282 γε
3377 1206 3662 1283 σοφώτατος
3702 1206 3780 1259 Κό-

2195 1295 2387 1372 ριλλος
2433 1301 2746 1374 προφανῶς,
2800 1296 2984 1373 φησὶν,
3034 1294 3246 1368 εἴρηκεν
3296 1294 3347 1365 ἐξ
3391 1295 3581 1372 ἀμφοῖν
3612 1297 3780 1366 Πατρὸς

2192 1387 2282 1440 καὶ
2357 1387 2483 1441 Υἱοῦ
2560 1387 2622 1441 τὸ
2695 1390 2912 1458 Πνεῦμα
2975 1386 3038 1439 τὸ
3111 1386 3286 1460 ἅγιον.
3346 1389 3515 1439 Ταῦτα
3565 1389 3659 1437 τῶν
3707 1391 3782 1452 τῆς

2194 1477 2387 1552 σαθρᾶς
2463 1477 2782 1546 προσθήκης
2855 1479 3231 1551 τερατουργῶν
3303 1473 3371 1528 τά
3445 1467 3781 1547 προϐλήματα.

2192 1565 2410 1639 Ἔγωγε
2467 1561 2512 1618 δ’
2571 1590 2598 1615 ‹‹
2657 1566 2794 1618 ἅπαν
2849 1563 3062 1636 νόημα,
3122 1587 3152 1614 ››
3215 1562 3408 1635 καίπερ
3463 1558 3530 1614 ὢν
3585 1561 3778 1632 ἆμαθῆς.

2199 1678 2218 1703 ει
2255 1652 2683 1728 αἰχμαλωτίζων
2713 1655 2789 1714 εἷς
2817 1654 2916 1722 τήν
2952 1653 3192 1720 ὑπακοὴν
3224 1655 3322 1706 τοῦ
3366 1654 3607 1726 Χριστοῦ,
3638 1675 3662 1700 ι»
3702 1648 3783 1703 ὧδέ

2191 1763 2308 1804 πως
2351 1747 2518 1797 ταῦτα
2565 1740 2829 1818 διασαφεῖ).
2884 1740 3070 1803 Οὕτως
3114 1742 3176 1795 τὸ
3236 1745 3455 1812 Πνεῦμα
3482 1739 3539 1794 ἐκ
3587 1743 3674 1793 τοῦ
3699 1745 3783 1794 Πα-

435 1826 493 1876 et
523 1839 555 1877 a
588 1824 766 1881 Verbo
794 1830 945 1897 quod
979 1847 1047 1884 ex
1073 1832 1232 1887 Patre
1264 1834 1540 1904 procedit.
1576 1835 2081 1900 Quemadmodum

2194 1831 2317 1906 τρός
2348 1853 2508 1909 φησιν
2540 1833 2882 1902 Ἀθανασιος,
2913 1831 3003 1885 καὶ
3047 1830 3192 1900 παρά
3232 1833 3333 1884 τοῦ
3379 1828 3571 1904 Λόγου,
3619 1831 3702 1882 τοῦ
3741 1827 3785 1882 ἐκ

435 1927 503 1965 ex
558 1913 686 1983 ipso
734 1922 1018 1972 coaeterno
1069 1919 1278 1976 Patre:
1331 1921 1484 1976 sicut
1528 1927 1584 1978 et
1637 1923 1894 1978 Verbum
1943 1925 2078 1978 mit-

433 1999 581 2054 titur
610 2003 896 2075 daturque
930 2006 1201 2064 fidelibus
1242 2027 1276 2065 a
1330 2010 1573 2081 Spiritu,
1606 2012 1811 2067 eadem
1861 2013 2086 2068 ratione

433 2103 550 2157 qua
581 2090 652 2144 ab
685 2090 810 2162 ipso
842 2092 1030 2149 Patre.
1080 2096 1508 2152 Testimonium
1566 2099 1762 2170 accipe
1819 2099 1889 2155 ab
1956 2100 2085 2171 ipso

437 2177 618 2234 Verbo
649 2185 823 2252 atque
846 2183 1012 2250 Filio,
1043 2184 1271 2242 aiente:
1307 2210 1334 2237 ‹‹
1366 2188 1620 2258 Spiritus
1655 2189 1880 2244 Domini
1909 2205 2088 2260 super

438 2268 583 2322 301
625 2287 736 2335 me,
768 2288 832 2326 eo
857 2275 1008 2341 quod
1025 2276 1793 2350 unxcritme.Evangelizare
1813 2277 2084 2350 pauperi-

438 2357 550 2413 bus
582 2360 742 2416 misit
775 2379 865 2416 me
890 2365 954 2418 1⁵.
979 2388 1007 2414 ››
1033 2366 1282 2422 Sanctus
1312 2384 1446 2438 ergo
1469 2369 1724 2440 Spiritus
1746 2368 1954 2423 Filium
1976 2387 2083 2423 un-

438 2447 522 2502 xit
551 2453 726 2520 atque
752 2453 943 2520 misit;
979 2456 1079 2508 sed
1112 2456 1287 2510 etiam
1335 2457 1502 2512 Pater
1546 2474 1611 2512 ex
1673 2459 1962 2513 ambobus
1994 2458 2083 2512 Fi-

436 2537 513 2592 lio
545 2537 767 2595 scilicet
799 2551 854 2596 et
881 2543 1098 2614 Spiritu
1159 2546 1433 2601 mittitur.
1469 2550 1590 2614 Qua
1643 2549 1865 2603 ratione
1914 2565 2083 2620 porro

433 2627 489 2680 id
528 2628 645 2694 fiat,
680 2630 907 2686 Patrem
931 2633 1068 2687 audi
1110 2651 1209 2705 per
1238 2635 1449 2690 Isaiam
1500 2635 1842 2708 prophetam
1888 2637 1970 2691 ita
2001 2635 2084 2690 lo-

434 2724 711 2786 quentem
738 2735 751 2772 :
782 2740 810 2769 ‹‹
855 2722 1005 2776 Audi
1038 2739 1150 2790 me,
1210 2723 1391 2780 Jacob
1439 2731 1496 2780 et
1541 2725 1740 2793 Israel,
1773 2742 1947 2797 quem
1979 2742 2084 2796 ego

432 2821 610 2861 voco:
647 2811 761 2879 Ego
793 2808 947 2865 Deus
973 2811 1220 2882 primus,
1251 2818 1306 2868 et
1336 2829 1440 2885 ego
1499 2820 1629 2885 post
1656 2813 1776 2869 haec
1804 2831 1817 2869 :
1853 2819 1909 2870 et
1941 2833 2084 2886 prae-

435 2899 523 2949 ter
546 2912 634 2950 me
668 2914 781 2952 non
814 2903 903 2953 est
944 2900 1117 2956 Deus.
1160 2903 1276 2973 Ego
1310 2919 1483 2958 manu
1522 2920 1652 2958 mea
1698 2904 1936 2958 fundavi
1969 2909 2083 2958 ter-

437 3000 583 3051 ram,
620 2989 676 3039 et
705 2987 959 3057 Spiritus
985 3007 1150 3045 meus
1192 2992 1446 3046 firmavit
1479 2992 1712 3048 cmlum.
1744 2994 1861 3064 Ego
1893 2993 2081 3048 omni-

437 3074 548 3128 bus
615 3075 790 3132 astris
848 3080 1114 3150 praecepi.
1193 3082 1261 3136 Et
1343 3099 1500 3138 nunc
1575 3084 1856 3139 Dominus
1923 3083 2084 3138 misit

442 3179 532 3216 me
567 3165 626 3216 “5.
661 3187 688 3214 ››
719 3165 881 3221 Pater
911 3168 1089 3238 igitur
1112 3176 1200 3224 est
1231 3171 1327 3242 qui
1361 3172 1467 3227 hoc
1525 3171 1650 3228 loco
1702 3173 1879 3228 dicit:
1919 3197 1939 3221 «
1976 3172 2080 3227 Mi-

2195 1921 2423 1994 Πατρὸς,
2481 1920 2928 1995 ἐκπορευόμενον,
2991 1919 3170 1993 ὥσπερ
3227 1919 3319 1974 καὶ
3380 1917 3428 1990 ἐξ
3503 1916 3650 1973 αὐτοῦ
3710 1920 3784 1971 τοῦ

2195 2007 2467 2065 συναῖδίου
2543 2010 2774 2086 Πατρὸς,
2857 2009 2992 2063 καθά
3055 2008 3145 2062 καὶ
3203 2009 3231 2062 ὁ
3290 2008 3416 2070 Υἱὸς
3474 2005 3630 2068 οὓτως
3677 2005 3782 2059 ἀπο-

2194 2099 2474 2154 στέλλεται
2545 2101 2677 2173 (20),
2752 2098 2841 2153 καὶ
2915 2095 3122 2152 δίδοται
3197 2097 3346 2172 παρά
3424 2100 3516 2151 τοῦ
3584 2094 3786 2166 Πνεῦμα-

2193 2211 2286 2250 τος
2361 2195 2476 2252 τοῖς
2547 2194 2782 2256 πιστοῖς,
2844 2188 2919 2250 ὡς
2971 2186 3062 2242 καὶ
3119 2185 3169 2257 ἐξ
3230 2185 3402 2240 αὐτοῦ
3455 2189 3546 2239 τοῦ
3597 2182 3783 2259 Πατρός·

2191 2280 2281 2333 καὶ
2364 2279 2462 2347 τήν
2546 2276 2838 2353 μαρτυρίαν
2921 2276 3011 2330 ἀπ’
3071 2275 3233 2330 αὐτοῦ
3293 2269 3534 2346 λάμϐανε
3573 2277 3659 2328 τοῦ
3708 2273 3787 2326 Λό-

2191 2389 2289 2444 γου
2346 2367 2436 2422 καὶ
2493 2368 2642 2436 Υἱοῦ,
2707 2367 2984 2438 «Πνεῦμα
3043 2365 3262 2439 Κυρίου,
3295 2389 3326 2416 ››
3363 2362 3618 2439 λέγοντος,
3663 2385 3688 2413 ι(
3725 2359 3786 2414 ἐπ’

2194 2455 2311 2528 ἐμὲ,
2345 2456 2406 2509 οὗ
2439 2454 2634 2510 εἶ’νεκεν
2682 2450 2868 2529 ἔχρισέ
2926 2474 3012 2526 με.
3074 2450 3528 2526 Εὖαγγελίσασθαι
3580 2454 3784 2522 πτωχοῖς

2193 2541 2496 2599 ἀπέσταλκε
2531 2564 2613 2616 με.
2655 2566 2683 2594 ››
2714 2545 2855 2616 Ἀρα
2883 2542 2946 2596 τὸ
2981 2545 3199 2612 Πνεῦμα
3226 2541 3318 2594 καὶ
3353 2539 3535 2614 ἔχρισε
3568 2539 3650 2592 τὸν
3677 2538 3783 2606 Υἱόν9

2191 2632 2281 2688 καί
2330 2633 2676 2687 ἀπέσταλκεν·
2729 2628 2874 2686 ἀλλά
2923 2631 3012 2685 καί
3061 2631 3089 2684 6
3140 2631 3330 2704 Πατήρ
3379 2628 3430 2699 ἐξ
3475 2627 3658 2704 ἀμφοῖν
3687 2626 3784 2680 Υἱοῦ

2191 2723 2280 2777 καὶ
2313 2721 2623 2794 Πνεόματος
2657 2719 3070 2777 ἀποστέλλεται.
3103 2722 3295 2780 ’Όπως
3350 2715 3409 2772 δῖε
3453 2721 3622 2781 τοῦτο,
3659 2715 3786 2769 αὐτοῦ

2192 2816 2287 2866 τοῦ
2337 2812 2547 2886 Πατρός
2599 2810 2742 2865 οὕτω
2792 2807 2882 2863 διὰ
2927 2806 3149 2866 Ἠσαίου
3177 2811 3278 2862 τοῦ
3309 2808 3590 2885 προφήτου
3636 2802 3786 2879 λέγονυ

2190 2922 2284 2964 τος
2318 2899 2564 2955 ἄκουσον·
2600 2925 2627 2950 ‹‹
2673 2898 2870 2956 ’Ἄκουὲ
2919 2920 3048 2972 μου,
3097 2891 3295 2954 Ἰακὼϐ
3338 2896 3429 2951 καὶ
3481 2896 3698 2970 ἸσραὴΑ,
3743 2890 3784 2944 εν

2193 2989 2298 3065 ἐγὼ
2323 2988 2496 3045 καλὼ.
2531 2989 2670 3062 Ἐγὼ
2702 2987 2829 3049 Θεὸς
2883 2993 3124 3063 πρῶτος,
3184 2985 3297 3061 ἐγὼ
3326 2985 3416 3039 καὶ
3471 2983 3595 3057 μετά
3636 2984 3782 3036 ταῦτα·

2193 3080 2282 3134 καὶ
2313 3077 2456 3147 πλὴν
2492 3076 2625 3150 ἐμοῦ
2657 3078 2776 3138 Θεὸς
2808 3075 2908 3131 οῦκ
2939 3073 3100 3134 ἔστιν.
3133 3075 3280 3150 Ἐγὼ
3313 3072 3460 3149 χειρί
3504 3094 3599 3146 μου
3644 3071 3788 3141 teips-

2196 3168 2370 3224 λίωσα
2425 3169 2521 3237 τήν
2567 3174 2695 3240 γῆν,
2735 3165 2824 3220 καὶ
2881 3165 2943 3219 τὸ
2991 3163 3214 3237 Πνεῦμά
3264 3185 3372 3237 μου
3423 3159 3683 3234 ἐστερεωσε
3717 3155 3787 3211 τόν

431 3249 510 3304 sit
543 3267 654 3307 me.
684 3274 711 3302 ››
741 3255 934 3310 Viden’
956 3259 1349 3329 azqualitatem
1385 3262 1562 3317 trium
1599 3277 1977 3334 personarum
1992 3278 2083 3317 ex-

2196 3257 2440 3334 οὐρανόν.
2500 3257 2639 3332 Ἐγὼ
2695 3261 2825 3310 πᾶσι
2872 3260 2990 3316 τοῖς
3041 3253 3259 3326 ἄστροις
3313 3250 3666 3323 ἐνετειλάμην.
3711 3244 3787 3300 Καὶ

430 3339 769 3397 celsissimae
804 3344 1087 3402 deitatis?
1127 3349 1269 3404 Cum
1313 3351 1569 3422 Spiritus
1600 3356 1842 3406 sanctus
1896 3351 2080 3406 mitti-

436 3434 594 3485 tura
644 3432 895 3504 duobus,
957 3442 1019 3490 ut
1065 3440 1584 3496 consubstantialis
1634 3440 1889 3495 mittitur
1930 3440 2080 3496 Patri

437 3525 613 3592 atque
649 3522 806 3580 Filio.
839 3529 981 3581 Cum
1033 3533 1226 3584 autem
1285 3530 1464 3586 Filius
1524 3549 1593 3587 ex
1623 3533 1806 3598 Patre,
1859 3536 1922 3586 ut
1953 3548 2084 3586 con-

433 3611 844 3671 substantialis
901 3617 1076 3672 etiam
1134 3619 1410 3690 Spiritus.
1462 3623 1606 3677 Cum
1665 3626 1860 3676 autem
1918 3621 2086 3676 Pater

432 3717 500 3755 ex
531 3701 670 3758 Filio
718 3709 774 3758 et
829 3706 1076 3778 Spiritu,
1128 3709 1296 3779 quasi
1345 3709 1887 3765 consubstantialis.
1939 3711 2082 3765 Cum

430 3788 576 3845 dixit
597 3789 795 3864 itaque
827 3810 1079 3866 magnus
1113 3797 1488 3868 Athanasius,
1519 3798 1770 3870 Spiritus
1821 3817 1888 3854 ex
1918 3803 2086 3854 Patre

429 3881 769 3949 procedens,
831 3885 1147 3941 declaravit
1205 3887 1504 3942 undenam
1556 3888 1811 3960 Spiritus
1870 3888 2085 3944 habeat

427 3969 895 4041 subsistentiam,
923 3975 1142 4031 scilicet
1173 3993 1240 4031 ex
1271 3976 1394 4033 solo
1443 3981 1631 4033 Patre.
1685 3977 1829 4033 Cum
1888 3982 2084 4034 autem

431 4059 514 4110 ait
546 4075 820 4117 rursum:
883 4063 968 4117 Ita
1000 4070 1088 4119 est
1131 4065 1382 4137 Spiritus
1412 4084 1480 4122 ex
1512 4072 1701 4133 Patre,
1753 4073 1818 4123 ut
1875 4072 1962 4123 est
2018 4085 2088 4122 ex

431 4145 574 4200 Filio
607 4148 823 4216 quiest
845 4167 911 4206 ex
941 4151 1142 4221 Patre;
1199 4155 1591 4228 aequalitatem
1649 4157 1835 4212 Patris
1896 4165 1951 4213 et
2001 4157 2089 4212 Fi-

430 4233 494 4287 lii
525 4239 1025 4307 commonstravit,
1049 4247 1112 4296 ut
1144 4243 1250 4298 hac
1283 4244 1340 4299 in
1362 4262 1421 4300 re
1452 4247 1838 4302 confunderet
1860 4245 2084 4318 impiis-

440 4323 658 4378 simum
693 4327 918 4394 Arium,
962 4329 1062 4400 qui
1106 4331 1313 4387 Filium
1367 4340 1694 4391 creaturam
1755 4352 1884 4392 esse
1925 4336 2084 4406 dicit,

434 4419 491 4468 et
516 4431 627 4467 non
665 4416 881 4472 Deum:
909 4420 1078 4488 quasi
1113 4420 1271 4476 hisce
1322 4422 1486 4478 illum
1538 4424 1732 4479 verbis
1778 4423 2089 4497 compella-

432 4508 557 4557 ret:
618 4508 656 4554 Ο
717 4504 1068 4577 impiissime
1119 4511 1237 4577 Ari,
1298 4512 1382 4568 sic
1439 4513 1692 4584 Spiritus
1722 4515 1822 4584 qui
1859 4515 2088 4570 aPatre

2188 3353 2275 3401 νῦν
2311 3347 2505 3422 Κύριος
2538 3341 2840 3399 ἀπέσταλκε
2871 3365 2957 3417 με.
3010 3367 3039 3396 ››
3072 3347 3210 3416 ’Ἄρα
3241 3343 3270 3397 6
3331 3343 3514 3416 Πατήρ
3561 3338 3681 3393 ἐστιν
3722 3334 3785 3388 ὲν-

2188 3441 2359 3500 ταῦθα
2414 3436 2441 3489 6
2500 3433 2672 3510 λέγων
2720 3433 2802 3488 τό⁶
2857 3456 2886 3486 ‹‹
2943 3430 3276 3489 Ἀπὲσταλκέ
3327 3453 3412 3504 με.
3465 3455 3490 3482 n
3522 3431 3664 3503 Ὁρᾷς
3710 3425 3783 3490 τῆν

2193 3524 2462 3598 ἰσοτιμίαν
2511 3529 2618 3578 τῶν
2673 3527 2836 3598 τριῶν
2885 3523 3194 3598 προσώπων
3246 3527 3350 3590 τῆς
3386 3518 3666 3594 ὑπερτάτης
3694 3512 3783 3576 θεό-

2190 3633 2390 3686 τητος;
2441 3613 2571 3669 ’Ὀτε
2615 3613 2679 3667 τὸ
2736 3613 2956 3684 Πνεῦμα
3013 3611 3075 3664 τὸ
3143 3610 3293 3686 ἅγιον
3350 3605 3709 3664 ἀποστέλλεται

2192 3704 2422 3782 ἀμφοῖν,
2455 3702 2528 3764 ὼς
2558 3700 2849 3774 ὁμοούσιον
2883 3696 3276 3754 ἀποστέλλεται
3311 3697 3520 3771 Πατρὸς
3565 3693 3643 3749 καὶ
3669 3691 3785 3745 Ποῦ.

2193 3780 2320 3850 "Urs
2351 3790 2408 3846 δὲ
2438 3793 2464 3846 6
2495 3791 2618 3853 Υἱὸς
2650 3789 2708 3844 ἐκ
2735 3793 2833 3844 τοῦ
2864 3788 3098 3863 Πατρὸς,
3145 3788 3220 3849 ὼς
3271 3785 3564 3859 ὁμοοῦσιος
3604 3780 3680 3837 καὶ
3714 3781 3788 3833 τοῦ

2196 3882 2526 3955 Πνεῦματος.
2587 3882 2716 3937 Ὅτε
2765 3875 2821 3933 δὲ
2873 3879 2900 3932 6
2948 3877 3131 3950 Πατὴρ
3190 3875 3250 3930 ἐκ
3300 3881 3399 3930 τοῦ
3447 3875 3567 3929 Υἱοῦ
3594 3871 3672 3926 καὶ
3717 3869 3791 3922 τοῦ

2194 3971 2532 4044 Πνεύματος,
2594 3969 2666 4032 ὼς
2737 3967 3049 4041 ὁμοούσιος.
3105 3966 3296 4023 Εἰπὼν
3343 3963 3522 4020 τοίνυν
3569 3963 3595 4016 6
3658 3959 3790 4032 μὲγας

2195 4059 2532 4124 ’.›Ὰθανάσιος,
2578 4057 2640 4112 τὸ
2714 4055 3141 4132 ἐκπορευόμενον
3186 4057 3287 4108 τοῦ
3347 4051 3552 4128 Πατρὸς
3598 4051 3791 4118 Πνεῦμα,

2196 4147 2470 4220 ἐδήλωσεν
2525 4148 2642 4212 ὅθεν
2695 4145 2812 4221 ἔχει
2858 4145 2917 4199 τὸ
2968 4146 3189 4216 ΙΙνεῦμα
3240 4143 3344 4211 τήν
3379 4142 3613 4213 ὕπαρξιν,
3643 4135 3693 4191 ἐκ
3722 4131 3796 4206 μό·

2196 4259 2289 4292 νου
2339 4235 2598 4308 δηλονότι
2641 4240 2738 4290 τοῦ
2786 4234 3019 4309 Πατρός.
3060 4232 3244 4290 Εἰπὼν
3283 4229 3343 4287 δὲ
3373 4229 3533 4286 πάλιν
3567 4227 3724 4282 οὕπτω
3746 4223 3794 4276 τὸ

2197 4331 2418 4400 Πνεῦμα
2467 4326 2528 4380 ἐκ
2571 4330 2672 4380 τοῦ
2722 4324 2950 4398 Πατρὸς,
3001 4323 3074 4384 ὼς
3116 4322 3260 4397 παρᾶ
3292 4325 3393 4376 τοῦ
3424 4319 3595 4395 Λόγου
3645 4318 3726 4370 τοῦ
3750 4310 3794 4365 ἐκ

2198 4417 2430 4491 Πατρὸς,
2487 4415 2586 4484 τήν
2648 4412 2920 4485 ἰσοτιμίαν
2981 4409 3226 4482 ἐδήλωσε
3284 4410 3494 4485 [ἰατρὸς
3550 4407 3631 4461 καὶ
3673 4403 3793 4491 “9?.

2197 4505 2548 4581 καταισχῦναι
2626 4503 2676 4558 ἐν
2741 4502 2918 4574 τούτῳ
2974 4501 3067 4556 τόν
3127 4501 3430 4555 ἀθεώτατον
3485 4499 3701 4573 Ἄρειον,
3746 4488 3791 4549 ὃς

434 4592 714 4663 procedit,
773 4613 806 4649 a
865 4595 1006 4652 Filio
1067 4615 1241 4671 quem
1289 4606 1351 4656 tu
1396 4601 1790 4672 blasphemas,
1823 4603 2084 4673 splendet

2197 4597 2397 4670 κτίσμα
2455 4593 2630 4668 ἔλεγε,
2689 4592 2777 4647 καὶ
2828 4591 2889 4647 οὐ
2937 4591 3066 4646 Θεὸν
3111 4590 3203 4644 τὸν
3250 4590 3399 4644 Υἱόν·
3458 4585 3610 4643 οἷονεί
3659 4584 3793 4673 ταῦτα

430 4681 723 4753 daturque
782 4685 1077 4749 fidelibus,
1133 4691 1455 4744 secundum
1502 4691 1631 4762 ejus
1689 4693 2085 4762 operationem

431 4779 601 4842 atque
634 4773 874 4842 donum,
910 4779 1409 4847 quemadmodum
1441 4779 1512 4835 ab
1554 4779 1680 4851 ipso
1730 4781 2087 4850 sempiterno

431 4865 622 4916 Patre.
657 4863 819 4927 Quod
852 4870 1047 4921 autem
1073 4866 1179 4922 hoc
1212 4870 1281 4923 ad
1316 4869 1470 4925 hunc
1495 4870 1734 4925 modum
1759 4886 1821 4925 se
1853 4869 2083 4940 habeat,

428 4949 580 5016 vide,
615 4968 833 5020 quaaso,
861 4954 1000 5025 quid
1054 4957 1124 5011 ad
1160 4957 1543 5030 Serapionem
1591 4960 1812 5015 scribat
1858 4959 2085 5032 episcoo

437 5055 574 5109 pum
611 5039 707 5094 ille
741 5042 922 5108 Pater,
957 5045 1056 5115 qui
1090 5047 1162 5100 ab
1211 5046 1650 5104 immortalitate
1683 5040 1894 5104 nomen
1926 5065 2086 5105 acce-

435 5126 538 5196 pit.
575 5128 786 5184 Eadem
821 5131 973 5185 enim
1008 5132 1286 5205 loquitur,
1319 5137 1507 5208 deque
1566 5137 1776 5192 iisdem
1836 5137 2088 5208 philoso-

433 5215 648 5286 phatur
679 5218 840 5274 hisce
872 5221 1099 5277 verbis:
1135 5223 1640 5285 Quemadmodum
1684 5226 1863 5282 Filius
1894 5226 2086 5299 proles

432 5309 522 5359 est
557 5307 853 5378 unigenita
885 5309 1091 5379 Patris,
1124 5310 1202 5367 ita
1261 5318 1318 5368 et
1367 5314 1622 5384 Spiritus
1664 5332 1697 5370 a
1725 5315 1869 5370 Filio
1890 5317 2084 5385 datus,

510 5500 553 5537 ιδ
589 5503 699 5558 lsa.
725 5519 839 5570 LXI,
875 5504 896 5557 1
929 5521 942 5572 ;
983 5503 1118 5560 Luc.
1152 5521 1229 5576 ιν,
1264 5505 1348 5561 18.
1403 5506 1445 5541 ¹⁶
1506 5505 1618 5562 Isa.
1670 5523 1860 5577 xnvm,
1897 5508 2090 5564 12-16.

510 5689 618 5761 (20)
649 5689 751 5747 Hic
775 5691 988 5748 desunt
1015 5691 1319 5750 nonnulla.

2199 4664 2374 4762 λέγων
2442 4684 2575 4760 πρὸς
2640 4682 2823 4737 αὐτόν’
2893 4683 2956 4734 Ὠ
3005 4680 3274 4744 ἀθεώτατε
3327 4684 3528 4755 ”Αρειε,
3576 4671 3701 4728 οὕτω
3743 4664 3792 4720 τό

2200 4760 2627 4850 ἐκτορευόμενον
2693 4774 2909 4843 Πνεῦμα
2966 4773 3063 4823 τοῦ
3114 4768 3345 4843 Πατρὸς,
3406 4765 3547 4841 παρὰ
3587 4760 3794 4850 τοῦ-ὑπο

2199 4862 2293 4919 σοῦ
2339 4847 2866 4939 ⁷βλασφημουμὲνου
2941 4859 3070 4913 Υἱοῦ
3145 4856 3414 4930 ἐκλάμπει
3483 4853 3569 4909 καὶ
3622 4847 3792 4905 δίδοται

2194 4959 2311 5015 τοῖς
2364 4937 2581 5013 πιστοῖς
2636 4950 2772 5004 κατά
2826 4951 2926 5018 τὴν
2979 4946 3142 5002 αὐτοῦ
3192 4945 3460 5021 ἐνέργειαν
3490 4942 3575 4997 καὶ
3605 4937 3793 5012 δωρεὰν,

2198 5041 2377 5118 ὣσπερ
2425 5041 2515 5096 καὶ
2563 5039 2613 5110 ἐξ
2668 5037 2829 5094 αὐτοῦ
2875 5041 2973 5092 τοῦ
3024 5033 3304 5091 συδαϊδίου
3353 5034 3576 5108 Πατρός.
3622 5031 3723 5082 Ὅτι
3749 5022 3794 5077 δὶ

2195 5137 2355 5188 τοῦτο
2409 5135 2655 5186 τοιοῦτον
2698 5125 2813 5203 ἔχει
2860 5127 2950 5182 τὸν
2976 5125 3202 5200 τρόπον,
3233 5121 3332 5200 ὅρα
3375 5122 3427 5178 τί
3457 5122 3636 5198 γράσρει
3682 5113 3793 5189 πρὸς

2194 5223 2286 5278 τὸν
2363 5221 2654 5277 ἐπίσκοπον
2730 5218 2821 5272 τὸν
2903 5215 3239 5293 Σεραπίωνα,
3297 5214 3326 5268 6
3395 5215 3496 5276 τῆς
3549 5203 3793 5307 ἀθανασίας

2197 5311 2500 5385 ἀξιώνυμος
2555 5307 2710 5372 οὗτος
2760 5308 2970 5383 Πατήρ.
3024 5305 3099 5360 Τά
3151 5304 3282 5359 αὐτὰ
3325 5303 3426 5380 γὰρ
3501 5301 3680 5376 λέγων,
3722 5301 3795 5347 καί
