4080 6206
228 385 355 446 829

1440 386 1705 449 SERMO
1749 384 2062 447 CONTRA
2105 384 2468 448 LA’l‘lNOS.

3539 393 3659 454 830

229 514 565 595 φιλοσοφῶν
619 514 746 594 περὶ
798 520 909 572 τῶν
968 516 1161 591 αὐτῶν,
1212 517 1355 574 οὕτω
1410 517 1625 575 κάκεῖσέ
1684 538 1846 598 φησιν
1878 533 1893 548 ο

2023 521 2187 590 atque
2217 519 2460 584 missus,
2483 519 2605 592 ipse
2628 534 2862 593 quoque
2886 537 3041 576 unus
3088 525 3178 577 est
3228 527 3284 579 et
3315 540 3429 579 non
3465 525 3659 595 multi,

228 606 451 680 Ἵὶσιτερ
484 607 731 683 γέννημα
764 606 1052 682 μονογενές
1102 606 1245 663 ἐστιν
1274 608 1303 662 6
1335 608 1456 670 Υἱὸς
1512 611 1610 663 τοῦ
1667 606 1902 683 ΙΙατρὸς,

230 695 395 751 οῧτω
452 696 545 750 καῖ
591 695 656 751 τὸ
702 701 923 769 Πνεῦμα
970 697 1115 772 παρὰ
1161 701 1260 752 τοῦ
1307 697 1434 752 Υἱοῦ
1483 694 1765 770 διδόμενον
1812 694 1902 750 καὶ

225 783 629 857 πεμπόμενον,
686 784 777 839 καὶ
852 784 982 840 αὐτὸ
1037 784 1094 840 ’ἐν
1146 785 1238 840 καὶ
1292 785 1354 840 οὐ
1409 783 1616 855 πολλὰ,
1677 782 1790 839 οὐδ’
1845 783 1905 839 ἐκ

229 872 508 944 πολλῶν,
544 873 624 945 ἓν,
678 873 824 929 ἀλλά
884 869 1042 947 μόνον
1102 875 1231 930 αὐτὸ
1292 879 1530 949 Πνεῦμα,
1591 874 1743 936 Ἑνὸς
1802 875 1903 950 γὰρ

229 959 407 1025 ὄντος
463 967 563 1018 τοῦ
618 964 749 1018 Υἱοῦ
801 967 900 1018 τοῦ
959 969 1157 1033 ζῶντος
1213 964 1421 1038 Λόγου,
1458 963 1582 1037 μίαν
1630 963 1763 1018 εἶναι
1824 960 1907 1017 δεῖ

227 1051 463 1106 τελείαν
517 1051 609 1106 καὶ
653 1049 846 1126 πλήρη
895 1053 996 1121 την
1056 1052 1377 1127 ἀγιαστικήν
1422 1052 1514 1107 καὶ
1572 1052 1902 1129 ιρωτιστικην

232 1141 425 1210 ζωὴν,
487 1138 647 1195 οὖσαν
708 1138 973 1217 ἐνέργειαν
1023 1141 1113 1196 καὶ
1177 1139 1382 1219 δωρεὰν
1435 1142 1621 1210 αὐτοῦ,
1676 1140 1798 1210 ἥτις
1844 1161 1907 1215 γε

231 1230 298 1284 ἐκ
362 1230 579 1305 Πανρὸς
636 1227 852 1305 λέγεται
912 1229 1319 1307 ἐκπορεύεσθαι,
1372 1228 1560 1299 ἐπειδή
1619 1231 1764 1303 παρὰ
1808 1227 1906 1285 τοῦ

236 1318 441 1394 Λόγου
488 1318 586 1373 τοῦ
638 1339 698 1373 εκ
736 1320 946 1394 Ηατρὸς
996 1318 1445 1397 ὁμολογουμένου
1490 1318 1760 1393 ἐκλάμπει
1817 1320 1906 1374 καὶ

237 1405 654 1463 ἀποστέλλεται
702 1407 792 1462 καὶ
865 1405 1092 1465 δίδοται.
1141 1411 1343 1482 Ὥσπερ
1390 1409 1631 1483 γέννημα
1682 1428 1909 1484 μονογε-

239 1497 355 1567 νὲ,
404 1496 596 1573 φησὶν,
629 1496 658 1550 6
688 1495 813 1559 Υἱὸς
865 1494 962 1551 τοῦ
1008 1497 1238 1572 Πατρός,
1269 1497 1410 1552 οὕτω
1442 1497 1549 1551 ,καὶ
1607 1492 1911 1574 πρόϐλημα

238 1591 349 1640 τοῦ
420 1585 587 1639 αὐτοῦ
655 1585 866 1659 Πατρὸς
923 1586 980 1641 ’ἐν
1036 1587 1098 1642 τὸ
1158 1590 1378 1659 Πνεῦμα
1432 1586 1522 1641 καὶ
1581 1587 1642 1641 οὐ
1701 1584 1907 1654 πολλὰ,

248 1671 373 1729 οὔδ’
406 1672 469 1730 ἐκ
496 1671 725 1729 πολλῶν
758 1670 1017 1745 δηλονότι
1046 1676 1146 1744 τὴν
1178 1674 1401 1751 ὕπαρξιν
1461 1670 1722 1752 ἐσχηκός.
1757 1674 1911 1732 Ἀλλ’

252 1764 333 1825 ὡς
400 1762 566 1835 μόνον
625 1763 757 1818 αὑτὸ
814 1768 1036 1837 Πνεῦμα
1090 1763 1181 1818 καὶ
1238 1758 1563 1839 πρόϐλημα,
1598 1764 1769 1827 οὕτως
1820 1764 1910 1819 καὶ

252 1851 315 1907 ἐκ
377 1851 551 1924 μόνου
604 1855 766 1906 τοῦτο
826 1851 917 1906 καὶ
943 1850 993 1925 ἐξ
1025 1852 1142 1915 ἑνὸς
1188 1856 1286 1908 τοῦ
1337 1853 1565 1929 Πατρός.
1601 1853 1753 1915 Ἐνὸς
1808 1853 1908 1929 γὰρ
1944 1885 1989 1950 Β

255 1936 415 2003 ὄντος
465 1945 566 1996 τοῦ
625 1942 753 1995 Υἱοῦ
793 1941 893 1996 τοῦ
926 1946 1127 2011 ζῶντος
1161 1939 1364 2017 Λόγου,
1398 1942 1473 2004 ὡς
1533 1941 1584 2013 ἐξ
1644 1943 1762 2005 ἐνὸς
1815 1947 1911 1998 τοῦ

257 2031 496 2105 Πατρός,
526 2029 618 2084 καὶ
663 2028 785 2103 μίαν
837 2031 969 2085 εἴναι
1028 2026 1109 2084 δεῖ
1158 2028 1370 2085 τελείαν
1420 2031 1510 2085 καὶ
1562 2030 1753 2108 πλήρη
1810 2033 1909 2102 τὴν

262 2121 580 2195 ἀγιαστικήν
620 2117 711 2174 καὶ
762 2118 1095 2196 φωτιστικην
1148 2119 1314 2187 ζωὴν,
1346 2117 1465 2188 ἥτις
1516 2119 1583 2188 ἦν
1632 2120 1696 2175 τὸ
1751 2122 1916 2177 Πνεῦ-

266 2230 340 2281 μα
368 2209 434 2263 τὸ
476 2209 654 2284 ἅγιον,
686 2208 748 2263 τὸ
791 2209 891 2277 τήν
943 2205 1079 2263 ἰδίαν
1133 2209 1323 2263 ἑαυτοῦ
1379 2205 1584 2284 δωρεὰν
1645 2208 1911 2285 ἐνεργοῦν,

258 2297 352 2352 καὶ
411 2294 655 2371 διαιροῦν
714 2293 826 2367 ἰδίᾳ
882 2294 1088 2368 ἑκάστῳ
1120 2339 1135 2365 ,
1191 2297 1368 2359 καθὼς
1430 2295 1708 2372 βούλεται.
1758 2300 1914 2359 "Hm;

258 2406 325 2460 γε
354 2382 541 2461 δωρεά
565 2381 654 2439 διὰ
680 2388 843 2440 τοῦτο
872 2384 935 2440 ἐκ
979 2389 1077 2440 τοῦ
1126 2385 1337 2459 Πατρὸς
1395 2382 1606 2461 λέγεται
1665 2385 1916 2465 ἐκπορεύ-

258 2476 431 2547 εσθαι,
479 2474 753 2530 τουτέστιν
801 2474 1079 2550 ἐκχεῖσθαι
1126 2475 1216 2529 καὶ
1266 2474 1717 2548 ἀποστέλλεσθαι,
1766 2475 1914 2531 ἐπει-

259 2562 330 2634 δὴ
392 2563 540 2641 παρά
590 2568 693 2619 τοῦ
748 2564 931 2638 Λόγου
985 2568 1083 2619 τοῦ
1135 2563 1194 2618 ἐκ
1223 2564 1432 2640 Πατρὸς
1464 2563 1914 2641 ὁμολογουμένου

260 2651 537 2726 ἐκλάμπει
583 2652 676 2707 καὶ
733 2649 1127 2707 ἀποστέλλεται
1184 2652 1275 2707 καὶ
1335 2649 1566 2709 δίδοται.
1601 2650 1914 2733 Φιλοσόφοις-

256 2763 355 2805 σας
386 2747 606 2818 πρῶτον
640 2742 670 2796 6
699 2742 853 2817 ἅγιος
883 2740 1007 2815 περί
1037 2747 1138 2810 τῆς
1194 2741 1531 2817 προαιωνὶου
1584 2748 1686 2798 τοῦ
1740 2744 1914 2801 Ilva-5-

260 2851 439 2904 ματος
489 2829 859 2903 ἐκπορεόσεως
906 2826 1184 2906 ἀμυδρῶς,
1219 2829 1385 2903 μόνον
1443 2830 1573 2887 αὐτὸ
1629 2830 1914 2904 ἀποδείξας

256 2914 595 2993 πρόϐλημα,
626 2919 704 2981 ὡς
761 2918 812 2990 ἐξ
870 2918 986 2981 ἐνὸς
1039 2923 1136 2974 τοῦ
1190 2914 1513 2996 προϐολέως
1558 2942 1617 2976 τε
1664 2922 1752 2977 καὶ
1813 2930 1917 2978 Πα-

252 3010 418 3085 τρὸς,
450 3006 541 3063 διὰ
585 3013 694 3063 τῶν
749 3009 871 3081 ἑξῆς
927 3009 1064 3081 ἡμῖν
1118 3005 1464 3065 ἀποδείκνυσι
1529 3008 1677 3083 μάλα
1732 3017 1912 3089 σαφῶς

254 3098 355 3153 καὶ
409 3099 511 3166 τήν
572 3098 675 3153 ὑπὸ
730 3098 928 3174 χρόνον
959 3098 1248 3174 πρόχυσιν,
1280 3098 1354 3161 ὡς
1406 3097 1459 3169 ἐξ
1513 3099 1716 3177 ἀμφοῖν
1750 3101 1915 3176 ὑπάρ-

255 3206 473 3262 χουσαν
502 3186 710 3264 [ἰατρὸς
742 3187 829 3241 καὶ
878 3187 1022 3244 Υἱοῦ.
1056 3189 1226 3260 Ὅπερ
1275 3183 1333 3242 δὲ
1393 3184 1611 3243 δύναται
1661 3188 1772 3244 ἐκεῖ
1823 3190 1907 3260 τὸ,

2014 622 2204 677 neque
2235 624 2304 662 ex
2334 607 2537 663 multis
2576 624 2752 675 unus,
2811 608 2911 665 sed
2971 607 3098 680 ipse
3155 607 3316 665 solus
3374 610 3655 682 Spiritus.

2014 692 2179 750 Unus
2210 695 2362 751 enim
2401 713 2534 751 cum
2566 696 2645 752 sit
2678 696 2859 752 Filius
2914 696 3171 753 Verbum
3231 698 3454 766 vivens,
3485 716 3663 755 unam

2015 801 2146 841 esse
2178 788 2402 856 oportet
2432 786 2745 857 perfectam
2779 785 3148 858 plenamque,
3194 788 3658 845 sanctiﬁcantem

2015 878 2190 945 atque
2221 874 2656 930 illuminantem
2688 875 2887 943 vitam,
2924 893 3049 947 quae
3107 877 3185 931 sit
3240 878 3372 949 ejus
3403 880 3662 950 Operatio

2015 969 2192 1035 atque
2220 964 2463 1030 donum,
2498 981 2629 1036 quae
2685 964 2900 1020 dicitur
2956 981 3025 1019 ex
3078 965 3246 1022 Patre
3305 967 3659 1038 procedere;

2017 1054 2493 1127 quandoquidem
2529 1073 2597 1110 ex
2627 1057 2837 1123 Verbo,
2871 1056 3027 1127 quod
3085 1072 3154 1112 ex
3205 1057 3374 1113 Patre
3430 1075 3559 1114 esse
3601 1059 3659 1115 in

2016 1144 2283 1200 confesso
2312 1148 2420 1215 est,
2455 1144 2744 1216 splendet,
2780 1146 3033 1200 mittitur
3063 1149 3240 1217 atque
3268 1147 3460 1203 datur.
3497 1148 3663 1205 Sicut

2019 1232 2212 1305 proles
2264 1233 2568 1305 unigenita
2594 1238 2703 1299 est,
2737 1233 2837 1299 ait,
2868 1235 3057 1289 Patris
3117 1234 3319 1306 Filius,
3342 1235 3424 1291 ita
3456 1249 3513 1292 et
3540 1255 3671 1309 pro-

2018 1323 2216 1378 ductio
2238 1323 2504 1394 ejusdem
2529 1322 2714 1379 Patris
2737 1329 2826 1379 est
2849 1340 3001 1378 unus
3023 1323 3272 1395 Spiritus
3293 1329 3350 1379 et
3370 1342 3484 1380 non
3520 1326 3670 1381 mul-

2018 1411 2083 1479 ti,
2118 1428 2224 1467 nec
2253 1429 2321 1468 ex
2354 1412 2579 1480 multis,
2615 1418 2677 1467 ut
2707 1411 2948 1484 planum
2980 1418 3090 1480 est,
3122 1412 3299 1468 habet
3340 1415 3669 1470 subsisten-

2018 1502 2310 1557 tiam.Sed
2341 1502 2495 1557 sicut
2526 1519 2678 1557 unus
2711 1508 2800 1557 est
2828 1501 2952 1574 ipse
2981 1501 3256 1573 Spiritus,
3290 1519 3474 1557 unum
3528 1520 3665 1574 pro-

2022 1590 2286 1659 ductum,
2320 1591 2405 1646 ita
2434 1595 2492 1646 et
2520 1607 2588 1646 ex
2619 1589 2743 1646 solo
2773 1596 2831 1646 et
2860 1607 2976 1646 uno
3008 1595 3097 1646 est
3125 1591 3312 1647 Patre.
3343 1592 3487 1647 Cum
3518 1609 3668 1648 unus

2022 1695 2277 1749 namque
2306 1679 2385 1735 sit
2415 1679 2598 1735 Filius
2628 1680 2825 1735 vivens
2855 1679 3133 1746 Verbum,
3168 1684 3367 1753 utpote
3422 1697 3491 1735 ex
3548 1698 3665 1737 uno

2021 1767 2189 1824 Patre
2213 1785 2227 1837 ;
2262 1784 2439 1823 unam
2472 1784 2700 1840 quoque
2719 1773 2947 1840 oportet
2967 1785 3091 1824 esse
3114 1769 3427 1841 perfectam
3452 1774 3510 1825 et
3544 1769 3668 1842 ple-

2023 1874 2181 1924 nam,
2224 1857 2686 1913 sanctiﬁcantem
2719 1863 2774 1913 et
2804 1857 3240 1913 illuminantem
3299 1859 3501 1927 vitam,
3534 1874 3662 1931 qua

2024 1951 2116 2001 est
2145 1945 2401 2018 Spiritus
2432 1950 2693 2015 sanctus,
2730 1945 2830 2018 qui
2859 1945 3076 2001 donum
3110 1946 3234 2016 ipse
3265 1962 3442 2002 suum
3474 1963 3673 2018 opera-

2021 2038 2138 2103 tur,
2170 2040 2227 2090 et
2256 2034 2463 2090 dividit
2493 2034 2725 2106 proprie
2780 2033 3031 2105 singulis
3088 2039 3263 2106 prout
3316 2034 3458 2090 vult.
3502 2035 3666 2099 Quod

2022 2122 2242 2176 donum
2274 2121 2403 2177 ideo
2435 2136 2504 2176 ex
2534 2121 2701 2176 Patre
2758 2120 2974 2176 dicitur
3029 2122 3360 2192 procedere,
3394 2122 3502 2179 hoc
3551 2128 3663 2192 est,

2022 2209 2243 2266 eti‘undi
2272 2215 2447 2282 atque
2477 2210 2653 2275 mitti,
2685 2210 2824 2282 quia
2854 2228 2887 2266 a
2917 2210 3126 2278 Verbo,
3167 2212 3323 2282 quod
3381 2228 3451 2267 ex
3499 2212 3668 2267 Patre

2024 2316 2152 2356 esse
2184 2299 2243 2354 in
2275 2301 2543 2355 confesso
2573 2305 2683 2367 est,
2743 2299 3028 2371 splendet,
3064 2300 3320 2356 mittitur
3375 2307 3433 2357 et
3471 2301 3668 2357 datur.

2025 2390 2166 2444 Cum
2198 2388 2363 2461 prius
2394 2394 2633 2443 sanctus
2663 2386 2760 2443 ille
2791 2387 3174 2445 ratiocinatus
3204 2390 3565 2446 subobscure
3586 2407 3671 2446 es-

2022 2482 2109 2533 set
2138 2478 2210 2532 de
2240 2476 2613 2550 processione
2643 2477 2898 2549 Spiritus
2953 2493 3077 2548 quae
3132 2484 3222 2534 est
3268 2485 3401 2535 ante
3433 2481 3667 2549 sazcula,

2024 2565 2334 2638 solumque
2364 2565 2559 2637 ipsum
2593 2566 2909 2622 ostendens
2934 2583 3062 2648 esse
3091 2567 3466 2639 productum,
3498 2569 3670 2640 quasi

2024 2672 2093 2711 ex
2123 2672 2239 2711 uno
2272 2655 2643 2727 productore,
2674 2660 2850 2727 atque
2881 2655 3086 2712 Patre:
3137 2656 3197 2711 in
3256 2657 3666 2728 subsequenti-

2024 2746 2136 2801 bus
2168 2745 2337 2800 nobis
2368 2744 2589 2816 liquido
2621 2744 2879 2800 declarat
2933 2761 3062 2800 eam
3121 2762 3249 2816 quas
3301 2744 3362 2800 in
3404 2751 3664 2817 tempore

2024 2839 2111 2890 est
2131 2834 2553 2906 profusionem,
2576 2832 2745 2905 quasi
2767 2850 2837 2888 ex
2857 2834 3110 2896 duobus,
3143 2834 3301 2889 l‘alre
3331 2833 3552 2889 scilicet
3574 2840 3664 2890 at-

2025 2943 2140 2997 que
2174 2924 2333 2993 Filio,
2367 2924 2739 2980 exsistentem
2771 2942 2784 2991 ;
2821 2925 2975 2995 quod
3027 2924 3245 2980 ibidem
3303 2925 3671 2997 signiﬁcatur

2024 3014 2135 3071 hoc
2164 3015 2355 3070 dicto:
2388 3014 2482 3070 Sic
2515 3013 2768 3086 Spiritus
2799 3030 2867 3069 ex
2921 3014 3111 3082 Patre,
3165 3015 3664 3086 quemadmodum

2025 3122 2058 3159 a
2087 3105 2275 3160 Verbo
2308 3104 2462 3176 quod
2494 3108 2584 3158 est
2613 3119 2680 3157 ex
2710 3103 2896 3157 Patre.
2954 3103 3039 3158 Ita
3097 3119 3329 3174 quoque
3385 3103 3492 3159 hoc
3545 3104 3669 3160 loco

2023 3193 2166 3249 illud
2193 3210 2205 3248 :
2240 3195 2372 3259 Quae
2403 3209 2473 3247 ex
2501 3195 2670 3247 Patre
2700 3191 2917 3246 dicitur
2945 3192 3275 3264 procedere,
3298 3193 3666 3264 quandoqui-

251 3275 423 3332 υῦτω
470 3276 532 3330 τὸ
582 3280 800 3348 Πνεῦμα
842 3274 901 3330 ἐκ
934 3279 1043 3330 ,τοῦ
1091 3275 1328 3352 Ματρὸς,
1360 3277 1435 3340 ὡς
1481 3278 1628 3354 παρὰ
1667 3284 1765 3334 τοῦ
1804 3281 1908 3336 Λό-

2024 3284 2154 3339 dem
2187 3300 2222 3338 a
2250 3280 2459 3349 Verbo,
2491 3282 2646 3351 quod
2676 3297 2745 3335 ex
2774 3280 2941 3336 Patre
2969 3297 3097 3336 esse
3142 3280 3204 3335 in
3251 3281 3516 3338 confesso
3554 3289 3664 3353 est,

258 3386 369 3441 γου
422 3369 521 3420 τοῦ
579 3363 638 3420 ἐκ
691 3364 924 3440 Πατρὸς,
986 3364 1160 3426 οὕτως
1220 3363 1444 3420 ἐνταῦθα
1497 3366 1586 3421 καὶ
1642 3366 1723 3422 τό·
1756 3370 1911 3432 "Hm;

2024 3370 2313 3444 splendet,
2349 3370 2603 3425 mittitur
2631 3374 2689 3424 et
2719 3369 2909 3425 datur.

247 3477 321 3535 γε
380 3453 441 3509 ἐκ
491 3458 592 3509 τοῦ
650 3454 856 3530 Πατρὸς
913 3452 1119 3529 λίγεται
1174 3452 1574 3532 ἐκπορεύεσθαι,
1625 3455 1812 3529 ἐπειδὴ
1870 3462 2017 3538 παρὰ
2068 3464 2166 3516 τοῦ
2222 3454 2400 3534 Λόγου
2452 3462 2551 3513 τοῦ
2594 3455 2653 3513 ἐκ
2683 3458 2892 3533 Πατρὸς
2923 3458 3377 3536 ὁμολογουμένου
3408 3458 3675 3534 ἐκλάμπει

246 3544 356 3601 καὶ
388 3542 784 3600 ἀποστέλλεται
815 3543 904 3599 καὶ
937 3540 1168 3602 δίδοται.

335 3673 393 3727 3.
455 3672 581 3728 Κατ’
640 3668 798 3725 αὐτὸν
877 3667 936 3724 δὲ
1006 3669 1098 3724 τὸν
1172 3668 1373 3746 τρόπον
1445 3669 1535 3726 καὶ
1607 3672 1634 3726 6
1692 3670 1912 3744 Νύσσης

254 3758 576 3835 Γρηγόριος
622 3759 687 3813 τὸ
744 3759 967 3831 Πνεῦμα
1027 3753 1115 3813 διὰ
1187 3762 1290 3813 τοῦ
1362 3764 1651 3836 προσεχῶς
1709 3760 1769 3816 ἐκ
1818 3767 1916 3818 τοῦ

253 3849 491 3922 πρώτου
546 3846 700 3927 φησι·
739 3846 872 3920 μετὰ
928 3850 1025 3901 τοῦ
1077 3847 1205 3901 Υἱοῦ
1238 3844 1497 3918 δηλονότι
1555 3851 1918 3925 συνημμένως

254 3938 359 3993 καὶ
415 3938 567 4009 ἅμα,
626 3935 715 3991 καὶ
789 3935 850 3991 οὐ
911 3936 1047 4008 μετά
1098 3936 1190 3990 τὸν
1249 3936 1371 3991 Υἱὸν
1435 3937 1723 4010 ὑστερίζων
1782 3941 1917 3996 κατὰ

255 4029 368 4096 τὴν
444 4026 669 4103 ὕπαρξιν
706 4071 720 4084 .
776 4025 960 4083 Εἰπὼν
1044 4021 1102 4080 δὲ
1157 4028 1247 4081 τὸν
1305 4026 1428 4082 Υἱὸν
1498 4034 1790 4105 προσεχῶς
1858 4029 1918 4085 ἐκ

254 4121 367 4174 τοῦ
442 4117 686 4194 πρώτου,
750 4117 826 4188 μή
880 4114 1071 4188 νόμιζε
1145 4116 1222 4188 μὴ
1295 4115 1386 4171 καὶ
1444 4115 1601 4180 αὐτὸς
1664 4117 1796 4172 εἶναι
1854 4121 1915 4175 τὸ

260 4210 493 4279 Πνεῦμα
564 4210 858 4282 προσεχῶς
919 4203 978 4259 ἐκ
1042 4208 1139 4259 τοῦ
1212 4204 1473 4278 πρώτου.
1532 4208 1736 4283 Ὥσπερ
1813 4207 1914 4285 γὰρ

260 4298 294 4352 ὁ
356 4296 479 4359 Υἱὸς
536 4299 823 4370 προσεχῶς
901 4294 991 4349 καὶ
1078 4290 1291 4370 ἔγγιστα
1363 4292 1423 4350 ἐκ
1497 4300 1594 4351 τοῦ
1669 4297 1915 4374 πρώτου,

255 4386 512 4442 τουτέστι
568 4389 666 4440 τοῦ
722 4384 955 4457 Πατρὸς,
1014 4382 1156 4439 οὕτω
1209 4384 1298 4438 καὶ
1357 4384 1420 4439 τὸ
1477 4390 1694 4460 Πνεῦμα
1745 4408 1914 4463 προσ-

261 4479 418 4551 εχῶς
476 4475 538 4531 ἐκ
589 4479 688 4530 τοῦ
744 4474 987 4547 πρώτου,
1046 4472 1182 4528 κατᾶ
1230 4474 1329 4542 τήν
1387 4476 1718 4546 προαιώνιον
1751 4476 1918 4552 ὕπαρ-

263 4566 392 4635 ξιν.
444 4568 665 4639 Πρῶτος
726 4560 783 4618 δὲ
843 4564 870 4617 6
933 4563 1116 4639 Πατὴρ
1176 4563 1243 4617 οὗ
1298 4565 1434 4618 κατά
1491 4564 1733 4641 χρόνον,
1794 4564 1919 4622 οὐδὲ

260 4653 407 4709 κατᾶ
480 4652 648 4723 τάξιν,
711 4652 788 4727 μὴ
850 4651 1086 4726 γένοιτοῐ
1147 4650 1292 4708 ἀλλά
1372 4654 1504 4708 καθὸ
1577 4651 1751 4717 αἴτιος
1819 4660 1917 4710 τοῦ

2098 3679 2151 3733 3.
2184 3678 2403 3733 Eodem
2430 3692 2666 3748 quoque
2694 3676 2868 3732 modo
2896 3675 3207 3749 Gregorius
3237 3675 3536 3748 Nyssenus
3590 3676 3673 3732 ait

2026 3767 2307 3839 Spiritum
2338 3783 2444 3838 per
2471 3782 2605 3822 eum
2637 3781 2766 3822 esse
2796 3765 2896 3837 qui
2931 3772 3020 3822 est
3049 3764 3420 3837 peculiariter
3449 3781 3518 3820 ex
3549 3764 3667 3835 pri-

2027 3873 2155 3925 mo;
2191 3873 2320 3913 cum
2352 3855 2493 3912 Filio
2533 3854 2758 3911 scilicet
2815 3854 3176 3925 conjunctim
3235 3859 3411 3926 atque
3468 3852 3670 3920 simul,

2025 3962 2214 4016 neque
2246 3949 2378 4017 post
2412 3943 2621 4000 Filium
2653 3943 2978 4000 secundum
3019 3942 3488 3999 subsistentiam.
3521 3941 3667 3997 Cum

2024 4032 2105 4089 ait
2136 4041 2329 4089 autem
2364 4031 2574 4088 Filium
2608 4030 2979 4103 peculiariter
3030 4047 3098 4086 ex
3150 4030 3358 4102 primo,
3395 4044 3466 4084 ne
3510 4028 3676 4084 arbi-

2024 4127 2177 4178 trere
2208 4121 2403 4193 ipsum
2436 4120 2721 4193 Spiritum
2755 4136 2869 4175 non
2902 4135 3031 4175 esse
3059 4117 3426 4190 peculiariter
3455 4134 3523 4173 ex
3553 4118 3672 4188 pri-

2026 4210 2679 4276 mo.Qusmadmodum
2737 4208 2893 4266 enim
2953 4208 3136 4263 Filius
3197 4206 3567 4278 peculiariter
3625 4204 3686 4260 et

2025 4298 2286 4371 proxime
2315 4313 2383 4352 ex
2416 4298 2604 4369 primo
2634 4301 2744 4365 est,
2779 4296 2838 4352 id
2870 4301 2978 4363 est,
3012 4312 3082 4351 ex
3107 4299 3277 4350 Patre
3303 4312 3316 4361 ;
3350 4293 3431 4348 ita
3460 4299 3517 4348 et
3546 4292 3623 4363 Sp
3640 4292 3682 4345 i-

2024 4387 2173 4442 ritus
2207 4385 2577 4459 peculiariter
2628 4391 2718 4442 est
2768 4403 2836 4441 ex
2895 4385 3103 4456 primo,
3151 4382 3479 4439 secundum
3537 4397 3667 4435 eam

2027 4492 2154 4537 quae
2186 4483 2321 4531 ante
2351 4475 2565 4530 saecula
2594 4480 2682 4531 est
2711 4474 3177 4530 subsistentiam.
3214 4472 3448 4527 Primus
3496 4485 3669 4543 porro

2026 4569 2198 4620 Pater
2224 4571 2333 4636 est,
2366 4582 2481 4620 non
2512 4569 2795 4635 tempore,
2830 4580 2935 4618 nec
2978 4563 3131 4619 302
3188 4562 3414 4626 ordine,
3473 4559 3665 4615 absit!

2028 4654 2129 4709 sed
2161 4653 2219 4707 in
2254 4658 2541 4725 quantum
2575 4670 2752 4708 causa
2781 4657 2872 4708 est
2899 4650 3022 4707 Filii
3056 4655 3113 4706 et
3143 4651 3420 4722 Spiritus,
3467 4665 3670 4720 quem-

261 4742 401 4796 Υἱοῦ
457 4743 548 4796 καὶ
600 4745 697 4796 τοῦ
751 4740 1107 4813 ΙΙνεῦματος,
1166 4739 1345 4815 ὥσπερ
1421 4742 1511 4797 καὶ
1573 4742 1769 4815 μείζων
1826 4743 1911 4798 καὶ

2028 4742 2347 4798 admodum
2378 4748 2437 4798 et
2468 4742 2655 4814 major
2685 4747 2741 4798 et
2799 4743 3021 4812 absque
3078 4738 3384 4812 principio,
3429 4744 3494 4794 ut
3548 4737 3674 4793 sine

264 4832 532 4907 ἄναρχος,
585 4831 661 4892 ὡς
718 4829 981 4896 ἀναίτιος,
1030 4829 1103 4892 ὡς
1163 4829 1284 4905 ῥίζα
1337 4835 1445 4885 τῶν
1506 4829 1557 4902 ἐξ
1615 4831 1780 4887 αὐτοῦ
1828 4832 1916 4887 καὶ

260 4922 447 4995 πηγή.
491 4922 695 4995 Ὥσπερ
752 4919 856 4995 γὰρ
913 4918 1070 4981 οὗτος
1128 4919 1289 4992 μόνος
1345 4917 1582 4996 ἄναρχος
1662 4921 1800 4998 πρὸς
1855 4922 1916 4976 τὸ

260 5011 491 5082 Πνεῦμα
537 5008 628 5062 καὶ
682 5008 775 5063 τὸν
835 5006 977 5075 Υἱὸν,
1031 5005 1174 5061 οὕτω
1246 5006 1336 5061 καὶ
1402 5006 1608 5062 τούτων
1670 5006 1698 5062 ό
1757 5008 1916 5070 αὐτὸς

267 5098 435 5173 μόνος
494 5095 712 5159 αἴτιος·
771 5095 835 5151 τὸ
895 5092 952 5151 δὲ
1010 5099 1229 5168 Πνεῦμα
1295 5096 1432 5170 πρὸς
1509 5097 1599 5152 τὸν
1678 5097 1910 5171 Πατέρα,

262 5186 371 5243 οὐκ
426 5184 689 5263 ἄναρχον,
746 5182 862 5240 οὐδ’
922 5183 1184 5257 ἀναίτιον,
1243 5183 1424 5258 ὥσπερ
1482 5182 1549 5254 δὴ
1609 5183 1699 5240 καί
1752 5185 1911 5250 αὐτὸς

260 5279 293 5332 ό
352 5276 474 5339 Υἱὸς
531 5275 667 5331 κατὰ
720 5276 818 5344 τὴν
880 5273 932 5329 ὲν
993 5273 1177 5351 χρόνῳ
1228 5273 1433 5350 ἀρχήν,
1493 5274 1569 5332 06
1632 5274 1792 5348 μόνον
1848 5275 1911 5330 τὸ

262 5371 534 5440 Πνεῦμα,
594 5363 739 5422 ἀλλά
792 5363 882 5419 καὶ
935 5365 964 5418 6
1018 5361 1141 5426 Υἱός
1198 5360 1435 5440 ἄναρχος
1494 5362 1672 5439 ὥσπερ
1732 5363 1907 5425 καὶ,ὁ

258 5459 476 5532 Πατήρ.
535 5454 759 5532 Πρῶτος
830 5452 1002 5517 αἶ’τιος
1075 5452 1165 5510 καὶ
1248 5452 1409 5527 μόνος
1465 5454 1494 5508 6
1549 5455 1736 5529 Πατὴρ
1810 5457 1908 5509 τοῦ

256 5547 393 5601 Υἲοῦ
479 5544 569 5601 καὶ
651 5547 749 5600 τοῦ
830 5542 1169 5619 Πνεόματος.
1230 5540 1406 5601 Ἀλλὰ
1478 5543 1554 5617 μὴ
1614 5545 1762 5614 ζήτει
1817 5542 1907 5599 καὶ

261 5633 512 5712 δεύτερον
570 5636 601 5691 6
658 5632 994 5711 ὀρθόδοξος,
1056 5630 1198 5708 μηδέ
1252 5654 1317 5710 γε
1373 5632 1597 5711 τρίτον·
1655 5630 1744 5690 ἵνα
1803 5634 1905 5709 μὴ,

250 5727 357 5796 τὴν
417 5723 587 5795 αὐτὴν
643 5723 735 5781 καὶ
792 5723 916 5799 μίαν
944 5721 1126 5782 οὐσίαν
1151 5719 1500 5799 κατατέμνων
1522 5717 1905 5801 κακοσχόλως,

2029 4848 2206 4887 causa
2235 4831 2375 4897 ulla,
2406 4831 2569 4886 radix
2598 4835 2655 4886 et
2687 4831 2812 4886 fons
2847 4845 3047 4885 eorum
3082 4845 3211 4901 quae
3236 4845 3303 4884 ex
3334 4828 3461 4900 ipso
3510 4842 3669 4882 ema-

2028 4927 2189 4977 nant.
2223 4921 2729 4987 Quemadmodum
2753 4918 2907 4974 enim
2929 4919 3052 4991 ipse
3079 4916 3240 4973 solus
3261 4919 3478 4987 absque
3508 4916 3669 4988 prin-

2026 5010 2175 5081 cipio
2206 5015 2295 5065 cst
2319 5013 2585 5080 respectu
2619 5007 2873 5080 Spiritus
2930 5022 2994 5062 ac
3054 5006 3201 5077 Filii,
3235 5007 3317 5062 ita
3360 5010 3417 5061 et
3464 5021 3666 5061 eorum

2024 5099 2150 5170 ipse
2181 5099 2341 5154 solus
2379 5105 2695 5153 estcausa.
2755 5095 3003 5168 Spiritus
3062 5111 3195 5151 vero
3255 5099 3520 5167 respectu
3573 5095 3676 5151 Pa-

2022 5188 2150 5255 tris,
2185 5205 2298 5243 non
2332 5188 2556 5259 absque
2589 5185 2897 5259 principio,
2932 5201 3038 5241 nec
3068 5186 3293 5258 absque
3340 5201 3517 5239 causa
3560 5190 3674 5252 est,

2022 5277 2520 5348 quemadmodum
2554 5293 2657 5331 nec
2689 5276 2815 5347 ipse
2844 5274 3214 5345 Filiusjuxta
3239 5291 3413 5330 suum
3435 5273 3493 5327 in
3526 5278 3674 5328 tem-

2019 5382 2162 5437 pore
2188 5365 2569 5438 principium.
2602 5365 2727 5421 Non
2788 5366 2957 5420 modo
3014 5366 3292 5437 Spiritus,
3340 5364 3440 5419 sed
3497 5363 3674 5419 etiam

2017 5455 2195 5512 Filius
2218 5456 2440 5526 absque
2459 5455 2744 5527 principio
2766 5463 2851 5510 est
2872 5454 3045 5510 sicuti
3070 5454 3258 5510 Pater.
3278 5454 3476 5508 Prima
3528 5470 3670 5508 cau-

2018 5562 2085 5601 sa
2115 5561 2299 5616 eaque
2331 5543 2457 5601 sola
2488 5545 2654 5602 Pater
2682 5549 2770 5600 est
2799 5542 2925 5599 Filii
2958 5548 3132 5615 atque
3159 5542 3429 5615 Spiritus.
3461 5544 3532 5598 At
3576 5558 3671 5597 se-

2017 5634 2267 5690 cundam
2300 5651 2372 5690 ne
2401 5650 2647 5705 quaeras,
2680 5631 2951 5705 quisquis
3008 5631 3366 5689 orthodoxae
3420 5645 3505 5696 es,
3555 5645 3656 5685 ne-

2016 5739 2130 5797 que
2159 5721 2387 5780 tertiam
2413 5739 2427 5794 ;
2459 5727 2528 5780 ut
2556 5738 2628 5778 ne
2651 5722 2917 5779 eamdem
2940 5735 3238 5792 unamque
3259 5713 3654 5780 substantiam
