  <div class='ocr_page' id='page_1' title='image "/cluster/home/n/w/nwhite01/storage/ocr_20150623/28/hvd.32044052794351/421.png"; bbox 0 0 4080 6206; ppageno 0'>
   <div class='ocr_carea' id='block_1_1' title="bbox 456 294 3801 367">
    <p class='ocr_par' dir='ltr' id='par_1_1' title="bbox 456 294 3801 367">
     <span class='ocr_line' id='line_1_1' title="bbox 456 294 3801 367; baseline 0.003 -10"><span class='ocrx_word' id='word_1_1' title='bbox 456 296 570 357; x_wconf 80' lang='grc'>831</span> <span class='ocrx_word' id='word_1_2' title='bbox 1625 296 1692 356; x_wconf 91' lang='lat' dir='ltr'>S.</span> <span class='ocrx_word' id='word_1_3' title='bbox 1738 294 2262 357; x_wconf 82' lang='lat' dir='ltr'>ATHANASIUS.</span> <span class='ocrx_word' id='word_1_4' title='bbox 2290 326 2369 340; x_wconf 94' lang='lat'><strong><em>—</em></strong></span> <span class='ocrx_word' id='word_1_5' title='bbox 2390 295 2698 359; x_wconf 82' lang='lat' dir='ltr'>SPURIA.</span> <span class='ocrx_word' id='word_1_6' title='bbox 3711 307 3801 367; x_wconf 72' lang='lat'>832</span> 
     </span>
    </p>
   </div>
   <div class='ocr_carea' id='block_1_2' title="bbox 460 422 2071 509">
    <p class='ocr_par' dir='ltr' id='par_1_2' title="bbox 460 425 2071 499">
     <span class='ocr_line' id='line_1_2' title="bbox 460 425 2071 499; baseline -0.001 -17"><span class='ocrx_word' id='word_1_7' title='bbox 460 427 728 499; x_wconf 89' lang='lat' dir='ltr'>improbo</span> <span class='ocrx_word' id='word_1_8' title='bbox 759 425 1025 482; x_wconf 85' lang='lat' dir='ltr'>dividens</span> <span class='ocrx_word' id='word_1_9' title='bbox 1057 427 1274 494; x_wconf 89' lang='lat' dir='ltr'>studio,</span> <span class='ocrx_word' id='word_1_10' title='bbox 1330 430 1396 482; x_wconf 89' lang='lat' dir='ltr'>ut</span> <span class='ocrx_word' id='word_1_11' title='bbox 1452 442 1639 498; x_wconf 65' lang='lat' dir='ltr'>pravae</span> <span class='ocrx_word' id='word_1_12' title='bbox 1698 426 1973 482; x_wconf 70' lang='lat' dir='ltr'>doctrinm</span> <span class='ocrx_word' id='word_1_13' title='bbox 2005 428 2071 481; x_wconf 90' lang='lat' dir='ltr'>ho</span> 
     </span>
    </p>
   </div>
   <div class='ocr_carea' id='block_1_3' title="bbox 2189 422 3800 509">
    <p class='ocr_par' dir='ltr' id='par_1_3' title="bbox 2215 422 3800 509">
     <span class='ocr_line' id='line_1_3' title="bbox 2215 422 3800 509; baseline 0.006 -30"><span class='ocrx_word' id='word_1_14' title='bbox 2215 423 2307 478; x_wconf 87' lang='grc' dir='ltr'>καὶ</span> <span class='ocrx_word' id='word_1_15' title='bbox 2366 422 2588 501; x_wconf 80' lang='grc' dir='ltr'>διαιρῶν</span> <span class='ocrx_word' id='word_1_16' title='bbox 2624 471 2638 497; x_wconf 89' lang='grc'><strong>,</strong></span> <span class='ocrx_word' id='word_1_17' title='bbox 2698 423 3096 503; x_wconf 78' lang='grc' dir='ltr'>καταδικασθῇς</span> <span class='ocrx_word' id='word_1_18' title='bbox 3161 427 3237 490; x_wconf 84' lang='grc' dir='ltr'>ὡς</span> <span class='ocrx_word' id='word_1_19' title='bbox 3304 426 3629 500; x_wconf 74' lang='grc' dir='ltr'>κακόδοξος.</span> <span class='ocrx_word' id='word_1_20' title='bbox 3683 440 3800 509; x_wconf 59' lang='grc' dir='ltr'>Πρᾶμ</span> 
     </span>
    </p>
   </div>
   <div class='ocr_carea' id='block_1_4' title="bbox 462 515 2073 593">
    <p class='ocr_par' dir='ltr' id='par_1_4' title="bbox 462 515 2073 587">
     <span class='ocr_line' id='line_1_4' title="bbox 462 515 2073 587; baseline -0.002 -14"><span class='ocrx_word' id='word_1_21' title='bbox 462 534 557 573; x_wconf 93' lang='lat' dir='ltr'>mo</span> <span class='ocrx_word' id='word_1_22' title='bbox 589 516 905 572; x_wconf 86' lang='lat' dir='ltr'>damneris.</span> <span class='ocrx_word' id='word_1_23' title='bbox 938 515 1169 572; x_wconf 85' lang='lat' dir='ltr'>Primus</span> <span class='ocrx_word' id='word_1_24' title='bbox 1198 515 1395 587; x_wconf 77' lang='lat' dir='ltr'>itaque</span> <span class='ocrx_word' id='word_1_25' title='bbox 1416 515 1586 572; x_wconf 88' lang='lat' dir='ltr'>Pater</span> <span class='ocrx_word' id='word_1_26' title='bbox 1610 520 1700 571; x_wconf 88' lang='lat' dir='ltr'>est</span> <span class='ocrx_word' id='word_1_27' title='bbox 1729 516 1788 570; x_wconf 93' lang='lat' dir='ltr'>in</span> <span class='ocrx_word' id='word_1_28' title='bbox 1817 519 2073 587; x_wconf 72' lang='lat' dir='ltr'>quantum</span> 
     </span>
    </p>
   </div>
   <div class='ocr_carea' id='block_1_5' title="bbox 2192 515 3803 593">
    <p class='ocr_par' dir='ltr' id='par_1_5' title="bbox 2217 516 3803 593">
     <span class='ocr_line' id='line_1_5' title="bbox 2217 516 3803 593; baseline 0.006 -25"><span class='ocrx_word' id='word_1_29' title='bbox 2217 535 2311 576; x_wconf 85' lang='grc' dir='ltr'>τος</span> <span class='ocrx_word' id='word_1_30' title='bbox 2378 520 2664 591; x_wconf 81' lang='grc' dir='ltr'>τοιγαροῦν</span> <span class='ocrx_word' id='word_1_31' title='bbox 2721 517 2749 570; x_wconf 99' lang='lat'>6</span> <span class='ocrx_word' id='word_1_32' title='bbox 2805 516 2992 593; x_wconf 75' lang='grc' dir='ltr'>Πατὴρ</span> <span class='ocrx_word' id='word_1_33' title='bbox 3048 518 3182 581; x_wconf 81' lang='grc' dir='ltr'>καθὸ</span> <span class='ocrx_word' id='word_1_34' title='bbox 3244 518 3440 589; x_wconf 78' lang='grc' dir='ltr'>μείζων</span> <span class='ocrx_word' id='word_1_35' title='bbox 3476 561 3490 585; x_wconf 86' lang='grc'><em>,</em></span> <span class='ocrx_word' id='word_1_36' title='bbox 3548 521 3718 591; x_wconf 78' lang='grc' dir='ltr'>μείζων</span> <span class='ocrx_word' id='word_1_37' title='bbox 3760 522 3803 579; x_wconf 67' lang='grc' dir='ltr'>δὲ</span> 
     </span>
    </p>
   </div>
   <div class='ocr_carea' id='block_1_6' title="bbox 460 596 2071 684">
    <p class='ocr_par' dir='ltr' id='par_1_6' title="bbox 460 596 2071 678">
     <span class='ocr_line' id='line_1_6' title="bbox 460 596 2071 678; baseline -0.001 -17"><span class='ocrx_word' id='word_1_38' title='bbox 460 607 640 677; x_wconf 82' lang='lat' dir='ltr'>major</span> <span class='ocrx_word' id='word_1_39' title='bbox 668 608 786 673; x_wconf 89' lang='lat' dir='ltr'>est;</span> <span class='ocrx_word' id='word_1_40' title='bbox 811 606 1003 677; x_wconf 80' lang='lat' dir='ltr'>major</span> <span class='ocrx_word' id='word_1_41' title='bbox 1032 596 1164 660; x_wconf 84' lang='lat' dir='ltr'>vero</span> <span class='ocrx_word' id='word_1_42' title='bbox 1196 606 1254 660; x_wconf 92' lang='lat' dir='ltr'>in</span> <span class='ocrx_word' id='word_1_43' title='bbox 1289 610 1578 676; x_wconf 90' lang='lat' dir='ltr'>quantum</span> <span class='ocrx_word' id='word_1_44' title='bbox 1600 608 1689 661; x_wconf 90' lang='lat' dir='ltr'>est</span> <span class='ocrx_word' id='word_1_45' title='bbox 1708 606 1933 677; x_wconf 87' lang='lat' dir='ltr'>absque</span> <span class='ocrx_word' id='word_1_46' title='bbox 1955 605 2071 678; x_wconf 74' lang='lat' dir='ltr'>pri:</span> 
     </span>
    </p>
   </div>
   <div class='ocr_carea' id='block_1_7' title="bbox 2193 596 3804 684">
    <p class='ocr_par' dir='ltr' id='par_1_7' title="bbox 2215 602 3804 684">
     <span class='ocr_line' id='line_1_7' title="bbox 2215 602 3804 684; baseline 0.006 -27"><span class='ocrx_word' id='word_1_47' title='bbox 2215 602 2349 658; x_wconf 83' lang='grc' dir='ltr'>καθὸ</span> <span class='ocrx_word' id='word_1_48' title='bbox 2415 602 2653 680; x_wconf 83' lang='grc' dir='ltr'>ἄναρχος</span> <span class='ocrx_word' id='word_1_49' title='bbox 2687 624 2700 635; x_wconf 77' lang='grc'><strong><em>⁸</em></strong></span> <span class='ocrx_word' id='word_1_50' title='bbox 2754 603 2990 681; x_wconf 79' lang='grc' dir='ltr'>ἄναρχος</span> <span class='ocrx_word' id='word_1_51' title='bbox 3051 603 3107 661; x_wconf 70' lang='grc' dir='ltr'>δὲ</span> <span class='ocrx_word' id='word_1_52' title='bbox 3162 607 3295 661; x_wconf 75' lang='grc' dir='ltr'>καθὸ</span> <span class='ocrx_word' id='word_1_53' title='bbox 3353 607 3499 683; x_wconf 76' lang='grc' dir='ltr'>ἀρχὴ</span> <span class='ocrx_word' id='word_1_54' title='bbox 3553 613 3649 663; x_wconf 78' lang='grc' dir='ltr'>τῶν</span> <span class='ocrx_word' id='word_1_55' title='bbox 3699 611 3804 684; x_wconf 75' lang='grc' dir='ltr'>ὁμο-</span> 
     </span>
    </p>
   </div>
   <div class='ocr_carea' id='block_1_8' title="bbox 458 693 2069 774">
    <p class='ocr_par' dir='ltr' id='par_1_8' title="bbox 458 693 2069 767">
     <span class='ocr_line' id='line_1_8' title="bbox 458 693 2069 767; baseline -0.001 -16"><span class='ocrx_word' id='word_1_56' title='bbox 458 696 611 767; x_wconf 89' lang='lat' dir='ltr'>cipio</span> <span class='ocrx_word' id='word_1_57' title='bbox 637 720 651 762; x_wconf 86' lang='lat'><strong>;</strong></span> <span class='ocrx_word' id='word_1_58' title='bbox 675 696 900 766; x_wconf 79' lang='lat' dir='ltr'>absque</span> <span class='ocrx_word' id='word_1_59' title='bbox 933 693 1218 766; x_wconf 91' lang='lat' dir='ltr'>principio</span> <span class='ocrx_word' id='word_1_60' title='bbox 1244 700 1443 750; x_wconf 87' lang='lat' dir='ltr'>autem</span> <span class='ocrx_word' id='word_1_61' title='bbox 1476 699 1565 750; x_wconf 89' lang='lat' dir='ltr'>est</span> <span class='ocrx_word' id='word_1_62' title='bbox 1595 694 1654 749; x_wconf 89' lang='lat' dir='ltr'>in</span> <span class='ocrx_word' id='word_1_63' title='bbox 1686 699 1973 767; x_wconf 87' lang='lat' dir='ltr'>quantum</span> <span class='ocrx_word' id='word_1_64' title='bbox 2022 712 2069 751; x_wconf 71' lang='lat' dir='ltr'>ei</span> 
     </span>
    </p>
   </div>
   <div class='ocr_carea' id='block_1_9' title="bbox 2193 693 3804 774">
    <p class='ocr_par' dir='ltr' id='par_1_9' title="bbox 2219 693 3804 774">
     <span class='ocr_line' id='line_1_9' title="bbox 2219 693 3804 774; baseline 0.006 -29"><span class='ocrx_word' id='word_1_65' title='bbox 2219 696 2364 770; x_wconf 74' lang='grc' dir='ltr'>ιρυῶν</span> <span class='ocrx_word' id='word_1_66' title='bbox 2427 693 2786 751; x_wconf 82' lang='grc' dir='ltr'>ὑποστάσεων.</span> <span class='ocrx_word' id='word_1_67' title='bbox 2846 696 2917 750; x_wconf 82' lang='grc' dir='ltr'>Τὸ</span> <span class='ocrx_word' id='word_1_68' title='bbox 2973 700 3214 768; x_wconf 70' lang='grc' dir='ltr'>Πνεῦμα,</span> <span class='ocrx_word' id='word_1_69' title='bbox 3275 696 3366 751; x_wconf 71' lang='grc' dir='ltr'>καὶ</span> <span class='ocrx_word' id='word_1_70' title='bbox 3424 698 3453 750; x_wconf 88' lang='lat'>6</span> <span class='ocrx_word' id='word_1_71' title='bbox 3508 698 3624 759; x_wconf 72' lang='grc' dir='ltr'>Υἱὸς</span> <span class='ocrx_word' id='word_1_72' title='bbox 3673 720 3804 774; x_wconf 82' lang='grc' dir='ltr'>προσ-</span> 
     </span>
    </p>
   </div>
   <div class='ocr_carea' id='block_1_10' title="bbox 462 781 2073 864">
    <p class='ocr_par' dir='ltr' id='par_1_10' title="bbox 462 783 2073 856">
     <span class='ocr_line' id='line_1_10' title="bbox 462 783 2073 856; baseline 0 -17"><span class='ocrx_word' id='word_1_73' title='bbox 462 784 820 856; x_wconf 88' lang='lat' dir='ltr'>principium</span> <span class='ocrx_word' id='word_1_74' title='bbox 846 783 1251 854; x_wconf 75' lang='lat' dir='ltr'>hypostasium</span> <span class='ocrx_word' id='word_1_75' title='bbox 1277 789 1559 856; x_wconf 67' lang='lat' dir='ltr'>quassant</span> <span class='ocrx_word' id='word_1_76' title='bbox 1579 785 1841 855; x_wconf 85' lang='lat' dir='ltr'>ejusdem</span> <span class='ocrx_word' id='word_1_77' title='bbox 1865 790 2073 839; x_wconf 74' lang='lat' dir='ltr'>natura</span> 
     </span>
    </p>
   </div>
   <div class='ocr_carea' id='block_1_11' title="bbox 2193 781 3804 864">
    <p class='ocr_par' dir='ltr' id='par_1_11' title="bbox 2219 781 3804 864">
     <span class='ocr_line' id='line_1_11' title="bbox 2219 781 3804 864; baseline 0.006 -29"><span class='ocrx_word' id='word_1_78' title='bbox 2219 786 2365 857; x_wconf 81' lang='grc' dir='ltr'>εχῶς</span> <span class='ocrx_word' id='word_1_79' title='bbox 2443 781 2503 837; x_wconf 76' lang='grc' dir='ltr'>ἐκ</span> <span class='ocrx_word' id='word_1_80' title='bbox 2575 781 2672 838; x_wconf 79' lang='grc' dir='ltr'>τοῦ</span> <span class='ocrx_word' id='word_1_81' title='bbox 2751 782 3045 856; x_wconf 73' lang='grc' dir='ltr'>μείζονος,</span> <span class='ocrx_word' id='word_1_82' title='bbox 3119 784 3361 840; x_wconf 69' lang='grc' dir='ltr'>τουτέστι</span> <span class='ocrx_word' id='word_1_83' title='bbox 3429 807 3524 840; x_wconf 89' lang='grc' dir='ltr'>του</span> <span class='ocrx_word' id='word_1_84' title='bbox 3604 788 3804 864; x_wconf 75' lang='grc' dir='ltr'>Πατρός.</span> 
     </span>
    </p>
   </div>
   <div class='ocr_carea' id='block_1_12' title="bbox 463 871 2074 950">
    <p class='ocr_par' dir='ltr' id='par_1_12' title="bbox 463 871 2071 943">
     <span class='ocr_line' id='line_1_12' title="bbox 463 871 2071 943; baseline 0 -15"><span class='ocrx_word' id='word_1_85' title='bbox 463 873 722 943; x_wconf 82' lang='lat' dir='ltr'>Spiritus</span> <span class='ocrx_word' id='word_1_86' title='bbox 755 877 810 927; x_wconf 89' lang='lat' dir='ltr'>et</span> <span class='ocrx_word' id='word_1_87' title='bbox 847 871 1027 927; x_wconf 82' lang='lat' dir='ltr'>Filius</span> <span class='ocrx_word' id='word_1_88' title='bbox 1058 871 1432 943; x_wconf 76' lang='lat' dir='ltr'>peculiariter</span> <span class='ocrx_word' id='word_1_89' title='bbox 1460 889 1528 927; x_wconf 85' lang='lat' dir='ltr'>cx</span> <span class='ocrx_word' id='word_1_90' title='bbox 1560 873 1800 943; x_wconf 84' lang='lat' dir='ltr'>majore,</span> <span class='ocrx_word' id='word_1_91' title='bbox 1834 872 1891 928; x_wconf 91' lang='lat' dir='ltr'>id</span> <span class='ocrx_word' id='word_1_92' title='bbox 1922 878 2011 928; x_wconf 89' lang='lat' dir='ltr'>est</span> <span class='ocrx_word' id='word_1_93' title='bbox 2041 890 2071 928; x_wconf 91' lang='lat' dir='ltr'>e</span> 
     </span>
    </p>
   </div>
   <div class='ocr_carea' id='block_1_13' title="bbox 2194 871 3805 950">
    <p class='ocr_par' dir='ltr' id='par_1_13' title="bbox 2216 872 3805 950">
     <span class='ocr_line' id='line_1_13' title="bbox 2216 872 3805 950; baseline 0.004 -23"><span class='ocrx_word' id='word_1_94' title='bbox 2216 873 2369 943; x_wconf 78' lang='grc' dir='ltr'>Ἅμα</span> <span class='ocrx_word' id='word_1_95' title='bbox 2440 872 2541 948; x_wconf 77' lang='grc' dir='ltr'>γὰρ</span> <span class='ocrx_word' id='word_1_96' title='bbox 2603 872 2631 926; x_wconf 91' lang='lat'>6</span> <span class='ocrx_word' id='word_1_97' title='bbox 2690 873 2812 934; x_wconf 71' lang='grc' dir='ltr'>Υἱὸς</span> <span class='ocrx_word' id='word_1_98' title='bbox 2885 873 3083 950; x_wconf 79' lang='grc' dir='ltr'>κυρίως</span> <span class='ocrx_word' id='word_1_99' title='bbox 3159 873 3249 929; x_wconf 83' lang='grc' dir='ltr'>καὶ</span> <span class='ocrx_word' id='word_1_100' title='bbox 3322 873 3583 947; x_wconf 74' lang='grc' dir='ltr'>ἀληθῶς,</span> <span class='ocrx_word' id='word_1_101' title='bbox 3634 877 3709 930; x_wconf 81' lang='grc' dir='ltr'>καὶ</span> <span class='ocrx_word' id='word_1_102' title='bbox 3760 880 3805 933; x_wconf 81' lang='grc' dir='ltr'>τὸ</span> 
     </span>
    </p>
   </div>
   <div class='ocr_carea' id='block_1_14' title="bbox 467 959 2078 1039">
    <p class='ocr_par' dir='ltr' id='par_1_14' title="bbox 467 959 2078 1033">
     <span class='ocr_line' id='line_1_14' title="bbox 467 959 2078 1033; baseline 0.001 -18"><span class='ocrx_word' id='word_1_103' title='bbox 467 961 649 1015; x_wconf 86' lang='lat' dir='ltr'>Patre.</span> <span class='ocrx_word' id='word_1_104' title='bbox 689 959 812 1015; x_wconf 87' lang='lat' dir='ltr'>Una</span> <span class='ocrx_word' id='word_1_105' title='bbox 842 960 1000 1015; x_wconf 88' lang='lat' dir='ltr'>enim</span> <span class='ocrx_word' id='word_1_106' title='bbox 1034 959 1216 1016; x_wconf 89' lang='lat' dir='ltr'>Filius</span> <span class='ocrx_word' id='word_1_107' title='bbox 1276 961 1506 1033; x_wconf 86' lang='lat' dir='ltr'>proprie</span> <span class='ocrx_word' id='word_1_108' title='bbox 1565 978 1631 1016; x_wconf 86' lang='lat' dir='ltr'>ac</span> <span class='ocrx_word' id='word_1_109' title='bbox 1690 978 1839 1030; x_wconf 87' lang='lat' dir='ltr'>vere,</span> <span class='ocrx_word' id='word_1_110' title='bbox 1881 977 2078 1016; x_wconf 79' lang='lat' dir='ltr'>necum</span> 
     </span>
    </p>
   </div>
   <div class='ocr_carea' id='block_1_15' title="bbox 2194 959 3805 1039">
    <p class='ocr_par' dir='ltr' id='par_1_15' title="bbox 2218 959 3805 1039">
     <span class='ocr_line' id='line_1_15' title="bbox 2218 959 3805 1039; baseline 0.004 -24"><span class='ocrx_word' id='word_1_111' title='bbox 2218 963 2441 1033; x_wconf 79' lang='grc' dir='ltr'>Πνεῦμα</span> <span class='ocrx_word' id='word_1_112' title='bbox 2495 959 2554 1015; x_wconf 76' lang='grc' dir='ltr'>ἐκ</span> <span class='ocrx_word' id='word_1_113' title='bbox 2606 964 2709 1016; x_wconf 79' lang='grc' dir='ltr'>τοῦ</span> <span class='ocrx_word' id='word_1_114' title='bbox 2768 961 2998 1037; x_wconf 83' lang='grc' dir='ltr'>Πατρός.</span> <span class='ocrx_word' id='word_1_115' title='bbox 3057 961 3181 1038; x_wconf 76' lang='grc' dir='ltr'>Οὐχ</span> <span class='ocrx_word' id='word_1_116' title='bbox 3219 963 3246 1017; x_wconf 93' lang='grc' dir='ltr'><strong>ὁ</strong></span> <span class='ocrx_word' id='word_1_117' title='bbox 3303 963 3399 1036; x_wconf 76' lang='grc' dir='ltr'>μὲν</span> <span class='ocrx_word' id='word_1_118' title='bbox 3460 963 3718 1039; x_wconf 77' lang='grc' dir='ltr'>πρότερον,</span> <span class='ocrx_word' id='word_1_119' title='bbox 3761 967 3805 1021; x_wconf 73' lang='grc' dir='ltr'>τὸ</span> 
     </span>
    </p>
   </div>
   <div class='ocr_carea' id='block_1_16' title="bbox 463 1046 2074 1126">
    <p class='ocr_par' dir='ltr' id='par_1_16' title="bbox 463 1048 2074 1121">
     <span class='ocr_line' id='line_1_16' title="bbox 463 1048 2074 1121; baseline 0.001 -17"><span class='ocrx_word' id='word_1_120' title='bbox 463 1050 715 1120; x_wconf 78' lang='lat' dir='ltr'>Spiritus</span> <span class='ocrx_word' id='word_1_121' title='bbox 746 1054 988 1104; x_wconf 88' lang='lat' dir='ltr'>sanctus</span> <span class='ocrx_word' id='word_1_122' title='bbox 1018 1067 1082 1104; x_wconf 81' lang='lat' dir='ltr'>ex</span> <span class='ocrx_word' id='word_1_123' title='bbox 1101 1049 1265 1104; x_wconf 84' lang='lat' dir='ltr'>Patre</span> <span class='ocrx_word' id='word_1_124' title='bbox 1299 1056 1453 1105; x_wconf 87' lang='lat' dir='ltr'>sunt.</span> <span class='ocrx_word' id='word_1_125' title='bbox 1471 1050 1594 1105; x_wconf 89' lang='lat' dir='ltr'>Non</span> <span class='ocrx_word' id='word_1_126' title='bbox 1620 1051 1776 1121; x_wconf 90' lang='lat' dir='ltr'>quod</span> <span class='ocrx_word' id='word_1_127' title='bbox 1810 1048 1904 1105; x_wconf 91' lang='lat' dir='ltr'>ille</span> <span class='ocrx_word' id='word_1_128' title='bbox 1925 1050 2074 1121; x_wconf 71' lang='lat' dir='ltr'>prius</span> 
     </span>
    </p>
   </div>
   <div class='ocr_carea' id='block_1_17' title="bbox 2194 1046 3805 1126">
    <p class='ocr_par' dir='ltr' id='par_1_17' title="bbox 2220 1046 3805 1126">
     <span class='ocr_line' id='line_1_17' title="bbox 2220 1046 3805 1126; baseline 0.004 -23"><span class='ocrx_word' id='word_1_129' title='bbox 2220 1046 2277 1104; x_wconf 72' lang='grc' dir='ltr'>δὲ</span> <span class='ocrx_word' id='word_1_130' title='bbox 2337 1055 2449 1122; x_wconf 82' lang='grc' dir='ltr'>μετ’</span> <span class='ocrx_word' id='word_1_131' title='bbox 2511 1049 2671 1105; x_wconf 78' lang='grc' dir='ltr'>αὐτόν</span> <span class='ocrx_word' id='word_1_132' title='bbox 2709 1069 2722 1082; x_wconf 91' lang='grc'><strong>·</strong></span> <span class='ocrx_word' id='word_1_133' title='bbox 2770 1049 2897 1106; x_wconf 80' lang='grc' dir='ltr'>ἀΛλ⁹</span> <span class='ocrx_word' id='word_1_134' title='bbox 2955 1051 3070 1124; x_wconf 66' lang='grc' dir='ltr'>ἅμα</span> <span class='ocrx_word' id='word_1_135' title='bbox 3125 1055 3161 1121; x_wconf 76' lang='grc' dir='ltr'>ἠ</span> <span class='ocrx_word' id='word_1_136' title='bbox 3218 1051 3468 1126; x_wconf 73' lang='grc' dir='ltr'>γέννησις</span> <span class='ocrx_word' id='word_1_137' title='bbox 3537 1057 3629 1108; x_wconf 73' lang='grc' dir='ltr'>τοῦ</span> <span class='ocrx_word' id='word_1_138' title='bbox 3691 1056 3805 1121; x_wconf 68' lang='grc' dir='ltr'>Ποῦ,</span> 
     </span>
    </p>
   </div>
   <div class='ocr_carea' id='block_1_18' title="bbox 467 1135 2078 1214">
    <p class='ocr_par' dir='ltr' id='par_1_18' title="bbox 467 1135 2078 1211">
     <span class='ocr_line' id='line_1_18' title="bbox 467 1135 2078 1211; baseline 0.001 -19"><span class='ocrx_word' id='word_1_139' title='bbox 467 1139 579 1193; x_wconf 83' lang='lat' dir='ltr'>iste</span> <span class='ocrx_word' id='word_1_140' title='bbox 616 1137 942 1209; x_wconf 74' lang='lat' dir='ltr'>posterius;</span> <span class='ocrx_word' id='word_1_141' title='bbox 980 1139 1077 1192; x_wconf 86' lang='lat' dir='ltr'>sed</span> <span class='ocrx_word' id='word_1_142' title='bbox 1113 1138 1289 1192; x_wconf 85' lang='lat' dir='ltr'>simul</span> <span class='ocrx_word' id='word_1_143' title='bbox 1328 1139 1449 1192; x_wconf 78' lang='lat' dir='ltr'>Filii</span> <span class='ocrx_word' id='word_1_144' title='bbox 1485 1139 1800 1211; x_wconf 80' lang='lat' dir='ltr'>generatio,</span> <span class='ocrx_word' id='word_1_145' title='bbox 1830 1144 1887 1193; x_wconf 90' lang='lat' dir='ltr'>et</span> <span class='ocrx_word' id='word_1_146' title='bbox 1933 1135 2078 1211; x_wconf 87' lang='lat' dir='ltr'>Spiri</span> 
     </span>
    </p>
   </div>
   <div class='ocr_carea' id='block_1_19' title="bbox 2196 1135 3807 1214">
    <p class='ocr_par' dir='ltr' id='par_1_19' title="bbox 2220 1138 3807 1214">
     <span class='ocr_line' id='line_1_19' title="bbox 2220 1138 3807 1214; baseline 0.003 -23"><span class='ocrx_word' id='word_1_147' title='bbox 2220 1140 2333 1211; x_wconf 79' lang='grc' dir='ltr'>ἅμα</span> <span class='ocrx_word' id='word_1_148' title='bbox 2400 1138 2489 1192; x_wconf 85' lang='grc' dir='ltr'>καὶ</span> <span class='ocrx_word' id='word_1_149' title='bbox 2561 1143 2660 1194; x_wconf 78' lang='grc' dir='ltr'>τοῦ</span> <span class='ocrx_word' id='word_1_150' title='bbox 2735 1138 3046 1213; x_wconf 81' lang='grc' dir='ltr'>Πνεύματος</span> <span class='ocrx_word' id='word_1_151' title='bbox 3116 1142 3151 1210; x_wconf 79' lang='grc' dir='ltr'>ἡ</span> <span class='ocrx_word' id='word_1_152' title='bbox 3209 1139 3523 1213; x_wconf 74' lang='grc' dir='ltr'>ἐκπύρωσις</span> <span class='ocrx_word' id='word_1_153' title='bbox 3591 1141 3807 1214; x_wconf 45' lang='lat' dir='ltr'>inlapsa-</span> 
     </span>
    </p>
   </div>
   <div class='ocr_carea' id='block_1_20' title="bbox 471 1226 2082 1303">
    <p class='ocr_par' dir='ltr' id='par_1_20' title="bbox 471 1226 2082 1299">
     <span class='ocr_line' id='line_1_20' title="bbox 471 1226 2082 1299; baseline 0 -17"><span class='ocrx_word' id='word_1_154' title='bbox 471 1235 565 1282; x_wconf 84' lang='lat' dir='ltr'>tus</span> <span class='ocrx_word' id='word_1_155' title='bbox 599 1226 892 1298; x_wconf 88' lang='lat' dir='ltr'>processio</span> <span class='ocrx_word' id='word_1_156' title='bbox 920 1227 1222 1297; x_wconf 83' lang='lat' dir='ltr'>splendet:</span> <span class='ocrx_word' id='word_1_157' title='bbox 1251 1227 1506 1282; x_wconf 83' lang='lat' dir='ltr'>mittitur</span> <span class='ocrx_word' id='word_1_158' title='bbox 1527 1227 1781 1299; x_wconf 86' lang='lat' dir='ltr'>Spiritus</span> <span class='ocrx_word' id='word_1_159' title='bbox 1811 1233 1987 1298; x_wconf 88' lang='lat' dir='ltr'>atque</span> <span class='ocrx_word' id='word_1_160' title='bbox 2015 1227 2082 1283; x_wconf 85' lang='lat' dir='ltr'>da</span> 
     </span>
    </p>
   </div>
   <div class='ocr_carea' id='block_1_21' title="bbox 2196 1226 3807 1303">
    <p class='ocr_par' dir='ltr' id='par_1_21' title="bbox 2216 1226 3807 1303">
     <span class='ocr_line' id='line_1_21' title="bbox 2216 1226 3807 1303; baseline 0.003 -22"><span class='ocrx_word' id='word_1_161' title='bbox 2216 1247 2326 1296; x_wconf 87' lang='grc' dir='ltr'>ται,</span> <span class='ocrx_word' id='word_1_162' title='bbox 2385 1227 2476 1283; x_wconf 84' lang='grc' dir='ltr'>καὶ</span> <span class='ocrx_word' id='word_1_163' title='bbox 2533 1226 2927 1284; x_wconf 72' lang='grc' dir='ltr'>ἀποστέλλεται</span> <span class='ocrx_word' id='word_1_164' title='bbox 2979 1229 3042 1284; x_wconf 86' lang='grc' dir='ltr'>τὸ</span> <span class='ocrx_word' id='word_1_165' title='bbox 3099 1234 3320 1303; x_wconf 76' lang='grc' dir='ltr'>Πνεῦμα</span> <span class='ocrx_word' id='word_1_166' title='bbox 3370 1230 3459 1285; x_wconf 81' lang='grc' dir='ltr'>καὶ</span> <span class='ocrx_word' id='word_1_167' title='bbox 3516 1228 3700 1285; x_wconf 75' lang='grc' dir='ltr'>δίδοται</span> <span class='ocrx_word' id='word_1_168' title='bbox 3743 1230 3807 1286; x_wconf 67' lang='grc' dir='ltr'>διὰ</span> 
     </span>
    </p>
   </div>
   <div class='ocr_carea' id='block_1_22' title="bbox 470 1309 2081 1395">
    <p class='ocr_par' dir='ltr' id='par_1_22' title="bbox 470 1309 2079 1388">
     <span class='ocr_line' id='line_1_22' title="bbox 470 1309 2079 1388; baseline 0.001 -18"><span class='ocrx_word' id='word_1_169' title='bbox 470 1322 565 1370; x_wconf 91' lang='lat' dir='ltr'>tur</span> <span class='ocrx_word' id='word_1_170' title='bbox 597 1332 698 1387; x_wconf 89' lang='lat' dir='ltr'>per</span> <span class='ocrx_word' id='word_1_171' title='bbox 730 1315 962 1380; x_wconf 86' lang='lat' dir='ltr'>Filium,</span> <span class='ocrx_word' id='word_1_172' title='bbox 997 1322 1058 1370; x_wconf 89' lang='lat' dir='ltr'>ut</span> <span class='ocrx_word' id='word_1_173' title='bbox 1093 1317 1298 1371; x_wconf 86' lang='lat' dir='ltr'>beatus</span> <span class='ocrx_word' id='word_1_174' title='bbox 1321 1317 1401 1371; x_wconf 89' lang='lat' dir='ltr'>ait</span> <span class='ocrx_word' id='word_1_175' title='bbox 1432 1309 2079 1388; x_wconf 81' lang='lat' dir='ltr'>Athanasius,quemad</span> 
     </span>
    </p>
   </div>
   <div class='ocr_carea' id='block_1_23' title="bbox 2197 1309 3808 1395">
    <p class='ocr_par' dir='ltr' id='par_1_23' title="bbox 2217 1312 3808 1395">
     <span class='ocr_line' id='line_1_23' title="bbox 2217 1312 3808 1395; baseline 0.001 -25"><span class='ocrx_word' id='word_1_176' title='bbox 2217 1312 2313 1371; x_wconf 80' lang='grc' dir='ltr'>τοῦ</span> <span class='ocrx_word' id='word_1_177' title='bbox 2391 1317 2539 1386; x_wconf 74' lang='grc' dir='ltr'>Υἱοῦ,</span> <span class='ocrx_word' id='word_1_178' title='bbox 2595 1317 2669 1379; x_wconf 86' lang='grc' dir='ltr'>ὡς</span> <span class='ocrx_word' id='word_1_179' title='bbox 2746 1315 3007 1391; x_wconf 79' lang='grc' dir='ltr'>μακάριός</span> <span class='ocrx_word' id='word_1_180' title='bbox 3075 1337 3237 1395; x_wconf 75' lang='grc' dir='ltr'>φησιν</span> <span class='ocrx_word' id='word_1_181' title='bbox 3314 1318 3646 1386; x_wconf 73' lang='grc' dir='ltr'>Ἀθανάσιος,</span> <span class='ocrx_word' id='word_1_182' title='bbox 3709 1320 3808 1371; x_wconf 77' lang='grc' dir='ltr'>καθ·</span> 
     </span>
    </p>
   </div>
   <div class='ocr_carea' id='block_1_24' title="bbox 469 1402 2080 1481">
    <p class='ocr_par' dir='ltr' id='par_1_24' title="bbox 469 1404 2080 1477">
     <span class='ocr_line' id='line_1_24' title="bbox 469 1404 2080 1477; baseline 0 -18"><span class='ocrx_word' id='word_1_183' title='bbox 469 1405 711 1459; x_wconf 89' lang='lat' dir='ltr'>modum</span> <span class='ocrx_word' id='word_1_184' title='bbox 743 1410 800 1458; x_wconf 91' lang='lat' dir='ltr'>et</span> <span class='ocrx_word' id='word_1_185' title='bbox 832 1404 1015 1459; x_wconf 88' lang='lat' dir='ltr'>Filius</span> <span class='ocrx_word' id='word_1_186' title='bbox 1078 1421 1178 1475; x_wconf 89' lang='lat' dir='ltr'>per</span> <span class='ocrx_word' id='word_1_187' title='bbox 1235 1405 1540 1477; x_wconf 84' lang='lat' dir='ltr'>Spiritum,</span> <span class='ocrx_word' id='word_1_188' title='bbox 1574 1405 1656 1460; x_wconf 89' lang='lat' dir='ltr'>uti</span> <span class='ocrx_word' id='word_1_189' title='bbox 1715 1406 1933 1460; x_wconf 88' lang='lat' dir='ltr'>dictum</span> <span class='ocrx_word' id='word_1_190' title='bbox 1976 1404 2080 1460; x_wconf 83' lang='lat' dir='ltr'>fuit</span> 
     </span>
    </p>
   </div>
   <div class='ocr_carea' id='block_1_25' title="bbox 2200 1402 3811 1481">
    <p class='ocr_par' dir='ltr' id='par_1_25' title="bbox 2221 1402 3811 1481">
     <span class='ocr_line' id='line_1_25' title="bbox 2221 1402 3811 1481; baseline -0.001 -22"><span class='ocrx_word' id='word_1_191' title='bbox 2221 1406 2355 1481; x_wconf 83' lang='grc' dir='ltr'>άπερ</span> <span class='ocrx_word' id='word_1_192' title='bbox 2412 1404 2502 1459; x_wconf 86' lang='grc' dir='ltr'>καὶ</span> <span class='ocrx_word' id='word_1_193' title='bbox 2560 1406 2588 1460; x_wconf 92' lang='lat'>6</span> <span class='ocrx_word' id='word_1_194' title='bbox 2645 1404 2768 1467; x_wconf 69' lang='grc' dir='ltr'>Υἱὸς</span> <span class='ocrx_word' id='word_1_195' title='bbox 2822 1402 2910 1460; x_wconf 79' lang='grc' dir='ltr'>διὰ</span> <span class='ocrx_word' id='word_1_196' title='bbox 2982 1409 3080 1460; x_wconf 77' lang='grc' dir='ltr'>τοῦ</span> <span class='ocrx_word' id='word_1_197' title='bbox 3164 1404 3505 1478; x_wconf 77' lang='grc' dir='ltr'>Ηνεύματος,</span> <span class='ocrx_word' id='word_1_198' title='bbox 3559 1405 3716 1480; x_wconf 83' lang='grc' dir='ltr'>ὥσπερ</span> <span class='ocrx_word' id='word_1_199' title='bbox 3760 1403 3811 1461; x_wconf 75' lang='grc' dir='ltr'>εἶ’-</span> 
     </span>
    </p>
   </div>
   <div class='ocr_carea' id='block_1_26' title="bbox 470 1492 2081 1569">
    <p class='ocr_par' dir='ltr' id='par_1_26' title="bbox 470 1493 2081 1566">
     <span class='ocr_line' id='line_1_26' title="bbox 470 1493 2081 1566; baseline 0 -18"><span class='ocrx_word' id='word_1_200' title='bbox 470 1493 685 1548; x_wconf 85' lang='lat' dir='ltr'>Eadem</span> <span class='ocrx_word' id='word_1_201' title='bbox 719 1509 953 1564; x_wconf 88' lang='lat' dir='ltr'>quoque</span> <span class='ocrx_word' id='word_1_202' title='bbox 979 1493 1205 1549; x_wconf 84' lang='lat' dir='ltr'>ratione</span> <span class='ocrx_word' id='word_1_203' title='bbox 1248 1493 1696 1566; x_wconf 82' lang='lat' dir='ltr'>intelligendum</span> <span class='ocrx_word' id='word_1_204' title='bbox 1744 1493 1887 1549; x_wconf 90' lang='lat' dir='ltr'>illud</span> <span class='ocrx_word' id='word_1_205' title='bbox 1917 1493 2081 1566; x_wconf 82' lang='lat' dir='ltr'>Cyrill</span> 
     </span>
    </p>
   </div>
   <div class='ocr_carea' id='block_1_27' title="bbox 2198 1492 3809 1569">
    <p class='ocr_par' dir='ltr' id='par_1_27' title="bbox 2222 1492 3809 1569">
     <span class='ocr_line' id='line_1_27' title="bbox 2222 1492 3809 1569; baseline -0.001 -21"><span class='ocrx_word' id='word_1_206' title='bbox 2222 1513 2402 1567; x_wconf 89' lang='grc' dir='ltr'>ρηται.</span> <span class='ocrx_word' id='word_1_207' title='bbox 2462 1492 2733 1556; x_wconf 76' lang='grc' dir='ltr'>Ὡσαύτως</span> <span class='ocrx_word' id='word_1_208' title='bbox 2816 1496 2906 1549; x_wconf 77' lang='grc' dir='ltr'>καὶ</span> <span class='ocrx_word' id='word_1_209' title='bbox 2988 1494 3051 1550; x_wconf 83' lang='grc' dir='ltr'>τὸ</span> <span class='ocrx_word' id='word_1_210' title='bbox 3130 1498 3228 1549; x_wconf 78' lang='grc' dir='ltr'>τοῦ</span> <span class='ocrx_word' id='word_1_211' title='bbox 3317 1493 3578 1567; x_wconf 74' lang='grc' dir='ltr'>μακαρίου</span> <span class='ocrx_word' id='word_1_212' title='bbox 3654 1493 3809 1569; x_wconf 75' lang='grc' dir='ltr'>Κορίλ-</span> 
     </span>
    </p>
   </div>
   <div class='ocr_carea' id='block_1_28' title="bbox 404 1580 2015 1661">
    <p class='ocr_par' dir='ltr' id='par_1_28' title="bbox 404 1581 1990 1657">
     <span class='ocr_line' id='line_1_28' title="bbox 404 1581 1990 1657; baseline 0.001 -22"><span class='ocrx_word' id='word_1_213' title='bbox 404 1654 407 1657; x_wconf 20' lang='grc' dir='ltr'><strong><em>λ</em></strong></span> <span class='ocrx_word' id='word_1_214' title='bbox 470 1581 715 1647; x_wconf 88' lang='lat' dir='ltr'>dictum,</span> <span class='ocrx_word' id='word_1_215' title='bbox 750 1598 961 1652; x_wconf 88' lang='lat' dir='ltr'>nempe</span> <span class='ocrx_word' id='word_1_216' title='bbox 997 1598 1065 1636; x_wconf 85' lang='lat' dir='ltr'>ex</span> <span class='ocrx_word' id='word_1_217' title='bbox 1093 1582 1403 1651; x_wconf 89' lang='lat' dir='ltr'>ambobus,</span> <span class='ocrx_word' id='word_1_218' title='bbox 1440 1582 1681 1654; x_wconf 80' lang='lat' dir='ltr'>scilicet,</span> <span class='ocrx_word' id='word_1_219' title='bbox 1739 1582 1990 1654; x_wconf 88' lang='lat' dir='ltr'>Spiritus</span> 
     </span>
    </p>
   </div>
   <div class='ocr_carea' id='block_1_29' title="bbox 2201 1580 3812 1661">
    <p class='ocr_par' dir='ltr' id='par_1_29' title="bbox 2222 1580 3812 1661">
     <span class='ocr_line' id='line_1_29' title="bbox 2222 1580 3812 1661; baseline -0.001 -23"><span class='ocrx_word' id='word_1_220' title='bbox 2222 1581 2344 1650; x_wconf 78' lang='grc' dir='ltr'>λου,</span> <span class='ocrx_word' id='word_1_221' title='bbox 2405 1581 2549 1659; x_wconf 70' lang='grc' dir='ltr'>λέγω</span> <span class='ocrx_word' id='word_1_222' title='bbox 2607 1580 2674 1651; x_wconf 78' lang='grc' dir='ltr'>δὴ</span> <span class='ocrx_word' id='word_1_223' title='bbox 2732 1584 2794 1638; x_wconf 89' lang='grc' dir='ltr'>τὸ</span> <span class='ocrx_word' id='word_1_224' title='bbox 2823 1627 2836 1647; x_wconf 84' lang='lat'>.</span> <span class='ocrx_word' id='word_1_225' title='bbox 2896 1581 2946 1654; x_wconf 79' lang='grc' dir='ltr'>ἐξ</span> <span class='ocrx_word' id='word_1_226' title='bbox 3004 1582 3206 1661; x_wconf 75' lang='grc' dir='ltr'>ἀμφοῖν</span> <span class='ocrx_word' id='word_1_227' title='bbox 3236 1629 3250 1656; x_wconf 88' lang='lat'>,</span> <span class='ocrx_word' id='word_1_228' title='bbox 3310 1585 3433 1638; x_wconf 77' lang='grc' dir='ltr'>κατ’</span> <span class='ocrx_word' id='word_1_229' title='bbox 3486 1582 3640 1652; x_wconf 70' lang='grc' dir='ltr'>αὐτὴν</span> <span class='ocrx_word' id='word_1_230' title='bbox 3689 1582 3812 1653; x_wconf 76' lang='grc' dir='ltr'>ἐκλη-</span> 
     </span>
    </p>
   </div>
   <div class='ocr_carea' id='block_1_30' title="bbox 470 1669 2081 1747">
    <p class='ocr_par' dir='ltr' id='par_1_30' title="bbox 470 1670 2081 1742">
     <span class='ocr_line' id='line_1_30' title="bbox 470 1670 2081 1742; baseline 0.001 -18"><span class='ocrx_word' id='word_1_231' title='bbox 470 1670 636 1725; x_wconf 86' lang='lat' dir='ltr'>Patre</span> <span class='ocrx_word' id='word_1_232' title='bbox 668 1670 989 1741; x_wconf 87' lang='lat' dir='ltr'>procedens</span> <span class='ocrx_word' id='word_1_233' title='bbox 1020 1688 1088 1726; x_wconf 84' lang='lat' dir='ltr'>ex</span> <span class='ocrx_word' id='word_1_234' title='bbox 1118 1671 1406 1727; x_wconf 88' lang='lat' dir='ltr'>ambobus</span> <span class='ocrx_word' id='word_1_235' title='bbox 1433 1672 1722 1742; x_wconf 83' lang='lat' dir='ltr'>splendet,</span> <span class='ocrx_word' id='word_1_236' title='bbox 1761 1671 2011 1726; x_wconf 88' lang='lat' dir='ltr'>mittitur</span> <span class='ocrx_word' id='word_1_237' title='bbox 2057 1686 2081 1725; x_wconf 89' lang='lat' dir='ltr'>e</span> 
     </span>
    </p>
   </div>
   <div class='ocr_carea' id='block_1_31' title="bbox 2202 1669 3813 1747">
    <p class='ocr_par' dir='ltr' id='par_1_31' title="bbox 2220 1669 3813 1747">
     <span class='ocr_line' id='line_1_31' title="bbox 2220 1669 3813 1747; baseline -0.001 -21"><span class='ocrx_word' id='word_1_238' title='bbox 2220 1671 2380 1726; x_wconf 79' lang='grc' dir='ltr'>πτέον</span> <span class='ocrx_word' id='word_1_239' title='bbox 2438 1673 2537 1740; x_wconf 76' lang='grc' dir='ltr'>τὴν</span> <span class='ocrx_word' id='word_1_240' title='bbox 2597 1669 2802 1727; x_wconf 78' lang='grc' dir='ltr'>ἔννοιαν</span> <span class='ocrx_word' id='word_1_241' title='bbox 2834 1691 2846 1705; x_wconf 78' lang='grc'><strong><em>⁸</em></strong></span> <span class='ocrx_word' id='word_1_242' title='bbox 2912 1673 2975 1727; x_wconf 86' lang='grc' dir='ltr'>τὸ</span> <span class='ocrx_word' id='word_1_243' title='bbox 3033 1672 3252 1745; x_wconf 67' lang='grc' dir='ltr'>Πνεῦμα</span> <span class='ocrx_word' id='word_1_244' title='bbox 3324 1673 3390 1727; x_wconf 86' lang='grc' dir='ltr'>τὸ</span> <span class='ocrx_word' id='word_1_245' title='bbox 3448 1671 3813 1747; x_wconf 72' lang='grc' dir='ltr'>ἐκπορευόμενον</span> 
     </span>
    </p>
   </div>
   <div class='ocr_carea' id='block_1_32' title="bbox 468 1758 2079 1868">
    <p class='ocr_par' dir='ltr' id='par_1_32' title="bbox 468 1759 2073 1833">
     <span class='ocr_line' id='line_1_32' title="bbox 468 1759 2073 1833; baseline 0 -19"><span class='ocrx_word' id='word_1_246' title='bbox 468 1761 664 1831; x_wconf 89' lang='lat' dir='ltr'>datur,</span> <span class='ocrx_word' id='word_1_247' title='bbox 687 1776 755 1814; x_wconf 87' lang='lat' dir='ltr'>ex</span> <span class='ocrx_word' id='word_1_248' title='bbox 797 1759 967 1815; x_wconf 80' lang='lat' dir='ltr'>Patre</span> <span class='ocrx_word' id='word_1_249' title='bbox 1025 1760 1248 1816; x_wconf 83' lang='lat' dir='ltr'>scilicet</span> <span class='ocrx_word' id='word_1_250' title='bbox 1303 1767 1359 1817; x_wconf 90' lang='lat' dir='ltr'>et</span> <span class='ocrx_word' id='word_1_251' title='bbox 1415 1760 1574 1815; x_wconf 78' lang='lat' dir='ltr'>Filio.</span> <span class='ocrx_word' id='word_1_252' title='bbox 1601 1760 1668 1816; x_wconf 88' lang='lat' dir='ltr'>Et</span> <span class='ocrx_word' id='word_1_253' title='bbox 1720 1759 1892 1833; x_wconf 88' lang='lat' dir='ltr'>paulo</span> <span class='ocrx_word' id='word_1_254' title='bbox 1942 1766 2073 1832; x_wconf 92' lang='lat' dir='ltr'>post</span> 
     </span>
    </p>
   </div>
   <div class='ocr_carea' id='block_1_33' title="bbox 2201 1758 3812 1868">
    <p class='ocr_par' dir='ltr' id='par_1_33' title="bbox 2222 1758 3812 1868">
     <span class='ocr_line' id='line_1_33' title="bbox 2222 1758 3812 1838; baseline -0.001 -23"><span class='ocrx_word' id='word_1_255' title='bbox 2222 1760 2281 1815; x_wconf 75' lang='grc' dir='ltr'>ἐκ</span> <span class='ocrx_word' id='word_1_256' title='bbox 2332 1758 2429 1816; x_wconf 75' lang='grc' dir='ltr'>τοῦ</span> <span class='ocrx_word' id='word_1_257' title='bbox 2508 1760 2718 1835; x_wconf 78' lang='grc' dir='ltr'>Πατρὸς</span> <span class='ocrx_word' id='word_1_258' title='bbox 2791 1760 2840 1834; x_wconf 80' lang='grc' dir='ltr'>ἐξ</span> <span class='ocrx_word' id='word_1_259' title='bbox 2910 1760 3112 1838; x_wconf 74' lang='grc' dir='ltr'>ἀμφοῖν</span> <span class='ocrx_word' id='word_1_260' title='bbox 3188 1758 3548 1834; x_wconf 74' lang='grc' dir='ltr'>ἐκλάμπεται,</span> <span class='ocrx_word' id='word_1_261' title='bbox 3600 1760 3812 1816; x_wconf 66' lang='grc' dir='ltr'>ἀποστίλ-</span> 
     </span>
     <span class='ocr_line' id='line_1_34' title="bbox 2224 1848 3812 1868; baseline 0 0"><span class='ocrx_word' id='word_1_262' title='bbox 2224 1850 2243 1868; x_wconf 54' lang='grc' dir='ltr'><strong><em>Ἇ</em></strong></span> <span class='ocrx_word' id='word_1_263' title='bbox 2510 1849 2525 1868; x_wconf 77' lang='lat'><em>\</em></span> <span class='ocrx_word' id='word_1_264' title='bbox 2605 1848 2684 1868; x_wconf 56' lang='grc' dir='ltr'>(ἱιῆ</span> <span class='ocrx_word' id='word_1_265' title='bbox 2902 1852 2941 1868; x_wconf 79' lang='lat' dir='ltr'>I‘I</span> <span class='ocrx_word' id='word_1_266' title='bbox 3059 1852 3072 1868; x_wconf 86' lang='lat'><strong><em>\</em></strong></span> <span class='ocrx_word' id='word_1_267' title='bbox 3255 1850 3270 1868; x_wconf 59' lang='grc' dir='ltr'>ἱ</span> <span class='ocrx_word' id='word_1_268' title='bbox 3351 1852 3406 1868; x_wconf 62' lang='grc' dir='ltr'>νο</span> <span class='ocrx_word' id='word_1_269' title='bbox 3451 1856 3475 1866; x_wconf 56' lang='grc' dir='ltr'>ς</span> <span class='ocrx_word' id='word_1_270' title='bbox 3571 1852 3607 1868; x_wconf 70' lang='grc' dir='ltr'><strong>ιγ</strong></span> <span class='ocrx_word' id='word_1_271' title='bbox 3645 1850 3658 1867; x_wconf 79' lang='lat'><strong><em>\</em></strong></span> <span class='ocrx_word' id='word_1_272' title='bbox 3805 1852 3812 1863; x_wconf 79' lang='grc'>¹</span> 
     </span>
    </p>
   </div>
   <div class='ocr_carea' id='block_1_34' title="bbox 466 1848 2077 1923">
    <p class='ocr_par' dir='ltr' id='par_1_34' title="bbox 466 1848 2077 1920">
     <span class='ocr_line' id='line_1_35' title="bbox 466 1848 2077 1920; baseline -0.001 -16"><span class='ocrx_word' id='word_1_273' title='bbox 466 1848 626 1904; x_wconf 89' lang='lat' dir='ltr'>Duas</span> <span class='ocrx_word' id='word_1_274' title='bbox 656 1849 1081 1920; x_wconf 83' lang='lat' dir='ltr'>generationes,</span> <span class='ocrx_word' id='word_1_275' title='bbox 1115 1849 1197 1904; x_wconf 87' lang='lat' dir='ltr'>uti</span> <span class='ocrx_word' id='word_1_276' title='bbox 1240 1850 1511 1920; x_wconf 87' lang='lat' dir='ltr'>superius</span> <span class='ocrx_word' id='word_1_277' title='bbox 1541 1850 1680 1920; x_wconf 86' lang='lat' dir='ltr'>dixi,</span> <span class='ocrx_word' id='word_1_278' title='bbox 1713 1849 1866 1906; x_wconf 89' lang='lat' dir='ltr'>circa</span> <span class='ocrx_word' id='word_1_279' title='bbox 1898 1848 2077 1906; x_wconf 78' lang='lat' dir='ltr'>Filiur</span> 
     </span>
    </p>
   </div>
   <div class='ocr_carea' id='block_1_35' title="bbox 2202 1848 3813 1923">
    <p class='ocr_par' dir='ltr' id='par_1_35' title="bbox 2224 1848 3813 1923">
     <span class='ocr_line' id='line_1_36' title="bbox 2224 1848 3813 1923; baseline -0.002 -17"><span class='ocrx_word' id='word_1_280' title='bbox 2224 1850 2373 1906; x_wconf 85' lang='grc' dir='ltr'>λεται</span> <span class='ocrx_word' id='word_1_281' title='bbox 2438 1849 2527 1905; x_wconf 81' lang='grc' dir='ltr'>καὶ</span> <span class='ocrx_word' id='word_1_282' title='bbox 2601 1848 2845 1922; x_wconf 80' lang='grc' dir='ltr'>δίδοται,</span> <span class='ocrx_word' id='word_1_283' title='bbox 2900 1852 3112 1923; x_wconf 80' lang='grc' dir='ltr'>Πατρὸς</span> <span class='ocrx_word' id='word_1_284' title='bbox 3182 1850 3274 1906; x_wconf 85' lang='grc' dir='ltr'>καὶ</span> <span class='ocrx_word' id='word_1_285' title='bbox 3351 1852 3509 1908; x_wconf 74' lang='grc' dir='ltr'>Υἱοῦ.</span> <span class='ocrx_word' id='word_1_286' title='bbox 3570 1850 3661 1923; x_wconf 58' lang='grc' dir='ltr'>Καὶ</span> <span class='ocrx_word' id='word_1_287' title='bbox 3730 1852 3813 1921; x_wconf 80' lang='grc' dir='ltr'>μετ’</span> 
     </span>
    </p>
   </div>
   <div class='ocr_carea' id='block_1_36' title="bbox 466 1937 2077 2017">
    <p class='ocr_par' dir='ltr' id='par_1_36' title="bbox 466 1937 2077 2011">
     <span class='ocr_line' id='line_1_37' title="bbox 466 1937 2077 2011; baseline 0.001 -20"><span class='ocrx_word' id='word_1_288' title='bbox 466 1937 679 2005; x_wconf 90' lang='lat' dir='ltr'>didici;</span> <span class='ocrx_word' id='word_1_289' title='bbox 714 1955 891 1993; x_wconf 88' lang='lat' dir='ltr'>unam</span> <span class='ocrx_word' id='word_1_290' title='bbox 918 1955 1044 2010; x_wconf 69' lang='lat' dir='ltr'>quae</span> <span class='ocrx_word' id='word_1_291' title='bbox 1067 1944 1155 1993; x_wconf 89' lang='lat' dir='ltr'>est</span> <span class='ocrx_word' id='word_1_292' title='bbox 1176 1955 1243 1994; x_wconf 87' lang='lat' dir='ltr'>ex</span> <span class='ocrx_word' id='word_1_293' title='bbox 1262 1939 1430 1994; x_wconf 85' lang='lat' dir='ltr'>Patre</span> <span class='ocrx_word' id='word_1_294' title='bbox 1452 1944 1586 1995; x_wconf 83' lang='lat' dir='ltr'>ante</span> <span class='ocrx_word' id='word_1_295' title='bbox 1617 1946 1904 2011; x_wconf 89' lang='lat' dir='ltr'>tempora,</span> <span class='ocrx_word' id='word_1_296' title='bbox 1937 1939 2077 1994; x_wconf 76' lang='lat' dir='ltr'>aliar</span> 
     </span>
    </p>
   </div>
   <div class='ocr_carea' id='block_1_37' title="bbox 2201 1937 3812 2017">
    <p class='ocr_par' dir='ltr' id='par_1_37' title="bbox 2226 1937 3812 2017">
     <span class='ocr_line' id='line_1_38' title="bbox 2226 1937 3812 2017; baseline -0.002 -23"><span class='ocrx_word' id='word_1_297' title='bbox 2226 1938 2435 2014; x_wconf 79' lang='grc' dir='ltr'>ὀλίγα·</span> <span class='ocrx_word' id='word_1_298' title='bbox 2496 1938 2603 1993; x_wconf 86' lang='grc' dir='ltr'>Δύο</span> <span class='ocrx_word' id='word_1_299' title='bbox 2658 1941 2936 2016; x_wconf 79' lang='grc' dir='ltr'>γεννήσεις</span> <span class='ocrx_word' id='word_1_300' title='bbox 3017 1940 3092 2002; x_wconf 84' lang='grc' dir='ltr'>ὡς</span> <span class='ocrx_word' id='word_1_301' title='bbox 3170 1938 3376 2004; x_wconf 78' lang='grc' dir='ltr'>ἄνωθεν</span> <span class='ocrx_word' id='word_1_302' title='bbox 3464 1937 3618 2017; x_wconf 75' lang='grc' dir='ltr'>ἔφθην</span> <span class='ocrx_word' id='word_1_303' title='bbox 3686 1939 3812 1994; x_wconf 70' lang='grc' dir='ltr'>εἰπὼν</span> 
     </span>
    </p>
   </div>
   <div class='ocr_carea' id='block_1_38' title="bbox 471 2026 2082 2104">
    <p class='ocr_par' dir='ltr' id='par_1_38' title="bbox 471 2026 2082 2100">
     <span class='ocr_line' id='line_1_39' title="bbox 471 2026 2082 2100; baseline 0.001 -19"><span class='ocrx_word' id='word_1_304' title='bbox 471 2042 598 2095; x_wconf 69' lang='lat' dir='ltr'>qua:</span> <span class='ocrx_word' id='word_1_305' title='bbox 624 2042 693 2093; x_wconf 82' lang='lat' dir='ltr'>ex</span> <span class='ocrx_word' id='word_1_306' title='bbox 715 2026 954 2099; x_wconf 85' lang='lat' dir='ltr'>Virgine</span> <span class='ocrx_word' id='word_1_307' title='bbox 975 2028 1034 2082; x_wconf 88' lang='lat' dir='ltr'>in</span> <span class='ocrx_word' id='word_1_308' title='bbox 1061 2028 1572 2099; x_wconf 89' lang='lat' dir='ltr'>tempore.Eodem</span> <span class='ocrx_word' id='word_1_309' title='bbox 1596 2028 1767 2084; x_wconf 90' lang='lat' dir='ltr'>modo</span> <span class='ocrx_word' id='word_1_310' title='bbox 1789 2028 1937 2084; x_wconf 89' lang='lat' dir='ltr'>duas</span> <span class='ocrx_word' id='word_1_311' title='bbox 1982 2045 2082 2100; x_wconf 90' lang='lat' dir='ltr'>pro</span> 
     </span>
    </p>
   </div>
   <div class='ocr_carea' id='block_1_39' title="bbox 2202 2026 3813 2104">
    <p class='ocr_par' dir='ltr' id='par_1_39' title="bbox 2225 2027 3813 2104">
     <span class='ocr_line' id='line_1_40' title="bbox 2225 2027 3813 2104; baseline -0.001 -20"><span class='ocrx_word' id='word_1_312' title='bbox 2225 2028 2311 2084; x_wconf 73' lang='grc' dir='ltr'>ἐπὶ</span> <span class='ocrx_word' id='word_1_313' title='bbox 2370 2033 2466 2083; x_wconf 79' lang='grc' dir='ltr'>τοῦ</span> <span class='ocrx_word' id='word_1_314' title='bbox 2522 2029 2700 2104; x_wconf 78' lang='grc' dir='ltr'>Λόγου</span> <span class='ocrx_word' id='word_1_315' title='bbox 2765 2029 3094 2103; x_wconf 80' lang='grc' dir='ltr'>μεμάθηκα·</span> <span class='ocrx_word' id='word_1_316' title='bbox 3155 2030 3277 2102; x_wconf 85' lang='grc' dir='ltr'>μίαν</span> <span class='ocrx_word' id='word_1_317' title='bbox 3344 2029 3442 2102; x_wconf 71' lang='grc' dir='ltr'>μὲν</span> <span class='ocrx_word' id='word_1_318' title='bbox 3494 2030 3587 2097; x_wconf 82' lang='grc' dir='ltr'>τήν</span> <span class='ocrx_word' id='word_1_319' title='bbox 3640 2027 3690 2083; x_wconf 78' lang='grc' dir='ltr'>ἐκ</span> <span class='ocrx_word' id='word_1_320' title='bbox 3734 2034 3813 2082; x_wconf 82' lang='grc' dir='ltr'>Πα-</span> 
     </span>
    </p>
   </div>
   <div class='ocr_carea' id='block_1_40' title="bbox 471 2116 2082 2195">
    <p class='ocr_par' dir='ltr' id='par_1_40' title="bbox 471 2116 2075 2189">
     <span class='ocr_line' id='line_1_41' title="bbox 471 2116 2075 2189; baseline 0.001 -19"><span class='ocrx_word' id='word_1_321' title='bbox 471 2116 734 2171; x_wconf 77' lang='lat' dir='ltr'>fusiones</span> <span class='ocrx_word' id='word_1_322' title='bbox 764 2116 941 2171; x_wconf 92' lang='lat' dir='ltr'>didici</span> <span class='ocrx_word' id='word_1_323' title='bbox 983 2132 1111 2173; x_wconf 88' lang='lat' dir='ltr'>esse</span> <span class='ocrx_word' id='word_1_324' title='bbox 1170 2116 1425 2189; x_wconf 80' lang='lat' dir='ltr'>Spiritus</span> <span class='ocrx_word' id='word_1_325' title='bbox 1477 2117 1704 2184; x_wconf 81' lang='lat' dir='ltr'>sancti;</span> <span class='ocrx_word' id='word_1_326' title='bbox 1765 2133 1943 2173; x_wconf 90' lang='lat' dir='ltr'>unam</span> <span class='ocrx_word' id='word_1_327' title='bbox 2001 2134 2075 2189; x_wconf 90' lang='lat' dir='ltr'>qu</span> 
     </span>
    </p>
   </div>
   <div class='ocr_carea' id='block_1_41' title="bbox 2201 2116 3812 2195">
    <p class='ocr_par' dir='ltr' id='par_1_41' title="bbox 2222 2116 3812 2195">
     <span class='ocr_line' id='line_1_42' title="bbox 2222 2116 3812 2195; baseline -0.002 -22"><span class='ocrx_word' id='word_1_328' title='bbox 2222 2120 2351 2195; x_wconf 89' lang='grc' dir='ltr'>τρὸς</span> <span class='ocrx_word' id='word_1_329' title='bbox 2408 2117 2496 2173; x_wconf 81' lang='grc' dir='ltr'>καὶ</span> <span class='ocrx_word' id='word_1_330' title='bbox 2557 2119 2685 2194; x_wconf 72' lang='grc' dir='ltr'>ὑπὲρ</span> <span class='ocrx_word' id='word_1_331' title='bbox 2744 2117 2975 2194; x_wconf 72' lang='grc' dir='ltr'>χρόνον,</span> <span class='ocrx_word' id='word_1_332' title='bbox 3026 2119 3148 2192; x_wconf 84' lang='grc' dir='ltr'>μίαν</span> <span class='ocrx_word' id='word_1_333' title='bbox 3201 2116 3259 2174; x_wconf 72' lang='grc' dir='ltr'>δὲ</span> <span class='ocrx_word' id='word_1_334' title='bbox 3313 2120 3415 2188; x_wconf 78' lang='grc' dir='ltr'>τήν</span> <span class='ocrx_word' id='word_1_335' title='bbox 3470 2117 3528 2174; x_wconf 75' lang='grc' dir='ltr'>ἐκ</span> <span class='ocrx_word' id='word_1_336' title='bbox 3575 2125 3663 2189; x_wconf 82' lang='grc' dir='ltr'>τῆς</span> <span class='ocrx_word' id='word_1_337' title='bbox 3706 2123 3812 2192; x_wconf 81' lang='grc' dir='ltr'>Παρ-</span> 
     </span>
    </p>
   </div>
   <div class='ocr_carea' id='block_1_42' title="bbox 473 2195 2084 2284">
    <p class='ocr_par' dir='ltr' id='par_1_42' title="bbox 473 2195 2084 2278">
     <span class='ocr_line' id='line_1_43' title="bbox 473 2195 2084 2278; baseline 0.001 -19"><span class='ocrx_word' id='word_1_338' title='bbox 473 2204 735 2277; x_wconf 89' lang='lat' dir='ltr'>procedit</span> <span class='ocrx_word' id='word_1_339' title='bbox 756 2195 889 2260; x_wconf 81' lang='lat' dir='ltr'>ante</span> <span class='ocrx_word' id='word_1_340' title='bbox 911 2210 1194 2278; x_wconf 83' lang='lat' dir='ltr'>tempora.</span> <span class='ocrx_word' id='word_1_341' title='bbox 1228 2211 1284 2261; x_wconf 91' lang='lat' dir='ltr'>et</span> <span class='ocrx_word' id='word_1_342' title='bbox 1313 2206 1485 2262; x_wconf 87' lang='lat' dir='ltr'>aliam</span> <span class='ocrx_word' id='word_1_343' title='bbox 1518 2224 1631 2278; x_wconf 86' lang='lat' dir='ltr'>qua</span> <span class='ocrx_word' id='word_1_344' title='bbox 1666 2206 1983 2262; x_wconf 82' lang='lat' dir='ltr'>bonitatem</span> <span class='ocrx_word' id='word_1_345' title='bbox 2008 2206 2084 2261; x_wconf 91' lang='lat' dir='ltr'>im</span> 
     </span>
    </p>
   </div>
   <div class='ocr_carea' id='block_1_43' title="bbox 2202 2195 3813 2284">
    <p class='ocr_par' dir='ltr' id='par_1_43' title="bbox 2226 2205 3813 2284">
     <span class='ocr_line' id='line_1_44' title="bbox 2226 2205 3813 2284; baseline -0.002 -22"><span class='ocrx_word' id='word_1_346' title='bbox 2226 2208 2379 2262; x_wconf 75' lang='grc' dir='ltr'>θὲνου</span> <span class='ocrx_word' id='word_1_347' title='bbox 2436 2207 2526 2263; x_wconf 85' lang='grc' dir='ltr'>καὶ</span> <span class='ocrx_word' id='word_1_348' title='bbox 2586 2208 2686 2263; x_wconf 82' lang='grc' dir='ltr'>ὑπὸ</span> <span class='ocrx_word' id='word_1_349' title='bbox 2765 2208 2984 2284; x_wconf 85' lang='grc' dir='ltr'>χρόνον.</span> <span class='ocrx_word' id='word_1_350' title='bbox 3043 2207 3317 2270; x_wconf 78' lang='grc' dir='ltr'>Ὡσαύτως</span> <span class='ocrx_word' id='word_1_351' title='bbox 3385 2207 3474 2263; x_wconf 79' lang='grc' dir='ltr'>καὶ</span> <span class='ocrx_word' id='word_1_352' title='bbox 3549 2205 3634 2272; x_wconf 78' lang='grc' dir='ltr'>δύο</span> <span class='ocrx_word' id='word_1_353' title='bbox 3706 2227 3813 2280; x_wconf 78' lang='grc' dir='ltr'>προ-</span> 
     </span>
    </p>
   </div>
   <div class='ocr_carea' id='block_1_44' title="bbox 472 2295 2083 2373">
    <p class='ocr_par' dir='ltr' id='par_1_44' title="bbox 472 2295 2083 2368">
     <span class='ocr_line' id='line_1_45' title="bbox 472 2295 2083 2368; baseline 0.001 -20"><span class='ocrx_word' id='word_1_354' title='bbox 472 2295 747 2367; x_wconf 91' lang='lat' dir='ltr'>partitur.</span> <span class='ocrx_word' id='word_1_355' title='bbox 783 2296 894 2350; x_wconf 90' lang='lat' dir='ltr'>Sed</span> <span class='ocrx_word' id='word_1_356' title='bbox 931 2296 1139 2367; x_wconf 80' lang='lat' dir='ltr'>prioris</span> <span class='ocrx_word' id='word_1_357' title='bbox 1172 2295 1294 2350; x_wconf 86' lang='lat' dir='ltr'>Filii</span> <span class='ocrx_word' id='word_1_358' title='bbox 1348 2295 1739 2368; x_wconf 84' lang='lat' dir='ltr'>generationis</span> <span class='ocrx_word' id='word_1_359' title='bbox 1798 2300 1856 2352; x_wconf 90' lang='lat' dir='ltr'>et</span> <span class='ocrx_word' id='word_1_360' title='bbox 1912 2295 2083 2368; x_wconf 92' lang='lat' dir='ltr'>priori</span> 
     </span>
    </p>
   </div>
   <div class='ocr_carea' id='block_1_45' title="bbox 2201 2295 3812 2373">
    <p class='ocr_par' dir='ltr' id='par_1_45' title="bbox 2227 2295 3812 2373">
     <span class='ocr_line' id='line_1_46' title="bbox 2227 2295 3812 2373; baseline -0.001 -22"><span class='ocrx_word' id='word_1_361' title='bbox 2227 2297 2414 2373; x_wconf 83' lang='grc' dir='ltr'>χύσεις</span> <span class='ocrx_word' id='word_1_362' title='bbox 2492 2295 2738 2370; x_wconf 75' lang='grc' dir='ltr'>ἐμυήθην</span> <span class='ocrx_word' id='word_1_363' title='bbox 2820 2297 2907 2352; x_wconf 80' lang='grc' dir='ltr'>ἐπὶ</span> <span class='ocrx_word' id='word_1_364' title='bbox 2980 2296 3077 2353; x_wconf 75' lang='grc' dir='ltr'>τοῖ’)</span> <span class='ocrx_word' id='word_1_365' title='bbox 3155 2296 3520 2370; x_wconf 85' lang='grc' dir='ltr'>Πνεύμασος·</span> <span class='ocrx_word' id='word_1_366' title='bbox 3579 2296 3688 2369; x_wconf 82' lang='grc' dir='ltr'>μίαν</span> <span class='ocrx_word' id='word_1_367' title='bbox 3743 2295 3812 2367; x_wconf 76' lang='grc' dir='ltr'>μὲν</span> 
     </span>
    </p>
   </div>
   <div class='ocr_carea' id='block_1_46' title="bbox 475 2382 2086 2463">
    <p class='ocr_par' dir='ltr' id='par_1_46' title="bbox 475 2383 2086 2454">
     <span class='ocr_line' id='line_1_47' title="bbox 475 2383 2086 2454; baseline 0.002 -18"><span class='ocrx_word' id='word_1_368' title='bbox 475 2383 873 2454; x_wconf 87' lang='lat' dir='ltr'>processionis</span> <span class='ocrx_word' id='word_1_369' title='bbox 902 2383 1175 2453; x_wconf 79' lang='lat' dir='ltr'>Spiritus,</span> <span class='ocrx_word' id='word_1_370' title='bbox 1209 2384 1376 2440; x_wconf 88' lang='lat' dir='ltr'>Pater</span> <span class='ocrx_word' id='word_1_371' title='bbox 1407 2384 1567 2441; x_wconf 89' lang='lat' dir='ltr'>solus</span> <span class='ocrx_word' id='word_1_372' title='bbox 1598 2401 1777 2440; x_wconf 88' lang='lat' dir='ltr'>causa</span> <span class='ocrx_word' id='word_1_373' title='bbox 1823 2389 1930 2441; x_wconf 88' lang='lat' dir='ltr'>est.</span> <span class='ocrx_word' id='word_1_374' title='bbox 1966 2384 2086 2440; x_wconf 86' lang='lat' dir='ltr'>Alte</span> 
     </span>
    </p>
   </div>
   <div class='ocr_carea' id='block_1_47' title="bbox 2200 2382 3811 2463">
    <p class='ocr_par' dir='ltr' id='par_1_47' title="bbox 2226 2382 3811 2463">
     <span class='ocr_line' id='line_1_48' title="bbox 2226 2382 3811 2463; baseline -0.003 -24"><span class='ocrx_word' id='word_1_375' title='bbox 2226 2387 2324 2454; x_wconf 67' lang='grc' dir='ltr'>τὴν</span> <span class='ocrx_word' id='word_1_376' title='bbox 2387 2385 2772 2460; x_wconf 69' lang='grc' dir='ltr'>ἐκπορευτικὴν</span> <span class='ocrx_word' id='word_1_377' title='bbox 2830 2387 2923 2441; x_wconf 85' lang='grc' dir='ltr'>καὶ</span> <span class='ocrx_word' id='word_1_378' title='bbox 2982 2387 3112 2462; x_wconf 75' lang='grc' dir='ltr'>ὑπὲρ</span> <span class='ocrx_word' id='word_1_379' title='bbox 3171 2382 3397 2463; x_wconf 81' lang='grc' dir='ltr'>χρόνον,</span> <span class='ocrx_word' id='word_1_380' title='bbox 3454 2385 3540 2441; x_wconf 84' lang='grc' dir='ltr'>καὶ</span> <span class='ocrx_word' id='word_1_381' title='bbox 3596 2384 3703 2458; x_wconf 62' lang='grc' dir='ltr'>μίαν</span> <span class='ocrx_word' id='word_1_382' title='bbox 3740 2384 3811 2450; x_wconf 74' lang='grc' dir='ltr'>τήν</span> 
     </span>
    </p>
   </div>
   <div class='ocr_carea' id='block_1_48' title="bbox 475 2471 2086 2550">
    <p class='ocr_par' dir='ltr' id='par_1_48' title="bbox 475 2471 2086 2545">
     <span class='ocr_line' id='line_1_49' title="bbox 475 2471 2086 2545; baseline 0.001 -19"><span class='ocrx_word' id='word_1_383' title='bbox 475 2471 598 2526; x_wconf 87' lang='lat' dir='ltr'>rius</span> <span class='ocrx_word' id='word_1_384' title='bbox 630 2487 762 2526; x_wconf 88' lang='lat' dir='ltr'>vero</span> <span class='ocrx_word' id='word_1_385' title='bbox 793 2472 1187 2543; x_wconf 83' lang='lat' dir='ltr'>generationis</span> <span class='ocrx_word' id='word_1_386' title='bbox 1216 2490 1346 2545; x_wconf 71' lang='lat' dir='ltr'>quae</span> <span class='ocrx_word' id='word_1_387' title='bbox 1402 2473 1459 2528; x_wconf 93' lang='lat' dir='ltr'>in</span> <span class='ocrx_word' id='word_1_388' title='bbox 1516 2478 1778 2545; x_wconf 89' lang='lat' dir='ltr'>tempore</span> <span class='ocrx_word' id='word_1_389' title='bbox 1818 2474 1970 2530; x_wconf 81' lang='lat' dir='ltr'>facta</span> <span class='ocrx_word' id='word_1_390' title='bbox 2008 2478 2086 2529; x_wconf 84' lang='lat' dir='ltr'>est</span> 
     </span>
    </p>
   </div>
   <div class='ocr_carea' id='block_1_49' title="bbox 2202 2471 3813 2550">
    <p class='ocr_par' dir='ltr' id='par_1_49' title="bbox 2233 2473 3813 2550">
     <span class='ocr_line' id='line_1_50' title="bbox 2233 2473 3813 2550; baseline -0.004 -20"><span class='ocrx_word' id='word_1_391' title='bbox 2233 2473 2590 2549; x_wconf 80' lang='grc' dir='ltr'>μεταδοτικὴν</span> <span class='ocrx_word' id='word_1_392' title='bbox 2649 2473 2998 2550; x_wconf 79' lang='grc' dir='ltr'>ἀγαθότητος.</span> <span class='ocrx_word' id='word_1_393' title='bbox 3060 2474 3233 2532; x_wconf 79' lang='grc' dir='ltr'>Ἀλλᾶ</span> <span class='ocrx_word' id='word_1_394' title='bbox 3284 2482 3393 2544; x_wconf 79' lang='grc' dir='ltr'>τῆς</span> <span class='ocrx_word' id='word_1_395' title='bbox 3463 2475 3668 2550; x_wconf 82' lang='grc' dir='ltr'>πρώτης</span> <span class='ocrx_word' id='word_1_396' title='bbox 3725 2492 3813 2547; x_wconf 77' lang='grc' dir='ltr'>γεν-</span> 
     </span>
    </p>
   </div>
   <div class='ocr_carea' id='block_1_50' title="bbox 475 2559 2086 2641">
    <p class='ocr_par' dir='ltr' id='par_1_50' title="bbox 475 2559 2086 2635">
     <span class='ocr_line' id='line_1_51' title="bbox 475 2559 2086 2635; baseline 0.001 -20"><span class='ocrx_word' id='word_1_397' title='bbox 475 2566 532 2615; x_wconf 90' lang='lat' dir='ltr'>et</span> <span class='ocrx_word' id='word_1_398' title='bbox 562 2559 802 2615; x_wconf 86' lang='lat' dir='ltr'>alterius</span> <span class='ocrx_word' id='word_1_399' title='bbox 833 2561 1213 2632; x_wconf 79' lang='lat' dir='ltr'>profusionis.</span> <span class='ocrx_word' id='word_1_400' title='bbox 1245 2579 1363 2633; x_wconf 88' lang='lat' dir='ltr'>qua</span> <span class='ocrx_word' id='word_1_401' title='bbox 1394 2564 1548 2618; x_wconf 86' lang='lat' dir='ltr'>dona</span> <span class='ocrx_word' id='word_1_402' title='bbox 1597 2563 1955 2635; x_wconf 79' lang='lat' dir='ltr'>impartitur,</span> <span class='ocrx_word' id='word_1_403' title='bbox 2003 2580 2086 2618; x_wconf 87' lang='lat' dir='ltr'>no:</span> 
     </span>
    </p>
   </div>
   <div class='ocr_carea' id='block_1_51' title="bbox 2203 2559 3814 2641">
    <p class='ocr_par' dir='ltr' id='par_1_51' title="bbox 2227 2559 3814 2641">
     <span class='ocr_line' id='line_1_52' title="bbox 2227 2559 3814 2641; baseline -0.003 -24"><span class='ocrx_word' id='word_1_404' title='bbox 2227 2566 2434 2634; x_wconf 70' lang='grc' dir='ltr'>νήσεως</span> <span class='ocrx_word' id='word_1_405' title='bbox 2504 2567 2602 2618; x_wconf 76' lang='grc' dir='ltr'>τοῦ</span> <span class='ocrx_word' id='word_1_406' title='bbox 2675 2564 2845 2632; x_wconf 79' lang='grc' dir='ltr'>Υἱοῦ,</span> <span class='ocrx_word' id='word_1_407' title='bbox 2910 2565 3000 2618; x_wconf 85' lang='grc' dir='ltr'>καὶ</span> <span class='ocrx_word' id='word_1_408' title='bbox 3065 2571 3166 2634; x_wconf 82' lang='grc' dir='ltr'>τῆς</span> <span class='ocrx_word' id='word_1_409' title='bbox 3236 2566 3465 2641; x_wconf 77' lang='grc' dir='ltr'>πρώτης</span> <span class='ocrx_word' id='word_1_410' title='bbox 3536 2559 3622 2617; x_wconf 73' lang='grc' dir='ltr'>τοῦ</span> <span class='ocrx_word' id='word_1_411' title='bbox 3691 2559 3814 2619; x_wconf 61' lang='lat' dir='ltr'>Ilvati-</span> 
     </span>
    </p>
   </div>
   <div class='ocr_carea' id='block_1_52' title="bbox 474 2648 2085 2729">
    <p class='ocr_par' dir='ltr' id='par_1_52' title="bbox 474 2648 2085 2723">
     <span class='ocr_line' id='line_1_53' title="bbox 474 2648 2085 2723; baseline 0.003 -20"><span class='ocrx_word' id='word_1_412' title='bbox 474 2648 635 2704; x_wconf 90' lang='lat' dir='ltr'>solus</span> <span class='ocrx_word' id='word_1_413' title='bbox 658 2648 848 2718; x_wconf 86' lang='lat' dir='ltr'>Pater,</span> <span class='ocrx_word' id='word_1_414' title='bbox 866 2650 967 2705; x_wconf 84' lang='lat' dir='ltr'>sed</span> <span class='ocrx_word' id='word_1_415' title='bbox 994 2650 1179 2706; x_wconf 90' lang='lat' dir='ltr'>Filius</span> <span class='ocrx_word' id='word_1_416' title='bbox 1195 2657 1252 2707; x_wconf 91' lang='lat' dir='ltr'>et</span> <span class='ocrx_word' id='word_1_417' title='bbox 1272 2652 1526 2723; x_wconf 88' lang='lat' dir='ltr'>Spiritus</span> <span class='ocrx_word' id='word_1_418' title='bbox 1549 2655 1789 2708; x_wconf 86' lang='lat' dir='ltr'>sanctus</span> <span class='ocrx_word' id='word_1_419' title='bbox 1811 2657 1900 2709; x_wconf 87' lang='lat' dir='ltr'>est</span> <span class='ocrx_word' id='word_1_420' title='bbox 1919 2669 2085 2708; x_wconf 79' lang='lat' dir='ltr'>causa</span> 
     </span>
    </p>
   </div>
   <div class='ocr_carea' id='block_1_53' title="bbox 2203 2648 3814 2729">
    <p class='ocr_par' dir='ltr' id='par_1_53' title="bbox 2233 2650 3814 2729">
     <span class='ocr_line' id='line_1_54' title="bbox 2233 2650 3814 2729; baseline 0 -22"><span class='ocrx_word' id='word_1_421' title='bbox 2233 2673 2400 2725; x_wconf 85' lang='grc' dir='ltr'>ματος</span> <span class='ocrx_word' id='word_1_422' title='bbox 2478 2651 2868 2728; x_wconf 80' lang='grc' dir='ltr'>ἐκπορεύσεως,</span> <span class='ocrx_word' id='word_1_423' title='bbox 2928 2654 2957 2707; x_wconf 92' lang='lat'>6</span> <span class='ocrx_word' id='word_1_424' title='bbox 3006 2654 3195 2729; x_wconf 75' lang='grc' dir='ltr'>Πατήρ</span> <span class='ocrx_word' id='word_1_425' title='bbox 3266 2653 3437 2727; x_wconf 82' lang='grc' dir='ltr'>μόνος</span> <span class='ocrx_word' id='word_1_426' title='bbox 3515 2650 3686 2711; x_wconf 73' lang='grc' dir='ltr'>αἴτιος.</span> <span class='ocrx_word' id='word_1_427' title='bbox 3732 2650 3814 2717; x_wconf 79' lang='grc' dir='ltr'>Τῆς</span> 
     </span>
    </p>
   </div>
   <div class='ocr_carea' id='block_1_54' title="bbox 478 2734 2089 2819">
    <p class='ocr_par' dir='ltr' id='par_1_54' title="bbox 478 2734 2085 2811">
     <span class='ocr_line' id='line_1_55' title="bbox 478 2734 2085 2811; baseline 0.002 -18"><span class='ocrx_word' id='word_1_428' title='bbox 478 2739 558 2793; x_wconf 85' lang='lat' dir='ltr'>Ex</span> <span class='ocrx_word' id='word_1_429' title='bbox 580 2739 870 2794; x_wconf 88' lang='lat' dir='ltr'>ambobus</span> <span class='ocrx_word' id='word_1_430' title='bbox 902 2737 1119 2811; x_wconf 86' lang='lat' dir='ltr'>itaque,</span> <span class='ocrx_word' id='word_1_431' title='bbox 1157 2740 1323 2797; x_wconf 87' lang='lat' dir='ltr'>Patre</span> <span class='ocrx_word' id='word_1_432' title='bbox 1354 2741 1580 2797; x_wconf 88' lang='lat' dir='ltr'>scilicet</span> <span class='ocrx_word' id='word_1_433' title='bbox 1610 2745 1667 2796; x_wconf 92' lang='lat' dir='ltr'>et</span> <span class='ocrx_word' id='word_1_434' title='bbox 1697 2734 1860 2809; x_wconf 88' lang='lat' dir='ltr'>Filio,</span> <span class='ocrx_word' id='word_1_435' title='bbox 1892 2742 1961 2796; x_wconf 85' lang='lat' dir='ltr'>ad</span> <span class='ocrx_word' id='word_1_436' title='bbox 1993 2741 2085 2797; x_wconf 90' lang='lat' dir='ltr'>dis</span> 
     </span>
    </p>
   </div>
   <div class='ocr_carea' id='block_1_55' title="bbox 2200 2734 3811 2819">
    <p class='ocr_par' dir='ltr' id='par_1_55' title="bbox 2230 2735 3811 2819">
     <span class='ocr_line' id='line_1_56' title="bbox 2230 2735 3811 2819; baseline 0 -22"><span class='ocrx_word' id='word_1_437' title='bbox 2230 2741 2289 2797; x_wconf 76' lang='grc' dir='ltr'>δὲ</span> <span class='ocrx_word' id='word_1_438' title='bbox 2315 2740 2493 2812; x_wconf 77' lang='grc' dir='ltr'>ἄλλης</span> <span class='ocrx_word' id='word_1_439' title='bbox 2526 2745 2825 2817; x_wconf 76' lang='grc' dir='ltr'>γεννήσεως</span> <span class='ocrx_word' id='word_1_440' title='bbox 2858 2748 2958 2811; x_wconf 79' lang='grc' dir='ltr'>τῆς</span> <span class='ocrx_word' id='word_1_441' title='bbox 2990 2740 3093 2797; x_wconf 81' lang='grc' dir='ltr'>ὑπὸ</span> <span class='ocrx_word' id='word_1_442' title='bbox 3124 2742 3355 2819; x_wconf 79' lang='grc' dir='ltr'>χρόνον,</span> <span class='ocrx_word' id='word_1_443' title='bbox 3397 2742 3487 2797; x_wconf 84' lang='grc' dir='ltr'>καὶ</span> <span class='ocrx_word' id='word_1_444' title='bbox 3538 2747 3630 2809; x_wconf 79' lang='grc' dir='ltr'>τῆς</span> <span class='ocrx_word' id='word_1_445' title='bbox 3677 2735 3811 2806; x_wconf 72' lang='grc' dir='ltr'>ἄλλης</span> 
     </span>
    </p>
   </div>
   <div class='ocr_carea' id='block_1_56' title="bbox 479 2827 2090 2906">
    <p class='ocr_par' dir='ltr' id='par_1_56' title="bbox 479 2828 2090 2899">
     <span class='ocr_line' id='line_1_57' title="bbox 479 2828 2090 2899; baseline 0.001 -16"><span class='ocrx_word' id='word_1_446' title='bbox 479 2828 883 2899; x_wconf 83' lang='lat' dir='ltr'>pensationem</span> <span class='ocrx_word' id='word_1_447' title='bbox 905 2828 1263 2887; x_wconf 71' lang='lat' dir='ltr'>etfunditur:</span> <span class='ocrx_word' id='word_1_448' title='bbox 1298 2847 1411 2886; x_wconf 91' lang='lat' dir='ltr'>non</span> <span class='ocrx_word' id='word_1_449' title='bbox 1446 2832 1771 2886; x_wconf 88' lang='lat' dir='ltr'>secundum</span> <span class='ocrx_word' id='word_1_450' title='bbox 1803 2831 2090 2887; x_wconf 80' lang='lat' dir='ltr'>subsisten</span> 
     </span>
    </p>
   </div>
   <div class='ocr_carea' id='block_1_57' title="bbox 2204 2827 3815 2906">
    <p class='ocr_par' dir='ltr' id='par_1_57' title="bbox 2229 2827 3815 2906">
     <span class='ocr_line' id='line_1_58' title="bbox 2229 2827 3815 2906; baseline -0.004 -21"><span class='ocrx_word' id='word_1_451' title='bbox 2229 2829 2555 2906; x_wconf 81' lang='grc' dir='ltr'>προχύσεως</span> <span class='ocrx_word' id='word_1_452' title='bbox 2609 2837 2711 2899; x_wconf 84' lang='grc' dir='ltr'>τῆς</span> <span class='ocrx_word' id='word_1_453' title='bbox 2774 2827 3155 2904; x_wconf 78' lang='grc' dir='ltr'>μεταδοτικῆς,</span> <span class='ocrx_word' id='word_1_454' title='bbox 3183 2830 3245 2886; x_wconf 75' lang='grc' dir='ltr'>οὗ</span> <span class='ocrx_word' id='word_1_455' title='bbox 3308 2830 3480 2905; x_wconf 82' lang='grc' dir='ltr'>μόνος</span> <span class='ocrx_word' id='word_1_456' title='bbox 3518 2827 3670 2890; x_wconf 75' lang='grc' dir='ltr'>αἴτιος</span> <span class='ocrx_word' id='word_1_457' title='bbox 3694 2829 3717 2881; x_wconf 90' lang='lat'>6</span> <span class='ocrx_word' id='word_1_458' title='bbox 3741 2831 3815 2880; x_wconf 75' lang='lat' dir='ltr'>Il:-</span> 
     </span>
    </p>
   </div>
   <div class='ocr_carea' id='block_1_58' title="bbox 474 2915 2085 2995">
    <p class='ocr_par' dir='ltr' id='par_1_58' title="bbox 474 2915 2085 2992">
     <span class='ocr_line' id='line_1_59' title="bbox 474 2915 2085 2992; baseline 0.004 -22"><span class='ocrx_word' id='word_1_459' title='bbox 474 2917 642 2982; x_wconf 86' lang='lat' dir='ltr'>tiam,</span> <span class='ocrx_word' id='word_1_460' title='bbox 675 2915 870 2972; x_wconf 86' lang='lat' dir='ltr'>absit!</span> <span class='ocrx_word' id='word_1_461' title='bbox 904 2917 1163 2991; x_wconf 87' lang='lat' dir='ltr'>alioquin</span> <span class='ocrx_word' id='word_1_462' title='bbox 1197 2920 1322 2974; x_wconf 68' lang='lat' dir='ltr'>duas</span> <span class='ocrx_word' id='word_1_463' title='bbox 1355 2936 1546 2975; x_wconf 69' lang='lat' dir='ltr'>causa:</span> <span class='ocrx_word' id='word_1_464' title='bbox 1561 2937 1866 2992; x_wconf 88' lang='lat' dir='ltr'>perperam</span> <span class='ocrx_word' id='word_1_465' title='bbox 1887 2919 2085 2976; x_wconf 69' lang='lat' dir='ltr'>induce</span> 
     </span>
    </p>
   </div>
   <div class='ocr_carea' id='block_1_59' title="bbox 2201 2915 3812 2995">
    <p class='ocr_par' dir='ltr' id='par_1_59' title="bbox 2228 2915 3812 2995">
     <span class='ocr_line' id='line_1_60' title="bbox 2228 2915 3812 2995; baseline -0.004 -21"><span class='ocrx_word' id='word_1_466' title='bbox 2228 2921 2355 2995; x_wconf 73' lang='grc' dir='ltr'>τήρ,</span> <span class='ocrx_word' id='word_1_467' title='bbox 2387 2917 2533 2974; x_wconf 77' lang='grc' dir='ltr'>ἀλλὰ</span> <span class='ocrx_word' id='word_1_468' title='bbox 2588 2919 2679 2973; x_wconf 82' lang='grc' dir='ltr'>καὶ</span> <span class='ocrx_word' id='word_1_469' title='bbox 2711 2919 2739 2974; x_wconf 92' lang='lat'>6</span> <span class='ocrx_word' id='word_1_470' title='bbox 2770 2919 2893 2981; x_wconf 74' lang='grc' dir='ltr'>Υἱὸς</span> <span class='ocrx_word' id='word_1_471' title='bbox 2956 2919 3045 2975; x_wconf 76' lang='grc' dir='ltr'>καὶ</span> <span class='ocrx_word' id='word_1_472' title='bbox 3103 2920 3168 2975; x_wconf 86' lang='grc' dir='ltr'>τὸ</span> <span class='ocrx_word' id='word_1_473' title='bbox 3222 2922 3443 2993; x_wconf 77' lang='grc' dir='ltr'>Πνεῦμα</span> <span class='ocrx_word' id='word_1_474' title='bbox 3484 2919 3543 2973; x_wconf 86' lang='grc' dir='ltr'>τὸ</span> <span class='ocrx_word' id='word_1_475' title='bbox 3582 2915 3812 2992; x_wconf 43' lang='grc' dir='ltr'>ἅγιονθιῆ</span> 
     </span>
    </p>
   </div>
   <div class='ocr_carea' id='block_1_60' title="bbox 480 3002 2091 3085">
    <p class='ocr_par' dir='ltr' id='par_1_60' title="bbox 480 3006 2091 3082">
     <span class='ocr_line' id='line_1_61' title="bbox 480 3006 2091 3082; baseline 0.004 -24"><span class='ocrx_word' id='word_1_476' title='bbox 480 3010 701 3072; x_wconf 89' lang='lat' dir='ltr'>rentur,</span> <span class='ocrx_word' id='word_1_477' title='bbox 735 3022 862 3076; x_wconf 83' lang='lat' dir='ltr'>quae</span> <span class='ocrx_word' id='word_1_478' title='bbox 897 3007 996 3061; x_wconf 88' lang='lat' dir='ltr'>uni</span> <span class='ocrx_word' id='word_1_479' title='bbox 1028 3006 1111 3062; x_wconf 87' lang='lat' dir='ltr'>illi</span> <span class='ocrx_word' id='word_1_480' title='bbox 1145 3009 1410 3080; x_wconf 86' lang='lat' dir='ltr'>ejusdem</span> <span class='ocrx_word' id='word_1_481' title='bbox 1446 3014 1669 3065; x_wconf 71' lang='lat' dir='ltr'>natura:</span> <span class='ocrx_word' id='word_1_482' title='bbox 1701 3026 1766 3065; x_wconf 89' lang='lat' dir='ltr'>ac</span> <span class='ocrx_word' id='word_1_483' title='bbox 1819 3009 1978 3082; x_wconf 86' lang='lat' dir='ltr'>paris</span> <span class='ocrx_word' id='word_1_484' title='bbox 2027 3009 2091 3064; x_wconf 90' lang='lat' dir='ltr'>hc</span> 
     </span>
    </p>
   </div>
   <div class='ocr_carea' id='block_1_61' title="bbox 2204 3002 3815 3085">
    <p class='ocr_par' dir='ltr' id='par_1_61' title="bbox 2232 3002 3815 3085">
     <span class='ocr_line' id='line_1_62' title="bbox 2232 3002 3815 3085; baseline -0.001 -24"><span class='ocrx_word' id='word_1_485' title='bbox 2232 3008 2434 3085; x_wconf 75' lang='grc' dir='ltr'>ἀμφοῖν</span> <span class='ocrx_word' id='word_1_486' title='bbox 2482 3011 2769 3083; x_wconf 76' lang='grc' dir='ltr'>τοιγαροῦν</span> <span class='ocrx_word' id='word_1_487' title='bbox 2801 3007 2862 3063; x_wconf 85' lang='grc' dir='ltr'>τὸ</span> <span class='ocrx_word' id='word_1_488' title='bbox 2894 3009 3136 3081; x_wconf 79' lang='grc' dir='ltr'>ΙΙνεῦμα,</span> <span class='ocrx_word' id='word_1_489' title='bbox 3172 3009 3384 3083; x_wconf 70' lang='grc' dir='ltr'>Ματρὸς</span> <span class='ocrx_word' id='word_1_490' title='bbox 3431 3007 3518 3063; x_wconf 84' lang='grc' dir='ltr'>καὶ</span> <span class='ocrx_word' id='word_1_491' title='bbox 3559 3006 3687 3073; x_wconf 72' lang='grc' dir='ltr'>Υἱοῦ,</span> <span class='ocrx_word' id='word_1_492' title='bbox 3711 3002 3815 3077; x_wconf 77' lang='grc' dir='ltr'>πρὸς</span> 
     </span>
    </p>
   </div>
   <div class='ocr_carea' id='block_1_62' title="bbox 478 3091 2089 3173">
    <p class='ocr_par' dir='ltr' id='par_1_62' title="bbox 478 3093 1737 3163">
     <span class='ocr_line' id='line_1_63' title="bbox 478 3093 1737 3163; baseline 0.002 -14"><span class='ocrx_word' id='word_1_493' title='bbox 478 3095 637 3149; x_wconf 89' lang='lat' dir='ltr'>noris</span> <span class='ocrx_word' id='word_1_494' title='bbox 665 3093 991 3163; x_wconf 83' lang='lat' dir='ltr'>exsistenti,</span> <span class='ocrx_word' id='word_1_495' title='bbox 1027 3098 1275 3153; x_wconf 83' lang='lat' dir='ltr'>multum</span> <span class='ocrx_word' id='word_1_496' title='bbox 1307 3098 1737 3154; x_wconf 85' lang='lat' dir='ltr'>antecellerent.</span> 
     </span>
    </p>
   </div>
   <div class='ocr_carea' id='block_1_63' title="bbox 2203 3091 3814 3173">
    <p class='ocr_par' dir='ltr' id='par_1_63' title="bbox 2232 3091 3814 3173">
     <span class='ocr_line' id='line_1_64' title="bbox 2232 3091 3814 3173; baseline -0.002 -23"><span class='ocrx_word' id='word_1_497' title='bbox 2232 3095 2551 3168; x_wconf 68' lang='grc' dir='ltr'>ἐπινέμησιν</span> <span class='ocrx_word' id='word_1_498' title='bbox 2584 3102 2895 3173; x_wconf 82' lang='grc' dir='ltr'>προχεῖται’</span> <span class='ocrx_word' id='word_1_499' title='bbox 2931 3096 2993 3152; x_wconf 82' lang='grc' dir='ltr'>οὐ</span> <span class='ocrx_word' id='word_1_500' title='bbox 3038 3097 3175 3152; x_wconf 82' lang='grc' dir='ltr'>κατᾶ</span> <span class='ocrx_word' id='word_1_501' title='bbox 3226 3097 3331 3165; x_wconf 71' lang='grc' dir='ltr'>τὴν</span> <span class='ocrx_word' id='word_1_502' title='bbox 3393 3096 3625 3172; x_wconf 77' lang='grc' dir='ltr'>ὕπαρξιν,</span> <span class='ocrx_word' id='word_1_503' title='bbox 3657 3092 3719 3167; x_wconf 80' lang='grc' dir='ltr'>μὴ</span> 
     </span>
    </p>
   </div>
   <div class='ocr_carea' id='block_1_64' title="bbox 474 3177 3396 3265">
    <p class='ocr_par' dir='ltr' id='par_1_64' title="bbox 474 3177 3396 3265">
     <span class='ocr_line' id='line_1_65' title="bbox 474 3177 3396 3265; baseline 0.004 -32"><span class='ocrx_word' id='word_1_504' title='bbox 474 3200 626 3234; x_wconf 90' lang='grc' dir='ltr'>νοιτο</span> <span class='ocrx_word' id='word_1_505' title='bbox 652 3180 664 3235; x_wconf 77' lang='lat' dir='ltr'>l</span> <span class='ocrx_word' id='word_1_506' title='bbox 700 3179 814 3236; x_wconf 82' lang='grc' dir='ltr'>ἐπει</span> <span class='ocrx_word' id='word_1_507' title='bbox 846 3177 942 3237; x_wconf 75' lang='lat'>630</span> <span class='ocrx_word' id='word_1_508' title='bbox 971 3185 1037 3239; x_wconf 82' lang='grc' dir='ltr'>τὰ</span> <span class='ocrx_word' id='word_1_509' title='bbox 1062 3182 1207 3241; x_wconf 56' lang='grc' dir='ltr'>αἶίεια</span> <span class='ocrx_word' id='word_1_510' title='bbox 1235 3187 1675 3262; x_wconf 83' lang='grc' dir='ltr'>παρεισάγονται,</span> <span class='ocrx_word' id='word_1_511' title='bbox 1706 3189 1803 3240; x_wconf 80' lang='grc' dir='ltr'>τοῦ</span> <span class='ocrx_word' id='word_1_512' title='bbox 1835 3185 1950 3249; x_wconf 74' lang='grc' dir='ltr'>ἑνὸς</span> <span class='ocrx_word' id='word_1_513' title='bbox 1980 3189 2256 3265; x_wconf 78' lang='grc' dir='ltr'>συμφυοῦς</span> <span class='ocrx_word' id='word_1_514' title='bbox 2287 3185 2377 3241; x_wconf 76' lang='grc' dir='ltr'>καὶ</span> <span class='ocrx_word' id='word_1_515' title='bbox 2408 3186 2681 3260; x_wconf 83' lang='grc' dir='ltr'>ὁμοτίμου</span> <span class='ocrx_word' id='word_1_516' title='bbox 2709 3186 2855 3242; x_wconf 71' lang='grc' dir='ltr'>κατὰτ</span> <span class='ocrx_word' id='word_1_517' title='bbox 2871 3185 3015 3242; x_wconf 81' lang='grc' dir='ltr'>πολὺ</span> <span class='ocrx_word' id='word_1_518' title='bbox 3047 3184 3396 3264; x_wconf 68' lang='grc' dir='ltr'>διαφέροντα.</span> 
     </span>
    </p>
   </div>
   <div class='ocr_carea' id='block_1_65' title="bbox 3558 3282 3585 3294">
    <p class='ocr_par' dir='ltr' id='par_1_65' title="bbox 3558 3282 3585 3294">
     <span class='ocr_line' id='line_1_66' title="bbox 3558 3282 3585 3294; baseline 0 0"><span class='ocrx_word' id='word_1_519' title='bbox 3558 3282 3585 3294; x_wconf 59' lang='grc' dir='ltr'><em>Ι</em></span> 
     </span>
    </p>
   </div>
   <div class='ocr_carea' id='block_1_66' title="bbox 1074 3524 3273 3636">
    <p class='ocr_par' dir='ltr' id='par_1_66' title="bbox 1074 3524 3273 3636">
     <span class='ocr_line' id='line_1_67' title="bbox 1074 3524 3273 3636; baseline -0.001 -20"><span class='ocrx_word' id='word_1_520' title='bbox 1074 3530 1186 3618; x_wconf 90' lang='grc' dir='ltr'>ΙΝ</span> <span class='ocrx_word' id='word_1_521' title='bbox 1251 3529 1855 3617; x_wconf 77' lang='lat' dir='ltr'>SYNTAGMA</span> <span class='ocrx_word' id='word_1_522' title='bbox 1920 3528 2541 3636; x_wconf 70' lang='lat' dir='ltr'>DOCTltIN/E</span> <span class='ocrx_word' id='word_1_523' title='bbox 2599 3524 3273 3618; x_wconf 71' lang='lat' dir='ltr'>ADMONITIO.</span> 
     </span>
    </p>
   </div>
   <div class='ocr_carea' id='block_1_67' title="bbox 563 3846 3822 3935">
    <p class='ocr_par' dir='ltr' id='par_1_67' title="bbox 563 3846 3822 3935">
     <span class='ocr_line' id='line_1_68' title="bbox 563 3846 3822 3935; baseline -0.005 -16"><span class='ocrx_word' id='word_1_524' title='bbox 563 3865 669 3919; x_wconf 72' lang='lat' dir='ltr'>Hoc</span> <span class='ocrx_word' id='word_1_525' title='bbox 699 3859 1025 3935; x_wconf 79' lang='lat' dir='ltr'>opusculum</span> <span class='ocrx_word' id='word_1_526' title='bbox 1051 3861 1242 3933; x_wconf 83' lang='lat' dir='ltr'>paucis</span> <span class='ocrx_word' id='word_1_527' title='bbox 1270 3861 1337 3916; x_wconf 88' lang='lat' dir='ltr'>ab</span> <span class='ocrx_word' id='word_1_528' title='bbox 1366 3859 1494 3916; x_wconf 88' lang='lat' dir='ltr'>hinc</span> <span class='ocrx_word' id='word_1_529' title='bbox 1522 3859 1688 3915; x_wconf 84' lang='lat' dir='ltr'>annis</span> <span class='ocrx_word' id='word_1_530' title='bbox 1741 3859 1800 3913; x_wconf 87' lang='lat' dir='ltr'>in</span> <span class='ocrx_word' id='word_1_531' title='bbox 1863 3856 2039 3914; x_wconf 81' lang='lat' dir='ltr'>lucem</span> <span class='ocrx_word' id='word_1_532' title='bbox 2096 3855 2332 3930; x_wconf 79' lang='lat' dir='ltr'>protulit</span> <span class='ocrx_word' id='word_1_533' title='bbox 2386 3858 2474 3914; x_wconf 85' lang='lat' dir='ltr'>vir</span> <span class='ocrx_word' id='word_1_534' title='bbox 2526 3858 2739 3913; x_wconf 83' lang='lat' dir='ltr'>clariss.</span> <span class='ocrx_word' id='word_1_535' title='bbox 2798 3855 3041 3912; x_wconf 75' lang='lat' dir='ltr'>Andreas</span> <span class='ocrx_word' id='word_1_536' title='bbox 3093 3854 3370 3912; x_wconf 84' lang='lat' dir='ltr'>Arnoldus</span> <span class='ocrx_word' id='word_1_537' title='bbox 3407 3846 3822 3935; x_wconf 70' lang='lat' dir='ltr'>Norimbergensis.</span> 
     </span>
    </p>
   </div>
   <div class='ocr_carea' id='block_1_68' title="bbox 485 3934 3822 4023">
    <p class='ocr_par' dir='ltr' id='par_1_68' title="bbox 485 3934 3822 4023">
     <span class='ocr_line' id='line_1_69' title="bbox 485 3934 3822 4023; baseline -0.004 -14"><span class='ocrx_word' id='word_1_538' title='bbox 485 3969 632 4009; x_wconf 84' lang='lat' dir='ltr'>anno</span> <span class='ocrx_word' id='word_1_539' title='bbox 663 3953 874 4010; x_wconf 74' lang='lat' dir='ltr'>scilicet</span> <span class='ocrx_word' id='word_1_540' title='bbox 908 3952 1044 4007; x_wconf 83' lang='grc'>1685</span> <span class='ocrx_word' id='word_1_541' title='bbox 1091 3951 1261 4023; x_wconf 81' lang='lat' dir='ltr'>Atque</span> <span class='ocrx_word' id='word_1_542' title='bbox 1291 3951 1348 4005; x_wconf 87' lang='lat' dir='ltr'>in</span> <span class='ocrx_word' id='word_1_543' title='bbox 1376 3951 1708 4022; x_wconf 63' lang='lat' dir='ltr'>prwfatione</span> <span class='ocrx_word' id='word_1_544' title='bbox 1735 3964 1842 4004; x_wconf 83' lang='lat' dir='ltr'>sua</span> <span class='ocrx_word' id='word_1_545' title='bbox 1890 3948 2081 4003; x_wconf 84' lang='lat' dir='ltr'>multis</span> <span class='ocrx_word' id='word_1_546' title='bbox 2137 3948 2236 4003; x_wconf 82' lang='lat' dir='ltr'>ille</span> <span class='ocrx_word' id='word_1_547' title='bbox 2290 3949 2630 4019; x_wconf 79' lang='lat' dir='ltr'>argumentis</span> <span class='ocrx_word' id='word_1_548' title='bbox 2684 3945 2980 4002; x_wconf 82' lang='lat' dir='ltr'>Athanasio</span> <span class='ocrx_word' id='word_1_549' title='bbox 3034 3960 3279 4000; x_wconf 81' lang='lat' dir='ltr'>asserere</span> <span class='ocrx_word' id='word_1_550' title='bbox 3336 3942 3617 4001; x_wconf 73' lang='lat' dir='ltr'>contendit.</span> <span class='ocrx_word' id='word_1_551' title='bbox 3670 3934 3822 3993; x_wconf 76' lang='lat' dir='ltr'>Sancti</span> 
     </span>
    </p>
   </div>
   <div class='ocr_carea' id='block_1_69' title="bbox 485 4028 3824 4113">
    <p class='ocr_par' dir='ltr' id='par_1_69' title="bbox 485 4028 3824 4113">
     <span class='ocr_line' id='line_1_70' title="bbox 485 4028 3824 4113; baseline -0.005 -16"><span class='ocrx_word' id='word_1_552' title='bbox 485 4042 792 4097; x_wconf 85' lang='lat' dir='ltr'>Athanasii</span> <span class='ocrx_word' id='word_1_553' title='bbox 816 4040 1239 4113; x_wconf 84' lang='lat' dir='ltr'>archiepiscopi</span> <span class='ocrx_word' id='word_1_554' title='bbox 1260 4039 1662 4104; x_wconf 83' lang='lat' dir='ltr'>Alexandrini,</span> <span class='ocrx_word' id='word_1_555' title='bbox 1684 4039 1764 4094; x_wconf 87' lang='lat' dir='ltr'>ait</span> <span class='ocrx_word' id='word_1_556' title='bbox 1793 4039 1929 4110; x_wconf 82' lang='lat' dir='ltr'>ipse,</span> <span class='ocrx_word' id='word_1_557' title='bbox 1961 4036 2269 4109; x_wconf 81' lang='lat' dir='ltr'>Syniagma</span> <span class='ocrx_word' id='word_1_558' title='bbox 2298 4038 2574 4092; x_wconf 68' lang='lat' dir='ltr'>doctrinae</span> <span class='ocrx_word' id='word_1_559' title='bbox 2593 4034 2663 4091; x_wconf 84' lang='lat' dir='ltr'>ad</span> <span class='ocrx_word' id='word_1_560' title='bbox 2682 4039 2998 4105; x_wconf 77' lang='lat' dir='ltr'>monachos,</span> <span class='ocrx_word' id='word_1_561' title='bbox 3020 4035 3245 4093; x_wconf 77' lang='lat' dir='ltr'>clericos</span> <span class='ocrx_word' id='word_1_562' title='bbox 3262 4040 3320 4090; x_wconf 84' lang='lat' dir='ltr'>et</span> <span class='ocrx_word' id='word_1_563' title='bbox 3353 4034 3534 4103; x_wconf 84' lang='lat' dir='ltr'>laicos,</span> <span class='ocrx_word' id='word_1_564' title='bbox 3554 4028 3824 4086; x_wconf 78' lang='lat' dir='ltr'>recensetur</span> 
     </span>
    </p>
   </div>
   <div class='ocr_carea' id='block_1_70' title="bbox 491 4114 3825 4201">
    <p class='ocr_par' dir='ltr' id='par_1_70' title="bbox 491 4114 3825 4201">
     <span class='ocr_line' id='line_1_71' title="bbox 491 4114 3825 4201; baseline -0.005 -15"><span class='ocrx_word' id='word_1_565' title='bbox 491 4147 561 4186; x_wconf 87' lang='lat' dir='ltr'>ex</span> <span class='ocrx_word' id='word_1_566' title='bbox 593 4129 988 4201; x_wconf 72' lang='lat' dir='ltr'>pulcherrimo</span> <span class='ocrx_word' id='word_1_567' title='bbox 1020 4130 1214 4185; x_wconf 89' lang='lat' dir='ltr'>codice</span> <span class='ocrx_word' id='word_1_568' title='bbox 1244 4130 1695 4184; x_wconf 79' lang='lat' dir='ltr'>memliranaceo</span> <span class='ocrx_word' id='word_1_569' title='bbox 1731 4126 2013 4182; x_wconf 86' lang='lat' dir='ltr'>Vossiano</span> <span class='ocrx_word' id='word_1_570' title='bbox 2045 4127 2500 4198; x_wconf 86' lang='lat' dir='ltr'>quingentorum</span> <span class='ocrx_word' id='word_1_571' title='bbox 2556 4123 2646 4180; x_wconf 89' lang='lat' dir='ltr'>vel</span> <span class='ocrx_word' id='word_1_572' title='bbox 2703 4130 3106 4180; x_wconf 84' lang='lat' dir='ltr'>sexccntorum</span> <span class='ocrx_word' id='word_1_573' title='bbox 3159 4140 3473 4189; x_wconf 88' lang='lat' dir='ltr'>annorum,</span> <span class='ocrx_word' id='word_1_574' title='bbox 3505 4120 3594 4193; x_wconf 87' lang='lat' dir='ltr'>qui</span> <span class='ocrx_word' id='word_1_575' title='bbox 3623 4114 3825 4201; x_wconf 58' lang='lat' dir='ltr'>continet</span> 
     </span>
    </p>
   </div>
   <div class='ocr_carea' id='block_1_71' title="bbox 496 4199 3824 4291">
    <p class='ocr_par' dir='ltr' id='par_1_71' title="bbox 496 4199 3824 4291">
     <span class='ocr_line' id='line_1_72' title="bbox 496 4199 3824 4291; baseline -0.004 -19"><span class='ocrx_word' id='word_1_576' title='bbox 496 4199 776 4291; x_wconf 62' lang='lat' dir='ltr'>praeterea</span> <span class='ocrx_word' id='word_1_577' title='bbox 808 4218 1046 4275; x_wconf 85' lang='lat' dir='ltr'>Palladii</span> <span class='ocrx_word' id='word_1_578' title='bbox 1082 4220 1377 4274; x_wconf 83' lang='lat' dir='ltr'>Historiam</span> <span class='ocrx_word' id='word_1_579' title='bbox 1410 4218 1731 4273; x_wconf 87' lang='lat' dir='ltr'>Lausiacam</span> <span class='ocrx_word' id='word_1_580' title='bbox 1765 4233 1899 4272; x_wconf 87' lang='lat' dir='ltr'>cum</span> <span class='ocrx_word' id='word_1_581' title='bbox 1932 4215 2156 4287; x_wconf 88' lang='lat' dir='ltr'>aliquot</span> <span class='ocrx_word' id='word_1_582' title='bbox 2183 4214 2398 4270; x_wconf 87' lang='lat' dir='ltr'>libellis</span> <span class='ocrx_word' id='word_1_583' title='bbox 2454 4213 2894 4269; x_wconf 79' lang='lat' dir='ltr'>vetustioribus.</span> <span class='ocrx_word' id='word_1_584' title='bbox 2951 4213 3035 4268; x_wconf 82' lang='lat' dir='ltr'>Ad</span> <span class='ocrx_word' id='word_1_585' title='bbox 3094 4212 3474 4285; x_wconf 84' lang='lat' dir='ltr'>cupiditatem</span> <span class='ocrx_word' id='word_1_586' title='bbox 3524 4199 3824 4265; x_wconf 78' lang='lat' dir='ltr'>describendi</span> 
     </span>
    </p>
   </div>
   <div class='ocr_carea' id='block_1_72' title="bbox 495 4294 3825 4378">
    <p class='ocr_par' dir='ltr' id='par_1_72' title="bbox 495 4294 3825 4378">
     <span class='ocr_line' id='line_1_73' title="bbox 495 4294 3825 4378; baseline -0.005 -15"><span class='ocrx_word' id='word_1_587' title='bbox 495 4308 831 4363; x_wconf 85' lang='lat' dir='ltr'>exciverunt</span> <span class='ocrx_word' id='word_1_588' title='bbox 861 4324 954 4364; x_wconf 92' lang='lat' dir='ltr'>me</span> <span class='ocrx_word' id='word_1_589' title='bbox 982 4307 1087 4362; x_wconf 90' lang='lat' dir='ltr'>viri</span> <span class='ocrx_word' id='word_1_590' title='bbox 1123 4307 1374 4363; x_wconf 85' lang='lat' dir='ltr'>illustris</span> <span class='ocrx_word' id='word_1_591' title='bbox 1404 4324 1581 4363; x_wconf 89' lang='lat' dir='ltr'>manu</span> <span class='ocrx_word' id='word_1_592' title='bbox 1618 4306 1869 4378; x_wconf 86' lang='lat' dir='ltr'>ascripta</span> <span class='ocrx_word' id='word_1_593' title='bbox 1900 4304 2097 4361; x_wconf 87' lang='lat' dir='ltr'>verba.</span> <span class='ocrx_word' id='word_1_594' title='bbox 2127 4309 2247 4362; x_wconf 83' lang='lat' dir='ltr'>Non</span> <span class='ocrx_word' id='word_1_595' title='bbox 2278 4309 2357 4359; x_wconf 83' lang='lat' dir='ltr'>est</span> <span class='ocrx_word' id='word_1_596' title='bbox 2395 4305 2452 4359; x_wconf 87' lang='lat' dir='ltr'>in</span> <span class='ocrx_word' id='word_1_597' title='bbox 2483 4302 2648 4358; x_wconf 82' lang='lat' dir='ltr'>editis</span> <span class='ocrx_word' id='word_1_598' title='bbox 2676 4302 2991 4358; x_wconf 81' lang='lat' dir='ltr'>Athanasii.</span> <span class='ocrx_word' id='word_1_599' title='bbox 3015 4301 3294 4357; x_wconf 91' lang='lat' dir='ltr'>Nolebam</span> <span class='ocrx_word' id='word_1_600' title='bbox 3327 4300 3481 4357; x_wconf 89' lang='lat' dir='ltr'>enim</span> <span class='ocrx_word' id='word_1_601' title='bbox 3513 4296 3655 4371; x_wconf 87' lang='lat' dir='ltr'>parvi</span> <span class='ocrx_word' id='word_1_602' title='bbox 3685 4294 3825 4349; x_wconf 78' lang='lat' dir='ltr'>facere</span> 
     </span>
    </p>
   </div>
   <div class='ocr_carea' id='block_1_73' title="bbox 495 4380 3826 4469">
    <p class='ocr_par' dir='ltr' id='par_1_73' title="bbox 495 4380 3826 4469">
     <span class='ocr_line' id='line_1_74' title="bbox 495 4380 3826 4469; baseline -0.006 -18"><span class='ocrx_word' id='word_1_603' title='bbox 495 4396 780 4469; x_wconf 87' lang='lat' dir='ltr'>quidquid</span> <span class='ocrx_word' id='word_1_604' title='bbox 797 4396 945 4451; x_wconf 88' lang='lat' dir='ltr'>tanti</span> <span class='ocrx_word' id='word_1_605' title='bbox 959 4396 1227 4451; x_wconf 79' lang='lat' dir='ltr'>Ecclesiae</span> <span class='ocrx_word' id='word_1_606' title='bbox 1241 4396 1494 4452; x_wconf 90' lang='lat' dir='ltr'>doctoris</span> <span class='ocrx_word' id='word_1_607' title='bbox 1512 4395 1846 4466; x_wconf 90' lang='lat' dir='ltr'>esset,quod</span> <span class='ocrx_word' id='word_1_608' title='bbox 1857 4410 1969 4466; x_wconf 89' lang='lat' dir='ltr'>que</span> <span class='ocrx_word' id='word_1_609' title='bbox 1983 4394 2054 4449; x_wconf 84' lang='lat' dir='ltr'>ad</span> <span class='ocrx_word' id='word_1_610' title='bbox 2073 4392 2328 4465; x_wconf 88' lang='lat' dir='ltr'>aliquem</span> <span class='ocrx_word' id='word_1_611' title='bbox 2343 4408 2538 4448; x_wconf 91' lang='lat' dir='ltr'>meum</span> <span class='ocrx_word' id='word_1_612' title='bbox 2553 4392 2806 4448; x_wconf 88' lang='lat' dir='ltr'>fructum</span> <span class='ocrx_word' id='word_1_613' title='bbox 2823 4390 3409 4447; x_wconf 85' lang='lat' dir='ltr'>redundaret.Postea</span> <span class='ocrx_word' id='word_1_614' title='bbox 3424 4380 3826 4469; x_wconf 73' lang='lat' dir='ltr'>perlitterasl‘au-</span> 
     </span>
    </p>
   </div>
   <div class='ocr_carea' id='block_1_74' title="bbox 493 4466 3827 4554">
    <p class='ocr_par' dir='ltr' id='par_1_74' title="bbox 493 4466 3827 4554">
     <span class='ocr_line' id='line_1_75' title="bbox 493 4466 3827 4554; baseline -0.004 -15"><span class='ocrx_word' id='word_1_615' title='bbox 493 4466 678 4541; x_wconf 79' lang='lat' dir='ltr'>torem</span> <span class='ocrx_word' id='word_1_616' title='bbox 702 4486 771 4540; x_wconf 92' lang='lat' dir='ltr'>de</span> <span class='ocrx_word' id='word_1_617' title='bbox 788 4484 1090 4540; x_wconf 88' lang='lat' dir='ltr'>voluntate</span> <span class='ocrx_word' id='word_1_618' title='bbox 1107 4484 1407 4539; x_wconf 88' lang='lat' dir='ltr'>emittendi</span> <span class='ocrx_word' id='word_1_619' title='bbox 1421 4483 1723 4539; x_wconf 85' lang='lat' dir='ltr'>Athanasii</span> <span class='ocrx_word' id='word_1_620' title='bbox 1747 4482 2048 4539; x_wconf 87' lang='lat' dir='ltr'>certiorem</span> <span class='ocrx_word' id='word_1_621' title='bbox 2069 4483 2163 4538; x_wconf 92' lang='lat' dir='ltr'>red</span> <span class='ocrx_word' id='word_1_622' title='bbox 2174 4481 2537 4554; x_wconf 84' lang='lat' dir='ltr'>didi,quibus</span> <span class='ocrx_word' id='word_1_623' title='bbox 2553 4480 2668 4537; x_wconf 86' lang='lat' dir='ltr'>tale</span> <span class='ocrx_word' id='word_1_624' title='bbox 2685 4496 3032 4553; x_wconf 87' lang='lat' dir='ltr'>responsum</span> <span class='ocrx_word' id='word_1_625' title='bbox 3056 4479 3214 4535; x_wconf 88' lang='lat' dir='ltr'>dedit</span> <span class='ocrx_word' id='word_1_626' title='bbox 3237 4496 3249 4534; x_wconf 89' lang='lat'><strong>:</strong></span> <span class='ocrx_word' id='word_1_627' title='bbox 3269 4479 3328 4535; x_wconf 92' lang='lat' dir='ltr'>S.</span> <span class='ocrx_word' id='word_1_628' title='bbox 3346 4476 3640 4535; x_wconf 81' lang='lat' dir='ltr'>Athanasii.</span> <span class='ocrx_word' id='word_1_629' title='bbox 3659 4475 3723 4527; x_wconf 82' lang='lat' dir='ltr'>De</span> <span class='ocrx_word' id='word_1_630' title='bbox 3740 4466 3827 4521; x_wconf 69' lang='lat' dir='ltr'>vita</span> 
     </span>
    </p>
   </div>
   <div class='ocr_carea' id='block_1_75' title="bbox 499 4560 2110 4645">
    <p class='ocr_par' dir='ltr' id='par_1_75' title="bbox 499 4568 2110 4645">
     <span class='ocr_line' id='line_1_76' title="bbox 499 4568 2110 4645; baseline -0.001 -17"><span class='ocrx_word' id='word_1_631' title='bbox 499 4573 829 4629; x_wconf 87' lang='lat' dir='ltr'>monastica</span> <span class='ocrx_word' id='word_1_632' title='bbox 861 4568 1245 4627; x_wconf 81' lang='grc' dir='ltr'>διδασκαλικόν</span> <span class='ocrx_word' id='word_1_633' title='bbox 1276 4573 1509 4642; x_wconf 82' lang='lat' dir='ltr'>dignum</span> <span class='ocrx_word' id='word_1_634' title='bbox 1537 4580 1589 4628; x_wconf 89' lang='lat' dir='ltr'>et</span> <span class='ocrx_word' id='word_1_635' title='bbox 1622 4587 1843 4644; x_wconf 85' lang='lat' dir='ltr'>prorsus</span> <span class='ocrx_word' id='word_1_636' title='bbox 1872 4570 2014 4645; x_wconf 84' lang='lat' dir='ltr'>quod</span> <span class='ocrx_word' id='word_1_637' title='bbox 2041 4571 2110 4627; x_wconf 35' lang='lat' dir='ltr'>edi</span> 
     </span>
    </p>
   </div>
   <div class='ocr_carea' id='block_1_76' title="bbox 2215 4560 3826 4645">
    <p class='ocr_par' dir='ltr' id='par_1_76' title="bbox 2215 4560 3826 4644">
     <span class='ocr_line' id='line_1_77' title="bbox 2215 4560 3826 4644; baseline -0.007 -18"><span class='ocrx_word' id='word_1_638' title='bbox 2215 4588 2255 4639; x_wconf 71' lang='grc' dir='ltr'>ιο,</span> <span class='ocrx_word' id='word_1_639' title='bbox 2289 4572 2550 4644; x_wconf 75' lang='lat' dir='ltr'>longeque</span> <span class='ocrx_word' id='word_1_640' title='bbox 2576 4572 2930 4642; x_wconf 69' lang='lat' dir='ltr'>praestantius</span> <span class='ocrx_word' id='word_1_641' title='bbox 2982 4584 3053 4625; x_wconf 80' lang='lat' dir='ltr'>ea</span> <span class='ocrx_word' id='word_1_642' title='bbox 3106 4569 3319 4640; x_wconf 81' lang='lat' dir='ltr'>regula,</span> <span class='ocrx_word' id='word_1_643' title='bbox 3357 4583 3519 4639; x_wconf 87' lang='lat' dir='ltr'>quam</span> <span class='ocrx_word' id='word_1_644' title='bbox 3561 4580 3627 4621; x_wconf 73' lang='lat' dir='ltr'>ea:</span> <span class='ocrx_word' id='word_1_645' title='bbox 3672 4560 3826 4617; x_wconf 72' lang='lat' dir='ltr'>Him-</span> 
     </span>
    </p>
   </div>
   <div class='ocr_carea' id='block_1_77' title="bbox 493 4654 3831 4734">
    <p class='ocr_par' dir='ltr' id='par_1_77' title="bbox 493 4654 3831 4734">
     <span class='ocr_line' id='line_1_78' title="bbox 493 4654 3831 4734; baseline -0.004 -16"><span class='ocrx_word' id='word_1_646' title='bbox 493 4664 652 4733; x_wconf 81' lang='lat' dir='ltr'>nymi</span> <span class='ocrx_word' id='word_1_647' title='bbox 679 4664 932 4733; x_wconf 78' lang='lat' dir='ltr'>aperibus</span> <span class='ocrx_word' id='word_1_648' title='bbox 961 4662 1185 4732; x_wconf 84' lang='lat' dir='ltr'>collegit</span> <span class='ocrx_word' id='word_1_649' title='bbox 1218 4664 1419 4734; x_wconf 84' lang='lat' dir='ltr'>Lupus.</span> <span class='ocrx_word' id='word_1_650' title='bbox 1457 4661 1592 4718; x_wconf 82' lang='lat' dir='ltr'>Cum</span> <span class='ocrx_word' id='word_1_651' title='bbox 1622 4665 1828 4717; x_wconf 82' lang='lat' dir='ltr'>veteres</span> <span class='ocrx_word' id='word_1_652' title='bbox 1859 4662 2129 4730; x_wconf 82' lang='lat' dir='ltr'>scriptum</span> <span class='ocrx_word' id='word_1_653' title='bbox 2156 4665 2257 4716; x_wconf 83' lang='lat' dir='ltr'>hoc</span> <span class='ocrx_word' id='word_1_654' title='bbox 2287 4660 2591 4716; x_wconf 80' lang='lat' dir='ltr'>Athanasio</span> <span class='ocrx_word' id='word_1_655' title='bbox 2620 4660 2885 4725; x_wconf 85' lang='lat' dir='ltr'>tribuant,</span> <span class='ocrx_word' id='word_1_656' title='bbox 2919 4674 3031 4713; x_wconf 82' lang='lat' dir='ltr'>mm</span> <span class='ocrx_word' id='word_1_657' title='bbox 3055 4660 3189 4713; x_wconf 84' lang='lat' dir='ltr'>satis</span> <span class='ocrx_word' id='word_1_658' title='bbox 3216 4658 3373 4714; x_wconf 85' lang='lat' dir='ltr'>video</span> <span class='ocrx_word' id='word_1_659' title='bbox 3391 4654 3638 4730; x_wconf 78' lang='lat' dir='ltr'>quarede</span> <span class='ocrx_word' id='word_1_660' title='bbox 3660 4654 3831 4734; x_wconf 73' lang='lat' dir='ltr'>aucqu</span> 
     </span>
    </p>
   </div>
   <div class='ocr_carea' id='block_1_78' title="bbox 498 4732 3827 4822">
    <p class='ocr_par' dir='ltr' id='par_1_78' title="bbox 498 4732 3827 4822">
     <span class='ocr_line' id='line_1_79' title="bbox 498 4732 3827 4822; baseline -0.003 -15"><span class='ocrx_word' id='word_1_661' title='bbox 498 4732 744 4807; x_wconf 68' lang='lat' dir='ltr'>dubitas.</span> <span class='ocrx_word' id='word_1_662' title='bbox 789 4753 1078 4809; x_wconf 71' lang='lat' dir='ltr'>Winsoria?</span> <span class='ocrx_word' id='word_1_663' title='bbox 1104 4732 1767 4810; x_wconf 23' lang='lat' dir='ltr'>x1.Jul.vclolochxxm.</span> <span class='ocrx_word' id='word_1_664' title='bbox 1801 4750 1879 4804; x_wconf 85' lang='lat' dir='ltr'>Ex</span> <span class='ocrx_word' id='word_1_665' title='bbox 1909 4766 2023 4820; x_wconf 89' lang='lat' dir='ltr'>quo</span> <span class='ocrx_word' id='word_1_666' title='bbox 2056 4765 2334 4822; x_wconf 87' lang='lat' dir='ltr'>magnum</span> <span class='ocrx_word' id='word_1_667' title='bbox 2368 4747 2516 4804; x_wconf 82' lang='lat' dir='ltr'>mihi</span> <span class='ocrx_word' id='word_1_668' title='bbox 2561 4748 2911 4804; x_wconf 88' lang='lat' dir='ltr'>nascebatur</span> <span class='ocrx_word' id='word_1_669' title='bbox 2967 4751 3386 4820; x_wconf 85' lang='lat' dir='ltr'>argumentum</span> <span class='ocrx_word' id='word_1_670' title='bbox 3434 4752 3552 4801; x_wconf 88' lang='lat' dir='ltr'>tum</span> <span class='ocrx_word' id='word_1_671' title='bbox 3602 4732 3827 4796; x_wconf 63' lang='lat' dir='ltr'>veritatis.</span> 
     </span>
    </p>
   </div>
   <div class='ocr_carea' id='block_1_79' title="bbox 496 4825 3829 4913">
    <p class='ocr_par' dir='ltr' id='par_1_79' title="bbox 496 4825 3829 4913">
     <span class='ocr_line' id='line_1_80' title="bbox 496 4825 3829 4913; baseline -0.001 -18"><span class='ocrx_word' id='word_1_672' title='bbox 496 4845 621 4895; x_wconf 89' lang='lat' dir='ltr'>tum</span> <span class='ocrx_word' id='word_1_673' title='bbox 654 4842 979 4913; x_wconf 86' lang='lat' dir='ltr'>dignitatis.</span> <span class='ocrx_word' id='word_1_674' title='bbox 1014 4841 1258 4912; x_wconf 84' lang='lat' dir='ltr'>Pergam</span> <span class='ocrx_word' id='word_1_675' title='bbox 1299 4841 1351 4895; x_wconf 91' lang='lat' dir='ltr'>in</span> <span class='ocrx_word' id='word_1_676' title='bbox 1388 4840 1640 4912; x_wconf 82' lang='lat' dir='ltr'>incepto,</span> <span class='ocrx_word' id='word_1_677' title='bbox 1674 4838 1773 4895; x_wconf 86' lang='lat' dir='ltr'>ubi</span> <span class='ocrx_word' id='word_1_678' title='bbox 1803 4842 1968 4893; x_wconf 87' lang='lat' dir='ltr'>tanto</span> <span class='ocrx_word' id='word_1_679' title='bbox 1999 4839 2120 4894; x_wconf 91' lang='lat' dir='ltr'>viro</span> <span class='ocrx_word' id='word_1_680' title='bbox 2152 4855 2254 4910; x_wconf 91' lang='lat' dir='ltr'>pro</span> <span class='ocrx_word' id='word_1_681' title='bbox 2293 4838 2417 4894; x_wconf 86' lang='lat' dir='ltr'>suis</span> <span class='ocrx_word' id='word_1_682' title='bbox 2448 4838 2509 4892; x_wconf 90' lang='lat' dir='ltr'>in</span> <span class='ocrx_word' id='word_1_683' title='bbox 2543 4854 2635 4893; x_wconf 91' lang='lat' dir='ltr'>me</span> <span class='ocrx_word' id='word_1_684' title='bbox 2665 4836 2913 4904; x_wconf 89' lang='lat' dir='ltr'>meritis,</span> <span class='ocrx_word' id='word_1_685' title='bbox 2956 4835 3174 4909; x_wconf 87' lang='lat' dir='ltr'>gratias</span> <span class='ocrx_word' id='word_1_686' title='bbox 3230 4851 3419 4909; x_wconf 88' lang='lat' dir='ltr'>egero.</span> <span class='ocrx_word' id='word_1_687' title='bbox 3476 4834 3576 4889; x_wconf 88' lang='lat' dir='ltr'>Per</span> <span class='ocrx_word' id='word_1_688' title='bbox 3623 4825 3829 4901; x_wconf 56' lang='lat' dir='ltr'>quintim3</span> 
     </span>
    </p>
   </div>
   <div class='ocr_carea' id='block_1_80' title="bbox 499 4917 3827 5002">
    <p class='ocr_par' dir='ltr' id='par_1_80' title="bbox 499 4917 3827 5002">
     <span class='ocr_line' id='line_1_81' title="bbox 499 4917 3827 5002; baseline -0.005 -18"><span class='ocrx_word' id='word_1_689' title='bbox 499 4930 757 5002; x_wconf 86' lang='lat' dir='ltr'>amplius</span> <span class='ocrx_word' id='word_1_690' title='bbox 792 4947 1024 4986; x_wconf 88' lang='lat' dir='ltr'>menses</span> <span class='ocrx_word' id='word_1_691' title='bbox 1056 4930 1412 4986; x_wconf 83' lang='lat' dir='ltr'>bibliotheca</span> <span class='ocrx_word' id='word_1_692' title='bbox 1441 4929 1650 5002; x_wconf 84' lang='lat' dir='ltr'>ipsius,</span> <span class='ocrx_word' id='word_1_693' title='bbox 1684 4944 1810 4999; x_wconf 62' lang='lat' dir='ltr'>qua?</span> <span class='ocrx_word' id='word_1_694' title='bbox 1846 4926 2064 4983; x_wconf 88' lang='lat' dir='ltr'>multas</span> <span class='ocrx_word' id='word_1_695' title='bbox 2096 4926 2241 4983; x_wconf 89' lang='lat' dir='ltr'>alias</span> <span class='ocrx_word' id='word_1_696' title='bbox 2272 4927 2530 4991; x_wconf 86' lang='lat' dir='ltr'>raritate.</span> <span class='ocrx_word' id='word_1_697' title='bbox 2563 4926 2935 4998; x_wconf 88' lang='lat' dir='ltr'>utilitateque</span> <span class='ocrx_word' id='word_1_698' title='bbox 2972 4925 3145 4997; x_wconf 90' lang='lat' dir='ltr'>longe</span> <span class='ocrx_word' id='word_1_699' title='bbox 3197 4928 3451 4997; x_wconf 82' lang='lat' dir='ltr'>superat,</span> <span class='ocrx_word' id='word_1_700' title='bbox 3492 4938 3599 4978; x_wconf 91' lang='lat' dir='ltr'>non</span> <span class='ocrx_word' id='word_1_701' title='bbox 3649 4917 3827 4972; x_wconf 82' lang='lat' dir='ltr'>tantum</span> 
     </span>
    </p>
   </div>
   <div class='ocr_carea' id='block_1_81' title="bbox 497 5006 3829 5090">
    <p class='ocr_par' dir='ltr' id='par_1_81' title="bbox 497 5006 3829 5090">
     <span class='ocr_line' id='line_1_82' title="bbox 497 5006 3829 5090; baseline -0.006 -16"><span class='ocrx_word' id='word_1_702' title='bbox 497 5020 691 5090; x_wconf 87' lang='lat' dir='ltr'>patuit</span> <span class='ocrx_word' id='word_1_703' title='bbox 718 5037 731 5089; x_wconf 92' lang='lat'>;</span> <span class='ocrx_word' id='word_1_704' title='bbox 766 5019 866 5075; x_wconf 89' lang='lat' dir='ltr'>sed</span> <span class='ocrx_word' id='word_1_705' title='bbox 902 5018 1206 5074; x_wconf 87' lang='lat' dir='ltr'>oraculum</span> <span class='ocrx_word' id='word_1_706' title='bbox 1241 5018 1593 5074; x_wconf 85' lang='lat' dir='ltr'>eruditionis</span> <span class='ocrx_word' id='word_1_707' title='bbox 1622 5017 1680 5072; x_wconf 92' lang='lat' dir='ltr'>in</span> <span class='ocrx_word' id='word_1_708' title='bbox 1714 5015 1978 5090; x_wconf 87' lang='lat' dir='ltr'>singulos</span> <span class='ocrx_word' id='word_1_709' title='bbox 2010 5016 2134 5072; x_wconf 90' lang='lat' dir='ltr'>dies</span> <span class='ocrx_word' id='word_1_710' title='bbox 2163 5015 2468 5072; x_wconf 89' lang='lat' dir='ltr'>consulere</span> <span class='ocrx_word' id='word_1_711' title='bbox 2499 5016 2585 5072; x_wconf 80' lang='lat' dir='ltr'>fas</span> <span class='ocrx_word' id='word_1_712' title='bbox 2616 5020 2758 5071; x_wconf 89' lang='lat' dir='ltr'>erat.</span> <span class='ocrx_word' id='word_1_713' title='bbox 2789 5015 3027 5071; x_wconf 85' lang='lat' dir='ltr'>Veteres</span> <span class='ocrx_word' id='word_1_714' title='bbox 3057 5014 3276 5072; x_wconf 88' lang='lat' dir='ltr'>oraculi</span> <span class='ocrx_word' id='word_1_715' title='bbox 3308 5014 3393 5069; x_wconf 85' lang='lat' dir='ltr'>vel</span> <span class='ocrx_word' id='word_1_716' title='bbox 3446 5027 3553 5067; x_wconf 86' lang='lat' dir='ltr'>una</span> <span class='ocrx_word' id='word_1_717' title='bbox 3597 5006 3703 5063; x_wconf 86' lang='lat' dir='ltr'>vice</span> <span class='ocrx_word' id='word_1_718' title='bbox 3726 5014 3829 5055; x_wconf 82' lang='lat' dir='ltr'>con-</span> 
     </span>
    </p>
   </div>
   <div class='ocr_carea' id='block_1_82' title="bbox 499 5090 3828 5179">
    <p class='ocr_par' dir='ltr' id='par_1_82' title="bbox 499 5090 3828 5179">
     <span class='ocr_line' id='line_1_83' title="bbox 499 5090 3828 5179; baseline -0.006 -15"><span class='ocrx_word' id='word_1_719' title='bbox 499 5108 756 5164; x_wconf 81' lang='lat' dir='ltr'>saltandi</span> <span class='ocrx_word' id='word_1_720' title='bbox 787 5124 966 5164; x_wconf 88' lang='lat' dir='ltr'>causa</span> <span class='ocrx_word' id='word_1_721' title='bbox 995 5107 1346 5179; x_wconf 86' lang='lat' dir='ltr'>longissima</span> <span class='ocrx_word' id='word_1_722' title='bbox 1376 5107 1803 5163; x_wconf 88' lang='lat' dir='ltr'>emetiebantur</span> <span class='ocrx_word' id='word_1_723' title='bbox 1831 5105 2062 5173; x_wconf 86' lang='lat' dir='ltr'>itinera,</span> <span class='ocrx_word' id='word_1_724' title='bbox 2094 5104 2250 5161; x_wconf 87' lang='lat' dir='ltr'>beati</span> <span class='ocrx_word' id='word_1_725' title='bbox 2280 5105 2558 5162; x_wconf 87' lang='lat' dir='ltr'>brevibus</span> <span class='ocrx_word' id='word_1_726' title='bbox 2588 5103 2887 5177; x_wconf 89' lang='lat' dir='ltr'>responsis</span> <span class='ocrx_word' id='word_1_727' title='bbox 2921 5121 2934 5161; x_wconf 89' lang='lat'><strong>:</strong></span> <span class='ocrx_word' id='word_1_728' title='bbox 2969 5104 3104 5177; x_wconf 90' lang='lat' dir='ltr'>quis</span> <span class='ocrx_word' id='word_1_729' title='bbox 3145 5103 3392 5171; x_wconf 70' lang='lat' dir='ltr'>dubitet,</span> <span class='ocrx_word' id='word_1_730' title='bbox 3431 5098 3649 5156; x_wconf 86' lang='lat' dir='ltr'>meliore</span> <span class='ocrx_word' id='word_1_731' title='bbox 3689 5090 3828 5179; x_wconf 64' lang='lat' dir='ltr'>fuisse</span> 
     </span>
    </p>
   </div>
   <div class='ocr_carea' id='block_1_83' title="bbox 500 5175 3826 5269">
    <p class='ocr_par' dir='ltr' id='par_1_83' title="bbox 500 5175 3826 5269">
     <span class='ocr_line' id='line_1_84' title="bbox 500 5175 3826 5269; baseline -0.006 -19"><span class='ocrx_word' id='word_1_732' title='bbox 500 5196 626 5252; x_wconf 91' lang='lat' dir='ltr'>loco</span> <span class='ocrx_word' id='word_1_733' title='bbox 656 5197 753 5269; x_wconf 87' lang='lat' dir='ltr'>qui</span> <span class='ocrx_word' id='word_1_734' title='bbox 789 5198 846 5251; x_wconf 89' lang='lat' dir='ltr'>in</span> <span class='ocrx_word' id='word_1_735' title='bbox 880 5175 1437 5269; x_wconf 45' lang='lat' dir='ltr'>templo&#39;Musarum</span> <span class='ocrx_word' id='word_1_736' title='bbox 1470 5212 1602 5251; x_wconf 85' lang='lat' dir='ltr'>cum</span> <span class='ocrx_word' id='word_1_737' title='bbox 1636 5194 1901 5266; x_wconf 85' lang='lat' dir='ltr'>Apolline</span> <span class='ocrx_word' id='word_1_738' title='bbox 1934 5194 2265 5250; x_wconf 82' lang='lat' dir='ltr'>habitavit?</span> <span class='ocrx_word' id='word_1_739' title='bbox 2294 5193 2420 5250; x_wconf 90' lang='lat' dir='ltr'>Alio</span> <span class='ocrx_word' id='word_1_740' title='bbox 2450 5175 2803 5267; x_wconf 77' lang='lat' dir='ltr'>quandoque</span> <span class='ocrx_word' id='word_1_741' title='bbox 2832 5175 3132 5267; x_wconf 75' lang='lat' dir='ltr'>spectabat</span> <span class='ocrx_word' id='word_1_742' title='bbox 3158 5191 3364 5266; x_wconf 84' lang='lat' dir='ltr'>Pythia</span> <span class='ocrx_word' id='word_1_743' title='bbox 3392 5204 3528 5246; x_wconf 82' lang='lat' dir='ltr'>vox:</span> <span class='ocrx_word' id='word_1_744' title='bbox 3572 5175 3826 5269; x_wconf 69' lang='lat' dir='ltr'>aliquando</span> 
     </span>
    </p>
   </div>
   <div class='ocr_carea' id='block_1_84' title="bbox 501 5260 3827 5355">
    <p class='ocr_par' dir='ltr' id='par_1_84' title="bbox 501 5260 3827 5355">
     <span class='ocr_line' id='line_1_85' title="bbox 501 5260 3827 5355; baseline -0.001 -13"><span class='ocrx_word' id='word_1_745' title='bbox 501 5260 718 5342; x_wconf 82' lang='lat' dir='ltr'>sortem</span> <span class='ocrx_word' id='word_1_746' title='bbox 751 5285 972 5342; x_wconf 88' lang='lat' dir='ltr'>oraculi</span> <span class='ocrx_word' id='word_1_747' title='bbox 1005 5260 1328 5341; x_wconf 74' lang='lat' dir='ltr'>eluserunt.</span> <span class='ocrx_word' id='word_1_748' title='bbox 1365 5284 1740 5343; x_wconf 88' lang='lat' dir='ltr'>Dormiebant</span> <span class='ocrx_word' id='word_1_749' title='bbox 1769 5282 2035 5339; x_wconf 90' lang='lat' dir='ltr'>nonnulli</span> <span class='ocrx_word' id='word_1_750' title='bbox 2071 5284 2129 5339; x_wconf 91' lang='lat' dir='ltr'>in</span> <span class='ocrx_word' id='word_1_751' title='bbox 2162 5282 2445 5354; x_wconf 90' lang='lat' dir='ltr'>delubris,</span> <span class='ocrx_word' id='word_1_752' title='bbox 2479 5287 2544 5339; x_wconf 88' lang='lat' dir='ltr'>ut</span> <span class='ocrx_word' id='word_1_753' title='bbox 2573 5299 2676 5355; x_wconf 88' lang='lat' dir='ltr'>per</span> <span class='ocrx_word' id='word_1_754' title='bbox 2705 5283 3003 5341; x_wconf 90' lang='lat' dir='ltr'>somnium</span> <span class='ocrx_word' id='word_1_755' title='bbox 3029 5282 3293 5339; x_wconf 87' lang='lat' dir='ltr'>viderent</span> <span class='ocrx_word' id='word_1_756' title='bbox 3318 5280 3533 5354; x_wconf 72' lang='lat' dir='ltr'>species</span> <span class='ocrx_word' id='word_1_757' title='bbox 3559 5260 3827 5338; x_wconf 66' lang='lat' dir='ltr'>rerum.&quot;el</span> 
     </span>
    </p>
   </div>
   <div class='ocr_carea' id='block_1_85' title="bbox 502 5356 3828 5446">
    <p class='ocr_par' dir='ltr' id='par_1_85' title="bbox 502 5356 3828 5446">
     <span class='ocr_line' id='line_1_86' title="bbox 502 5356 3828 5446; baseline -0.005 -16"><span class='ocrx_word' id='word_1_758' title='bbox 502 5374 773 5430; x_wconf 73' lang='lat' dir='ltr'>audirent</span> <span class='ocrx_word' id='word_1_759' title='bbox 805 5390 1001 5430; x_wconf 88' lang='lat' dir='ltr'>vocem</span> <span class='ocrx_word' id='word_1_760' title='bbox 1031 5392 1043 5439; x_wconf 91' lang='lat'><strong>;</strong></span> <span class='ocrx_word' id='word_1_761' title='bbox 1077 5373 1221 5428; x_wconf 91' lang='lat' dir='ltr'>mihi</span> <span class='ocrx_word' id='word_1_762' title='bbox 1256 5380 1399 5429; x_wconf 90' lang='lat' dir='ltr'>tunc</span> <span class='ocrx_word' id='word_1_763' title='bbox 1431 5373 1678 5429; x_wconf 69' lang='lat' dir='ltr'>laetiores</span> <span class='ocrx_word' id='word_1_764' title='bbox 1710 5372 1768 5427; x_wconf 91' lang='lat' dir='ltr'>in</span> <span class='ocrx_word' id='word_1_765' title='bbox 1799 5372 1918 5428; x_wconf 86' lang='lat' dir='ltr'>vita</span> <span class='ocrx_word' id='word_1_766' title='bbox 1945 5371 2264 5428; x_wconf 86' lang='lat' dir='ltr'>illuxerunt</span> <span class='ocrx_word' id='word_1_767' title='bbox 2288 5372 2435 5444; x_wconf 88' lang='lat' dir='ltr'>dies,</span> <span class='ocrx_word' id='word_1_768' title='bbox 2466 5389 2604 5429; x_wconf 87' lang='lat' dir='ltr'>vera</span> <span class='ocrx_word' id='word_1_769' title='bbox 2632 5373 2826 5430; x_wconf 89' lang='lat' dir='ltr'>omnis</span> <span class='ocrx_word' id='word_1_770' title='bbox 2883 5376 2943 5430; x_wconf 90' lang='lat' dir='ltr'>et</span> <span class='ocrx_word' id='word_1_771' title='bbox 2996 5371 3307 5446; x_wconf 85' lang='lat' dir='ltr'>perspicua</span> <span class='ocrx_word' id='word_1_772' title='bbox 3352 5367 3547 5426; x_wconf 86' lang='lat' dir='ltr'>oratio.</span> <span class='ocrx_word' id='word_1_773' title='bbox 3573 5358 3765 5420; x_wconf 81' lang='lat' dir='ltr'>Gratias</span> <span class='ocrx_word' id='word_1_774' title='bbox 3787 5356 3828 5405; x_wconf 72' lang='lat' dir='ltr'>te</span> 
     </span>
    </p>
   </div>
   <div class='ocr_carea' id='block_1_86' title="bbox 504 5446 3828 5537">
    <p class='ocr_par' dir='ltr' id='par_1_86' title="bbox 504 5446 3828 5537">
     <span class='ocr_line' id='line_1_87' title="bbox 504 5446 3828 5537; baseline -0.003 -18"><span class='ocrx_word' id='word_1_775' title='bbox 504 5465 733 5537; x_wconf 86' lang='lat' dir='ltr'>dignas,</span> <span class='ocrx_word' id='word_1_776' title='bbox 765 5464 1015 5519; x_wconf 88' lang='lat' dir='ltr'>illustris</span> <span class='ocrx_word' id='word_1_777' title='bbox 1045 5462 1236 5535; x_wconf 88' lang='lat' dir='ltr'>Vossi,</span> <span class='ocrx_word' id='word_1_778' title='bbox 1269 5478 1441 5535; x_wconf 86' lang='lat' dir='ltr'>agere</span> <span class='ocrx_word' id='word_1_779' title='bbox 1470 5462 1761 5532; x_wconf 87' lang='lat' dir='ltr'>deberem,</span> <span class='ocrx_word' id='word_1_780' title='bbox 1793 5466 1851 5518; x_wconf 88' lang='lat' dir='ltr'>et</span> <span class='ocrx_word' id='word_1_781' title='bbox 1880 5478 2029 5534; x_wconf 89' lang='lat' dir='ltr'>quas</span> <span class='ocrx_word' id='word_1_782' title='bbox 2058 5479 2300 5535; x_wconf 85' lang='lat' dir='ltr'>possum</span> <span class='ocrx_word' id='word_1_783' title='bbox 2328 5478 2456 5537; x_wconf 84' lang='lat' dir='ltr'>ago.</span> <span class='ocrx_word' id='word_1_784' title='bbox 2488 5462 2793 5536; x_wconf 88' lang='lat' dir='ltr'>Siquidem</span> <span class='ocrx_word' id='word_1_785' title='bbox 2824 5461 2973 5521; x_wconf 87' lang='lat' dir='ltr'>nihil</span> <span class='ocrx_word' id='word_1_786' title='bbox 3002 5462 3151 5521; x_wconf 81' lang='lat' dir='ltr'>satis</span> <span class='ocrx_word' id='word_1_787' title='bbox 3182 5460 3547 5535; x_wconf 83' lang='lat' dir='ltr'>magniﬁcum</span> <span class='ocrx_word' id='word_1_788' title='bbox 3574 5453 3637 5509; x_wconf 86' lang='lat' dir='ltr'>de</span> <span class='ocrx_word' id='word_1_789' title='bbox 3661 5446 3828 5505; x_wconf 71' lang='grc' dir='ltr'>νὶτὶυῑθ</span> 
     </span>
    </p>
   </div>
   <div class='ocr_carea' id='block_1_87' title="bbox 502 5553 901 5610">
    <p class='ocr_par' dir='ltr' id='par_1_87' title="bbox 502 5553 901 5610">
     <span class='ocr_line' id='line_1_88' title="bbox 502 5553 901 5610; baseline -0.008 0"><span class='ocrx_word' id='word_1_790' title='bbox 502 5559 603 5610; x_wconf 86' lang='lat' dir='ltr'>tua</span> <span class='ocrx_word' id='word_1_791' title='bbox 632 5553 901 5608; x_wconf 82' lang='lat' dir='ltr'>dixerim.</span> 
     </span>
    </p>
   </div>
   <div class='ocr_carea' id='block_1_88' title="bbox 575 5632 3829 5718">
    <p class='ocr_par' dir='ltr' id='par_1_88' title="bbox 575 5632 3829 5718">
     <span class='ocr_line' id='line_1_89' title="bbox 575 5632 3829 5718; baseline 0 -19"><span class='ocrx_word' id='word_1_792' title='bbox 575 5647 896 5716; x_wconf 83' lang='lat' dir='ltr'>Tantopere</span> <span class='ocrx_word' id='word_1_793' title='bbox 922 5641 995 5698; x_wconf 87' lang='lat' dir='ltr'>de</span> <span class='ocrx_word' id='word_1_794' title='bbox 1022 5656 1115 5711; x_wconf 78' lang='lat' dir='ltr'>me</span> <span class='ocrx_word' id='word_1_795' title='bbox 1147 5641 1378 5713; x_wconf 88' lang='lat' dir='ltr'>merito,</span> <span class='ocrx_word' id='word_1_796' title='bbox 1407 5638 1611 5699; x_wconf 78' lang='lat' dir='ltr'>Lector</span> <span class='ocrx_word' id='word_1_797' title='bbox 1637 5639 1937 5715; x_wconf 86' lang='lat' dir='ltr'>benevole,</span> <span class='ocrx_word' id='word_1_798' title='bbox 1965 5644 2199 5716; x_wconf 79' lang='lat' dir='ltr'>gratum</span> <span class='ocrx_word' id='word_1_799' title='bbox 2231 5641 2490 5717; x_wconf 78' lang='lat' dir='ltr'>praebere</span> <span class='ocrx_word' id='word_1_800' title='bbox 2517 5639 2830 5716; x_wconf 85' lang='lat' dir='ltr'>imperavit</span> <span class='ocrx_word' id='word_1_801' title='bbox 2857 5641 3090 5718; x_wconf 83' lang='lat' dir='ltr'>pietas;</span> <span class='ocrx_word' id='word_1_802' title='bbox 3147 5655 3307 5701; x_wconf 76' lang='lat' dir='ltr'>nunc</span> <span class='ocrx_word' id='word_1_803' title='bbox 3359 5636 3431 5695; x_wconf 85' lang='lat' dir='ltr'>ad</span> <span class='ocrx_word' id='word_1_804' title='bbox 3472 5632 3737 5707; x_wconf 53' lang='lat' dir='ltr'>autem</span> <span class='ocrx_word' id='word_1_805' title='bbox 3760 5632 3829 5677; x_wconf 64' lang='grc' dir='ltr'>η’</span> 
     </span>
    </p>
   </div>
  </div>
