4080 6206
238 377 365 440 833
1235 362 1666 426 SYNTAGMA
1710 360 2153 423 DOC'l‘lllNZE.
2190 393 2263 403 -—
2297 358 2691 423 MONII‘UM.
3550 359 3669 420 831s

244 510 596 573 dcundum,
628 505 782 579 quod
816 518 1028 559 novum
1075 499 1385 566 exsistens,
1418 495 1813 569 praefationem
1849 492 1960 550 sibi
2003 491 2491 567 postulat.Codex
2521 493 2619 550 ille
2665 494 2945 566 antiquus
2992 494 3051 549 S.
3099 493 3419 549 Athanasio
3468 495 3675 551 tribuit

238 599 638 672 opusculum,
671 611 795 667 quae
830 610 921 648 res
951 590 1203 661 alicujus
1234 594 1322 644 est
1353 587 1657 650 momenti,
1692 589 1825 639 utut
1855 583 2135 638 librorum
2170 583 2580 654 inscriptiones
2602 601 2736 639 vera
2760 584 2998 639 nomina
3022 600 3136 638 non
3159 583 3377 655 ubique
3400 583 3671 639 referant.

236 671 398 745 Nam
453 685 838 760 posteriorum
890 686 1218 751 temporum
1269 677 1604 749 scriptorcs,
1654 676 1846 729 vetera
1893 672 2189 727 interdum
2236 672 2348 727 sibi
2378 672 2710 742 vindicant;
2744 688 3170 744 nonnunquam
3204 672 3315 727 sub
3346 671 3673 744 priscorum

236 784 566 834 auctorum
601 772 943 829 nominibus
972 785 1080 825 sua
1112 772 1472 839 supponunt,
1508 764 1831 836 praesertim
1864 777 1931 816 ex
1962 761 2229 816 doctrina
2269 760 2551 816 nobilium
2600 768 2655 816 et
2706 761 3019 817 clarorum.
3074 764 3296 818 Interea
3344 779 3414 817 ex
3461 762 3679 817 codicis

238 867 617 938 antiquitate
662 865 918 928 constat,
962 857 1100 915 olim
1135 856 1317 912 fuisse
1345 853 1632 910 creditum
1666 852 1875 907 seriem
1898 850 2057 930 hanc
2088 849 2366 905 doctrinae
2396 850 2469 905 ab
2497 851 2814 906 Athanasio
2848 850 3174 923 posteritati
3206 852 3359 906 303
3394 849 3680 907 relictam.

253 958 316 1011 Si
356 937 536 1026 plura
569 969 710 1007 mss.
743 950 946 1006 eodem
981 947 1154 1002 modo
1187 944 1469 1016 inscripta
1492 940 2166 1014 reperirentur,aliquam
2193 937 2399 993 saltem
2435 939 2695 994 veritatis
2727 940 3008 995 rationem
3043 945 3454 1013 suggererent;
3478 958 3681 996 verum

241 1051 475 1119 praeter
530 1042 886 1097 Vossianum
940 1035 1172 1092 nullum
1224 1034 1415 1089 adhuc
1457 1030 1676 1097 inveni,
1699 1046 1908 1119 neque
1938 1028 1996 1119 in
2029 1027 2518 1119 Christianissimi
2552 1029 2716 1119 regis
2738 1029 3119 1119 bibliotheca,
3142 1028 3228 1119 vel
3261 1029 3398 1084 alibi
3433 1046 3683 1103 quoque.

244 1116 696 1204 Argumentum
731 1128 877 1182 foret
907 1126 978 1180 ad
1010 1122 1395 1196 probandum,
1415 1123 1517 1174 aut
1541 1117 1712 1174 comvi
1743 1117 1998 1172 auctoris
2027 1116 2457 1183 testimonium,
2478 1120 2578 1172 aut
2608 1116 2796 1188 ipsius
2822 1116 3122 1173 Athanasii
3154 1117 3211 1172 in
3238 1119 3362 1174 suis
3386 1119 3683 1190 operibus,

248 1223 425 1295 quod
458 1236 595 1277 cum
628 1218 798 1280 desit,
816 1214 973 1271 aliud
1006 1217 1097 1267 est
1126 1211 1186 1266 in
1218 1206 1819 1282 promptu.Quterenti
1852 1205 2167 1279 aliquando
2203 1206 2259 1260 in
2294 1206 2651 1263 bibliotheca
2683 1207 2859 1279 Regia
2890 1206 3357 1278 Sophronianam
3394 1209 3523 1264 fidei
3558 1226 3690 1263 con-

251 1312 590 1367 fessionem
623 1304 863 1361 indultu
895 1303 969 1358 el.
1000 1299 1340 1366 Thevenoti,
1376 1302 1623 1353 conatus
1653 1311 1813 1351 meos
1846 1295 2107 1350 ornantia
2138 1299 2194 1349 et
2224 1295 2653 1367 promoventis;
2685 1302 2967 1351 venerunt
2997 1297 3055 1350 in
3102 1313 3314 1352 manus
3362 1297 3689 1372 Ἐρωττςσεις

256 1397 551 1456 κανονικαὶ
580 1416 669 1449 και
700 1390 1015 1464 ἀποκρίσεις
1043 1395 1144 1457 τῆς
1179 1386 1335 1461 ⁸ἱγίας
1368 1380 1615 1454 συνόδου,
1657 1384 1867 1456 absque

2101 1384 2451 1455 temporisve
2510 1384 2973 1441 circumstantia.
3007 1385 3297 1451 Quaeritur
3344 1392 3562 1459 autem,
3602 1387 3688 1448 Ὣς

262 1489 330 1545 οὗ
366 1488 453 1543 δεῖ
482 1482 769 1541 καταλύειν
800 1482 901 1550 τὴν
931 1478 1174 1548 νηστείαν
1210 1475 1261 1531 ἐν
1292 1471 1506 1549 τετράδι
1536 1473 1626 1528 καὶ
1660 1475 1969 1547 παρασκευῇ
2019 1473 2179 1547 χάριν
2236 1474 2457 1545 μνήμης
2508 1472 2662 1549 ἁγίου
2692 1475 2726 1542 ἢ
2755 1472 3064 1529 ἀποστόλου
3110 1475 3278 1546 τινὸς,
3324 1474 3368 1529 εἰ
3402 1477 3476 1547 μή
3532 1474 3695 1548 μόνον

265 1579 319 1634 ὲν
351 1582 482 1637 ταῖς
517 1571 864 1631 δεσποτικαῖς
903 1569 1135 1644 ἑορταῖς.
1202 1569 1459 1624 Utrumne
1514 1565 1758 1636 oporteat
1810 1579 1876 1634 qu

2083 1567 2426 1620 tParasceve
2480 1564 2687 1620 solvere
2729 1565 3033 1636 jejunium,
3091 1570 3315 1636 propter
3370 1567 3694 1621 memoriam

267 1668 455 1725 sancti
503 1673 604 1721 aut
649 1662 883 1735 apostoli
932 1658 1216 1729 alicujus?
1260 1657 1365 1725 vel,
1413 1671 1487 1709 an
1506 1654 1792 1727 jejunium
1824 1653 2125 1707 Dominicis
2155 1652 2496 1708 solummodo
2525 1654 2720 1708 diebus
2754 1653 2862 1725 (2t)
2894 1653 3206 1708 solvendum
3238 1654 3349 1707 sit?
3378 1653 3701 1725 Respondit

272 1756 597 1831 synodus:
636 1749 767 1825 Περὶ
826 1747 1035 1802 τούτων
1092 1746 1120 1799 ὁ
1182 1744 1350 1817 μέγας
1404 1740 1717 1802 Ἀθανάσιος
1769 1737 1898 1795 τάδε
1953 1741 2115 1818 φησὶν
2149 1736 2199 1794 ἔν
2258 1761 2365 1794 τισι
2423 1744 2528 1794 τῶν
2588 1742 3027 1817 συγγραμμάτων
3090 1739 3272 1795 αὐτοῦ·
3309 1764 3337 1791 ‹‹
3368 1743 3490 1797 ’Ὁτι
3521 1740 3582 1795 οὗ
3616 1738 3699 1795 δεῖ

274 1822 635 1921 παραϐαίνειν
665 1822 911 1908 νηστείαν
940 1832 1140 1908 Κυρίου
1165 1822 1257 1886 τὸν
1295 1830 1535 1906 μοναχὸν
1568 1829 1602 1898 ἢ
1633 1830 1723 1883 τὸν
1757 1827 1903 1905 ἱερέα
1958 1826 2186 1904 τετράδα
2216 1829 2305 1883 καὶ
2358 1830 2725 1906 παρασκευὴν,
2758 1830 2802 1884 εἰ
2839 1832 2913 1903 μή
2945 1851 2997 1884 τι
3060 1828 3145 1884 ἐπὶ
3182 1830 3325 1902 νόσῳ
3380 1825 3698 1907 βεϐάρηται,

280 1920 461 2010 χώρῖς
490 1936 597 1999 τῆς
630 1930 1008 1994 Πεντηκοστῆς
1035 1923 1071 1991 ἢ
1101 1924 1211 1976 τῶν
1241 1922 1622 1998 Ἑπιφανειῶν.
1656 1942 1684 1970 n
1716 1921 1791 1974 De
1819 1920 1891 1974 his

2091 1936 2182 1975 ius
2235 1920 2571 1976 Athanasius
2618 1922 2679 1975 in
2736 1921 2929 1992 aliqua
2972 1922 3301 1991 scriptorum
3367 1937 3590 1976 suorum
3620 1923 3702 1977 ita

283 2009 341 2081 se
369 2020 649 2093 exprimit
678 2035 696 2072 :
727 2039 756 2066 ‹‹
794 2016 1084 2072 Monachus
1115 2017 1216 2067 aut
1250 2010 1495 2066 sacerdos
1515 2010 1805 2082 jejunium
1852 2014 2072 2080 quarta?
2121 2011 2202 2065 vel
2232 2014 2405 2068 sexta:
2447 2011 2565 2065 diei
2608 2026 2713 2065 non
2763 2010 2959 2079 solvat,
3007 2011 3129 2069 nisi
3172 2009 3454 2066 decumbat
3499 2012 3703 2081 morbo,

284 2113 526 2183 exceptis
555 2110 864 2164 Pentecoste
891 2109 943 2160 et
974 2102 1329 2174 Epiphaniis.
1365 2121 1392 2150 »
1429 2099 1650 2154 Placuit
1677 2098 1841 2154 locus
1870 2099 1985 2166 hic,
2019 2099 2262 2172 ipsaque
2294 2100 2691 2172 Syntagmatgs
2724 2099 2908 2154 nostri
2939 2100 3113 2155 verba
3146 2100 3512 2170 proteranda,
3547 2101 3705 2157 unde

289 2202 394 2257 illa
426 2200 742 2268 desumpta
771 2198 947 2250 sunt:
982 2191 1077 2258 Μὴ
1109 2183 1460 2264 παραϐαίτειν
1511 2186 1783 2257 νηστείαν,
1831 2185 2074 2241 τουτέστι
2122 2185 2350 2261 τετράδα
2398 2185 2487 2241 καὶ
2534 2186 2896 2262 παρασκευὴν,
2930 2185 2975 2240 εἰ
3029 2188 3101 2259 μή
3137 2206 3188 2239 τι
3240 2184 3328 2240 ἐπὶ
3371 2185 3511 2259 νόσῳ
3545 2183 3711 2263 βεϐά-

291 2310 475 2366 ρηται,
513 2286 694 2362 χωρὶς
728 2284 1104 2351 Ιῐεντηκοστῆς
1142 2278 1311 2351 μόνης
1341 2276 1429 2332 καὶ
1459 2280 1567 2331 τῶν
1601 2277 1902 2353 Ἐπιφανειὲ

2097 2276 2149 2332 ia
2180 2277 2413 2349 ponitur
2444 2276 2711 2366 quaestio,
2751 2293 2879 2349 qua:
2928 2293 3094 2348 asque
3146 2277 3253 2331 huc
3286 2276 3491 2332 attinet
3524 2294 3537 2334 :
3572 2277 3708 2352 Ιῐερὶ

287 2360 389 2433 τοῦ
416 2360 626 2432 κλίνειν
665 2371 797 2448 γόνυ
828 2369 879 2425 ἐν
913 2363 1179 2441 Σαϐϐάτῳ
1208 2369 1243 2438 ἡ
1273 2365 1325 2421 ἐν
1359 2364 1554 2437 Νικαίᾳ
1610 2361 1833 2425 σύνοδος
1862 2365 1950 2418 καὶ
1981 2366 2017 2434 ἡ
2048 2362 2101 2418 ἐν
2158 2361 2426 2437 Τροῦλλῳ
2481 2360 2796 2439 διωρίσατο,
2857 2364 2973 2437 μεθ’
3032 2364 3104 2417 ὧν
3138 2363 3226 2417 καὶ
3278 2364 3305 2418 ὁ
3353 2364 3516 2439 μέγας
3548 2366 3715 2422 Ἀθα-

287 2470 481 2528 νάσιος
503 2460 633 2519 τάδε
663 2461 814 2540 φησί·
850 2461 939 2529 Μή
1001 2457 1081 2520 τίς
1140 2478 1198 2512 σε
1250 2455 1501 2530 πλανήσῃ
1533 2455 1597 2509 τὸ
1654 2455 1903 2529 παράπαν
1959 2452 2010 2507 ἐν
2069 2456 2299 2527 κυριακῇ
2359 2458 2692 2529 γονυπετεῖν,
2724 2452 2757 2522 ἢ
2791 2451 2842 2507 ἐν
2878 2455 3244 2527 ιῐεντηκοστῇ.
3277 2455 3366 2507 καὶ
3415 2455 3539 2531 περὶ
3571 2452 3716 2512 Σας-

291 2554 463 2612 ϐάτου
495 2554 596 2610 οὐκ
627 2539 795 2608 εἶπεν.
830 2548 1173 2624 ’Δπόλρισις
1206 2546 1395 2608 Οὕτως
1451 2541 1567 2621 ἔχει
1599 2543 2033 2614 καὶὴἀληθεια·
2094 2540 2241 2611 πλὴν
2302 2543 2353 2597 οἱ
2415 2541 2640 2615 πολλοὶ,
2675 2539 2763 2597 διὰ
2816 2543 2879 2597 τὸ
2935 2544 3010 2615 μή
3069 2543 3304 2619 γίνεσθαι
3360 2545 3609 2616 νηστείαν
3663 2547 3714 2601 ἓν

293 2640 592 2715 Σαὸὅάτῳ,
625 2643 723 2710 τήν
755 2637 1103 2716 γονυκλισίαν
1141 2643 1408 2712 παρῆκαν,
1442 2634 1756 2705 Nimirum,
1790 2636 1861 2689 de
1892 2652 1904 2706 ι

2118 2634 2167 2688 ie
2199 2634 2437 2688 Sabbati
2470 2634 2773 2701 flectendo,
2814 2634 3074 2702 synodus
3122 2633 3410 2690 Nicaenam
3456 2642 3513 2691 et
3544 2638 3717 2693 Trul-

292 2739 496 2792 lanam
531 2732 835 2799 statuisse,
850 2735 908 2786 et
937 2744 1217 2802 magnum
1252 2724 1640 2782 Athanasium
1676 2723 1888 2794 pariter
1909 2723 2247 2778 enuntiassc
2271 2739 2283 2777 :
2314 2724 2457 2778 Cave
2478 2740 2547 2778 ne
2566 2726 2855 2795 quisquam
2876 2727 2927 2779 te
2950 2723 3172 2779 inducat
3195 2726 3477 2781 I'ominira
3501 2726 3590 2782 die
3608 2743 3722 2783 esse

284 2822 670 2899 jejunandum
693 2822 937 2884 omnino,
966 2819 1080 2873 sive
1112 2817 1171 2871 in
1203 2819 1533 2871 Pentecoste.
1568 2812 1726 2868 Nihil
1757 2829 1892 2867 vero
1924 2812 2142 2868 dixisse
2175 2813 2245 2867 de
2276 2813 2547 2867 Sabbato.
2581 2813 2945 2884 Respondetur
2971 2830 2990 2867 :
3022 2813 3114 2869 Sic
3141 2829 3195 2869 se
3224 2829 3309 2868 res
3337 2814 3501 2884 plane
3528 2816 3722 2883 habet;

291 2916 560 2986 plerique
586 2914 793 2976 tamen,
825 2910 957 2981 quia
988 2905 1219 2961 Sabbato
1249 2920 1360 2959 non
1380 2904 1686 2975 jejunatur,
1706 2902 2143 2973 genuﬂexionem
2173 2904 2628 2973 praetermittunt.
2649 2902 2720 2958 Ut
2739 2901 2970 2975 singula
3000 2907 3342 2975 appareant,
3375 2920 3444 2959 en
3474 2904 3728 2960 Athana-

299 3004 463 3057 sium
502 3004 763 3055 nostrum
800 2997 933 3064 :Mr;
983 2993 1066 3055 τίς
1110 3013 1167 3047 σε
1196 2992 1449 3064 πλανήσῃ
1479 2990 1528 3045 ἐν
1580 2992 1811 3064 κυριακῇ
1860 2989 2137 3058 νηστεύειν
2183 2989 2246 3044 τὸ
2289 2989 2561 3065 παράπαν,
2598 2992 2738 3062 μήτε
2785 2995 3097 3065 γονυπετεῖν
3144 2990 3205 3044 τὸ
3252 2991 3529 3066 παράπαν,
3586 2994 3725 3065 μήτε

302 3090 357 3144 ἐν
397 3087 769 3159 Ιῐεντηκοστῇ.
805 3082 877 3137 Οὐ
902 3083 1001 3159 γάρ
1035 3080 1146 3136 ἐστι
1176 3079 1372 3152 θεσμὸς
1405 3076 1750 3147 Ἐκκλησίας.
1788 3084 1906 3133 Duo

2112 3084 2284 3134 uenta
2328 3078 2526 3134 isthsec
2575 3097 2691 3135 non
2741 3078 2884 3135 levis
2916 3085 3055 3135 sunt
3084 3080 3359 3151 ponderis
3386 3098 3406 3142 ,·
3440 3082 3723 3154 tantique,

301 3186 375 3236 ut
408 3178 636 3235 nullum
667 3178 846 3231 ferme
879 3173 1122 3229 dubium
1157 3168 1867 3242 relinquatur.Siquidem
1894 3169 2021 3240 ipsa
2052 3169 2311 3236 synodus
2343 3184 2407 3223 eo
2440 3168 2777 3225 testimonio
2810 3169 3013 3239 utitur,
3034 3185 3222 3240 neque
3268 3169 3476 3225 rel‘ellit
3523 3187 3731 3227 mona-

302 3270 455 3326 chos
485 3284 555 3323 ex
587 3264 898 3321 Athanasio
931 3266 1130 3317 nostro
1159 3260 1537 3316 disserentes.
1573 3258 1732 3330 Apud
1770 3257 2177 3313 Balsomonem
2210 3259 2460 3313 occurrit
2484 3258 2723 3329 quaestio
2756 3260 2825 3313 de
2854 3274 3006 3331 genu
3041 3258 3099 3313 in
3132 3258 3386 3315 Sabbato
3418 3259 3727 3329 ﬂectendo,

302 3363 475 3414 mota
521 3373 555 3411 a
602 3353 908 3410 monachis
956 3356 1119 3406 extra
1166 3349 1367 3404 urbem
1420 3363 1482 3403 se
1531 3347 1957 3407 exercentibus.
2007 3351 2268 3418 tempore
2315 3345 2531 3402 Nicolai
2586 3346 2928 3419 patriarchae
2977 3355 3025 3403 et
3083 3346 3264 3403 Alexii
3308 3347 3608 3404 Comneni.
3642 3351 3727 3405 Ad

301 3464 491 3520 quam
525 3442 823 3516 respondit
851 3457 1017 3495 sacra
1047 3436 1691 3508 ConstantinOpolitana
1720 3436 1999 3508 synodus.
2020 3440 2236 3490 Verum
2255 3435 3281 3508 ditl‘eruntinterrogationesillorum
3306 3438 3728 3494 monachorum

307 3555 347 3592 ει
384 3534 603 3591 nostris
633 3532 689 3587 in
726 3548 835 3586 ms.
884 3529 1085 3602 Regio,
1135 3530 1374 3598 propter
1426 3523 1653 3578 diversa
1700 3522 1907 3594 capita.
1962 3524 2153 3589 Porro,
2205 3522 2315 3577 etsi
2362 3524 2626 3594 ejusdem
2675 3528 2873 3580 essent
2924 3540 3058 3580 cum
3112 3526 3334 3580 caeteris
3384 3526 3508 3593 aevi,
3562 3542 3734 3582 nemo

310 3622 491 3679 facile
536 3621 646 3677 sibi
683 3615 1062 3692 persuaserit,
1092 3611 1397 3669 Athanasii
1430 3616 1568 3665 tunc
1600 3610 2066 3682 suppositionem
2102 3611 2349 3679 factam;
2383 3611 2484 3666 scd
2518 3616 2718 3667 contra
2748 3617 2935 3684 putet,
2967 3612 3142 3685 longa
3171 3618 3339 3667 atate
3373 3614 3544 3668 [idem
3579 3613 3736 3668 obti-

313 3712 527 3768 nuisse
555 3710 611 3764 in
646 3709 881 3763 Patrum
916 3720 1218 3760 consessu.
1252 3700 1511 3771 Conjicio
1541 3704 1735 3754 autem
1767 3698 2117 3770 quaestiones
2149 3699 2459 3755 canonicas
2490 3705 2547 3754 et
2576 3701 2987 3772 responsiones
3018 3701 3233 3756 codicis
3267 3701 3424 3773 Regii
3458 3701 3528 3755 ai
3562 3718 3738 3758 sazcu-

316 3801 448 3857 lum
486 3816 542 3854 lx
572 3795 926 3863 referendas,
961 3794 1017 3848 in
1051 3791 1265 3865 quibus
1297 3788 1362 3843 fit
1392 3788 1612 3843 mentio
1644 3787 1993 3860 typicorum,
2027 3787 2464 3859 synaxariorum
2499 3790 2689 3843 sancti
2729 3789 2916 3843 Patris
2967 3788 3150 3843 nostri
3199 3788 3369 3856 Saba,
3420 3793 3477 3844 et
3527 3806 3739 3861 prece-

326 3888 517 3963 ptoris
563 3885 742 3941 eremi
794 3882 991 3956 magni
1048 3877 1364 3951 Euthymii,
1394 3892 1500 3932 nec
1530 3893 1645 3931 non
1673 3877 1734 3932 S.
1764 3874 2068 3931 Athanasii
2104 3873 2264 3931 illius
2294 3874 2354 3930 in
2388 3881 2583 3931 monte
2615 3881 2837 3931 sancto.
2872 3876 3281 3932 Producuntur
3310 3876 3603 3932 concilum
3635 3878 3739 3933 Ni-

323 3960 556 4033 caznum
591 3991 652 4042 II,
685 3974 721 4041 ἡ
755 3971 995 4031 ἐνώσεως
1028 3964 1272 4031 σύνοδος,
1302 3966 1337 4034 ἡ
1368 3960 1631 4040 γενομένη
1667 3961 1719 4016 ἐν
1752 3964 1934 4019 Κωνστ

2131 3983 2160 4015 υ
2190 3960 2370 4031 πόλει,
2402 3961 2524 4037 περὶ
2555 3966 2662 4016 τῶν
2696 3961 2910 4037 γάμων,
2942 3966 3203 4035 synodus
3235 3964 3740 4036 Neocaesariensis,

324 4072 389 4121 S.
422 4062 676 4119 Basilius
707 4063 773 4115 ad
811 4054 1310 4131 Amphilochium.

402 4154 549 4220 Quid
584 4153 661 4207 sit
692 4167 871 4221 quare
899 4150 1215 4221 Syntagma
1245 4148 1515 4200 nostrum
1544 4147 1599 4196 8.
1633 4139 1935 4195 Athanasii
1967 4156 2094 4195 esse
2127 4143 2395 4211 nequeat,
2421 4140 2682 4195 nondum
2733 4140 3020 4211 perSpicio
3054 4157 3067 4196 :
3104 4142 3370 4212 quamvis
3421 4142 3578 4197 enim
3624 4141 3747 4215 ipse

320 4245 390 4299 in
440 4244 565 4298 Vita
613 4241 667 4297 S.
720 4239 939 4295 Antonii
989 4234 1332 4300 narraverit,
1362 4237 1482 4288 tam
1514 4231 1717 4287 crebra
1750 4229 2105 4285 monasteria
2135 4228 2193 4283 in
2225 4228 2469 4301 Egypto
2500 4234 2624 4284 tum
2662 4246 2774 4284 non
2804 4230 3005 4295 fuisse,
3039 4232 3137 4286 sed
3172 4248 3462 4301 quemque
3492 4248 3553 4286 se
3585 4249 3746 4286 excr-

319 4333 521 4389 cuisse
550 4348 582 4385 a
612 4346 717 4384 suo
748 4344 896 4401 pago
930 4343 1043 4382 non
1080 4322 1278 4397 procul
1314 4339 1327 4379 :
1361 4320 1545 4377 nihilo
1573 4335 1742 4375 secus
1772 4318 2089 4391 Gregorius
2122 4318 2540 4386 Nazianzenus,
2574 4320 2727 4376 Orat.
2763 4321 2819 4373 in
2850 4319 3067 4375 tandem
3115 4319 3423 4388 Athanasii,
3470 4322 3749 4387 altirmat,

325 4423 517 4479 Vitam
546 4420 778 4475 Antonii
807 4414 1181 4489 promulgare
1209 4412 1371 4486 leges
1401 4408 1756 4467 monasticae
1785 4409 1895 4464 sub
1927 4408 2119 4478 specie
2152 4407 2524 4463 narrationis.
2558 4409 2644 4463 Ad
2680 4408 2801 4463 haec
2831 4425 2965 4463 cum
2994 4410 3213 4465 nostris
3244 4416 3597 4481 congruunt,
3622 4426 3752 4481 qua)

320 4512 490 4582 legas
519 4510 573 4563 in
606 4508 664 4563 S.
692 4506 1012 4563 Athanasio
1043 4506 1119 4560 De
1147 4503 1485 4574 virginitate,
1517 4497 1641 4567 ἤτοι
1691 4497 1814 4571 περὶ
1864 4496 2163 4565 ἀσκήσεως.
2220 4496 2459 4567 Propter
2518 4497 2859 4569 superbiam
2907 4496 3178 4553 diabolus
3224 4515 3292 4554 ex
3339 4498 3501 4553 cmlis
3555 4499 3756 4569 praeci-

327 4599 653 4672 pitabatur.
689 4596 991 4665 Νήστευσον
1025 4588 1155 4646 ὅλον
1184 4590 1276 4644 τὸν
1311 4586 1548 4643 ἐνιαυτὸν
1607 4584 1783 4661 χωρὶς
1838 4582 2013 4654 πάσης
2072 4583 2327 4658 ἀνάγκης·
2363 4582 2480 4658 ὥρᾳ
2537 4582 2594 4639 δὲ
2652 4583 2839 4658 twn-9
2891 4591 2990 4653 τῆς
3046 4584 3258 4660 ἡμέρας
3317 4583 3370 4640 ἐν
3426 4584 3618 4658 ὕμνοις
3665 4585 3755 4640 καὶ

327 4684 524 4760 εὖχαῖς
555 4682 927 4753 διατελέσασα,
958 4673 1344 4752 καταλάμϐανε
1370 4678 1463 4731 τὸν
1498 4677 1658 4751 ἄρτον
1692 4694 1787 4727 σου
1819 4672 1869 4727 ἐν
1906 4673 2134 4748 λαχάνῳ
2184 4672 2644 4746 ἀναπεποιημένῳ
2690 4672 2879 4746 ἐλαίῳ.
2927 4677 3139 4738 Jeiuna
3179 4678 3496 4731 universum
3543 4693 3757 4731 annum

324 4778 454 4831 sine
484 4777 800 4830 neravsitate
831 4772 1088 4841 (melius,
1121 4769 1235 4825 nisi
1281 4767 1636 4824 neccessitas
1667 4764 1824 4819 aliud
1858 4763 2175 4836 postulet);
2210 4763 2344 4820 hora
2374 4780 2495 4820 vero
2522 4781 2687 4832 nona,
2720 4766 2781 4819 in
2810 4766 3037 4835 hymnis
3066 4773 3118 4820 et
3157 4765 3394 4837 jejuniis
3432 4766 3760 4836 perdamus,

330 4881 495 4921 sume
518 4879 716 4934 panem
746 4868 901 4917 tuum
931 4877 1058 4917 cum
1084 4858 1325 4915 oleribus
1353 4857 1469 4913 oleo
1499 4854 1737 4926 refectis.
1771 4877 1796 4903 α
1832 4853 2081 4908 Nuditas
2114 4868 2184 4934 ne
2233 4859 2511 4925 appareat
2560 4870 2757 4909 coram
2809 4852 2946 4909 alio.
2996 4853 3122 4907 Non
3171 4853 3286 4909 ibis
3334 4854 3405 4909 ad
3459 4853 3757 4917 balneum.

331 4952 631 5025 siquidem
682 4968 827 5007 sana
874 4949 979 5017 sis,
1030 4947 1146 5003 nisi
1195 4949 1440 5018 urgente
1489 4941 1851 4999 necessitate.
1904 4941 1941 4996 S

2142 4928 2210 4995 us
2243 4942 2569 5010 inﬁrmum,
2601 4946 2806 5014 χρῆσαι
2840 4938 2973 5012 οἴνῳ
3003 4937 3177 5015 ὀλίγῳ
3209 4936 3297 4994 διὰ
3325 4940 3416 4995 τὸν
3450 4940 3753 5017 στόμαχον.

334 5040 505 5108 Quod
536 5041 584 5097 si
617 5040 776 5096 adsit
805 5036 1311 5095 catechumenain
1344 5049 1570 5101 mensa,
1617 5047 1689 5087 ne
1736 5036 1861 5087 oret
1911 5046 2044 5085 cum
2097 5028 2392 5096 ﬁdelibus,
2444 5045 2632 5101 neque
2680 5030 2913 5085 sedebis
2957 5035 3015 5085 et
3061 5048 3179 5086 una
3220 5047 3355 5086 cum
3399 5029 3500 5086 illa
3548 5048 3759 5103 panem

334 5132 632 5186 comedas.
656 5127 718 5183 Si
749 5128 835 5182 vir
855 5127 1057 5200 justus
1090 5125 1162 5181 ad
1193 5129 1249 5180 te
1279 5123 1520 5190 venerit,
1553 5120 1674 5176 lava
1705 5118 1757 5175 ei
1793 5118 1988 5191 pedes.
2014 5117 2073 5174 Si
2104 5116 2356 5189 virgines
2389 5117 2768 5175 advenientes
2799 5120 2999 5174 vinum
3032 5119 3259 5190 bibant,
3284 5119 3517 5175 etiamsi
3548 5125 3613 5176 tu
3645 5136 3762 5177 non

336 5218 522 5286 bibis,
550 5223 784 5290 propter
813 5234 913 5274 eas
942 5217 1077 5272 bibe
1108 5213 1458 5289 pauxillum.
1495 5213 1556 5267 ln
1587 5208 1833 5267 ecclesia
1861 5213 2008 5276 tace,
2045 5224 2148 5264 nec
2179 5207 2506 5280 quidquam
2534 5208 2817 5281 loquaris,
2867 5210 2969 5266 sed
3020 5209 3372 5266 lectionibus
3419 5209 3677 5266 intende.
3734 5233 3764 5262 ››

337 5305 630 5365 Similiter
675 5306 735 5362 in
785 5306 1177 5363 Ezhortatione
1227 5304 1305 5361 ad
1327 5300 1645 5366 monachos,
1678 5313 1855 5369 quam
1887 5298 2084 5352 Latine
2115 5297 2403 5353 habemus
2433 5296 2495 5352 in
2526 5302 2685 5353 torno
2715 5299 2762 5354 ll
2791 5297 2964 5371 Opp.,
2996 5299 3045 5353 si
3077 5300 3370 5355 donamus
3401 5314 3531 5355 esse
3582 5300 3766 5355 Atha-

337 5398 518 5462 nasii,
548 5397 1042 5452 commendantur
1063 5393 1295 5466 jejunis
1329 5397 1535 5465 praeter
1570 5386 1955 5454 Dominicam,
1988 5387 2039 5442 si
2066 5385 2257 5443 votiva
2285 5386 2404 5441 sint
2435 5402 2449 5443 :
2486 5387 2722 5445 habitus
2751 5388 2904 5459 vilis,
2939 5394 3114 5461 atque
3146 5388 3260 5445 alia
3288 5386 3574 5445 nonnulla
3599 5387 3767 5445 facil-

341 5484 488 5541 lime
517 5501 652 5539 cum
686 5483 903 5540 nostris
934 5480 1352 5555 comparanda.

421 5698 540 5771 (21)
575 5700 634 5753 tn
668 5696 837 5753 festis
871 5694 1123 5753 Domini.
