4096 6212
6 2118 15 2125 μ

6 2174 11 2181 ι

6 2228 9 2243 l

6 2302 7 2309 ι

3274 0 3337 17 "'*
3382 0 3977 25 'Rmv
4052 0 4089 25 'J

408 351 529 412 835
1596 346 1663 407 S.
1708 347 2235 412 ATHANASIUS.
2260 380 2339 398 —-
2368 350 2679 415 SPURIA.
3702 354 3827 414 836

480 482 680 556 Stylus
706 480 1111 554 Syntagmatis
1131 482 1203 537 ab
1238 480 1556 538 Athanasio
1604 499 1719 538 non
1769 487 1859 539 est
1903 483 2049 540 adeo
2098 488 2382 554 remotus,
2433 485 2911 560 quandoquidem
2959 485 3020 542 in
3076 488 3327 543 tractatu
3376 487 3454 543 De
3495 486 3829 559 virginitate

409 572 598 629 multa
626 571 836 627 iisdem
863 568 1055 626 verbis
1087 570 1393 641 modisque
1424 570 1658 628 dicendi
1687 572 2116 646 exprimuntur.
2137 574 2497 633 Subdiflicile
2526 580 2724 633 tamen
2754 578 2947 633 visum
2978 575 3091 631 fuit
3119 576 3829 644 demonstrare,Athana-

410 662 563 719 siam
597 675 920 733 usurpasse
949 659 1189 716 verbum
1220 656 1394 714 θέλειν
1421 678 1554 717 cum
1586 661 1895 728 infinitive,
1922 662 2027 719 10cc

2209 664 2428 737 erativi,
2477 682 2530 721 ν.
2585 682 2637 722 c.
2688 661 2813 719 θέλε
2854 662 3165 741 ἀγρυπνεῖν,
3211 681 3318 737 pro
3366 662 3645 739 ἆγρύπνευ
3696 664 3826 722 θέλε

413 749 607 825 μένειν,
658 766 763 822 pro
796 748 940 820 μένε,
983 766 1111 822 quae
1141 749 1390 804 barbara
1421 750 1499 806 sit
1524 748 1742 807 locutio
1776 768 1791 807 :
1824 752 2104 808 nutabam
2137 753 2239 810 diu
2268 753 2329 809 in
2359 769 2429 810 ea
2456 771 2537 822 re,
2564 755 2749 811 donec
2780 754 3102 811 invenirem
3134 754 3195 811 in
3225 754 3287 811 S.
3320 754 3522 811 Basilii
3552 771 3829 814 sermone

408 843 487 897 De
516 840 860 896 abdicatione
888 854 1076 895 rerum
1109 857 1127 894 :
1160 838 1247 907 Μὴ
1284 835 1409 901 θέλε
1432 834 1682 914 διορθοῦν
1706 837 1984 912 ἐπασμοὺς
2012 860 2025 887 η

2211 840 2383 918 πρίων,
2414 859 2518 915 pro
2545 837 2783 916 διόρθου.
2815 846 2982 913 Item,
3031 842 3125 912 Μὴ
3180 838 3270 898 ἔσο
3317 841 3627 919 περίεργος,
3681 842 3828 918 μηδὶ

408 929 583 984 πάντα
615 925 833 1004 βλέπειν
866 925 1008 996 οὲλε,
1041 944 1143 1001 pro
1177 926 1365 1004 βΛὲπε.
1398 928 1560 986 Unde
1589 928 1749 986 illius
1777 947 2025 1001 argumc:

2210 948 2250 987 n
2281 931 2604 989 evadimus.
2629 932 2765 989 Post
2793 932 2992 991 omnia
3020 932 3136 989 ista
3165 933 3307 1005 quid
3340 933 3569 989 restat?
3599 933 3827 991 nemini

410 1018 756 1090 rapiendum
790 1015 1073 1088 judicium
1108 1034 1305 1088 suum,
1325 1034 1514 1090 neque
1542 1019 1718 1075 etiam
1750 1019 2140 1077 resistendum
2171 1024 2229 1076 et
2256 1022 2708 1094 repugnandum
2738 1025 2944 1079 contra
2969 1021 3301 1094 veritatem,
3319 1022 3391 1078 ad
3414 1038 3593 1095 quam
3614 1022 3665 1080 si
3689 1024 3830 1097 quis

409 1106 728 1163 curiosiore
758 1106 1161 1163 observatione
1192 1108 1599 1180 penetraverit,
1630 1109 1700 1164 de
1729 1108 1964 1181 publico
1995 1109 2141 1167 bene
2170 1110 2507 1167 merebitur.

482 1196 925 1264 Ila'c-Amoldus,
959 1197 1046 1251 vir
1071 1213 1204 1253 sane
1230 1213 1341 1253 non
1368 1199 1555 1255 minus
1586 1198 1896 1256 eruditione
1922 1215 2090 1272 quam
2117 1202 2375 1258 comitate
2401 1204 2453 1256 et
2482 1200 2852 1258 moderatim
2878 1201 3225 1275 conspicuus.
3258 1200 3361 1258 Sed
3388 1217 3523 1266 pace
3568 1202 3685 1259 viri
3726 1201 3829 1258 do-

409 1288 667 1354 ctissimi,
723 1285 861 1357 haec,
910 1295 1094 1342 nostro
1145 1286 1360 1358 quidem
1383 1287 1619 1361 judicio,
1643 1305 1751 1345 non
1777 1292 1907 1345 sunt
1935 1289 2130 1361 magni
2156 1290 2419 1345 momenti
2445 1290 2520 1346 ad
2549 1291 2647 1347 hoc
2673 1293 2999 1360 opusculum
3033 1291 3343 1348 Athanasio
3369 1290 3827 1362 adjudicandum.

410 1377 551 1432 Nam
583 1376 715 1447 quid
742 1374 809 1430 de
834 1375 1233 1447 quaestionibus
1260 1378 1560 1448 canonicis,
1594 1377 1688 1434 ubi
1728 1380 1953 1434 nomine
1996 1377 2291 1434 Athanasii
2337 1379 2586 1451 quedam
2629 1395 2701 1436 ea:
2750 1379 2851 1436 hoc
2896 1379 3253 1452 Syntagmate
3302 1379 3644 1451 afferuntur,
3695 1380 3830 1436 licet

407 1480 603 1521 revera
651 1461 779 1521 illae
822 1464 882 1518 in
925 1463 1159 1537 quodam
1182 1465 1413 1521 concilio
1440 1465 1604 1521 editae
1630 1468 1880 1537 fuissent,
1911 1467 2052 1539 quod
2077 1470 2262 1523 tamen
2289 1466 2452 1524 dubio
2483 1469 2714 1525 minime
2741 1471 2901 1524 vacat
2914 1487 2937 1534 ;
2965 1469 3025 1524 in
3052 1467 3278 1539 synodi:
3303 1467 3625 1540 quandoque
3650 1468 3830 1524 Atha-

407 1555 557 1610 nasii
582 1554 808 1609 nomine
836 1568 997 1624 opera
1039 1553 1361 1621 laudantur,
1392 1570 1513 1627 quae
1543 1562 1721 1611 tamen
1744 1561 1962 1611 constat
1992 1555 2286 1612 Athanasii
2312 1572 2422 1613 non
2452 1572 2602 1618 esse;
2632 1562 2693 1613 ut
2730 1555 2916 1613 videre
2944 1565 3022 1613 est
3066 1558 3129 1612 in
3173 1556 3413 1615 secunda
3455 1557 3685 1614 Nicena
3726 1557 3833 1613 ubi

408 1641 662 1699 Historia
708 1641 985 1714 imaginis
1031 1641 1364 1714 Berytensis
1412 1645 1488 1698 ad
1532 1646 1760 1700 verbum
1812 1644 2044 1717 legitur,
2087 1661 2254 1719 quam
2280 1661 2437 1702 nemo
2461 1662 2577 1701 non
2602 1648 2814 1716 fatetur
2840 1646 3140 1703 Athanasio
3168 1645 3599 1719 abjudicandam
3628 1664 3649 1702 :
3678 1645 3831 1720 quod

401 1732 606 1804 potiori
633 1733 851 1787 ratione
879 1729 1411 1804 desubsequentium
1453 1733 1779 1790 seculorum
1827 1733 2054 1805 synodis
2092 1735 2513 1793 aestimandum.
2562 1734 2734 1791 Multa
2778 1741 2928 1791 certe
2972 1739 3195 1791 exstant
3237 1737 3431 1806 spuria
3485 1750 3654 1807 opera
3701 1749 3832 1807 qua

406 1825 556 1878 sexto
586 1821 670 1879 vel
696 1823 930 1893 septimo
956 1821 1166 1878 saeculo
1193 1825 1427 1877 exarata
1447 1825 1595 1891 sunt,
1628 1837 1859 1895 quaeque
1885 1840 1922 1879 a
1948 1826 2352 1897 posterioribus
2381 1823 2510 1885 inde
2530 1824 2755 1897 synodis
2780 1824 3206 1896 auctoribusque
3234 1824 3475 1881 laudari
3498 1832 3829 1896 potuerunt.

418 1910 568 1980 Quod
596 1918 800 1982 spectat
827 1925 952 1967 vero
980 1911 1317 1981 afﬁnitatem
1349 1911 1714 1983 quorumdam
1743 1912 1905 1983 hujus
1933 1914 2184 1985 opusculi
2213 1915 2457 1970 locorum
2482 1930 2607 1969 cum
2635 1913 2771 1970 aliis
2817 1913 2956 1968 libri
2999 1917 3078 1969 De
3125 1911 3458 1985 virginitate
3500 1917 3556 1969 et
3600 1912 3683 1969 De
3729 1930 3831 1970 ex-

405 1998 735 2056 hortatione
765 1998 835 2053 ad
864 1998 1185 2054 monachos
1217 1999 1365 2067 locis,
1385 1999 1442 2056 id
1471 2001 1707 2056 minoris
1736 2001 1917 2057 adhuc
1944 2005 2022 2057 est
2042 2004 2248 2075 pretii:
2265 2005 2422 2058 tuum
2450 2004 2584 2076 quia
2607 2004 2768 2076 prior
2796 2003 2939 2059 liber
2963 2018 3175 2075 magna
3200 1990 3529 2072 suspicione,
3555 2004 3834 2071 posterior

402 2093 590 2161 aperte
616 2084 796 2159 νοθεῖᾳ
821 2088 1072 2151 laborat;
1104 2096 1217 2144 tum
1249 2090 1379 2160 quia
1420 2092 1815 2162 praeceptione:
1860 2092 1979 2149 illa?
2022 2094 2336 2149 monasticz
2384 2091 2452 2147 de
2488 2092 2728 2165 jejunio,
2776 2091 3014 2165 aliisque
3060 2091 3557 2159 observationibu:,
3612 2090 3830 2149 eaedem

401 2180 577 2249 ferme
623 2178 682 2233 in
733 2178 908 2233 variis
953 2178 1273 2234 auctoribus
1316 2179 1610 2247 leguntur;
1640 2181 1721 2235 ita
1749 2184 1812 2236 ut
1839 2181 2058 2237 nullum
2087 2181 2217 2237 hinc
2240 2182 2417 2254 possit
2443 2183 2568 2237 erui
2594 2184 3005 2252 argumentum.
3030 2180 3194 2237 Nobis
3223 2180 3414 2253 itaque
3440 2180 3667 2236 omnino
3692 2196 3831 2253 spu-

406 2271 557 2325 rium
588 2267 804 2324 videtur
830 2267 934 2325 hoc
961 2269 1303 2341 opusculum,
1336 2277 1453 2325 tum
1479 2269 1543 2325 ob
1571 2271 1706 2341 styli
1728 2286 1918 2342 genus,
1950 2272 2100 2343 quod
2128 2273 2197 2328 ab
2227 2272 2520 2328 Athanasii
2546 2269 2790 2348 ἐνεργείᾳ
2815 2273 3023 2328 mirum
3051 2286 3217 2344 quam
3259 2274 3529 2326 remotum
3569 2272 3666 2337 sit,
3714 2278 3832 2328 tum

405 2358 469 2414 ob
519 2358 728 2413 multas
772 2357 992 2413 voculas
1039 2372 1163 2429 qua:
1199 2360 1467 2431 sequioris
1486 2361 1599 2416 aevi
1624 2368 1812 2415 notam
1837 2362 2022 2432 prz'fez

2213 2369 2256 2417 tt
2282 2366 2359 2418 est
2390 2361 2539 2417 illud
2562 2358 3087 2437 ἀκεροπερίσπαστον
3118 2376 3217 2416 seu
3246 2353 3830 2434 ἇκαιροπερίσπαστον,

404 2445 547 2502 illud
579 2448 746 2502 etiam
774 2446 1061 2520 καταψυχή
1096 2447 1253 2502 804
1280 2445 1575 2514 simultas,
1607 2449 1760 2515 item,
1810 2445 2021 2524 ἐπαιρίδ

2246 2452 2362 2507 nisi
2406 2450 2478 2506 sit
2523 2450 2799 2523 mendum,
2847 2445 3241 2524 ἐργατεύεσθαι,
3289 2448 3681 2523 περικαγῶσιν,
3726 2463 3829 2520 pro

406 2551 553 2607 aegre
600 2535 788 2591 ferant
837 2553 850 2591 :
899 2544 953 2592 et
992 2535 1213 2592 similia
1244 2537 1376 2593 bene
1402 2537 1577 2592 multa
1618 2553 1720 2610 pro
1752 2538 2014 2595 brevitate
2039 2539 2290 2612 opusculi
2307 2556 2328 2602 ;
2357 2538 2499 2613 quod
2524 2555 2699 2613 neque
2720 2541 2956 2613 potioris
2983 2554 3102 2597 esse
3116 2536 3449 2595 conditionis
3476 2538 3833 2594 arbitramur

411 2641 576 2696 quam
604 2632 808 2681 caetera
835 2625 1095 2697 opuscula
1126 2626 1374 2690 ascetica,
1407 2640 1533 2697 quae
1561 2626 1881 2683 Athanasiii
1906 2630 2129 2685 nomine
2153 2629 2587 2701 subsequuntur.
2622 2628 2899 2688 Caeterum
2940 2628 3175 2687 Arualdi
3217 2637 3376 2684 notas
3422 2643 3538 2683 non
3584 2628 3832 2699 integras

411 2713 502 2768 hic
546 2714 894 2785 subjicimus,
947 2719 1065 2770 tum
1111 2716 1244 2787 quia
1287 2715 1620 2787 prolixiores
1645 2720 1777 2772 sunt
1821 2732 1989 2789 quam
2032 2718 2283 2774 instituti
2305 2719 2482 2775 nostri
2510 2719 2654 2775 ratio
2676 2706 2853 2793 ferat,
2882 2723 3005 2775 tum
3032 2717 3166 2791 quia
3188 2716 3369 2774 multa
3393 2716 3838 2791 complectuntur

410 2816 537 2874 quae
566 2803 624 2858 in
656 2801 1031 2860 Onomastico
1060 2807 1244 2861 nostro
1274 2804 1601 2878 explicanda
1631 2806 1869 2863 venient.

1583 3062 1717 3120 ΤΟΥ
1754 3064 1845 3120 ΕΝ
1883 3064 2116 3121 ΛΓΙΟΙΣ
2160 3065 2434 3123 ΙΙΔΤΡΟΣ
2476 3067 2673 3124 ΗΜΩΝ

1758 3213 2489 3313 ΑΘΑΝΑΣΙΟΥ

580 3383 944 3435 ΣΥΝΤΑΓΜΔ
985 3382 1453 3438 ΔῐΔΔΣΚΑΑῘΑΣ
1495 3384 1679 3439 ΠΡΟΣ
1722 3385 2683 3515 ΜΟἸῌΕΑξἍῗΤέΞίΚΙὸἴὲΠΑΝΤΑΣ
2722 3386 3216 3457 ΧΡΙΣΤΙΔΝΟΥΣ,
3258 3385 3654 3443 ΚΛΗΡΙΚΟΥΣ

1551 3738 1643 3833 S.
1698 3740 1796 3833 P.
1858 3741 1969 3838 N.
2032 3743 2713 3840 ATHANASII

773 3905 1115 3965 SYNTAGMA
1156 3908 1520 3967 DOCTRlN/E
1556 3910 1643 3967 AD
1683 3909 2073 4054 HONACQFEg‘SA}
2100 3913 2462 4043 ἳιῖζῆιὲἕὶυε
2502 3914 2933 3972 CHRISTIANOS
2972 3913 3101 3971 TAll
3147 3911 3468 3969 CLERICOS

485 4262 536 4320 1.
588 4262 854 4319 Ecclesiae
904 4263 1202 4354 catholicas
1251 4265 1529 4336 filiorum,
1581 4270 1639 4324 et
1692 4266 2102 4352 potissimum,

2255 4268 2307 4326 4.
2339 4268 2522 4325 Ἔστιν
2556 4268 2585 4324 ὁ
2619 4266 2735 4345 βίος
2781 4271 2891 4323 τῶν
2935 4267 3068 4322 υἱῶν
3112 4272 3215 4336 τῆς
3262 4260 3574 4333 Καθολικῆς
3603 4260 3845 4354 Ἐκπλη-

427 4351 913 4410 anochoretarnm
960 4353 1084 4410 sive
1130 4354 1553 4412 monachorum
1581 4400 1596 4427 ,
1651 4356 1767 4412 tale
1813 4360 1902 4413 est
1942 4356 2044 4412 vita

2226 4354 2326 4428 ίας,
2382 4355 2472 4411 καὶ
2525 4354 2763 4430 μάλιστα
2816 4359 2927 4411 τῶν
2986 4353 3039 4411 ἐν
3099 4352 3234 4429 αὐτῇ
3292 4352 3677 4429 ἆναχωρητῶν
3718 4350 3843 4420 ἤτοι

412 4441 655 4514 agendas
700 4454 907 4515 genus.
940 4441 1141 4498 Gratia
1170 4442 1407 4514 quidem
1437 4442 1586 4500 salvi
1616 4461 1824 4501 sumus
1856 4447 1935 4515 ¹⁷;
1969 4460 2029 4501 se

2233 4449 2469 4521 οναχῶν,
2502 4443 2697 4507 οὕτως.
2731 4443 2925 4521 Χάριτι
2985 4445 3077 4519 μὲν
3137 4441 3297 4517 ἐσμεν
3352 4441 3685 4514 σωζόμενοι·
3719 4438 3850 4495 ἀλλ’

416 4530 604 4601 gratia
636 4529 788 4586 filios
820 4547 982 4598 suos,
1020 4529 1320 4603 sapientiae
1368 4531 1507 4588 item
1558 4532 1865 4606 omnisque
1911 4533 2033 4606 prol

2253 4533 2415 4610 χάρις
2446 4532 2795 4611 αὐθαιρὲτους
2840 4532 3096 4608 βούλεται
3138 4533 3272 4588 εἶναι
3317 4529 3446 4593 τοὺς
3490 4530 3695 4599 ἑαυτῆς
3722 4533 3848 4584 παῖ-

417 4619 609 4689 operis
640 4617 792 4676 filios
824 4634 954 4675 esse
984 4623 1272 4693 peroptat,
1292 4620 1393 4692 qui
1426 4621 1647 4677 bonum
1678 4621 2034 4694 experiment

2228 4644 2282 4686 κς
2312 4623 2403 4678 καὶ
2436 4624 2628 4702 σοφίας
2660 4622 2813 4686 υἱοὺς
2860 4622 2951 4679 καὶ
2997 4624 3176 4693 πάσης
3208 4618 3452 4698 πράξεως
3483 4618 3719 4694 ἀγαθῆς,
3753 4615 3845 4672 δο-

420 4712 794 4780 cognoscant,
829 4712 887 4764 et
916 4708 998 4764 ita
1026 4724 1196 4781 agere
1226 4710 1514 4767 nitantur.
1551 4710 1631 4766 Te
1678 4710 1879 4779 itaque
1924 4719 2037 4767 rect

2229 4713 2511 4788 ιμάσαντες
2543 4714 2659 4787 (22)
2704 4713 2769 4767 τὸ
2817 4709 3010 4786 καλὸν,
3062 4709 3356 4783 ζηλοῦντες
3407 4710 3547 4784 (23),
3575 4706 3667 4763 καὶ
3701 4705 3846 4762 οὕτω

419 4797 762 4868 hujusmodi
830 4797 945 4853 tide
1012 4797 1258 4870 dignum
1327 4799 1617 4855 constitue
1684 4815 1697 4854 :
1765 4798 1938 4869 facto,
1987 4800 2036 4856 di

2235 4803 2464 4877 ράττειν.
2497 4803 2616 4872 Τῆς
2650 4798 2742 4856 οὖν
2772 4800 2940 4876 ὀρθῆς
2978 4800 3182 4870 ταύτης
3228 4798 3463 4859 πίστεως
3508 4797 3657 4870 ἄξιον
3691 4815 3852 4851 asan-

418 4885 565 4943 lecte
617 4886 722 4957 mi,
773 4886 896 4943 haec
941 4886 1210 4943 servandi
1262 4887 1579 4961 proposito.
1628 4887 1775 4944 Nam
1807 4890 1948 4944 sunt
1977 4904 2035 4961 qi

2235 4897 2279 4946 ὢν
2333 4889 2633 4966 εὐτρέπιζε,
2680 4884 3160 4967 προϐεϐλημένος,
3211 4886 3483 4964 ἆγαπητὶ,
3531 4889 3704 4941 ταῦτα
3751 4905 3852 4962 φυ-

421 4991 554 5031 cum
586 4974 681 5031 his
710 4975 1015 5049 praceptis
1041 4981 1306 5050 pugnent
1355 4994 1367 5033 :
1417 4999 1446 5029 ‹‹
1500 4977 1716 5051 Diliges
1764 4977 2038 5034 Dominut

2234 4979 2431 5035 ἀττειν·
2490 4977 2847 5056 ἀγωνίζονται
2909 4978 3045 5052 μετᾶ
3094 4975 3192 5034 τοῦ
3247 4978 3384 5051 (24),
3429 5000 3460 5028 ‹‹
3505 4974 3706 5053 Κύριον
3754 4974 3847 5029 τὸν

423 5065 603 5122 Deum
637 5068 808 5122 tuum
831 5082 902 5122 ex
920 5070 1041 5123 toto
1064 5068 1240 5124 corde
1261 5071 1383 5134 tuo,
1415 5071 1474 5124 et
1494 5083 1563 5124 ex
1586 5071 1707 5124 tota
1730 5067 1929 5124 anima
1954 5072 2040 5125 tut

2230 5069 2326 5125 θεὸν
2364 5090 2462 5124 σου
2488 5067 2783 5147 ἀγαπήσεις
2815 5067 2866 5140 ἐξ
2896 5066 3036 5139 ὅλης
3080 5063 3307 5143 καρδίας
3355 5085 3475 5135 σου,
3502 5064 3598 5120 καὶ
3630 5064 3681 5138 ἐξ
3711 5061 3847 5133 ὅλης

422 5158 480 5210 et
509 5153 843 5227 proximum
867 5159 1035 5211 tuum
1070 5154 1224 5211 sicut
1255 5156 1513 5229 teipsum
1545 5157 1611 5213 η.
1650 5156 1777 5213 Non
1824 5156 2039 5213 occide:

2229 5162 2289 5227 ἧς
2317 5160 2505 5234 ψυχῆς
2564 5178 2685 5230 σου,
2743 5155 2834 5212 καὶ
2886 5155 2978 5212 τὸν
3029 5154 3267 5229 πλησίον
3326 5175 3423 5210 σου
3481 5153 3557 5217 ὡς
3609 5150 3846 5209 σεαυτόν.

424 5260 539 5301 non
592 5242 998 5314 mmchaberis,
1049 5261 1165 5301 non
1192 5245 1567 5316 scortaberis,
1601 5262 1813 5319 pueros
1847 5262 1919 5303 ne
1948 5262 2041 5302 cor

2236 5245 2269 5302 κύ
2302 5245 2599 5325 φονεύσεις,
2633 5244 2696 5302 οὐ
2724 5243 3059 5323 μοιχεύσεις,
3091 5268 3120 5298 (α
3146 5244 3208 5301 ού
3248 5242 3589 5320 πορνεύσεις,
3620 5241 3685 5298 οὗ
3727 5261 3853 5298 παις

498 5426 542 5463 "
573 5424 785 5500 Ephes.
820 5442 884 5497 ιι,
917 5428 971 5484 8.
1051 5429 1094 5465 ¹⁸
1124 5428 1331 5487 Matth.
1358 5445 1500 5498 χχιι,
1530 5429 1621 5499 37,
1652 5430 1741 5485 39.

497 5604 610 5675 (22)
640 5604 700 5660 F.
735 5598 1154 5677 δοκιμάσαντας.

498 5605 610 5675 (22)
640 5605 700 5660 F.
735 5605 1154 5677 δοκιμάσαντας.

498 5677 609 5749 (23)
646 5677 707 5733 F.
742 5673 1066 5748 ζηλοῦντας.

2262 5609 2375 5683 (24)
2410 5609 2517 5668 Ηὶο
2545 5608 2811 5684 quaedam
2842 5605 3274 5665 desiderantur.
