4080 6206
148 5888 367 6037 Ἣ

386 338 508 399 839

1557 332 1623 392 8.
1668 327 2198 392 ATHANASIUS.
2225 359 2302 374 —
2323 328 2634 394 SPURIA.

3684 333 3807 396 840

384 461 1484 539 Quartae,Parasceves,0uadragesimaa
1508 467 1563 517 et
1587 459 2035 530 Passionis;sed

2155 458 2443 534 ταγμένην,
2492 457 2720 535 τετράδα
2774 459 2863 516 καί
2911 462 3278 538 παρασκευὴν,
3328 461 3419 523 καὶ
3469 461 3570 530 τήν
3619 482 3809 516 τεσσα-

379 558 673 632 jejunium
702 573 769 612 ex
793 552 1088 627 proposito
1112 558 1212 607 tuo
1235 555 1551 619 servatum,
1582 567 1789 622 nempe
1819 551 2037 606 Secun-

390 651 496 717 dae,
529 646 757 712 Tertia,
790 644 1036 710 Quintze.
1070 641 1323 698 Sabhato
1354 645 1411 696 et
1457 640 1761 696 Dominica
1790 656 1862 695 ne
1891 640 2039 711 jeju-

391 737 640 803 naveris,
692 737 929 805 excepto
979 747 1193 803 magno
1238 730 1489 785 Sabhato
1542 730 1733 784 sancti
1783 728 2036 784 Paschze.

391 829 617 893 Quartae
640 828 837 880 autem
866 821 1016 877 feria
1040 826 1093 876 et
1110 819 1758 889 Parascevesjejunium
1782 818 2039 888 exjussu

391 916 459 970 ad
497 913 700 968 horam
737 926 922 981 usque
953 924 1164 963 nonam
1200 906 1661 971 εει-ναίον.ουοὰ
1698 905 1745 961 si
1779 905 1919 978 quid
1954 904 2039 959 ul-

389 1009 475 1058 tra
508 1001 733 1066 feceris,
765 999 822 1054 id
856 1005 953 1053 tuo
983 996 1059 1052 sit
1092 995 1412 1051 arbitrio.Si
1445 1012 1575 1051 vero
1607 995 1833 1050 diutius
1876 998 2041 1066 potes

390 1093 681 1149 sustinere
704 1086 1022 1161 jejunium,
1046 1101 1325 1157 generoso
1354 1084 1502 1157 agis.
1542 1086 1688 1140 Dum
1714 1084 1952 1155 jejunas
1984 1088 2041 1137 et

389 1183 498 1237 hoc
529 1178 864 1235 institutum
897 1176 1026 1232 vitae
1074 1180 1260 1243 tenes,
1293 1191 1428 1231 cave
1458 1191 1531 1230 ne
1580 1174 1852 1245 superbia
1886 1174 2041 1228 intu-

393 1287 640 1326 mescas.
675 1266 904 1324 Inflatio
933 1281 1184 1336 namque
1231 1264 1479 1336 laqueus
1524 1267 1613 1319 est
1662 1261 1902 1329 diaboli,
1937 1278 2042 1334 per

391 1377 563 1432 quam
599 1376 667 1414 ex
695 1355 838 1413 caule
868 1355 1145 1426 delapsus
1175 1359 1291 1408 est:
1325 1352 1713 1423 similiterque
1745 1368 1847 1424 per
1876 1350 2037 1406 illam

393 1449 667 1520 deinceps
697 1446 968 1503 homines
997 1443 1328 1514 illaqueans
1361 1441 1668 1514 dejicit.Ne
1700 1441 1833 1514 quis
1865 1444 1922 1497 te
1949 1457 2039 1496 se-

392 1542 587 1608 ducat,
618 1541 683 1592 ut
711 1534 798 1591 vel
832 1533 1128 1590 Dominica
1158 1531 1398 1587 omnino
1448 1531 1696 1603 jejunes,
1728 1530 1816 1586 vel
1848 1546 2041 1603 genua

393 1625 704 1685 ﬂectas.vel
736 1625 794 1679 in
828 1622 1391 1692 PentecosteNeque
1420 1620 1573 1677 enim
1605 1637 1673 1675 ea
1705 1620 1795 1675 lex
1826 1624 1916 1676 est
1934 1624 2037 1676 Ec-

391 1718 601 1775 clesiae.
634 1715 780 1771 Cave
810 1730 880 1768 ne
912 1718 965 1768 te
996 1711 1234 1784 quidam
1277 1710 1661 1766 Marcionistze
1693 1709 1749 1764 in
1781 1724 2036 1764 errorem

2153 549 2445 623 ρακοστήν,
2474 550 2565 603 καὶ
2593 553 2692 605 τοῦ
2722 551 2950 618 πάθους,
2982 549 3130 606 ἀλλὰ
3156 551 3257 619 τὴν
3289 550 3396 605 ἀπὸ
3429 547 3569 611 ἰδίας
3613 571 3808 626 προαι-

2153 637 2371 713 ρέσεως,
2401 638 2647 693 τουτὲστι
2699 636 2973 715 δευτέρας,
3005 640 3097 695 καὶ
3145 639 3356 715 τρίτης,
3385 640 3475 694 καὶ
3524 641 3809 713 πέμπτης.

2154 720 2433 781 Σάϐϐατον
2463 727 2554 782 καὶ
2585 729 2847 804 κυριακήν
2899 732 2975 801 μὴ
3025 729 3347 803 νηστεῦσῃς,
3379 728 3526 797 πλὴν
3566 733 3667 784 τοῦ
3718 750 3813 801 με·

2149 814 2323 890 γάλου
2359 810 2642 871 Σαϐϐάτου
2670 820 2769 871 τοῦ
2801 817 2952 893 άγίου
3011 817 3222 893 Πάσχα.
3253 818 3314 873 ἸΙ
3365 815 3421 873 δὲ
3468 824 3569 887 τῆς
3616 838 3808 894 τετρα-

2151 900 2243 965 δος
2290 904 2381 958 καὶ
2430 912 2773 980 παρασκευῆς
2821 903 2926 968 ἓως
2983 904 3129 980 ὥρας
3178 904 3397 974 ἐννάτης
3445 906 3667 976 νηστεία
3720 928 3807 961 τε·

2148 992 2391 1067 ταγμὲνη
2470 992 2579 1049 ἐστί
2614 1013 2627 1025 ·
2687 994 2778 1049 καὶ
2836 993 2885 1049 εἲ
2938 1015 2990 1049 τι
3051 996 3448 1070 περισσοτερως
3524 999 3805 1066 ποιήσεις,

2147 1086 2309 1136 τοῦτο
2335 1082 2479 1157 παρὰ
2502 1083 2599 1151 τὴν
2634 1087 2859 1138 σεαυτοῦ
2897 1083 3235 1160 προαίρεσιν.
3277 1084 3342 1140 Εἴ
3387 1081 3446 1139 δὲ
3490 1083 3585 1139 καί
3634 1085 3806 1159 ὑπερ-

2152 1172 2322 1234 θὲσεις
2385 1168 2605 1226 δύνασαι
2682 1177 2882 1245 ποιεῖν,
2940 1172 3200 1248 γενναίως
3251 1174 3451 1234 ἀσκεῖς.
3511 1173 3804 1244 Νηστεύων

2150 1257 2207 1314 δὲ
2255 1260 2344 1315 καὶ
2402 1259 2853 1336 πολιτευόμενος,
2899 1261 3072 1336 βλέπε
3132 1265 3209 1334 μή
3263 1266 3562 1338 φυσιωθῇςο
3597 1265 3631 1333 ἡ
3696 1264 3803 1339 γάρ

2150 1347 2412 1427 φυσίωσις
2461 1350 2622 1425 παγίς
2673 1350 2784 1405 ἐστι
2826 1356 2923 1405 τοῦ
2974 1346 3259 1419 διαϐόλου,
3294 1348 3363 1405 δι’
3392 1354 3458 1420 ἧς
3516 1350 3610 1405 ἀπ’
3638 1351 3808 1427 059a-

2147 1443 2248 1493 νοῦ
2294 1438 2600 1509 πέπτωκεν,
2633 1438 2840 1512 ὁμοίως
2893 1437 2951 1495 δὲ
3003 1438 3195 1495 λοιπὸν
3242 1437 3313 1495 δι’
3341 1438 3508 1510 αὐτῆς
3548 1439 3677 1502 τοὺς
3710 1440 3805 1494 ἀν-

2151 1526 2402 1603 θρώπους
2432 1526 2741 1603 παγιδιΰων
2774 1523 3130 1586 καταϐάλλει.
3164 1530 3257 1601 Μή
3308 1528 3393 1591 τίς
3438 1549 3498 1583 σε
3542 1528 3808 1601 πλανήσῃ

2150 1616 2202 1672 ἐν
2259 1620 2493 1693 κυριακῇ
2550 1617 2826 1687 νηστεύειν
2874 1617 2943 1672 τὸ
2990 1616 3262 1695 παράπαν,
3299 1619 3438 1691 μήτε
3484 1624 3808 1693 γονυπετεῖν

2146 1706 2209 1761 τὸ
2265 1708 2540 1781 παράπαν,
2576 1708 2717 1779 μήτε
2773 1706 2833 1762 ἐκ
2886 1710 3252 1781 Πεντηκοστῇ·
3288 1706 3351 1761 οὗ
3394 1705 3494 1783 γάρ
3541 1706 3653 1762 ἐστι
3716 1718 3807 1770 θε-

390 1808 702 1875 deducaot,
734 1807 836 1860 aut
882 1801 978 1858 alii
1012 1800 1287 1870 heretici,
1319 1804 1376 1855 et
1417 1799 1671 1855 Sabbato
1702 1797 1789 1854 vel
1840 1798 2035 1854 Domi-

2155 1795 2285 1867 σμὸς
2318 1793 2665 1865 Ἐκκλησίας.
2698 1796 2797 1851 Καὶ
2852 1796 2928 1869 μὴ
2979 1795 3323 1872 ἀνέχου,’ίνα
3369 1795 3693 1867 πλανήσωσί
3748 1816 3811 1850 σε

392 1897 526 1953 nica
549 1895 820 1966 jejunare
847 1890 1155 1946 suadeant.
1187 1892 1517 1944 Conventus
1552 1904 1623 1943 ne
1652 1886 1921 1961 neglige;
1956 1891 2041 1943 te-

391 1986 642 2057 quoipse
665 1982 746 2037 ita
772 1997 1032 2054 prmpara
1054 1984 1117 2033 ut
1137 1978 1350 2050 dignus
1378 1976 1460 2032 sis
1485 1976 1876 2049 mysteriis,ne
1900 1976 2045 2031 forte

390 2076 450 2130 in
500 2073 795 2147 judicium
853 2070 1098 2125 incidas.
1150 2069 1231 2123 Ne
1287 2066 1525 2123 omittas
1580 2071 1637 2122 te
1696 2065 2041 2121 adeuntium

392 2165 640 2221 fratrum
677 2162 855 2234 pedes
900 2159 1113 2229 lavare,
1146 2156 1433 2229 ejusmodi
1485 2171 1733 2226 namque
1768 2154 2042 2226 praecepti

389 2253 537 2310 ratio
585 2249 979 2324 postulabitur
1008 2248 1080 2302 ab
1130 2246 1200 2301 iis
1252 2246 1351 2317 qui
1404 2261 1520 2316 prae
1569 2243 1845 2315 superbia
1895 2241 2041 2298 illud

389 2341 715 2407 omiserint,
748 2336 1016 2409 quamvis
1064 2336 1184 2390 sint
1232 2334 1514 2406 episcopi.
1551 2333 1695 2390 Nam
1752 2332 2038 2387 Dominus

398 2435 596 2486 noster
625 2428 784 2501 prior
812 2426 939 2498 ipse
987 2424 1191 2492 abluit,
1223 2440 1357 2479 cum
1410 2422 1685 2496 praecepit
1719 2421 1835 2477 illis
1867 2424 1932 2476 ut
1962 2421 2044 2478 ita

394 2522 674 2577 facerent.

468 2619 521 2674 3.
553 2618 636 2674 Ne
665 2619 789 2673 esto
818 2630 1049 2680 avarus,
1082 2629 1155 2669 ne
1179 2611 1369 2685 turpis
1390 2609 1559 2681 lucri,
1579 2608 2041 2683 possessionum,

396 2707 733 2765 divitiarum
765 2704 1015 2776 cupidus
1047 2718 1060 2758 :
1098 2717 1232 2757 nam
1265 2700 1364 2772 qui
1395 2699 1685 2771 ejusmodi
1735 2703 1895 2768 sunt,
1929 2697 2044 2753 Deo

397 2798 626 2871 placere
653 2811 768 2850 non
787 2792 1085 2849 valent.Te
1107 2790 1346 2847 omnino
1370 2789 1603 2861 negotia
1624 2804 1823 2861 geras;
1845 2788 2042 2842 multae

396 2891 539 2944 sunt
567 2883 797 2941 incultae
832 2882 1117 2955 regiones,
1143 2896 1392 2952 quarum
1428 2877 1626 2935 incola:
1659 2877 1708 2933 si
1741 2882 1895 2933 artes
1927 2893 2041 2932 non

396 2976 654 3032 habeant
683 2981 971 3045 coguntur
1003 2969 1285 3043 negotiari
1310 2986 1324 3031 ι
1350 2968 1474 3040 qui,
1505 2967 1735 3023 etiamsi
1770 2965 2040 3022 monachi

393 3080 511 3121 non
543 3063 680 3129 sint,
714 3061 765 3117 si
801 3060 1190 3132 negotientur,
1226 3058 1377 3114 male
1421 3057 1659 3130 quidem
1686 3059 1893 3127 agunt,
1926 3052 2040 3108 nisi

394 3153 454 3207 in
488 3169 624 3207 casu
658 3149 1045 3206 necessitatis.
1095 3147 1344 3203 Usuram
1396 3162 1467 3201 ne
1497 3145 1692 3215 accipe
1727 3161 1739 3199 :
1776 3159 1846 3198 ne
1877 3143 2040 3216 prius

2148 1886 2291 1947 τινες
2349 1886 2780 1962 Μαρκιωνισταῖ,
2828 1885 2864 1954 ἢ
2918 1884 3073 1961 ὲτὲρα
3128 1883 3356 1959 α’ίρεσις,
3411 1885 3690 1957 νηστεύειν
3743 1886 3810 1940 τὸ

2154 1968 2432 2029 Σάϐϐατον
2481 1972 2631 2037 ίδίως
2680 1974 2769 2029 καὶ
2810 1981 3093 2051 κυριακῆς.
3127 1977 3249 2032 Τῶν
3301 1972 3359 2030 δὲ
3406 1974 3664 2045 συνάξεων
3726 1976 3812 2048 μὴ

2151 2062 2347 2136 ἀμέλει
2380 2081 2396 2097 ·
2452 2067 2560 2118 τῶν
2623 2063 2938 2139 μυστηρίων
3002 2060 3145 2134 ἄξιον
3206 2065 3424 2119 σεαυτὸν
3503 2063 3811 2139 εὐτρέπιζε,

2158 2154 2358 2225 μήπως
2391 2152 2468 2215 εἰς
2487 2158 2660 2228 κρῖμα
2690 2151 2971 2227 συνίλθῃς.
3006 2154 3097 2223 Μὴ
3129 2151 3321 2225 ἀμέλει
3362 2151 3582 2208 πλύνειν
3629 2150 3814 2215 πόδας

2155 2239 2404 2319 ἀδελφῶν
2450 2241 2765 2319 ἐρχομένων
2820 2242 2957 2317 πρὸς
3002 2240 3079 2297 σὲ·
3116 2244 3402 2313 ζητήσεται
3447 2242 3551 2318 γάρ
3598 2245 3633 2312 ἡ
3683 2263 3814 2297 τοι-

2155 2330 2290 2401 αύτη
2324 2330 2521 2399 ἐντολὴ
2553 2351 2677 2407 περι
2723 2335 2833 2385 τῶν
2882 2328 3431 2408 ὑπερηφανευσάντων
3481 2330 3673 2399 αὐτὴν,
3707 2330 3810 2385 κᾶν

2155 2417 2438 2474 ἐπίσκοποι
2479 2420 2632 2475 ὦσιν.
2664 2419 2725 2477 Ὁ
2755 2418 2858 2495 γὰρ
2919 2417 3118 2494 Κύριος
3166 2420 3328 2491 ἡμῶν
3370 2417 3533 2482 αὐτὸς
3581 2422 3811 2495 πρῶτος

2154 2504 2373 2575 ἔπλυνε,
2406 2506 2776 2584 παραγγείλας
2808 2506 2992 2570 αὐτοῖς
3027 2506 3171 2563 οὕτω
3200 2513 3399 2564 ποιεῖν.

2222 2607 2276 2663 3.
2309 2605 2397 2674 Μὴ
2429 2604 2579 2680 γίνου
2610 2603 2966 2684 φιλάργυρος,
3002 2605 3079 2678 μὴ
3125 2602 3544 2681 αἰσχροηρδῆς,
3578 2606 3655 2680 μὴ
3711 2629 3811 2685 σοι-

2156 2692 2474 2768 λοκτήμων,
2538 2695 2612 2768 μὴ
2667 2693 3060 2773 φιλόπλουτος·
3116 2696 3166 2750 οἱ
3230 2694 3334 2770 γάρ
3388 2699 3628 2750 τοιοῦτοι
3684 2700 3811 2768 Θεῷ

2152 2785 2337 2860 ἀρέσαι
2367 2783 2430 2838 οὐ
2462 2780 2729 2843 δύνανται.
2761 2782 2861 2839 Καὶ
2902 2781 3048 2846 ὅλως
3099 2785 3176 2858 μὴ
3224 2784 3633 2861 πραγματεῦοω
3665 2784 3812 2840 πολ-

2152 2872 2244 2929 λαὶ
2300 2872 2483 2949 χῶραι
2540 2871 2643 2928 είσι
2697 2873 2770 2946 μὴ
2819 2873 3101 2949 σπὲρασαι,
3131 2873 3221 2928 καὶ
3270 2875 3324 2928 οἱ
3372 2872 3663 2947 οἷκοῦντις,
3716 2874 3810 2929 ἐὰν

2147 2962 2346 3038 τέχνας
2406 2963 2481 3035 μὴ
2541 2957 2765 3038 ἔχωσιν,
2824 2960 3211 3037 ἀναγκάζονται
3282 2962 3755 3039 πραγματεύεσθαι
3791 2983 3806 2997 ο

2148 3051 2243 3107 κᾶν
2297 3052 2372 3126 μὴ
2423 3051 2525 3107 ὦσι
2575 3052 2921 3126 μονάζοντες,
2953 3051 3042 3107 καὶ
3095 3054 3589 3130 πραγματεύονται,
3616 3057 3809 3115 κακῶς

2155 3142 2270 3215 μὶν,
2328 3139 2474 3211 πλὴν
2536 3141 2736 3217 ἀνάγκη
2799 3145 2967 3200 ποιεῖ.
3026 3141 3194 3197 Τόκον
3256 3143 3332 3215 μή
3391 3136 3655 3215 λάμϐανε⁸
3720 3143 3804 3215 μὴ

391 3256 696 3311 compares
727 3237 1030 3311 quidpiam
1064 3236 1177 3292 alio
1208 3200 1641 3307 quamvulgari
1672 3200 2038 3305 pretiofAma

2155 3200 2519 3305 προσαγόραζέ
2549 3200 2743 3303 (315τί
2778 3225 2888 3285 ἴσον
2941 3230 3015 3293 ὡς
3068 3238 3171 3301 τῆς
3234 3200 3665 3304 πολιτευδμὲνης

389 3344 597 3386 omnes
628 3328 980 3392 homines,et
1009 3341 1208 3398 pacem
1243 3325 1391 3380 habe
1420 3341 1552 3379 cum
1586 3322 2033 3391 omnibus,curn

390 3418 510 3473 illis
541 3418 715 3472 etiam
750 3415 1101 3487 quibuscum
1135 3431 1249 3468 non
1284 3430 1435 3478 oras,
1470 3416 1753 3481 quantum
1790 3410 2036 3465 facultas

392 3507 523 3575 erit,
556 3510 795 3576 excepta
824 3503 1063 3558 hzeresis
1094 3501 1357 3557 causa.Si
1388 3504 1680 3572 suppetat,
1708 3499 1917 3569 largire
1946 3498 2033 3552 in-

392 3595 630 3667 digenti,
664 3594 752 3650 sin
786 3592 1007 3659 minus,
1040 3590 1157 3646 noli
1185 3590 1484 3662 conqueri.
1517 3588 1572 3644 Si
1604 3588 1738 3659 quis
1769 3593 1972 3643 mutuo
2005 3604 2038 3642 ει

388 3689 445 3741 te
477 3684 724 3757 petierit,
759 3683 915 3742 dato.
949 3685 1006 3736 et
1056 3681 1129 3736 ab
1158 3695 1226 3735 eo
1276 3679 1473 3750 accipe
1501 3681 1739 3746 sortem,
1772 3692 1906 3731 cum
1939 3675 2037 3731 ha-

391 3774 604 3839 buerit,
619 3773 840 3843 absque
874 3768 1196 3824 fcenore.Ne
1228 3766 1428 3822 dolose
1458 3782 1597 3837 agas
1629 3765 1685 3819 in
1719 3769 2032 3836 conspectu

389 3862 795 3918 Domini.Nam
830 3859 877 3913 si
912 3858 1109 3929 fruges
1143 3856 1356 3911 habeas
1388 3860 1491 3910 aut
1521 3856 2038 3924 argentum,atque

391 3951 667 4023 aliquisa
714 3955 770 4004 te
820 3953 1023 4002 mutuo
1072 3946 1331 4015 accipere
1385 3943 1661 4015 postulet,
1713 3946 1915 4013 tuque,
1968 3958 2040 3997 ne

393 4056 632 4097 usuram
680 4037 934 4108 accipias
992 4036 1214 4105 majore
1271 4033 1455 4105 pretio
1509 4032 1736 4097 vendis,
1770 4037 1833 4085 ut
1880 4046 2041 4085 emas

392 4132 595 4199 postea
644 4125 845 4179 viliore
898 4128 954 4179 et
1007 4122 1231 4177 minore
1264 4122 1491 4193 pretio:
1534 4139 1555 4167 ι
1589 4119 2044 4190 Comprehendit

393 4217 548 4270 Deus
567 4213 858 4286 sapientes
880 4212 939 4266 in
963 4211 1179 4266 astutia
1201 4208 1602 4280 “.nPerpende
1624 4207 1778 4262 enim
1804 4222 1868 4261 ac
1890 4207 2039 4275 vide,

391 4308 446 4359 te
481 4302 658 4359 unius
693 4300 927 4357 faenoris
958 4299 1104 4366 loco,
1140 4298 1250 4354 tria
1281 4302 1380 4353 aut
1414 4302 1667 4368 quatuor
1697 4296 1915 4351 fmnora
1946 4311 2040 4350 ac-

393 4396 722 4463 cepturum.

467 4491 517 4544 4.
548 4489 685 4544 Esto
716 4485 963 4542 humilis
993 4502 1058 4541 ac
1108 4485 1364 4556 quietus,
1396 4487 1655 4539 tremens
1705 4481 1864 4537 omni
1893 4486 2041 4536 tem-

2150 3320 2279 3391 μῆς.
2332 3318 2545 3394 Ἀγάπα
2604 3319 2777 3374 πάντα
2834 3316 3143 3395 ἄνθρωπον,
3199 3319 3289 3374 καὶ
3347 3319 3588 3394 εἷρήνευε
3657 3321 3805 3392 μετᾶ

2144 3408 2382 3475 πάντων,
2424 3407 2513 3462 καὶ
2576 3409 2693 3479 μεθ’
2741 3409 2817 3462 ὧν
2873 3407 2975 3463 οὐκ
3030 3407 3184 3483 εὔχῃ,
3246 3409 3291 3463 εἰ
3348 3405 3568 3462 δυνατὸν
3625 3408 3691 3462 τὸ
3742 3408 3806 3464 ἐκ

2145 3500 2262 3565 σοῦ,
2295 3494 2469 3571 χωρὶς
2499 3494 2778 3571 αἱρέσεως.
2812 3498 2999 3572 Ἕχων
3049 3494 3127 3567 δῖε,
3162 3493 3411 3569 μετάδιδε
3439 3499 3551 3571 (32)
3581 3501 3662 3568 τῷ
3718 3498 3800 3571 μή

2145 3582 2351 3660 ἔχοντι’
2395 3586 2469 3658 μὴ
2504 3583 2646 3661 ἔχων
2678 3583 2757 3659 δὲ,
2793 3587 2869 3659 μὴ
2925 3584 3257 3661 ἐγκληοήσῃ.
3293 3587 3412 3643 Ἐάν
3463 3586 3660 3659 cirris-9
3707 3607 3800 3649 τις

2144 3675 2289 3751 παρὰ
2319 3678 2414 3729 σοῦ
2471 3674 2547 3736 εἰς
2603 3682 2827 3749 γρῆσιν,
2861 3672 3035 3747 δίδου,
3063 3676 3152 3730 καὶ
3202 3670 3446 3748 λάμϐανε
3471 3677 3599 3750 παρ’
3626 3674 3801 3730 αὐτοῦ

2142 3763 2205 3817 τὸ
2248 3761 2562 3840 κεφάλαιον,
2593 3762 2672 3817 ὅτ’
2720 3762 2778 3817 ἂν
2822 3762 2950 3839 ἔχῃ,
2995 3760 3119 3818 ἄνευ
3164 3763 3349 3821 τόκου.
3401 3765 3489 3832 Μή
3540 3761 3807 3818 δολιεύου

2147 3850 2376 3906 ἐνώπιον
2436 3851 2659 3922 Κυρίου.
2693 3851 2813 3906 Ἐάν
2874 3853 2978 3927 γὰρ
3037 3849 3167 3927 ἔχῃς
3224 3852 3598 3929 γεννήματαῆ
3634 3852 3806 3927 ἀρργὸ-

2150 3961 2285 4016 ριον,
2317 3940 2407 3995 καὶ
2442 3945 2594 4009 ζητεῖ
2621 3961 2704 3995 τις
2738 3937 3075 4005 δανείσασθαι
3116 3943 3259 4014 παρά
3308 3946 3404 3996 σοῦ
3450 3940 3539 3995 καὶ
3591 3940 3655 3995 οὐ
3712 3938 3811 3995 διά

2153 4030 2228 4103 μὴ
2261 4024 2563 4101 λαμϐάνειν
2598 4050 2655 4084 σε
2697 4029 2856 4084 τόκον
2890 4027 3096 4092 πωλεῖς
3147 4028 3513 4104 τιμιωτέρως,
3537 4028 3632 4083 ἵνα
3673 4029 3812 4105 ἆγο-

2151 4118 2317 4195 ράσῃς
2377 4117 2591 4181 εὐώνως
2664 4123 2745 4191 τῷ
2815 4123 3013 4193 καιρῷ,
3068 4119 3340 4173 τουτέστιν
3420 4116 3766 4194 ὀλίγοτέμως
3797 4135 3814 4149 ⁸

2158 4230 2185 4258 (ι
2229 4205 2517 4282 Δράσσεται
2574 4208 2601 4262 ὁ
2652 4207 2782 4270 Θεὸς
2829 4206 2956 4270 τοὺς
3010 4206 3209 4285 σοφοὺς
3240 4206 3292 4262 ἐν
3322 4211 3390 4281 τῇ
3422 4207 3751 4283 πανουργίᾳ,
3786 4234 3815 4259 ιο

2153 4295 2357 4369 Σκέψαι
2391 4295 2495 4370 γάρ
2526 4294 2614 4349 καὶ
2662 4295 2785 4371 δρα,
2816 4294 2909 4351 ὅτι.
2949 4297 3057 4352 ἀνθ’
3088 4297 3203 4358 ἑνὸς
3251 4292 3415 4350 τόκου
3463 4301 3611 4368 τρεῖς
3635 4296 3671 4364 ἢ
3698 4298 3825 4350 τέσ-

2156 4404 2321 4460 σαρας
2344 4383 2539 4446 τόκους
2574 4384 2819 4457 εὑρήσεις
2855 4380 3170 4458 λαμϐάνων.

2228 4484 2278 4538 4.
2313 4481 2469 4536 Γίνου
2498 4482 2747 4544 ταπεινὸς
2778 4482 2868 4537 καὶ
2912 4483 3170 4558 ἡσύχιος,
3198 4484 3417 4558 τρέμων
3469 4480 3557 4537 διὰ
3614 4484 3823 4547 παντὸς

396 4595 533 4651 pore
567 4577 796 4633 Domini
821 4575 1069 4647 elnquia.
1102 4575 1183 4630 Ne
1208 4575 1289 4629 sis
1311 4571 1730 4640 contentiosus,
1767 4588 1838 4627 ne
1867 4573 2041 4627 caedas

2160 4571 2228 4627 τὰ
2256 4568 2421 4645 λόγια
2449 4574 2546 4625 τοῦ
2604 4570 2824 4645 Κυρίου.
2857 4571 2947 4639 Μὴ
3004 4570 3156 4646 γίνου
3218 4570 3486 4647 μάχιμος,
3522 4572 3598 4643 μὴ
3651 4572 3826 4627 τὶτττε

395 4666 715 4733 hominem,
749 4665 863 4721 nisi
897 4680 1142 4737 puerum
1176 4668 1346 4719 tuum
1380 4661 1625 4727 modice,
1659 4659 2050 4715 institutionis

395 4773 595 4827 causa,
627 4756 803 4827 idque
832 4759 1027 4809 tamen
1079 4769 1214 4808 cum
1270 4751 1688 4814 moderatione,
1736 4765 1947 4804 cavens
1978 4766 2050 4805 ne

396 4845 531 4900 hinc
564 4844 747 4899 caedes
769 4838 1516 4913 consequatur,complures
1549 4839 1705 4894 enim
1738 4842 2049 4893 suntmor-

396 4934 474 4989 tis
499 4931 1167 4989 occasiones.Neminem
1195 4931 1527 4985 subsannes
1551 4946 1563 4984 :
1591 4943 1661 4982 ne
1691 4943 2050 4999 quemquam

394 5021 726 5079 vestimenti
758 5037 936 5076 causa
979 5017 1307 5075 detesteris.
1341 5017 1603 5073 Modesto
1634 5021 1796 5070 utere
1826 5015 2049 5081 habitu,

398 5127 585 5183 neque
616 5109 897 5166 mollibus
915 5108 1510 5177 vestimentis.neque
1542 5122 1672 5161 cum
1706 5106 2053 5160 indumento

396 5202 496 5275 qui
526 5204 864 5257 sanctorum
893 5214 1024 5254 esse
1068 5196 1328 5252 virorum
1356 5196 1640 5263 videatur,
1674 5194 1910 5250 sordido
1941 5192 2053 5249 sci-

473 5365 518 5401 ίθ
547 5361 569 5419 Ι
600 5365 724 5418 Cor.
761 5378 845 5432 ιιι,
880 5360 966 5415 19.

495 5522 588 5739 31ξ
625 5522 665 5577 1.
695 5516 1054 5645 προαγὲραζε.

496 5596 566 5651 32
621 5594 662 5648 Ι.
696 5588 884 5664 μεταδι
922 5610 1005 5645 ου.

495 5668 563 5724 33
616 5664 775 5721 Hanc
804 5679 998 5721 vocem
1032 5660 1049 5716 i

496 5588 588 5664 32)
621 5594 662 5648 Ι.
696 5588 1005 5664 μεταδίδου.

473 5653 585 5737 (33)
616 5653 775 5721 Hanc
804 5679 998 5721 vocem
1032 5660 1109 5717 ita
1135 5659 1276 5734 legit
1306 5658 1520 5715 Suidas
1549 5656 1642 5716 bis
1678 5653 2049 5731 ὲνδυομενυία,

2161 4657 2470 4735 ἄνθρωπον,
2499 4660 2532 4728 ἢ
2570 4657 2732 4733 μόνον
2760 4657 2975 4715 παιδίον
3007 4681 3102 4715 σου
3137 4661 3328 4737 μικρὸν
3360 4661 3500 4737 πρὸς
3541 4658 3825 4727 παιδείαν,

2157 4749 2247 4803 καὶ
2291 4747 2420 4803 αὐτὸ
2474 4750 3031 4825 παρατετηρημὲνως,
3065 4750 3280 4804 σκοπῶν
3333 4751 3534 4822 μήπως
3584 4747 3675 4804 διὰ
3725 4755 3826 4804 σοῦ

2161 4836 2321 4914 φόνος
2368 4837 2606 4913 γένηταισ
2660 4835 2867 4893 πολλαὶ
2917 4838 3017 4914 γάρ
3070 4836 3199 4893 slew
3262 4838 3504 4915 ἀφορμαὶ
3534 4842 3632 4892 τοῦ
3662 4840 3829 4893 θανά-

2158 4948 2279 4982 του.
2313 4927 2401 4994 Μὴ
2467 4928 2767 5001 μυκτήριζε
2816 4925 2990 4982 πάντα
3046 4924 3351 5001 ἄνθρωπον
3387 4929 3462 4999 μὴ
3520 4924 3828 5003 βδελύσσου

2159 5015 2280 5069 τινὰ
2352 5014 2460 5069 ἀπὸ
2550 5017 2850 5091 σχήματος
2886 5035 2900 5048 ·
2963 5017 3501 5092 παρατετηρημένως
3573 5014 3673 5091 ἔχε
3724 5018 3831 5085 τήν

2162 5103 2381 5173 ἐσθῆτα,
2438 5105 2579 5176 μήτε
2669 5102 2940 5176 μαλακοῖς
3020 5104 3309 5180 χρώμενος
3359 5104 3626 5177 ἱματίοις,
3689 5107 3832 5177 μήτε

2163 5190 2347 5261 ἐσθῆτι
2398 5192 2711 5276 φαινομένη
2756 5189 2979 5248 δικαίων
3042 5189 3385 5266 ἐνδυομενυία
3413 5195 3551 5267 (33),
3582 5193 3833 5248 τουτέστι

2161 5530 2267 5571 nec
2300 5512 2504 5587 dubito
2534 5514 2865 5587 itaihaberi
2899 5516 2959 5571 in
3009 5516 3208 5573 codice
3256 5532 3372 5587 quo
3416 5532 3563 5571 usus
3613 5518 3703 5571 est
3732 5514 3819 5570 Cl.

2159 5586 2476 5655 Arnoldus,
2492 5587 2599 5661 qui
2626 5586 2769 5659 legit
2788 5584 3431 5661 ἐνδυσμενυὶαηριιόοιίνο
3457 5593 3549 5643 est
3575 5586 3636 5641 in

2161 5601 2594 5659 Arnomus,qm
2626 5601 2769 5659 legit
2788 5601 3155 5661 ενουσμενυια.
3177 5601 3431 5644 Prochve
3457 5601 3549 5643 est
3575 5603 3636 5641 ω

2161 5678 2189 5713 ο
2221 5675 2325 5732 pro
2356 5678 2388 5712 σ
2415 5657 2624 5732 accipi,
2656 5675 2789 5717 cum
2850 5658 3075 5717 librarii
3121 5659 3218 5716 ubi
3273 5664 3545 5717 currente
3588 5601 3822 5725 ex
