4080 6206
266 427 375 487 8-H

1513 426 1944 488 SYNTAGMA
1985 427 2432 488 DOCTRINAS.

3555 433 3673 492 842

262 557 522 632 ῥυπαροις
553 555 991 631 προερχόμενος.
1027 554 1236 610 Σάκκον
1284 554 1341 612 δὲ
1367 556 1452 611 ἐὰν
1486 552 1644 632 ἔχῃς,
1673 555 1765 610 ’ίνα
1795 577 1906 611 πεν-

2034 557 2169 612 licet
2197 557 2429 627 vestitu,
2466 559 2854 630 progrediare.
2891 561 3135 615 Saccum
3169 558 3216 615 si
3248 559 3555 627 habeas,ut
3577 566 3681 617 tua

259 652 360 723 θῇς
392 649 488 710 τὰς
538 647 804 723 ἁμαρτίας
857 668 974 715 σου,
1007 642 1193 702 σκόπει
1232 648 1306 719 μὴ
1343 647 1482 725 φανῇ
1513 669 1608 701 σου
1635 649 1663 701 ὁ
1696 649 1912 719 σάκκος,

260 737 390 793 ἀλλ’
421 736 559 792 ἔστω
589 736 960 808 κεκρυμμένος
983 733 1108 790 ἔσω.
1144 734 1246 790 Καί
1282 738 1420 808 μήτε
1451 733 1689 812 δέρματα
1717 737 1916 809 ἀμφιά-

257 833 374 896 ζου,
411 828 609 898 μήπως
645 823 798 894 δόξαν
835 825 979 900 παρὰ
1008 824 1303 898 ἀνθρώπων
1338 825 1509 898 λήψῃ.
1561 824 1748 887 ’Ὁλως
1796 825 1910 897 τρί-

252 935 362 990 χας
395 915 471 988 μὴ
502 912 908 990 τρέφε·έξέκοψε
931 912 1030 988 γὰρ
1056 914 1121 966 τὸ
1152 917 1397 967 τοιοῦτον
1430 920 1622 988 σχῆμα
1655 915 1680 966 ὁ
1715 914 1915 968 Ἀπόσ-

252 1004 446 1065 τολος·
485 1005 560 1076 μὴ
594 1005 735 1076 ξυρῶ
764 1002 827 1056 τὸ
856 1002 1088 1077 γένειον,
1116 1002 1204 1056 καὶ
1237 1003 1311 1074 μὴ
1360 1001 1758 1078 περικουρείοις
1793 1007 1916 1077 χρῶ

253 1093 596 1169 κειρόμενος.

328 1187 385 1240 5.
419 1182 478 1235 Εἰ
513 1179 729 1235 δύνασαι
761 1179 849 1233 καὶ
883 1173 1159 1252 ἑϐδομάδα
1188 1179 1487 1250 νηστεύειν.
1552 1177 1744 1252 μηδενὶ
1799 1177 1907 1234 δεί-

248 1293 402 1329 κνυε.
438 1275 619 1347 Κρεῖον
653 1271 885 1344 ἀπέχου,
919 1267 1027 1344 οὐχ
1056 1270 1131 1330 ὡς
1186 1267 1639 1345 βδελυσσόμενος,
1674 1268 1799 1324 ἀλλ’
1832 1270 1906 1331 ὡς

247 1361 574 1416 ἀνακόπτων
622 1359 684 1412 τὸ
731 1363 890 1420 σῶμα
935 1361 1038 1422 τῆς
1083 1363 1314 1436 τροφῆς,
1357 1359 1445 1412 καὶ
1479 1359 1689 1429 ἀνάξιον
1723 1360 1908 1413 ἑαυτὸν

246 1451 587 1524 ἡγούμενος,
619 1447 710 1502 καὶ
741 1447 858 1502 ἀντὶ
891 1451 998 1501 τῶν
1033 1445 1285 1521 ἐπιγείων
1315 1452 1423 1502 τῶν
1457 1447 1745 1520 οὐρανίων,
1781 1448 1906 1524 ὀρε-

244 1542 507 1617 γόμενον.
547 1543 654 1599 lli;
685 1537 787 1611 γὰρ
825 1537 1126 1609 μετριάζων
1161 1533 1416 1609 δαψιλείᾳ
1444 1535 1679 1613 τροφῶν,
1718 1537 1910 1612 βοηθεῖ

243 1634 330 1700 τῷ
373 1627 584 1699 σώματι
631 1625 796 1680 αὗτοῦ
845 1625 980 1700 πρὸς
1023 1623 1356 1699 ἐγκράτειαν.
1412 1623 1578 1682 Οἶ¹νου
1627 1622 1773 1686 ὃλως
1829 1625 1904 1697 μὴ

247 1711 520 1790 λάμϐανε,
554 1716 587 1784 ἣ
625 1711 790 1786 μόνον
822 1713 1068 1787 γεύεσθαι
1104 1713 1193 1767 καὶ
1229 1711 1475 1787 εὐλογεῖν
1506 1714 1597 1768 τὸν
1631 1713 1903 1768 κτίσαντα.

245 1807 375 1860 Ἐάν
411 1801 466 1858 δὶ
497 1803 585 1857 καὶ
620 1802 705 1872 σὺ,
738 1800 918 1875 ὥσπερ
951 1800 1243 1873 Τιμόθεος,
1278 1799 1366 1856 διὰ
1393 1803 1490 1869 τήν
1539 1800 1759 1870 πολλὴν
1805 1823 1906 1856 πο-

249 1893 460 1949 λιτείαν
508 1892 690 1952 νόσοις
739 1891 1051 1965 περιπέσῃς,
1104 1889 1278 1966 ὀλίγῳ
1328 1887 1458 1963 οἷ’νῳ
1505 1895 1648 1966 χρῶ·
1698 1891 1762 1946 τὸ
1802 1893 1905 1967 γὰρ
1939 1931 1986 1996 Β

262 1982 307 1996 9‘
338 1984 350 1996 ι
538 1983 550 1996 Ι
725 1976 736 1992 Ῑ
803 1979 817 1996 9
973 1979 1021 1996 ’,Ι
1305 1978 1363 1996 \\
1387 1984 1413 1994 ο
1461 1977 1505 1996 λι
1607 1979 1620 1996 9
1670 1985 1696 1994 ιν
1854 1980 1864 1996 ρ

251 1982 450 2057 ὀλίγον
484 1976 764 2057 φάρμακόν
799 1979 941 2034 ἐστιν
973 1979 1186 2042 ida-stoc
1228 1978 1428 2052 πολλῷ
1458 1977 1515 2034 δὲ
1564 1979 1708 2051 αὐτῷ
1754 1980 1912 2056 χρώ..

255 2093 449 2144 μενος,
504 2070 814 2147 ἀμφοτέρας
865 2068 1134 2130 ἀσθενείας
1190 2069 1410 2123 σεαυτὸν
1466 2063 1799 2142 περιϐαλεῖς’
1863 2069 1908 2124 εἰ

251 2159 315 2215 δὲ
351 2159 452 2221 ἕως
485 2160 601 2220 eis;
633 2158 898 2233 ποτηρίου
930 2159 964 2226 ἢ
999 2156 1116 2228 830,
1150 2157 1400 2233 περισσὸν
1436 2155 1501 2227 δὴ
1556 2160 1654 2230 μή.
1709 2157 1766 2212 Εἰ
1817 2155 1907 2212 δυ-

247 2250 418 2304 νατόν
492 2269 574 2302 σοι
640 2244 972 2301 ἀνυπόδοτον
1048 2249 1160 2318 (34)
1236 2243 1462 2317 ὁδεύειν,
1527 2247 1780 2322 γενναίως
1834 2246 1910 2301 ἐν·

249 2340 513 2413 ηχθήσῃο
572 2336 615 2390 εἶ
667 2333 723 2390 δὲ
770 2335 976 2410 ἀνάγκη
1021 2333 1128 2388 ἐστὶ
1160 2336 1370 2397 πάντως
1405 2333 1739 2408 ὑποδέεσθαι,
1773 2335 1910 2409 ψιλᾶ

247 2427 466 2482 ἔσονταί
523 2447 618 2480 σου
665 2425 730 2480 τὰ
780 2421 1124 2496 ὑποδήματα·
1175 2425 1263 2478 καὶ
1312 2425 1387 2498 μὴ
1434 2423 1556 2479 Θέλε
1613 2427 1907 2480 κατακεκοζ

247 2515 567 2588 σμημένοις
611 2511 959 2585 ὑποδήμασιν
1011 2515 1329 2587 ὲταιρισμοῦ
1379 2515 1656 2589 σχήμασιν
1691 2513 1906 2588 ἐπαιρέ-

247 2603 462 2669 δεσθαι.
521 2609 647 2665 Τοῖς
694 2606 958 2678 παροῦσιν
1009 2599 1195 2676 ἆρκοῦ.
1250 2601 1346 2656 Καὶ
1396 2601 1480 2657 ἐάν
1513 2602 1906 2678 περισσοτέρων

243 2698 428 2767 κρεῶν
478 2690 567 2746 καί
616 2687 776 2745 οΫνων
845 2689 978 2766 ἔχῃς
1036 2689 1337 2763 πολιτείαν,
1384 2690 1473 2745 καὶ
1529 2691 1764 2766 ἆαέλθῃς
1821 2691 1907 2746 ἐπὶ

241 2784 432 2853 ξένης,
469 2783 544 2854 μή
579 2779 814 2854 Θελτςοῃς
864 2779 1050 2834 ἑαυτὸν
1101 2781 1423 2851 κομπάζειν,
1483 2778 1608 2835 ἀλλ’
1661 2777 1771 2842 ἴσος
1822 2781 1909 2856 γί-

242 2893 352 2926 νου
378 2875 498 2931 τοῖς
531 2867 808 2948 ἀδελφοῖς·
842 2868 977 2935 οἷον,
1023 2867 1108 2922 ἐὰν
1161 2866 1212 2921 έν
1271 2866 1534 2943 λαχάνοις
1591 2869 1905 2944 χρώμενος,

241 2961 345 3015 καὶ
402 2959 670 3032 ἑψήμασι,
727 2956 818 3011 καὶ
877 2956 919 3011 εἰ
977 2956 1211 3030 ἀνάγκη,
1258 2956 1423 3031 γάρον
1483 2955 1698 3028 ἐσθίειν,
1755 2957 1908 3026 ἣκαὶ

248 3049 455 3124 ἰχθύος
510 3040 942 3120 μεταλαμϐάνειν
1007 3043 1093 3099 ἐὰν
1135 3043 1320 3119 Θέλῃς·
1352 3042 1456 3107 ἓως
1486 3045 1681 3100 τούτου
1715 3046 1905 3118 μόνου,

245 3138 348 3193 xvi
390 3135 558 3191 πάλιν
610 3129 846 3190 ἀνάλαϐε
894 3135 994 3203 τήν
1035 3133 1259 3209 πρώτην
1307 3135 1554 3203 ἄσκησιν.
1587 3133 1783 3208 Πάλιν,
1818 3135 1905 3190 ἐὰν

247 3225 640 3303 ἀρῥωστήσῃς,
670 3223 760 3277 καὶ
791 3217 961 3297 λάϐῃς
991 3222 1128 3291 ὠοῦ,
1160 3222 1396 3294 ἁμαρτία
1426 3223 1525 3277 οὐκ
1573 3221 1736 3278 ἔστιν*
1772 3224 1817 3278 εἷ
1851 3223 1908 3280 δὲ

2027 647 2235 718 lugeas
2270 655 2528 718 peccata,
2573 665 2708 702 cave
2741 665 2811 702 ne
2855 665 3059 703 saccus
3089 647 3188 702 ille
3231 649 3519 719 videatur,
3577 653 3678 706 sed

2027 737 2408 792 absconditus
2439 738 2516 791 sit
2545 737 2811 791 interius.
2841 737 2919 791 Ne
2948 736 3195 808 pellibus
3220 739 3302 793 sis
3334 739 3683 808 amictus,ut

2029 843 2098 879 ne
2129 827 2198 879 ab
2232 826 2572 880 hominibus
2604 826 2851 897 gloriam
2887 828 3125 883 referas.
3154 827 3406 899 Capillos
3429 846 3499 883 ne
3530 829 3672 885 alas:

2027 915 2321 983 ejusmodi
2357 916 2572 986 quippe
2601 921 2871 969 ornatum
2925 916 3188 986 praecidit
3234 917 3548 988 Apostolus
3577 921 3621 954 ²⁰
3657 937 3670 975 :

2026 1003 2106 1057 Ne
2140 1004 2383 1058 tondeas
2418 1008 2702 1072 mentum,
2738 1020 2925 1074 neque
2955 1004 3450 1092 circumtonsione
3485 1013 3669 1063 utare.

2091 1183 2142 1234 4.
2174 1181 2231 1235 Si
2267 1181 2454 1249 possis
2483 1180 2570 1235 vel
2607 1181 2974 1236 hebdomade
3009 1182 3232 1252 integra
3257 1185 3669 1255 jejunare,ne-

2020 1269 2163 1323 mini
2196 1270 2250 1323 id
2285 1270 2562 1325 declares.
2595 1273 2640 1324 A
2671 1271 2946 1325 carnibus
2965 1272 3336 1335 abstine,non
3354 1277 3416 1327 ut
3445 1275 3542 1344 qui
3569 1291 3668 1329 eas

2020 1357 2346 1426 detesteris,
2381 1359 2481 1413 sed
2517 1363 2580 1412 ut
2610 1360 2704 1428 qui
2738 1360 2964 1431 corpori
2997 1361 3157 1414 cibos
3191 1361 3669 1435 detrahas,teque

2018 1445 2327 1519 indignum
2361 1464 2426 1502 eo
2457 1448 2732 1515 mstimes,
2769 1454 2941 1521 atque
2996 1453 3362 1505 terrenorum
3399 1451 3522 1506 loco
3555 1469 3667 1507 coe-

2020 1535 2188 1591 lestia
2216 1537 2760 1607 appetas.Quisquis
2792 1539 2945 1592 306
2977 1539 3130 1592 enim
3165 1539 3221 1594 in
3255 1540 3518 1596 ciborum
3551 1541 3673 1597 lau-

2019 1624 2146 1678 titia
2199 1627 2437 1680 modum
2489 1631 2668 1690 tenet,
2701 1626 2792 1681 his
2842 1627 3068 1698 corpori
3128 1627 3236 1684 fert
3286 1646 3454 1699 opem
3506 1635 3570 1685 ut
3609 1647 3672 1686 se

2018 1714 2316 1768 continere
2351 1715 2556 1785 possit.
2591 1718 2634 1768 A
2665 1714 2796 1769 vino
2830 1715 2996 1786 plane
3047 1717 3296 1782 abstine,
3331 1717 3442 1772 nisi
3476 1718 3668 1774 solum

2018 1807 2081 1856 ut
2112 1803 2406 1875 degustes,
2439 1808 2496 1858 et
2526 1804 2780 1859 Creatori
2814 1805 2942 1874 ejus
2967 1805 3298 1861 bencdicas.
3319 1807 3478 1869 Quod
3512 1809 3560 1862 si
3588 1817 3668 1873 tu,

2017 1892 2521 1961 quemadmodum
2553 1892 3000 1963 Timotheus,ob
3026 1893 3272 1950 nimiam
3306 1895 3670 1951 exercitatio-

2021 1997 2153 2035 nem
2190 1981 2245 2036 in
2279 1983 2517 2038 morbos
2554 1982 2851 2047 incideris,
2887 1983 3016 2036 vino
3050 1983 3277 2039 modico
3309 1990 3491 2052 utere,
3528 2002 3662 2040 nam

2020 2085 2190 2140 parce
2239 2074 2544 2141 sumptum
2594 2069 2882 2125 medicina
2933 2075 3065 2139 est;
3102 2073 3190 2127 sin
3240 2073 3426 2129 multo
3476 2078 3661 2142 utare,

2019 2161 2300 2230 utrasque
2330 2159 2432 2212 tibi
2467 2158 2840 2214 infirmitates
2871 2159 3112 2216 induces
3148 2178 3161 2216 :
3196 2162 3264 2216 ad
3319 2180 3501 2217 unum
3532 2179 3665 2219 vero

2017 2246 2104 2302 vel
2131 2248 2247 2304 duo
2276 2249 2484 2320 pocula
2515 2247 2695 2304 bibito
2726 2265 2913 2318 neque
2946 2249 3220 2321 amplius.
3252 2253 3309 2306 Si
3340 2251 3534 2307 valeas
3565 2270 3670 2308 nu-

2018 2336 2108 2391 dis
2137 2335 2403 2391 incedere
2435 2337 2987 2408 pedibus,generose
3009 2343 3062 2393 te
3084 2340 3238 2410 geris
3265 2357 3278 2407 ;
3313 2341 3402 2395 sin
3438 2342 3543 2396 tibi
3571 2358 3670 2398 ne-

2020 2425 2265 2480 cessitas
2296 2424 2468 2496 plane
2503 2426 2676 2480 fuerit
2710 2431 2773 2481 ut
2815 2427 3038 2483 calceos
3091 2445 3315 2496 sumas,
3375 2429 3667 2502 simplicia

2018 2511 2122 2566 tibi
2157 2518 2332 2568 sunto
2361 2513 2754 2570 calceamenta
2789 2533 2800 2569 :
2835 2514 2951 2570 noli
2985 2518 3206 2572 ornatis
3255 2517 3666 2576 calceamentis

2019 2602 2374 2658 amasiorum
2416 2619 2573 2658 more
2592 2607 2646 2658 te
2675 2604 3033 2660 elI'erre.Sint
3064 2607 3166 2660 tibi
3203 2623 3292 2662 res
3325 2607 3540 2678 quaevis
3564 2610 3666 2664 ob-

2017 2691 2119 2745 viae
2153 2692 2316 2746 satis.
2354 2691 2594 2747 Etiamsi
2617 2693 2892 2748 carnibus
2916 2697 2971 2748 et
2992 2693 3122 2749 vino
3147 2701 3426 2767 tanquam
3460 2714 3665 2767 super-

2018 2781 2285 2835 vacaneis
2318 2781 2611 2836 abstinere
2639 2781 2828 2837 soleas
2859 2798 2925 2837 ex
2956 2782 3226 2838 instituto
3259 2789 3377 2850 tuo,
3412 2802 3543 2839 cum
3579 2791 3665 2840 ta-

2022 2885 2150 2923 men
2184 2869 2239 2923 in
2275 2870 2642 2942 peregrinam
2677 2870 2971 2942 regionem
3007 2872 3389 2939 concesseris,
3439 2873 3561 2928 noli
3605 2878 3661 2928 te

2010 2957 2254 3027 jactare,
2287 2960 2385 3013 sed
2419 2964 2542 3014 esto
2576 2959 2854 3014 fratribus
2895 2959 3158 3031 aqualis,
3191 2959 3446 3016 oleribus
3502 2963 3662 3017 vide-

2018 3046 2152 3102 licet
2181 3052 2372 3113 utens,
2408 3048 2704 3120 coctisque
2734 3049 3025 3113 cibis,imo
3051 3050 3098 3104 si
3131 3066 3435 3105 necessum
3462 3051 3538 3106 sit
3559 3068 3662 3124 ga-

2020 3153 2148 3191 rum
2182 3137 2418 3191 comede
2449 3142 2503 3191 et
2535 3137 2688 3208 pisce
2720 3154 2966 3202 vescere,
2990 3137 3040 3193 si
3070 3138 3321 3194 volueris
3349 3157 3362 3208 ;
3395 3141 3495 3194 sed
3532 3158 3663 3212 pro-

2018 3242 2086 3281 ea
2115 3224 2236 3280 vice
2267 3225 2553 3294 solum,ac
2587 3243 2822 3281 rursum
2850 3227 3160 3298 pristinam
3186 3245 3417 3284 resume
3447 3230 3664 3284 exerci-

248 3318 509 3388 ἡττηθῇς
559 3312 609 3368 έν
663 3315 732 3386 τῇ
775 3311 938 3384 νόσῳ,
988 3311 1099 3385 [καὶ
1149 3307 1317 3386 λάϐῃς
1346 3317 1588 3366 πετεινοῦ
1616 3312 1705 3367 καὶ
1737 3318 1906 3389 κρεῶν

2022 3315 2326 3370 tationem.
2360 3316 2417 3371 Si
2465 3320 2714 3387 aegrotus
2745 3333 2914 3371 ovum
2967 3317 3310 3387 comederis,
3361 3323 3664 3391 peccatum

233 3406 408 3477 (35),]
444 3401 670 3474 ἥττημα
699 3402 792 3473 μέν
829 3400 916 3454 σοί
946 3399 1078 3468 ἐστι,
1115 3403 1190 3473 μὴ
1224 3397 1416 3474 λογίσῃ
1449 3398 1504 3454 δὲ
1551 3400 1681 3455 αὐτὸ
1726 3403 1902 3476 ἁμαρ-

235 3493 386 3548 τίανο
423 3491 604 3546 λυποῦ
636 3487 713 3563 δὲ,
747 3488 830 3544 ὅτι
861 3489 1131 3558 ἀνεκόπης
1163 3510 1258 3543 σου
1304 3493 1403 3554 τῆς
1459 3487 1756 3560 πολιτείας,
1812 3491 1902 3546 καὶ

236 3581 644 3661 ὖπεχαλάσθης
672 3585 770 3636 τοῦ
803 3583 1019 3658 στερεοῦ
1053 3578 1346 3654 λογισμοῦ.

307 3852 362 3906 6.
398 3848 464 3904 ΕΞ
497 3843 555 3901 δὲ
587 3845 675 3901 ἐπὶ
707 3845 846 3918 νόσῳ
877 3845 1240 3920 ἀναγκασθῇς,
1273 3842 1492 3921 λουτρῷ
1534 3847 1743 3922 χρήσῃ,
1793 3843 1896 3909 ἕως

228 3939 376 4008 ἅπαξ
437 3939 530 3993 καὶ
590 3934 692 3998 δίς·
758 3935 1007 4010 ὑγιαίνων
1070 3932 1148 4002 Si,
1232 3934 1521 4010 βαλανείου
1592 3937 1654 3990 οὐ
1707 3936 1894 4012 χρείαν

226 4028 408 4103 ἔχειςσ
466 4026 541 4080 Σὺ
590 4027 618 4081 ὁ
670 4025 918 4098 μονάζων
968 4023 1056 4078 καὶ
1102 4023 1274 4093 ἱερεὺς
1306 4025 1599 4099 χαμευνίαν
1636 4023 1780 4092 θέλε,
1808 4025 1895 4079 ἐὰν

224 4117 304 4190 ᾖς
342 4117 520 4192 ὑγιής·
557 4114 664 4189 πρὸ
695 4113 889 4174 παντὸς
923 4109 980 4166 δὲ
1008 4113 1210 4187 τέχνην
1240 4111 1560 4187 ἐπιχειρεῖν.
1607 4116 1696 4167 Ἐν
1743 4113 1897 4189 ἀγρῷ

226 4206 499 4281 ἐργάζου,
559 4201 642 4256 ἵνα
695 4203 770 4274 μή
821 4200 1001 4274 ἐσθίῃς
1050 4199 1215 4276 ἄρτον
1261 4199 1443 4276 ἀργόνο
1497 4200 1708 4274 μᾶλλον
1757 4199 1813 4256 δὲ
1843 4201 1902 4256 ἐκ

222 4300 351 4349 τῶν
385 4296 593 4367 χειρῶν
639 4311 736 4344 σου
785 4285 880 4364 ἔχε
929 4289 1062 4365 πρὸς
1101 4288 1162 4342 τὸ
1193 4288 1480 4342 ἀναπαύειν
1515 4286 1783 4367 ἀδελφοὺς
1811 4291 1900 4344 καὶ

223 4383 450 4453 ξένους,
483 4379 571 4433 καὶ
604 4378 648 4433 εἰ
681 4375 928 4447 δυνατὸν,
961 4379 1162 4452 χήρας,
1197 4376 1285 4430 καί
1324 4376 1612 4454 ὀρφανοὺς,
1671 4378 1761 4431 καὶ
1813 4399 1904 4450 με·

218 4472 452 4546 τρίους.
506 4467 602 4521 Καὶ
651 4467 696 4521 εἰ
750 4468 845 4539 μὶν
881 4465 1074 4540 μεταξὺ
1101 4471 1208 4520 τῶν
1241 4466 1541 4541 ἀνθρώπων
1577 4466 1766 4535 οἰκεῖς,
1814 4467 1903 4521 καὶ

227 4559 403 4635 ἔχεις
462 4554 695 4633 χωρίον,
754 4554 878 4625 ἤτοι
940 4555 1206 4630 γεώργιον
1282 4553 1616 4630 ἐργάζεσθαι’
1681 4552 1902 4617 δικαίως

222 4647 490 4722 συνάγων
546 4644 805 4719 καρποὺς,
862 4643 952 4698 καὶ
1006 4645 1080 4716 μή
1134 4642 1277 4718 ἔχων
1328 4664 1380 4697 τι
1427 4640 1659 4716 ἀδικίας,
1687 4649 1902 4720 πρῶτον

223 4740 339 4810 μὲν
389 4735 486 4796 τάς
535 4733 783 4808 ἀπαρχάς
827 4739 944 4794 τοῖς
1000 4734 1200 4807 ἱερεῦσι
1250 4733 1540 4808 πρόσφερε,
1574 4729 1756 4787 ἔπειτα
1786 4732 1908 4788 Θέλε

221 4825 332 4881 καὶ
367 4825 555 4898 χήρας
613 4819 921 4891 ἀναπαύειν,
971 4820 1059 4874 καὶ
1111 4818 1374 4897 ὀρφανοὺς
1415 4820 1502 4874 καὶ
1536 4819 1768 4882 λοιποὺς
1802 4822 1906 4876 ἀπὸ

225 4914 477 4970 δικαίων
541 4911 746 4980 πόνων,
811 4910 885 4981 μὴ
958 4909 1063 4962 ἀπὸ
1118 4907 1293 4962 τόκων
1432 4907 1815 4982 πλεονασμῶν,
1874 4911 1908 4978 ἣ

227 4999 666 5076 πραγματειῶν,
697 5001 731 5067 ἢ
763 4996 1181 5070 διασεισμάτων.
1217 4997 1277 5052 Εἰ
1311 4995 1368 5052 δὲ
1412 4997 1488 5059 εἷς
1541 5000 1710 5069 μον-ὴν
1771 5011 1908 5063 καθ-

229 5093 365 5165 ἐζῃ,
408 5091 484 5162 μὴ
548 5083 725 5165 ἐϐριζε
772 5089 869 5155 τήν
917 5086 1144 5156 ἅινκτησιν
1188 5093 1287 5156 τῆς
1318 5089 1510 5159 μονῆς.
1546 5087 1667 5144 Ἐὰν
1701 5089 1910 5164 χωρίον

226 5181 536 5250 κέκτησαι,
571 5178 625 5233 ἐν
680 5175 1029 5253 μοναστηρίῳ
1073 5176 1396 5252 ἀναχωρῶν,
1446 5175 1544 5230 οὐκ
1592 5175 1910 5252 ἀνεχώρησὲ

229 5292 359 5342 σοι,
416 5267 540 5322 ἀλλ’
579 5265 859 5339 ἐμπαίζεις
913 5265 1001 5320 καὶ
1051 5264 1308 5340 ἐμπαίζῃ.
1355 5264 1720 5337 Καθεζόμενος
1773 5263 1830 5320 δὲ
1855 5266 1905 5320 ἐν

316 5435 366 5470 ²⁰
400 5433 532 5490 Cor.
565 5447 646 5498 χι,
679 5430 770 5488 44.

229 5604 542 5672 scribunt,
576 5607 640 5658 ut
669 5601 923 5657 litteram
956 5619 983 5652 ο
1019 5600 1400 5674 subsequenti
1435 5601 1914 5674 copulent,qu0d

228 5676 596 5752 properanti
628 5690 758 5752 mos
787 5677 898 5741 est,
930 5673 1179 5752 caudam
1212 5674 1358 5752 parti
1387 5673 1674 5748 superiori
1707 5673 1916 5731 litteras

237 5745 274 5804 ὸ
295 5745 566 5826 ponant,
600 5751 658 5803 et
689 5745 774 5801 sic
803 5764 835 5797 σ
864 5759 1012 5817 pene
1042 5746 1316 5802 referant.

584 5874 844 5935 ΡΛτιιοι.
895 5873 1006 5935 Gn.
1055 5871 1326 5934 XXVIII.

2016 3421 2128 3459 non
2164 3409 2273 3472 est;
2308 3405 2407 3460 sed
2441 3406 2488 3460 si
2523 3405 2578 3459 in
2610 3405 2811 3462 morbo
2842 3406 3395 3478 usqueeodejiciare
3413 3413 3474 3462 ut
3495 3425 3662 3464 avem

2011 3497 2067 3548 et
2096 3509 2302 3548 carnes
2333 3496 2623 3560 comedas,
2659 3495 2857 3551 minus
2890 3495 3127 3567 quidem
3162 3496 3478 3567 perfectum
3514 3497 3661 3552 illud

2011 3588 2136 3649 est;
2171 3599 2240 3637 ne
2269 3583 2551 3638 arbitrare
2576 3588 2770 3639 tamen
2817 3590 3120 3655 peccatum
3169 3601 3299 3641 esse
3331 3602 3343 3639 :
3379 3585 3479 3641 sed
3531 3585 3660 3641 dolo

2009 3671 2162 3743 quod
2193 3669 2509 3742 pristinum
2531 3671 2658 3726 vita:
2692 3671 3026 3726 institutum
3061 3689 3174 3727 non
3197 3671 3370 3744 plane
3401 3687 3663 3728 servave-

2008 3759 2110 3830 ris,
2144 3764 2201 3813 et
2226 3777 2258 3813 a
2291 3759 2459 3814 firmo
2490 3761 2788 3831 proposito
2819 3760 3080 3830 dejectus
3111 3760 3212 3816 sis.

2075 3850 2129 3903 6.
2164 3848 2221 3903 Si
2254 3848 2312 3902 in
2346 3850 2548 3904 morbo
2581 3849 2636 3902 id
2671 3849 2990 3903 necessitas
3015 3850 3415 3920 postulet,una
3445 3851 3546 3904 aut
3563 3847 3653 3903 al-

2005 3939 2130 3991 tera
2159 3937 2280 3992 vice
2311 3935 2516 3991 balneo
2551 3940 2733 4001 utere,
2761 3953 2944 3991 sanus
2975 3943 3165 3991 autem
3191 3937 3396 3992 balneo
3427 3953 3541 3992 non
3565 3936 3652 3990 in-

2009 4024 2192 4096 diges.
2223 4024 2307 4078 Tu
2343 4024 2621 4079 monache
2651 4031 2708 4079 et
2729 4025 3020 4091 sacerdos,
3057 4024 3222 4080 humi
3255 4025 3486 4091 cubato,
3507 4026 3650 4079 dum

2009 4130 2190 4168 sanus
2221 4129 2458 4185 corpore
2488 4113 2570 4167 sis
2602 4130 2614 4167 :
2649 4111 2709 4167 in
2743 4113 2949 4184 primis
2981 4130 3116 4168 vero
3148 4119 3329 4168 artem
3389 4112 3647 4184 aliquam

2010 4218 2296 4257 exerceas.
2335 4203 2394 4256 In
2426 4217 2564 4273 agro
2596 4201 2816 4267 labora,
2851 4218 2922 4256 ne
2975 4218 3184 4272 panem
3244 4202 3427 4258 otiose
3459 4219 3652 4257 come-

2011 4291 2135 4354 das;
2167 4291 2286 4345 imo
2316 4307 2385 4345 ex
2419 4307 2699 4346 manuum
2735 4297 2968 4345 tuarum
3004 4291 3200 4345 labore
3230 4290 3450 4346 habeas
3505 4292 3660 4346 unde

2014 4380 2218 4434 fratres
2253 4379 2626 4450 hospitesque
2657 4379 2901 4445 reficias,
2931 4385 2987 4434 et
3017 4381 3066 4434 si
3101 4379 3348 4435 facultas
3380 4382 3545 4446 ferat,
3575 4380 3660 4433 vi-

2015 4468 2184 4530 duas,
2215 4467 2511 4538 orphanos
2542 4473 2598 4522 et
2625 4484 2856 4537 egenos.
2893 4468 3054 4531 Quod
3098 4467 3147 4522 si
3198 4468 3350 4523 inter
3394 4468 3663 4523 homines

2015 4557 2302 4627 quosdam
2335 4556 2586 4621 habitas,
2619 4556 2841 4627 tibique
2874 4555 3037 4612 locus
3068 4573 3170 4611 seu
3221 4573 3358 4628 ager
3405 4557 3667 4628 suppetit

1940 4668 1982 4732 D
2017 4645 2085 4699 ad
2120 4643 2759 4711 laborandum,fructus
2785 4646 2944 4714 juste
2973 4646 3266 4716 etabsque
3299 4644 3418 4699 ulla
3450 4646 3666 4714 injuria

2019 4732 2295 4805 colliges;
2331 4732 2739 4805 primitiaeque
2768 4739 2902 4789 ante
2927 4734 3126 4789 omnia
3157 4734 3562 4788 sacerdotibus
3584 4733 3665 4789 of-

2019 4823 2168 4877 feras
2204 4840 2215 4878 :
2251 4821 2461 4877 dehinc
2493 4822 2704 4887 viduis,
2736 4822 3039 4892 orphanis,
3071 4822 3322 4893 aliisque
3356 4823 3565 4894 largire
3599 4839 3668 4877 ex

2007 4911 2189 4981 justis
2224 4910 2522 4965 laboribus
2555 4927 2669 4965 non
2695 4927 2763 4965 ex
2796 4913 3008 4976 fenore,
3043 4911 3129 4965 vel
3160 4928 3224 4965 ex
3259 4911 3439 4965 nimia
3468 4912 3662 4966 abun-

2018 5001 2237 5066 dantia,
2274 4999 2356 5054 vel
2382 5016 2449 5053 ex
2483 4999 2986 5071 negotiatione,vel
3017 5017 3086 5054 ex
3117 5000 3492 5054 tumultibus.
3525 4999 3582 5054 Si
3607 5001 3666 5054 in

2022 5090 2373 5146 monasterio
2405 5090 2589 5160 degis,
2625 5106 2694 5144 ne
2722 5090 3062 5143 monasterii
3093 5088 3365 5144 exercitia
3407 5095 3668 5144 contem-

2021 5196 2111 5234 ne.
2146 5178 2307 5244 Quod
2341 5178 2389 5232 si
2423 5194 2558 5232 cum
2590 5177 2649 5231 in
2713 5178 3139 5232 monasterium
3187 5177 3410 5233 secedis
3458 5193 3666 5250 agrum

2022 5267 2310 5341 possides,
2344 5281 2716 5338 nequaquam
2745 5265 2988 5330 secedis,
3022 5265 3122 5322 sed
3158 5265 3356 5322 illudis
3389 5269 3562 5337 atque
3592 5265 3669 5320 il-

2097 5601 2206 5670 (34)
2240 5594 2633 5666 Ἀνιδποδητον.

2095 5667 2206 5744 (33)
2241 5672 2368 5728 Hanc
2388 5671 2564 5728 verba
2595 5669 2763 5728 uncis
2794 5667 3022 5727 inclusa
3051 5667 3301 5726 restitui.

3274 5864 3352 5923 27
