  <div class='ocr_page' id='page_1' title='image "/cluster/home/n/w/nwhite01/storage/ocr_20150623/28/hvd.32044052794351/427.png"; bbox 0 0 4026 6204; ppageno 0'>
   <div class='ocr_carea' id='block_1_1' title="bbox 471 413 589 474">
    <p class='ocr_par' dir='ltr' id='par_1_1' title="bbox 471 413 589 474">
     <span class='ocr_line' id='line_1_1' title="bbox 471 413 589 474; baseline -0.008 0"><span class='ocrx_word' id='word_1_1' title='bbox 471 413 589 474; x_wconf 69' lang='grc'>843</span> 
     </span>
    </p>
   </div>
   <div class='ocr_carea' id='block_1_2' title="bbox 469 632 2120 707">
    <p class='ocr_par' dir='ltr' id='par_1_2' title="bbox 469 632 2120 707">
     <span class='ocr_line' id='line_1_2' title="bbox 469 632 2120 707; baseline -0.002 -17"><span class='ocrx_word' id='word_1_2' title='bbox 469 635 552 691; x_wconf 89' lang='lat' dir='ltr'>ita</span> <span class='ocrx_word' id='word_1_3' title='bbox 582 642 645 691; x_wconf 89' lang='lat' dir='ltr'>ut</span> <span class='ocrx_word' id='word_1_4' title='bbox 677 635 775 691; x_wconf 86' lang='lat' dir='ltr'>alii</span> <span class='ocrx_word' id='word_1_5' title='bbox 810 643 866 691; x_wconf 91' lang='lat' dir='ltr'>te</span> <span class='ocrx_word' id='word_1_6' title='bbox 895 635 1054 691; x_wconf 90' lang='lat' dir='ltr'>alant</span> <span class='ocrx_word' id='word_1_7' title='bbox 1085 654 1098 703; x_wconf 91' lang='lat'><strong>;</strong></span> <span class='ocrx_word' id='word_1_8' title='bbox 1133 637 1232 691; x_wconf 91' lang='lat' dir='ltr'>sed</span> <span class='ocrx_word' id='word_1_9' title='bbox 1267 653 1370 707; x_wconf 90' lang='lat' dir='ltr'>par</span> <span class='ocrx_word' id='word_1_10' title='bbox 1397 642 1488 691; x_wconf 89' lang='lat' dir='ltr'>est</span> <span class='ocrx_word' id='word_1_11' title='bbox 1540 640 1595 690; x_wconf 89' lang='lat' dir='ltr'>te</span> <span class='ocrx_word' id='word_1_12' title='bbox 1646 641 1749 692; x_wconf 87' lang='lat' dir='ltr'>aut</span> <span class='ocrx_word' id='word_1_13' title='bbox 1791 639 1978 690; x_wconf 86' lang='lat' dir='ltr'>artem</span> <span class='ocrx_word' id='word_1_14' title='bbox 2011 632 2120 688; x_wconf 89' lang='lat' dir='ltr'>ali-</span> 
     </span>
    </p>
   </div>
   <div class='ocr_carea' id='block_1_3' title="bbox 473 722 2120 797">
    <p class='ocr_par' dir='ltr' id='par_1_3' title="bbox 473 722 2120 797">
     <span class='ocr_line' id='line_1_3' title="bbox 473 722 2120 797; baseline -0.003 -16"><span class='ocrx_word' id='word_1_15' title='bbox 473 742 650 796; x_wconf 82' lang='lat' dir='ltr'>quam</span> <span class='ocrx_word' id='word_1_16' title='bbox 679 725 913 796; x_wconf 82' lang='lat' dir='ltr'>callere,</span> <span class='ocrx_word' id='word_1_17' title='bbox 947 731 1044 780; x_wconf 86' lang='lat' dir='ltr'>aut</span> <span class='ocrx_word' id='word_1_18' title='bbox 1075 727 1323 797; x_wconf 89' lang='lat' dir='ltr'>operari,</span> <span class='ocrx_word' id='word_1_19' title='bbox 1360 731 1423 781; x_wconf 88' lang='lat' dir='ltr'>ut</span> <span class='ocrx_word' id='word_1_20' title='bbox 1466 726 1874 797; x_wconf 88' lang='lat' dir='ltr'>quotidianum</span> <span class='ocrx_word' id='word_1_21' title='bbox 1907 723 2016 778; x_wconf 87' lang='lat' dir='ltr'>tibi</span> <span class='ocrx_word' id='word_1_22' title='bbox 2039 722 2120 776; x_wconf 92' lang='lat' dir='ltr'>ci-</span> 
     </span>
    </p>
   </div>
   <div class='ocr_carea' id='block_1_4' title="bbox 471 813 2118 886">
    <p class='ocr_par' dir='ltr' id='par_1_4' title="bbox 471 813 2118 886">
     <span class='ocr_line' id='line_1_4' title="bbox 471 813 2118 886; baseline -0.003 -16"><span class='ocrx_word' id='word_1_23' title='bbox 471 816 613 870; x_wconf 88' lang='lat' dir='ltr'>bum</span> <span class='ocrx_word' id='word_1_24' title='bbox 644 831 967 886; x_wconf 85' lang='lat' dir='ltr'>compares.</span> <span class='ocrx_word' id='word_1_25' title='bbox 1001 815 1059 870; x_wconf 88' lang='lat' dir='ltr'>Si</span> <span class='ocrx_word' id='word_1_26' title='bbox 1081 815 1350 885; x_wconf 87' lang='lat' dir='ltr'>juniores</span> <span class='ocrx_word' id='word_1_27' title='bbox 1381 819 1575 870; x_wconf 83' lang='lat' dir='ltr'>tecum</span> <span class='ocrx_word' id='word_1_28' title='bbox 1607 813 2118 884; x_wconf 83' lang='lat' dir='ltr'>fuerint,primum</span> 
     </span>
    </p>
   </div>
   <div class='ocr_carea' id='block_1_5' title="bbox 473 899 2118 976">
    <p class='ocr_par' dir='ltr' id='par_1_5' title="bbox 473 899 2118 976">
     <span class='ocr_line' id='line_1_5' title="bbox 473 899 2118 976; baseline -0.004 -17"><span class='ocrx_word' id='word_1_29' title='bbox 473 904 715 959; x_wconf 82' lang='lat' dir='ltr'>humilis</span> <span class='ocrx_word' id='word_1_30' title='bbox 745 909 889 971; x_wconf 85' lang='lat' dir='ltr'>esto,</span> <span class='ocrx_word' id='word_1_31' title='bbox 925 921 1109 973; x_wconf 89' lang='lat' dir='ltr'>neque</span> <span class='ocrx_word' id='word_1_32' title='bbox 1142 903 1420 973; x_wconf 81' lang='lat' dir='ltr'>magister</span> <span class='ocrx_word' id='word_1_33' title='bbox 1449 921 1578 959; x_wconf 88' lang='lat' dir='ltr'>esse</span> <span class='ocrx_word' id='word_1_34' title='bbox 1620 901 2038 976; x_wconf 80' lang='lat' dir='ltr'>optaveriszsed</span> <span class='ocrx_word' id='word_1_35' title='bbox 2070 899 2118 955; x_wconf 91' lang='lat' dir='ltr'>si</span> 
     </span>
    </p>
   </div>
   <div class='ocr_carea' id='block_1_6' title="bbox 470 989 2115 1060">
    <p class='ocr_par' dir='ltr' id='par_1_6' title="bbox 470 989 2115 1060">
     <span class='ocr_line' id='line_1_6' title="bbox 470 989 2115 1060; baseline -0.002 -13"><span class='ocrx_word' id='word_1_36' title='bbox 470 993 688 1047; x_wconf 87' lang='lat' dir='ltr'>videris</span> <span class='ocrx_word' id='word_1_37' title='bbox 706 993 934 1047; x_wconf 84' lang='lat' dir='ltr'>animas</span> <span class='ocrx_word' id='word_1_38' title='bbox 953 998 1053 1047; x_wconf 87' lang='lat' dir='ltr'>tua</span> <span class='ocrx_word' id='word_1_39' title='bbox 1083 992 1519 1048; x_wconf 81' lang='lat' dir='ltr'>conversatione</span> <span class='ocrx_word' id='word_1_40' title='bbox 1543 992 1793 1048; x_wconf 90' lang='lat' dir='ltr'>salutem</span> <span class='ocrx_word' id='word_1_41' title='bbox 1814 989 2115 1060; x_wconf 83' lang='lat' dir='ltr'>consequi,</span> 
     </span>
    </p>
   </div>
   <div class='ocr_carea' id='block_1_7' title="bbox 473 1079 2117 1153">
    <p class='ocr_par' dir='ltr' id='par_1_7' title="bbox 473 1079 2117 1153">
     <span class='ocr_line' id='line_1_7' title="bbox 473 1079 2117 1153; baseline -0.002 -17"><span class='ocrx_word' id='word_1_42' title='bbox 473 1086 648 1153; x_wconf 91' lang='lat' dir='ltr'>atque</span> <span class='ocrx_word' id='word_1_43' title='bbox 678 1081 928 1136; x_wconf 88' lang='lat' dir='ltr'>volueris</span> <span class='ocrx_word' id='word_1_44' title='bbox 955 1082 1214 1153; x_wconf 89' lang='lat' dir='ltr'>quinque</span> <span class='ocrx_word' id='word_1_45' title='bbox 1265 1081 1485 1136; x_wconf 89' lang='lat' dir='ltr'>talenta</span> <span class='ocrx_word' id='word_1_46' title='bbox 1532 1090 1766 1153; x_wconf 83' lang='lat' dir='ltr'>accepta</span> <span class='ocrx_word' id='word_1_47' title='bbox 1797 1079 2117 1151; x_wconf 89' lang='lat' dir='ltr'>duplicare,</span> 
     </span>
    </p>
   </div>
   <div class='ocr_carea' id='block_1_8' title="bbox 473 1167 2119 1242">
    <p class='ocr_par' dir='ltr' id='par_1_8' title="bbox 473 1167 2119 1242">
     <span class='ocr_line' id='line_1_8' title="bbox 473 1167 2119 1242; baseline -0.003 -16"><span class='ocrx_word' id='word_1_48' title='bbox 473 1171 703 1226; x_wconf 87' lang='lat' dir='ltr'>animas</span> <span class='ocrx_word' id='word_1_49' title='bbox 733 1188 872 1226; x_wconf 89' lang='lat' dir='ltr'>cura</span> <span class='ocrx_word' id='word_1_50' title='bbox 904 1177 1096 1226; x_wconf 85' lang='lat' dir='ltr'>tecum</span> <span class='ocrx_word' id='word_1_51' title='bbox 1125 1171 1788 1242; x_wconf 87' lang='lat' dir='ltr'>versantes,etjuniores</span> <span class='ocrx_word' id='word_1_52' title='bbox 1818 1167 2119 1240; x_wconf 87' lang='lat' dir='ltr'>compelle,</span> 
     </span>
    </p>
   </div>
   <div class='ocr_carea' id='block_1_9' title="bbox 472 1257 2120 1332">
    <p class='ocr_par' dir='ltr' id='par_1_9' title="bbox 472 1257 2120 1332">
     <span class='ocr_line' id='line_1_9' title="bbox 472 1257 2120 1332; baseline -0.002 -18"><span class='ocrx_word' id='word_1_53' title='bbox 472 1265 538 1315; x_wconf 90' lang='lat' dir='ltr'>ut</span> <span class='ocrx_word' id='word_1_54' title='bbox 567 1260 817 1332; x_wconf 89' lang='lat' dir='ltr'>quisque</span> <span class='ocrx_word' id='word_1_55' title='bbox 848 1276 1113 1315; x_wconf 78' lang='lat' dir='ltr'>seorsum</span> <span class='ocrx_word' id='word_1_56' title='bbox 1148 1260 1344 1331; x_wconf 82' lang='lat' dir='ltr'>degat,</span> <span class='ocrx_word' id='word_1_57' title='bbox 1376 1276 1560 1330; x_wconf 90' lang='lat' dir='ltr'>neque</span> <span class='ocrx_word' id='word_1_58' title='bbox 1593 1276 1709 1314; x_wconf 90' lang='lat' dir='ltr'>una</span> <span class='ocrx_word' id='word_1_59' title='bbox 1739 1257 2120 1313; x_wconf 81' lang='lat' dir='ltr'>confabulen-</span> 
     </span>
    </p>
   </div>
   <div class='ocr_carea' id='block_1_10' title="bbox 472 1348 2118 1420">
    <p class='ocr_par' dir='ltr' id='par_1_10' title="bbox 472 1348 2118 1420">
     <span class='ocr_line' id='line_1_10' title="bbox 472 1348 2118 1420; baseline -0.001 -18"><span class='ocrx_word' id='word_1_60' title='bbox 472 1354 588 1418; x_wconf 89' lang='lat' dir='ltr'>tur,</span> <span class='ocrx_word' id='word_1_61' title='bbox 621 1354 719 1402; x_wconf 88' lang='lat' dir='ltr'>aut</span> <span class='ocrx_word' id='word_1_62' title='bbox 757 1365 872 1403; x_wconf 92' lang='lat' dir='ltr'>una</span> <span class='ocrx_word' id='word_1_63' title='bbox 901 1353 1223 1413; x_wconf 85' lang='lat' dir='ltr'>versentur,</span> <span class='ocrx_word' id='word_1_64' title='bbox 1258 1356 1497 1420; x_wconf 86' lang='lat' dir='ltr'>excepta</span> <span class='ocrx_word' id='word_1_65' title='bbox 1540 1348 1731 1403; x_wconf 90' lang='lat' dir='ltr'>solum</span> <span class='ocrx_word' id='word_1_66' title='bbox 1768 1363 1991 1416; x_wconf 87' lang='lat' dir='ltr'>mensa,</span> <span class='ocrx_word' id='word_1_67' title='bbox 2024 1363 2118 1417; x_wconf 82' lang='lat' dir='ltr'>sy-</span> 
     </span>
    </p>
   </div>
   <div class='ocr_carea' id='block_1_11' title="bbox 470 1435 2120 1508">
    <p class='ocr_par' dir='ltr' id='par_1_11' title="bbox 470 1435 2120 1508">
     <span class='ocr_line' id='line_1_11' title="bbox 470 1435 2120 1508; baseline -0.002 -16"><span class='ocrx_word' id='word_1_68' title='bbox 470 1437 627 1502; x_wconf 83' lang='lat' dir='ltr'>naxi,</span> <span class='ocrx_word' id='word_1_69' title='bbox 659 1442 715 1493; x_wconf 86' lang='lat' dir='ltr'>et</span> <span class='ocrx_word' id='word_1_70' title='bbox 744 1437 1091 1508; x_wconf 85' lang='lat' dir='ltr'>psalmodia,</span> <span class='ocrx_word' id='word_1_71' title='bbox 1127 1443 1190 1491; x_wconf 89' lang='lat' dir='ltr'>ut</span> <span class='ocrx_word' id='word_1_72' title='bbox 1222 1437 1372 1492; x_wconf 91' lang='lat' dir='ltr'>inter</span> <span class='ocrx_word' id='word_1_73' title='bbox 1402 1437 1815 1492; x_wconf 91' lang='lat' dir='ltr'>dormiendum</span> <span class='ocrx_word' id='word_1_74' title='bbox 1865 1435 2120 1506; x_wconf 82' lang='lat' dir='ltr'>propriis</span> 
     </span>
    </p>
   </div>
   <div class='ocr_carea' id='block_1_12' title="bbox 467 1521 2121 1598">
    <p class='ocr_par' dir='ltr' id='par_1_12' title="bbox 467 1521 2121 1598">
     <span class='ocr_line' id='line_1_12' title="bbox 467 1521 2121 1598; baseline -0.003 -17"><span class='ocrx_word' id='word_1_75' title='bbox 467 1527 602 1598; x_wconf 86' lang='lat' dir='ltr'>quis</span> <span class='ocrx_word' id='word_1_76' title='bbox 641 1527 1006 1581; x_wconf 82' lang='lat' dir='ltr'>indumentis</span> <span class='ocrx_word' id='word_1_77' title='bbox 1038 1526 1291 1582; x_wconf 86' lang='lat' dir='ltr'>amictus</span> <span class='ocrx_word' id='word_1_78' title='bbox 1310 1527 1406 1596; x_wconf 91' lang='lat' dir='ltr'>sit,</span> <span class='ocrx_word' id='word_1_79' title='bbox 1431 1532 1488 1582; x_wconf 88' lang='lat' dir='ltr'>et</span> <span class='ocrx_word' id='word_1_80' title='bbox 1519 1526 1866 1582; x_wconf 87' lang='lat' dir='ltr'>sticharium</span> <span class='ocrx_word' id='word_1_81' title='bbox 1901 1521 2121 1594; x_wconf 86' lang='lat' dir='ltr'>singuli</span> 
     </span>
    </p>
   </div>
   <div class='ocr_carea' id='block_1_13' title="bbox 465 1611 2124 1685">
    <p class='ocr_par' dir='ltr' id='par_1_13' title="bbox 465 1611 2124 1685">
     <span class='ocr_line' id='line_1_13' title="bbox 465 1611 2124 1685; baseline -0.003 -16"><span class='ocrx_word' id='word_1_82' title='bbox 465 1631 1026 1685; x_wconf 89' lang='lat' dir='ltr'>suum,saccumque</span> <span class='ocrx_word' id='word_1_83' title='bbox 1045 1615 1459 1669; x_wconf 90' lang='lat' dir='ltr'>absconditum</span> <span class='ocrx_word' id='word_1_84' title='bbox 1479 1613 1919 1676; x_wconf 87' lang='lat' dir='ltr'>retineant,utsi</span> <span class='ocrx_word' id='word_1_85' title='bbox 1949 1611 2124 1665; x_wconf 86' lang='lat' dir='ltr'>fuerit</span> 
     </span>
    </p>
   </div>
   <div class='ocr_carea' id='block_1_14' title="bbox 466 1699 2122 1774">
    <p class='ocr_par' dir='ltr' id='par_1_14' title="bbox 466 1699 2122 1774">
     <span class='ocr_line' id='line_1_14' title="bbox 466 1699 2122 1774; baseline -0.002 -16"><span class='ocrx_word' id='word_1_86' title='bbox 466 1707 642 1758; x_wconf 90' lang='lat' dir='ltr'>noctu</span> <span class='ocrx_word' id='word_1_87' title='bbox 689 1705 1043 1767; x_wconf 85' lang='lat' dir='ltr'>oranduum,</span> <span class='ocrx_word' id='word_1_88' title='bbox 1075 1703 1260 1774; x_wconf 86' lang='lat' dir='ltr'>parati</span> <span class='ocrx_word' id='word_1_89' title='bbox 1304 1702 1698 1758; x_wconf 82' lang='lat' dir='ltr'>inveniantur.</span> <span class='ocrx_word' id='word_1_90' title='bbox 1730 1699 1923 1773; x_wconf 87' lang='lat' dir='ltr'>Vigila</span> <span class='ocrx_word' id='word_1_91' title='bbox 1952 1699 2122 1754; x_wconf 89' lang='lat' dir='ltr'>mode</span> 
     </span>
    </p>
   </div>
   <div class='ocr_carea' id='block_1_15' title="bbox 464 1789 2122 1862">
    <p class='ocr_par' dir='ltr' id='par_1_15' title="bbox 464 1789 2122 1862">
     <span class='ocr_line' id='line_1_15' title="bbox 464 1789 2122 1862; baseline -0.004 -16"><span class='ocrx_word' id='word_1_92' title='bbox 464 1796 584 1846; x_wconf 90' lang='lat' dir='ltr'>rate</span> <span class='ocrx_word' id='word_1_93' title='bbox 608 1791 666 1845; x_wconf 90' lang='lat' dir='ltr'>in</span> <span class='ocrx_word' id='word_1_94' title='bbox 699 1789 944 1862; x_wconf 88' lang='lat' dir='ltr'>psalmis</span> <span class='ocrx_word' id='word_1_95' title='bbox 972 1795 1030 1844; x_wconf 92' lang='lat' dir='ltr'>et</span> <span class='ocrx_word' id='word_1_96' title='bbox 1060 1789 1328 1862; x_wconf 81' lang='lat' dir='ltr'>precibus</span> <span class='ocrx_word' id='word_1_97' title='bbox 1362 1807 1374 1844; x_wconf 92' lang='lat'><strong>:</strong></span> <span class='ocrx_word' id='word_1_98' title='bbox 1411 1790 1666 1844; x_wconf 88' lang='lat' dir='ltr'>interdiu</span> <span class='ocrx_word' id='word_1_99' title='bbox 1695 1805 1827 1844; x_wconf 91' lang='lat' dir='ltr'>vero</span> <span class='ocrx_word' id='word_1_100' title='bbox 1855 1791 2122 1858; x_wconf 82' lang='lat' dir='ltr'>frequen-</span> 
     </span>
    </p>
   </div>
   <div class='ocr_carea' id='block_1_16' title="bbox 463 1877 2122 1950">
    <p class='ocr_par' dir='ltr' id='par_1_16' title="bbox 463 1877 2122 1950">
     <span class='ocr_line' id='line_1_16' title="bbox 463 1877 2122 1950; baseline -0.002 -16"><span class='ocrx_word' id='word_1_101' title='bbox 463 1885 555 1934; x_wconf 90' lang='lat' dir='ltr'>ter</span> <span class='ocrx_word' id='word_1_102' title='bbox 576 1896 698 1944; x_wconf 88' lang='lat' dir='ltr'>ora,</span> <span class='ocrx_word' id='word_1_103' title='bbox 731 1895 801 1932; x_wconf 89' lang='lat' dir='ltr'>ne</span> <span class='ocrx_word' id='word_1_104' title='bbox 833 1884 1026 1933; x_wconf 82' lang='lat' dir='ltr'>tamen</span> <span class='ocrx_word' id='word_1_105' title='bbox 1062 1879 1284 1950; x_wconf 82' lang='lat' dir='ltr'>prolixa</span> <span class='ocrx_word' id='word_1_106' title='bbox 1313 1878 1390 1933; x_wconf 89' lang='lat' dir='ltr'>sit</span> <span class='ocrx_word' id='word_1_107' title='bbox 1415 1879 1620 1940; x_wconf 88' lang='lat' dir='ltr'>oratio,</span> <span class='ocrx_word' id='word_1_108' title='bbox 1653 1893 1723 1932; x_wconf 89' lang='lat' dir='ltr'>ne</span> <span class='ocrx_word' id='word_1_109' title='bbox 1741 1877 2018 1940; x_wconf 88' lang='lat' dir='ltr'>clamosa,</span> <span class='ocrx_word' id='word_1_110' title='bbox 2052 1893 2122 1930; x_wconf 91' lang='lat' dir='ltr'>ne</span> 
     </span>
    </p>
   </div>
   <div class='ocr_carea' id='block_1_17' title="bbox 465 1966 2110 2038">
    <p class='ocr_par' dir='ltr' id='par_1_17' title="bbox 465 1966 2110 2038">
     <span class='ocr_line' id='line_1_17' title="bbox 465 1966 2110 2038; baseline -0.002 -15"><span class='ocrx_word' id='word_1_111' title='bbox 465 1967 787 2023; x_wconf 88' lang='lat' dir='ltr'>multorum</span> <span class='ocrx_word' id='word_1_112' title='bbox 811 1966 1194 2038; x_wconf 88' lang='lat' dir='ltr'>inaniumque</span> <span class='ocrx_word' id='word_1_113' title='bbox 1213 1966 1692 2022; x_wconf 88' lang='lat' dir='ltr'>verborum.Cum</span> <span class='ocrx_word' id='word_1_114' title='bbox 1715 1967 2110 2022; x_wconf 83' lang='lat' dir='ltr'>moderatione</span> 
     </span>
    </p>
   </div>
   <div class='ocr_carea' id='block_1_18' title="bbox 463 2054 2111 2126">
    <p class='ocr_par' dir='ltr' id='par_1_18' title="bbox 463 2054 2111 2126">
     <span class='ocr_line' id='line_1_18' title="bbox 463 2054 2111 2126; baseline 0 -16"><span class='ocrx_word' id='word_1_115' title='bbox 463 2055 860 2126; x_wconf 89' lang='lat' dir='ltr'>psallendum,</span> <span class='ocrx_word' id='word_1_116' title='bbox 893 2073 964 2110; x_wconf 93' lang='lat' dir='ltr'>ne</span> <span class='ocrx_word' id='word_1_117' title='bbox 996 2054 1265 2110; x_wconf 86' lang='lat' dir='ltr'>molestia</span> <span class='ocrx_word' id='word_1_118' title='bbox 1295 2055 1502 2111; x_wconf 66' lang='lat' dir='ltr'>animae</span> <span class='ocrx_word' id='word_1_119' title='bbox 1533 2056 2111 2111; x_wconf 81' lang='lat' dir='ltr'>afliciantur.Pueroe</span> 
     </span>
    </p>
   </div>
   <div class='ocr_carea' id='block_1_19' title="bbox 465 2144 2109 2217">
    <p class='ocr_par' dir='ltr' id='par_1_19' title="bbox 465 2144 2109 2217">
     <span class='ocr_line' id='line_1_19' title="bbox 465 2144 2109 2217; baseline -0.001 -19"><span class='ocrx_word' id='word_1_120' title='bbox 465 2145 536 2198; x_wconf 89' lang='lat' dir='ltr'>ad</span> <span class='ocrx_word' id='word_1_121' title='bbox 568 2144 870 2200; x_wconf 86' lang='lat' dir='ltr'>silentium</span> <span class='ocrx_word' id='word_1_122' title='bbox 904 2145 1167 2200; x_wconf 88' lang='lat' dir='ltr'>institue.</span> <span class='ocrx_word' id='word_1_123' title='bbox 1195 2147 1258 2199; x_wconf 92' lang='lat' dir='ltr'>ln</span> <span class='ocrx_word' id='word_1_124' title='bbox 1277 2161 1606 2217; x_wconf 90' lang='lat' dir='ltr'>cauponam</span> <span class='ocrx_word' id='word_1_125' title='bbox 1639 2160 1710 2199; x_wconf 93' lang='lat' dir='ltr'>ne</span> <span class='ocrx_word' id='word_1_126' title='bbox 1739 2160 2003 2215; x_wconf 85' lang='lat' dir='ltr'>unquam</span> <span class='ocrx_word' id='word_1_127' title='bbox 2025 2144 2109 2197; x_wconf 85' lang='lat' dir='ltr'>in-</span> 
     </span>
    </p>
   </div>
   <div class='ocr_carea' id='block_1_20' title="bbox 458 2233 2110 2305">
    <p class='ocr_par' dir='ltr' id='par_1_20' title="bbox 458 2233 2110 2305">
     <span class='ocr_line' id='line_1_20' title="bbox 458 2233 2110 2305; baseline 0.001 -18"><span class='ocrx_word' id='word_1_128' title='bbox 458 2233 724 2305; x_wconf 86' lang='lat' dir='ltr'>grediare</span> <span class='ocrx_word' id='word_1_129' title='bbox 752 2250 765 2300; x_wconf 89' lang='lat'><strong>;</strong></span> <span class='ocrx_word' id='word_1_130' title='bbox 801 2234 900 2289; x_wconf 89' lang='lat' dir='ltr'>sed</span> <span class='ocrx_word' id='word_1_131' title='bbox 934 2234 983 2290; x_wconf 90' lang='lat' dir='ltr'>si</span> <span class='ocrx_word' id='word_1_132' title='bbox 1015 2234 1334 2289; x_wconf 88' lang='lat' dir='ltr'>necessitas</span> <span class='ocrx_word' id='word_1_133' title='bbox 1363 2235 1420 2288; x_wconf 91' lang='lat' dir='ltr'>id</span> <span class='ocrx_word' id='word_1_134' title='bbox 1447 2233 1720 2305; x_wconf 86' lang='lat' dir='ltr'>postulet,</span> <span class='ocrx_word' id='word_1_135' title='bbox 1755 2234 1804 2288; x_wconf 90' lang='lat' dir='ltr'>si</span> <span class='ocrx_word' id='word_1_136' title='bbox 1835 2233 1896 2287; x_wconf 92' lang='lat' dir='ltr'>in</span> <span class='ocrx_word' id='word_1_137' title='bbox 1923 2237 2110 2288; x_wconf 85' lang='lat' dir='ltr'>extra-</span> 
     </span>
    </p>
   </div>
   <div class='ocr_carea' id='block_1_21' title="bbox 457 2321 2108 2394">
    <p class='ocr_par' dir='ltr' id='par_1_21' title="bbox 457 2321 2108 2394">
     <span class='ocr_line' id='line_1_21' title="bbox 457 2321 2108 2394; baseline -0.001 -16"><span class='ocrx_word' id='word_1_138' title='bbox 457 2339 568 2378; x_wconf 88' lang='lat' dir='ltr'>nea</span> <span class='ocrx_word' id='word_1_139' title='bbox 599 2322 836 2394; x_wconf 85' lang='lat' dir='ltr'>regione</span> <span class='ocrx_word' id='word_1_140' title='bbox 864 2322 1136 2389; x_wconf 88' lang='lat' dir='ltr'>versaris,</span> <span class='ocrx_word' id='word_1_141' title='bbox 1169 2328 1344 2394; x_wconf 85' lang='lat' dir='ltr'>atque</span> <span class='ocrx_word' id='word_1_142' title='bbox 1376 2323 1504 2378; x_wconf 92' lang='lat' dir='ltr'>cibo</span> <span class='ocrx_word' id='word_1_143' title='bbox 1537 2321 1624 2378; x_wconf 88' lang='lat' dir='ltr'>vel</span> <span class='ocrx_word' id='word_1_144' title='bbox 1655 2327 1791 2393; x_wconf 90' lang='lat' dir='ltr'>potu</span> <span class='ocrx_word' id='word_1_145' title='bbox 1823 2338 1972 2394; x_wconf 89' lang='lat' dir='ltr'>opus</span> <span class='ocrx_word' id='word_1_146' title='bbox 2021 2325 2108 2377; x_wconf 86' lang='lat' dir='ltr'>est</span> 
     </span>
    </p>
   </div>
   <div class='ocr_carea' id='block_1_22' title="bbox 456 2410 2109 2482">
    <p class='ocr_par' dir='ltr' id='par_1_22' title="bbox 456 2410 2109 2482">
     <span class='ocr_line' id='line_1_22' title="bbox 456 2410 2109 2482; baseline 0.001 -17"><span class='ocrx_word' id='word_1_147' title='bbox 456 2411 584 2481; x_wconf 88' lang='lat' dir='ltr'>tibi,</span> <span class='ocrx_word' id='word_1_148' title='bbox 616 2416 876 2482; x_wconf 88' lang='lat' dir='ltr'>emptum</span> <span class='ocrx_word' id='word_1_149' title='bbox 911 2412 1097 2478; x_wconf 87' lang='lat' dir='ltr'>mitte,</span> <span class='ocrx_word' id='word_1_150' title='bbox 1130 2417 1187 2466; x_wconf 91' lang='lat' dir='ltr'>et</span> <span class='ocrx_word' id='word_1_151' title='bbox 1215 2412 1275 2466; x_wconf 92' lang='lat' dir='ltr'>in</span> <span class='ocrx_word' id='word_1_152' title='bbox 1299 2411 1541 2467; x_wconf 87' lang='lat' dir='ltr'>ecclesia</span> <span class='ocrx_word' id='word_1_153' title='bbox 1571 2412 1832 2478; x_wconf 88' lang='lat' dir='ltr'>comede,</span> <span class='ocrx_word' id='word_1_154' title='bbox 1864 2410 1988 2466; x_wconf 92' lang='lat' dir='ltr'>loco</span> <span class='ocrx_word' id='word_1_155' title='bbox 2020 2427 2109 2466; x_wconf 88' lang='lat' dir='ltr'>se-</span> 
     </span>
    </p>
   </div>
   <div class='ocr_carea' id='block_1_23' title="bbox 458 2499 2102 2565">
    <p class='ocr_par' dir='ltr' id='par_1_23' title="bbox 458 2499 2102 2565">
     <span class='ocr_line' id='line_1_23' title="bbox 458 2499 2102 2565; baseline 0 -11"><span class='ocrx_word' id='word_1_156' title='bbox 458 2505 616 2555; x_wconf 88' lang='lat' dir='ltr'>moto</span> <span class='ocrx_word' id='word_1_157' title='bbox 651 2517 664 2555; x_wconf 89' lang='lat'>:</span> <span class='ocrx_word' id='word_1_158' title='bbox 698 2501 748 2555; x_wconf 86' lang='lat' dir='ltr'>si</span> <span class='ocrx_word' id='word_1_159' title='bbox 781 2500 946 2565; x_wconf 80' lang='lat' dir='ltr'>nulla</span> <span class='ocrx_word' id='word_1_160' title='bbox 975 2516 1041 2556; x_wconf 92' lang='lat' dir='ltr'>eo</span> <span class='ocrx_word' id='word_1_161' title='bbox 1087 2499 1212 2556; x_wconf 91' lang='lat' dir='ltr'>loco</span> <span class='ocrx_word' id='word_1_162' title='bbox 1244 2500 1418 2555; x_wconf 83' lang='lat' dir='ltr'>fuerit</span> <span class='ocrx_word' id='word_1_163' title='bbox 1460 2499 1723 2565; x_wconf 75' lang='lat' dir='ltr'>ecclesia,</span> <span class='ocrx_word' id='word_1_164' title='bbox 1773 2503 1875 2554; x_wconf 85' lang='lat' dir='ltr'>aut</span> <span class='ocrx_word' id='word_1_165' title='bbox 1903 2499 2102 2554; x_wconf 88' lang='lat' dir='ltr'>ortho-</span> 
     </span>
    </p>
   </div>
   <div class='ocr_carea' id='block_1_24' title="bbox 457 2588 2103 2660">
    <p class='ocr_par' dir='ltr' id='par_1_24' title="bbox 457 2588 2103 2660">
     <span class='ocr_line' id='line_1_24' title="bbox 457 2588 2103 2660; baseline -0.002 -16"><span class='ocrx_word' id='word_1_166' title='bbox 457 2591 741 2644; x_wconf 85' lang='lat' dir='ltr'>doxorum</span> <span class='ocrx_word' id='word_1_167' title='bbox 826 2591 1060 2656; x_wconf 89' lang='lat' dir='ltr'>domus,</span> <span class='ocrx_word' id='word_1_168' title='bbox 1120 2605 1545 2660; x_wconf 83' lang='lat' dir='ltr'>necessumque</span> <span class='ocrx_word' id='word_1_169' title='bbox 1599 2588 1704 2642; x_wconf 82' lang='lat' dir='ltr'>tibi</span> <span class='ocrx_word' id='word_1_170' title='bbox 1763 2589 1840 2643; x_wconf 88' lang='lat' dir='ltr'>sit</span> <span class='ocrx_word' id='word_1_171' title='bbox 1898 2588 1955 2642; x_wconf 94' lang='lat' dir='ltr'>in</span> <span class='ocrx_word' id='word_1_172' title='bbox 2016 2588 2103 2642; x_wconf 88' lang='lat' dir='ltr'>di-</span> 
     </span>
    </p>
   </div>
   <div class='ocr_carea' id='block_1_25' title="bbox 453 2676 2106 2750">
    <p class='ocr_par' dir='ltr' id='par_1_25' title="bbox 453 2676 2106 2750">
     <span class='ocr_line' id='line_1_25' title="bbox 453 2676 2106 2750; baseline 0.001 -19"><span class='ocrx_word' id='word_1_173' title='bbox 453 2678 776 2734; x_wconf 87' lang='lat' dir='ltr'>versorium</span> <span class='ocrx_word' id='word_1_174' title='bbox 803 2679 1052 2750; x_wconf 83' lang='lat' dir='ltr'>ingredi,</span> <span class='ocrx_word' id='word_1_175' title='bbox 1086 2678 1144 2732; x_wconf 92' lang='lat' dir='ltr'>in</span> <span class='ocrx_word' id='word_1_176' title='bbox 1177 2678 1498 2734; x_wconf 85' lang='lat' dir='ltr'>diversorio</span> <span class='ocrx_word' id='word_1_177' title='bbox 1531 2693 1769 2733; x_wconf 88' lang='lat' dir='ltr'>maneas</span> <span class='ocrx_word' id='word_1_178' title='bbox 1802 2676 1898 2732; x_wconf 91' lang='lat' dir='ltr'>ubi</span> <span class='ocrx_word' id='word_1_179' title='bbox 1932 2676 2106 2733; x_wconf 66' lang='lat' dir='ltr'>nulla:</span> 
     </span>
    </p>
   </div>
   <div class='ocr_carea' id='block_1_26' title="bbox 457 2767 2100 2842">
    <p class='ocr_par' dir='ltr' id='par_1_26' title="bbox 457 2767 2100 2842">
     <span class='ocr_line' id='line_1_26' title="bbox 457 2767 2100 2842; baseline 0.001 -19"><span class='ocrx_word' id='word_1_180' title='bbox 457 2768 577 2823; x_wconf 88' lang='lat' dir='ltr'>sint</span> <span class='ocrx_word' id='word_1_181' title='bbox 607 2767 1098 2840; x_wconf 89' lang='lat' dir='ltr'>mulieres,neque</span> <span class='ocrx_word' id='word_1_182' title='bbox 1129 2785 1394 2842; x_wconf 87' lang='lat' dir='ltr'>caupona</span> <span class='ocrx_word' id='word_1_183' title='bbox 1430 2785 1443 2824; x_wconf 91' lang='lat'><strong>:</strong></span> <span class='ocrx_word' id='word_1_184' title='bbox 1478 2768 1655 2840; x_wconf 88' lang='lat' dir='ltr'>idque</span> <span class='ocrx_word' id='word_1_185' title='bbox 1676 2784 1810 2822; x_wconf 90' lang='lat' dir='ltr'>cum</span> <span class='ocrx_word' id='word_1_186' title='bbox 1836 2783 2100 2824; x_wconf 69' lang='lat' dir='ltr'>mterore.</span> 
     </span>
    </p>
   </div>
   <div class='ocr_carea' id='block_1_27' title="bbox 523 2944 2103 3016">
    <p class='ocr_par' dir='ltr' id='par_1_27' title="bbox 523 2944 2103 3016">
     <span class='ocr_line' id='line_1_27' title="bbox 523 2944 2103 3016; baseline 0.002 -19"><span class='ocrx_word' id='word_1_187' title='bbox 523 2944 646 3000; x_wconf 89' lang='lat' dir='ltr'>7.Si</span> <span class='ocrx_word' id='word_1_188' title='bbox 679 2944 969 3014; x_wconf 89' lang='lat' dir='ltr'>ejusmodi</span> <span class='ocrx_word' id='word_1_189' title='bbox 1012 2950 1295 3016; x_wconf 73' lang='lat' dir='ltr'>praacepta</span> <span class='ocrx_word' id='word_1_190' title='bbox 1325 2961 1459 3000; x_wconf 88' lang='lat' dir='ltr'>cum</span> <span class='ocrx_word' id='word_1_191' title='bbox 1491 2944 1896 3010; x_wconf 87' lang='lat' dir='ltr'>servaveris,et</span> <span class='ocrx_word' id='word_1_192' title='bbox 1916 2961 2103 3016; x_wconf 73' lang='lat' dir='ltr'>apraa-</span> 
     </span>
    </p>
   </div>
   <div class='ocr_carea' id='block_1_28' title="bbox 453 3032 2099 3104">
    <p class='ocr_par' dir='ltr' id='par_1_28' title="bbox 453 3032 2099 3104">
     <span class='ocr_line' id='line_1_28' title="bbox 453 3032 2099 3104; baseline 0.002 -18"><span class='ocrx_word' id='word_1_193' title='bbox 453 3032 626 3088; x_wconf 90' lang='lat' dir='ltr'>dictis</span> <span class='ocrx_word' id='word_1_194' title='bbox 661 3035 914 3104; x_wconf 88' lang='lat' dir='ltr'>peccatis</span> <span class='ocrx_word' id='word_1_195' title='bbox 944 3034 1184 3103; x_wconf 87' lang='lat' dir='ltr'>caveris,</span> <span class='ocrx_word' id='word_1_196' title='bbox 1220 3035 1279 3088; x_wconf 90' lang='lat' dir='ltr'>in</span> <span class='ocrx_word' id='word_1_197' title='bbox 1311 3034 1444 3101; x_wconf 85' lang='lat' dir='ltr'>fide,</span> <span class='ocrx_word' id='word_1_198' title='bbox 1500 3035 1770 3090; x_wconf 88' lang='lat' dir='ltr'>castitate</span> <span class='ocrx_word' id='word_1_199' title='bbox 1801 3039 1858 3089; x_wconf 90' lang='lat' dir='ltr'>et</span> <span class='ocrx_word' id='word_1_200' title='bbox 1877 3051 1943 3090; x_wconf 92' lang='lat' dir='ltr'>eo</span> <span class='ocrx_word' id='word_1_201' title='bbox 1972 3034 2099 3090; x_wconf 77' lang='lat' dir='ltr'>vitm</span> 
     </span>
    </p>
   </div>
   <div class='ocr_carea' id='block_1_29' title="bbox 457 3122 2096 3193">
    <p class='ocr_par' dir='ltr' id='par_1_29' title="bbox 457 3122 2096 3193">
     <span class='ocr_line' id='line_1_29' title="bbox 457 3122 2096 3193; baseline 0.002 -19"><span class='ocrx_word' id='word_1_202' title='bbox 457 3122 754 3185; x_wconf 85' lang='lat' dir='ltr'>instituto,</span> <span class='ocrx_word' id='word_1_203' title='bbox 792 3122 874 3176; x_wconf 88' lang='lat' dir='ltr'>uti</span> <span class='ocrx_word' id='word_1_204' title='bbox 909 3123 1187 3188; x_wconf 76' lang='lat' dir='ltr'>diximus,</span> <span class='ocrx_word' id='word_1_205' title='bbox 1219 3139 1458 3178; x_wconf 88' lang='lat' dir='ltr'>cursum</span> <span class='ocrx_word' id='word_1_206' title='bbox 1519 3122 1790 3193; x_wconf 85' lang='lat' dir='ltr'>impleas,</span> <span class='ocrx_word' id='word_1_207' title='bbox 1850 3124 2096 3193; x_wconf 86' lang='lat' dir='ltr'>gradum</span> 
     </span>
    </p>
   </div>
   <div class='ocr_carea' id='block_1_30' title="bbox 449 3208 2100 3283">
    <p class='ocr_par' dir='ltr' id='par_1_30' title="bbox 449 3208 2100 3283">
     <span class='ocr_line' id='line_1_30' title="bbox 449 3208 2100 3283; baseline 0.004 -22"><span class='ocrx_word' id='word_1_208' title='bbox 449 3208 559 3262; x_wconf 89' lang='lat' dir='ltr'>tibi</span> <span class='ocrx_word' id='word_1_209' title='bbox 593 3225 872 3279; x_wconf 87' lang='lat' dir='ltr'>magnum</span> <span class='ocrx_word' id='word_1_210' title='bbox 905 3216 961 3264; x_wconf 89' lang='lat' dir='ltr'>et</span> <span class='ocrx_word' id='word_1_211' title='bbox 991 3211 1208 3264; x_wconf 92' lang='lat' dir='ltr'>bonum</span> <span class='ocrx_word' id='word_1_212' title='bbox 1240 3211 1524 3281; x_wconf 87' lang='lat' dir='ltr'>acquires.</span> <span class='ocrx_word' id='word_1_213' title='bbox 1573 3211 1702 3266; x_wconf 69' lang='lat' dir='ltr'>Haec</span> <span class='ocrx_word' id='word_1_214' title='bbox 1749 3212 2100 3283; x_wconf 67' lang='lat' dir='ltr'>supradictae</span> 
     </span>
    </p>
   </div>
   <div class='ocr_carea' id='block_1_31' title="bbox 1648 409 2726 475">
    <p class='ocr_par' dir='ltr' id='par_1_31' title="bbox 1648 409 2726 475">
     <span class='ocr_line' id='line_1_31' title="bbox 1648 409 2726 475; baseline -0.004 -1"><span class='ocrx_word' id='word_1_215' title='bbox 1648 414 1710 474; x_wconf 92' lang='lat' dir='ltr'>S.</span> <span class='ocrx_word' id='word_1_216' title='bbox 1761 411 2287 475; x_wconf 81' lang='lat' dir='ltr'>ATHANASIUS.</span> <span class='ocrx_word' id='word_1_217' title='bbox 2315 441 2390 455; x_wconf 95' lang='lat'><strong><em>—</em></strong></span> <span class='ocrx_word' id='word_1_218' title='bbox 2418 409 2726 474; x_wconf 80' lang='lat' dir='ltr'>SPURIA.</span> 
     </span>
    </p>
   </div>
   <div class='ocr_carea' id='block_1_32' title="bbox 3740 421 3832 484">
    <p class='ocr_par' dir='ltr' id='par_1_32' title="bbox 3740 421 3832 484">
     <span class='ocr_line' id='line_1_32' title="bbox 3740 421 3832 484; baseline 0 0"><span class='ocrx_word' id='word_1_219' title='bbox 3740 421 3832 484; x_wconf 72' lang='lat' dir='ltr'>8M</span> 
     </span>
    </p>
   </div>
   <div class='ocr_carea' id='block_1_33' title="bbox 467 539 2098 618">
    <p class='ocr_par' dir='ltr' id='par_1_33' title="bbox 467 546 2096 617">
     <span class='ocr_line' id='line_1_33' title="bbox 467 546 2096 617; baseline -0.001 -15"><span class='ocrx_word' id='word_1_220' title='bbox 467 546 783 602; x_wconf 89' lang='lat' dir='ltr'>luderis.In</span> <span class='ocrx_word' id='word_1_221' title='bbox 809 546 1163 602; x_wconf 87' lang='lat' dir='ltr'>monasterio</span> <span class='ocrx_word' id='word_1_222' title='bbox 1196 563 1330 602; x_wconf 88' lang='lat' dir='ltr'>cum</span> <span class='ocrx_word' id='word_1_223' title='bbox 1363 546 1529 617; x_wconf 91' lang='lat' dir='ltr'>degis</span> <span class='ocrx_word' id='word_1_224' title='bbox 1561 546 1679 602; x_wconf 91' lang='lat' dir='ltr'>noli</span> <span class='ocrx_word' id='word_1_225' title='bbox 1714 546 1944 601; x_wconf 89' lang='lat' dir='ltr'>otiosus</span> <span class='ocrx_word' id='word_1_226' title='bbox 1968 561 2096 600; x_wconf 89' lang='lat' dir='ltr'>esse</span> 
     </span>
    </p>
   </div>
   <div class='ocr_carea' id='block_1_34' title="bbox 2209 539 3825 618">
    <p class='ocr_par' dir='ltr' id='par_1_34' title="bbox 2236 539 3825 618">
     <span class='ocr_line' id='line_1_34' title="bbox 2236 539 3825 618; baseline 0.008 -24"><span class='ocrx_word' id='word_1_227' title='bbox 2236 539 2608 615; x_wconf 82' lang='grc' dir='ltr'>μοναστηρίῳ,</span> <span class='ocrx_word' id='word_1_228' title='bbox 2673 542 2748 612; x_wconf 79' lang='grc' dir='ltr'>μή</span> <span class='ocrx_word' id='word_1_229' title='bbox 2812 539 2935 604; x_wconf 84' lang='grc' dir='ltr'>θέλε</span> <span class='ocrx_word' id='word_1_230' title='bbox 2995 542 3126 597; x_wconf 73' lang='grc' dir='ltr'>εἶναι</span> <span class='ocrx_word' id='word_1_231' title='bbox 3176 543 3335 618; x_wconf 82' lang='grc' dir='ltr'>ἀργὸς</span> <span class='ocrx_word' id='word_1_232' title='bbox 3387 546 3478 600; x_wconf 82' lang='grc' dir='ltr'>καὶ</span> <span class='ocrx_word' id='word_1_233' title='bbox 3529 548 3625 602; x_wconf 74' lang='grc' dir='ltr'>ὑπὸ</span> <span class='ocrx_word' id='word_1_234' title='bbox 3675 550 3825 607; x_wconf 68' lang='grc' dir='ltr'>ἄλλων</span> 
     </span>
    </p>
   </div>
   <div class='ocr_carea' id='block_1_35' title="bbox 2231 627 3831 714">
    <p class='ocr_par' dir='ltr' id='par_1_35' title="bbox 2231 627 3831 714">
     <span class='ocr_line' id='line_1_35' title="bbox 2231 627 3831 714; baseline 0.003 -30"><span class='ocrx_word' id='word_1_235' title='bbox 2231 630 2538 706; x_wconf 74' lang='grc' dir='ltr'>τρέφεσθαι’</span> <span class='ocrx_word' id='word_1_236' title='bbox 2592 628 2738 684; x_wconf 82' lang='grc' dir='ltr'>ἀλλᾶ</span> <span class='ocrx_word' id='word_1_237' title='bbox 2769 627 2850 684; x_wconf 84' lang='grc' dir='ltr'>δεῖ</span> <span class='ocrx_word' id='word_1_238' title='bbox 2881 631 3098 685; x_wconf 80' lang='grc' dir='ltr'>σεαυτὸν</span> <span class='ocrx_word' id='word_1_239' title='bbox 3133 633 3166 701; x_wconf 77' lang='grc' dir='ltr'>ἢ</span> <span class='ocrx_word' id='word_1_240' title='bbox 3211 634 3411 708; x_wconf 85' lang='grc' dir='ltr'>τέχνην</span> <span class='ocrx_word' id='word_1_241' title='bbox 3466 633 3640 702; x_wconf 74' lang='grc' dir='ltr'>εἰδεῖν,</span> <span class='ocrx_word' id='word_1_242' title='bbox 3689 641 3718 708; x_wconf 72' lang='grc' dir='ltr'><strong>ἢ</strong></span> <span class='ocrx_word' id='word_1_243' title='bbox 3763 641 3831 714; x_wconf 59' lang='grc' dir='ltr'>ἐρ.</span> 
     </span>
    </p>
   </div>
   <div class='ocr_carea' id='block_1_36' title="bbox 2231 716 3830 800">
    <p class='ocr_par' dir='ltr' id='par_1_36' title="bbox 2231 716 3830 800">
     <span class='ocr_line' id='line_1_36' title="bbox 2231 716 3830 800; baseline 0.008 -29"><span class='ocrx_word' id='word_1_244' title='bbox 2231 717 2563 794; x_wconf 69' lang='grc' dir='ltr'>γατεύεσθαι,</span> <span class='ocrx_word' id='word_1_245' title='bbox 2589 716 2682 772; x_wconf 69' lang='grc' dir='ltr'>’ίνα</span> <span class='ocrx_word' id='word_1_246' title='bbox 2712 739 2830 781; x_wconf 89' lang='grc' dir='ltr'>πως</span> <span class='ocrx_word' id='word_1_247' title='bbox 2859 720 2958 788; x_wconf 76' lang='grc' dir='ltr'>τὴν</span> <span class='ocrx_word' id='word_1_248' title='bbox 2994 719 3268 797; x_wconf 72' lang='grc' dir='ltr'>ἐφήμερον</span> <span class='ocrx_word' id='word_1_249' title='bbox 3302 729 3680 800; x_wconf 71' lang='grc' dir='ltr'>προσπορήσῃς</span> <span class='ocrx_word' id='word_1_250' title='bbox 3726 749 3830 799; x_wconf 72' lang='grc' dir='ltr'>τρο-</span> 
     </span>
    </p>
   </div>
   <div class='ocr_carea' id='block_1_37' title="bbox 2233 805 3829 891">
    <p class='ocr_par' dir='ltr' id='par_1_37' title="bbox 2233 805 3829 891">
     <span class='ocr_line' id='line_1_37' title="bbox 2233 805 3829 891; baseline 0.008 -31"><span class='ocrx_word' id='word_1_251' title='bbox 2233 810 2360 884; x_wconf 67' lang='grc' dir='ltr'>φήνο</span> <span class='ocrx_word' id='word_1_252' title='bbox 2417 806 2727 883; x_wconf 83' lang='grc' dir='ltr'>Νεωτέρους</span> <span class='ocrx_word' id='word_1_253' title='bbox 2779 805 2838 862; x_wconf 79' lang='grc' dir='ltr'>δὶ</span> <span class='ocrx_word' id='word_1_254' title='bbox 2886 807 2972 862; x_wconf 75' lang='grc' dir='ltr'>ἐὰν</span> <span class='ocrx_word' id='word_1_255' title='bbox 3024 805 3159 884; x_wconf 79' lang='grc' dir='ltr'>ἔχῃς</span> <span class='ocrx_word' id='word_1_256' title='bbox 3209 811 3329 883; x_wconf 84' lang='grc' dir='ltr'>περὶ</span> <span class='ocrx_word' id='word_1_257' title='bbox 3381 815 3618 879; x_wconf 82' lang='grc' dir='ltr'>σεαυτὸν,</span> <span class='ocrx_word' id='word_1_258' title='bbox 3654 823 3829 891; x_wconf 81' lang='grc' dir='ltr'>πρῶτον</span> 
     </span>
    </p>
   </div>
   <div class='ocr_carea' id='block_1_38' title="bbox 2236 896 3827 973">
    <p class='ocr_par' dir='ltr' id='par_1_38' title="bbox 2236 896 3827 973">
     <span class='ocr_line' id='line_1_38' title="bbox 2236 896 3827 973; baseline 0.006 -23"><span class='ocrx_word' id='word_1_259' title='bbox 2236 897 2330 968; x_wconf 70' lang='grc' dir='ltr'>μὲν</span> <span class='ocrx_word' id='word_1_260' title='bbox 2380 896 2813 973; x_wconf 76' lang='grc' dir='ltr'>ταπεινοφρὸνει.</span> <span class='ocrx_word' id='word_1_261' title='bbox 2862 897 2950 951; x_wconf 84' lang='grc' dir='ltr'>καὶ</span> <span class='ocrx_word' id='word_1_262' title='bbox 3006 899 3082 971; x_wconf 81' lang='grc' dir='ltr'>μὴ</span> <span class='ocrx_word' id='word_1_263' title='bbox 3133 898 3256 954; x_wconf 97' lang='grc' dir='ltr'>θέλε</span> <span class='ocrx_word' id='word_1_264' title='bbox 3287 901 3422 955; x_wconf 75' lang='grc' dir='ltr'>εἶναι</span> <span class='ocrx_word' id='word_1_265' title='bbox 3455 900 3827 968; x_wconf 70' lang='grc' dir='ltr'>διδάσκαλος-εἷ</span> 
     </span>
    </p>
   </div>
   <div class='ocr_carea' id='block_1_39' title="bbox 2232 982 3826 1072">
    <p class='ocr_par' dir='ltr' id='par_1_39' title="bbox 2232 982 3826 1072">
     <span class='ocr_line' id='line_1_39' title="bbox 2232 982 3826 1072; baseline 0.032 -34"><span class='ocrx_word' id='word_1_266' title='bbox 2232 983 2289 1039; x_wconf 68' lang='grc' dir='ltr'>δι</span> <span class='ocrx_word' id='word_1_267' title='bbox 2333 982 2444 1058; x_wconf 67' lang='grc' dir='ltr'>ιδτις</span> <span class='ocrx_word' id='word_1_268' title='bbox 2494 985 2676 1060; x_wconf 74' lang='grc' dir='ltr'>ψυχὰς</span> <span class='ocrx_word' id='word_1_269' title='bbox 2727 985 3056 1064; x_wconf 68' lang='grc' dir='ltr'>σωζομένοις.</span> <span class='ocrx_word' id='word_1_270' title='bbox 3089 985 3177 1043; x_wconf 68' lang='grc' dir='ltr'>διὰ</span> <span class='ocrx_word' id='word_1_271' title='bbox 3218 996 3317 1058; x_wconf 75' lang='grc' dir='ltr'>τῆς</span> <span class='ocrx_word' id='word_1_272' title='bbox 3374 997 3471 1059; x_wconf 70' lang='grc' dir='ltr'>σῆς</span> <span class='ocrx_word' id='word_1_273' title='bbox 3519 993 3826 1072; x_wconf 49' lang='lat' dir='ltr'>Mrem</span> 
     </span>
    </p>
   </div>
   <div class='ocr_carea' id='block_1_40' title="bbox 2227 1069 3823 1147">
    <p class='ocr_par' dir='ltr' id='par_1_40' title="bbox 2227 1069 3823 1147">
     <span class='ocr_line' id='line_1_40' title="bbox 2227 1069 3823 1147; baseline 0.007 -20"><span class='ocrx_word' id='word_1_274' title='bbox 2227 1072 2517 1128; x_wconf 78' lang='grc' dir='ltr'>τελειῶσαι</span> <span class='ocrx_word' id='word_1_275' title='bbox 2555 1069 2893 1147; x_wconf 79' lang='grc' dir='ltr'>βουλόμενος</span> <span class='ocrx_word' id='word_1_276' title='bbox 2923 1080 3031 1130; x_wconf 80' lang='grc' dir='ltr'>τῶν</span> <span class='ocrx_word' id='word_1_277' title='bbox 3061 1075 3217 1131; x_wconf 89' lang='grc' dir='ltr'>πέντε</span> <span class='ocrx_word' id='word_1_278' title='bbox 3245 1076 3522 1133; x_wconf 77' lang='grc' dir='ltr'>ταλάντων</span> <span class='ocrx_word' id='word_1_279' title='bbox 3567 1081 3628 1135; x_wconf 69' lang='grc' dir='ltr'>τὰ</span> <span class='ocrx_word' id='word_1_280' title='bbox 3670 1069 3823 1138; x_wconf 74' lang='grc' dir='ltr'>διπλά-</span> 
     </span>
    </p>
   </div>
   <div class='ocr_carea' id='block_1_41' title="bbox 2231 1160 3824 1245">
    <p class='ocr_par' dir='ltr' id='par_1_41' title="bbox 2231 1160 3824 1245">
     <span class='ocr_line' id='line_1_41' title="bbox 2231 1160 3824 1245; baseline 0.007 -29"><span class='ocrx_word' id='word_1_281' title='bbox 2231 1183 2338 1233; x_wconf 91' lang='grc' dir='ltr'>σια,</span> <span class='ocrx_word' id='word_1_282' title='bbox 2387 1160 2458 1216; x_wconf 82' lang='grc' dir='ltr'>ὧν</span> <span class='ocrx_word' id='word_1_283' title='bbox 2512 1160 2768 1234; x_wconf 77' lang='grc' dir='ltr'>εἷ¹ληφας,</span> <span class='ocrx_word' id='word_1_284' title='bbox 2822 1163 3057 1239; x_wconf 87' lang='grc' dir='ltr'>μερίμνα</span> <span class='ocrx_word' id='word_1_285' title='bbox 3103 1167 3199 1228; x_wconf 71' lang='grc' dir='ltr'>τὰς</span> <span class='ocrx_word' id='word_1_286' title='bbox 3247 1167 3371 1242; x_wconf 88' lang='grc' dir='ltr'>περὶ</span> <span class='ocrx_word' id='word_1_287' title='bbox 3424 1169 3482 1222; x_wconf 75' lang='grc' dir='ltr'>σῗε</span> <span class='ocrx_word' id='word_1_288' title='bbox 3536 1172 3718 1245; x_wconf 71' lang='grc' dir='ltr'>ψυχάς,</span> <span class='ocrx_word' id='word_1_289' title='bbox 3758 1176 3824 1227; x_wconf 71' lang='grc' dir='ltr'>ιιαέ</span> 
     </span>
    </p>
   </div>
   <div class='ocr_carea' id='block_1_42' title="bbox 2229 1249 3823 1328">
    <p class='ocr_par' dir='ltr' id='par_1_42' title="bbox 2229 1249 3823 1328">
     <span class='ocr_line' id='line_1_42' title="bbox 2229 1249 3823 1328; baseline 0.007 -25"><span class='ocrx_word' id='word_1_290' title='bbox 2229 1249 2486 1326; x_wconf 78' lang='grc' dir='ltr'>έπίστυφε</span> <span class='ocrx_word' id='word_1_291' title='bbox 2531 1250 2657 1312; x_wconf 79' lang='grc' dir='ltr'>τοὺς</span> <span class='ocrx_word' id='word_1_292' title='bbox 2709 1253 3008 1328; x_wconf 71' lang='grc' dir='ltr'>νεωτέρους</span> <span class='ocrx_word' id='word_1_293' title='bbox 3066 1252 3290 1323; x_wconf 75' lang='grc' dir='ltr'>ἱδιάζειν</span> <span class='ocrx_word' id='word_1_294' title='bbox 3340 1253 3560 1311; x_wconf 76' lang='grc' dir='ltr'>ἕκαστον</span> <span class='ocrx_word' id='word_1_295' title='bbox 3616 1259 3761 1314; x_wconf 78' lang='grc' dir='ltr'>αὐτῶν</span> <span class='ocrx_word' id='word_1_296' title='bbox 3783 1260 3823 1316; x_wconf 79' lang='grc' dir='ltr'>ἓν</span> 
     </span>
    </p>
   </div>
   <div class='ocr_carea' id='block_1_43' title="bbox 2226 1337 3824 1422">
    <p class='ocr_par' dir='ltr' id='par_1_43' title="bbox 2226 1337 3824 1422">
     <span class='ocr_line' id='line_1_43' title="bbox 2226 1337 3824 1422; baseline 0.002 -29"><span class='ocrx_word' id='word_1_297' title='bbox 2226 1359 2285 1393; x_wconf 86' lang='grc' dir='ltr'>τε</span> <span class='ocrx_word' id='word_1_298' title='bbox 2315 1343 2384 1412; x_wconf 79' lang='grc' dir='ltr'>τῇ</span> <span class='ocrx_word' id='word_1_299' title='bbox 2417 1337 2614 1411; x_wconf 79' lang='grc' dir='ltr'>ὁμιλίᾳ</span> <span class='ocrx_word' id='word_1_300' title='bbox 2641 1340 2730 1394; x_wconf 81' lang='grc' dir='ltr'>καὶ</span> <span class='ocrx_word' id='word_1_301' title='bbox 2762 1341 2811 1394; x_wconf 81' lang='grc' dir='ltr'>ἐν</span> <span class='ocrx_word' id='word_1_302' title='bbox 2843 1347 2923 1414; x_wconf 80' lang='grc' dir='ltr'>τῷ</span> <span class='ocrx_word' id='word_1_303' title='bbox 2967 1342 3298 1421; x_wconf 65' lang='grc' dir='ltr'>ἀναστροφῇ,</span> <span class='ocrx_word' id='word_1_304' title='bbox 3350 1346 3525 1422; x_wconf 79' lang='grc' dir='ltr'>χωρὶς</span> <span class='ocrx_word' id='word_1_305' title='bbox 3577 1345 3726 1420; x_wconf 79' lang='grc' dir='ltr'>μόνης</span> <span class='ocrx_word' id='word_1_306' title='bbox 3750 1359 3824 1419; x_wconf 71' lang='grc' dir='ltr'>τῆς</span> 
     </span>
    </p>
   </div>
   <div class='ocr_carea' id='block_1_44' title="bbox 2228 1426 3824 1512">
    <p class='ocr_par' dir='ltr' id='par_1_44' title="bbox 2228 1426 3824 1512">
     <span class='ocr_line' id='line_1_44' title="bbox 2228 1426 3824 1512; baseline 0.008 -31"><span class='ocrx_word' id='word_1_307' title='bbox 2228 1426 2522 1500; x_wconf 83' lang='grc' dir='ltr'>τραπέζης,</span> <span class='ocrx_word' id='word_1_308' title='bbox 2575 1429 2665 1483; x_wconf 86' lang='grc' dir='ltr'>καὶ</span> <span class='ocrx_word' id='word_1_309' title='bbox 2714 1429 3000 1500; x_wconf 82' lang='grc' dir='ltr'>συνάξεως,</span> <span class='ocrx_word' id='word_1_310' title='bbox 3044 1432 3133 1486; x_wconf 80' lang='grc' dir='ltr'>καὶ</span> <span class='ocrx_word' id='word_1_311' title='bbox 3182 1431 3532 1506; x_wconf 75' lang='grc' dir='ltr'>ψαλμῳδίας·</span> <span class='ocrx_word' id='word_1_312' title='bbox 3590 1436 3638 1491; x_wconf 86' lang='grc' dir='ltr'>έν</span> <span class='ocrx_word' id='word_1_313' title='bbox 3683 1435 3730 1493; x_wconf 77' lang='grc' dir='ltr'>δὲ</span> <span class='ocrx_word' id='word_1_314' title='bbox 3765 1444 3824 1512; x_wconf 75' lang='grc' dir='ltr'>τῷ</span> 
     </span>
    </p>
   </div>
   <div class='ocr_carea' id='block_1_45' title="bbox 2234 1515 3824 1594">
    <p class='ocr_par' dir='ltr' id='par_1_45' title="bbox 2234 1515 3824 1594">
     <span class='ocr_line' id='line_1_45' title="bbox 2234 1515 3824 1594; baseline 0.008 -25"><span class='ocrx_word' id='word_1_315' title='bbox 2234 1517 2437 1586; x_wconf 80' lang='grc' dir='ltr'>ὑπνεῖν,</span> <span class='ocrx_word' id='word_1_316' title='bbox 2485 1515 2708 1572; x_wconf 70' lang='grc' dir='ltr'>ἕκαστον</span> <span class='ocrx_word' id='word_1_317' title='bbox 2761 1515 2871 1572; x_wconf 68' lang='grc' dir='ltr'>ἴδια</span> <span class='ocrx_word' id='word_1_318' title='bbox 2917 1515 3362 1594; x_wconf 74' lang='grc' dir='ltr'>περιϐάλλεσθαι,</span> <span class='ocrx_word' id='word_1_319' title='bbox 3416 1523 3502 1578; x_wconf 84' lang='grc' dir='ltr'>καὶ</span> <span class='ocrx_word' id='word_1_320' title='bbox 3548 1522 3743 1580; x_wconf 77' lang='grc' dir='ltr'>ἕκαστον</span> <span class='ocrx_word' id='word_1_321' title='bbox 3777 1529 3824 1582; x_wconf 82' lang='grc' dir='ltr'>τὸ</span> 
     </span>
    </p>
   </div>
   <div class='ocr_carea' id='block_1_46' title="bbox 2232 1605 3821 1688">
    <p class='ocr_par' dir='ltr' id='par_1_46' title="bbox 2232 1605 3821 1688">
     <span class='ocr_line' id='line_1_46' title="bbox 2232 1605 3821 1688; baseline 0.005 -28"><span class='ocrx_word' id='word_1_322' title='bbox 2232 1606 2515 1681; x_wconf 84' lang='grc' dir='ltr'>στιχάριον</span> <span class='ocrx_word' id='word_1_323' title='bbox 2573 1605 2739 1662; x_wconf 77' lang='grc' dir='ltr'>αὐτοῦ</span> <span class='ocrx_word' id='word_1_324' title='bbox 2797 1606 2966 1684; x_wconf 80' lang='grc' dir='ltr'>ἔχειν,</span> <span class='ocrx_word' id='word_1_325' title='bbox 3018 1607 3145 1678; x_wconf 76' lang='grc' dir='ltr'>ἤτοι</span> <span class='ocrx_word' id='word_1_326' title='bbox 3207 1610 3432 1666; x_wconf 88' lang='grc' dir='ltr'>σακκίον</span> <span class='ocrx_word' id='word_1_327' title='bbox 3485 1615 3821 1688; x_wconf 73' lang='grc' dir='ltr'>κεκρυμμένον,</span> 
     </span>
    </p>
   </div>
   <div class='ocr_carea' id='block_1_47' title="bbox 2224 1693 3822 1775">
    <p class='ocr_par' dir='ltr' id='par_1_47' title="bbox 2224 1693 3822 1775">
     <span class='ocr_line' id='line_1_47' title="bbox 2224 1693 3822 1775; baseline 0.008 -28"><span class='ocrx_word' id='word_1_328' title='bbox 2224 1693 2337 1762; x_wconf 68' lang='grc' dir='ltr'>ἵνα,</span> <span class='ocrx_word' id='word_1_329' title='bbox 2399 1693 2458 1748; x_wconf 77' lang='grc' dir='ltr'>ἂν</span> <span class='ocrx_word' id='word_1_330' title='bbox 2513 1715 2619 1749; x_wconf 90' lang='grc' dir='ltr'>που</span> <span class='ocrx_word' id='word_1_331' title='bbox 2665 1693 2802 1771; x_wconf 71' lang='grc' dir='ltr'>εὔχῃ</span> <span class='ocrx_word' id='word_1_332' title='bbox 2852 1698 3061 1767; x_wconf 82' lang='grc' dir='ltr'>νυκτὸς,</span> <span class='ocrx_word' id='word_1_333' title='bbox 3111 1695 3322 1772; x_wconf 80' lang='grc' dir='ltr'>ἕτοιμοι</span> <span class='ocrx_word' id='word_1_334' title='bbox 3379 1702 3672 1775; x_wconf 77' lang='grc' dir='ltr'>εὑρεθῶσιν.</span> <span class='ocrx_word' id='word_1_335' title='bbox 3721 1705 3822 1760; x_wconf 56' lang='lat' dir='ltr'>egi:</span> 
     </span>
    </p>
   </div>
   <div class='ocr_carea' id='block_1_48' title="bbox 2231 1785 3819 1867">
    <p class='ocr_par' dir='ltr' id='par_1_48' title="bbox 2231 1785 3819 1867">
     <span class='ocr_line' id='line_1_48' title="bbox 2231 1785 3819 1867; baseline 0.006 -30"><span class='ocrx_word' id='word_1_336' title='bbox 2231 1785 2516 1859; x_wconf 83' lang='grc' dir='ltr'>ἀγρυπνεῖν</span> <span class='ocrx_word' id='word_1_337' title='bbox 2579 1785 2904 1861; x_wconf 76' lang='grc' dir='ltr'>συμμέτρως</span> <span class='ocrx_word' id='word_1_338' title='bbox 2962 1785 3011 1840; x_wconf 81' lang='grc' dir='ltr'>ἐν</span> <span class='ocrx_word' id='word_1_339' title='bbox 3071 1787 3316 1860; x_wconf 78' lang='grc' dir='ltr'>ψαλμοῖς</span> <span class='ocrx_word' id='word_1_340' title='bbox 3377 1789 3470 1844; x_wconf 84' lang='grc' dir='ltr'>καὶ</span> <span class='ocrx_word' id='word_1_341' title='bbox 3526 1793 3712 1867; x_wconf 73' lang='grc' dir='ltr'>εὐχαῖς·</span> <span class='ocrx_word' id='word_1_342' title='bbox 3753 1794 3819 1846; x_wconf 75' lang='grc' dir='ltr'>καὶ</span> 
     </span>
    </p>
   </div>
   <div class='ocr_carea' id='block_1_49' title="bbox 2230 1871 3820 1953">
    <p class='ocr_par' dir='ltr' id='par_1_49' title="bbox 2230 1871 3820 1953">
     <span class='ocr_line' id='line_1_49' title="bbox 2230 1871 3820 1953; baseline 0.005 -28"><span class='ocrx_word' id='word_1_343' title='bbox 2230 1871 2437 1948; x_wconf 76' lang='grc' dir='ltr'>ἡμέρας</span> <span class='ocrx_word' id='word_1_344' title='bbox 2490 1873 2583 1946; x_wconf 73' lang='grc' dir='ltr'>μὲν</span> <span class='ocrx_word' id='word_1_345' title='bbox 2643 1871 2890 1949; x_wconf 64' lang='grc' dir='ltr'>εὔχεσθαι</span> <span class='ocrx_word' id='word_1_346' title='bbox 2949 1881 3182 1943; x_wconf 79' lang='grc' dir='ltr'>πυκνῶς,</span> <span class='ocrx_word' id='word_1_347' title='bbox 3247 1878 3324 1950; x_wconf 81' lang='grc' dir='ltr'>μή</span> <span class='ocrx_word' id='word_1_348' title='bbox 3386 1879 3644 1953; x_wconf 84' lang='grc' dir='ltr'>χρονίζων</span> <span class='ocrx_word' id='word_1_349' title='bbox 3693 1878 3739 1934; x_wconf 78' lang='grc' dir='ltr'>δὲ</span> <span class='ocrx_word' id='word_1_350' title='bbox 3784 1881 3820 1934; x_wconf 78' lang='grc' dir='ltr'>ἐν</span> 
     </span>
    </p>
   </div>
   <div class='ocr_carea' id='block_1_50' title="bbox 2229 1961 3818 2042">
    <p class='ocr_par' dir='ltr' id='par_1_50' title="bbox 2229 1961 3818 2042">
     <span class='ocr_line' id='line_1_50' title="bbox 2229 1961 3818 2042; baseline 0.005 -26"><span class='ocrx_word' id='word_1_351' title='bbox 2229 1961 2390 2036; x_wconf 78' lang='grc' dir='ltr'>εὐχῇ,</span> <span class='ocrx_word' id='word_1_352' title='bbox 2432 1964 2465 2030; x_wconf 80' lang='grc' dir='ltr'>ἢ</span> <span class='ocrx_word' id='word_1_353' title='bbox 2511 1964 2742 2037; x_wconf 86' lang='grc' dir='ltr'>κράζων,</span> <span class='ocrx_word' id='word_1_354' title='bbox 2797 1965 2831 2030; x_wconf 85' lang='grc' dir='ltr'>ἣ</span> <span class='ocrx_word' id='word_1_355' title='bbox 2878 1963 3246 2039; x_wconf 73' lang='grc' dir='ltr'>βαττολογῶν·</span> <span class='ocrx_word' id='word_1_356' title='bbox 3283 1969 3604 2042; x_wconf 71' lang='grc' dir='ltr'>συμμέτρως</span> <span class='ocrx_word' id='word_1_357' title='bbox 3634 1966 3682 2022; x_wconf 74' lang='grc' dir='ltr'>δέ</span> <span class='ocrx_word' id='word_1_358' title='bbox 3707 1970 3818 2041; x_wconf 67' lang='grc' dir='ltr'>ψάλ-</span> 
     </span>
    </p>
   </div>
   <div class='ocr_carea' id='block_1_51' title="bbox 2221 2048 3815 2129">
    <p class='ocr_par' dir='ltr' id='par_1_51' title="bbox 2221 2048 3815 2129">
     <span class='ocr_line' id='line_1_51' title="bbox 2221 2048 3815 2129; baseline 0.005 -24"><span class='ocrx_word' id='word_1_359' title='bbox 2221 2049 2357 2122; x_wconf 88' lang='grc' dir='ltr'>λειν,</span> <span class='ocrx_word' id='word_1_360' title='bbox 2384 2048 2474 2104; x_wconf 64' lang='grc' dir='ltr'>ἵνα</span> <span class='ocrx_word' id='word_1_361' title='bbox 2509 2051 2583 2123; x_wconf 75' lang='grc' dir='ltr'>μὴ</span> <span class='ocrx_word' id='word_1_362' title='bbox 2616 2057 2976 2127; x_wconf 80' lang='grc' dir='ltr'>περικακῶσιν</span> <span class='ocrx_word' id='word_1_363' title='bbox 3012 2055 3066 2108; x_wconf 75' lang='grc' dir='ltr'>αἱ</span> <span class='ocrx_word' id='word_1_364' title='bbox 3095 2055 3287 2129; x_wconf 77' lang='grc' dir='ltr'>ψυχαί.</span> <span class='ocrx_word' id='word_1_365' title='bbox 3339 2055 3474 2111; x_wconf 84' lang='grc' dir='ltr'>Θέλε</span> <span class='ocrx_word' id='word_1_366' title='bbox 3509 2054 3562 2111; x_wconf 71' lang='grc' dir='ltr'>δὲ</span> <span class='ocrx_word' id='word_1_367' title='bbox 3587 2059 3696 2120; x_wconf 69' lang='grc' dir='ltr'>τοὺς</span> <span class='ocrx_word' id='word_1_368' title='bbox 3721 2066 3815 2113; x_wconf 71' lang='grc' dir='ltr'>παῖ-</span> 
     </span>
    </p>
   </div>
   <div class='ocr_carea' id='block_1_52' title="bbox 2219 2136 3814 2216">
    <p class='ocr_par' dir='ltr' id='par_1_52' title="bbox 2219 2136 3814 2216">
     <span class='ocr_line' id='line_1_52' title="bbox 2219 2136 3814 2216; baseline 0.006 -23"><span class='ocrx_word' id='word_1_369' title='bbox 2219 2136 2312 2200; x_wconf 85' lang='grc' dir='ltr'>δας</span> <span class='ocrx_word' id='word_1_370' title='bbox 2359 2140 2732 2210; x_wconf 79' lang='grc' dir='ltr'>σιωπητικοὺς</span> <span class='ocrx_word' id='word_1_371' title='bbox 2786 2136 3167 2216; x_wconf 73' lang='grc' dir='ltr'>προϐιϐάζειν.</span> <span class='ocrx_word' id='word_1_372' title='bbox 3221 2143 3316 2206; x_wconf 77' lang='grc' dir='ltr'>Εἷς</span> <span class='ocrx_word' id='word_1_373' title='bbox 3367 2145 3654 2216; x_wconf 79' lang='grc' dir='ltr'>καπηλεῖον</span> <span class='ocrx_word' id='word_1_374' title='bbox 3702 2148 3814 2210; x_wconf 74' lang='grc' dir='ltr'>ὅλως</span> 
     </span>
    </p>
   </div>
   <div class='ocr_carea' id='block_1_53' title="bbox 2218 2225 3811 2311">
    <p class='ocr_par' dir='ltr' id='par_1_53' title="bbox 2218 2225 3811 2311">
     <span class='ocr_line' id='line_1_53' title="bbox 2218 2225 3811 2311; baseline 0.007 -29"><span class='ocrx_word' id='word_1_375' title='bbox 2218 2225 2467 2303; x_wconf 81' lang='grc' dir='ltr'>εἰσέλθῃς</span> <span class='ocrx_word' id='word_1_376' title='bbox 2497 2232 2628 2302; x_wconf 81' lang='grc'>(36)’</span> <span class='ocrx_word' id='word_1_377' title='bbox 2663 2228 2788 2286; x_wconf 88' lang='grc' dir='ltr'>ἀλλ’</span> <span class='ocrx_word' id='word_1_378' title='bbox 2820 2231 2864 2284; x_wconf 80' lang='grc' dir='ltr'>εἰ</span> <span class='ocrx_word' id='word_1_379' title='bbox 2919 2231 3125 2306; x_wconf 89' lang='grc' dir='ltr'>ἀνάγκη</span> <span class='ocrx_word' id='word_1_380' title='bbox 3171 2232 3419 2306; x_wconf 87' lang='grc' dir='ltr'>γένηται,</span> <span class='ocrx_word' id='word_1_381' title='bbox 3451 2234 3535 2289; x_wconf 80' lang='grc' dir='ltr'>ἐπὶ</span> <span class='ocrx_word' id='word_1_382' title='bbox 3579 2237 3710 2307; x_wconf 76' lang='grc' dir='ltr'>ξένης</span> <span class='ocrx_word' id='word_1_383' title='bbox 3746 2259 3811 2311; x_wconf 82' lang='grc' dir='ltr'>γε·</span> 
     </span>
    </p>
   </div>
   <div class='ocr_carea' id='block_1_54' title="bbox 2217 2316 3810 2395">
    <p class='ocr_par' dir='ltr' id='par_1_54' title="bbox 2217 2316 3810 2395">
     <span class='ocr_line' id='line_1_54' title="bbox 2217 2316 3810 2395; baseline 0.006 -24"><span class='ocrx_word' id='word_1_384' title='bbox 2217 2317 2470 2389; x_wconf 85' lang='grc' dir='ltr'>νόμενος,</span> <span class='ocrx_word' id='word_1_385' title='bbox 2517 2318 2606 2372; x_wconf 76' lang='grc' dir='ltr'>καὶ</span> <span class='ocrx_word' id='word_1_386' title='bbox 2658 2318 2843 2394; x_wconf 78' lang='grc' dir='ltr'>χρείαν</span> <span class='ocrx_word' id='word_1_387' title='bbox 2896 2316 3043 2395; x_wconf 80' lang='grc' dir='ltr'>ἔχεις</span> <span class='ocrx_word' id='word_1_388' title='bbox 3093 2318 3387 2394; x_wconf 81' lang='grc' dir='ltr'>ἐδέσματος</span> <span class='ocrx_word' id='word_1_389' title='bbox 3418 2327 3451 2393; x_wconf 79' lang='grc' dir='ltr'>ἣ</span> <span class='ocrx_word' id='word_1_390' title='bbox 3486 2329 3660 2393; x_wconf 74' lang='grc' dir='ltr'>ποτοῦ,</span> <span class='ocrx_word' id='word_1_391' title='bbox 3708 2325 3810 2380; x_wconf 80' lang='grc' dir='ltr'>ἁπο-</span> 
     </span>
    </p>
   </div>
   <div class='ocr_carea' id='block_1_55' title="bbox 2217 2404 3805 2488">
    <p class='ocr_par' dir='ltr' id='par_1_55' title="bbox 2217 2404 3805 2488">
     <span class='ocr_line' id='line_1_55' title="bbox 2217 2404 3805 2488; baseline 0.006 -29"><span class='ocrx_word' id='word_1_392' title='bbox 2217 2404 2430 2468; x_wconf 84' lang='grc' dir='ltr'>στείλας</span> <span class='ocrx_word' id='word_1_393' title='bbox 2492 2406 2773 2481; x_wconf 87' lang='grc' dir='ltr'>ἀγόρασον,</span> <span class='ocrx_word' id='word_1_394' title='bbox 2833 2409 2923 2462; x_wconf 82' lang='grc' dir='ltr'>καὶ</span> <span class='ocrx_word' id='word_1_395' title='bbox 2978 2407 3028 2463; x_wconf 84' lang='grc' dir='ltr'>έν</span> <span class='ocrx_word' id='word_1_396' title='bbox 3092 2407 3358 2482; x_wconf 74' lang='grc' dir='ltr'>ἐκκλησίᾳ</span> <span class='ocrx_word' id='word_1_397' title='bbox 3418 2412 3550 2488; x_wconf 66' lang='grc' dir='ltr'>φάγε</span> <span class='ocrx_word' id='word_1_398' title='bbox 3602 2414 3679 2467; x_wconf 84' lang='grc' dir='ltr'>καὶ</span> <span class='ocrx_word' id='word_1_399' title='bbox 3725 2415 3805 2484; x_wconf 76' lang='grc' dir='ltr'>πίε,</span> 
     </span>
    </p>
   </div>
   <div class='ocr_carea' id='block_1_56' title="bbox 2215 2493 3806 2573">
    <p class='ocr_par' dir='ltr' id='par_1_56' title="bbox 2215 2493 3806 2573">
     <span class='ocr_line' id='line_1_56' title="bbox 2215 2493 3806 2573; baseline 0.005 -25"><span class='ocrx_word' id='word_1_400' title='bbox 2215 2493 2266 2548; x_wconf 82' lang='grc' dir='ltr'>ἐν</span> <span class='ocrx_word' id='word_1_401' title='bbox 2298 2494 2452 2567; x_wconf 86' lang='grc' dir='ltr'>τόπῳ</span> <span class='ocrx_word' id='word_1_402' title='bbox 2485 2495 2653 2565; x_wconf 80' lang='grc' dir='ltr'>αὐτῆς</span> <span class='ocrx_word' id='word_1_403' title='bbox 2685 2496 3182 2573; x_wconf 68' lang='grc' dir='ltr'>ἀνακεχωρημένῳσ</span> <span class='ocrx_word' id='word_1_404' title='bbox 3217 2499 3302 2554; x_wconf 71' lang='grc' dir='ltr'>ἐὰν</span> <span class='ocrx_word' id='word_1_405' title='bbox 3340 2498 3397 2555; x_wconf 83' lang='grc' dir='ltr'>δὲ</span> <span class='ocrx_word' id='word_1_406' title='bbox 3432 2504 3504 2573; x_wconf 72' lang='grc' dir='ltr'>μὴ</span> <span class='ocrx_word' id='word_1_407' title='bbox 3599 2501 3806 2571; x_wconf 74' lang='grc' dir='ltr'>ἐκκλησῖα</span> 
     </span>
    </p>
   </div>
   <div class='ocr_carea' id='block_1_57' title="bbox 2215 2582 3802 2665">
    <p class='ocr_par' dir='ltr' id='par_1_57' title="bbox 2215 2582 3802 2665">
     <span class='ocr_line' id='line_1_57' title="bbox 2215 2582 3802 2665; baseline 0.004 -27"><span class='ocrx_word' id='word_1_408' title='bbox 2215 2582 2266 2638; x_wconf 84' lang='grc' dir='ltr'>ἐν</span> <span class='ocrx_word' id='word_1_409' title='bbox 2318 2589 2398 2656; x_wconf 79' lang='grc' dir='ltr'>τῷ</span> <span class='ocrx_word' id='word_1_410' title='bbox 2444 2584 2620 2658; x_wconf 86' lang='grc' dir='ltr'>τόπῳ,</span> <span class='ocrx_word' id='word_1_411' title='bbox 2685 2584 2826 2658; x_wconf 71' lang='grc' dir='ltr'>μηδὲ</span> <span class='ocrx_word' id='word_1_412' title='bbox 2873 2586 3016 2641; x_wconf 82' lang='grc' dir='ltr'>οἰκία</span> <span class='ocrx_word' id='word_1_413' title='bbox 3055 2585 3387 2662; x_wconf 78' lang='grc' dir='ltr'>ὅρθοδὸξων,</span> <span class='ocrx_word' id='word_1_414' title='bbox 3419 2591 3505 2644; x_wconf 86' lang='grc' dir='ltr'>καὶ</span> <span class='ocrx_word' id='word_1_415' title='bbox 3536 2591 3714 2665; x_wconf 77' lang='grc' dir='ltr'>ἀνάγκη</span> <span class='ocrx_word' id='word_1_416' title='bbox 3741 2613 3802 2645; x_wconf 79' lang='grc' dir='ltr'>σοι</span> 
     </span>
    </p>
   </div>
   <div class='ocr_carea' id='block_1_58' title="bbox 2211 2671 3799 2752">
    <p class='ocr_par' dir='ltr' id='par_1_58' title="bbox 2211 2671 3799 2752">
     <span class='ocr_line' id='line_1_58' title="bbox 2211 2671 3799 2752; baseline 0.006 -27"><span class='ocrx_word' id='word_1_417' title='bbox 2211 2671 2451 2746; x_wconf 87' lang='grc' dir='ltr'>γένηται,</span> <span class='ocrx_word' id='word_1_418' title='bbox 2510 2673 2598 2729; x_wconf 81' lang='grc' dir='ltr'>καὶ</span> <span class='ocrx_word' id='word_1_419' title='bbox 2648 2673 2891 2748; x_wconf 81' lang='grc' dir='ltr'>εἰσέλθῃς</span> <span class='ocrx_word' id='word_1_420' title='bbox 2940 2675 3014 2737; x_wconf 68' lang='grc' dir='ltr'>είς</span> <span class='ocrx_word' id='word_1_421' title='bbox 3061 2673 3418 2752; x_wconf 85' lang='grc' dir='ltr'>πανδοχεῖον,</span> <span class='ocrx_word' id='word_1_422' title='bbox 3449 2679 3567 2735; x_wconf 85' lang='grc' dir='ltr'>θέλε</span> <span class='ocrx_word' id='word_1_423' title='bbox 3596 2679 3799 2752; x_wconf 81' lang='grc' dir='ltr'>μένεινέν</span> 
     </span>
    </p>
   </div>
   <div class='ocr_carea' id='block_1_59' title="bbox 2212 2758 3798 2840">
    <p class='ocr_par' dir='ltr' id='par_1_59' title="bbox 2212 2758 3798 2840">
     <span class='ocr_line' id='line_1_59' title="bbox 2212 2758 3798 2840; baseline 0.003 -25"><span class='ocrx_word' id='word_1_424' title='bbox 2212 2758 2544 2836; x_wconf 83' lang='grc' dir='ltr'>πανδοχείῳ,</span> <span class='ocrx_word' id='word_1_425' title='bbox 2596 2761 2733 2817; x_wconf 80' lang='grc' dir='ltr'>ὅπου</span> <span class='ocrx_word' id='word_1_426' title='bbox 2781 2763 2881 2818; x_wconf 78' lang='grc' dir='ltr'>οὐκ</span> <span class='ocrx_word' id='word_1_427' title='bbox 2923 2764 3020 2820; x_wconf 85' lang='grc' dir='ltr'><strong>εἶεὶ</strong></span> <span class='ocrx_word' id='word_1_428' title='bbox 3058 2772 3330 2840; x_wconf 85' lang='grc' dir='ltr'>γυναῖκες,</span> <span class='ocrx_word' id='word_1_429' title='bbox 3363 2767 3486 2823; x_wconf 76' lang='grc' dir='ltr'>οὕτε</span> <span class='ocrx_word' id='word_1_430' title='bbox 3536 2767 3798 2839; x_wconf 72' lang='grc' dir='ltr'>καπηλεῖον·</span> 
     </span>
    </p>
   </div>
   <div class='ocr_carea' id='block_1_60' title="bbox 2211 2848 2890 2924">
    <p class='ocr_par' dir='ltr' id='par_1_60' title="bbox 2211 2848 2890 2924">
     <span class='ocr_line' id='line_1_60' title="bbox 2211 2848 2890 2924; baseline 0.01 -21"><span class='ocrx_word' id='word_1_431' title='bbox 2211 2848 2299 2903; x_wconf 81' lang='grc' dir='ltr'>καὶ</span> <span class='ocrx_word' id='word_1_432' title='bbox 2329 2855 2490 2905; x_wconf 80' lang='grc' dir='ltr'>τοῦτο</span> <span class='ocrx_word' id='word_1_433' title='bbox 2525 2851 2660 2924; x_wconf 88' lang='grc' dir='ltr'>μετά</span> <span class='ocrx_word' id='word_1_434' title='bbox 2688 2850 2890 2922; x_wconf 78' lang='grc' dir='ltr'>λύπης.</span> 
     </span>
    </p>
   </div>
   <div class='ocr_carea' id='block_1_61' title="bbox 2279 2939 3796 3024">
    <p class='ocr_par' dir='ltr' id='par_1_61' title="bbox 2279 2939 3796 3024">
     <span class='ocr_line' id='line_1_61' title="bbox 2279 2939 3796 3024; baseline 0.009 -32"><span class='ocrx_word' id='word_1_435' title='bbox 2279 2941 2334 2996; x_wconf 88' lang='grc'>7.</span> <span class='ocrx_word' id='word_1_436' title='bbox 2366 2940 2487 2996; x_wconf 75' lang='grc' dir='ltr'>Ἐὰν</span> <span class='ocrx_word' id='word_1_437' title='bbox 2547 2939 2664 3008; x_wconf 83' lang='grc' dir='ltr'>οὗν,</span> <span class='ocrx_word' id='word_1_438' title='bbox 2710 2939 2806 3002; x_wconf 78' lang='grc' dir='ltr'>τὰς</span> <span class='ocrx_word' id='word_1_439' title='bbox 2863 2941 3263 3015; x_wconf 76' lang='grc' dir='ltr'>προειρημένας</span> <span class='ocrx_word' id='word_1_440' title='bbox 3320 2943 3540 3007; x_wconf 68' lang='grc' dir='ltr'>ἐντολὰς</span> <span class='ocrx_word' id='word_1_441' title='bbox 3589 2945 3796 3024; x_wconf 52' lang='lat' dir='ltr'>ciliis“,</span> 
     </span>
    </p>
   </div>
   <div class='ocr_carea' id='block_1_62' title="bbox 2207 3027 3794 3108">
    <p class='ocr_par' dir='ltr' id='par_1_62' title="bbox 2207 3027 3794 3108">
     <span class='ocr_line' id='line_1_62' title="bbox 2207 3027 3794 3108; baseline 0.008 -28"><span class='ocrx_word' id='word_1_442' title='bbox 2207 3027 2297 3081; x_wconf 81' lang='grc' dir='ltr'>καὶ</span> <span class='ocrx_word' id='word_1_443' title='bbox 2347 3031 2452 3082; x_wconf 82' lang='grc' dir='ltr'>τῶν</span> <span class='ocrx_word' id='word_1_444' title='bbox 2515 3027 2926 3103; x_wconf 81' lang='grc' dir='ltr'>προειρημένων</span> <span class='ocrx_word' id='word_1_445' title='bbox 2970 3029 3304 3108; x_wconf 73' lang='grc' dir='ltr'>σφαλμάτων</span> <span class='ocrx_word' id='word_1_446' title='bbox 3364 3034 3542 3090; x_wconf 72' lang='grc' dir='ltr'>ἑαυτὸν</span> <span class='ocrx_word' id='word_1_447' title='bbox 3586 3037 3794 3108; x_wconf 64' lang='grc' dir='ltr'>τηρήσας,</span> 
     </span>
    </p>
   </div>
   <div class='ocr_carea' id='block_1_63' title="bbox 2207 3111 3794 3198">
    <p class='ocr_par' dir='ltr' id='par_1_63' title="bbox 2207 3111 3794 3198">
     <span class='ocr_line' id='line_1_63' title="bbox 2207 3111 3794 3198; baseline 0.004 -29"><span class='ocrx_word' id='word_1_448' title='bbox 2207 3116 2298 3170; x_wconf 85' lang='grc' dir='ltr'>τὸν</span> <span class='ocrx_word' id='word_1_449' title='bbox 2350 3111 2558 3192; x_wconf 80' lang='grc' dir='ltr'>δρόμον</span> <span class='ocrx_word' id='word_1_450' title='bbox 2607 3115 2899 3191; x_wconf 87' lang='grc' dir='ltr'>τελειώσῃς</span> <span class='ocrx_word' id='word_1_451' title='bbox 2947 3118 2999 3173; x_wconf 86' lang='grc' dir='ltr'>έν</span> <span class='ocrx_word' id='word_1_452' title='bbox 3047 3119 3223 3175; x_wconf 81' lang='grc' dir='ltr'>πίστει</span> <span class='ocrx_word' id='word_1_453' title='bbox 3253 3143 3315 3176; x_wconf 88' lang='grc' dir='ltr'>τε</span> <span class='ocrx_word' id='word_1_454' title='bbox 3360 3123 3449 3177; x_wconf 80' lang='grc' dir='ltr'>καὶ</span> <span class='ocrx_word' id='word_1_455' title='bbox 3480 3123 3706 3198; x_wconf 83' lang='grc' dir='ltr'>ἁγνότητι</span> <span class='ocrx_word' id='word_1_456' title='bbox 3729 3123 3794 3176; x_wconf 77' lang='grc' dir='ltr'>καὶ</span> 
     </span>
    </p>
   </div>
   <div class='ocr_carea' id='block_1_64' title="bbox 2207 3202 3790 3286">
    <p class='ocr_par' dir='ltr' id='par_1_64' title="bbox 2207 3202 3790 3286">
     <span class='ocr_line' id='line_1_64' title="bbox 2207 3202 3790 3286; baseline 0.004 -29"><span class='ocrx_word' id='word_1_457' title='bbox 2207 3202 2478 3276; x_wconf 81' lang='grc' dir='ltr'>πολιτείᾳ,</span> <span class='ocrx_word' id='word_1_458' title='bbox 2528 3205 2662 3260; x_wconf 76' lang='grc' dir='ltr'>κατὰ</span> <span class='ocrx_word' id='word_1_459' title='bbox 2705 3206 2768 3260; x_wconf 90' lang='grc' dir='ltr'>τὸ</span> <span class='ocrx_word' id='word_1_460' title='bbox 2818 3205 3122 3282; x_wconf 76' lang='grc' dir='ltr'>εἰρημένον.</span> <span class='ocrx_word' id='word_1_461' title='bbox 3179 3211 3391 3284; x_wconf 86' lang='grc' dir='ltr'>βαθμὸν</span> <span class='ocrx_word' id='word_1_462' title='bbox 3441 3218 3628 3286; x_wconf 78' lang='grc' dir='ltr'>σεαυτῷ</span> <span class='ocrx_word' id='word_1_463' title='bbox 3669 3215 3790 3286; x_wconf 82' lang='grc' dir='ltr'>μέγαν</span> 
     </span>
    </p>
   </div>
   <div class='ocr_carea' id='block_1_65' title="bbox 2149 1921 2197 1986">
    <p class='ocr_par' dir='ltr' id='par_1_65' title="bbox 2149 1921 2197 1986">
     <span class='ocr_line' id='line_1_65' title="bbox 2149 1921 2197 1986; baseline 0 0"><span class='ocrx_word' id='word_1_464' title='bbox 2149 1921 2197 1986; x_wconf 94' lang='grc' dir='ltr'><strong>Β</strong></span> 
     </span>
    </p>
   </div>
   <div class='ocr_carea' id='block_1_66' title="bbox 449 3290 2098 3376">
    <p class='ocr_par' dir='ltr' id='par_1_66' title="bbox 449 3296 2096 3372">
     <span class='ocr_line' id='line_1_66' title="bbox 449 3296 2096 3372; baseline 0.004 -23"><span class='ocrx_word' id='word_1_465' title='bbox 449 3296 582 3350; x_wconf 83' lang='lat' dir='ltr'>ﬁdei</span> <span class='ocrx_word' id='word_1_466' title='bbox 616 3303 924 3372; x_wconf 64' lang='lat' dir='ltr'>praecepta,</span> <span class='ocrx_word' id='word_1_467' title='bbox 951 3304 1008 3352; x_wconf 89' lang='lat' dir='ltr'>et</span> <span class='ocrx_word' id='word_1_468' title='bbox 1036 3299 1183 3354; x_wconf 74' lang='lat'>307</span> <span class='ocrx_word' id='word_1_469' title='bbox 1221 3298 1676 3363; x_wconf 88' lang='lat' dir='ltr'>observationes,</span> <span class='ocrx_word' id='word_1_470' title='bbox 1711 3317 1857 3371; x_wconf 89' lang='lat' dir='ltr'>quas</span> <span class='ocrx_word' id='word_1_471' title='bbox 1888 3301 1935 3355; x_wconf 89' lang='lat' dir='ltr'>si</span> <span class='ocrx_word' id='word_1_472' title='bbox 1970 3318 2096 3372; x_wconf 90' lang='lat' dir='ltr'>per-</span> 
     </span>
    </p>
   </div>
   <div class='ocr_carea' id='block_1_67' title="bbox 2209 3290 3794 3376">
    <p class='ocr_par' dir='ltr' id='par_1_67' title="bbox 2209 3292 3794 3376">
     <span class='ocr_line' id='line_1_67' title="bbox 2209 3292 3794 3376; baseline 0.004 -31"><span class='ocrx_word' id='word_1_473' title='bbox 2209 3292 2297 3346; x_wconf 86' lang='grc' dir='ltr'>καὶ</span> <span class='ocrx_word' id='word_1_474' title='bbox 2330 3294 2527 3368; x_wconf 83' lang='grc' dir='ltr'>ἀγαθὸν</span> <span class='ocrx_word' id='word_1_475' title='bbox 2577 3297 2928 3370; x_wconf 77' lang='grc' dir='ltr'>περιποιήσῃ.</span> <span class='ocrx_word' id='word_1_476' title='bbox 2979 3296 3151 3352; x_wconf 79' lang='grc' dir='ltr'>Αὐταί</span> <span class='ocrx_word' id='word_1_477' title='bbox 3201 3298 3337 3354; x_wconf 88' lang='grc' dir='ltr'>εἰσιν</span> <span class='ocrx_word' id='word_1_478' title='bbox 3389 3301 3442 3354; x_wconf 80' lang='grc' dir='ltr'>αἱ</span> <span class='ocrx_word' id='word_1_479' title='bbox 3470 3303 3561 3370; x_wconf 71' lang='grc' dir='ltr'>τῆς</span> <span class='ocrx_word' id='word_1_480' title='bbox 3589 3321 3794 3376; x_wconf 80' lang='grc' dir='ltr'>προειρηο</span> 
     </span>
    </p>
   </div>
   <div class='ocr_carea' id='block_1_68' title="bbox 450 3385 2094 3459">
    <p class='ocr_par' dir='ltr' id='par_1_68' title="bbox 450 3385 2094 3459">
     <span class='ocr_line' id='line_1_68' title="bbox 450 3385 2094 3459; baseline 0.004 -21"><span class='ocrx_word' id='word_1_481' title='bbox 450 3385 978 3456; x_wconf 84' lang='lat' dir='ltr'>feceris,ﬁdemque</span> <span class='ocrx_word' id='word_1_482' title='bbox 1010 3387 1474 3453; x_wconf 87' lang='lat' dir='ltr'>servaveris,eris</span> <span class='ocrx_word' id='word_1_483' title='bbox 1505 3388 1834 3459; x_wconf 88' lang='lat' dir='ltr'>discipulus</span> <span class='ocrx_word' id='word_1_484' title='bbox 1863 3389 2094 3445; x_wconf 89' lang='lat' dir='ltr'>Domini</span> 
     </span>
    </p>
   </div>
   <div class='ocr_carea' id='block_1_69' title="bbox 451 3473 2098 3547">
    <p class='ocr_par' dir='ltr' id='par_1_69' title="bbox 451 3473 2098 3547">
     <span class='ocr_line' id='line_1_69' title="bbox 451 3473 2098 3547; baseline 0.004 -21"><span class='ocrx_word' id='word_1_485' title='bbox 451 3473 635 3526; x_wconf 88' lang='lat' dir='ltr'>nostri</span> <span class='ocrx_word' id='word_1_486' title='bbox 667 3473 803 3528; x_wconf 85' lang='lat' dir='ltr'>Jesu</span> <span class='ocrx_word' id='word_1_487' title='bbox 836 3473 1237 3540; x_wconf 86' lang='lat' dir='ltr'>Christi.Quod</span> <span class='ocrx_word' id='word_1_488' title='bbox 1273 3475 1318 3530; x_wconf 92' lang='lat' dir='ltr'>si</span> <span class='ocrx_word' id='word_1_489' title='bbox 1346 3477 1479 3546; x_wconf 87' lang='lat' dir='ltr'>quis</span> <span class='ocrx_word' id='word_1_490' title='bbox 1497 3477 1851 3547; x_wconf 89' lang='lat' dir='ltr'>supradictis</span> <span class='ocrx_word' id='word_1_491' title='bbox 1873 3484 2098 3534; x_wconf 87' lang='lat' dir='ltr'>contra-</span> 
     </span>
    </p>
   </div>
   <div class='ocr_carea' id='block_1_70' title="bbox 451 3561 2096 3638">
    <p class='ocr_par' dir='ltr' id='par_1_70' title="bbox 451 3561 2096 3638">
     <span class='ocr_line' id='line_1_70' title="bbox 451 3561 2096 3638; baseline 0.005 -23"><span class='ocrx_word' id='word_1_492' title='bbox 451 3561 629 3631; x_wconf 90' lang='lat' dir='ltr'>dicat,</span> <span class='ocrx_word' id='word_1_493' title='bbox 663 3562 778 3618; x_wconf 94' lang='lat' dir='ltr'>Deo</span> <span class='ocrx_word' id='word_1_494' title='bbox 809 3564 1173 3618; x_wconf 86' lang='lat' dir='ltr'>contradicit.</span> <span class='ocrx_word' id='word_1_495' title='bbox 1193 3563 1428 3619; x_wconf 83' lang='lat' dir='ltr'>Evolvat</span> <span class='ocrx_word' id='word_1_496' title='bbox 1457 3563 1553 3620; x_wconf 91' lang='lat' dir='ltr'>ille</span> <span class='ocrx_word' id='word_1_497' title='bbox 1584 3565 1809 3621; x_wconf 90' lang='lat' dir='ltr'>divinas</span> <span class='ocrx_word' id='word_1_498' title='bbox 1837 3568 2096 3638; x_wconf 85' lang='lat' dir='ltr'>Scriptu-</span> 
     </span>
    </p>
   </div>
   <div class='ocr_carea' id='block_1_71' title="bbox 452 3650 2096 3720">
    <p class='ocr_par' dir='ltr' id='par_1_71' title="bbox 452 3650 2096 3720">
     <span class='ocr_line' id='line_1_71' title="bbox 452 3650 2096 3720; baseline 0.004 -16"><span class='ocrx_word' id='word_1_499' title='bbox 452 3666 568 3713; x_wconf 84' lang='lat' dir='ltr'>ras,</span> <span class='ocrx_word' id='word_1_500' title='bbox 622 3650 907 3720; x_wconf 79' lang='lat' dir='ltr'>intelligat</span> <span class='ocrx_word' id='word_1_501' title='bbox 955 3651 1326 3706; x_wconf 87' lang='lat' dir='ltr'>traditionem</span> <span class='ocrx_word' id='word_1_502' title='bbox 1392 3653 1680 3720; x_wconf 66' lang='lat' dir='ltr'>Ecclesiae,</span> <span class='ocrx_word' id='word_1_503' title='bbox 1741 3672 1806 3710; x_wconf 90' lang='lat' dir='ltr'>ac</span> <span class='ocrx_word' id='word_1_504' title='bbox 1858 3656 2096 3712; x_wconf 91' lang='lat' dir='ltr'>demum</span> 
     </span>
    </p>
   </div>
   <div class='ocr_carea' id='block_1_72' title="bbox 451 3739 2098 3813">
    <p class='ocr_par' dir='ltr' id='par_1_72' title="bbox 451 3739 2098 3813">
     <span class='ocr_line' id='line_1_72' title="bbox 451 3739 2098 3813; baseline 0.004 -20"><span class='ocrx_word' id='word_1_505' title='bbox 451 3744 762 3808; x_wconf 81' lang='lat' dir='ltr'>cognoscet</span> <span class='ocrx_word' id='word_1_506' title='bbox 793 3739 913 3795; x_wconf 68' lang='grc' dir='ltr'>1]ωο</span> <span class='ocrx_word' id='word_1_507' title='bbox 942 3740 1141 3796; x_wconf 90' lang='lat' dir='ltr'>omnia</span> <span class='ocrx_word' id='word_1_508' title='bbox 1176 3743 1518 3813; x_wconf 63' lang='lat' dir='ltr'>praecepisse</span> <span class='ocrx_word' id='word_1_509' title='bbox 1547 3743 2011 3800; x_wconf 89' lang='lat' dir='ltr'>Dominum.Nos</span> <span class='ocrx_word' id='word_1_510' title='bbox 2026 3761 2098 3801; x_wconf 87' lang='lat' dir='ltr'>ne</span> 
     </span>
    </p>
   </div>
   <div class='ocr_carea' id='block_1_73' title="bbox 446 3826 2091 3904">
    <p class='ocr_par' dir='ltr' id='par_1_73' title="bbox 446 3826 2091 3904">
     <span class='ocr_line' id='line_1_73' title="bbox 446 3826 2091 3904; baseline 0.005 -24"><span class='ocrx_word' id='word_1_511' title='bbox 446 3826 737 3896; x_wconf 82' lang='lat' dir='ltr'>longiores</span> <span class='ocrx_word' id='word_1_512' title='bbox 780 3846 1069 3896; x_wconf 86' lang='lat' dir='ltr'>essemus,</span> <span class='ocrx_word' id='word_1_513' title='bbox 1125 3832 1462 3886; x_wconf 86' lang='lat' dir='ltr'>testimonia</span> <span class='ocrx_word' id='word_1_514' title='bbox 1503 3849 1616 3887; x_wconf 92' lang='lat' dir='ltr'>non</span> <span class='ocrx_word' id='word_1_515' title='bbox 1687 3833 2091 3904; x_wconf 79' lang='lat' dir='ltr'>produximus.</span> 
     </span>
    </p>
   </div>
   <div class='ocr_carea' id='block_1_74' title="bbox 447 3914 2091 3993">
    <p class='ocr_par' dir='ltr' id='par_1_74' title="bbox 447 3914 2091 3993">
     <span class='ocr_line' id='line_1_74' title="bbox 447 3914 2091 3993; baseline 0.006 -24"><span class='ocrx_word' id='word_1_516' title='bbox 447 3914 742 3972; x_wconf 87' lang='lat' dir='ltr'>Hactenus</span> <span class='ocrx_word' id='word_1_517' title='bbox 772 3925 1059 3990; x_wconf 83' lang='lat' dir='ltr'>praecepta</span> <span class='ocrx_word' id='word_1_518' title='bbox 1090 3920 1406 3976; x_wconf 88' lang='lat' dir='ltr'>monachos</span> <span class='ocrx_word' id='word_1_519' title='bbox 1425 3919 1794 3993; x_wconf 89' lang='lat' dir='ltr'>reliquosque</span> <span class='ocrx_word' id='word_1_520' title='bbox 1814 3922 2091 3979; x_wconf 85' lang='lat' dir='ltr'>Christia-</span> 
     </span>
    </p>
   </div>
   <div class='ocr_carea' id='block_1_75' title="bbox 445 4007 926 4078">
    <p class='ocr_par' dir='ltr' id='par_1_75' title="bbox 445 4007 926 4078">
     <span class='ocr_line' id='line_1_75' title="bbox 445 4007 926 4078; baseline 0.008 -20"><span class='ocrx_word' id='word_1_521' title='bbox 445 4021 552 4060; x_wconf 91' lang='lat' dir='ltr'>nos</span> <span class='ocrx_word' id='word_1_522' title='bbox 581 4007 926 4078; x_wconf 87' lang='lat' dir='ltr'>spectantia.</span> 
     </span>
    </p>
   </div>
   <div class='ocr_carea' id='block_1_76' title="bbox 506 4253 2089 4331">
    <p class='ocr_par' dir='ltr' id='par_1_76' title="bbox 506 4253 2089 4331">
     <span class='ocr_line' id='line_1_76' title="bbox 506 4253 2089 4331; baseline 0.006 -24"><span class='ocrx_word' id='word_1_523' title='bbox 506 4253 561 4308; x_wconf 93' lang='lat'>8.</span> <span class='ocrx_word' id='word_1_524' title='bbox 593 4256 720 4309; x_wconf 90' lang='lat' dir='ltr'>Jam</span> <span class='ocrx_word' id='word_1_525' title='bbox 755 4272 888 4311; x_wconf 88' lang='lat' dir='ltr'>vero</span> <span class='ocrx_word' id='word_1_526' title='bbox 920 4257 965 4312; x_wconf 89' lang='lat' dir='ltr'>si</span> <span class='ocrx_word' id='word_1_527' title='bbox 1001 4259 1274 4314; x_wconf 86' lang='lat' dir='ltr'>sacerdos</span> <span class='ocrx_word' id='word_1_528' title='bbox 1305 4258 1601 4331; x_wconf 88' lang='lat' dir='ltr'>quispiam</span> <span class='ocrx_word' id='word_1_529' title='bbox 1647 4264 1920 4318; x_wconf 88' lang='lat' dir='ltr'>accurate</span> <span class='ocrx_word' id='word_1_530' title='bbox 1951 4261 2089 4318; x_wconf 87' lang='lat' dir='ltr'>velit</span> 
     </span>
    </p>
   </div>
   <div class='ocr_carea' id='block_1_77' title="bbox 438 4344 2084 4422">
    <p class='ocr_par' dir='ltr' id='par_1_77' title="bbox 438 4344 2084 4422">
     <span class='ocr_line' id='line_1_77' title="bbox 438 4344 2084 4422; baseline 0.007 -26"><span class='ocrx_word' id='word_1_531' title='bbox 438 4344 766 4399; x_wconf 88' lang='lat' dir='ltr'>sacerdotio</span> <span class='ocrx_word' id='word_1_532' title='bbox 794 4345 983 4416; x_wconf 81' lang='lat' dir='ltr'>fungi,</span> <span class='ocrx_word' id='word_1_533' title='bbox 1015 4363 1148 4401; x_wconf 89' lang='lat' dir='ltr'>cum</span> <span class='ocrx_word' id='word_1_534' title='bbox 1177 4348 1579 4420; x_wconf 90' lang='lat' dir='ltr'>superioribus</span> <span class='ocrx_word' id='word_1_535' title='bbox 1628 4351 1952 4422; x_wconf 64' lang='lat' dir='ltr'>praeceptis,</span> <span class='ocrx_word' id='word_1_536' title='bbox 1986 4369 2084 4407; x_wconf 83' lang='lat' dir='ltr'>so-</span> 
     </span>
    </p>
   </div>
   <div class='ocr_carea' id='block_1_78' title="bbox 432 4429 2080 4510">
    <p class='ocr_par' dir='ltr' id='par_1_78' title="bbox 432 4429 2080 4510">
     <span class='ocr_line' id='line_1_78' title="bbox 432 4429 2080 4510; baseline 0.008 -26"><span class='ocrx_word' id='word_1_537' title='bbox 432 4429 598 4487; x_wconf 89' lang='lat' dir='ltr'>brius</span> <span class='ocrx_word' id='word_1_538' title='bbox 630 4432 727 4497; x_wconf 86' lang='lat' dir='ltr'>sit,</span> <span class='ocrx_word' id='word_1_539' title='bbox 760 4435 858 4488; x_wconf 91' lang='lat' dir='ltr'>sed</span> <span class='ocrx_word' id='word_1_540' title='bbox 871 4433 2080 4510; x_wconf 87' lang='lat' dir='ltr'>ulus,patiens,mausuetus,orphanorum,</span> 
     </span>
    </p>
   </div>
   <div class='ocr_carea' id='block_1_79' title="bbox 430 4521 2082 4600">
    <p class='ocr_par' dir='ltr' id='par_1_79' title="bbox 430 4521 2082 4600">
     <span class='ocr_line' id='line_1_79' title="bbox 430 4521 2082 4600; baseline 0.009 -29"><span class='ocrx_word' id='word_1_541' title='bbox 430 4533 781 4590; x_wconf 90' lang='lat' dir='ltr'>pauperum,</span> <span class='ocrx_word' id='word_1_542' title='bbox 814 4521 1432 4594; x_wconf 87' lang='lat' dir='ltr'>hospitum,bonorum</span> <span class='ocrx_word' id='word_1_543' title='bbox 1465 4529 1954 4600; x_wconf 88' lang='lat' dir='ltr'>amans,quietus,</span> <span class='ocrx_word' id='word_1_544' title='bbox 1988 4530 2082 4586; x_wconf 85' lang='lat' dir='ltr'>fir-</span> 
     </span>
    </p>
   </div>
   <div class='ocr_carea' id='block_1_80' title="bbox 429 4608 2075 4688">
    <p class='ocr_par' dir='ltr' id='par_1_80' title="bbox 429 4608 2075 4688">
     <span class='ocr_line' id='line_1_80' title="bbox 429 4608 2075 4688; baseline 0.007 -26"><span class='ocrx_word' id='word_1_545' title='bbox 429 4623 564 4664; x_wconf 87' lang='lat' dir='ltr'>mus</span> <span class='ocrx_word' id='word_1_546' title='bbox 598 4608 730 4679; x_wconf 84' lang='lat' dir='ltr'>ﬁde,</span> <span class='ocrx_word' id='word_1_547' title='bbox 763 4613 1076 4680; x_wconf 87' lang='lat' dir='ltr'>sententia,</span> <span class='ocrx_word' id='word_1_548' title='bbox 1128 4613 1325 4678; x_wconf 89' lang='lat' dir='ltr'>verbo,</span> <span class='ocrx_word' id='word_1_549' title='bbox 1369 4614 1672 4670; x_wconf 86' lang='lat' dir='ltr'>abstinens</span> <span class='ocrx_word' id='word_1_550' title='bbox 1721 4633 1756 4671; x_wconf 90' lang='lat' dir='ltr'>a</span> <span class='ocrx_word' id='word_1_551' title='bbox 1813 4617 2075 4688; x_wconf 90' lang='lat' dir='ltr'>muliere,</span> 
     </span>
    </p>
   </div>
   <div class='ocr_carea' id='block_1_81' title="bbox 423 4699 2074 4779">
    <p class='ocr_par' dir='ltr' id='par_1_81' title="bbox 423 4699 2074 4779">
     <span class='ocr_line' id='line_1_81' title="bbox 423 4699 2074 4779; baseline 0.007 -29"><span class='ocrx_word' id='word_1_552' title='bbox 423 4711 660 4769; x_wconf 86' lang='lat' dir='ltr'>gregem</span> <span class='ocrx_word' id='word_1_553' title='bbox 713 4715 828 4755; x_wconf 92' lang='lat' dir='ltr'>non</span> <span class='ocrx_word' id='word_1_554' title='bbox 878 4699 1154 4772; x_wconf 86' lang='lat' dir='ltr'>negligat,</span> <span class='ocrx_word' id='word_1_555' title='bbox 1205 4718 1275 4756; x_wconf 92' lang='lat' dir='ltr'>ne</span> <span class='ocrx_word' id='word_1_556' title='bbox 1334 4703 1670 4775; x_wconf 87' lang='lat' dir='ltr'>quempiam</span> <span class='ocrx_word' id='word_1_557' title='bbox 1721 4713 2074 4779; x_wconf 86' lang='lat' dir='ltr'>exsecretur,</span> 
     </span>
    </p>
   </div>
   <div class='ocr_carea' id='block_1_82' title="bbox 419 4790 2075 4863">
    <p class='ocr_par' dir='ltr' id='par_1_82' title="bbox 419 4790 2075 4863">
     <span class='ocr_line' id='line_1_82' title="bbox 419 4790 2075 4863; baseline 0.007 -23"><span class='ocrx_word' id='word_1_558' title='bbox 419 4801 729 4854; x_wconf 88' lang='lat' dir='ltr'>personam</span> <span class='ocrx_word' id='word_1_559' title='bbox 764 4804 835 4843; x_wconf 90' lang='lat' dir='ltr'>ne</span> <span class='ocrx_word' id='word_1_560' title='bbox 884 4790 1154 4861; x_wconf 78' lang='lat' dir='ltr'>accipiat,</span> <span class='ocrx_word' id='word_1_561' title='bbox 1208 4807 1412 4846; x_wconf 86' lang='lat' dir='ltr'>omnes</span> <span class='ocrx_word' id='word_1_562' title='bbox 1473 4799 1786 4863; x_wconf 86' lang='lat' dir='ltr'>coarguat;</span> <span class='ocrx_word' id='word_1_563' title='bbox 1821 4811 1890 4849; x_wconf 91' lang='lat' dir='ltr'>ne</span> <span class='ocrx_word' id='word_1_564' title='bbox 1919 4795 2075 4852; x_wconf 85' lang='lat' dir='ltr'>sinat</span> 
     </span>
    </p>
   </div>
   <div class='ocr_carea' id='block_1_83' title="bbox 419 4872 2070 4955">
    <p class='ocr_par' dir='ltr' id='par_1_83' title="bbox 419 4872 2070 4955">
     <span class='ocr_line' id='line_1_83' title="bbox 419 4872 2070 4955; baseline 0.007 -27"><span class='ocrx_word' id='word_1_565' title='bbox 419 4872 602 4929; x_wconf 90' lang='lat' dir='ltr'>ullam</span> <span class='ocrx_word' id='word_1_566' title='bbox 634 4876 961 4934; x_wconf 89' lang='lat' dir='ltr'>scabiosam</span> <span class='ocrx_word' id='word_1_567' title='bbox 995 4879 1052 4933; x_wconf 92' lang='lat' dir='ltr'>in</span> <span class='ocrx_word' id='word_1_568' title='bbox 1087 4878 1226 4933; x_wconf 91' lang='lat' dir='ltr'>ovili</span> <span class='ocrx_word' id='word_1_569' title='bbox 1276 4896 1464 4950; x_wconf 90' lang='lat' dir='ltr'>ovem,</span> <span class='ocrx_word' id='word_1_570' title='bbox 1519 4882 1618 4937; x_wconf 88' lang='lat' dir='ltr'>sed</span> <span class='ocrx_word' id='word_1_571' title='bbox 1654 4900 1756 4953; x_wconf 87' lang='lat' dir='ltr'>per</span> <span class='ocrx_word' id='word_1_572' title='bbox 1786 4883 2070 4955; x_wconf 71' lang='lat' dir='ltr'>pwniten-</span> 
     </span>
    </p>
   </div>
   <div class='ocr_carea' id='block_1_84' title="bbox 414 4963 2068 5043">
    <p class='ocr_par' dir='ltr' id='par_1_84' title="bbox 414 4963 2068 5043">
     <span class='ocr_line' id='line_1_84' title="bbox 414 4963 2068 5043; baseline 0.008 -27"><span class='ocrx_word' id='word_1_573' title='bbox 414 4963 556 5018; x_wconf 88' lang='lat' dir='ltr'>tiam</span> <span class='ocrx_word' id='word_1_574' title='bbox 591 4971 799 5037; x_wconf 87' lang='lat' dir='ltr'>purget</span> <span class='ocrx_word' id='word_1_575' title='bbox 830 4967 1196 5040; x_wconf 84' lang='lat' dir='ltr'>illam,atque</span> <span class='ocrx_word' id='word_1_576' title='bbox 1228 4969 1309 5024; x_wconf 88' lang='lat' dir='ltr'>ita</span> <span class='ocrx_word' id='word_1_577' title='bbox 1339 4969 1396 5024; x_wconf 91' lang='lat' dir='ltr'>in</span> <span class='ocrx_word' id='word_1_578' title='bbox 1430 4969 1575 5026; x_wconf 90' lang='lat' dir='ltr'>ovile</span> <span class='ocrx_word' id='word_1_579' title='bbox 1608 4971 1847 5043; x_wconf 84' lang='lat' dir='ltr'>recipiat</span> <span class='ocrx_word' id='word_1_580' title='bbox 1881 4990 1891 5029; x_wconf 94' lang='lat'>:</span> <span class='ocrx_word' id='word_1_581' title='bbox 1920 4974 2068 5031; x_wconf 86' lang='lat' dir='ltr'>sciat</span> 
     </span>
    </p>
   </div>
   <div class='ocr_carea' id='block_1_85' title="bbox 2213 3379 3787 3466">
    <p class='ocr_par' dir='ltr' id='par_1_85' title="bbox 2213 3379 3787 3466">
     <span class='ocr_line' id='line_1_85' title="bbox 2213 3379 3787 3466; baseline 0.005 -32"><span class='ocrx_word' id='word_1_582' title='bbox 2213 3379 2377 3454; x_wconf 83' lang='grc' dir='ltr'>μένης</span> <span class='ocrx_word' id='word_1_583' title='bbox 2427 3383 2658 3446; x_wconf 89' lang='grc' dir='ltr'>πίστεως</span> <span class='ocrx_word' id='word_1_584' title='bbox 2708 3381 2922 3438; x_wconf 82' lang='grc' dir='ltr'>ἐντολαὶ</span> <span class='ocrx_word' id='word_1_585' title='bbox 2971 3385 3059 3439; x_wconf 78' lang='grc' dir='ltr'>καὶ</span> <span class='ocrx_word' id='word_1_586' title='bbox 3111 3389 3599 3466; x_wconf 75' lang='grc' dir='ltr'>παραφυλάγματα.</span> <span class='ocrx_word' id='word_1_587' title='bbox 3629 3389 3678 3451; x_wconf 76' lang='grc' dir='ltr'>ἃς</span> <span class='ocrx_word' id='word_1_588' title='bbox 3725 3388 3787 3443; x_wconf 63' lang='grc' dir='ltr'>ἐὰν</span> 
     </span>
    </p>
   </div>
   <div class='ocr_carea' id='block_1_86' title="bbox 2207 3472 3787 3553">
    <p class='ocr_par' dir='ltr' id='par_1_86' title="bbox 2207 3472 3787 3553">
     <span class='ocr_line' id='line_1_86' title="bbox 2207 3472 3787 3553; baseline 0.004 -29"><span class='ocrx_word' id='word_1_589' title='bbox 2207 3472 2457 3544; x_wconf 75' lang='grc' dir='ltr'>ποιήσῃς,</span> <span class='ocrx_word' id='word_1_590' title='bbox 2510 3473 2598 3526; x_wconf 82' lang='grc' dir='ltr'>καὶ</span> <span class='ocrx_word' id='word_1_591' title='bbox 2643 3473 2742 3541; x_wconf 76' lang='grc' dir='ltr'>τὴν</span> <span class='ocrx_word' id='word_1_592' title='bbox 2791 3473 2968 3527; x_wconf 62' lang='grc' dir='ltr'>πίστιν</span> <span class='ocrx_word' id='word_1_593' title='bbox 3015 3477 3288 3550; x_wconf 76' lang='grc' dir='ltr'>τηρήσῃς,</span> <span class='ocrx_word' id='word_1_594' title='bbox 3344 3476 3436 3553; x_wconf 76' lang='grc' dir='ltr'>ἔσῃ</span> <span class='ocrx_word' id='word_1_595' title='bbox 3476 3480 3695 3550; x_wconf 69' lang='grc' dir='ltr'>μαθητής</span> <span class='ocrx_word' id='word_1_596' title='bbox 3717 3482 3787 3532; x_wconf 77' lang='grc' dir='ltr'>τοῦ</span> 
     </span>
    </p>
   </div>
   <div class='ocr_carea' id='block_1_87' title="bbox 2209 3558 3785 3639">
    <p class='ocr_par' dir='ltr' id='par_1_87' title="bbox 2209 3558 3785 3639">
     <span class='ocr_line' id='line_1_87' title="bbox 2209 3558 3785 3639; baseline 0.003 -28"><span class='ocrx_word' id='word_1_597' title='bbox 2209 3558 2407 3634; x_wconf 85' lang='grc' dir='ltr'>Κυρίου</span> <span class='ocrx_word' id='word_1_598' title='bbox 2456 3562 2614 3632; x_wconf 77' lang='grc' dir='ltr'>ἡμῶν</span> <span class='ocrx_word' id='word_1_599' title='bbox 2677 3563 2856 3630; x_wconf 89' lang='grc' dir='ltr'>Ἰησοῦ</span> <span class='ocrx_word' id='word_1_600' title='bbox 2916 3567 3173 3636; x_wconf 77' lang='grc' dir='ltr'>Χριστοῦ.</span> <span class='ocrx_word' id='word_1_601' title='bbox 3235 3565 3298 3620; x_wconf 84' lang='grc' dir='ltr'>Εἰ</span> <span class='ocrx_word' id='word_1_602' title='bbox 3352 3564 3408 3622; x_wconf 80' lang='grc' dir='ltr'>δέ</span> <span class='ocrx_word' id='word_1_603' title='bbox 3453 3588 3532 3630; x_wconf 91' lang='grc' dir='ltr'>τις</span> <span class='ocrx_word' id='word_1_604' title='bbox 3575 3565 3785 3639; x_wconf 74' lang='grc' dir='ltr'>ἀντιλέγει</span> 
     </span>
    </p>
   </div>
   <div class='ocr_carea' id='block_1_88' title="bbox 2203 3649 3783 3731">
    <p class='ocr_par' dir='ltr' id='par_1_88' title="bbox 2203 3649 3783 3731">
     <span class='ocr_line' id='line_1_88' title="bbox 2203 3649 3783 3731; baseline 0.005 -31"><span class='ocrx_word' id='word_1_605' title='bbox 2203 3653 2320 3710; x_wconf 88' lang='grc' dir='ltr'>τοῖς</span> <span class='ocrx_word' id='word_1_606' title='bbox 2371 3649 2813 3724; x_wconf 86' lang='grc' dir='ltr'>προειρημένοις,</span> <span class='ocrx_word' id='word_1_607' title='bbox 2863 3655 2978 3722; x_wconf 86' lang='grc' dir='ltr'>Θεῷ</span> <span class='ocrx_word' id='word_1_608' title='bbox 3024 3651 3162 3706; x_wconf 81' lang='grc' dir='ltr'>ἐστιν</span> <span class='ocrx_word' id='word_1_609' title='bbox 3211 3653 3531 3731; x_wconf 88' lang='grc' dir='ltr'>ἀντιλέγων.</span> <span class='ocrx_word' id='word_1_610' title='bbox 3564 3655 3783 3729; x_wconf 57' lang='grc' dir='ltr'>Ψηλαξήο</span> 
     </span>
    </p>
   </div>
   <div class='ocr_carea' id='block_1_89' title="bbox 2206 3736 3784 3816">
    <p class='ocr_par' dir='ltr' id='par_1_89' title="bbox 2206 3736 3784 3816">
     <span class='ocr_line' id='line_1_89' title="bbox 2206 3736 3784 3816; baseline 0.004 -28"><span class='ocrx_word' id='word_1_611' title='bbox 2206 3755 2282 3789; x_wconf 88' lang='grc' dir='ltr'>σει</span> <span class='ocrx_word' id='word_1_612' title='bbox 2313 3736 2414 3812; x_wconf 75' lang='grc' dir='ltr'>γὰρ</span> <span class='ocrx_word' id='word_1_613' title='bbox 2445 3737 2538 3798; x_wconf 79' lang='grc' dir='ltr'>τὰς</span> <span class='ocrx_word' id='word_1_614' title='bbox 2569 3737 2711 3800; x_wconf 89' lang='grc' dir='ltr'>θείας</span> <span class='ocrx_word' id='word_1_615' title='bbox 2746 3737 2978 3816; x_wconf 77' lang='grc' dir='ltr'>Γραφάς,</span> <span class='ocrx_word' id='word_1_616' title='bbox 3012 3740 3098 3793; x_wconf 84' lang='grc' dir='ltr'>καὶ</span> <span class='ocrx_word' id='word_1_617' title='bbox 3150 3746 3470 3813; x_wconf 78' lang='grc' dir='ltr'>κατανοήσει</span> <span class='ocrx_word' id='word_1_618' title='bbox 3514 3745 3602 3812; x_wconf 75' lang='grc' dir='ltr'>τὴν</span> <span class='ocrx_word' id='word_1_619' title='bbox 3653 3761 3784 3814; x_wconf 75' lang='grc' dir='ltr'>παρα·</span> 
     </span>
    </p>
   </div>
   <div class='ocr_carea' id='block_1_90' title="bbox 2206 3821 3784 3906">
    <p class='ocr_par' dir='ltr' id='par_1_90' title="bbox 2206 3821 3784 3906">
     <span class='ocr_line' id='line_1_90' title="bbox 2206 3821 3784 3906; baseline 0.003 -29"><span class='ocrx_word' id='word_1_620' title='bbox 2206 3821 2352 3879; x_wconf 84' lang='grc' dir='ltr'>δοσιν</span> <span class='ocrx_word' id='word_1_621' title='bbox 2402 3833 2502 3894; x_wconf 88' lang='grc' dir='ltr'>τῆς</span> <span class='ocrx_word' id='word_1_622' title='bbox 2574 3826 2920 3899; x_wconf 85' lang='grc' dir='ltr'>Ἐκκλησίας,</span> <span class='ocrx_word' id='word_1_623' title='bbox 2985 3830 3074 3885; x_wconf 81' lang='grc' dir='ltr'>καὶ</span> <span class='ocrx_word' id='word_1_624' title='bbox 3124 3829 3238 3906; x_wconf 77' lang='grc' dir='ltr'><strong>ἔχει</strong></span> <span class='ocrx_word' id='word_1_625' title='bbox 3290 3835 3536 3898; x_wconf 83' lang='grc' dir='ltr'>συνιέναι,</span> <span class='ocrx_word' id='word_1_626' title='bbox 3580 3833 3650 3887; x_wconf 83' lang='grc' dir='ltr'>δτι</span> <span class='ocrx_word' id='word_1_627' title='bbox 3695 3829 3784 3901; x_wconf 65' lang='grc' dir='ltr'>περὶ</span> 
     </span>
    </p>
   </div>
   <div class='ocr_carea' id='block_1_91' title="bbox 2201 3913 3782 3994">
    <p class='ocr_par' dir='ltr' id='par_1_91' title="bbox 2201 3913 3782 3994">
     <span class='ocr_line' id='line_1_91' title="bbox 2201 3913 3782 3994; baseline 0.001 -25"><span class='ocrx_word' id='word_1_628' title='bbox 2201 3913 2408 3969; x_wconf 80' lang='grc' dir='ltr'>τούτων</span> <span class='ocrx_word' id='word_1_629' title='bbox 2459 3913 2603 3970; x_wconf 80' lang='grc' dir='ltr'>ὅλων</span> <span class='ocrx_word' id='word_1_630' title='bbox 2653 3914 2957 3973; x_wconf 77' lang='grc' dir='ltr'>ἐντέλλεται</span> <span class='ocrx_word' id='word_1_631' title='bbox 3010 3919 3038 3974; x_wconf 79' lang='grc' dir='ltr'><strong>ὀ</strong></span> <span class='ocrx_word' id='word_1_632' title='bbox 3072 3920 3290 3994; x_wconf 69' lang='grc' dir='ltr'>Κύριος.</span> <span class='ocrx_word' id='word_1_633' title='bbox 3326 3926 3510 3993; x_wconf 83' lang='grc' dir='ltr'>Ἡμεῖς</span> <span class='ocrx_word' id='word_1_634' title='bbox 3540 3918 3702 3985; x_wconf 74' lang='grc' dir='ltr'>δέ,’ίνα</span> <span class='ocrx_word' id='word_1_635' title='bbox 3727 3919 3782 3989; x_wconf 68' lang='grc' dir='ltr'>μή</span> 
     </span>
    </p>
   </div>
   <div class='ocr_carea' id='block_1_92' title="bbox 2205 4002 3782 4084">
    <p class='ocr_par' dir='ltr' id='par_1_92' title="bbox 2205 4002 3782 4084">
     <span class='ocr_line' id='line_1_92' title="bbox 2205 4002 3782 4084; baseline 0 -27"><span class='ocrx_word' id='word_1_636' title='bbox 2205 4002 2738 4079; x_wconf 72' lang='grc' dir='ltr'>μακρολογησωμεν,</span> <span class='ocrx_word' id='word_1_637' title='bbox 2784 4007 2878 4062; x_wconf 79' lang='grc' dir='ltr'>τὰς</span> <span class='ocrx_word' id='word_1_638' title='bbox 2932 4009 3226 4084; x_wconf 85' lang='grc' dir='ltr'>μαρτυρίας</span> <span class='ocrx_word' id='word_1_639' title='bbox 3281 4011 3382 4065; x_wconf 79' lang='grc' dir='ltr'>οὐκ</span> <span class='ocrx_word' id='word_1_640' title='bbox 3421 4009 3684 4082; x_wconf 78' lang='grc' dir='ltr'>ἐξεθέμεθα.</span> <span class='ocrx_word' id='word_1_641' title='bbox 3711 4007 3782 4061; x_wconf 77' lang='grc' dir='ltr'>Καὶ</span> 
     </span>
    </p>
   </div>
   <div class='ocr_carea' id='block_1_93' title="bbox 2202 4090 3783 4173">
    <p class='ocr_par' dir='ltr' id='par_1_93' title="bbox 2202 4090 3783 4173">
     <span class='ocr_line' id='line_1_93' title="bbox 2202 4090 3783 4173; baseline 0.008 -28"><span class='ocrx_word' id='word_1_642' title='bbox 2202 4090 2356 4147; x_wconf 78' lang='grc' dir='ltr'>αὗται</span> <span class='ocrx_word' id='word_1_643' title='bbox 2391 4094 2484 4165; x_wconf 73' lang='grc' dir='ltr'>μὲν</span> <span class='ocrx_word' id='word_1_644' title='bbox 2514 4096 2569 4148; x_wconf 75' lang='grc' dir='ltr'>αἱ</span> <span class='ocrx_word' id='word_1_645' title='bbox 2595 4092 2809 4150; x_wconf 83' lang='grc' dir='ltr'>ἐντολαὶ</span> <span class='ocrx_word' id='word_1_646' title='bbox 2846 4099 3141 4169; x_wconf 82' lang='grc' dir='ltr'>μονάζουσι</span> <span class='ocrx_word' id='word_1_647' title='bbox 3192 4098 3282 4154; x_wconf 86' lang='grc' dir='ltr'>καὶ</span> <span class='ocrx_word' id='word_1_648' title='bbox 3337 4100 3546 4162; x_wconf 88' lang='grc' dir='ltr'>λοιποῖς</span> <span class='ocrx_word' id='word_1_649' title='bbox 3588 4101 3783 4173; x_wconf 73' lang='grc' dir='ltr'>Χριστια-</span> 
     </span>
    </p>
   </div>
   <div class='ocr_carea' id='block_1_94' title="bbox 2199 4178 2652 4244">
    <p class='ocr_par' dir='ltr' id='par_1_94' title="bbox 2199 4178 2652 4244">
     <span class='ocr_line' id='line_1_94' title="bbox 2199 4178 2652 4244; baseline 0.009 -9"><span class='ocrx_word' id='word_1_650' title='bbox 2199 4187 2312 4244; x_wconf 83' lang='grc' dir='ltr'>νοῖς</span> <span class='ocrx_word' id='word_1_651' title='bbox 2347 4178 2652 4240; x_wconf 73' lang='grc' dir='ltr'>εὐλαϐέσιν.</span> 
     </span>
    </p>
   </div>
   <div class='ocr_carea' id='block_1_95' title="bbox 2265 4268 3779 4354">
    <p class='ocr_par' dir='ltr' id='par_1_95' title="bbox 2265 4268 3779 4354">
     <span class='ocr_line' id='line_1_95' title="bbox 2265 4268 3779 4354; baseline 0.003 -30"><span class='ocrx_word' id='word_1_652' title='bbox 2265 4272 2321 4326; x_wconf 91' lang='grc'>8.</span> <span class='ocrx_word' id='word_1_653' title='bbox 2354 4271 2417 4328; x_wconf 83' lang='grc' dir='ltr'>Εἰ</span> <span class='ocrx_word' id='word_1_654' title='bbox 2451 4268 2507 4326; x_wconf 86' lang='grc' dir='ltr'>δέ</span> <span class='ocrx_word' id='word_1_655' title='bbox 2535 4293 2617 4334; x_wconf 90' lang='grc' dir='ltr'>τις</span> <span class='ocrx_word' id='word_1_656' title='bbox 2650 4271 2822 4346; x_wconf 78' lang='grc' dir='ltr'>ἱερεὺς</span> <span class='ocrx_word' id='word_1_657' title='bbox 2880 4269 3119 4349; x_wconf 79' lang='grc' dir='ltr'>ἀκριϐῶς</span> <span class='ocrx_word' id='word_1_658' title='bbox 3169 4275 3300 4351; x_wconf 83' lang='grc' dir='ltr'>θέλῃ</span> <span class='ocrx_word' id='word_1_659' title='bbox 3348 4276 3636 4354; x_wconf 69' lang='grc' dir='ltr'>ἱερατεύειν,</span> <span class='ocrx_word' id='word_1_660' title='bbox 3680 4273 3779 4346; x_wconf 67' lang='grc' dir='ltr'>μετὰ</span> 
     </span>
    </p>
   </div>
   <div class='ocr_carea' id='block_1_96' title="bbox 2192 4362 3774 4444">
    <p class='ocr_par' dir='ltr' id='par_1_96' title="bbox 2192 4362 3774 4444">
     <span class='ocr_line' id='line_1_96' title="bbox 2192 4362 3774 4444; baseline 0.002 -31"><span class='ocrx_word' id='word_1_661' title='bbox 2192 4363 2301 4414; x_wconf 81' lang='grc' dir='ltr'>τῶν</span> <span class='ocrx_word' id='word_1_662' title='bbox 2356 4362 2769 4436; x_wconf 88' lang='grc' dir='ltr'>προειρημένων</span> <span class='ocrx_word' id='word_1_663' title='bbox 2827 4363 3085 4433; x_wconf 82' lang='grc' dir='ltr'>ἐντολῶν,</span> <span class='ocrx_word' id='word_1_664' title='bbox 3147 4366 3264 4434; x_wconf 73' lang='grc' dir='ltr'>ἤτω</span> <span class='ocrx_word' id='word_1_665' title='bbox 3334 4367 3604 4444; x_wconf 69' lang='grc' dir='ltr'>νηφάλιος,</span> <span class='ocrx_word' id='word_1_666' title='bbox 3649 4368 3774 4418; x_wconf 70' lang='grc' dir='ltr'>σπου-</span> 
     </span>
    </p>
   </div>
   <div class='ocr_carea' id='block_1_97' title="bbox 2194 4443 3774 4534">
    <p class='ocr_par' dir='ltr' id='par_1_97' title="bbox 2194 4443 3774 4534">
     <span class='ocr_line' id='line_1_97' title="bbox 2194 4443 3774 4534; baseline 0.006 -33"><span class='ocrx_word' id='word_1_667' title='bbox 2194 4443 2366 4519; x_wconf 84' lang='grc' dir='ltr'>δαῖος,</span> <span class='ocrx_word' id='word_1_668' title='bbox 2399 4449 2730 4519; x_wconf 76' lang='grc' dir='ltr'>ἀνεξίκακος,</span> <span class='ocrx_word' id='word_1_669' title='bbox 2764 4454 3028 4526; x_wconf 85' lang='grc' dir='ltr'>χρηστὸς,</span> <span class='ocrx_word' id='word_1_670' title='bbox 3064 4443 3424 4531; x_wconf 69' lang='grc' dir='ltr'>φιλόρφανος,</span> <span class='ocrx_word' id='word_1_671' title='bbox 3458 4455 3774 4534; x_wconf 71' lang='grc' dir='ltr'>φιλόπτωχος,</span> 
     </span>
    </p>
   </div>
   <div class='ocr_carea' id='block_1_98' title="bbox 2191 4537 3771 4619">
    <p class='ocr_par' dir='ltr' id='par_1_98' title="bbox 2191 4537 3771 4619">
     <span class='ocr_line' id='line_1_98' title="bbox 2191 4537 3771 4619; baseline 0.001 -28"><span class='ocrx_word' id='word_1_672' title='bbox 2191 4537 2490 4612; x_wconf 75' lang='grc' dir='ltr'>φιλόξενος,</span> <span class='ocrx_word' id='word_1_673' title='bbox 2550 4538 2877 4616; x_wconf 75' lang='grc' dir='ltr'>φιλάγαθος,</span> <span class='ocrx_word' id='word_1_674' title='bbox 2936 4541 3170 4618; x_wconf 69' lang='grc' dir='ltr'>ἥσυχος,</span> <span class='ocrx_word' id='word_1_675' title='bbox 3246 4546 3456 4619; x_wconf 87' lang='grc' dir='ltr'>στερεὸς</span> <span class='ocrx_word' id='word_1_676' title='bbox 3510 4544 3660 4598; x_wconf 77' lang='grc' dir='ltr'>πίστει</span> <span class='ocrx_word' id='word_1_677' title='bbox 3707 4538 3771 4593; x_wconf 75' lang='grc' dir='ltr'>καὶ</span> 
     </span>
    </p>
   </div>
   <div class='ocr_carea' id='block_1_99' title="bbox 2108 4627 3768 4726">
    <p class='ocr_par' dir='ltr' id='par_1_99' title="bbox 2108 4627 3768 4726">
     <span class='ocr_line' id='line_1_99' title="bbox 2108 4627 3768 4726; baseline 0.002 -47"><span class='ocrx_word' id='word_1_678' title='bbox 2108 4660 2154 4726; x_wconf 83' lang='lat' dir='ltr'><strong>D</strong></span> <span class='ocrx_word' id='word_1_679' title='bbox 2187 4627 2385 4701; x_wconf 88' lang='grc' dir='ltr'>γνώμῃ</span> <span class='ocrx_word' id='word_1_680' title='bbox 2434 4627 2523 4681; x_wconf 84' lang='grc' dir='ltr'>καὶ</span> <span class='ocrx_word' id='word_1_681' title='bbox 2575 4627 2745 4704; x_wconf 83' lang='grc' dir='ltr'>λόγῳ,</span> <span class='ocrx_word' id='word_1_682' title='bbox 2794 4627 3134 4706; x_wconf 86' lang='grc' dir='ltr'>ἀπεχόμενος</span> <span class='ocrx_word' id='word_1_683' title='bbox 3183 4635 3451 4706; x_wconf 72' lang='grc' dir='ltr'>γυναικὸς,</span> <span class='ocrx_word' id='word_1_684' title='bbox 3497 4633 3566 4704; x_wconf 81' lang='grc' dir='ltr'>μή</span> <span class='ocrx_word' id='word_1_685' title='bbox 3597 4629 3768 4701; x_wconf 76' lang='grc' dir='ltr'>ἀμελῶν</span> 
     </span>
    </p>
   </div>
   <div class='ocr_carea' id='block_1_100' title="bbox 2182 4715 3769 4793">
    <p class='ocr_par' dir='ltr' id='par_1_100' title="bbox 2182 4715 3769 4793">
     <span class='ocr_line' id='line_1_100' title="bbox 2182 4715 3769 4793; baseline 0 -25"><span class='ocrx_word' id='word_1_686' title='bbox 2182 4719 2279 4770; x_wconf 74' lang='grc' dir='ltr'>τοῦ</span> <span class='ocrx_word' id='word_1_687' title='bbox 2328 4715 2610 4788; x_wconf 87' lang='grc' dir='ltr'>ποιμνίου,</span> <span class='ocrx_word' id='word_1_688' title='bbox 2666 4717 2741 4789; x_wconf 81' lang='grc' dir='ltr'>μή</span> <span class='ocrx_word' id='word_1_689' title='bbox 2796 4715 3229 4792; x_wconf 84' lang='grc' dir='ltr'>βδελυσσόμενός</span> <span class='ocrx_word' id='word_1_690' title='bbox 3257 4739 3394 4776; x_wconf 87' lang='grc' dir='ltr'>τινα·</span> <span class='ocrx_word' id='word_1_691' title='bbox 3434 4722 3504 4793; x_wconf 74' lang='grc' dir='ltr'>μὴ</span> <span class='ocrx_word' id='word_1_692' title='bbox 3533 4733 3769 4792; x_wconf 72' lang='grc' dir='ltr'>προσωπε-</span> 
     </span>
    </p>
   </div>
   <div class='ocr_carea' id='block_1_101' title="bbox 2183 4801 3768 4883">
    <p class='ocr_par' dir='ltr' id='par_1_101' title="bbox 2183 4801 3768 4883">
     <span class='ocr_line' id='line_1_101' title="bbox 2183 4801 3768 4883; baseline -0.002 -25"><span class='ocrx_word' id='word_1_693' title='bbox 2183 4801 2432 4874; x_wconf 85' lang='grc' dir='ltr'>ληπτεῖν,</span> <span class='ocrx_word' id='word_1_694' title='bbox 2488 4804 2792 4880; x_wconf 76' lang='grc' dir='ltr'>ἐλέγχοντα</span> <span class='ocrx_word' id='word_1_695' title='bbox 2840 4805 2928 4860; x_wconf 81' lang='grc' dir='ltr'>ἐπὶ</span> <span class='ocrx_word' id='word_1_696' title='bbox 2959 4808 3197 4880; x_wconf 86' lang='grc' dir='ltr'>πάντων,</span> <span class='ocrx_word' id='word_1_697' title='bbox 3231 4811 3308 4881; x_wconf 77' lang='grc' dir='ltr'>μή</span> <span class='ocrx_word' id='word_1_698' title='bbox 3341 4810 3428 4880; x_wconf 77' lang='grc' dir='ltr'>ὲᾷν</span> <span class='ocrx_word' id='word_1_699' title='bbox 3457 4809 3641 4883; x_wconf 77' lang='grc' dir='ltr'>ψωριὸν</span> <span class='ocrx_word' id='word_1_700' title='bbox 3668 4803 3768 4877; x_wconf 73' lang='grc' dir='ltr'>πρό-</span> 
     </span>
    </p>
   </div>
   <div class='ocr_carea' id='block_1_102' title="bbox 2180 4887 3766 4974">
    <p class='ocr_par' dir='ltr' id='par_1_102' title="bbox 2180 4887 3766 4974">
     <span class='ocr_line' id='line_1_102' title="bbox 2180 4887 3766 4974; baseline -0.002 -26"><span class='ocrx_word' id='word_1_701' title='bbox 2180 4887 2342 4948; x_wconf 77' lang='grc' dir='ltr'>ϐατον</span> <span class='ocrx_word' id='word_1_702' title='bbox 2404 4893 2456 4949; x_wconf 84' lang='grc' dir='ltr'>έν</span> <span class='ocrx_word' id='word_1_703' title='bbox 2516 4898 2582 4967; x_wconf 80' lang='grc' dir='ltr'>τῇ</span> <span class='ocrx_word' id='word_1_704' title='bbox 2641 4895 2872 4970; x_wconf 89' lang='grc' dir='ltr'>ποίμνῃ,</span> <span class='ocrx_word' id='word_1_705' title='bbox 2930 4894 3078 4951; x_wconf 82' lang='grc' dir='ltr'>ἀλλά</span> <span class='ocrx_word' id='word_1_706' title='bbox 3127 4899 3394 4974; x_wconf 87' lang='grc' dir='ltr'>καθαίρειν</span> <span class='ocrx_word' id='word_1_707' title='bbox 3445 4903 3635 4974; x_wconf 80' lang='grc' dir='ltr'>πρῶτον</span> <span class='ocrx_word' id='word_1_708' title='bbox 3664 4891 3766 4964; x_wconf 74' lang='grc' dir='ltr'>μετά</span> 
     </span>
    </p>
   </div>
   <div class='ocr_carea' id='block_1_103' title="bbox 2182 4980 3760 5060">
    <p class='ocr_par' dir='ltr' id='par_1_103' title="bbox 2182 4980 3760 5060">
     <span class='ocr_line' id='line_1_103' title="bbox 2182 4980 3760 5060; baseline 0.001 -24"><span class='ocrx_word' id='word_1_709' title='bbox 2182 4986 2487 5054; x_wconf 89' lang='grc' dir='ltr'>μετανοίας,</span> <span class='ocrx_word' id='word_1_710' title='bbox 2545 4983 2634 5037; x_wconf 83' lang='grc' dir='ltr'>καὶ</span> <span class='ocrx_word' id='word_1_711' title='bbox 2690 4984 2812 5039; x_wconf 88' lang='grc' dir='ltr'>τότε</span> <span class='ocrx_word' id='word_1_712' title='bbox 2862 4985 3109 5060; x_wconf 78' lang='grc' dir='ltr'>συνάγειν</span> <span class='ocrx_word' id='word_1_713' title='bbox 3163 4985 3214 5041; x_wconf 81' lang='grc' dir='ltr'>ἐν</span> <span class='ocrx_word' id='word_1_714' title='bbox 3262 4991 3330 5060; x_wconf 79' lang='grc' dir='ltr'>τῇ</span> <span class='ocrx_word' id='word_1_715' title='bbox 3367 4986 3573 5060; x_wconf 62' lang='grc' dir='ltr'>μάνδρᾳ</span> <span class='ocrx_word' id='word_1_716' title='bbox 3608 4980 3760 5037; x_wconf 77' lang='grc' dir='ltr'>εἰδέναι</span> 
     </span>
    </p>
   </div>
   <div class='ocr_carea' id='block_1_104' title="bbox 409 5054 2062 5134">
    <p class='ocr_par' dir='ltr' id='par_1_104' title="bbox 409 5054 2062 5134">
     <span class='ocr_line' id='line_1_104' title="bbox 409 5054 2062 5134; baseline 0.008 -28"><span class='ocrx_word' id='word_1_717' title='bbox 409 5067 522 5121; x_wconf 90' lang='lat' dir='ltr'>quo</span> <span class='ocrx_word' id='word_1_718' title='bbox 556 5058 724 5124; x_wconf 89' lang='lat' dir='ltr'>pacto</span> <span class='ocrx_word' id='word_1_719' title='bbox 753 5054 1019 5126; x_wconf 89' lang='lat' dir='ltr'>singulos</span> <span class='ocrx_word' id='word_1_720' title='bbox 1052 5073 1289 5127; x_wconf 87' lang='lat' dir='ltr'>pascere</span> <span class='ocrx_word' id='word_1_721' title='bbox 1323 5074 1335 5112; x_wconf 94' lang='lat'>:</span> <span class='ocrx_word' id='word_1_722' title='bbox 1373 5075 1501 5131; x_wconf 67' lang='lat' dir='ltr'>quae</span> <span class='ocrx_word' id='word_1_723' title='bbox 1536 5067 1822 5132; x_wconf 70' lang='lat' dir='ltr'>praecepta</span> <span class='ocrx_word' id='word_1_724' title='bbox 1853 5062 2062 5134; x_wconf 90' lang='lat' dir='ltr'>viduis,</span> 
     </span>
    </p>
   </div>
   <div class='ocr_carea' id='block_1_105' title="bbox 408 5144 2062 5220">
    <p class='ocr_par' dir='ltr' id='par_1_105' title="bbox 408 5144 2062 5220">
     <span class='ocr_line' id='line_1_105' title="bbox 408 5144 2062 5220; baseline 0.008 -26"><span class='ocrx_word' id='word_1_725' title='bbox 408 5157 532 5210; x_wconf 81' lang='lat' dir='ltr'>quae</span> <span class='ocrx_word' id='word_1_726' title='bbox 566 5144 871 5200; x_wconf 88' lang='lat' dir='ltr'>monachis</span> <span class='ocrx_word' id='word_1_727' title='bbox 905 5185 918 5209; x_wconf 91' lang='lat'>,</span> <span class='ocrx_word' id='word_1_728' title='bbox 953 5162 1081 5215; x_wconf 76' lang='lat' dir='ltr'>quae</span> <span class='ocrx_word' id='word_1_729' title='bbox 1117 5146 1302 5215; x_wconf 91' lang='lat' dir='ltr'>laicis,</span> <span class='ocrx_word' id='word_1_730' title='bbox 1332 5164 1458 5220; x_wconf 62' lang='lat' dir='ltr'>qua</span> <span class='ocrx_word' id='word_1_731' title='bbox 1489 5149 1928 5207; x_wconf 88' lang='lat' dir='ltr'>catechumenis</span> <span class='ocrx_word' id='word_1_732' title='bbox 1951 5157 2062 5209; x_wconf 86' lang='lat' dir='ltr'>tra-</span> 
     </span>
    </p>
   </div>
   <div class='ocr_carea' id='block_1_106' title="bbox 407 5229 2058 5310">
    <p class='ocr_par' dir='ltr' id='par_1_106' title="bbox 407 5229 2058 5310">
     <span class='ocr_line' id='line_1_106' title="bbox 407 5229 2058 5310; baseline 0.009 -28"><span class='ocrx_word' id='word_1_733' title='bbox 407 5229 544 5284; x_wconf 90' lang='lat' dir='ltr'>dere</span> <span class='ocrx_word' id='word_1_734' title='bbox 575 5231 802 5288; x_wconf 88' lang='lat' dir='ltr'>debeat.</span> <span class='ocrx_word' id='word_1_735' title='bbox 838 5233 1108 5290; x_wconf 85' lang='lat' dir='ltr'>Mulieres</span> <span class='ocrx_word' id='word_1_736' title='bbox 1157 5241 1310 5292; x_wconf 90' lang='lat' dir='ltr'>vetet</span> <span class='ocrx_word' id='word_1_737' title='bbox 1343 5237 1397 5290; x_wconf 89' lang='lat' dir='ltr'>in</span> <span class='ocrx_word' id='word_1_738' title='bbox 1431 5237 1672 5294; x_wconf 90' lang='lat' dir='ltr'>ecclesia</span> <span class='ocrx_word' id='word_1_739' title='bbox 1707 5257 1944 5310; x_wconf 72' lang='lat' dir='ltr'>prorsus</span> <span class='ocrx_word' id='word_1_740' title='bbox 1976 5241 2058 5297; x_wconf 80' lang='lat' dir='ltr'>lo-</span> 
     </span>
    </p>
   </div>
   <div class='ocr_carea' id='block_1_107' title="bbox 403 5317 2056 5395">
    <p class='ocr_par' dir='ltr' id='par_1_107' title="bbox 403 5317 2056 5395">
     <span class='ocr_line' id='line_1_107' title="bbox 403 5317 2056 5395; baseline 0.009 -24"><span class='ocrx_word' id='word_1_741' title='bbox 403 5317 499 5387; x_wconf 90' lang='lat' dir='ltr'>qui</span> <span class='ocrx_word' id='word_1_742' title='bbox 535 5319 602 5388; x_wconf 67' lang='lat'>9&#39;,</span> <span class='ocrx_word' id='word_1_743' title='bbox 661 5322 761 5374; x_wconf 87' lang='lat' dir='ltr'>sed</span> <span class='ocrx_word' id='word_1_744' title='bbox 817 5338 1046 5393; x_wconf 90' lang='lat' dir='ltr'>semper</span> <span class='ocrx_word' id='word_1_745' title='bbox 1091 5324 1263 5380; x_wconf 87' lang='lat' dir='ltr'>silere</span> <span class='ocrx_word' id='word_1_746' title='bbox 1297 5325 1503 5395; x_wconf 85' lang='lat' dir='ltr'>jubeat</span> <span class='ocrx_word' id='word_1_747' title='bbox 1552 5332 1609 5382; x_wconf 89' lang='lat' dir='ltr'>et</span> <span class='ocrx_word' id='word_1_748' title='bbox 1637 5343 1822 5394; x_wconf 88' lang='lat' dir='ltr'>orare,</span> <span class='ocrx_word' id='word_1_749' title='bbox 1857 5346 1961 5385; x_wconf 91' lang='lat' dir='ltr'>nec</span> <span class='ocrx_word' id='word_1_750' title='bbox 1995 5348 2056 5386; x_wconf 87' lang='lat' dir='ltr'>se</span> 
     </span>
    </p>
   </div>
   <div class='ocr_carea' id='block_1_108' title="bbox 403 5410 2053 5490">
    <p class='ocr_par' dir='ltr' id='par_1_108' title="bbox 403 5410 2053 5490">
     <span class='ocr_line' id='line_1_108' title="bbox 403 5410 2053 5490; baseline 0.01 -29"><span class='ocrx_word' id='word_1_751' title='bbox 403 5422 544 5462; x_wconf 89' lang='lat' dir='ltr'>auro</span> <span class='ocrx_word' id='word_1_752' title='bbox 575 5410 954 5482; x_wconf 87' lang='lat' dir='ltr'>vestibusquc</span> <span class='ocrx_word' id='word_1_753' title='bbox 985 5427 1283 5485; x_wconf 82' lang='lat' dir='ltr'>exornare,</span> <span class='ocrx_word' id='word_1_754' title='bbox 1321 5412 1547 5470; x_wconf 90' lang='lat' dir='ltr'>vultum</span> <span class='ocrx_word' id='word_1_755' title='bbox 1597 5422 1920 5490; x_wconf 88' lang='lat' dir='ltr'>contegere,</span> <span class='ocrx_word' id='word_1_756' title='bbox 1955 5429 2053 5476; x_wconf 88' lang='lat' dir='ltr'>aut</span> 
     </span>
    </p>
   </div>
   <div class='ocr_carea' id='block_1_109' title="bbox 2175 5065 3760 5151">
    <p class='ocr_par' dir='ltr' id='par_1_109' title="bbox 2175 5065 3760 5151">
     <span class='ocr_line' id='line_1_109' title="bbox 2175 5065 3760 5151; baseline 0.001 -28"><span class='ocrx_word' id='word_1_757' title='bbox 2175 5065 2395 5125; x_wconf 78' lang='grc' dir='ltr'>ἕκαστον</span> <span class='ocrx_word' id='word_1_758' title='bbox 2429 5070 2504 5132; x_wconf 86' lang='grc' dir='ltr'>ὡς</span> <span class='ocrx_word' id='word_1_759' title='bbox 2533 5071 2842 5144; x_wconf 88' lang='grc' dir='ltr'>ποιμαίνειν</span> <span class='ocrx_word' id='word_1_760' title='bbox 2877 5069 2978 5145; x_wconf 85' lang='grc' dir='ltr'>δεῖ,</span> <span class='ocrx_word' id='word_1_761' title='bbox 3009 5073 3062 5128; x_wconf 93' lang='grc' dir='ltr'>τί</span> <span class='ocrx_word' id='word_1_762' title='bbox 3093 5071 3150 5128; x_wconf 76' lang='grc' dir='ltr'>δὲ</span> <span class='ocrx_word' id='word_1_763' title='bbox 3195 5081 3312 5138; x_wconf 87' lang='grc' dir='ltr'>ταῖς</span> <span class='ocrx_word' id='word_1_764' title='bbox 3362 5077 3551 5151; x_wconf 72' lang='grc' dir='ltr'>χήραις</span> <span class='ocrx_word' id='word_1_765' title='bbox 3597 5089 3760 5142; x_wconf 69' lang='grc' dir='ltr'>παραγ·</span> 
     </span>
    </p>
   </div>
   <div class='ocr_carea' id='block_1_110' title="bbox 2172 5157 3755 5238">
    <p class='ocr_par' dir='ltr' id='par_1_110' title="bbox 2172 5157 3755 5238">
     <span class='ocr_line' id='line_1_110' title="bbox 2172 5157 3755 5238; baseline 0.001 -25"><span class='ocrx_word' id='word_1_766' title='bbox 2172 5157 2414 5233; x_wconf 82' lang='grc' dir='ltr'>γέλλειν,</span> <span class='ocrx_word' id='word_1_767' title='bbox 2445 5159 2498 5214; x_wconf 86' lang='grc' dir='ltr'>τί</span> <span class='ocrx_word' id='word_1_768' title='bbox 2531 5165 2814 5236; x_wconf 87' lang='grc' dir='ltr'>μοναχοῖς,</span> <span class='ocrx_word' id='word_1_769' title='bbox 2866 5161 2917 5216; x_wconf 85' lang='grc' dir='ltr'>τί</span> <span class='ocrx_word' id='word_1_770' title='bbox 2974 5160 3208 5234; x_wconf 84' lang='grc' dir='ltr'>λαϊκοῖς,</span> <span class='ocrx_word' id='word_1_771' title='bbox 3258 5163 3309 5218; x_wconf 90' lang='grc' dir='ltr'>τί</span> <span class='ocrx_word' id='word_1_772' title='bbox 3357 5159 3755 5238; x_wconf 75' lang='grc' dir='ltr'>κατηχουμένοις-</span> 
     </span>
    </p>
   </div>
   <div class='ocr_carea' id='block_1_111' title="bbox 2170 5245 3754 5326">
    <p class='ocr_par' dir='ltr' id='par_1_111' title="bbox 2170 5245 3754 5326">
     <span class='ocr_line' id='line_1_111' title="bbox 2170 5245 3754 5326; baseline 0.006 -25"><span class='ocrx_word' id='word_1_773' title='bbox 2170 5248 2382 5318; x_wconf 80' lang='grc' dir='ltr'>Γυναιξί</span> <span class='ocrx_word' id='word_1_774' title='bbox 2417 5245 2473 5303; x_wconf 76' lang='grc' dir='ltr'>δὲ</span> <span class='ocrx_word' id='word_1_775' title='bbox 2502 5249 2903 5326; x_wconf 86' lang='grc' dir='ltr'>παραγγέλλειν</span> <span class='ocrx_word' id='word_1_776' title='bbox 2937 5249 2988 5305; x_wconf 80' lang='grc' dir='ltr'>ἐν</span> <span class='ocrx_word' id='word_1_777' title='bbox 3023 5250 3289 5324; x_wconf 80' lang='grc' dir='ltr'>ἐκκλησίᾷ</span> <span class='ocrx_word' id='word_1_778' title='bbox 3320 5253 3394 5325; x_wconf 79' lang='grc' dir='ltr'>μή</span> <span class='ocrx_word' id='word_1_779' title='bbox 3427 5251 3596 5308; x_wconf 88' lang='grc' dir='ltr'>λαλεῖν</span> <span class='ocrx_word' id='word_1_780' title='bbox 3625 5246 3754 5311; x_wconf 67' lang='grc' dir='ltr'>ὅλως,</span> 
     </span>
    </p>
   </div>
   <div class='ocr_carea' id='block_1_112' title="bbox 2167 5334 3751 5414">
    <p class='ocr_par' dir='ltr' id='par_1_112' title="bbox 2167 5334 3751 5414">
     <span class='ocr_line' id='line_1_112' title="bbox 2167 5334 3751 5414; baseline -0.001 -24"><span class='ocrx_word' id='word_1_781' title='bbox 2167 5335 2292 5390; x_wconf 83' lang='grc' dir='ltr'>ἀλλ’</span> <span class='ocrx_word' id='word_1_782' title='bbox 2320 5336 2370 5391; x_wconf 81' lang='grc' dir='ltr'>ἐν</span> <span class='ocrx_word' id='word_1_783' title='bbox 2403 5343 2532 5400; x_wconf 81' lang='grc' dir='ltr'>πᾶςι</span> <span class='ocrx_word' id='word_1_784' title='bbox 2564 5343 2710 5413; x_wconf 74' lang='grc' dir='ltr'>σιγᾷν</span> <span class='ocrx_word' id='word_1_785' title='bbox 2745 5339 2832 5394; x_wconf 86' lang='grc' dir='ltr'>καὶ</span> <span class='ocrx_word' id='word_1_786' title='bbox 2882 5336 3154 5414; x_wconf 70' lang='grc' dir='ltr'>εὔχεσθαι,</span> <span class='ocrx_word' id='word_1_787' title='bbox 3201 5341 3289 5395; x_wconf 81' lang='grc' dir='ltr'>καὶ</span> <span class='ocrx_word' id='word_1_788' title='bbox 3339 5341 3412 5413; x_wconf 71' lang='grc' dir='ltr'>μὴ</span> <span class='ocrx_word' id='word_1_789' title='bbox 3473 5334 3751 5410; x_wconf 76' lang='grc' dir='ltr'>λαμπρύνειν</span> 
     </span>
    </p>
   </div>
   <div class='ocr_carea' id='block_1_113' title="bbox 2164 5422 3753 5504">
    <p class='ocr_par' dir='ltr' id='par_1_113' title="bbox 2164 5422 3753 5504">
     <span class='ocr_line' id='line_1_113' title="bbox 2164 5422 3753 5504; baseline -0.009 -16"><span class='ocrx_word' id='word_1_790' title='bbox 2164 5423 2352 5488; x_wconf 65' lang='grc' dir='ltr'>ὲοιυ⁶ὀῐεῖῑς</span> <span class='ocrx_word' id='word_1_791' title='bbox 2382 5425 2434 5481; x_wconf 78' lang='grc' dir='ltr'>ἐν</span> <span class='ocrx_word' id='word_1_792' title='bbox 2487 5432 2677 5503; x_wconf 87' lang='grc' dir='ltr'>χρυσῴ</span> <span class='ocrx_word' id='word_1_793' title='bbox 2734 5429 2768 5497; x_wconf 81' lang='grc' dir='ltr'><strong>ἢ</strong></span> <span class='ocrx_word' id='word_1_794' title='bbox 2826 5428 3031 5500; x_wconf 72' lang='grc' dir='ltr'>ἐσθῆτι,</span> <span class='ocrx_word' id='word_1_795' title='bbox 3088 5429 3156 5485; x_wconf 77' lang='grc' dir='ltr'>τὰ</span> <span class='ocrx_word' id='word_1_796' title='bbox 3206 5426 3264 5485; x_wconf 76' lang='grc' dir='ltr'>δὲ</span> <span class='ocrx_word' id='word_1_797' title='bbox 3320 5428 3566 5504; x_wconf 86' lang='grc' dir='ltr'>πρόσωπα</span> <span class='ocrx_word' id='word_1_798' title='bbox 3616 5422 3753 5478; x_wconf 75' lang='grc' dir='ltr'>αὐτῶν</span> 
     </span>
    </p>
   </div>
   <div class='ocr_carea' id='block_1_114' title="bbox 3918 4401 3930 5245">
    <p class='ocr_par' dir='ltr' id='par_1_114' title="bbox 3918 5039 3921 5245">
     <span class='ocr_line' id='line_1_114' title="bbox 3918 5039 3921 5245; baseline 0 0"><span class='ocrx_word' id='word_1_799' title='bbox 3918 5039 3921 5245; x_wconf 80' lang='grc' dir='ltr'><strong>Ι</strong></span> 
     </span>
    </p>
   </div>
   <div class='ocr_carea' id='block_1_115' title="bbox 470 5577 1003 5650">
    <p class='ocr_par' dir='ltr' id='par_1_115' title="bbox 470 5577 1003 5650">
     <span class='ocr_line' id='line_1_115' title="bbox 470 5577 1003 5650; baseline 0.006 -17"><span class='ocrx_word' id='word_1_800' title='bbox 470 5577 514 5615; x_wconf 77' lang='grc'>²¹</span> <span class='ocrx_word' id='word_1_801' title='bbox 550 5578 572 5633; x_wconf 92' lang='grc' dir='ltr'>Ι</span> <span class='ocrx_word' id='word_1_802' title='bbox 602 5579 731 5635; x_wconf 90' lang='lat' dir='ltr'>Cor.</span> <span class='ocrx_word' id='word_1_803' title='bbox 768 5598 880 5650; x_wconf 72' lang='lat' dir='ltr'>xxv,</span> <span class='ocrx_word' id='word_1_804' title='bbox 914 5583 1003 5636; x_wconf 76' lang='grc'>34.</span> 
     </span>
    </p>
   </div>
   <div class='ocr_carea' id='block_1_116' title="bbox 148 5719 896 5863">
    <p class='ocr_par' dir='ltr' id='par_1_116' title="bbox 148 5719 896 5863">
     <span class='ocr_line' id='line_1_116' title="bbox 148 5719 896 5863; baseline 0.001 -88"><span class='ocrx_word' id='word_1_805' title='bbox 148 5719 585 5863; x_wconf 38' lang='grc' dir='ltr'>νιν-προ)</span> <span class='ocrx_word' id='word_1_806' title='bbox 616 5721 760 5777; x_wconf 79' lang='lat' dir='ltr'>Add.</span> <span class='ocrx_word' id='word_1_807' title='bbox 799 5722 896 5794; x_wconf 76' lang='grc' dir='ltr'>μή.</span> 
     </span>
    </p>
   </div>
  </div>
