4026 6204
286 426 408 485 845

1370 424 1578 487 νινινΕ
1622 425 2100 488 MONASTICJE
2140 428 2616 494 INSTITUTIO.

3582 441 3701 502 846

289 557 370 627 μή
400 556 702 634 φαίνεσθαι,
753 561 945 631 χεῖρας
997 551 1204 631 ἀνδρῶν
1260 555 1337 629 μὴ
1390 556 1706 632 καταφιλεῖν
1739 602 1751 614 .
1803 563 1940 612 Κατ-

2059 577 2271 618 manus
2302 565 2555 621 virorum
2588 566 2861 622 osculari.
2886 567 3303 625 Catechumeni
3334 574 3528 627 autem
3551 589 3705 629 seor-

283 645 593 720 ηχοῦμενοι
639 642 695 699 δὲ
744 643 859 716 ἰδίᾳ
907 644 1271 719 εὖχέσθωσαν,
1303 646 1336 713 ἦ
1374 643 1563 715 ἔξωθεν
1595 651 1691 701 τοῦ
1728 644 1933 719 βηλοῦ.

284 732 350 787 Ὀ
384 729 441 785 δὲ
472 738 573 793 πᾶς
626 730 757 793 λαὸς
788 730 837 785 ἐν
873 727 1028 808 φόϐῳ
1057 731 1147 786 καὶ
1189 735 1370 805 σιωπῇ
1420 733 1658 788 ἀκουέτω
1704 735 1794 788 τὸν
1848 733 1942 789 λό-

284 842 383 895 γον
414 825 511 874 τοῦ
544 820 766 894 Κυρίου.
800 820 871 874 O6
929 820 1091 892 μόνον
1141 818 1197 874 δὲ
1246 822 1297 874 oi.
1342 821 1737 896 ἁμαρτάνοντες
1792 820 1945 892 δίνην

286 909 654 976 ἀποτίσουσιν,
696 908 840 964 ἀλλά
888 910 977 963 καὶ
1029 911 1082 963 οἱ
1129 910 1418 984 χαίροντες
1471 911 1557 964 ἐπὶ
1605 917 1719 973 τοῖς
1773 912 1942 987 ἀμαρ-

286 1001 534 1057 τάνουσι.
596 1000 727 1075 Περί
785 998 842 1054 δὲ
896 1004 1002 1054 τῶν
1062 1006 1389 1078 προσφορῶν
1445 1000 1651 1080 ὀφείλει
1709 1005 1867 1079 νήφει
1913 1004 1941 1057 6

282 1090 482 1164 ἱερεύς
516 1087 601 1142 ἐὰν
639 1088 743 1163 γάρ
791 1083 934 1161 λάϐῃ
986 1090 1132 1161 παρά
1181 1090 1604 1163 στρατευομένου
1654 1089 1939 1165 ἐκχέοντος

286 1178 446 1251 αἷμα,
478 1180 513 1247 ἣ
548 1175 936 1248 διασείσαντος,
980 1178 1014 1247 ἢ
1063 1176 1388 1251 κλέψαντος,
1420 1180 1453 1248 ἦ
1502 1185 1936 1256 πραγματευτοῦ,

279 1269 318 1336 ἢ
352 1268 629 1341 ὲπιόρκου,
683 1269 717 1337 ἦ
765 1268 912 1342 παρὰ
959 1267 1228 1323 πλουσίου
1277 1269 1669 1343 ἀποστερητοῦ,
1718 1272 1752 1339 ἢ
1795 1274 1941 1343 παρᾶ

278 1356 531 1411 τελώνου
578 1356 1026 1432 έπιπράττοντος,
1074 1358 1107 1426 ἢ
1153 1356 1517 1436 τοκογλύφου,
1567 1360 1601 1426 ἦ
1646 1359 1939 1433 τιμιολκοῦ

280 1445 376 1500 ἐπὶ
421 1445 595 1512 σίτου,
652 1447 686 1514 ἢ
734 1446 881 1521 παρὰ
936 1447 1135 1508 παντὸς
1195 1446 1546 1523 ἁμαρτυ›λοῦ·
1610 1450 1637 1502 6
1693 1454 1941 1511 τοιοῦτος

278 1532 485 1605 ἱερεὺς,
516 1533 622 1587 ἀπὸ
662 1534 926 1587 τοιούτων
980 1532 1068 1588 ἐὰν
1118 1529 1287 1608 λάϐῃ,
1339 1533 1542 1609 χωλῶν
1591 1536 1679 1589 καὶ
1718 1536 1939 1613 τυφλῶν

278 1623 577 1699 προσφέρει
611 1621 662 1691 ἐξ
718 1621 893 1676 αὐτῶν
951 1626 1031 1693 τῷ
1078 1627 1217 1693 Θεῷ.
1270 1623 1366 1676 Σοὶ
1418 1620 1476 1677 δὲ
1512 1629 1591 1694 τῷ
1640 1622 1816 1695 λαῖκῷ
1843 1624 1942 1679 οὐκ

280 1708 455 1779 ἔξεστι
502 1716 679 1783 κρῖναι
728 1709 822 1764 τὸν
866 1710 1033 1783 ἱερέα,
1066 1709 1112 1764 εἰ
1165 1712 1266 1782 μὴ,
1300 1710 1386 1765 ἐάν
1420 1710 1568 1785 εἰδῇς
1598 1708 1939 1785 παραϐάτην,

280 1803 447 1874 φεῦγε
494 1798 585 1852 ἀπ’
636 1798 822 1854 αὐτοῦ.
869 1799 992 1854 Ἐὰν
1041 1803 1207 1853 ταῦτα
1255 1798 1518 1877 φυλάξῃς,
1553 1801 1580 1854 ὁ
1613 1800 1808 1875 ἱερεὺς,
1845 1803 1941 1877 βα-

2056 651 2165 706 sim
2201 659 2364 708 orent
2394 658 2449 707 et
2477 660 2638 710 extra
2670 656 2870 711 limen.
2924 657 3248 730 Omnisque
3281 659 3535 731 populus
3566 679 3700 718 cum

2054 742 2377 797 reverentia
2408 748 2466 797 et
2496 743 2726 798 silentio
2760 746 2959 799 audiat
2991 747 3229 801 verbum
3268 748 3699 807 Domini.Porro

2056 846 2168 883 non
2202 830 2237 883 ii
2272 831 2462 886 solum
2496 835 2595 903 qui
2629 841 2889 903 peccant,
2926 836 3022 889 sed
3058 837 3233 890 etiam
3267 837 3367 908 qui
3400 839 3469 893 de
3502 857 3699 911 pecca-

2053 920 2278 974 toribus
2335 923 2609 992 gaudent,
2676 941 2874 994 pcenas
2934 924 3114 981 luent.
3176 925 3510 984 Oblationes
3542 931 3694 999 quod

2053 1014 2297 1078 spectat,
2331 1011 2690 1081 vigilandum
2723 1019 2812 1067 est
2842 1015 3126 1069 sacerdoti
3161 1032 3172 1068 :
3200 1032 3333 1070 nam
3366 1016 3415 1071 si
3447 1034 3480 1071 a
3511 1018 3697 1075 milite

2050 1098 2337 1169 acceperit
2368 1100 2466 1169 qui
2500 1100 2769 1155 effuderit
2808 1103 3177 1173 sanguinem,
3210 1121 3241 1157 a
3272 1104 3627 1176 turbulento,
3662 1125 3696 1163 a

2048 1187 2194 1255 fure,
2223 1187 2293 1241 ab
2326 1187 2590 1258 improbo
2622 1192 2998 1261 uegotiatore,
3034 1208 3066 1245 ο.
3098 1193 3352 1262 perjuro,
3384 1199 3485 1249 aut
3537 1212 3569 1249 a
3600 1196 3693 1250 di-

2046 1276 2163 1329 vite
2193 1276 2620 1345 defraudatore,
2668 1296 2699 1333 a
2749 1280 3059 1349 publicano
3095 1286 3377 1350 exactore,
3411 1300 3444 1337 a
3471 1284 3693 1340 fenera-

2048 1369 2193 1433 tore,
2224 1364 2311 1418 vel
2344 1365 2415 1419 ab
2445 1382 2511 1420 eo
2543 1367 2639 1437 qui
2679 1369 2929 1439 pretium
2962 1370 3237 1424 frumenti
3269 1371 3512 1438 auxerit,
3546 1372 3631 1428 vel
3664 1390 3697 1428 a

2049 1454 2312 1524 quolibet
2347 1460 2677 1525 peccatore;
2713 1457 3049 1527 hujusmodi
3092 1460 3385 1526 sacerdos,
3428 1461 3693 1533 inquam,

2050 1544 2149 1613 qui
2182 1542 2321 1598 talia
2352 1546 2654 1615 acceperit,
2686 1545 2896 1600 clauda
2925 1552 2981 1601 et
3010 1564 3159 1601 emca
3200 1548 3335 1602 hinc
3366 1553 3478 1605 Deo
3511 1550 3695 1605 oﬂert.

2048 1632 2174 1686 Tibi
2207 1632 2352 1688 laico
2389 1650 2499 1688 non
2533 1634 2667 1688 licet
2717 1637 3075 1690 sacerdotem
3105 1636 3403 1705 judicare;
3451 1640 3606 1710 quod
3649 1641 3700 1696 si

2051 1722 2551 1791 pravaricatorem
2583 1722 2902 1779 adverteris
2934 1724 3123 1794 illum,
3156 1725 3292 1796 fuge
3343 1727 3413 1781 ab
3468 1727 3586 1783 illo.
3640 1730 3699 1784 Si

2051 1811 2169 1865 haec
2211 1818 2271 1866 tu
2316 1813 2586 1866 sacerdos
2638 1814 2975 1881 servaveris,
3027 1815 3275 1885 gradum
3325 1816 3541 1870 bonum
3594 1817 3703 1873 tibi

283 1887 425 1958 θμὸν
460 1886 658 1961 ἀγαθὸν
708 1888 881 1958 ἑαυτῷ
912 1891 1194 1961 περιποιῇ,
1227 1889 1317 1942 καὶ
1366 1888 1584 1958 πολλὴν
1631 1890 1935 1965 παρρησίαν

330 1977 345 1993 ς
423 1974 438 1994 9
514 1982 552 1994 ιν
691 1980 717 1990 η’
780 1977 819 1994 ,1
931 1980 957 1991 ν
1014 1983 1047 1994 ιν
1130 1975 1142 1994 Ι
1252 1980 1264 1994 Ι
1334 1982 1360 1991 ι·-
1543 1979 1582 1994 -1
1660 1978 1687 1994 ‘I’
1769 1984 1793 1993 ω
1840 1986 1881 1994 τ.

2053 1902 2319 1972 acquires
2350 1902 2435 1969 2';
2469 1901 2838 1972 multamque
2868 1902 3145 1957 fiduciam
3198 1904 3255 1957 in
3305 1903 3532 1959 Christo
3563 1907 3700 1962 Jesu

279 1977 385 2043 τήν
420 1974 475 2030 ἐν
510 1980 731 2048 Χριστῷ
778 1977 961 2045 Ἰησοῦ
1010 1975 1194 2050 Κυρίῳ
1242 1980 1423 2049 ἡμῶν,
1468 1979 1582 2050 μεθ’
1630 1978 1691 2034 οὗ
1728 1984 1807 2051 τῷ
1840 1986 1943 2035 Πα-

282 2066 378 2139 τρὶ
421 2065 513 2119 σὺν
557 2064 691 2140 ἁγίῳ
735 2065 1010 2138 ΙΙνεύματι
1038 2068 1072 2134 ἡ
1107 2063 1233 2137 δόξα
1287 2067 1361 2129 εἲς
1412 2065 1537 2130 τοὺς
1592 2070 1789 2131 αἱῶνας
1833 2074 1938 2125 τῶν

284 2152 527 2210 αέώνων.
561 2154 618 2209 Ἀ
626 2155 735 2226 μήν
747 2196 759 2211 .

2053 1990 2299 2047 Domino
2345 1997 2565 2058 nostro,
2598 2008 2733 2045 cum
2787 2008 2901 2062 quo
2959 1990 3110 2046 Patri
3144 1999 3199 2047 et
3229 1992 3467 2063 Spiritui
3499 2000 3701 2052 sancto

2052 2080 2239 2153 gloria
2268 2081 2329 2135 in
2360 2079 2574 2136 saecula
2606 2080 2974 2136 saaculorum.
3008 2086 3212 2137 Amen.

1351 2391 1425 2447 IN
1464 2389 1776 2456 SEQUENS
1817 2390 2243 2449 OPUSCULUM
2283 2387 2639 2444 MONITUM.

360 2498 590 2551 Brevem
618 2494 760 2551 hanc
783 2495 914 2551 vitae
944 2496 1279 2553 monasticae
1309 2497 1745 2554 Institutionem
1774 2500 2123 2571 syntagmati
2158 2499 2405 2569 apposite
2450 2494 2793 2568 subiicimus,
2824 2498 2970 2565 quod
3007 2494 3164 2551 ambo
3194 2495 3435 2566 ejusdem
3480 2511 3708 2568 prorsus

278 2589 402 2642 sint
430 2587 767 2657 argumenti.
801 2586 1036 2657 Sequens
1066 2592 1254 2642 autem
1282 2589 1602 2659 opusculum
1632 2591 1908 2659 inelegans
1937 2594 2016 2644 est
2043 2590 2287 2657 omnino,
2322 2590 2372 2643 et
2402 2604 2435 2641 a
2466 2586 2697 2657 quodam
2728 2585 2978 2642 Gra’culo
3008 2586 3297 2641 Athanasii
3325 2588 3545 2642 nomine
3574 2602 3706 2642 con-

278 2679 500 2747 ﬁciam,
532 2679 595 2731 ut
624 2677 803 2746 quivis
831 2675 1098 2745 eruditus,
1133 2677 1215 2733 vel
1242 2679 1423 2749 primo
1452 2688 1677 2751 aspectu
1706 2679 2069 2736 existimabit.

1136 2950 1386 3048 ΤΟΥ
1465 2952 2058 3050 ΜΕΓΑΛοΥ
2135 2948 2866 3047 ΑΘΑΝΑΣΙΟΥ

1056 3127 1471 3180 ΔΙΑΤΥΠΩΣΙΣ
1539 3130 1669 3179 ΤΩΝ
1736 3125 2101 3184 ΘΕΛΟΝΤΩΝ

2170 3129 2256 3179 EN
2322 3126 2587 3193 ΗΣΥΧΙᾼ
2655 3125 2947 3180 ΔΙΑΓΕΙΝ.

1487 3366 1854 3457 MAGNI
1925 3365 2517 3457 ATHANASII

796 3506 1241 3571 INSTITUTIO
1284 3510 1559 3571 EORUM
1605 3511 1738 3582 QUI
1782 3511 1861 3572 IN
1908 3511 2197 3583 QUIETE
2237 3511 2485 3572 VITAM
2532 3508 2794 3572 AGERE
2838 3508 3201 3570 CUPIUNT.

345 3765 400 3820 4.
434 3766 699 3824 Τοιοῦτος
727 3762 755 3816 6
791 3761 1148 3839 μοναχὸς,καῖ
1171 3761 1313 3817 οὕτω
1334 3763 1446 3839 χρὴ
1480 3764 1615 3819 εἶναι
1644 3764 1736 3819 τὸν
1774 3784 1931 3837 μονα·
1963 3783 2006 3851 C

270 3853 405 3926 χόν,
440 3849 784 3926 ἀπεχόμενον
819 3852 924 3906 ἀπὸ
971 3853 1178 3927 γηῗνων
1228 3854 1583 3927 πραγμάτων
1617 3852 1679 3906 οὐ
1731 3854 1836 3925 μὴν
1873 3851 1930 3907 δὲ

270 3940 427 3995 ἀλλὰ
484 3940 574 3994 καὶ
632 3942 871 4013 Χριστοῦ
920 3940 1279 4017 στρατιώτην,
1339 3939 1545 4010 ἄυλον,
1607 3943 1928 4018 ἀμέριμνον,

272 4031 462 4098 πάσης
516 4036 998 4103 πραγματευτικῆς
1049 4027 1255 4091 ἐννοίας
1311 4029 1399 4084 καὶ
1458 4030 1701 4105 πράξεως
1756 4030 1928 4092 ἐκτός.

275 4120 370 4175 Ἐν
402 4117 619 4179 τούτοις
666 4120 784 4187 ἠτω
832 4120 860 4173 6
912 4119 1180 4193 μοναχὸς,
1228 4116 1463 4191 μάλιστα
1512 4121 1540 4173 6
1587 4126 1758 4175 πᾶσαν
1792 4119 1928 4187 ὕλην

272 4211 377 4260 τοῦ
424 4206 638 4280 κόσμου
694 4206 892 4261 τούτου
948 4205 1286 4261 καταλιπώνο
1344 4207 1435 4261 καὶ
1492 4208 1578 4262 ἐπὶ
1635 4208 1702 4263 τά
1759 4209 1934 4283 ὡραῖα

272 4294 464 4364 κάλλη
496 4303 597 4365 τῆς
629 4294 865 4370 ἡσυχίας
908 4298 944 4364 ἡ
996 4292 1244 4366 ἄσκησις,
1276 4294 1410 4364 ἡδὺς
1442 4296 1469 4350 ὁ
1505 4296 1642 4371 βίος,
1674 4299 1708 4366 ἡ
1740 4300 1931 4372 πρᾶξις

270 4385 506 4458 τερπνή.
561 4381 754 4438 Βούλει
784 4387 1102 4463 τοιγαροῦν,
1132 4383 1395 4457 ἀγαπητὲ,
1424 4385 1516 4439 τὸν
1566 4387 1778 4458 μονήρη
1818 4384 1934 4459 βίον

270 4467 592 4545 αναλαϐεῖν,
636 4473 725 4527 καὶ
780 4472 866 4527 ἐπὶ
915 4474 982 4527 τά
1028 4479 1130 4541 τῆς
1170 4473 1405 4548 ἡσυχίας
1454 4475 1777 4549 ἀποτρέχειν
1806 4474 1937 4548 τρό-

273 4580 442 4617 παια·
500 4563 630 4639 ἄφες
690 4561 801 4617 ἐκεῖ
854 4562 945 4616 τὸν
1004 4560 1209 4634 κόσμον
1268 4561 1361 4615 καὶ
1419 4563 1513 4624 τὰς
1580 4568 1677 4617 τοῦ
1730 4563 1940 4635 κόσμου

274 4647 601 4727 φροντίδας,
629 4650 727 4711 τάς
772 4670 831 4705 τε
861 4649 949 4704 ἐπὶ
994 4652 1200 4704 τούτων
1238 4651 1409 4726 ἀρχάς
1458 4673 1517 4707 τε
1556 4652 1645 4707 καὶ
1678 4651 1941 4722 ἐξουσίας,

273 4739 533 4794 τουτέστι
588 4737 750 4810 μόνος
798 4738 966 4800 ἄυλος
1014 4736 1124 4805 ἔσο,
1159 4740 1392 4808 ἀπαθής,
1438 4740 1614 4810 πάσης
1656 4740 1942 4813 ἐπιθυμίας

278 4827 470 4897 ἐκτὸς,
524 4825 635 4894 Ἵνα,
692 4833 794 4896 τῆς
852 4827 912 4881 ἐκ
966 4826 1173 4881 τούτων
1237 4830 1599 4901 περιστάσεως
1649 4828 1945 4905 ἀλλότριος

281 4916 613 4990 γενόμενος,
649 4913 879 4989 δυνηθῇς
910 4917 1204 4991 ἡσυχάζειν
1233 4916 1439 4978 καλῶς.
1474 4919 1536 4974 Ei
1588 4920 1664 4990 μὴ
1710 4918 1809 4994 γάρ
1863 4939 1947 4980 τις

279 5005 505 5061 τούτων
556 5005 740 5059 ἑαυτὸν
794 5004 1047 5078 ὑπεξάρῃ,
1100 5003 1198 5059 οὐκ
1246 5004 1305 5058 ἂν
1353 5002 1559 5079 δυνηθῇ
1590 5005 1788 5073 ταύτην
1820 5027 1947 5061 κατ-

285 5097 539 5169 ορθῶσαι
608 5094 710 5161 τὴν
758 5090 1037 5147 πολιτείαν
1073 5134 1087 5148 .
1130 5094 1357 5170 Τροφῶν
1417 5094 1667 5169 βραχέων
1721 5096 1951 5170 ἀντέχου

2121 3768 2169 3822 1.
2200 3766 2396 3821 Talem
2427 3772 2483 3822 et
2513 3764 2853 3836 hujusmodi
2885 3767 3113 3835 oportet
3154 3779 3284 3818 esse
3313 3762 3691 3828 monachum,

2040 3873 2073 3909 ιι
2102 3855 2350 3910 terrenis
2404 3855 2579 3910 rebus
2612 3854 3025 3921 abstinentem,
3062 3869 3126 3907 ac
3172 3855 3445 3922 praeterea
3475 3850 3693 3906 Christi

2040 3944 2308 4008 militem,
2361 3943 2605 3997 materia
2669 3947 2986 4011 expertem,
3048 3940 3543 3995 sollicitudinibus
3592 3957 3690 3995 va-

2040 4049 2237 4101 cuum,
2288 4038 2448 4088 extra
2491 4048 2725 4086 omnem
2776 4031 3144 4101 negotiorum
3192 4028 3600 4101 cogitationem
3635 4033 3695 4085 et

2042 4121 2404 4177 exercitium.
2436 4121 2500 4175 ln
2534 4119 2630 4173 his
2662 4120 2737 4174 sit
2769 4124 2825 4173 et
2853 4119 3021 4189 degat
3073 4118 3417 4187 monachus,
3464 4118 3514 4173 is
3564 4134 3695 4173 ma-

2042 4210 2195 4264 xime
2227 4209 2327 4280 qui
2359 4214 2542 4263 totam
2576 4208 2779 4262 mundi
2815 4208 2992 4277 hujus
3024 4207 3332 4262 materiam
3363 4206 3694 4277 dereliquit.

2045 4299 2260 4354 Omnes
2282 4298 2578 4369 speciosae
2601 4296 3039 4368 pulchritudine
3072 4301 3312 4368 superat
3334 4297 3553 4352 ascesis
3576 4295 3698 4362 illa,

2047 4388 2249 4458 quieta
2281 4392 2338 4442 et
2359 4386 2682 4457 tranquilla
2711 4390 2800 4441 est
2828 4386 2966 4440 vita.
3002 4387 3121 4457 Age
3152 4401 3311 4456 ergo,
3346 4384 3703 4451 dilecte,mo«

2049 4476 2334 4530 nasticam
2366 4475 2714 4546 amplectere
2743 4473 2942 4542 vitam,
2977 4478 3033 4529 et
3056 4490 3294 4529 accurre
3324 4473 3393 4528 ad
3420 4472 3520 4527 illa
3543 4473 3706 4543 quie-

2050 4563 2126 4619 tis
2157 4568 2392 4636 trOpaaa.
2429 4562 2713 4635 Relinque
2744 4562 2824 4617 ibi
2879 4563 3189 4632 mundum,
3231 4562 3555 4632 mundique
3600 4578 3707 4616 cu-

2054 4670 2171 4723 ras,
2207 4653 2538 4708 mundanos
2571 4653 2709 4707 item
2742 4651 3109 4723 principatus
3138 4658 3230 4706 est
3260 4655 3613 4722 potestates;
3649 4650 3707 4705 id

2056 4746 2164 4807 est,
2198 4740 2360 4796 solus
2391 4745 2447 4796 et
2479 4741 2723 4795 materia
2752 4745 2897 4809 esto,
2939 4739 3433 4810 passionibusque
3464 4756 3707 4808 vacuus,

2057 4830 2250 4886 omnis
2282 4846 2488 4900 expers
2537 4829 2836 4893 desiderii,
2882 4834 2947 4882 ut
2997 4845 3196 4883 earum
3230 4845 3425 4883 rerum
3458 4828 3709 4883 circum-

2059 4919 2275 4974 stantia
2305 4919 2552 4985 alienus,
2584 4918 2838 4988 quietam
2875 4918 3051 4988 probe
3080 4917 3261 4972 vitam
3294 4933 3466 4989 agere
3497 4918 3711 4988 possis.

2060 5007 2182 5062 Nisi
2214 5008 2369 5061 enim
2403 5008 2538 5078 quis
2579 5023 2707 5061 esse
2738 5006 3028 5076 ejusmodi
3081 5007 3255 5061 rebus
3286 5007 3523 5073 eximat,
3558 5024 3714 5062 nun-

2063 5112 2240 5166 quam
2275 5095 2528 5166 potuerit
2556 5111 2682 5149 eam
2712 5111 2879 5165 agere
2911 5096 3041 5149 vitae
3074 5096 3382 5150 rationem.
3418 5095 3627 5151 Paucis
3659 5100 3717 5151 et

331 5154 387 5169 ,ν
666 5154 675 5161 -
1180 5154 1187 5167 .
1259 5154 1268 5170 .
1417 5154 1461 5169 ..
1526 5154 1562 5169 ις.
1850 5154 1887 5170 ,μ

280 5184 385 5238 καὶ
440 5182 1047 5259 εὖκαταφρονήτων,μὴ
1108 5180 1334 5237 πολλῶν
1395 5183 1484 5236 καὶ
1535 5183 1941 5259 εὐπεριστάτων,

2062 5184 2274 5239 vilibus
2307 5190 2467 5239 utere
2499 5184 2665 5251 cibis,
2691 5200 2803 5237 non
2827 5200 2962 5239 vero
3008 5184 3283 5254 copiosis,
3317 5189 3374 5239 et
3404 5184 3583 5254 probe
3613 5201 3715 5255 pa-

282 5276 328 5341 ἢ
388 5269 605 5343 μᾶλλον
652 5269 1043 5346 ἀπεριστάτων.
1099 5271 1222 5328 Ἐὰν
1270 5268 1326 5325 δὲ
1370 5272 1459 5326 καὶ
1519 5273 1592 5335 ὡς
1644 5268 1949 5348 φιλοξενίας

282 5360 461 5437 χάριν
520 5360 642 5433 περὲ
699 5359 767 5414 τά
824 5357 1100 5429 πολυτελῆ
1162 5357 1431 5433 λογισμὸς
1488 5360 1760 5435 γένηται,
1820 5359 1947 5439 ἄφες

280 5455 489 5506 τοῦτον
550 5448 711 5518 ἐκεῖ,
774 5450 850 5520 μή
910 5446 1055 5509 ὅλως
1133 5450 1359 5522 πεισθῇς
1434 5448 1582 5522 αὐτῷ
1617 5468 1630 5481 ’
1689 5447 1952 5524 ἐνεδρεύει

288 5540 405 5615 γάρ
467 5559 524 5593 σε
583 5535 673 5592 διὰ
726 5536 924 5593 τούτου
958 5538 986 5592 6
1018 5536 1347 5611 ὑπεναντίος,
1378 5536 1475 5593 τοῦ
1524 5539 1826 5610 ἀποστησαι
1854 5542 1952 5608 τῆς

288 5627 559 5705 ἡσυχίας.

369 5749 420 5787 ﬁ
450 5748 471 5805 Ι
502 5747 656 5804 Tim.
688 5763 773 5818 ut,
804 5746 891 5802 13.

2060 5274 2223 5342 ratis,
2250 5274 2367 5328 imo
2402 5273 2596 5344 potius
2619 5272 2883 5343 improbe
2907 5273 3148 5343 paratis.
3179 5274 3340 5339 Quod
3374 5273 3421 5328 si
3446 5270 3715 5343 hospita-

2061 5361 2244 5417 litatis
2276 5379 2453 5417 causa
2506 5369 2563 5417 te
2623 5361 2763 5416 lauti
2819 5362 2931 5416 cibi
2984 5362 3254 5433 cogitatio
3296 5361 3526 5430 subeat,
3558 5362 3713 5418 308

2063 5450 2308 5506 missam
2343 5453 2430 5507 fac
2456 5451 2638 5517 illam,
2673 5466 2778 5505 nec
2811 5466 3049 5521 prorsus
3080 5450 3161 5504 illi
3202 5451 3587 5519 obtemperes.
3621 5450 3684 5505 In

2065 5540 2316 5595 aidiatur
2375 5541 2532 5595 enim
2580 5538 2687 5595 tibi
2738 5556 2839 5610 per
2887 5555 3013 5594 eam
3074 5538 3464 5605 adversarius,
3501 5542 3565 5593 ut
3596 5544 3651 5594 te
3682 5554 3715 5593 ιι

2066 5628 2265 5701 quieta
2294 5629 2555 5686 retrahat
2583 5629 2721 5685 vita.
