4026 6204
457 422 573 482 847

1629 419 1694 479 S.
1741 417 2267 479 ATHANASIUS.
2291 450 2368 463 —
2391 417 2700 480 SPURIA.
3716 429 3809 488 8&8

522 556 576 608 2.
609 555 752 606 Cave
782 567 852 606 ne
881 549 1114 606 divitias
1147 551 1502 623 pauperibus
1560 551 1884 623 erogandae
1929 565 2098 621 expe-

2285 551 2339 606 2.
2390 549 2529 624 Ὅρα
2575 550 2650 622 μὴ
2705 549 3042 624 ἐπιθυμήσῃς
3096 549 3333 606 πλοῦτον
3381 550 3519 628 ἔχειν
3567 557 3675 630 ’πρὸς
3721 555 3811 612 διά·

453 647 582 710 tas;
617 640 822 696 melior
852 639 1007 694 enim
1041 657 1233 695 sermo
1279 641 1468 696 bonus
1500 644 1608 706 est,
1654 657 1830 711 quam
1863 641 2107 694 donum.

452 733 554 786 Est
585 730 801 802 quippe
833 728 930 783 illa
962 729 1101 783 item
1134 729 1378 800 maligni
1412 731 1592 793 fraus,
1627 746 1743 798 qua
1773 730 1840 783 ad
1872 728 2110 782 inanem

455 819 698 890 gloriam
733 818 1077 889 plerumque
1119 803 1178 872 et
1235 819 1305 872 ad
1357 817 1604 872 multam
1657 817 2110 889 negotiationem

457 913 711 962 mentem
744 906 1003 977 conjicit.
1037 906 1399 962 Vestimenta
1429 907 1583 978 quod
1617 911 1866 978 spectat,
1902 921 1971 960 ne
2004 923 2112 960 cu-

460 997 588 1068 pias
622 995 835 1050 multas
867 995 1078 1049 habere
1109 999 1299 1050 vestes
1327 1014 1340 1062 ;
1374 996 1474 1050 sed
1505 1011 1602 1050 eos
1634 994 1825 1050 solum
1849 994 1953 1049 tibi
1989 1011 2118 1065 pro-

458 1086 590 1142 vide
621 1103 746 1156 qum
779 1084 1111 1138 necessitati
1144 1085 1403 1155 corporis
1437 1083 1582 1139 satis
1614 1083 1752 1138 sint.
1788 1083 1847 1138 Si
1881 1083 1989 1137 tibi
2015 1081 2116 1137 ali-

461 1175 678 1230 mentis
728 1177 829 1228 aut
877 1173 1137 1227 vestibus
1194 1172 1270 1228 sit
1305 1187 1471 1241 opus,
1517 1189 1589 1226 ne
1623 1172 1834 1242 pudeat
1867 1188 1934 1226 ea
1963 1169 2113 1226 acci-

459 1280 615 1336 pere,
644 1279 769 1332 quae
805 1261 904 1315 tibi
940 1261 1010 1316 ab
1066 1259 1196 1316 aliis
1252 1261 1576 1315 offeruntur
1609 1277 1621 1314 :
1665 1264 1750 1314 est
1781 1259 1936 1314 enim
1970 1259 2114 1314 illud

459 1351 754 1424 quoddam
788 1351 1074 1420 superbiae
1108 1365 1316 1421 genus.
1361 1349 1523 1412 Quod
1581 1351 1629 1404 si
1662 1349 1769 1404 tibi
1802 1349 2020 1420 aliquid
2055 1349 2113 1403 in

457 1441 618 1496 hisce
649 1439 1012 1511 superfluum
1049 1439 1240 1505 fuerit,
1265 1439 1338 1493 da
1368 1455 1568 1510 egeno.
1600 1439 1756 1492 Hanc
1793 1443 1940 1492 Deus
1966 1437 2115 1492 filios

458 1544 596 1584 suos
627 1528 748 1583 vult
777 1527 1158 1583 oeconomiam
1193 1542 1441 1582 servare.
1479 1527 1624 1581 Cum
1663 1527 1929 1597 praesenti
1963 1531 2114 1581 tem-

457 1634 597 1690 pore
632 1617 962 1672 necessaria
993 1620 1334 1687 suppetunt,
1369 1632 1439 1669 ne
1473 1615 1652 1668 futuri
1685 1615 1968 1686 temporis
1998 1613 2115 1668 sol-

460 1705 763 1760 licitudem
795 1710 986 1776 geras,
1024 1721 1095 1758 ne
1145 1706 1318 1759 unius
1348 1703 1583 1774 quidem
1617 1704 1729 1758 diei
1762 1708 1864 1757 aut
1896 1703 2111 1757 hebdo-

465 1795 656 1850 madis
692 1811 704 1848 :
753 1794 821 1848 de
856 1793 1124 1864 praesenti
1171 1793 1362 1847 solum
1411 1808 1596 1847 cura:
1635 1792 1829 1863 ipsum
1876 1796 2114 1870 tempus

465 1884 576 1938 sibi
610 1884 942 1939 necessaria
972 1881 1394 1953 suppeditabit.
1427 1881 1532 1935 Sed
1567 1882 1625 1935 in
1669 1879 1874 1952 primis
1925 1896 2114 1951 quere

462 1989 707 2043 regnum
741 1971 1040 2026 cozlorum.
1074 1972 1260 2025 Tuam
1285 1986 1517 2040 semper
1541 1970 1856 2024 utilitatem
1889 1974 2110 2037 curato,

462 2066 519 2115 et
550 2061 756 2131 quietae
799 2060 926 2113 vitae
980 2059 1218 2113 modum
1252 2057 1354 2112 tibi
1396 2057 1702 2112 constitue.
1737 2058 1816 2112 Ne
1846 2073 1979 2112 cum
2008 2058 2112 2112 ho-

464 2149 723 2203 minibus
769 2148 1026 2203 materiae
1059 2147 1294 2213 deditis,
1327 2151 1388 2201 et
1418 2146 1570 2202 ultro
1603 2145 1866 2217 citroque
1897 2147 2113 2201 distra-

459 2238 567 2292 ctis
600 2237 829 2292 habites
863 2255 875 2292 :
912 2237 995 2292 vel
1027 2237 1188 2292 solus
1215 2235 1438 2303 habita,
1475 2241 1576 2290 aut
1605 2252 1737 2290 cum
1771 2234 2114 2290 hominibus

458 2325 701 2380 materia
732 2325 1066 2396 expertibus
1097 2329 1153 2380 et
1185 2331 1376 2379 tecum
1409 2325 1930 2379 consentientibus.
1964 2324 2110 2378 Nam

456 2418 554 2485 qui
587 2431 719 2470 cum
746 2414 1087 2469 hominibus
1120 2413 1374 2468 materiae
1407 2413 1642 2482 deditis,
1667 2417 1723 2467 et
1746 2411 1896 2466 ultro
1929 2413 2105 2467 citro-

454 2520 566 2574 que
597 2504 893 2558 distractis
924 2503 1173 2571 habitat,
1199 2503 1249 2556 is
1278 2519 1518 2572 prorsus
1543 2517 1744 2556 eorum
1779 2501 2107 2556 distractio-

454 2591 547 2648 nis
579 2592 874 2664 particeps
933 2593 1063 2656 erit,
1098 2591 1493 2662 humanisque
1549 2591 1758 2646 serviet
1789 2591 2104 2659 mandatis,

453 2681 739 2736 obnoxius
772 2681 935 2736 vanis
986 2679 1593 2746 sermocinationibus,
1637 2678 1886 2750 aliisque
1932 2679 2105 2734 malis

455 2770 752 2838 omnibus,
789 2771 904 2838 ira),
943 2769 1192 2837 maerori,
1227 2767 1619 2824 materialium
1671 2784 1864 2822 rerum
1900 2769 2104 2823 insano

456 2859 662 2930 amori,
697 2859 874 2914 metui
919 2858 1356 2925 ecandalorum,
1389 2856 1890 2929 patrimonialium
1924 2857 2102 2912 bono-

455 2965 586 3002 rum
617 2946 1140 3016 sollicitudinibus,
1157 2950 1537 3018 cognatorum
1571 2945 1863 3001 amicitiis.
1888 2945 2102 3000 Eorum

453 3036 651 3108 itaque
683 3037 1041 3092 consortium
1074 3035 1287 3101 devita,
1322 3051 1392 3090 ne
1437 3035 1580 3090 forte
1611 3038 1774 3090 tuam
1802 3034 1859 3089 in
1895 3033 2105 3090 cellula

454 3126 709 3198 quietem
746 3125 1028 3191 adimant,
1061 3129 1119 3180 et
1150 3126 1220 3180 ad
1254 3141 1362 3180 sua
1394 3124 1550 3180 ultra
1581 3124 1839 3195 citroque
1876 3124 2104 3196 negotia

451 3213 684 3286 pertrab
695 3219 814 3269 ant.

520 3321 573 3376 3.
609 3320 668 3376 Si
705 3337 874 3392 porro
904 3319 1111 3376 cellula
1156 3321 1213 3374 in
1276 3336 1393 3392 qua
1431 3319 1595 3391 degis
1644 3319 2103 3391 circumquaque

450 3425 679 3463 ammna
709 3409 806 3476 sit,
847 3409 980 3481 fuge
1007 3409 1078 3463 ab
1113 3407 1234 3473 illa,
1255 3425 1327 3462 ne
1349 3424 1573 3479 parcas,
1600 3424 1671 3463 ne
1704 3410 1952 3464 fortasse
1975 3410 2105 3478 ejus

453 3513 651 3552 amore
683 3497 1040 3568 pertrahere.
1075 3496 1233 3551 Nihil
1266 3513 1380 3552 non
1425 3513 1552 3568 age,
1600 3497 1745 3550 nihil
1802 3514 1916 3551 non
1969 3513 2102 3568 Ope-

454 3603 602 3652 rare,
636 3591 700 3641 ut
731 3587 924 3657 possis
972 3586 1178 3657 quieta:
1226 3590 1282 3640 et
1324 3585 1652 3656 tranquillas
1699 3586 1829 3639 vitae
1879 3603 2101 3652 vacare,

455 3679 629 3745 atque
661 3681 955 3740 curare,ut
975 3675 1145 3746 juxta
1167 3674 1265 3730 Dei
1296 3673 1654 3730 voluntatem
1689 3674 2101 3746 degas,etcum

456 3764 852 3822 invisibilibus
884 3763 1140 3818 inimicis
1171 3780 1414 3836 pugnes.
1447 3764 1508 3818 Si
1540 3779 1652 3818 non
1697 3769 1861 3834 potes
1892 3765 1949 3818 in
1982 3764 2100 3819 tuis

455 3854 723 3926 partibus
750 3852 1063 3925 tranquille
1094 3855 1150 3907 et
1197 3853 1388 3924 quiete
1420 3853 1645 3924 degere,
1688 3852 1940 3907 transfer
1969 3869 2098 3923 pro-

458 3944 716 4014 positum
746 3948 913 3996 tuum
946 3943 1018 3996 ad
1051 3940 1597 4013 hospitalitatem,in
1621 3957 1866 4011 eamque
1889 3940 2104 4011 cogita-

455 4032 645 4086 tiones
661 4036 790 4085 tuas
810 4030 1252 4102 quamprimum
1275 4030 1652 4102 repone.Esto
1674 4029 1830 4084 velut
1859 4029 2098 4100 quidam

455 4117 712 4190 optimus
743 4119 1086 4190 negotiator,
1121 4119 1219 4188 qui
1259 4119 1459 4174 omnia
1491 4119 1562 4174 ad
1612 4119 1866 4190 quietam
1921 4118 2096 4174 vitam

451 4207 661 4278 probat
689 4211 746 4262 et
775 4208 1047 4274 ordinat;
1092 4212 1148 4262 et
1175 4224 1302 4278 qua:
1335 4207 1651 4278 tranquilla
1679 4212 1736 4262 et
1767 4207 1931 4263 utilia
1960 4213 2100 4263 sunt

450 4295 747 4367 perquirit.
781 4296 1059 4351 Caeterum
1095 4296 1224 4350 dico
1255 4296 1380 4363 tibi,
1418 4295 1869 4367 hospitalitatem
1901 4296 2095 4366 dilige,

449 4401 585 4438 nam
633 4383 841 4440 liberat
890 4389 944 4439 te
987 4402 1018 4438 a
1064 4383 1300 4439 casibus
1332 4384 1388 4438 in
1433 4385 1665 4455 regione
1699 4389 1799 4440 tua
1827 4385 2098 4441 obvenire

447 4472 659 4541 solitis,
694 4474 916 4544 tibique
947 4477 1186 4544 praestat
1220 4477 1283 4526 ut
1316 4473 1524 4544 quietae
1551 4479 1607 4528 et
1649 4474 1978 4545 tranquillae
2011 4474 2094 4528 vi-

445 4567 518 4617 tae
545 4561 800 4616 utilitate
835 4564 1156 4634 perfruare.
1182 4562 1336 4633 Fuge
1361 4578 1553 4617 moras
1587 4563 1644 4616 in
1678 4562 1929 4628 civitate,
1949 4568 2006 4619 et
2035 4564 2094 4618 in

2221 635 2366 692 δοσιν
2399 642 2503 692 τῶν
2539 641 2809 708 πενήτων·
2861 645 3106 714 κρεῖσσον
3147 640 3246 714 γὰρ
3298 639 3459 715 λόγος
3505 641 3681 716 ἀγαθυς
3708 645 3806 721 ὑπὲρ

2221 724 2382 798 δόμα·
2434 725 2542 782 ἔστι
2587 729 2688 802 γὰρ
2745 728 2833 781 καὶ
2881 726 3014 798 αὕτη
3069 728 3245 797 ἀπάτη
3304 735 3402 784 τοῦ
3452 737 3673 805 πονηροῦ
3704 738 3809 807 πρὸς

2220 812 2522 884 κενοδοξίαν
2555 815 2827 877 πολλάκις
2861 815 2949 870 καὶ
3001 817 3077 878 εἷς
3129 817 3646 893 πολυπραγμοσύνης
3675 823 3810 877 αἷτίαν

2222 899 2574 976 ἐμϐάλλουσα
2603 906 2693 959 τὸν
2718 910 2863 960 νοῦν.
2901 906 3029 980 Περὶ
3081 903 3137 960 δὲ
3185 907 3440 977 ἱματίων,
3477 910 3546 979 μὴ
3589 908 3810 982 ἐπιθυμή-

2223 1015 2316 1066 σῃς
2349 991 2532 1047 πολλᾶ
2564 991 2708 1069 ἔχειν
2743 994 2949 1066 ἱμάτια·
2983 992 3130 1048 ἀλλὰ
3175 995 3241 1049 τά
3277 995 3540 1067 ἀρκοῦντα
3584 1002 3644 1070 τῇ
3687 998 3812 1075 ἀνάγ.

2222 1103 2289 1154 κῃ
2322 1086 2418 1135 τοὺ
2463 1081 2714 1155 σώματος
2768 1083 2904 1154 μόνα
2951 1087 3211 1156 προνοοῢ.
3263 1084 3384 1138 Ἐὰν
3435 1081 3522 1158 δὲῃ
3563 1093 3746 1161 τροφῶν
3783 1091 3808 1157 ἢ

2223 1168 2478 1241 ἱματίων,
2516 1171 2592 1242 μή
2639 1171 2937 1245 αἰσχυνθῇς
2975 1171 3042 1225 τὰ
3066 1173 3219 1246 ⁹παρ’
3270 1171 3466 1246 ὲτὲρων
3507 1194 3583 1227 σοι
3627 1196 3811 1253 προσρε-

2226 1259 2426 1334 ρόμενα
2471 1254 2678 1313 λαϐεῖν’
2724 1264 2886 1314 τοῦτο
2941 1261 3043 1334 γάρ
3094 1259 3233 1315 ἐστιν
3289 1261 3640 1338 ὑπερηφανίας
3682 1263 3810 1326 εἶδος.

2226 1349 2346 1403 Ἐάν
2407 1344 2462 1402 δὲ
2512 1348 2599 1402 καὶ
2657 1348 2816 1410 αὑτὸς
2863 1347 2914 1403 ἐν
2965 1349 3179 1410 τούτοις
3226 1350 3561 1424 περισσεύῃς,
3605 1349 3731 1406 δίδου
3756 1360 3813 1423 τῷ

2227 1436 2622 1510 ὑστερουμένῳ·
2679 1437 2852 1499 οὕτως
2903 1439 2931 1492 ὁ
2979 1438 3109 1499 θεὸς
3159 1438 3287 1499 τοὺς
3334 1439 3521 1493 ἑαυτοῦ
3565 1438 3728 1502 παῖδας
3754 1443 3812 1496 οίο

2223 1528 2573 1597 κονομεῖσθαι
2623 1525 2900 1600 βούλεται.
2958 1529 3144 1602 "Ewa
3193 1531 3292 1581 τοῦ
3352 1527 3624 1589 ἐνεστῶτος
3665 1535 3812 1604 καιροῦ

2220 1615 2288 1668 τὰ
2319 1613 2526 1682 δέοντα,
2559 1615 2635 1676 εἷς
2685 1617 2778 1669 τὸν
2826 1614 3099 1688 μέλλοντα
3151 1616 3227 1686 μὴ
3283 1618 3611 1690 μεριμνήσῃς
3647 1618 3809 1691 καιρὸν,

2224 1704 2337 1756 οἷον
2397 1702 2605 1778 ἡμέρας
2666 1710 2810 1775 μιᾶς,
2870 1705 2904 1772 ἢ
2966 1699 3294 1775 ἑϐδομάδος,
3356 1706 3390 1772 ἢ
3440 1706 3540 1776 μὴν
3582 1704 3810 1768 ἐνεστῶτος

2222 1797 2433 1868 καιροῦ’
2495 1793 2652 1855 αὐτὸς
2709 1795 2736 1847 ὁ
2791 1795 2978 1866 καιρὸς
3049 1794 3451 1869 ἐπιχορηγήσει
3516 1795 3577 1848 τὰ
3628 1792 3808 1851 δέοντα.

2147 1919 2192 1984 Β
2224 1879 2396 1938 Ἀλλὰ
2431 1880 2642 1954 μᾶλλον
2676 1884 2822 1951 ζήτει
2873 1881 3112 1954 μάλιστα
3155 1884 3258 1952 τὴν
3308 1882 3570 1956 βασιλείαν
3614 1890 3702 1938 τῶν
3737 1885 3807 1938 ού-

2225 1974 2419 2042 ρανῶν.
2466 1973 2583 2040 Τῆς
2632 1972 2821 2026 ἑαυτοῦ
2873 1969 3136 2048 ὠφελείας
3183 1975 3418 2026 πάντοτε
3464 1974 3701 2048 φρόντιζε,
3740 1975 3806 2027 καὶ

2223 2059 2311 2112 τὸν
2362 2066 2460 2128 τῆς
2513 2058 2749 2134 ἡσυχίας
2810 2065 3098 2135 περιποιοῦ
3155 2062 3385 2135 τρόπον.
3444 2062 3527 2128 Μὴ
3580 2062 3806 2136 ἆγαπτξσῃς

2224 2147 2439 2216 οίκῆσαι
2496 2152 2628 2220 μετὰ
2675 2148 2973 2224 ἀνθρώπων
3029 2148 3233 2204 ὑλικῶν
3284 2149 3372 2203 καὶ
3407 2149 3804 2224 ἐμπερισπάστωνο

2221 2237 2254 2304 ἢ
2295 2237 2456 2308 μόνος
2490 2233 2647 2307 οἷ’κει,
2752 2238 2884 2309 μετὰ
2914 2238 3214 2312 ἀνθρώπων
3261 2236 3442 2292 άΰλων
3487 2239 3568 2292 καὶ
3613 2240 3802 2315 caespi-

2219 2343 2344 2377 verr
2378 2325 2406 2378 ὁ
2455 2324 2557 2399 γὰρ
2614 2326 2747 2397 μετὰ
2789 2325 3086 2401 ἀνθρώπων
3139 2325 3345 2381 ὑλικῶν
3399 2327 3485 2381 καὶ
3533 2325 3801 2402 ἐμπερισπά-

2220 2435 2356 2467 στων
2393 2413 2579 2486 οἰκῶν,
2611 2415 2824 2476 πάντως
2855 2417 3179 2486 κοινωνήσει
3228 2417 3320 2470 καὶ
3371 2416 3526 2476 αὑτὸς
3643 2415 3799 2470 τούτων

2216 2503 2572 2576 περιστάσει,
2631 2503 2719 2556 καὶ
2781 2501 3060 2558 δουλεύσει
3117 2503 3481 2579 ἀνθρωπίναις
3538 2504 3795 2578 ἐπιταγαῖς,

2218 2590 2437 2652 λαλιαῖς
2485 2613 2544 2645 τε
2597 2591 2866 2664 ματαίαις,
2913 2594 3004 2646 καὶ
3054 2599 3170 2654 τοῖς
3215 2592 3410 2654 ἄλλοις
3453 2595 3598 2646 ἅπασι
3629 2591 3796 2658 δεινοῖς,

2217 2679 2374 2754 ὀργῇ,
2408 2679 2576 2754 λύπῃ,
2612 2682 2772 2752 μανίᾳ
2799 2685 2905 2736 τῶν
2960 2680 3128 2746 ὑλῶν,
3162 2677 3322 2758 φόϐῳ
3370 2687 3472 2736 τῶν
3522 2680 3795 2747 σκανδάλων,

2215 2775 2459 2842 γονικαῖς
2513 2769 2818 2844 μερίμναις,
2873 2775 3210 2844 συγγενικαῖς
3263 2769 3486 2844 φιλίαις.
3532 2768 3680 2826 Ἀλλᾶ
3717 2769 3791 2843 γᾶρ

2211 2863 2312 2925 τῆς
2369 2858 2505 2932 πρὸς
2557 2859 2783 2918 τούτους
2842 2858 3130 2933 συντυχίας
3185 2863 3473 2933 παραιτοῦ,
3531 2857 3709 2931 μήποτὲ
3751 2877 3790 2910 σε

2216 2945 2522 3000 ἀπολέσωσι
2552 2953 2652 3015 τῆς
2684 2945 2736 3001 ἐν
2782 2951 2860 3019 τῷ
2902 2946 3109 3020 κελλίῳ
3155 2947 3417 3024 ἡσυχίας,
3467 2948 3548 3002 καὶ
3591 2946 3692 3022 περὶ
3722 2947 3792 3004 τὰς

2215 3035 2418 3090 ἑαυτῶν
2450 3036 2789 3111 περιστάσεις
2821 3034 3116 3110 ἀγάγωσιν.

2285 3323 2338 3376 3.
2373 3318 2493 3375 Ἐὰν
2529 3316 2586 3373 δὲ
2614 3317 2703 3373 καὶ
2751 3319 2814 3374 τὸ
2868 3317 3090 3374 κελλίον
3137 3319 3188 3374 ἐν
3224 3322 3271 3394 ᾧ
3320 3323 3509 3396 καθίζῃ
3547 3318 3791 3385 εὐπερίστα-

2211 3428 2305 3463 τον
2333 3407 2393 3482 ᾕ,
2427 3411 2608 3485 φεῦγε,
2639 3408 2730 3461 καὶ
2782 3407 2946 3462 αὐτου
3000 3409 3076 3480 μή
3129 3409 3306 3487 φείσῃ,
3351 3411 3425 3484 μὴ
3474 3409 3699 3481 ὲλκυσθῇς
3737 3406 3790 3464 εἷς

2216 3496 2424 3572 ἀγάπην
2484 3496 2668 3551 αὑτοῦ.
2724 3495 2900 3551 Πάντα
2957 3497 3123 3568 ποίει,
3184 3501 3360 3553 πάντα
3415 3498 3634 3571 πράττε,
3681 3496 3788 3552 ὅπως

2215 3583 2447 3659 δυνηθῇς
2476 3588 2770 3661 ἡσυχάσαι,
2821 3585 2910 3640 καὶ
2959 3584 3255 3661 σχολάσαι,
3305 3587 3392 3642 καὶ
3442 3583 3695 3642 σπουδάσαι
3731 3603 3789 3656 γε·

2211 3675 2387 3729 νὲσθαι
2437 3674 2488 3729 ἐν
2534 3681 2650 3737 τοῖς
2699 3679 2796 3730 τοῦ
2845 3679 2978 3729 Θεοῦ
3029 3674 3327 3748 θελτςμασι,
3377 3677 3461 3730 καί
3508 3675 3554 3728 ἐν
3596 3677 3652 3746 τῇ
3680 3670 3784 3741 πάλῃ

2207 3767 2314 3817 τῶν
2347 3762 2614 3838 ἀοράτων.
2648 3763 2711 3820 Εἰ
2747 3764 2821 3836 μὴ
2855 3761 3070 3817 δύνασαι
3105 3761 3311 3838 ῥᾳδίως
3343 3765 3594 3838 ἡσυχάσαι
3633 3761 3675 3814 ἐν
3701 3763 3784 3816 τοῖς

2211 3857 2325 3913 σοῖς
2361 3851 2568 3928 μέρεσι,
2599 3849 2690 3914 δός
2741 3873 2834 3906 σου
2886 3850 2971 3905 ἐπὶ
3023 3852 3276 3922 ξενιτείαν
3325 3855 3422 3921 τήν
3463 3852 3693 3928 πρόθεσιν,
3718 3846 3783 3899 καὶ

2210 3939 2297 3995 ἐπὶ
2327 3941 2528 4012 ταύτην
2556 3939 2886 3996 κατάσπευδὲ
2916 3963 3010 3996 σου
3049 3942 3136 3996 τὸν
3189 3941 3472 4017 λογισμόν·
3504 3944 3638 4016 γενοῦ
3663 3937 3782 3998 mei-

2207 4050 2306 4104 περ
2364 4051 2446 4092 τις
2523 4031 2942 4104 πραγματευτὴς
3011 4029 3232 4106 ἄριστος
3268 4076 3284 4103 ,
3341 4033 3406 4086 τὰ.
3471 4032 3621 4084 πάντα
3680 4024 3778 4099 πρὸς

2209 4119 2441 4194 ἡσυχίαν
2472 4116 2804 4192 δοκιμάζων,
2853 4119 2942 4173 καὶ
2991 4120 3058 4173 τὰ
3102 4119 3242 4194 πρὸς
3292 4121 3485 4190 ταύτην
3527 4118 3679 4191 ἥσυχα
3714 4110 3776 4165 καῖ

2208 4210 2488 4283 χρήσιμα.
2537 4206 2688 4276 Πλὴν
2737 4205 2880 4282 λέγω
2932 4229 3036 4279 σοι,
3092 4208 3348 4278 ξενιτείαν
3397 4209 3562 4282 ἀγάπα
3591 4223 3602 4235 ‘
3649 4205 3777 4257 ἀπίλ-

2210 4296 2390 4351 λάττει
2434 4297 2536 4372 γάρ
2581 4318 2638 4351 σε
2681 4302 2788 4351 τῶν
2829 4296 2964 4351 κατὰ
3011 4298 3107 4364 τήν
3161 4294 3303 4350 ἰδίαν
3359 4298 3531 4372 χώραν
3580 4288 3778 4366 περιστάο

2209 4407 2366 4455 σεων,
2423 4385 2511 4439 καὶ
2565 4389 2662 4452 τῆς
2717 4385 2852 4439 κατὰ
2912 4386 3010 4453 τήν
3067 4386 3304 4460 ἡσυχίαν
3363 4383 3606 4460 ὠφελείας
3658 4378 3777 4450 μόνον

2205 4472 2498 4528 ἀπολαύειν
2541 4479 2708 4530 ποιεῖ.
2758 4475 2859 4534 Τὰς
2909 4472 2960 4526 ἐν
3009 4473 3166 4528 πόλει
3221 4469 3492 4547 διατριϐὰς
3538 4461 3775 4547 φεῦγε,ιαῖ

2205 4563 2256 4617 ἐν
2317 4563 2508 4638 ἐρήμῳ
2563 4561 2914 4638 καρτέρησον,
2971 4563 3015 4616 εί
3076 4559 3299 4618 δυνατὸν
3355 4564 3414 4617 τὸ
3465 4558 3683 4622 καθόλου.
3710 4551 3775 4608 Εἷς

445 4668 636 4707 eremo
667 4667 991 4724 persevera.
1025 4650 1073 4706 si
1106 4652 1229 4706 tieri
1275 4650 1512 4705 omnino
1553 4651 1756 4721 possit.
1795 4652 1853 4705 In
1889 4653 2089 4708 urbem

2212 4653 2361 4708 πόλιν
2421 4653 2495 4724 μή
2549 4652 2888 4724 ἀπαντήσῃς·
2924 4648 3077 4705 οὐδὲν
3132 4652 3233 4727 γὰρ
3295 4650 3614 4726 εὔχρηστον,
3665 4639 3778 4696 οὐδὲν

445 4756 516 4796 ne
549 4741 792 4796 accedas
827 4757 838 4794 :
875 4739 1020 4794 nihil
1057 4738 1212 4794 enim
1247 4738 1409 4803 utile,
1445 4737 1590 4792 nihil
1622 4743 1722 4792 tuo
1765 4739 1897 4794 vitae
1929 4741 2095 4796 insti-

441 4832 568 4884 tuto
597 4829 960 4884 fructuosum
995 4827 1112 4882 illic
1143 4827 1488 4899 conspicias.
1523 4827 1604 4882 Ne
1652 4827 1860 4883 timeas
1911 4846 2097 4900 neque

440 4918 720 4974 formides
753 4933 950 4972 earum
986 4933 1180 4972 rerum
1215 4917 1500 4981 sonitum,
1535 4932 1725 4987 neque
1767 4917 2035 4988 aufugias
2064 4935 2098 4974 a

440 5007 634 5061 stadio
667 5005 941 5061 utilitatis
972 5010 1103 5060 tuae.
1135 5006 1368 5076 Absque
1403 5006 1613 5059 timore
1644 5005 1891 5075 sustine,
1925 5012 1979 5061 et
2009 5007 2094 5060 vi-

439 5095 604 5152 debis
626 5095 727 5151 Dei
762 5095 1253 5166 magnitudinem,
1280 5095 1479 5150 omnia
1500 5093 1720 5150 scilicet
1743 5094 1852 5151 alia
1885 5095 2093 5152 salutis

440 5185 610 5258 signa
641 5189 698 5239 et
725 5183 1248 5240 manifestationes.

507 5292 558 5345 4.
593 5291 825 5345 Amicos
856 5290 904 5345 si
939 5290 1138 5357 habes,
1174 5289 1306 5362 fuge
1343 5306 1542 5344 eorum
1589 5291 1920 5362 frequentes
1953 5309 2091 5348 con-

437 5377 825 5435 fabulationes
853 5397 864 5446 ;
899 5378 946 5434 si
969 5379 1121 5434 enim
1146 5395 1377 5450 perraro
1409 5377 1741 5448 colloquare
1764 5396 1896 5435 cum
1923 5381 2087 5453 ipsis,

433 5474 634 5541 gratus
667 5468 781 5524 Deo
810 5469 944 5524 cris.
971 5467 1130 5532 Quod
1157 5466 1203 5520 si
1237 5467 1691 5539 deprehendesis
1725 5485 1825 5539 per
1856 5486 1952 5525 eos
1984 5471 2088 5526 tibi

433 5558 715 5613 damnum
747 5557 1037 5623 obvenire,
1074 5573 1141 5610 ne
1172 5573 1413 5627 prorsus
1440 5556 1684 5611 accedas
1715 5559 1784 5611 ad
1821 5557 2091 5614 illos.Par

435 5649 651 5719 quippe
677 5652 764 5702 est
793 5646 1010 5700 amicos
1047 5651 1098 5699 te
1130 5645 1342 5700 habere
1376 5646 1472 5716 qui
1509 5651 1606 5699 tuo
1653 5646 1786 5701 vitae
1818 5648 2087 5706 instituto

433 5735 606 5792 utiles
638 5752 703 5792 ac
748 5734 926 5792 dediti
959 5733 1095 5790 sint.
1129 5733 1287 5805 Fuge
1322 5733 1708 5804 malignorum
1743 5740 1800 5791 et
1847 5743 2086 5794 conten-

2207 4741 2488 4816 ὠφέλιμον
2519 4744 2587 4814 τῇ
2634 4739 2886 4811 πολιτείᾳ
2940 4761 3034 4794 σου
3081 4739 3190 4794 ἐκεῖ
3237 4740 3410 4812 θεάσῃ.
3445 4739 3526 4804 Μὴ
3557 4730 3775 4800 δειλιάσῃς

2205 4833 2345 4906 ἦχον
2380 4830 2578 4894 αὑτῶν,
2625 4831 2658 4897 ἢ
2688 4831 2951 4902 πτοηθῇς·
3005 4826 3145 4902 μηδὲ
3191 4829 3468 4906 ἁποιρύγῃς
3512 4826 3565 4879 τὸ
3607 4816 3772 4875 στάδιον

2202 4927 2302 4989 τῆς
2337 4926 2433 4988 σῆς
2467 4916 2754 4995 ὡφελείας.
2805 4913 3055 4995 Ἀφόϐως
3107 4919 3418 4990 ὑπόμεινον,
3459 4914 3538 4970 καὶ
3580 4906 3771 4984 ὕψειτοῦ

2204 5013 2339 5063 Θεοῦ
2368 5009 2433 5062 τὰ
2469 5006 2754 5082 μεγαλεῖα,
2804 5008 2902 5075 τήν
2957 5005 3135 5077 ἄλλην
3183 5008 3386 5062 ἅπασαν
3437 5004 3516 5059 ἐπὶ
3561 4993 3769 5069 σωτηρίαν

2203 5095 2603 5176 πληρορορίαν.

2271 5299 2324 5353 4·
2374 5294 2493 5349 Ἐὰν
2542 5292 2734 5371 φίλους
2781 5291 2919 5369 ἔχῃς
2946 5337 2959 5362 ,
3008 5297 3169 5371 φεῦγε
3215 5293 3415 5348 τούτων
3458 5288 3541 5348 τὰς
3580 5281 3768 5380 συνεχεῖς

2201 5383 2511 5460 συντυχίαςυ
2566 5379 2653 5437 διὰ
2703 5386 2914 5458 μακροῦ
2961 5382 3066 5458 γὰρ
3113 5381 3293 5442 αὐτοῖς
3340 5373 3673 5451 συντυγχάνων
3704 5373 3767 5418 5-3-

2199 5473 2459 5548 χάριστος
2493 5468 2607 5545 ἔστι.
2667 5471 2788 5527 Ἐᾶν
2832 5468 2889 5525 δὲ
2934 5474 3268 5544 κατανοήσῃς
3300 5467 3383 5524 διὰ
3427 5465 3608 5521 τούτων
3632 5456 3767 5548 αὐτῶν

2203 5541 2414 5638 βλάϐην
2464 5541 2569 5616 σοι,
2595 5561 2908 5634 γινομένην,
2949 5541 3222 5633 μηδόλωςν
3247 5557 3472 5633 ἑγγίσῃς.
3505 5549 3670 5638 φίλους
3690 5541 3764 5617 γὰρ

2198 5635 2344 5726 ἔχειν
2379 5671 2434 5705 σε
2466 5651 2578 5726 χρὴ
2627 5649 2754 5711 τοὺς
2805 5649 3119 5728 ὠφελίμους
3156 5647 3241 5703 καὶ
3289 5635 3766 5728 συλλαμϐανομίνους

2196 5746 2262 5815 τῇ
2296 5744 2364 5814 σῇ
2396 5737 2669 5810 πολιτείᾳ.
2705 5742 2880 5816 Φεῦγε
2908 5743 3015 5794 τῶν
3065 5741 3311 5813 πονηρῶν
3359 5731 3547 5807 ἀνδρῶν
3595 5724 3667 5780 καὶ
3707 5737 3765 5772 ua
