4026 6204
253 471 382 531 849

254 605 448 680 χίμων
486 606 589 673 τήν
649 602 939 678 συντυχίαν
975 619 988 633 ⁸

256 693 411 750 ἀλλὰ
459 695 559 768 γὰρ
615 692 705 747 καὶ
759 694 856 752 τὰς
908 691 1117 769 φαύλας
1168 693 1342 747 αὐτῶν
1387 693 1668 768 προθέσεις
1719 713 1917 767 παραι-

253 787 399 834 τοῖν.
434 777 655 854 Ἀνδρες
705 778 970 849 εἰρηνικοὶ
1019 777 1270 857 ἀδελφοὶ,
1301 781 1390 834 καὶ
1430 779 1786 851 πνευματικοὶ
1819 801 1918 834 πα-

254 869 414 945 τέρες
461 871 626 945 ἅγιοι,
682 863 917 922 ἔστωσαν
969 867 1120 945 φίλοι
1167 891 1273 925 σοι.
1473 870 1606 941 μετά
1637 889 1916 940 περισπω-

259 959 437 1030 μένων
471 956 820 1029 συναυλίάου,
858 954 998 1030 μηδὲ
1046 958 1346 1030 συμπόσιον
1398 953 1535 1032 ἔχῃς
1572 959 1685 1030 μετ’
1718 957 1912 1012 αὐτῶν·

257 1048 481 1121 μήποτέ
511 1068 569 1101 σε
627 1045 748 1121 περί
804 1046 897 1107 τὰς
959 1047 1160 1100 ἑαυτῶν
1220 1046 1424 1108 ἀπάτας
1473 1046 1763 1112 ὶλκύσωσι,
1824 1046 1914 1100 καὶ

249 1143 362 1204 τῆς
385 1137 522 1190 κατὰ
575 1136 673 1203 τήν
725 1134 961 1210 ἡσυχίαν
1014 1133 1320 1208 ἐπιστήμης
1376 1135 1736 1211 ἀπαγάγωσιν.
1790 1135 1908 1189 Ἐὰν

250 1221 314 1278 δέ
346 1245 428 1285 τις
456 1228 563 1278 τῶν
595 1224 731 1278 κατὰ
781 1223 879 1290 τὴν
931 1221 1140 1298 ἀγάπην
1184 1228 1281 1277 τοῦ
1330 1227 1460 1277 Θεοῦ
1509 1224 1911 1298 πορευομένων,

250 1311 435 1376 ἐλθὼν
468 1313 603 1387 πρὸς
636 1313 714 1379 σὲ,
745 1311 832 1366 ἐπὶ
884 1311 948 1366 τὸ
997 1318 1185 1390 φαγεῖν
1238 1310 1680 1388 προσκαλέσηταί
1715 1334 1792 1380 σε,
1825 1310 1916 1367 καί

255 1402 429 1474 θέλῃς
483 1401 722 1477 ὑπάγειν,
757 1401 929 1475 ὕπαγε
981 1402 1099 1472 μὲν,
1148 1403 1341 1476 τάχιον
1392 1399 1448 1456 δὲ
1504 1401 1556 1456 ἐν
1606 1407 1684 1473 τῷ
1708 1400 1916 1473 κελλίῳ

250 1509 359 1542 σου
396 1488 714 1566 ὑπόστρεςρε.
750 1488 813 1542 Εἰ
874 1485 1118 1555 δυνατὸν,
1175 1488 1324 1549 ἐκτὸς
1381 1493 1477 1542 τοῦ
1533 1487 1759 1544 κελλίου
1819 1510 1913 1543 σου

259 1579 342 1650 μή
377 1580 655 1650 κοιμηθῇς
716 1574 835 1646 ἔξω·
896 1575 987 1631 τίνα
1045 1574 1134 1630 διὰ
1182 1577 1384 1639 παντός
1436 1599 1518 1631 σοι
1561 1579 1844 1653 παραμένῃ
1879 1581 1912 1647 ἡ

254 1667 364 1727 τῆς
420 1663 662 1738 ἡσυχίας
718 1664 881 1738 χάρις
914 1709 928 1733 ,
991 1663 1079 1717 καὶ
1134 1667 1232 1732 τῆς
1304 1663 1355 1718 ἐν
1417 1664 1552 1738 αὐτῇ
1612 1664 1914 1739 προθέσεως

259 1751 659 1826 ἀνεμπόδιστον
709 1751 844 1824 ’ἐξεις
898 1755 998 1822 τὴν
1034 1751 1306 1828 λατρείαν.
1342 1755 1434 1822 Mi,
1463 1756 1618 1829 γίνου
1649 1754 1918 1826 ἐπιθυμη-

257 1844 367 1910 τὴς
432 1842 740 1918 βρωμάτων
798 1840 1023 1896 καλῶν·
1077 1845 1111 1912 ἡ
1171 1843 1270 1917 γὰρ
1326 1841 1655 1898 σπαταλῶσα
1711 1845 1864 1918 ψυχὴ
1902 1887 1915 1912 ,

261 1937 413 2000 ζῶσα
459 1934 700 2001 τέθνηκε.
760 1932 850 2000 Μὴ
897 1932 1176 2006 χορτάσῃς
1223 1933 1324 2000 τήν
1370 1932 1586 1986 κοιλίαν
1639 1953 1734 1986 σου
1778 1932 1918 2007 βρώ-

265 2042 412 2093 ματα
445 2016 697 2092 διάφορα,
723 2017 815 2073 ’ἶνα
849 2021 925 2092 μὴ
958 2019 1124 2083 πόθος
1178 2041 1258 2082 ςοι
1307 2019 1515 2074 τούτων
1555 2021 1795 2096 γενηται,

259 2109 390 2184 περέ
438 2109 708 2184 τραπέζης
757 2109 1034 2182 ἐμποιήσῃ
1069 2129 1152 2163 σοι
1185 2109 1276 2163 τὸν
1313 2109 1504 2173 πόθον.
1539 2107 1765 2184 Εἴρηται
1813 2110 1914 2186 γὰρ

266 2200 352 2269 μή
401 2198 707 2262 ἀπατᾶσθαι
752 2197 1018 2273 χορτασίᾳ
1046 2197 1259 2258 κοιλίας
1291 2241 1305 2256 .
1345 2199 1467 2254 Ἐὰν
1529 2195 1586 2252 δὲ
1653 2197 1742 2252 καὶ
1803 2219 1919 2252 ουν-

264 2292 417 2361 εχῶς
451 2284 553 2359 ἔξω
578 2292 676 2342 τοῦ
707 2285 933 2342 κελλίου
963 2308 1057 2341 σου
1109 2289 1270 2362 θεᾴσῃ
1325 2287 1544 2342 σεαυτὸν
1574 2287 1918 2362 προσκαλού-

1431 471 1815 533 EPISTOLA
1859 472 1882 532 Ι
1931 473 2030 532 AD
2076 471 2520 533 CASTOREM.

1054 601 1246 676 μηδενὶ
1297 611 1505 659 τούτων
1563 605 1911 678 συνοικήσῃς·

2028 606 2312 660 tiosorum
2343 605 2603 660 virorum
2653 601 3033 673 colloquium,
3087 617 3221 656 cum
3278 601 3510 658 nemine
3555 600 3684 656 illo-

1828 2021 1916 2074 καὶ
1949 1983 1996 2048 Β

3567 469 3687 530 850

2026 711 2155 748 rum
2189 693 2441 758 habites,
2475 693 2593 747 imo
2624 709 2797 763 prava
2841 690 3072 744 illorum
3119 691 3419 762 proposita
3456 704 3681 744 recusa.

2025 783 2256 838 Fratres
2290 783 2385 853 qui
2414 780 2801 852 sintpacifici,
2835 784 2890 834 et
2947 778 3288 850 spirituales
3347 777 3535 834 sancti
3576 778 3680 831 Pa-

2024 876 2162 941 tres,
2197 871 2368 926 amici
2400 871 2666 925 tibisint.
2713 869 2794 924 Ne
2831 885 2965 923 cum
3011 867 3478 923 distractis'viris
3520 866 3683 921 babi-

2023 964 2132 1029 tes,
2163 976 2355 1031 neque
2387 976 2520 1013 cum
2557 959 2630 1012 iis
2681 975 2798 1012 una
2822 957 3156 1024 convivere;
3184 974 3253 1012 ne
3301 962 3358 1011 te
3409 959 3558 1012 forte
3608 955 3680 1010 ad

2025 1067 2162 1104 suas
2185 1049 2420 1104 fraudes
2451 1047 2813 1119 pertrabant,
2848 1050 2900 1101 et
2924 1062 2955 1100 a
2989 1046 3234 1100 scientia
3264 1062 3392 1116 quae
3424 1044 3682 1116 quietam

2023 1143 2251 1210 spectat
2274 1138 2452 1193 vitam
2480 1138 2793 1191 abducant.
2829 1135 2989 1198 Quod
3032 1134 3078 1189 si
3127 1134 3256 1203 quis
3315 1150 3518 1189 eorum
3571 1132 3676 1204 qui

2025 1228 2348 1282 secundum
2377 1226 2722 1282 charitatem
2775 1224 2870 1278 Dei
2920 1223 3222 1290 incedunt,
3259 1227 3314 1278 te
3358 1222 3562 1278 adiens
3606 1221 3677 1276 ad

2024 1317 2448 1371 comedendum
2482 1315 2706 1380 invitet,
2743 1313 2789 1367 si
2827 1312 3023 1366 lubeat
3061 1311 3243 1376 abire,
3278 1312 3406 1378 abi;
3437 1312 3537 1365 sed
3573 1309 3682 1364 cito

2025 1405 2094 1459 ad
2128 1405 2331 1460 cellam
2357 1405 2611 1471 remigra
2641 1401 2885 1457 tuam.Si
2919 1401 3039 1455 ﬁeri
3075 1405 3284 1471 potest,
3335 1416 3405 1455 ne
3427 1398 3684 1454 dormias

2025 1499 2184 1548 extra
2233 1493 2439 1548 cellam
2472 1499 2658 1562 tuam,
2710 1496 2773 1545 ut
2804 1506 3035 1559 semper
3065 1489 3216 1560 apud
3253 1494 3308 1545 te
3343 1492 3685 1560 permaneat

2026 1583 2234 1653 quietae
2265 1584 2391 1636 vita:
2423 1582 2632 1653 gratia,
2666 1597 2732 1636 ac
2755 1581 2880 1634 sine
2920 1578 3082 1633 obice
3133 1594 3269 1650 erga
3304 1577 3674 1650 propositum

2025 1670 2456 1739 hujuscemodi,
2488 1673 2709 1724 cultum
2746 1672 2912 1722 tuum
2937 1666 3264 1738 impendes.
3313 1666 3392 1720 Ne
3425 1669 3548 1720 esto
3581 1681 3681 1719 cu-

2029 1760 2200 1831 pidus
2233 1759 2374 1814 lauti
2407 1759 2558 1825 cibi;
2595 1774 2730 1812 nam
2764 1774 2889 1827 qua:
2909 1755 3216 1810 deliciatur
3239 1755 3459 1818 anima,
3483 1754 3681 1810 vivens

2028 1852 2258 1903 mortua
2290 1848 2487 1904 est.Ne
2509 1846 2684 1902 variis
2718 1845 2864 1901 cibis
2892 1852 3154 1900 ventrem
3179 1848 3346 1898 tuum
3381 1844 3539 1898 309
3573 1843 3681 1898 im-

2028 1936 2189 2008 pleas
2216 1954 2229 2003 ;
2256 1953 2326 1991 ne
2349 1941 2404 1991 te
2423 1952 2623 1991 eorum
2647 1934 2858 2005 cupido
2876 1934 3166 1998 subeat,et
3183 1938 3349 1988 tuum
3374 1949 3509 2004 erga
3524 1949 3686 1987 men-

2027 2042 2154 2080 sam
2185 2025 2508 2096 appetitum
2537 2024 2888 2078 inflammes.
2915 2021 3144 2077 Dictum
3178 2038 3431 2092 namque
3453 2025 3683 2086 est,non

2026 2119 2292 2186 oportere
2326 2112 2441 2168 falli
2477 2113 2787 2168 saturitate
2818 2111 3226 2175 ventris.0uod
3247 2111 3293 2165 si
3328 2115 3384 2166 te
3417 2111 3686 2182 frequen-

2025 2208 2114 2258 ter
2143 2208 2305 2258 extra
2336 2203 2540 2257 cellam
2572 2207 2738 2257 tuam
2767 2201 2964 2256 videas
2997 2200 3250 2266 invitari,
3294 2201 3506 2254 almus.
3542 2200 3685 2256 Nam

2031 2293 2302 2363 frequens
2334 2298 2494 2347 extra
2525 2291 2732 2346 cellam
2779 2295 2940 2345 tUam
3000 2306 3162 2344 mora
3193 2289 3544 2345 detrimento
3585 2273 3689 2344 tibi

271 2397 460 2449 μενον,
492 2381 779 2451 παραιτοῦ.
815 2383 997 2430 Ἔστιν
1032 2375 1326 2448 ἑπιζήμίος
1356 2379 1390 2445 ἡ
1425 2375 1525 2447 ἔξω
1553 2381 1650 2430 τοῦ
1697 2375 1922 2432 κελλίου

264 2486 372 2519 σοα
401 2466 633 2541 συνεχὴς
686 2457 964 2538 διατριϐὴ,
1016 2465 1318 2542 ἀφαιρεῖται
1367 2467 1466 2534 τήν
1521 2465 1701 2540 χάριν,
1754 2466 1928 2520 σκοτί-

267 2561 350 2624 ζει
380 2556 443 2609 τὸ
476 2555 754 2632 φρόνημα,
787 2555 1031 2630 μαραίνει
1069 2553 1160 2608 τὸν
1193 2553 1380 2611 πόθον.

2033 2386 2143 2449 est,
2177 2383 2393 2453 quippe
2423 2398 2549 2452 quae
2587 2380 2835 2452 gratiam
2887 2379 3133 2447 auferat,
3185 2394 3427 2434 sensum
3479 2380 3693 2434 obscu-

2035 2474 2140 2540 ret,
2179 2486 2438 2526 amarem
2468 2469 2794 2524 marcidum
2830 2469 3054 2524 reddat.

1122 2809 1192 2864 IN
1225 2808 1430 2864 BINAS
1460 2809 1556 2865 AD
1589 2811 1968 2865 CASTOREM
1997 2810 2386 2866 EPISTOLAS
2425 2810 2838 2866 ADMONITIO.

348 2923 559 2977 Novum
588 2923 676 2978 hic
695 2933 966 2995 comparet
994 2925 1307 2980 commenti
1333 2941 1525 2995 genus,
1556 2927 1746 3001 Lector
1781 2927 2030 2983 benevole
2061 2943 2073 2980 :
2104 2944 2173 2982 en
2205 2929 2310 2982 tibi
2332 2927 2612 2982 Instituta
2643 2926 2905 2982 Cassiani
2963 2929 3152 2982 Graece
3201 2940 3386 2990 versa,
3445 2926 3504 2978 in
3533 2939 3681 2979 com-

267 3011 541 3082 pendium
563 3012 804 3079 redacta,
835 3013 1236 3086 Athanasiique
1264 3016 1486 3069 nomine
1512 3018 1841 3086 conscripta.
1878 3017 2036 3089 Quod
2068 3033 2198 3087 opus
2227 3032 2340 3071 esse
2372 3016 2588 3072 videtur
2633 3015 2873 3071 Graeculi
2916 3014 3194 3086 cujusdem
3255 3015 3445 3068 Latine
3501 3013 3686 3083 periti,

269 3102 370 3170 qui
397 3117 525 3155 cum
558 3103 616 3155 in
649 3100 923 3156 lnstituta
944 3101 1205 3158 Cassiani
1254 3102 1556 3171 incidisset,
1591 3120 1772 3175 operae
1814 3105 2053 3176 pretium
2084 3105 2245 3160 ἄμαςίί
2290 3105 2472 3162 Grzrce
2505 3106 2602 3161 illa
2654 3105 3038 3176 interpretari,
3097 3119 3414 3174 quanquam
3460 3103 3694 3171 fortasse

266 3192 515 3258 potuerit
540 3206 609 3244 ex
632 3193 856 3262 antiquo
890 3192 1141 3246 Cassiani
1162 3191 1344 3248 Graeco
1376 3198 1546 3260 textu,
1580 3209 1675 3248 seu
1709 3192 1899 3250 Graeca
1931 3195 2197 3260 versione,
2241 3193 2344 3248 hoc
2376 3195 2554 3264 ipsum
2592 3193 2913 3264 opusculum
2955 3199 3255 3247 contexere.
3307 3191 3446 3244 Nam
3474 3194 3693 3242 exstant

267 3279 331 3330 in
363 3278 614 3348 antiquis
644 3278 852 3333 Grzrcis
881 3279 1158 3334 codicibus
1182 3283 1359 3335 multa
1395 3296 1464 3334 ea:
1496 3280 1746 3336 Cassiani
1777 3282 2236 3348 lnstitutionibus,
2271 3297 2506 3352 quarum
2565 3280 2714 3335 haud
2770 3279 2942 3334 semel
3001 3280 3115 3333 loca
3144 3280 3460 3349 afferuntur
3510 3276 3693 3332 Graece

267 3382 305 3417 a
331 3365 665 3434 quibusdam
694 3367 1075 3436 scriptoribus,
1107 3385 1158 3422 υ.
1190 3386 1249 3440 g.
1276 3386 1315 3423 α
1348 3369 1612 3424 Climaco.
1649 3371 1920 3425 lnstituta
1948 3373 2124 3440 igitur
2155 3369 2262 3426 illa
2293 3372 2511 3425 exhibet
2543 3370 2635 3426 hic
2661 3372 2915 3441 scriptor,
2949 3385 3060 3423 non
3090 3368 3307 3439 quidem
3343 3367 3576 3435 integra,
3600 3363 3692 3419 sed

267 3455 550 3522 excerptis
580 3454 709 3508 hinc
737 3455 871 3509 inde
898 3458 1214 3525 sententiis,
1245 3471 1387 3528 δῶρα
1416 3459 1584 3511 etiam
1615 3458 1844 3528 integris
1873 3459 2188 3530 capitibus:
2219 3464 2483 3530 tantaque
2503 3461 2703 3522 omisit,
2739 3467 2798 3513 ut
2828 3474 2896 3513 ex
2926 3457 3213 3512 duodecim
3235 3455 3356 3510 illis
3401 3455 3688 3509 instituto-

269 3558 397 3595 rum
429 3542 610 3610 libris,
637 3542 801 3598 bi-nas
848 3544 1012 3598 hasce
1054 3547 1270 3600 tantam
1304 3547 1597 3615 confecerit
1641 3548 1918 3617 epistolas,
1949 3564 2083 3620 quas
2125 3549 2354 3618 majoris
2398 3548 2882 3603 commendationis
2931 3562 3097 3601 causa
3143 3560 3347 3612 magno
3389 3542 3686 3596 Athanasio

269 3631 552 3700 ascripsit.
586 3635 758 3686 Porro
789 3634 900 3686 tam
931 3635 1147 3703 supine,
1182 3643 1291 3689 tam
1324 3637 1546 3690 incaute
1578 3637 1638 3690 id
1671 3638 1941 3706 facinoris
1990 3653 2272 3708 aggressus
2313 3641 2410 3703 est,
2454 3641 2515 3692 ut
2557 3653 2682 3708 quae
2739 3653 2795 3692 se
2824 3637 2940 3690 suis
2987 3635 3185 3689 vidisse
3227 3634 3401 3688 oculis
3457 3634 3688 3684 testatur

271 3719 596 3784 Cassianus,
619 3720 776 3790 longe
802 3721 1014 3776 scilicet
1040 3731 1158 3793 post
1187 3723 1478 3778 Athanasii
1507 3727 1722 3779 a’tatem
1752 3727 1892 3794 acta,
1935 3739 1999 3780 ea
2056 3726 2168 3795 ipse
2199 3726 2556 3781 Athanasium
2591 3727 2911 3780 narrantem.
2951 3739 3014 3776 ac
3062 3738 3118 3776 sc
3164 3721 3357 3774 vidisse
3399 3722 3685 3773 testantem

268 3812 650 3878 repraesentet,
681 3809 820 3880 quod
846 3812 902 3864 in
931 3810 1061 3866 aliis
1077 3827 1290 3882 quoque
1320 3813 1604 3868 nonnullis
1632 3814 1836 3884 spuriis
1859 3814 2112 3884 operibus
2134 3814 2575 3869 animadversum
2594 3822 2689 3868 est.
2718 3812 2910 3866 Castor
2923 3812 3117 3865 autem
3147 3809 3241 3862 ille
3260 3809 3351 3862 cui
3360 3821 3684 3875 nuncupan-

267 3901 364 3950 tur
398 3896 672 3952 lnstituta
700 3897 988 3966 Cassiani,
1027 3903 1291 3971 cujusque
1328 3917 1523 3957 nomen
1556 3901 1661 3956 huc
1697 3901 2035 3958 translatum
2077 3906 2172 3971 est,
2206 3904 2482 3974 episcopus
2521 3905 2639 3957 erat
2681 3901 2948 3972 Aptensis.
2983 3900 3095 3953 Has
3141 3912 3302 3968 porro
3327 3896 3487 3950 nobis
3513 3895 3685 3949 Roma

263 3987 627 4041 transmisere
653 3988 854 4058 fratres
873 3990 1069 4046 nostri.

1239 4213 1644 4268 ΔΘΑΝΑΣΙΟΥ
1737 4213 1911 4268 ΠΡΟΣ

2031 4215 2326 4272 EIUSDEM
2425 4213 2638 4269 mox!
2734 4209 3370 4283 ATHANASHMAQ“
3411 4206 3685 4283 eams-

931 4284 1466 4340 MAKAPIOTATON
1547 4285 1705 4338 ΠΕΡΙ
1781 4285 1911 4341 TuN

2103 4287 2316 4343 SIMUM
2395 4285 2790 4348 CASTOREM,
2875 4285 2958 4336 DE
3028 4280 3379 4338 CANONICIS
3448 4277 3683 4335 σιεινο-

856 4356 992 4411 ΤΩΝ
1107 4356 1471 4411 ΚΟΙΝΟΒΙΩΝ
1575 4362 1611 4408 Δ
1623 4356 1873 4411 ῐΑΤΥΙΙΩ
1903 4388 1911 4397 -

2104 4355 2360 4413 BIORUM
2388 4354 3038 4412 CONSTITUTIONIBUS.

263 4210 398 4267 ΤΟΥ
492 4211 718 4266 ΑΥΤΟΥ
808 4212 1136 4268 ΜΕΓΑΛΟΥ

340 4281 660 4337 ΚΑΣΤΟΡΑ
723 4284 852 4340 ΤΟΝ

338 4353 742 4408 ΚΑΝΟΝΙΚΩΝ

343 4425 524 4478 suos
564 4426 700 4494 (37).

343 4544 566 4617 Ἐπιιδή
615 4568 708 4619 μοι
767 4549 1114 4623 προσέταξας,
1172 4549 1548 4626 μακαριώτατε
1605 4549 1770 4626 πάτερ
1820 4551 1919 4605 Κά-

268 4655 425 4711 στορ,
456 4636 717 4712 γνωρίσαι
779 4658 863 4692 σοι
918 4639 1015 4700 τὰς
1066 4640 1353 4700 κανονικὰς
1407 4636 1766 4701 διατυπώσεις
1806 4645 1914 4695 τῶν

265 4719 558 4780 κοινοϐίων
614 4730 722 4780 τῶν
774 4725 1133 4798 ἀνατολικῶν,
1185 4727 1273 4782 καὶ
1321 4727 1554 4800 μάλιστα
1598 4733 1705 4782 τῶν
1758 4728 1918 4803 Αἰγυ-

267 4813 440 4867 πτίων
479 4858 493 4883 ,
529 4815 600 4868 ὧν
631 4815 906 4886 αὐτόπτης
960 4817 1155 4892 γὲγονα
1188 4837 1200 4849 ’
1235 4815 1373 4887 ε”ξας
1421 4817 1529 4891 ἐγὼ
1576 4821 1642 4891 τῇ
1687 4817 1916 4891 ὑμετέρᾳ

263 4901 511 4957 κελεύσει
547 4949 560 4974 ,
610 4907 805 4958 τοῦτον
858 4905 933 4966 ὡς
980 4903 1031 4958 ἐν
1081 4903 1252 4982 ὀλίγῳ
1293 4905 1384 4959 τὸν
1431 4903 1595 4981 λόγον
1639 4907 1764 4978 ὑμῖν
1810 4907 1912 4961 ἀπ-

263 4989 480 5045 έστειλα
515 5011 528 5024 ·
570 4989 659 5046 ’ίνα
713 4989 913 5069 ἔχωσιν
966 4991 1179 5071 ἐφόδιον
1225 4994 1359 5069 πρὸς
1409 4994 1602 5070 ἀρετὴν
1649 4996 1699 5048 οἱ
1748 5018 1914 5050 συνει-

263 5078 521 5155 λεγμένοι
567 5079 659 5135 σὺν
711 5086 826 5154 Θεῷ
870 5080 920 5135 ἐν
973 5085 1052 5152 τῷ
1096 5081 1202 5154 νὲῳ
1249 5103 1342 5136 σου
1386 5083 1754 5156 μοναστηρίῳ,
1787 5084 1912 5148 τούς

255 5172 369 5221 τῶν
408 5169 684 5243 μακαρίων
717 5168 924 5245 ἀνδρῶν
956 5169 1181 5232 κανόνας
1212 5192 1267 5225 τε
1314 5171 1402 5225 καὶ
1454 5169 1511 5226 ἄ)
1529 5171 1681 5234 λους.
1719 5174 1911 5248 ’Δναγ-

255 5263 415 5312 καῖον
468 5259 647 5312 τοίνυν
695 5259 801 5334 πρὸ
849 5261 1066 5314 πάντων
1117 5259 1240 5337 περὶ
1279 5269 1592 5337 προσευχῆς
1633 5269 1731 5331 τῆς
1784 5265 1912 5316 πάν-

255 5368 368 5401 των
404 5346 577 5408 αἰτίας
632 5353 740 5402 τῶν
798 5349 1007 5423 ἀγαθῶν
1067 5345 1427 5426 διηγήσασθαι
1461 5395 1474 5419 ,
1508 5349 1657 5412 ὅπως
1687 5372 1744 5405 τε
1779 5394 1792 5417 ,
1824 5351 1912 5405 καὶ

261 5436 401 5505 μετᾶ
431 5435 609 5507 πάσης
653 5443 753 5506 τῆς
799 5438 1176 5498 καταστάσεως
1229 5437 1280 5492 ἐν
1333 5444 1448 5500 τοῖς
1495 5440 1629 5494 κατά
1666 5441 1763 5508 τήν
1814 5437 1910 5496 Ai!-

255 5545 465 5602 γυπτον
528 5525 765 5599 μάλιστα
817 5526 906 5582 καὶ
939 5521 1187 5598 Θηϐαίδα
1222 5523 1516 5592 κοινοϐίοις
1562 5529 1760 5600 ταύτην
1795 5527 1914 5583 ἐπι-

332 5706 460 5854 (ΒἿ
485 5707 568 5763 Ex
597 5707 898 5791 codicibus
928 5724 1074 5765 mss.
1093 5707 1621 5781 Altaemps.,num.
1655 5715 1720 5768 R.
1752 5729 1804 5767 ν.
1826 5713 1912 5768 49.

339 5778 435 5852 (38
491 5780 806 5842 Cassianus
833 5795 895 5839 ιη
949 5779 1175 5854 praefat.
1199 5780 1307 5840 .‘ad
1343 5781 1606 5840 Instituta
1644 5785 1912 5843 cnaebio-

339 5778 460 5854 (38)
491 5780 806 5842 Cassianus
833 5779 895 5839 in
949 5779 1175 5854 praefat.
1199 5780 1307 5840 .‘ad
1335 5778 1606 5840 'Instituta
1644 5785 1920 5843 cnaebio-

2105 4555 2153 4609 1.
2189 4555 2300 4627 (38)
2333 4553 2475 4609 Cum
2502 4554 2756 4625 jusseris
2787 4551 2954 4616 mihi,
3005 4549 3344 4606 beatissime
3372 4550 3542 4602 Pater
3571 4550 3680 4602 Ca-

2031 4649 2174 4709 stor,
2211 4648 2275 4698 ut
2304 4641 2688 4698 Orientalium
2746 4641 3116 4711 maximeque
3143 4637 3539 4710 )Egyptiorum
3572 4651 3677 4689 cae-

2032 4732 2364 4796 nobiorum,
2427 4730 2738 4786 canonicas
2768 4730 2874 4784 tibi
2924 4728 3370 4784 constitutiones
3419 4724 3678 4780 declara-

2031 4838 2174 4887 rem,
2209 4838 2355 4892 quas
2387 4821 2534 4877 meis
2583 4821 2705 4892 ipse
2738 4819 2921 4874 oculis
2950 4816 3254 4889 conspexi;
3285 4821 3397 4871 tuae
3421 4814 3679 4886 jussieni

2029 4911 2462 4982 obtemperans,
2506 4911 2626 4964 haec
2667 4925 2850 4981 pauca
2901 4907 3004 4962 tibi
3034 4907 3210 4960 verba
3240 4904 3579 4972 transmisi;
3614 4907 3680 4958 ut

2026 4999 2161 5053 hinc
2193 4999 2465 5054 viaticum
2499 4999 2569 5053 ad
2601 4998 2871 5052 virtutem
2906 4997 2977 5050 iis
3005 5000 3277 5067 suppetat
3306 4994 3406 5065 qui
3439 5000 3497 5048 in
3530 5009 3677 5048 novo

2027 5092 2130 5142 tuo
2164 5087 2539 5153 monasterio,
2583 5087 2978 5157 Deojuvante,
3013 5084 3190 5140 coacti
3225 5088 3362 5138 sunt
3415 5083 3679 5153 Itemque

2024 5177 2158 5231 misi
2191 5176 2493 5231 beatorum
2517 5176 2774 5231 virorum
2807 5190 3080 5240 canones,
3101 5177 3157 5227 et
3177 5172 3322 5228 alios
3342 5170 3675 5227 nonnullos.

2023 5271 2269 5321 Necesse
2301 5272 2390 5320 est
2421 5265 2619 5336 itaque
2652 5269 2716 5319 ut
2748 5269 2880 5319 ante
2921 5262 3119 5318 omnia
3163 5262 3231 5317 de
3263 5261 3541 5328 oratione,
3575 5261 3676 5315 bo-

2024 5372 2233 5410 norum
2268 5354 2530 5410 omnium
2557 5370 2754 5420 causa,
2787 5353 2962 5407 verba
2985 5351 3192 5406 faciam
3216 5372 3235 5418 ;
3263 5350 3555 5421 quomodo
3572 5349 3680 5404 sci-

2021 5443 2175 5512 licet,
2210 5449 2267 5500 et
2298 5461 2474 5516 quam
2508 5444 2730 5516 optimo
2781 5458 2914 5497 cum
2973 5441 3178 5498 ordine
3234 5440 3293 5494 in
3347 5437 3571 5510 Egypti
3618 5440 3676 5490 et

2022 5533 2336 5590 Thebaidis
2368 5531 2645 5589 coenobiis
2689 5547 2814 5588 eam
2855 5530 3206 5603 persolvant.
3255 5528 3366 5601 (39)
3416 5527 3674 5598 Congre-

2025 5729 2150 5768 rum
2179 5713 2252 5769 ad
2285 5715 2588 5770 Castorem.

2101 5785 2214 5858 (39)
2234 5784 2498 5844 Cassian.
2527 5784 2772 5845 Institut.
2813 5780 2916 5838 lib.
2949 5797 3012 5850 ιι,
3043 5795 3091 5836 c.
3123 5783 3179 5840 7.
