4026 6204
373 414 486 474 851
1546 415 1587 474 8
1656 411 2176 474 ATHANASIUS.
2209 444 2286 456 —
2318 412 2630 473 SPURIA.
3672 412 3769 472 852

382 546 502 619 gati
534 545 749 618 quippe
780 547 984 602 eodem
1017 547 1074 602 in
1099 546 1243 615 loco,
1278 552 1540 621 tempore
1580 547 1841 621 synaxis,
1875 550 2032 619 post-
2064 565 2080 615 Α

2188 542 2385 601 ελοῦσι.
2439 544 2825 618 Συναγομένων
2867 541 2966 617 γὰρ
3015 540 3189 596 αὐτῶν
3241 540 3333 595 ἐπὶ
3382 542 3450 594 τὸ
3494 540 3618 594 αὐτὸ
3658 543 3769 596 κατὰ

2188 640 2190 644 .
2395 633 2406 644 .
2535 640 2560 644 _
2747 631 2789 644 ,.
2985 632 2997 644 .
3050 630 3059 644 .
3236 629 3255 644 κ
3383 631 3448 644 η..
3493 630 3505 644 .
3572 634 3581 644 .
3632 628 3647 644 ς
3710 632 3717 641 .

385 651 563 705 quam
595 633 901 691 absolutus
933 642 1021 691 est
1045 636 1329 708 psalmus,
1362 656 1475 693 non
1509 638 1711 692 statim
1744 638 1816 691 ad
1848 653 2029 708 genu-

2188 640 2229 687 ὃν
2262 633 2446 708 καιρὸν
2494 640 2593 701 τῆς
2636 631 2922 701 συνάξεως,
2970 630 3129 700 ἡνίκα
3174 629 3452 703 τελειωθῇ
3486 630 3513 683 ὁ
3559 629 3768 702 ψαλμὸς,

388 722 696 777 ﬂexionem
738 723 1005 789 veniunt;
1042 724 1140 779 sed
1176 725 1518 797 priusquam
1557 742 1747 797 genua
1778 726 2033 794 ﬂectant,

2188 722 2206 774 3
2238 729 2578 797 παραχρῆμα
2621 722 2754 794 πρὸς
2800 718 3147 793 γονυκλισίαν
3189 720 3471 793 ὁρμῖὂσιν,
3505 717 3642 773 ἀλλά
3664 721 3768 793 πρὶν

390 812 620 866 modico
648 816 910 882 tempore
949 818 1172 868 stantes
1217 814 1489 884 expansis
1530 814 1803 869 manibus
1833 818 2035 879 orant;

2207 811 2494 885 τάγόνατα
2537 810 2768 883 κάμψαι,
2801 807 2937 884 πρὸς
2984 807 3173 882 ὀλίγον
3226 809 3541 880 ἱστάμενοι,
3588 808 3768 870 miti:

391 904 594 971 postea
626 898 791 952 humi
825 904 1123 970 prostrati,
1164 905 1220 955 et
1264 902 1415 957 facta
1471 904 1624 957 brevi
1683 904 1835 958 inter
1863 919 2040 974 genu-

2188 905 2337 975 sipac
2409 898 2758 971 ἐκτεταμένας
2833 896 3088 972 ἔχοντες,
3146 894 3401 972 ιῧχοντνι
3437 914 3451 927 ’
3512 896 3601 950 καὶ
3664 899 3773 969 μετὰ

394 987 746 1042 ﬂectendum
764 988 1043 1054 oratione,
1061 1006 1176 1043 una
1198 995 1657 1060 surguntomnes
1688 1009 1782 1047 :ac
1806 1008 2041 1045 rursum

395 1076 669 1148 expansis
692 1077 1202 1134 manibusdiutius
1225 1085 1395 1148 atque
1423 1080 1740 1135 ferventius
1759 1080 2051 1152 supplica-

397 1166 586 1221 tiones
602 1165 1198 1237 persolvunt,nemine
1221 1171 1771 1240 genuﬂectente,aut
1790 1188 1858 1225 ex
1877 1186 2052 1242 genu-

400 1252 645 1308 ﬂexione
672 1269 798 1308 sese
818 1254 1283 1326 erigente,donec
1307 1258 1465 1328 isqui
1485 1259 1805 1313 orationem
1829 1258 2052 1329 recitat,

402 1342 562 1414 prior
579 1343 1072 1413 genuﬂexeritaut
1088 1346 1242 1413 prior
1264 1346 1580 1401 surrexerit
1612 1347 1929 1419 (40).Prout
1944 1347 2052 1401 ita-

406 1446 519 1501 que
532 1429 687 1484 dictu
701 1446 753 1484 m
771 1435 1019 1494 est,cum
1036 1433 1323 1501 ejusmodi
1340 1435 1645 1504 synaxium
1663 1451 1839 1489 causa
1855 1451 2059 1489 conve-

407 1518 838 1585 niunt,tantum
862 1520 934 1573 ab
964 1520 1242 1577 omnibus
1265 1527 1529 1577 servatur
1561 1524 1883 1591 silentium,
1909 1530 1972 1577 ut
2000 1523 2059 1579 in

412 1614 575 1664 tanto
590 1614 647 1665 et
664 1626 810 1681 pene
833 1610 1246 1667 innumerabili
1266 1618 1437 1681 coetu,
1454 1615 1745 1670 neminem
1760 1616 1963 1671 adesse
1979 1614 2061 1669 vi-

414 1697 655 1763 deatur;
692 1695 1061 1766 potissimum
1093 1715 1225 1753 vero
1256 1704 1516 1772 tempore
1561 1703 1916 1765 orationum.
1949 1718 2063 1773 quo

415 1801 604 1857 neque
618 1789 858 1856 sputum
875 1787 1377 1859 emittitur,neque
1392 1790 1572 1845 tussis
1586 1791 1849 1847 auditur:
1870 1808 1983 1847 non
2004 1790 2069 1845 il-

414 1873 491 1929 lic
506 1874 750 1945 pigritiae
766 1875 1145 1945 signum,non
1164 1877 2063 1948 dormitatio,nonoscitatio,non

419 1964 671 2035 gemitus
690 1981 822 2018 cum
858 1982 999 2020 sono
1022 1968 1361 2023 audiuntur.
1383 1970 1527 2025 Eum
1554 1989 1806 2044 namque
1833 1974 1932 2044 qui
1958 1990 2067 2042 prae

419 2071 639 2109 nausea
671 2060 726 2109 et
757 2056 936 2111 animi
987 2058 1228 2115 mollitie
1285 2077 1419 2115 cum
1477 2062 1730 2119 clamore
1777 2070 2067 2136 precatur,

421 2143 589 2199 aiunt
635 2145 950 2215 dupliciter
1010 2165 1281 2218 peccare;
1332 2153 1542 2223 primo,
1602 2154 1757 2224 quod
1816 2155 2071 2226 segniter

423 2236 582 2299 oret;
617 2236 895 2303 secundo,
920 2240 1069 2304 quod
1101 2239 1537 2311 indisciplinata
1592 2242 1691 2299 illa
1746 2260 1905 2309 voce,
1939 2260 2069 2315 pro-

421 2322 754 2379 ximiaures
786 2326 1091 2395 obtundat,
1142 2346 1207 2384 ac
1245 2335 1501 2386 mentem
1558 2332 1876 2389 distrahat:
1912 2335 2071 2389 inva-

428 2412 702 2467 dentibus
730 2431 847 2468 una
878 2415 1151 2488 malignis
1209 2419 1641 2493 spiritibus,qui
1682 2438 1815 2477 cum
1853 2440 1956 2478 nos
1988 2424 2073 2477 vi-

431 2500 623 2555 derint
656 2501 713 2556 in
745 2503 1006 2559 oratione
1035 2511 1278 2577 stantes,
1336 2509 1737 2567 indecentibus
1777 2529 1882 2567 nos
1912 2512 2073 2583 cogi-

430 2589 780 2658 tationibus,
814 2598 870 2648 et
900 2611 1117 2650 nausea
1147 2603 1321 2669 atque
1344 2598 1575 2655 fastidio
1602 2602 1858 2656 animam
1878 2619 2076 2673 aggra-

433 2683 593 2734 Vant.
627 2680 740 2752 (41)
770 2680 905 2745 Quae
935 2700 1112 2739 causa
1134 2690 1223 2741 est
1255 2692 1317 2741 ut
1348 2687 1628 2758 psalmos,
1671 2708 1784 2745 non
1816 2708 1950 2746 cum
1982 2700 2076 2745 tu-

436 2768 624 2823 multu
656 2774 713 2825 et
743 2773 1181 2841 perturbatione
1229 2775 1559 2833 festinando
1592 2780 1865 2847 recitent;
1890 2796 2078 2851 neque

435 2874 710 2913 versuum
744 2860 1139 2930 multitudine,
1182 2865 1282 2919 sed
1344 2869 1557 2922 mentis
1616 2868 2081 2924 consideratione

438 2946 836 3016 oi-leetentur;
879 2966 947 3006 ea
978 2953 1203 3007 scilicet
1234 2955 1584 3026 cogitatione
1613 2956 1662 3013 ei
1695 2959 2084 3029 obsequentes

440 3036 537 3107 qui
575 3038 657 3093 ait
688 3054 751 3091 :«
785 3038 1034 3095 Psallam
1066 3042 1299 3113 spiritu,
1334 3045 1580 3114 psallam
1629 3052 1686 3102 et
1718 3053 1909 3103 mente
1938 3049 2017 3103 23:
2050 3068 2075 3098 υ

440 3124 551 3178 rati
571 3125 778 3181 utilius
807 3144 934 3184 esse
964 3130 1162 3185 decem
1196 3148 1398 3187 versus
1427 3150 1560 3189 cum
1595 3136 1916 3191 attentione
1938 3135 2088 3208 psal-

440 3212 580 3279 lere,
659 3231 835 3285 quam
905 3221 1090 3273 totum
1162 3220 1505 3290 psalterium
1555 3240 1687 3279 cum
1747 3225 2087 3281 confusione

443 3300 681 3358 mentis.

525 3570 680 3626 310
709 3572 763 3626 2.
787 3572 899 3645 (42)
930 3573 1246 3646 Completis
1278 3575 1519 3647 psalmis
1550 3583 1606 3634 et
1634 3580 1967 3650 canone,uti
1991 3598 2094 3636 su-

453 3659 654 3731 perius
683 3662 1162 3728 memoravimus,
1209 3681 1381 3721 nemo
1408 3666 1650 3722 fratrum
1681 3668 1768 3724 vel
1801 3669 2093 3725 tantillum

451 3750 734 3821 temporis
764 3768 897 3806 cum
926 3751 1039 3808 alio
1070 3758 1223 3809 stare
1253 3757 1548 3812 autverba
1567 3758 1753 3813 facere
1772 3760 1971 3815 audet:
1995 3760 2094 3816 sed

453 3855 642 3911 neque
667 3840 811 3895 cella
840 3843 1056 3913 egredi,
1098 3848 1199 3898 aut
1224 3860 1372 3915 epus
1417 3846 1681 3902 deserere
1713 3865 1909 3918 suum,
1943 3850 2097 3921 quod

452 3945 569 3999 prie
614 3929 888 3985 manibus
936 3936 1165 3998 tractat,
1217 3934 1389 4003 juxta
1439 3935 1837 4006 Apostolicum
1882 3955 2099 4009 praece-

451 4020 655 4088 ptum;
691 4018 802 4073 nisi
860 4020 1172 4074 necessarii
1208 4023 1515 4092 cujusdam
1574 4024 1767 4095 operis
1797 4027 2100 4084 occasione

453 4121 656 4160 omnes
691 4124 807 4161 una
834 4110 1139 4165 convenire
1160 4117 1459 4182 oporteat:
1486 4115 1703 4185 egressi
1736 4122 1928 4173 autem
1952 4136 2100 4191 opus

456 4209 629 4246 suum
661 4201 1061 4270 exsequuntur
1085 4214 1097 4264 ;
1119 4197 1197 4251 ita
1228 4204 1392 4254 utne
1422 4201 1669 4256 minima
1691 4204 1927 4274 quidem
1948 4206 2098 4260 inter

455 4296 555 4335 eos
578 4279 653 4334 sit
682 4281 1202 4350 confabulatio,sed
1236 4285 1454 4357 singuli
1489 4290 1854 4346 meditationi
1885 4294 2096 4349 mentis

452 4373 661 4426 vacent
687 4374 743 4424 et
771 4370 1083 4441 psalmo,et
1103 4376 1252 4443 quod
1274 4376 1383 4430 sibi
1405 4377 1644 4446 jussum
1677 4384 1766 4435 est
1793 4382 2095 4453 impleant.

456 4459 670 4530 Magna
702 4476 872 4532 porro
899 4459 1289 4518 sollicitudine
1320 4474 1542 4532 cavent,
1578 4484 1649 4522 ne
1679 4469 1811 4539 quis
1851 4472 2097 4527 fratrum

454 4565 589 4603 cum
613 4548 726 4604 alio
760 4550 1012 4605 maxime
1035 4552 1249 4607 novitio
1282 4553 1444 4608 solus
1502 4571 1761 4626 unquam
1805 4559 2098 4631 relinqua-

452 4641 569 4708 tur,
603 4642 706 4691 aut
735 4639 991 4694 extensis
1014 4642 1284 4696 manibus
1316 4641 1568 4712 aliquem
1603 4649 1961 4702 contrectare
2001 4652 2101 4703 aut

455 4726 762 4799 complecti
790 4730 1022 4784 audeat.
1046 4730 1204 4794 Quod
1260 4730 1306 4785 si
1367 4731 1501 4801 quis
1560 4731 1711 4787 hanc
1770 4737 2101 4807 transgredi

452 4817 717 4889 regulam
764 4819 1251 4892 deprehendatur,
1320 4821 1683 4892 gravissima;
1751 4825 2099 4896 eorreptioni

451 4905 781 4976 subjicitur.

522 5086 577 5140 3.
610 5087 723 5155 (43)
766 5087 838 5141 De
871 5087 1149 5142 canonico
1199 5088 1394 5159 itaque
1453 5105 1635 5161 more,
1685 5090 1803 5147 sive
1859 5109 2098 5164 precum

455 5176 574 5231 sive
608 5176 991 5247 psalmorum,
1015 5194 1130 5248 quo
1159 5183 1325 5249 pacto
1358 5178 1578 5234 scilicet
1607 5197 1703 5235 eas
1744 5185 2010 5252 oporteat
2039 5182 2096 5237 in

455 5265 687 5319 diurnis
716 5267 1097 5321 conventibus
1128 5266 1444 5336 observari,
1478 5273 1568 5322 sat
1598 5286 1631 5322 a
1672 5270 1839 5324 nobis
1865 5271 1987 5341 jam
2013 5271 2097 5325 di-

452 5359 607 5410 ctum
641 5360 749 5411 est.
787 5356 1065 5428 Deinceps
1097 5372 1230 5413 vero
1279 5358 1568 5429 agendum
1604 5359 1773 5415 nobis
1811 5365 1901 5415 est
1937 5359 2101 5415 deiis

523 5510 568 5544 ³³
598 5510 620 5565 I
650 5510 777 5567 Cor.
809 5527 923 5581 xxv,
960 5511 1044 5566 15.

522 5664 637 5791 μθ)
666 5665 927 5749 Cassian.
961 5667 1201 5725 Institut.
1224 5666 1324 5725 lib.
1368 5684 1427 5738 II,
1458 5684 1507 5725 c.
1547 5669 1633 5724 10.

546 5737 638 5791 All
669 5739 818 5791 Ibld.
852 5755 900 5791 c.
936 5739 1020 5791 11.

546 5737 638 5831 ﬁt)
669 5738 818 5796 Ibid.
852 5755 900 5795 c.
936 5739 1020 5821 11..

754 5996 845 6093 Ἶιι

2149 994 2315 1044 ταῦτα
2360 988 2538 1063 χαμαὶ
2587 986 3040 1062 προσπίπτοντες,
3090 986 3180 1041 καὶ
3228 985 3367 1060 πρὸς
3420 984 3607 1059 ὀλίγον
3636 985 3772 1039 πάλιν

2161 1078 2211 1132 ἐν
2244 1081 2311 1151 τῇ
2342 1075 2658 1153 γονυκλισίᾳ
2705 1075 2991 1151 εὐχόμενοι
3047 1073 3264 1143 πάντες,
3318 1074 3373 1128 ἐν
3420 1079 3499 1145 τῷ
3532 1076 3637 1145 ἅμα
3661 1073 3777 1148 ἐγείς

2164 1186 2365 1241 ρονται·
2419 1166 2509 1219 καὶ
2559 1165 2721 1220 πάλιν
2775 1164 2871 1225 τὰς
2929 1168 3121 1239 χεῖρας
3174 1161 3613 1229 διαπετάσαντες,
3660 1163 3777 1217 ἐκτε-

2163 1256 2409 1328 νέστερον
2460 1255 2550 1309 καὶ
2602 1253 2999 1324 ἐπιτεταμένως
3046 1252 3142 1314 τὰς
3192 1252 3404 1313 ἱκεσίας
3459 1252 3777 1325 ἀποπληροῦ-

2165 1367 2269 1413 σιν,
2324 1340 2540 1404 οὐδενὸς
2596 1343 2726 1417 γόνυ
2775 1342 3149 1411 κλίνοντος,ἣ
3193 1341 3254 1396 ἐκ
3310 1348 3415 1411 τῆς
3475 1339 3781 1415 γονυκλισίας

2168 1434 2545 1506 ἀνισταμένου,
2574 1429 2680 1494 ἕως
2710 1431 2766 1486 ἂν
2801 1433 2829 1485 ὁ
2860 1436 3032 1485 ποιῶν
3066 1430 3253 1492 αὐτοῖς
3283 1431 3386 1498 τήν
3440 1430 3623 1505 εὗχήν,
3651 1429 3778 1503 κλίνῃ

2169 1526 2406 1596 πρῶτος,
2434 1523 2469 1590 ἢ
2515 1522 2713 1594 ἀναστῇ
2762 1524 3002 1596 πρῶτος.
3044 1520 3189 1573 Καθά
3232 1518 3416 1573 τοίνυν
3469 1516 3684 1592 εἴρηται,
3713 1518 3782 1571 ὅτε

2169 1610 2263 1671 τάς
2322 1609 2721 1685 προειρημένας
2779 1609 3016 1680 συνάξεις
3075 1605 3384 1662 ἐπιτελέσαι
3446 1607 3778 1682 συνέρχονται,

2173 1700 2354 1768 σιωπὴ
2382 1696 2614 1767 τοσαύτη
2665 1698 2961 1772 παρέχεται
3007 1696 3107 1751 ὑπὸ
3150 1695 3392 1766 πάντων,
3444 1696 3518 1755 ὡς
3556 1696 3779 1765 νομισθῆο

2174 1809 2258 1841 ναι
2294 1785 2501 1861 μηδένα
2556 1788 2838 1861 ἄνθρωπον
2894 1785 2944 1839 ἐν
3004 1788 3072 1859 τῇ
3130 1786 3369 1858 τοσαύτῃ
3423 1788 3531 1838 τῶν
3573 1781 3782 1858 ἀδελςιῶν

2177 1876 2531 1951 ἀναριθμήτῳ
2579 1874 2789 1943 πληθῦῖ
2831 1879 3100 1949 παρεῖναι,
3147 1872 3438 1947 ἐξαιρέτως
3472 1873 3523 1927 ἒν
3546 1877 3620 1943 τῷ
3644 1876 3783 1944 καιρῷ

2175 1969 2280 2020 τῶν
2313 1968 2656 2040 προσευχῶν,
2706 1963 2796 2018 ὅτε
2850 1961 2971 2017 οὕτε
3019 1962 3239 2034 πτόσμα
3285 1962 3658 2038 προσέρχεται,
3688 1958 3783 2014 οὔτε

2312 2054 2553 2127 ἠχεῖται,
2598 2052 2697 2106 οὐκ
2752 2049 2972 2123 ἀκηδία,
3023 2051 3084 2106 οὗ
3137 2052 3468 2127 νυσταγμὸς,
3518 2050 3577 2104 οὐ
3612 2050 3782 2124 χάσμα,

2179 2142 2239 2196 οὐ
2282 2141 2573 2216 στεναγμοὶ
2630 2141 2744 2213 μετ’
2796 2138 2943 2215 ’ἤχου
2993 2141 3430 2213 ἀναπέμπονται.
3480 2140 3572 2193 Τὸν
3615 2140 3701 2212 γὰρ
3741 2136 3779 2190 ἐν

2177 2230 2475 2307 χαυνότητι
2538 2228 2776 2292 διανοίας
2829 2231 2963 2302 μετά
3013 2237 3251 2304 κραυγῆς
3300 2229 3399 2291 τὰς
3447 2228 3601 2303 εὐχάς
3644 2228 3779 2281 ἐπιτε-

2180 2318 2399 2389 λοῦντα,
2432 2316 2629 2380 δισσῶς
2688 2317 3012 2392 ἁμαρτάνειν
3074 2317 3313 2392 λέγουσι’
3346 2322 3562 2393 πρῶτον
3614 2316 3694 2386 μὲν
3722 2315 3777 2373 ὡς

2183 2406 2439 2483 ῥᾳθύμως
2482 2407 2806 2483 είχόμενον,
2867 2404 3113 2481 δεύτερον
3174 2404 3231 2461 δὲ
3291 2407 3366 2468 ὡς
3421 2402 3773 2475 ἀπαιδεύτῳτῇ

2183 2499 2338 2575 φωνῇ
2390 2498 2488 2565 την
2545 2501 2641 2550 τοῦ
2699 2496 2934 2567 πλησίον
2988 2497 3155 2564 ἀκοὴν
3213 2498 3661 2563 κατακτυποῦντα,
3706 2491 3775 2543 καὶ

2185 2583 2597 2654 διασκεδάζοντα
2663 2586 2762 2654 τήν
2836 2583 3121 2656 διάνοιαν,
3180 2584 3645 2656 συνεπιτιθεμένων
3704 2579 3775 2633 καὶ

2182 2679 2290 2730 τῶν
2319 2680 2573 2749 πονηρῶν
2623 2675 2966 2747 πνευμάτων,
3000 2674 3074 2747 οἳ,
3128 2672 3316 2742 ἐπειδή
3370 2674 3426 2728 ἂν
3464 2670 3631 2727 ἴδωσιν
3660 2672 3774 2740 ἡμᾶς

2187 2764 2263 2826 εἰς
2310 2765 2622 2839 προσευχὴν
2680 2765 3017 2837 ἱσταμένους,
3078 2762 3369 2839 λογισμοῖς
3427 2760 3660 2836 ἀπρεπέσι
3705 2756 3771 2810 καὶ

2192 2850 2387 2924 ἀκηδίᾳ
2431 2854 2532 2922 τήν
2582 2855 2764 2929 ψυχήν
2811 2848 3261 2927 καταϐαρύνουσι.
3320 2852 3418 2907 Καὶ
3447 2851 3624 2905 τούτου
3648 2847 3772 2922 χάριν

2189 2942 2316 3004 τοὺς
2349 2942 2601 3017 ψαλμοὺς
2661 2944 2722 2997 οὐ
2783 2943 2918 3015 μετά
2968 2937 3201 3018 00ρῦ6ου
3253 2942 3347 2996 καὶ
3378 2946 3609 3016 ταραχῆς
3655 2932 3773 2989 σπεί⁶

2195 3029 2375 3086 δουσιν
2407 3029 2666 3102 ἐκτελεῖν,
2725 3029 2849 3085 οὐδὲ
2876 3036 2955 3103 τῷ
3011 3030 3212 3102 πλήθει
3259 3035 3372 3085 τῶν
3428 3028 3632 3102 στίχων,
3665 3022 3773 3078 ἀλλᾶ

2192 3124 2261 3194 τῇ
2292 3120 2394 3189 τῆς
2438 3117 2675 3181 διανοίας
2725 3121 2910 3190 νοήσει
2960 3118 3356 3197 εὐφραίνονται,
3408 3117 3583 3187 ἐκείνῳ
3616 3117 3682 3184 τῷ
3706 3110 3772 3165 λθ·

2195 3214 2378 3285 γισμῷ
2422 3207 2947 3270 κατακολουθοῦντες
3004 3212 3083 3280 τῷ
3140 3207 3417 3286 φάσκοντι·
3452 3230 3480 3259 ‹‹
3524 3200 3673 3259 Ψαλῶ
3715 3202 3771 3267 τῷ

2121 3295 2162 3361 C
2199 3299 2485 3371 πνεύματι,
2541 3295 2700 3370 ψαλῶ
2755 3296 2845 3352 καὶ
2899 3295 2977 3369 τῷ
3032 3295 3138 3352 νοί·
3174 3321 3201 3348 ››
3261 3294 3658 3374 ὠφελιμώτερον
3698 3286 3771 3374 γὰρ

2200 3385 2388 3463 ἔχουσι
2417 3386 2479 3440 τὸ
2513 3383 2640 3441 δέκα
2663 3384 2883 3461 στίχους
2920 3385 3054 3458 μετά
3082 3385 3342 3447 συνέσεως
3367 3382 3598 3458 ψάλλειν,
3625 3372 3767 3447 ἧὸλον

2198 3477 2261 3531 τὸ
2290 3474 2593 3551 ψαλτήριον
2630 3475 2761 3549 μετὰ
2791 3473 3105 3550 συγχύσεως
3133 3472 3397 3536 διανοίας.

2272 3568 2326 3623 2.
2358 3562 2760 3629 Τελειωθέντων
2821 3561 2878 3619 δὶ
2930 3568 3037 3619 τῶν
3085 3563 3321 3638 ψαλμῶν
3355 3562 3440 3617 καὶ
3467 3556 3553 3615 τοῦ
3578 3554 3766 3615 κανόνα,

2205 3663 2379 3725 οὕτως
2444 3664 2518 3726 ὡς
2594 3662 2841 3739 ἀνωτέρω
2919 3661 3403 3736 ἐμνημονεύσαμεν
3433 3707 3448 3733 ,
3504 3653 3651 3714 οὐδεὶς
3692 3654 3769 3754 ‘55”:

2204 3750 2451 3830 ἀδελφῶν
2485 3751 2579 3806 κᾶν
2641 3752 2775 3826 πρὸς
2835 3750 3023 3826 ὀλίγον
3074 3754 3284 3840 στῆναι,
3317 3752 3354 3819 ἢ
3407 3748 3639 3840 ὁμιλῆσαι

2208 3829 2382 3897 ἄλλου
2411 3839 2613 3913 τολμᾷο
2645 3838 2772 3895 ἀλλ’
2816 3838 2941 3894 οὐδὲ
2968 3838 3065 3895 τοῦ
3102 3838 3332 3895 κελλίου
3389 3833 3658 3913 προελθεῖν,
3683 3829 3767 3913 ἦντὸ

2210 3926 2359 4004 ἔργον
2418 3929 2759 3997 καταλιπεῖν,
2790 3929 2819 3983 ὂ
2854 3930 2989 4002 μετὰ
3040 3934 3229 4004 χεῖρας
3279 3924 3513 4004 ἔχουσιν,
3542 3912 3767 4015 ἀποστολι-

2207 4020 2299 4075 κὸν
2332 4016 2669 4093 πληροῦντες
2702 4016 3059 4093 παράγγελμα
3090 4065 3105 4089 ,
3134 4017 3176 4073 εἰ
3212 4018 3286 4090 μή
3324 4015 3427 4072 πού
3455 4034 3511 4089 γε
3534 4007 3666 4086 χρεία

2207 4129 2362 4180 νηται
2421 4108 2556 4183 πρὸς
2614 4107 2849 4177 καθῆκόν
2908 4128 3053 4169 τινος
3095 4105 3402 4181 ἀναγκαίου
3448 4100 3587 4179 ἔργου
3613 4094 3762 4197 πάντας

2210 4195 2582 4267 συνεισελθεῖν,
2633 4196 2764 4270 ὅπερ
2807 4195 2949 4251 οὕτω
3010 4194 3143 4268 μετά
3195 4192 3435 4264 σπουδῆς
3486 4185 3762 4282 καὶ

2210 4309 2361 4361 μενοι
2419 4284 2745 4360 πληροῦσιν,
2780 4286 2853 4347 ὡς
2912 4283 3183 4358 μηδεμίαν
3236 4282 3456 4357 ὁμιλίαν
3510 4271 3763 4374 μεταξῆξυο

2205 4357 2311 4432 τῶν
2342 4374 2683 4446 ἀνακύπτειν,
2716 4372 2843 4429 ἀλλ’
2890 4371 3111 4428 ἕκαστον
3163 4374 3495 4448 προσέχοντα
3528 4368 3586 4438 τῇ
3616 4357 3762 4433 μελέτῃ

2204 4469 2302 4535 τῆς
2354 4462 2592 4525 διανοίας
2639 4463 2727 4518 καὶ
2774 4468 2852 4534 τῷ
2892 4462 3119 4536 ψαλμῷ,
3167 4461 3495 4538 πληροῦντες
3534 4454 3587 4508 τὸ
3626 4462 3764 4543 apo-re:

2206 4555 2495 4629 ταγμένον.
2534 4550 2761 4629 Μεγάλῃ
2797 4550 2853 4607 δὲ
2884 4549 3093 4626 σπουδῇ
3117 4549 3459 4629 φυλάττουσι,
3484 4544 3548 4621 μή
3574 4549 3763 4637 mf?

2208 4642 2404 4711 ἄλλου,
2436 4643 2526 4697 καὶ
2567 4641 2800 4715 μάλιστα
2837 4640 3132 4716 ἀρχαρίου,
3182 4638 3480 4716 ἀπολειφθῇ
3522 4635 3610 4732 τῶν
3646 4635 3761 4727 ἀξεί-

2211 4737 2322 4809 φῶν
2365 4730 2586 4801 ἷδιάζων
2634 4729 2737 4784 ποό
2793 4750 2946 4801 ποτε,
2978 4731 3012 4799 ἢ
3045 4729 3140 4792 τὰς
3191 4726 3328 4790 ἰδίας
3380 4730 3546 4803 χεῖρας
3581 4723 3758 4815 Elii":

2205 4806 2461 4895 ’έολμῆσῖι
2490 4824 2778 4894 κατασχεῖν
2810 4820 2844 4888 ἢ
2890 4818 3289 4892 περιπλακῆναι
3330 4818 3500 4891 ἒτέρῳ.
3545 4806 3594 4864 Εἴ
3619 4813 3756 4907 '05:“

2208 4907 2554 4987 παραϐαίνων
2601 4908 2689 4962 τὸν
2731 4906 2926 4962 κανόνα
2965 4912 3153 4963 τοῦτον
3198 4906 3406 4981 εὑρεθῇ,
3453 4891 3665 4967 ἐπιτιμίῳ
3692 4886 3755 4960 .3"

2210 4998 2418 5075 ρυτάτῳ
2452 4991 2839 5053 ὑποϐάλλεται.

2278 5092 2330 5147 3.
2366 5087 2495 5165 Περὶ
2549 5087 2643 5160 μέν
2688 5084 2779 5140 οὖν
2810 5090 2906 5140 τοῦ
2950 5089 3240 5140 κανονικοῦ
3285 5086 3475 5161 τρόπου
3500 5084 3586 5131 τῶν

2210 5183 2325 5254 χῶν
2359 5160 2453 5232 καί
2477 5181 2583 5231 τῶν
2634 5173 2892 5249 ψαλμῶν,
2927 5175 2986 5237 ὃς
3040 5172 3247 5249 ὀφείλει
3298 5173 3347 5227 ἐν
3386 5174 3489 5229 ταῖς
3532 5160 3753 5263 καθᾎιεὲξ

2208 5244 2324 5329 ναῖς
2359 5263 2605 5327 συνόδοις
2638 5263 3016 5342 φυλάττεσθαι,
3049 5263 3243 5326 ἱκανῶς
3265 5266 3394 5338 ἡμῖν
3424 5244 3752 5342 εἶ’ρηταίσᾭὲεί·

2210 5356 2378 5431 λομεν
2414 5353 2470 5410 δὲ
2500 5353 2691 5410 λοιπὸν
2726 5353 2849 5430 περὶ
2896 5357 3003 5407 τῶν
3051 5350 3483 5426 ἀποτασσομὲνων
3508 5343 3573 5411 τῷ
3610 5329 3750 5399 κόσμῳ

3625 5085 3668 5121 τε
3691 5058 3753 5115 55-

2274 5664 2384 5764 ςιιι
2415 5663 2562 5764 ξιξείο
2587 5662 2760 5764 ιςμίεξτ

2274 5731 2385 5809 (43)
2415 5735 2563 5795 Ibid.
2594 5735 2698 5792 lib.
2730 5751 2806 5805 ιν,
2838 5749 2888 5791 c.
2920 5731 2978 5795 1.
3004 5780 3005 5783 η
