4026 6204
204 474 334 534 853
1383 471 1765 534 EPISTOLA
1812 475 1835 533 l

1964 475 1988 534 )
2035 473 2480 538 CASTOREM.
3520 476 3639 536 854

204 600 608 677 διηγήσασθαι,
640 602 786 675 ποίῳ
814 602 1004 680 τρόπῳ
1060 602 1112 657 ἐν
1139 602 1354 664 τούτοις
1399 608 1513 665 τοῖς
1572 598 1850 658 κοινοϐίοι‹

1987 607 2086 677 qui
2115 609 2404 664 mundum
2431 608 2800 677 abdicarunt,
2820 625 2938 680 qua
2963 607 3189 663 ratione
3237 606 3296 661 in
3328 606 3488 662 hisce
3518 623 3636 663 cm-

205 692 580 767 είσέρχονται,
623 691 711 746 καὶ
790 689 1102 763 διαμένουσι
1176 697 1723 771 ταπεινοφρονοῦντες
1781 691 1869 746 καὶ

205 781 651 853 ὑποτασσόμενοι
704 777 806 843 ἕως
863 781 1164 856 βαθυτάτης
1224 782 1448 850 πολιᾶς,
1476 781 1719 851 Τοσαύτη
1765 781 1868 856 γὰρ

199 875 342 950 παρ’
382 872 567 936 αὐτοῖς
597 874 635 943 ἡ
689 873 899 942 ὑπακοή
949 874 1038 928 καὶ
1094 874 1416 936 ταπείνωσις
1477 872 1606 949 ἄχρι
1657 877 1868 948 γήρως,

197 961 310 1033 ὅση
374 962 477 1017 οὐκ
527 962 586 1016 ἂν
635 963 826 1036 εὑρεθῇ
892 960 1016 1017 οὐδὲ
1058 964 1195 1018 κατά
1245 965 1334 1018 τὸν
1381 967 1598 1040 πρῶτον
1631 963 1870 1018 ἐνιαυτὸν

193 1057 325 1113 τοῖς
360 1049 826 1123 ἀποτασσομένοις
857 1049 907 1105 ἐν
937 1055 1054 1112 τοῖς
1104 1052 1221 1114 καθ’
1254 1052 1402 1123 ἡμᾶς
1459 1050 1865 1124 μοναστηρίοις.

195 1141 276 1195 Οὐ
329 1137 600 1216 πρότερον
651 1139 830 1194 τοίνυν
877 1137 1196 1215 δεχθήσεται
1246 1138 1350 1194 ἔσω
1395 1139 1558 1211 ἐντῷ
1594 1160 1869 1212 μοναστηο

197 1229 313 1306 ρίῳ
346 1231 375 1284 ὁ
406 1228 580 1292 θέλων
615 1227 863 1301 μονάσαι,
896 1229 1022 1304 πρὶν
1055 1226 1324 1299 ἀπόδειξίν
1373 1249 1494 1282 τινα
1540 1226 1630 1282 καί
1676 1233 1865 1303 πεῖραν

194 1323 301 1374 τοῦ
351 1319 491 1394 πρὸς
541 1318 669 1374 Θεὸν
719 1317 890 1382 πόθου
942 1317 1031 1372 καὶ
1074 1325 1173 1387 τῆς
1203 1319 1573 1378 ταπεινώσεως
1620 1318 1709 1371 καὶ
1761 1338 1866 1390 μα-

193 1408 513 1485 κροθυμίας
578 1405 668 1462 διὰ
722 1415 821 1476 τῆς
879 1407 1226 1462 ἐπιπλεῖστον
1287 1409 1530 1476 ὑπακοῆς
1588 1406 1862 1481 παράσχῃ.

198 1495 570 1568 Δοκιμασθεὶς
600 1493 690 1549 οὖν
725 1494 777 1549 ἐν
803 1495 1040 1560 τούτοις,
1075 1491 1464 1570 εὐπρόσδεκτος
1525 1494 1650 1568 παρ’
1681 1491 1863 1554 αὐτοῖς

194 1587 432 1660 γίνεται,
477 1584 568 1638 καὶ
635 1581 942 1638 διδάσκεται
997 1589 1096 1652 τῆς
1178 1583 1340 1638 αὐτοῦ
1407 1581 1717 1658 περιουσίας
1787 1583 1860 1654 μή

197 1671 353 1750 ἔχειν
401 1694 454 1727 τι
485 1673 1002 1749 τεΘ·ι’,σαυρισμέ-.νον⁵
1037 1671 1342 1727 ἐπίστανται
1392 1673 1494 1748 γὰρ
1542 1672 1633 1726 τὸν
1685 1691 1863 1745 παρα-

198 1763 514 1838 κρατοῦντά
541 1783 593 1816 τι
623 1767 730 1816 τῶν
766 1758 916 1815 ἰδίων
949 1761 1025 1833 μὴ
1076 1758 1328 1815 δύνασθαι
1379 1757 1644 1832 διαμένειν
1689 1760 1862 1813 πολυ-

195 1850 433 1926 χρόνιον
467 1850 520 1903 ἐν
553 1849 621 1924 τῇ
669 1855 767 1905 τοῦ
823 1849 1188 1925 μοναστηρίου
1235 1850 1502 1924 ὑποταγῇ,
1535 1849 1625 1903 καὶ
1672 1868 1864 1902 κακου-

196 1939 303 2014 χίᾳ
361 1940 442 2000 εἷς
501 1938 660 2000 τέλος
719 1938 1082 2014 ἐγκαρτερεῖν.
1141 1938 1322 1993 Ἡνίκα
1387 1939 1490 2013 γὰρ
1565 1935 1862 2007 οίαδήποτε

196 2028 477 2105 πρόφασις
510 2030 545 2097 ἢ
575 2028 759 2101 θλίψις
794 2028 895 2096 τὴν
945 2027 1110 2082 αὑτοῦ
1156 2030 1363 2098 κινήσει
1414 2025 1674 2097 διάνοιαν,
1707 2026 1860 2089 εὐθὺς

194 2121 230 2187 ἡ
265 2123 370 2174 τοῦ
402 2118 766 2190 ἀποκειμένου
808 2116 986 2190 ἐλπῖς,
1020 2115 1198 2190 ὥσπερ
1248 2114 1510 2186 σφενδόνη
1560 2115 1732 2186 λίθον,
1763 2119 1858 2170 τοῦ

196 2207 583 2282 μοναστηρίου
634 2205 948 2262 ἐκτινάσσει.
1003 2207 1100 2260 Διά
1144 2227 1229 2261 τοι
1272 2210 1432 2260 τοῦτο
1483 2201 1705 2266 ἕκαστος
1761 2204 1856 2259 αύ-

187 2301 309 2351 τῶν
342 2300 643 2371 γυμνοῦται
672 2297 770 2363 τῆς
802 2295 1034 2371 ἀρχαίας
1064 2295 1396 2369 περιουσίας,
1430 2295 1503 2356 ὡς
1539 2292 1680 2367 μηδὲ
1726 2294 1855 2349 αὐτὸ

187 2385 257 2439 τὸ
292 2382 503 2456 ἔνδυμα
533 2385 563 2439 ’ὀ
593 2379 1063 2458 περιϐεϐλημένος
1092 2383 1232 2453 ἦλθε
1280 2389 1377 2439 τοῦ
1426 2383 1625 2439 λοιποῦ
1668 2390 1850 2458 φορεῖν

185 2478 629 2550 συγχωρεῖσθαι.
683 2471 878 2544 Ἀλλὰ,
945 2479 1053 2528 τῶν
1130 2471 1378 2550 ἀδελφῶν
1451 2475 1666 2528 πάντων
1730 2494 1851 2527 συν-

184 2564 479 2637 ηγμένων,
513 2563 812 2638 προαχθεὶς
843 2563 919 2625 είς
949 2562 1012 2617 τὸ
1047 2561 1226 2634 μέσον,
1262 2560 1502 2618 ἐκδύεται
1545 2563 1612 2617 τὰ
1659 2563 1851 2635 ἱμάτια

183 2656 254 2706 τὰ
290 2650 430 2721 ἴδια,
459 2652 552 2705 καὶ
585 2649 672 2705 διὰ
708 2657 816 2705 τῶν
866 2653 1070 2728 χειρῶν
1117 2656 1214 2705 τοῦ
1254 2646 1415 2720 ἀϐϐἆ,
1448 2649 1706 2723 ἐνδύμασι
1752 2656 1848 2706 τοῦ

189 2739 575 2816 μοναστηρίου
612 2741 1089 2818 μεταμφιέννυται⁸
1130 2740 1205 2801 ὡς
1239 2737 1328 2794 διὰ
1355 2744 1452 2794 τοῦ
1503 2739 1675 2794 τύπου
1722 2742 1847 2794 τού-

181 2852 290 2885 του
353 2828 648 2904 ἐπιγνῶναι
703 2829 883 2901 αὑτὸν,
945 2828 1048 2898 ὅτι,
1108 2828 1322 2883 πάντων
1389 2833 1497 2884 τῶν
1567 2833 1843 2901 κοσμικῶν

183 2916 537 2994 πραγμάτων
590 2918 676 2971 καὶ
724 2924 824 2986 τῆς
875 2916 1209 2986 ἀλαζονείας,
1256 2917 1346 2972 καὶ
1390 2922 1487 2972 τοῦ
1534 2917 1704 2995 τύφου
1752 2939 1849 2993 γυ-

189 3005 458 3079 μνωθεὶς,
491 3003 771 3060 ἐνεδύσατο
828 3008 926 3074 τὴν
984 3005 1258 3082 πτωχείαν
1307 3011 1406 3061 τοῦ
1455 3008 1707 3082 Χριστοῦ,
1759 3007 1848 3061 καὶ

185 3095 280 3150 ὅτι
331 3094 777 3170 ἀνεπαισχύντως
823 3094 1101 3170 ἐναριθμεῖ
1158 3095 1365 3156 ἐαυτὸν.
1414 3095 1503 3150 καὶ
1552 3094 1718 3166 ἐξισοῖ
1767 3100 1848 3168 τῷ

186 3185 416 3255 σώματι
463 3190 563 3252 τῆς
615 3181 1007 3261 ἀδελφότητος.
1041 3184 1116 3238 Τὰ
1163 3181 1222 3238 δὲ
1267 3185 1458 3256 ἱμάτια
1489 3183 1522 3237 a
1555 3181 1844 3238 ἀποδύεται

187 3268 386 3326 λαϐὼν
419 3292 447 3326 0
479 3270 770 3343 οἰκονόμος
799 3278 900 3341 τῆς
935 3272 1106 3344 μονῆς
1139 3270 1416 3349 φυλάττει,
1450 3271 1710 3349 ἀφορίσας
1740 3270 1845 3333 ἕως

185 3359 237 3415 δ’
276 3362 335 3415 ἂν
384 3367 484 3430 τῆς
533 3367 818 3436 προκοπῆς
869 3359 1032 3415 αὑτοῦ
1077 3360 1167 3414 καὶ
1214 3368 1314 3429 τῆς
1365 3361 1724 3439 ἀναστροφῆς,
1752 3361 1841 3416 καὶ
1874 3351 1916 3418 C

186 3451 486 3522 ὑπομονῆς
516 3456 617 3518 τῆς
647 3449 698 3503 ἐν
734 3446 1013 3526 διαφόροις
1045 3455 1365 3523 πειρασμοῖς
1395 3448 1663 3521 ἀπόδειξιν
1704 3471 1838 3525 παρ-

183 3539 363 3614 άσχῃ.
401 3537 499 3592 Καὶ
544 3537 590 3592 εἰ
641 3539 736 3610 μὲν
783 3537 1006 3613 εὕρωσιν
1056 3538 1214 3592 αὐτὸν
1267 3536 1556 3612 δυνάμενον
1613 3538 1666 3593 ἐν
1712 3539 1840 3594 τού-

179 3648 308 3688 τοις
369 3632 669 3701 καρτερεῖν,
719 3626 807 3680 καὶ
864 3626 916 3680 ἐν
966 3624 1175 3700 σπουδῇ
1225 3629 1387 3701 πάσῃ,
1435 3628 1523 3682 καὶ
1592 3626 1840 3703 διαπύρῳ

184 3715 392 3788 θέρμῃ,
491 3714 768 3790 ἐνήρξατο,
801 3712 1144 3787 διαμένοντα,
1195 3721 1309 3778 τοῖς
1355 3715 1572 3779 λοιποῖς
1623 3738 1837 3792 συναρι-

185 3808 426 3875 θμοῦσιν
478 3801 753 3878 ἀδελφοῖς⁸
801 3803 847 3857 εἰ
893 3801 950 3858 δέ
1001 3825 1053 3858 τι
1098 3809 1412 3880 γογγυσμοῦ
1462 3804 1768 3878 ἐλάττωμα,
1802 3805 1838 3874 ἢ

184 3900 480 3969 παρακοῆς
541 3890 870 3962 οἱασδῆποτε
926 3892 1188 3968 ἁμαρτίαν
1250 3893 1300 3948 ἐν
1361 3894 1506 3967 αύτῷ
1561 3895 1842 3970 καταμάρ-

185 3985 360 4037 Θωσιν
415 3983 477 4056 [Γ.
526 3982 996 4056 καταμάρψωσιν],
1030 3979 1305 4045 ἐκδύοντες
1353 3988 1542 4039 τοῦτον
1593 3986 1726 4060 ἅπερ
1785 3985 1844 4040 ἐκ

183 4075 291 4125 τοῦ
329 4069 692 4144 μοναστηρίου
721 4068 1055 4142 ἐνεδύσαντο,
1085 4072 1174 4126 καὶ
1202 4077 1318 4134 τοῖς
1356 4079 1644 4146 κοσμικοῖς
1692 4071 1842 4128 ἐνδύ-

189 4181 329 4233 μασι
360 4159 526 4214 πάλιν
556 4153 997 4234 περιϐάλλοντες,
1032 4161 1375 4216 ἀπωθοῦνται
1406 4167 1501 4216 τοῦ
1540 4158 1840 4219 κοινοϐίου.

182 4252 281 4310 Ὠς
313 4246 602 4317 ἐκταύτης
643 4248 834 4302 Λοιπὸν
897 4255 998 4318 τῆς
1043 4244 1318 4324 ἀκριϐείας
1369 4257 1444 4323 μὴ
1495 4251 1716 4328 εὐχερὲς
1775 4252 1843 4306 εἶ-

181 4359 278 4393 ναι
327 4341 409 4409 τῷ
466 4335 790 4411 βουλομένῳ
840 4336 1174 4412 εἷσέρχεσθαι
1223 4337 1298 4400 ὡς
1351 4337 1604 4415 βούλεται
1650 4342 1683 4410 ἢ
1712 4341 1844 4395 ἀνα-

183 4430 402 4505 χωρεῖν
457 4431 560 4493 τῆς
622 4431 814 4497 μονῆς,
865 4423 1012 4479 ἀλλά
1066 4425 1154 4480 τὸν
1219 4427 1295 4499 μὴ
1355 4427 1657 4501 ἐμμένοντα
1710 4431 1846 4485 κατὰ

184 4515 372 4570 πάντα
440 4512 644 4588 τρόπον
694 4517 764 4588 τῇ
820 4509 934 4584 ῗδίᾳ
979 4514 1262 4590 ὁμολογίᾳ
1320 4515 1692 4590 μετενδύεσθαι
1748 4525 1846 4575 τοῦ

191 4626 298 4681 μον
308 4602 590 4678 αστηρίου.

269 4696 326 4750 4.
386 4695 516 4751 ’Ότι
571 4691 748 4747 τοίνυν
809 4693 838 4746 ὁ
900 4689 1222 4769 ὑποδεχθεὶς
1289 4695 1492 4770 ταύτῃ,
1551 4699 1689 4775 ᾗπερ
1767 4700 1845 4755 εἷ’

194 4785 471 4860 ρήκαμεν,
522 4776 768 4854 ἀκριϐείᾳ
843 4778 1170 4856 δοκιμασθῇ,
1238 4783 1326 4838 καὶ
1399 4786 1684 4859 ἄμεμπτος
1760 4789 1845 4844 εὑ-

194 4875 362 4948 ρεθῇ,
395 4870 458 4925 ού
512 4877 857 4947 παραχρῆμα
901 4874 972 4944 τῇ
1023 4868 1244 4943 συνοδίᾳ
1290 4877 1398 4928 τῶν
1451 4872 1696 4954 ἀδελφῶν
1725 4899 1845 4932 συν-

194 4959 596 5034 αναμίγνυσθαι
677 4957 1057 5034 ἐπιτρέπεται,
1115 4959 1261 5015 ἀλλά
1339 4963 1693 5039 παραδίδοται
1768 4972 1848 5040 τῷ

194 5048 626 5124 ἐντιτεταγμένῳ
655 5051 755 5118 τήν
806 5047 1060 5126 φροντίδα
1112 5054 1222 5105 τῶν
1274 5051 1459 5123 ξένων,
1491 5054 1578 5108 καὶ
1631 5054 1846 5118 τούτοις

191 5145 374 5194 πᾶσαν
404 5135 716 5210 ἐπιμέλειαν
758 5137 848 5192 καὶ
885 5139 1177 5214 ὑπηρεσίαν
1211 5147 1382 5196 ποιεῖν
1436 5143 1846 5217 προστάσσεται·

189 5229 289 5284 καὶ
351 5226 438 5282 ὅτε
495 5226 804 5301 ὁλόκληρον
852 5226 1090 5282 ἐνιαυτὸν
1137 5228 1440 5302 ἀμέμπτως
1480 5231 1849 5308 ἐξυπηρετήσῃ

190 5324 314 5382 τοῖς
373 5319 563 5388 ξένοις,
620 5318 889 5382 τυπωθεὶς
946 5315 1035 5373 διὰ
1089 5319 1284 5375 τούτου
1341 5323 1476 5397 πρὸς
1531 5325 1851 5379 ταπείνωσιν

189 5409 284 5463 καὶ
337 5408 732 5481 μακροθυμίαν,
786 5409 1189 5484 συναριθμεῖται
1245 5408 1439 5465 λοιπὸν
1498 5416 1567 5487 τῇ
1627 5413 1851 5487 συνοδίᾳ

191 5500 306 5551 τῶν
341 5493 615 5574 ἀδελφῶν,
645 5497 736 5552 καὶ
777 5495 1135 5573 παραδίδοται
1195 5499 1272 5556 ἐνὶ
1321 5503 1428 5557 τῶν
1473 5503 1760 5580 γερόντων,
1794 5505 1852 5568 ’ὸς

270 5662 391 5738 (44)
424 5662 959 5738 ραεβὶεηηιηείξίαι.
993 5664 1096 5724 lib.
1127 5683 1205 5738 Iv,
1238 5685 1289 5725 ο.
1320 5671 1375 5725 2.

605 5751 656 5791 c.
689 5735 725 5791 3
754 5740 812 5795 et
830 5737 882 5797 4.

484 5807 565 5865 td.
597 5823 650 5864 ο.
679 5807 734 5866 5.

1982 697 2172 751 nobiis
2205 697 2633 769 ingrediantur,
2664 697 2723 752 in
2749 697 2978 768 illisque
3020 701 3402 768 permaneant
3430 695 3490 750 in
3522 694 3636 750 hu-

1981 785 2229 842 militate
2260 792 2317 842 et
2346 787 2728 857 obsequentia
2759 803 2946 858 usque
2977 787 3046 841 ad
3097 791 3418 841 extremam
3464 800 3634 841 sene-

1980 878 2222 931 ctutem.
2249 876 2362 947 (44)
2390 880 2574 931 Tanta
2597 877 2812 948 quippe
2829 876 2982 947 apud
3010 874 3139 929 illos
3157 879 3246 928 est
3276 873 3630 940 obedientia,

1977 967 2140 1018 tanta
2185 964 2487 1019 humilitas
2536 966 2604 1020 ad
2653 971 3004 1020 senectutem
3041 980 3246 1035 usque,
3307 967 3528 1033 quanta
3559 979 3632 1018 ne

1978 1053 2166 1123 primo
2191 1053 2421 1123 quidem
2454 1071 2607 1110 anno
2636 1054 2695 1110 in
2729 1054 2798 1109 iis
2832 1054 2928 1126 qui
2954 1052 3232 1108 saeculum
3259 1053 3629 1120 abdicarunt,

1977 1141 2036 1196 in
2061 1143 2426 1199 monasteriis
2476 1143 2694 1198 nostris
2740 1143 3080 1215 reperiatur.
3135 1143 3246 1213 (45)
3306 1142 3430 1197 Non
3464 1142 3630 1214 prius

1978 1231 2178 1302 itaque
2207 1230 2266 1286 in
2303 1233 2656 1287 monasterio
2683 1231 3015 1287 admittitur
3046 1231 3144 1302 qui
3185 1230 3304 1285 vult
3348 1247 3474 1286 esse
3507 1246 3631 1286 m0-

1977 1321 2222 1386 nachus,
2251 1337 2427 1392 quam
2456 1321 2752 1394 specimen
2776 1325 2830 1375 et
2853 1321 3313 1392 experimentum
3337 1319 3634 1390 quoddam

1977 1409 2068 1463 sui
2098 1425 2235 1481 erga
2262 1410 2444 1465 Deum
2467 1409 3067 1480 amoris,bumilitatis
3101 1427 3218 1464 sua
3243 1413 3415 1480 atque
3437 1425 3634 1479 aequa-

1978 1498 2259 1554 nimitatis
2293 1515 2395 1570 per
2445 1516 2735 1554 summam
2772 1499 3165 1553 obedientiam
3225 1498 3469 1552 dederit.
3532 1497 3634 1552 His

1975 1587 2170 1658 itaque
2209 1589 2511 1659 probatus,
2559 1593 2624 1642 ut
2656 1587 3056 1643 admittendus
3110 1588 3181 1641 ab
3230 1585 3349 1641 illis
3382 1586 3633 1641 habetur

1975 1681 2145 1746 atque
2177 1678 2438 1745 docetur,
2465 1693 2534 1731 ne
2567 1676 2890 1748 quidquam
2925 1677 2995 1731 de
3026 1675 3195 1731 bonis
3226 1675 3351 1730 suis
3377 1676 3530 1747 apud
3566 1691 3629 1730 se

1973 1767 2339 1821 reconditum
2375 1771 2710 1821 conservet:
2745 1765 2909 1837 gnari
2961 1764 3184 1820 scilicet
3223 1781 3355 1819 eum
3405 1764 3504 1835 qui
3555 1764 3626 1819 de

1971 1855 2143 1910 bonis
2174 1856 2299 1910 suis
2323 1855 2645 1925 quidquam
2670 1855 2899 1919 retinet,
2939 1871 3051 1909 non
3077 1871 3248 1925 posse
3279 1853 3376 1908 diu
3411 1852 3470 1907 in
3505 1869 3628 1907 mo-

1973 1943 2214 1999 nasterii
2245 1943 2573 1998 obedientia
2596 1960 2957 2015 permanere,
2992 1960 3181 2014 neque
3205 1943 3276 1998 ad
3311 1943 3486 1997 finem
3519 1959 3624 1997 us-

1972 2049 2084 2104 que
2114 2048 2648 2105 perseverare,pra3
2677 2033 2857 2086 animi
2878 2032 3157 2104 languore
3190 2048 3256 2087 ac
3280 2031 3621 2086 taediollum

1970 2123 2187 2192 quavis
2219 2123 2376 2178 enim
2411 2122 2658 2177 minima
2687 2121 2912 2176 occasio
2946 2126 3047 2175 aut
3076 2121 3311 2176 afﬂictio
3345 2122 3472 2192 ejus
3504 2137 3622 2176 mo-

1965 2211 2122 2266 vebit
2151 2210 2642 2278 animum,statim
2677 2211 2957 2266 reconditi
2987 2210 3248 2266 thesauri
3281 2210 3618 2281 spes,quasi

1967 2302 2147 2356 funda
2169 2301 2449 2371 lapidem,
2482 2300 2836 2355 monasterio
2877 2299 3043 2355 illum
3075 2300 3250 2370 ejicit.
3291 2301 3399 2370 (46)
3432 2301 3621 2364 Quare

1965 2390 2155 2462 quivis
2188 2390 2420 2444 illorum
2447 2390 2706 2460 antiquis
2740 2389 3218 2461 possessionibus
3263 2388 3513 2458 exuitur,
3537 2389 3619 2444 ita

1961 2486 2025 2535 ut
2055 2497 2124 2535 ne
2153 2479 2501 2534 vestimento
2533 2479 2768 2550 quidem
2823 2495 2937 2549 quo
2967 2478 3212 2533 indutus
3240 2484 3363 2532 erat
3394 2479 3477 2533 uti
3501 2477 3614 2534 sibi

1959 2567 2147 2624 liceat.
2181 2569 2284 2623 Sed
2312 2567 2676 2639 congregatis
2697 2567 2925 2622 cunctis
2951 2555 3314 2632 fratribus,in
3350 2568 3612 2622 medium

1958 2659 2269 2723 adductus,
2302 2657 2534 2712 exuitur
2563 2656 2926 2712 vestimentis
2976 2657 3249 2728 propriis,
3300 2661 3357 2711 et
3405 2673 3608 2712 eorum

1957 2747 2082 2802 loco
2109 2747 2337 2801 abbatis
2359 2746 2634 2800 manibus
2658 2746 3001 2801 monasterii
3023 2745 3388 2800 vestimentis
3412 2746 3609 2800 indui-

1955 2839 2162 2902 turgut
2191 2852 2257 2890 ea
2286 2835 2472 2889 forma
2495 2840 2808 2906 cognoscat
2836 2834 2981 2906 ipse,
3008 2851 3068 2889 se
3092 2834 3407 2889 mundanis
3431 2835 3606 2890 rebus

1960 2924 2238 2980 omnibus
2271 2923 2608 2995 arrogantia
2638 2924 2777 2978 item
2810 2928 2866 2978 et
2897 2924 3171 2995 superbia
3201 2924 3608 2988 nudatum,in-

1961 3013 2161 3068 duisse
2191 3017 2590 3084 paupertatem
2623 3011 2858 3080 Christi,
2921 3018 2976 3068 et
3032 3012 3158 3067 sine
3216 3013 3436 3083 pudore
3483 3029 3611 3068 sese

1958 3119 2381 3158 connumerare
2402 3106 2458 3156 et
2479 3117 2781 3173 exaequare
2809 3101 3037 3174 corpori
3070 3100 3452 3157 fraternitatis
3470 3101 3607 3173 (47).

1956 3192 2323 3247 Vestimenta
2353 3196 2548 3246 autem
2602 3190 2816 3261 quibus
2875 3191 3106 3246 exuitur
3152 3195 3388 3262 accepta
3418 3194 3611 3244 servat

1955 3297 2291 3336 meonomus
2349 3279 2713 3347 monasterii,
2771 3283 2946 3350 atque
3024 3296 3289 3335 seorsum
3353 3279 3604 3351 reponit,

1957 3369 2140 3424 donec
2170 3369 2294 3439 ipse
2325 3369 2646 3438 profectus,
2694 3369 3155 3424 conservationis
3195 3366 3604 3440 patientiaeque

1949 3457 2006 3512 in
2041 3457 2218 3512 variis
2249 3456 2675 3512 tentationibus
2696 3458 2993 3528 specimen
3024 3458 3269 3513 dederit.
3296 3458 3364 3512 Et
3389 3456 3438 3513 si
3467 3456 3598 3528 qui-

1950 3547 2081 3601 dem
2139 3546 2607 3618 deprehendatur
2662 3545 2721 3601 in
2785 3547 2942 3602 hisce
2991 3564 3157 3618 posse
3202 3561 3594 3618 perseverare,

1949 3641 2122 3706 atque
2147 3653 2213 3690 eo
2244 3636 2458 3704 studio,
2513 3641 2570 3690 et
2608 3636 2845 3690 ferventi
2896 3639 3191 3707 proposito
3250 3652 3364 3706 quo
3423 3634 3597 3705 ccepit

1949 3741 2311 3796 permanere,
2369 3725 2577 3795 reliqui
2635 3741 2769 3779 eum
2842 3725 3118 3780 fratribus
3177 3726 3590 3778 annumerant.

1949 3813 2109 3876 Quod
2145 3814 2194 3868 si
2225 3815 2282 3868 in
2314 3830 2380 3868 eo
2413 3814 2897 3869 murmurationis
2929 3813 3228 3884 delictum,
3264 3817 3363 3869 aut
3394 3812 3593 3867 inobe-

1951 3903 2180 3958 dientiaa
2230 3902 2542 3971 cujuslibet
2589 3909 2888 3974 peccatum
2949 3903 3330 3974 comperiant,
3354 3906 3594 3957 exutum

1951 4009 2085 4047 eum
2118 3991 2454 4047 monasterii
2492 3991 2877 4059 vestimentis,
2918 4008 2984 4046 ac
3043 3991 3360 4046 mundanis
3407 3991 3596 4046 denuo

1950 4081 2048 4137 ind
2061 4080 2311 4137 umentis
2328 4080 2606 4135 amictum
2624 4097 2691 4135 ex
2709 4080 2968 4136 coenobio
2981 4080 3381 4152 expellunt,ita
3394 4084 3458 4135 ut
3471 4083 3602 4151 post

1953 4174 2070 4226 tam
2106 4174 2438 4225 accuratam
2468 4170 3024 4240 probationem,non
3056 4170 3222 4225 facile
3255 4171 3330 4226 sit
3358 4168 3597 4237 volenti,

1953 4258 2194 4314 arbitrio
2227 4274 2332 4312 suo
2354 4257 2440 4312 vel
2473 4257 2702 4328 ingredi
2731 4256 2819 4313 vel
2852 4274 2882 4313 e
2912 4260 3270 4314 monasterio
3300 4259 3596 4325 secedere;

1954 4347 2054 4403 sed
2083 4346 2179 4417 qui
2211 4363 2274 4401 se
2305 4348 2608 4418 proﬁtetur
2639 4363 2936 4402 remanere
2968 4347 3140 4414 nolle,
3164 4348 3402 4405 omnino
3433 4365 3605 4404 exua-

1953 4441 2050 4492 tur
2081 4434 2421 4492 monasterii
2452 4436 2840 4492 vestimentis.

2028 4707 2079 4762 4.
2118 4705 2230 4776 (48)
2261 4704 2405 4760 Cum
2436 4703 2617 4776 igitur
2638 4704 2688 4758 is
2720 4703 2819 4775 qui
2852 4710 3162 4777 susceptus
3221 4709 3330 4774 est,
3390 4721 3458 4761 ea
3487 4723 3606 4778 qua

1957 4796 2215 4851 diximus
2247 4783 2616 4849 accura'tione
2656 4794 2957 4864 probatus,
3018 4794 3470 4866 inculpatusque
3501 4796 3604 4850 de-

1958 4885 2286 4956 prehensus
2317 4887 2425 4948 est,
2460 4899 2573 4937 non
2606 4882 2805 4937 statim
2839 4883 3082 4938 fratrum
3143 4884 3317 4939 coetui
3361 4882 3604 4939 commi-

1958 4974 2104 5030 sceri
2137 4973 2514 5044 permittitur,
2541 4972 2640 5026 sed
2672 4971 2992 5049 traditurei
3017 4973 3108 5026 cui
3135 4971 3606 5045 bospitumcom-

1960 5063 2142 5118 missa
2162 5079 2302 5117 cura
2331 5065 2439 5127 est,
2477 5066 2651 5131 atque
2682 5061 2918 5131 iubetur
2948 5061 3245 5133 hospitum
3281 5062 3607 5118 ministerio

1957 5158 2014 5207 et
2045 5151 2324 5221 obsequio
2357 5149 2586 5205 omnino
2608 5166 2847 5217 vacare;
2882 5167 2946 5204 ac
2970 5156 3281 5222 postquam
3313 5153 3608 5225 integrum

1959 5257 2178 5296 annum
2211 5239 2507 5310 inculpate
2546 5239 2809 5309 hospites
2839 5241 3146 5311 exceperit,
3182 5241 3288 5296 hac
3322 5241 3459 5297 rein
3493 5243 3609 5298 hu-

1961 5330 2268 5385 militatem
2302 5329 2642 5385 efformatus
2675 5333 2732 5383 et
2761 5328 2819 5383 in
2845 5330 3610 5400 aaquanimitatem,demum

1962 5419 2133 5475 ccetui
2168 5420 2411 5473 fratrum
2441 5423 2883 5488 annumeratur,
2901 5424 3073 5491 atque
3105 5420 3277 5475 alicui
3311 5437 3340 5476 e
3370 5421 3611 5476 seniori-

1961 5509 2073 5564 bus
2092 5508 2370 5576 traditur,
2392 5506 2487 5564 cui
2518 5507 2665 5563 an
2704 5507 2951 5578 hujusce
2983 5510 3250 5567 muneris
3281 5509 3612 5567 sollicitudo

2040 5672 2150 5743 (47)
2185 5673 2329 5727 Ibid.
2365 5688 2415 5728 ο.
2439 5671 2495 5726 6.

2038 5744 2146 5816 (48)
2178 5743 2324 5801 Ibid.
2358 5759 2405 5799 c.
2437 5745 2492 5797 7.

3797 6007 3812 6020 ΙΙ

3891 5947 3925 6093 ᾗ.
