4026 6204
455 457 573 518 855
1616 456 1680 515 S.
1726 454 2252 516 ATHANASIUS.
2284 485 2363 496 —
2391 454 2701 516 SPURIA.
3222 516 3229 523 .
3712 464 3806 523 856

456 590 839 660 incumbit,ut
856 589 1209 662 discipulum
1244 590 1621 660 doceat,quas
1650 591 1776 644 vias
1797 589 2046 660 ingressu

2216 585 2415 655 ταύτην
2450 584 2565 661 ἔχει
2622 587 2720 655 τήν
2785 586 3072 661 μέριμναν,
3100 586 3247 649 ὅπως
3292 584 3477 661 διδάξῃ
3526 591 3608 644 τὸν
3667 605 3806 663 μαθη-

459 680 529 733 ad
582 679 994 749 perfectionem
1030 680 1307 732 virtutum
1338 679 1631 749 pervenire
1666 677 1866 747 possit.
1901 678 2013 747 (49)
2045 679 2049 730 l

2218 672 2529 745 τευόμενον,
2563 672 2650 729 διὰ
2679 676 2835 736 ποίας
2866 673 2994 730 ὁδοῦ
3036 674 3330 751 ἀρξάμενος
3385 675 3583 752 δυνηθῇ
3628 679 3701 733 ἐπὶ
3732 686 3808 750 τήν

459 768 664 838 primis
698 767 863 820 docet
894 783 1025 820 eum
1049 769 1313 821 studium
1338 768 1650 838 superandi
1687 768 1948 837 proprias
1971 784 2049 820 σοι

2218 761 2536 833 τελειότητα
2563 768 2670 817 τῶν
2715 764 2916 837 ἀρετῶν
2968 766 3183 836 φθάσαι.
3221 768 3304 821 Ἐν
3351 767 3584 839 πρώτοις
3632 767 3708 822 οῦν
3748 769 3808 824 δι-

460 856 853 926 cupiscentias
885 860 941 908 et
994 855 1338 926 voluptates,
1387 857 1642 925 iubendo
1697 873 1763 909 ea
1822 872 1949 927 qum
1981 856 2050 924 eji

2222 848 2401 904 δασκει
2434 852 2594 905 αὐτὸν
2645 849 2957 920 σπουδάζειν
3018 858 3168 923 νικᾷν
3226 854 3318 915 τάς
3383 851 3519 916 ἰδίας
3573 854 3808 928 ἐπιθυμίας

460 944 745 999 voluntati
776 945 1066 998 contraria
1097 949 1256 999 sunt.
1316 945 1495 998 Aiunt
1553 945 1710 999 enim
1764 945 1963 999 Patres
1996 961 2050 998 nt

2220 939 2307 993 καί
2341 938 2562 1008 ἡδονὰς,
2592 937 2679 993 διὰ
2725 942 2787 994 τὸ
2836 940 3137 995 ἐπιτάσσειν
3191 942 3336 1012 αύτῴ
3387 943 3453 996 τὰ
3502 943 3693 999 ἐναντία
3729 953 3808 999 τῶν

465 1032 634 1089 aliter
662 1048 833 1103 posse
860 1049 1215 1104 quemquam
1272 1034 1603 1103 voluptates
1654 1034 1988 1104 reprimere,
2013 1052 2055 1087 ai

2224 1026 2547 1100 θελημοὶτων
2581 1028 2764 1085 αὐτοῦ.
2801 1029 2915 1084 Οὐκ
2942 1028 3127 1091 ἄλλως
3154 1032 3254 1105 γὰρ
3282 1028 3525 1105 λέγουσιν
3559 1034 3606 1085 οἱ
3632 1034 3810 1109 πατέρις

463 1121 958 1189 iracundiam,aut
987 1122 1283 1177 tristitiam
1316 1128 1454 1189 ;aut
1486 1139 1675 1176 veram
1710 1124 1971 1177 obtinere
2004 1122 2053 1177 ιιι

2224 1113 2478 1180 δύνασθαι
2508 1139 2627 1171 τινα
2657 1118 2750 1179 τὰς
2798 1115 2997 1186 ἡδονὰς
3048 1116 3335 1194 χαλινοῦν,
3366 1121 3400 1186 ἣ
3434 1120 3597 1194 ὀργῆς
3640 1124 3811 1197 περιγί-

463 1210 794 1277 militatem,
814 1211 1161 1264 autdemum
1179 1228 1294 1265 una
1312 1228 1445 1265 cum
1470 1211 1750 1266 fratribus
1771 1210 1826 1265 in
1853 1215 2053 1266 caanob

2222 1207 2425 1273 νεσθαι,
2455 1207 2488 1273 ἢ
2545 1205 2747 1275 λύπης,
2793 1208 2826 1274 ἢ
2870 1205 3190 1262 ταπείνωσιν
3244 1207 3429 1281 ἀληθῇ
3488 1211 3812 1279 κτήσασθαι,ἢ

464 1304 616 1354 recte
646 1300 1184 1365 consummaii,nisi
1218 1306 1349 1353 ante
1373 1316 1473 1369 per
1503 1300 1891 1355 obedientiam
1908 1301 2054 1356 volm

2226 1292 2414 1355 ἁπλῶς
2450 1295 2584 1365 μετά
2614 1292 2982 1371 ἀδελφότητος
3026 1296 3077 1350 ἐν
3107 1293 3371 1369 κοινοϐίῳ
3413 1296 3589 1359 καλῶς
3629 1300 3809 1353 τελειω-

463 1392 613 1442 tates
644 1404 781 1443 suas
815 1388 1260 1442 mortiiicavcrit.
1317 1391 1426 1455 (50)
1467 1391 1565 1443 His
1596 1390 2053 1445 constitutionibi

2227 1384 2405 1450 θῆναι,
2442 1383 2487 1437 εἰ
2544 1386 2619 1455 μὴ
2672 1384 2933 1458 πρότερον
2984 1382 3071 1439 διὰ
3108 1387 3206 1453 τῆς
3242 1387 3483 1451 ὑπακοῆς
3514 1388 3728 1461 νεκρώσῃ
3764 1390 3810 1440 τὰ

464 1480 639 1547 atque
670 1476 971 1539 doctrinis,
1003 1477 1170 1548 quasi
1204 1478 1554 1547 quibusdam
1588 1477 1896 1533 elementis
1919 1485 1975 1533 et
1997 1496 2054 1550 sy

2228 1471 2417 1525 ἑαυτοῦ
2474 1471 2776 1544 θελήματα.
2807 1473 3031 1535 Ταύταις
3088 1472 3145 1528 δὲ
3194 1481 3313 1535 ταῖς
3375 1474 3706 1530 διατυπώσεσι
3744 1477 3809 1528 καὶ

464 1562 742 1633 labis,ubi
776 1565 1122 1636 discipulum
1157 1567 1222 1619 ad
1253 1567 1710 1637 praestantiorem
1746 1573 1966 1623 statum
1991 1587 2054 1641 pr

2227 1557 2600 1623 διδασκαλίαις
2652 1562 2744 1615 τὸν
2799 1562 3233 1635 μαθητευόμενον
3288 1560 3691 1636 προϐιϐασαντες
3731 1566 3809 1618 ὡς·

467 1654 777 1723 duxerunt,
808 1659 1007 1725 postea
1040 1654 1148 1709 hoc
1179 1655 1385 1709 docent
1416 1654 1603 1722 illum,
1640 1662 1703 1709 ut
1741 1657 2057 1725 cogitationi

2225 1649 2336 1703 avsi
2365 1650 2658 1725 στοιχείοις
2688 1650 2815 1718 τίσὶ,
2849 1651 2937 1705 καὶ
2985 1647 3308 1721 συλλαϐαῖς,
3343 1652 3643 1716 ἀκολούθως
3685 1651 3810 1706 πάλιν

466 1759 605 1798 suas
640 1759 709 1797 ne
729 1742 903 1808 celet;
934 1744 1033 1798 sed
1057 1743 1149 1797 ubi
1183 1745 1935 1816 accedunt,quamprimum
1964 1746 2056 1800 Pal

2227 1734 2537 1792 διδάσκουσι
2575 1740 2647 1811 μὴ
2682 1739 2936 1815 κρύπτειν
2981 1740 3107 1803 τοὺς
3159 1739 3328 1803 ἰδίους
3381 1740 3678 1815 λογισμούς·
3706 1741 3813 1796 ἀλλα

469 1849 575 1887 suo
608 1831 855 1899 revelet;
892 1849 1075 1902 neque
1108 1833 1178 1887 de
1235 1849 1436 1887 earum
1476 1834 1695 1902 judicio
1739 1838 1795 1888 et
1851 1834 2059 1889 examii

2226 1828 2569 1902 παραχρῆμα
2599 1828 2757 1898 ἡνίκα
2788 1828 3133 1905 ἐπέρχονται,
3164 1829 3394 1891 τούτους
3425 1835 3503 1902 τῷ
3544 1830 3707 1902 οἰκείῳ
3731 1835 3809 1886 Πα-

470 1920 770 1992 quidpiam
798 1921 955 1975 cordi
998 1937 1105 1975 suo
1129 1922 1543 1989 conﬁdat;sed
1579 1924 1724 1977 sciat
1780 1923 1833 1977 id
1878 1924 2060 1978 bonum

2226 1917 2312 1991 τρὶ
2347 1915 2774 1986 ἀποκαλύπτειν,
2804 1918 2892 1971 καὶ
2956 1916 3122 1989 μηδὲν
3180 1919 3305 1992 περὶ
3354 1926 3454 1986 τῆς
3500 1921 3683 1972 τούτων
3725 1915 3812 1971 δια-

2312 2004 2322 2023 Ι
2545 2009 2571 2019 ~
2629 2004 2701 2023 ,δ’
2894 2004 2939 2023 κο
3196 2008 3205 2023 ρ
3400 2007 3510 2023 Ἷὶκι
3561 2008 3573 2023 η
3638 2013 3656 2022 τ

471 2010 528 2065 id
564 2010 782 2065 malum
816 2026 963 2077 esse,
998 2011 1151 2082 quod
1191 2011 1417 2081 judicio
1473 2028 1578 2065 suo
1621 2011 1807 2075 Pater,
1862 2013 2009 2067 facto
2042 2030 2061 2066 r

2234 2004 2460 2079 κρίσεως
2506 2009 2575 2080 τῇ
2629 2004 2738 2076 ἰδίᾳ
2783 2004 2975 2077 καρδίᾳ
3022 2008 3293 2062 πιστεύειν
3321 2027 3333 2039 ·
3389 2007 3510 2062 ἀλλ’
3558 2008 3703 2061 ἐκεῖνο
3753 2028 3812 2080 γι-

474 2102 760 2167 examine,
782 2100 896 2153 tale
926 2115 1053 2154 esse
1083 2099 1479 2154 declaraverit.
1514 2104 1630 2154 Hac
1663 2100 1883 2155 ratione
1917 2107 2064 2171 potet

2232 2094 2456 2147 νώσκειν
2489 2095 2688 2169 ἀγαθὸν
2715 2096 2749 2163 ἢ
2776 2096 2938 2149 κακὸν
2972 2095 3103 2150 εἶναι
3132 2115 3144 2163 ;
3178 2094 3314 2169 ὅπερ
3365 2102 3480 2157 ταῖς
3526 2097 3692 2149 ἑαυτοῦ
3730 2092 3813 2147 8:2-

474 2206 679 2244 omnes
712 2188 932 2243 inimici
968 2188 1423 2243 fallaciasvitare
1453 2189 1722 2259 quisquis
1755 2190 1824 2243 ad
1850 2190 2059 2244 virtute

2230 2182 2436 2257 κρίσεσι
2468 2180 2764 2255 δοκιμάσας
2797 2185 2824 2238 ὁ
2862 2186 3042 2258 ΙΙατὴρ
3074 2181 3366 2254 ἀποδείξει.
3397 2185 3548 2241 Οὕτω
3576 2184 3665 2258 γὰρ
3693 2180 3811 2251 δ’.)νῇ-

470 2279 838 2333 instituitur:
894 2278 991 2349 qui
1038 2282 1236 2348 utpote
1280 2277 1610 2347 imperitus,
1682 2277 1904 2332 inimici
1957 2277 2060 2332 doli

2230 2291 2375 2325 σεται
2408 2271 2459 2325 ἐν
2498 2269 2686 2344 μηδενῖ
2730 2273 2831 2327 ὑπὸ
2882 2278 2977 2328 τοῦ
3033 2272 3238 2347 ἐχθροῦ
3270 2274 3298 2326 ὁ
3335 2275 3471 2345 πρὸς
3526 2273 3696 2346 ἀρετὴν
3740 2292 3809 2323 τ)-

467 2367 715 2437 ignorat.
750 2366 927 2420 Aiunt
957 2368 1111 2419 enim
1146 2366 1333 2420 sancti
1388 2366 1588 2420 Patres
1634 2366 1850 2420 diaboli
1901 2367 2043 2421 artis

2230 2360 2504 2433 πούμενος
2553 2361 2873 2431 ἀπατᾶσθαι,
2907 2362 2979 2423 ὡς
3030 2360 3273 2435 ἄπειρος,
3305 2362 3396 2415 καὶ
3455 2364 3612 2433 μήπω
3659 2366 3806 2436 γνῶσιν

470 2455 823 2509 insidiarum
847 2456 1229 2525 conspicuum
1255 2470 1383 2509 esse
1405 2453 1800 2525 signum,cum
1819 2454 2060 2526 discipul

2229 2451 2560 2521 κεκτημένος
2637 2448 2915 2523 μεθοδείας
2952 2471 2962 2482 ·
3027 2448 3201 2511 διανὶς
3270 2458 3376 2520 τῆς
3448 2456 3540 2505 τοῦ
3606 2446 3806 2504 διαϐόλου

472 2544 681 2598 suadet
736 2548 801 2597 ut
860 2543 1126 2597 Patribus
1180 2543 1564 2613 cogitationes
1623 2542 1912 2598 occultent
1958 2559 2062 2598 sua

2228 2537 2428 2613 τέχνης
2488 2539 2734 2613 λέγουσιν
2796 2542 2930 2594 εἶναι
2991 2541 3043 2594 oi
3102 2540 3362 2615 Πατέρες,
3420 2544 3512 2593 τοῦ
3567 2538 3806 2593 ἀναπείθειν

470 2632 648 2702 idque
674 2648 741 2686 ex
772 2631 1056 2703 superbia:
1096 2636 1278 2695 motu,
1315 2630 1483 2701 quasi
1515 2632 1737 2687 scilicet
1786 2632 1896 2703 ipsi
1930 2633 2060 2687 idon

2230 2627 2389 2681 αὐτὸν
2434 2627 2560 2689 τοῦς
2612 2628 3085 2701 μαθητευομένους
3132 2629 3237 2683 ἀπὸ
3281 2635 3390 2683 τῶν
3450 2630 3675 2702 Πατέρων
3715 2626 3807 2699 κρύ-

472 2722 593 2776 sint
622 2736 724 2793 per
756 2736 816 2775 se
848 2736 1171 2791 congruum
1214 2736 1282 2774 ea
1318 2720 1387 2774 de
1422 2735 1480 2774 re
1527 2720 1835 2776 consilium
1868 2738 2062 2792 capere

2229 2737 2377 2771 πτειν
2409 2717 2537 2778 τοὺς
2572 2715 2741 2778 ῗδίους
2777 2716 3083 2792 λογισμοὺς
3117 2716 3223 2787 ἰδίᾳ
3276 2718 3557 2790 ὑπεροψία,
3588 2718 3649 2775 ὡς
3690 2713 3804 2783 δῆθεν

474 2815 576 2866 aut
606 2828 673 2865 ex
704 2809 862 2863 inani
886 2809 1252 2880 gloria,quod
1287 2810 1502 2880 pudeat
1525 2810 1803 2864 nimirum
1843 2827 1982 2867 suas
2016 2828 2064 2882 pl

2229 2805 2444 2867 ἱκανοὺς
2492 2802 2651 2868 ὄντας
2702 2806 2912 2868 ἑαυτοῖς
2960 2808 3026 2861 τὰ
3078 2809 3426 2884 συμφέροντα
3468 2801 3803 2878 συμϐουλεύσα-

476 2898 691 2955 blicare
716 2899 1116 2969 cogitationes.

2226 2896 2367 2961 σθαι,
2423 2895 2456 2962 ἦ
2515 2892 2627 2965 ἰδίᾳ
2681 2892 2959 2966 κενοδοξία
3013 2895 3443 2971 αἰσχυνομένους
3516 2892 3801 2966 δημοσιεῦσαι

2224 2984 2317 3044 τας
2349 2984 2549 3038 ἑαυτῶν
2584 2983 2901 3056 ἐνθυμήσεις
2913 3028 2924 3040 .

547 3080 601 3134 5.
626 3079 735 3149 (51)
768 3080 955 3133 'I‘anta
988 3095 1156 3149 porro
1179 3079 1332 3149 apud
1366 3077 1495 3134 illos
1525 3083 1614 3134 est
1642 3080 2120 3151 obsequentia,ut

2296 3075 2348 3127 5.
2381 3071 2622 3142 Τοσαύτη
2683 3070 2738 3127 δὲ
2795 3072 3115 3149 φυλάττεται
3175 3075 3305 3149 παρ’
3360 3072 3536 3134 αὐτοῖς
3591 3070 3800 3142 ὑποταγή,

475 3166 620 3220 citra
649 3166 875 3221 abbatis
898 3168 1227 3237 jussionem
1262 3169 1415 3221 ausit
1448 3184 1637 3231 nemo,
1663 3186 1733 3223 ne
1763 3186 1830 3223 ex
1852 3186 1958 3224 sua
1988 3186 2064 3240 qu

2228 3161 2301 3221 ὡς
2337 3162 2409 3233 μή
2441 3160 2720 3233 τολμῆσαί
2749 3182 2867 3215 τινα
2899 3161 3048 3223 ἐκτὸς
3076 3166 3174 3216 τοῦ
3216 3156 3362 3216 ἀϐϐἆ
3412 3158 3544 3235 μηδὲ
3589 3164 3669 3214 τοῦ
3709 3154 3800 3210 κελ-

475 3254 606 3307 dem
638 3253 847 3309 cellula
869 3255 926 3308 in
960 3272 1075 3325 qua
1124 3256 1285 3310 sedet
1316 3257 1508 3326 egredi
1535 3273 1546 3309 :
1569 3262 1743 3327 atque
1786 3263 1948 3313 tanto
1992 3263 2065 3313 sti

2230 3248 2353 3303 λίου
2402 3250 2539 3303 ὅπου
2585 3250 2811 3319 κάθηται
2860 3245 3193 3321 προϐαίνειν·
3247 3249 3394 3305 οὕτω
3443 3248 3496 3304 δὲ
3524 3252 3581 3303 τὰ
3606 3248 3708 3322 παρ’
3731 3244 3796 3298 αὖ·

473 3342 569 3396 dio
599 3342 758 3397 illius
782 3344 951 3413 jussa
980 3343 1293 3415 complent,
1326 3350 1547 3415 quanto
1583 3347 1631 3400 si
1682 3347 1835 3402 Deus
1876 3348 2063 3418 ipseji

2226 3342 2322 3391 τοῦ
2366 3337 2811 3411 προστασσόμενα
2855 3337 3121 3393 ἐπιτελεῖν
3169 3337 3583 3407 σπουδάζουσιν,
3610 3337 3672 3396 ὡς
3695 3332 3799 3405 περὶ

470 3431 652 3486 beret.
684 3432 795 3501 (52)
828 3432 975 3487 Dum
1005 3434 1207 3488 sedent
1250 3439 1445 3488 autem
1491 3434 1549 3487 in
1604 3435 1729 3490 suis
1787 3435 2035 3502 cellulis,

2228 3431 2359 3481 Θεοῦ
2406 3431 2571 3481 ταῦτα
2627 3424 2938 3502 δεχόμενοι.
2970 3429 3279 3500 Καθήμενοι
3344 3426 3401 3482 δὲ
3458 3427 3506 3482 έν
3554 3432 3653 3486 τοῖς
3681 3422 3797 3479 ἰδίοις

471 3520 629 3591 operi
665 3537 967 3586 manuum,
995 3521 1353 3576 meditationi
1384 3527 1440 3577 et
1471 3523 1717 3577 orationi
1747 3524 2061 3579 incumbun

2226 3515 2491 3587 κελλίοις,
2521 3521 2600 3587 τῷ
2633 3513 2777 3590 ἔργῳ
2805 3538 2861 3571 τε
2892 3517 2979 3570 καὶ
3008 3515 3076 3586 τῇ
3110 3515 3333 3590 μελέτῃ,
3365 3517 3452 3571 καὶ
3580 3512 3795 3587 προσευχῇ

473 3613 645 3679 atque
675 3610 938 3664 studiose
969 3610 1059 3664 bis
1091 3609 1369 3664 adhibent
1401 3610 1751 3677 animum,si
1779 3614 2063 3684 quempia:

2226 3604 2627 3678 προσκείμενοι,
2669 3605 2759 3658 καὶ
2822 3605 2953 3676 μετά
3002 3602 3241 3673 σπουδῆς
3291 3606 3651 3679 προσέχοντες,
3692 3598 3795 3652 ἐπει-

473 3698 688 3752 ostium
722 3698 941 3753 cellula:
975 3698 1303 3769 pulsantem
1353 3700 1613 3767 audiant,
1648 3702 1745 3771 qui
1805 3719 1867 3757 se
1914 3709 2016 3757 aut
2045 3721 2063 3757 ε

2228 3691 2319 3748 δάν
2352 3692 2620 3748 ἀκούσωσι
2650 3697 2746 3748 τοῦ
2800 3692 3090 3767 κρούοντος
3139 3694 3237 3762 τὴν
3292 3694 3455 3771 θύραν
3502 3697 3588 3747 τοῦ
3628 3686 3795 3743 κελλίου

473 3802 844 3843 communem
878 3788 1221 3853 orationem,
1270 3793 1371 3842 aut
1400 3789 1470 3842 ad
1503 3806 1650 3859 Opus
1686 3808 1966 3847 manuum
2016 3810 2063 3847 ai

2227 3784 2260 3850 ἢ
2290 3782 2363 3844 είς
2392 3783 2489 3850 τὴν
2520 3784 2705 3851 κοινὴν
2741 3784 3077 3858 προσευχὴν,
3108 3784 3141 3852 ἢ
3169 3783 3306 3855 πρός
3354 3804 3405 3837 τι
3455 3778 3596 3857 ἔργον
3627 3776 3793 3833 τούτους

473 3883 658 3942 vocet,
684 3878 959 3931 omnibus
991 3877 1430 3948 quamprimum
1465 3878 1751 3945 dimissis,
1786 3881 1855 3934 ad
1883 3882 2053 3951 jussa

2227 3870 2730 3945 προσκαλουμένου,
2796 3879 3134 3947 παραχρῆμα
3190 3873 3366 3926 πάντα
3420 3872 3551 3943 ὁμοῦ
3612 3864 3794 3943 ἀφέντες,

474 3966 587 4021 sibi
619 3983 735 4021 rem
772 3971 1105 4037 properant,
1137 3966 1479 4021 obedientiae
1505 3967 1776 4022 virtutem
1810 3970 2064 4025 studiosi;

2227 3961 2361 4035 πρὸς
2392 3960 2454 4015 τὸ
2486 3959 2733 4034 ἐπιταγὲν
2760 3962 2995 4034 ὁρμῶσι,
3027 3960 3169 4035 πάσῃ
3200 3958 3415 4033 σπουδῇ
3465 3960 3554 4027 τήν
3597 3958 3676 4024 τῆς
3722 3953 3793 4005 ὑπ-

474 4056 622 4111 sime
643 4056 940 4120 colentes;
982 4073 1157 4127 quam
1209 4073 1322 4109 non
1382 4057 1552 4111 modo
1602 4058 1763 4128 operi
1810 4075 2064 4114 manuun

2228 4057 2395 4117 ἀκοῆς
2426 4049 2619 4123 ἀρετήν
2655 4048 2967 4118 ζηλοῦντες·
3001 4051 3062 4118 ἦν
3096 4050 3157 4104 οὐ
3212 4050 3375 4123 μόνον
3423 4054 3513 4103 τοῦ
3557 4044 3685 4121 ἔργου
3715 4045 3790 4093 τῶν

475 4144 708 4198 lectioni
748 4149 803 4198 et
849 4144 1058 4214 quietae
1099 4144 1157 4198 in
1189 4144 1403 4199 cellula
1433 4147 1898 4211 commorationi,
1930 4149 2029 4202 sed
2063 4178 2065 4193 ι

2226 4143 2451 4213 χειρῶν,
2484 4138 2833 4213 ἀναγνώσεώς
2885 4160 2942 4193 τε
2998 4138 3084 4193 καὶ
3144 4146 3242 4208 τῆς
3303 4135 3575 4207 ένκελλίῳ
3600 4132 3792 4205 ἡσυχίας.

476 4232 749 4287 omnibus
780 4233 1094 4287 virtutibus
1125 4240 1509 4304 anteponunt,
1542 4236 1858 4306 omniaque
1891 4238 2057 4308 postb

2226 4225 2371 4281 ἀλλά
2424 4226 2512 4280 καὶ
2571 4232 2758 4281 πασῶν
2834 4227 3037 4302 ἀρετῶν
3113 4232 3450 4303 προτιμῶσι,
3502 4223 3581 4279 καὶ
3642 4217 3792 4283 ταύτης

472 4324 633 4378 bent.
2227 4318 2433 4369 ἅπαντα
2462 4313 2681 4388 δεύτερα
2708 4316 2961 4379 τίθενται.

542 4414 595 4465 6.
620 4411 755 4480 (52⁸)
792 4409 933 4464 Illud
960 4414 1153 4464 autem
1169 4411 1528 4481 superﬂuum
1561 4417 1650 4467 est
1670 4430 2118 4481 memorare,ne-

2295 4407 2350 4462 6.
2385 4406 2587 4459 Ἐκεῖνο
2622 4402 2678 4458 δὲ
2712 4405 2905 4477 μεταξὺ
2938 4408 3045 4459 τῶν
3075 4404 3259 4460 ἄλλων
3319 4402 3554 4481 περιττόν
3604 4398 3691 4453 ἐστι
3730 4391 3791 4447 ui

474 4500 691 4555 minem
723 4497 943 4553 scilicet
984 4498 1217 4553 illorum
1269 4498 1422 4553 aliud
1457 4500 1758 4571 quidpiam
1800 4504 2062 4573 possider

2229 4492 2427 4567 λέγειν,
2459 4494 2532 4554 ὡς
2564 4491 2740 4555 οὐδεὶς
2774 4493 2946 4548 αὐτων
3002 4492 3141 4548 ἄλλο
3183 4514 3233 4547 τι
3282 4496 3529 4562 κέκτηται
3576 4486 3697 4554 πλὴν
3730 4501 3792 4535 κο·

473 4602 649 4660 quam
682 4585 994 4654 colobium,
1021 4585 2063 4657 hemiphorium.sandalium,melotez

2230 4576 2441 4652 λοϐίου,
2472 4581 2560 4634 καὶ
2595 4581 2915 4659 ἡμιφορίου,
2947 4582 3037 4636 καὶ
3082 4580 3407 4650 σανδαλίων,
3438 4580 3518 4635 καὶ
3559 4574 3788 4649 μηλωτῆἔ,

472 4683 529 4732 et
558 4681 809 4729 stoream
836 4690 849 4727 :
884 4680 1051 4745 turpe
1082 4691 1209 4728 esse
1242 4676 1349 4727 rati
1396 4675 1443 4727 si
1476 4676 1723 4741 dicatur,
1759 4677 1905 4733 liber
1926 4697 2059 4734 meu

2226 4672 2315 4725 ἀἱ
2374 4672 2589 4743 ψιάθοῪ
2641 4670 2901 4745 αἰσχύνην
2964 4672 3262 4745 ἡγούμενοι
3322 4668 3653 4743 τὸ-λέγεσθαι
3699 4656 3790 4759 παρ’

2268 4754 2612 4767 _,,,__
2710 4758 2793 4767 ,.
3068 4765 3086 4767 ξ
3187 4758 3271 4767 .“
3373 4756 3519 4767 -.Ἠ
3676 4750 3687 4767 Ὢ

474 4763 780 4836 penicillus
803 4778 988 4826 meus,
1039 4766 1139 4815 aut
1187 4761 1343 4815 aliud
1378 4763 1681 4833 quidpiam
1709 4782 1923 4821 meum.
1958 4768 2064 4822 Tar

2222 4758 2425 4830 αὐτοῖς,
2462 4754 2673 4834 βίϐλίον
2706 4758 2860 4831 ἐμὸν,
2892 4765 3151 4836 γραφεῖον
3184 4758 3337 4831 ἐμὸν,
3366 4760 3398 4827 ἢ
3435 4756 3562 4812 ἄλλο
3589 4775 3630 4807 τι
3673 4750 3786 4820 ἐμὸν-

471 4860 596 4907 tum
632 4857 826 4905 autem
859 4850 1308 4925 singuliporum
1337 4866 1403 4904 ex
1439 4868 1609 4923 eperc
1642 4859 1697 4907 et
1748 4856 1959 4910 sudore
2006 4872 2061 4911 et

2223 4852 2490 4904 Τοσοῦτον
2552 4847 2608 4903 δὲ
2664 4845 2885 4909 ἕκαστος
2944 4848 3116 4903 αὐτῶν
3175 4849 3292 4912 καθ’
3336 4847 3530 4920 ἡμέραν
3577 4842 3621 4911 ἐξ
3668 4836 3787 4910 ἔργον

472 4942 722 4996 all‘erunt
756 4938 1100 4992 monasterio
1136 4943 1499 5009 proventum,
1543 4945 1605 4994 ut
1662 4958 1775 4995 non
1810 4943 1982 4998 modo
2014 4960 2062 4999 ε(

2222 4958 2278 4990 τε
2325 4938 2413 4991 καὶ
2466 4934 2693 5011 ἱδρῶτος
2741 4934 2881 4990 ἰδίου
2929 4936 3220 5012 προσφέρει
3271 4936 3527 5009 πορισμὸν
3562 4936 3630 5001 τῷ
3668 4944 3788 4998 μονα-

466 5045 597 5084 rum
624 5026 1197 5091 necessitatibus,sed
1229 5026 1403 5081 etiam
1434 5027 1731 5099 hospitum
1764 5046 2056 5100 pauperum

2224 5024 2453 5099 στηρίῳ,
2492 5026 2565 5087 ὡς
2602 5028 2676 5098 μὴ
2715 5025 2870 5097 μόνον
2902 5030 3019 5087 ταῖς
3081 5027 3277 5080 ἑαυτῶν
3333 5025 3533 5100 χρείαις
3586 5017 3786 5088 ἐξαρκεῖνι

466 5134 579 5188 que
611 5114 935 5169 ministerio
965 5116 1083 5167 sint
1114 5113 1278 5168 satis.
1317 5117 1461 5170 Dum
1494 5117 1579 5171 sic
1610 5122 1807 5171 autem
1841 5116 2056 5173 labora]

2222 5112 2367 5168 ἀλλά
2396 5114 2481 5168 καὶ
2512 5118 2579 5188 τῇ
2614 5111 2858 5185 διακονίᾳ
2885 5119 2992 5169 τῶν
3042 5114 3201 5184 ξένων
3246 5114 3333 5169 καὶ
3375 5113 3593 5185 πτωχῶν
3638 5105 3786 5173 ὑπουρ-

462 5220 577 5258 non
614 5203 1043 5263 inﬂantur.non
1072 5201 1347 5271 superbia
1375 5208 1623 5272 tument,
1658 5222 1759 5259 nec
1794 5206 2047 5277 quisque

2222 5209 2358 5277 γεῖν.
2395 5202 2582 5265 Οὕτως
2614 5200 2670 5257 δὲ
2700 5202 2993 5275 κάμνοντες
3052 5202 3112 5256 οὐ
3171 5207 3492 5275 φυσιοῦνται,
3525 5195 3619 5267 οὐχ
3666 5192 3784 5277 ὖπεΡς

460 5292 680 5363 proprii
714 5291 930 5345 laboris
960 5295 1017 5344 et
1073 5290 1306 5344 sudoris
1339 5290 1470 5360 plus
1515 5272 2005 5364 postulat-quam
2040 5313 2050 5348 ι

2236 5272 2244 5277 -
2776 5272 2783 5275 -
3183 5272 3190 5275 -
3774 5272 3783 5289 ς

2222 5292 2600 5369 ηφανεύονται,
2634 5289 2756 5347 οὔτε
2784 5313 2867 5354 τις
2900 5290 3075 5346 αὐτῶν
3105 5292 3164 5346 ὲκ
3191 5296 3285 5346 τοῦ
3312 5290 3503 5345 οἰκείου
3547 5284 3682 5357 ἔργον
3720 5295 3783 5328 καί

457 5384 665 5439 abbate
694 5399 796 5453 pro
829 5384 1176 5436 necessitate
1201 5381 1494 5435 tribuatur
1518 5400 1652 5449 ;nec
1674 5382 1849 5439 ullius
1879 5384 1961 5439 rei
1983 5401 2047 5456 pc

2224 5378 2451 5453 ἱδρῶτος
2514 5382 2729 5436 ἀπαιτεῖ
2784 5380 3167 5457 περισσότερον
3226 5388 3324 5449 τῆς
3374 5374 3633 5447 διδομένης
3676 5374 3784 5457 παὲξ

456 5472 778 5531 sessionem
812 5470 919 5527 sibi
946 5474 1403 5541 comparat,cum
1425 5487 1554 5527 sese
1585 5471 1765 5529 totius
1796 5474 2046 5529 mundia

2219 5474 2315 5525 τοῦ
2346 5465 2487 5525 ἀϐϐἆ
2518 5472 2724 5547 χρείας·
2759 5470 2821 5526 ού
2874 5477 3059 5545 κτῆμα
3117 5468 3433 5541 οίασδτςποτε
3485 5463 3604 5532 ὕλης
3652 5453 3783 5521 ἑαυτῷ

527 5637 636 5709 (48)
670 5634 1204 5709 Cassian._lnstitut.
1239 5632 1337 5690 lib.
1365 5651 1439 5704 ιν,
1473 5653 1520 5692 c.
1544 5638 1596 5692 8.
2278 5636 2391 5709 (52)
2423 5636 2567 5693 Ibid.
2600 5653 2649 5695 c.
2676 5637 2771 5709 18.,
2842 5700 2843 5703 η

530 5707 641 5781 (50)
672 5706 814 5781 ibid:
849 5722 897 5761 ο·
926 5706 995 5781 9ο,

2279 5706 2418 5781 (52-)
2450 5709 2598 5767 Ibid.
2632 5725 2682 5766 ο.
2720 5708 2808 5780 is,
2843 5707 2929 5765 ιι.

535 5776 643 5853 Ἰει)
674 5776 822 5836 Ibid.
852 5792 903 5836 ο.
938 5776 1023 5833 ιο.
