  <div class='ocr_page' id='page_1' title='image "/cluster/home/n/w/nwhite01/storage/ocr_20150623/28/hvd.32044052794351/434.png"; bbox 0 0 4026 6204; ppageno 0'>
   <div class='ocr_carea' id='block_1_1' title="bbox 247 445 382 504">
    <p class='ocr_par' dir='ltr' id='par_1_1' title="bbox 247 445 382 504">
     <span class='ocr_line' id='line_1_1' title="bbox 247 445 382 504; baseline 0 0"><span class='ocrx_word' id='word_1_1' title='bbox 247 445 382 504; x_wconf 80' lang='lat'><strong>857</strong></span> 
     </span>
    </p>
   </div>
   <div class='ocr_carea' id='block_1_2' title="bbox 1429 445 2517 508">
    <p class='ocr_par' dir='ltr' id='par_1_2' title="bbox 1429 445 2517 508">
     <span class='ocr_line' id='line_1_2' title="bbox 1429 445 2517 508; baseline 0 -2"><span class='ocrx_word' id='word_1_2' title='bbox 1429 445 1808 508; x_wconf 74' lang='lat' dir='ltr'><strong>EPISTOLA</strong></span> <span class='ocrx_word' id='word_1_3' title='bbox 1855 445 1876 505; x_wconf 93' lang='lat' dir='ltr'><strong>l</strong></span> <span class='ocrx_word' id='word_1_4' title='bbox 1921 446 2024 505; x_wconf 83' lang='lat' dir='ltr'><strong>AD</strong></span> <span class='ocrx_word' id='word_1_5' title='bbox 2069 445 2517 508; x_wconf 79' lang='lat' dir='ltr'><strong>CASTOREM.</strong></span> 
     </span>
    </p>
   </div>
   <div class='ocr_carea' id='block_1_3' title="bbox 3559 451 3679 513">
    <p class='ocr_par' dir='ltr' id='par_1_3' title="bbox 3559 451 3679 513">
     <span class='ocr_line' id='line_1_3' title="bbox 3559 451 3679 513; baseline 0 -1"><span class='ocrx_word' id='word_1_6' title='bbox 3559 451 3679 513; x_wconf 81' lang='lat'><strong>858</strong></span> 
     </span>
    </p>
   </div>
   <div class='ocr_carea' id='block_1_4' title="bbox 252 573 1905 654">
    <p class='ocr_par' dir='ltr' id='par_1_4' title="bbox 252 573 1905 652">
     <span class='ocr_line' id='line_1_4' title="bbox 252 573 1905 652; baseline -0.002 -21"><span class='ocrx_word' id='word_1_7' title='bbox 252 580 656 652; x_wconf 78' lang='grc' dir='ltr'><strong>περιποιεῖται,</strong></span> <span class='ocrx_word' id='word_1_8' title='bbox 714 576 980 650; x_wconf 84' lang='grc' dir='ltr'>πάροικον</span> <span class='ocrx_word' id='word_1_9' title='bbox 1042 575 1225 630; x_wconf 75' lang='grc' dir='ltr'>ἑαυτὸν</span> <span class='ocrx_word' id='word_1_10' title='bbox 1285 577 1372 630; x_wconf 76' lang='grc' dir='ltr'><strong>καὶ</strong></span> <span class='ocrx_word' id='word_1_11' title='bbox 1436 576 1577 646; x_wconf 78' lang='grc' dir='ltr'>ξένον</span> <span class='ocrx_word' id='word_1_12' title='bbox 1603 573 1746 652; x_wconf 79' lang='grc' dir='ltr'>ἔχων</span> <span class='ocrx_word' id='word_1_13' title='bbox 1780 573 1905 630; x_wconf 74' lang='grc' dir='ltr'>ὅλου</span> 
     </span>
    </p>
   </div>
   <div class='ocr_carea' id='block_1_5' title="bbox 2024 573 3676 654">
    <p class='ocr_par' dir='ltr' id='par_1_5' title="bbox 2028 577 3676 654">
     <span class='ocr_line' id='line_1_5' title="bbox 2028 577 3676 654; baseline 0.004 -23"><span class='ocrx_word' id='word_1_14' title='bbox 2028 593 2232 632; x_wconf 81' lang='lat' dir='ltr'><strong>venam</strong></span> <span class='ocrx_word' id='word_1_15' title='bbox 2257 581 2314 632; x_wconf 92' lang='lat' dir='ltr'><strong>et</strong></span> <span class='ocrx_word' id='word_1_16' title='bbox 2336 577 2709 651; x_wconf 87' lang='lat' dir='ltr'><strong>peregrinum</strong></span> <span class='ocrx_word' id='word_1_17' title='bbox 2736 595 2749 646; x_wconf 92' lang='lat'><strong>;</strong></span> <span class='ocrx_word' id='word_1_18' title='bbox 2784 577 3082 634; x_wconf 78' lang='lat' dir='ltr'><strong>existimet</strong></span> <span class='ocrx_word' id='word_1_19' title='bbox 3102 595 3452 651; x_wconf 88' lang='lat' dir='ltr'><strong>servumque</strong></span> <span class='ocrx_word' id='word_1_20' title='bbox 3481 599 3543 637; x_wconf 87' lang='lat' dir='ltr'><strong>se</strong></span> <span class='ocrx_word' id='word_1_21' title='bbox 3577 600 3676 654; x_wconf 90' lang='lat' dir='ltr'><strong>po-</strong></span> 
     </span>
    </p>
   </div>
   <div class='ocr_carea' id='block_1_6' title="bbox 248 662 1919 738">
    <p class='ocr_par' dir='ltr' id='par_1_6' title="bbox 248 662 1919 738">
     <span class='ocr_line' id='line_1_6' title="bbox 248 662 1919 738; baseline -0.002 -18"><span class='ocrx_word' id='word_1_22' title='bbox 248 671 359 720; x_wconf 69' lang='grc' dir='ltr'>τοῦ</span> <span class='ocrx_word' id='word_1_23' title='bbox 391 665 628 736; x_wconf 84' lang='grc' dir='ltr'>κόσμου,</span> <span class='ocrx_word' id='word_1_24' title='bbox 677 665 766 718; x_wconf 80' lang='grc' dir='ltr'><strong>καὶ</strong></span> <span class='ocrx_word' id='word_1_25' title='bbox 798 662 997 718; x_wconf 72' lang='grc' dir='ltr'>δοῦλον</span> <span class='ocrx_word' id='word_1_26' title='bbox 1033 665 1218 719; x_wconf 70' lang='grc' dir='ltr'>ἑαυτὸν</span> <span class='ocrx_word' id='word_1_27' title='bbox 1255 664 1467 737; x_wconf 76' lang='grc' dir='ltr'>μᾶλλον</span> <span class='ocrx_word' id='word_1_28' title='bbox 1501 665 1588 719; x_wconf 79' lang='grc' dir='ltr'><strong>καὶ</strong></span> <span class='ocrx_word' id='word_1_29' title='bbox 1645 666 1919 738; x_wconf 73' lang='grc' dir='ltr'><strong>ὑπηρέτην</strong></span> 
     </span>
    </p>
   </div>
   <div class='ocr_carea' id='block_1_7' title="bbox 246 750 1923 829">
    <p class='ocr_par' dir='ltr' id='par_1_7' title="bbox 246 750 1923 829">
     <span class='ocr_line' id='line_1_7' title="bbox 246 750 1923 829; baseline -0.001 -22"><span class='ocrx_word' id='word_1_30' title='bbox 246 755 370 807; x_wconf 77' lang='grc' dir='ltr'>τῶν</span> <span class='ocrx_word' id='word_1_31' title='bbox 399 750 650 829; x_wconf 68' lang='grc' dir='ltr'>ἀδελφῶν</span> <span class='ocrx_word' id='word_1_32' title='bbox 685 751 1063 826; x_wconf 76' lang='grc' dir='ltr'><strong>λογιζόμενος,</strong></span> <span class='ocrx_word' id='word_1_33' title='bbox 1094 750 1235 826; x_wconf 72' lang='grc' dir='ltr'>ἤπερ</span> <span class='ocrx_word' id='word_1_34' title='bbox 1281 750 1543 822; x_wconf 74' lang='grc' dir='ltr'><strong>δεσπότην</strong></span> <span class='ocrx_word' id='word_1_35' title='bbox 1596 750 1923 821; x_wconf 69' lang='grc' dir='ltr'>οἱονδήποτε</span> 
     </span>
    </p>
   </div>
   <div class='ocr_carea' id='block_1_8' title="bbox 252 838 1922 917">
    <p class='ocr_par' dir='ltr' id='par_1_8' title="bbox 252 838 1922 917">
     <span class='ocr_line' id='line_1_8' title="bbox 252 838 1922 917; baseline 0 -23"><span class='ocrx_word' id='word_1_36' title='bbox 252 841 467 917; x_wconf 70' lang='grc' dir='ltr'>γηίνου</span> <span class='ocrx_word' id='word_1_37' title='bbox 521 843 864 915; x_wconf 83' lang='grc' dir='ltr'>πράγματος.</span> <span class='ocrx_word' id='word_1_38' title='bbox 924 843 987 895; x_wconf 60' lang='lat' dir='ltr'><strong>Et</strong></span> <span class='ocrx_word' id='word_1_39' title='bbox 1047 839 1103 896; x_wconf 82' lang='grc' dir='ltr'>δέ</span> <span class='ocrx_word' id='word_1_40' title='bbox 1149 863 1230 903; x_wconf 87' lang='grc' dir='ltr'><strong>τις</strong></span> <span class='ocrx_word' id='word_1_41' title='bbox 1283 840 1457 916; x_wconf 84' lang='grc' dir='ltr'>γλάσῃ</span> <span class='ocrx_word' id='word_1_42' title='bbox 1493 847 1676 902; x_wconf 67' lang='grc' dir='ltr'>σκεῦος</span> <span class='ocrx_word' id='word_1_43' title='bbox 1711 838 1922 910; x_wconf 69' lang='grc' dir='ltr'>οἳονδή-</span> 
     </span>
    </p>
   </div>
   <div class='ocr_carea' id='block_1_9' title="bbox 252 926 1922 1005">
    <p class='ocr_par' dir='ltr' id='par_1_9' title="bbox 252 926 1922 1005">
     <span class='ocr_line' id='line_1_9' title="bbox 252 926 1922 1005; baseline -0.002 -19"><span class='ocrx_word' id='word_1_44' title='bbox 252 953 420 1001; x_wconf 85' lang='grc' dir='ltr'>ποτε,</span> <span class='ocrx_word' id='word_1_45' title='bbox 560 929 827 999; x_wconf 75' lang='grc' dir='ltr'>ἀπολέσῃ,</span> <span class='ocrx_word' id='word_1_46' title='bbox 878 929 1285 1005; x_wconf 77' lang='grc' dir='ltr'>ἐξομολογεῖται</span> <span class='ocrx_word' id='word_1_47' title='bbox 1330 935 1408 1001; x_wconf 74' lang='grc' dir='ltr'>τῷ</span> <span class='ocrx_word' id='word_1_48' title='bbox 1447 926 1588 1000; x_wconf 68' lang='grc' dir='ltr'><strong>ἀϐόᾷ</strong></span> <span class='ocrx_word' id='word_1_49' title='bbox 1634 933 1732 998; x_wconf 71' lang='grc' dir='ltr'><strong>τῆς</strong></span> <span class='ocrx_word' id='word_1_50' title='bbox 1785 928 1922 990; x_wconf 79' lang='grc' dir='ltr'>ἰδίας</span> 
     </span>
    </p>
   </div>
   <div class='ocr_carea' id='block_1_10' title="bbox 257 1019 1916 1096">
    <p class='ocr_par' dir='ltr' id='par_1_10' title="bbox 257 1019 1916 1096">
     <span class='ocr_line' id='line_1_10' title="bbox 257 1019 1916 1096; baseline -0.001 -23"><span class='ocrx_word' id='word_1_51' title='bbox 257 1019 538 1095; x_wconf 72' lang='grc' dir='ltr'>ῥᾳθυμιας</span> <span class='ocrx_word' id='word_1_52' title='bbox 588 1019 649 1072; x_wconf 77' lang='grc' dir='ltr'>τὸ</span> <span class='ocrx_word' id='word_1_53' title='bbox 702 1024 969 1090; x_wconf 73' lang='grc' dir='ltr'>πταῖσμα,</span> <span class='ocrx_word' id='word_1_54' title='bbox 1019 1019 1109 1072; x_wconf 78' lang='grc' dir='ltr'><strong>καὶ</strong></span> <span class='ocrx_word' id='word_1_55' title='bbox 1169 1019 1310 1072; x_wconf 63' lang='grc' dir='ltr'>οὕτω</span> <span class='ocrx_word' id='word_1_56' title='bbox 1373 1021 1507 1090; x_wconf 82' lang='grc' dir='ltr'><strong>μετά</strong></span> <span class='ocrx_word' id='word_1_57' title='bbox 1561 1039 1916 1096; x_wconf 70' lang='grc' dir='ltr'>ταπεινοφρο-</span> 
     </span>
    </p>
   </div>
   <div class='ocr_carea' id='block_1_11' title="bbox 254 1102 1921 1182">
    <p class='ocr_par' dir='ltr' id='par_1_11' title="bbox 254 1102 1921 1182">
     <span class='ocr_line' id='line_1_11' title="bbox 254 1102 1921 1182; baseline 0 -21"><span class='ocrx_word' id='word_1_58' title='bbox 254 1108 435 1178; x_wconf 70' lang='grc' dir='ltr'>σῦνης</span> <span class='ocrx_word' id='word_1_59' title='bbox 499 1111 776 1179; x_wconf 75' lang='grc' dir='ltr'><strong>μετανοῶν</strong></span> <span class='ocrx_word' id='word_1_60' title='bbox 853 1102 1120 1180; x_wconf 64' lang='grc' dir='ltr'>λαμϐάνει</span> <span class='ocrx_word' id='word_1_61' title='bbox 1182 1108 1557 1182; x_wconf 80' lang='grc' dir='ltr'>συγχώρησιν.</span> <span class='ocrx_word' id='word_1_62' title='bbox 1617 1109 1805 1169; x_wconf 79' lang='grc' dir='ltr'>’Ὁστις</span> <span class='ocrx_word' id='word_1_63' title='bbox 1866 1104 1921 1161; x_wconf 74' lang='grc' dir='ltr'>δὲ</span> 
     </span>
    </p>
   </div>
   <div class='ocr_carea' id='block_1_12' title="bbox 251 1194 1922 1271">
    <p class='ocr_par' dir='ltr' id='par_1_12' title="bbox 251 1194 1922 1271">
     <span class='ocr_line' id='line_1_12' title="bbox 251 1194 1922 1271; baseline 0.001 -21"><span class='ocrx_word' id='word_1_64' title='bbox 251 1196 402 1270; x_wconf 82' lang='grc' dir='ltr'>πρός</span> <span class='ocrx_word' id='word_1_65' title='bbox 453 1218 502 1250; x_wconf 88' lang='grc' dir='ltr'><strong>τι</strong></span> <span class='ocrx_word' id='word_1_66' title='bbox 564 1194 720 1269; x_wconf 79' lang='grc' dir='ltr'>ἔργον</span> <span class='ocrx_word' id='word_1_67' title='bbox 774 1194 1158 1268; x_wconf 75' lang='grc' dir='ltr'><strong>μετακληθεὶς,</strong></span> <span class='ocrx_word' id='word_1_68' title='bbox 1207 1198 1240 1264; x_wconf 79' lang='grc' dir='ltr'>ἢ</span> <span class='ocrx_word' id='word_1_69' title='bbox 1288 1198 1421 1271; x_wconf 83' lang='grc' dir='ltr'>πρὸς</span> <span class='ocrx_word' id='word_1_70' title='bbox 1472 1197 1702 1266; x_wconf 69' lang='grc' dir='ltr'>σύναξιν,</span> <span class='ocrx_word' id='word_1_71' title='bbox 1759 1215 1922 1251; x_wconf 86' lang='grc' dir='ltr'>κατα-</span> 
     </span>
    </p>
   </div>
   <div class='ocr_carea' id='block_1_13' title="bbox 250 1282 1922 1363">
    <p class='ocr_par' dir='ltr' id='par_1_13' title="bbox 250 1282 1922 1363">
     <span class='ocr_line' id='line_1_13' title="bbox 250 1282 1922 1363; baseline -0.001 -24"><span class='ocrx_word' id='word_1_72' title='bbox 250 1288 544 1363; x_wconf 73' lang='grc' dir='ltr'>φρονήσας</span> <span class='ocrx_word' id='word_1_73' title='bbox 599 1282 924 1360; x_wconf 69' lang='grc' dir='ltr'>βραδύτερον</span> <span class='ocrx_word' id='word_1_74' title='bbox 984 1286 1286 1360; x_wconf 75' lang='grc' dir='ltr'><strong>ἀπαντήσῃ,</strong></span> <span class='ocrx_word' id='word_1_75' title='bbox 1347 1287 1379 1354; x_wconf 78' lang='grc' dir='ltr'>ἦ</span> <span class='ocrx_word' id='word_1_76' title='bbox 1438 1285 1829 1360; x_wconf 87' lang='grc' dir='ltr'>σκληρότερον,</span> <span class='ocrx_word' id='word_1_77' title='bbox 1889 1287 1922 1354; x_wconf 83' lang='grc' dir='ltr'>ἣ</span> 
     </span>
    </p>
   </div>
   <div class='ocr_carea' id='block_1_14' title="bbox 247 1372 1918 1449">
    <p class='ocr_par' dir='ltr' id='par_1_14' title="bbox 247 1372 1918 1449">
     <span class='ocr_line' id='line_1_14' title="bbox 247 1372 1918 1449; baseline 0 -21"><span class='ocrx_word' id='word_1_78' title='bbox 247 1376 691 1449; x_wconf 65' lang='grc' dir='ltr'><strong>προπετέστερον</strong></span> <span class='ocrx_word' id='word_1_79' title='bbox 745 1373 1039 1448; x_wconf 74' lang='grc' dir='ltr'><strong>ἀποκριθῇ,</strong></span> <span class='ocrx_word' id='word_1_80' title='bbox 1088 1375 1122 1442; x_wconf 77' lang='grc' dir='ltr'>ἦ</span> <span class='ocrx_word' id='word_1_81' title='bbox 1168 1372 1552 1448; x_wconf 80' lang='grc' dir='ltr'>ἀμελέστερον,</span> <span class='ocrx_word' id='word_1_82' title='bbox 1607 1376 1640 1443; x_wconf 76' lang='grc' dir='ltr'><strong>ἢ</strong></span> <span class='ocrx_word' id='word_1_83' title='bbox 1683 1375 1918 1449; x_wconf 84' lang='grc' dir='ltr'>ὑπογογ-</span> 
     </span>
    </p>
   </div>
   <div class='ocr_carea' id='block_1_15' title="bbox 249 1461 1920 1537">
    <p class='ocr_par' dir='ltr' id='par_1_15' title="bbox 249 1461 1920 1537">
     <span class='ocr_line' id='line_1_15' title="bbox 249 1461 1920 1537; baseline -0.002 -21"><span class='ocrx_word' id='word_1_84' title='bbox 249 1461 450 1536; x_wconf 70' lang='grc' dir='ltr'>γ-Ξζων</span> <span class='ocrx_word' id='word_1_85' title='bbox 502 1463 565 1517; x_wconf 86' lang='grc' dir='ltr'>τὸ</span> <span class='ocrx_word' id='word_1_86' title='bbox 612 1464 950 1537; x_wconf 74' lang='grc' dir='ltr'>προσταχθέν</span> <span class='ocrx_word' id='word_1_87' title='bbox 999 1464 1229 1537; x_wconf 81' lang='grc' dir='ltr'>ποιήσῃ,</span> <span class='ocrx_word' id='word_1_88' title='bbox 1280 1465 1438 1532; x_wconf 75' lang='grc' dir='ltr'>ἣτην</span> <span class='ocrx_word' id='word_1_89' title='bbox 1473 1463 1766 1537; x_wconf 76' lang='grc' dir='ltr'><strong>ἀνάγνωσιν</strong></span> <span class='ocrx_word' id='word_1_90' title='bbox 1823 1469 1920 1517; x_wconf 81' lang='grc' dir='ltr'>τοῦ</span> 
     </span>
    </p>
   </div>
   <div class='ocr_carea' id='block_1_16' title="bbox 249 1550 1922 1627">
    <p class='ocr_par' dir='ltr' id='par_1_16' title="bbox 249 1550 1922 1627">
     <span class='ocr_line' id='line_1_16' title="bbox 249 1550 1922 1627; baseline -0.007 -9"><span class='ocrx_word' id='word_1_91' title='bbox 249 1550 428 1627; x_wconf 68' lang='grc' dir='ltr'>ἔργον)</span> <span class='ocrx_word' id='word_1_92' title='bbox 477 1551 565 1605; x_wconf 71' lang='grc' dir='ltr'><strong>καὶ</strong></span> <span class='ocrx_word' id='word_1_93' title='bbox 595 1554 691 1619; x_wconf 62' lang='grc' dir='ltr'>τῆς</span> <span class='ocrx_word' id='word_1_94' title='bbox 725 1551 966 1620; x_wconf 72' lang='grc' dir='ltr'>ὑπακοῆς</span> <span class='ocrx_word' id='word_1_95' title='bbox 1017 1554 1381 1624; x_wconf 70' lang='grc' dir='ltr'>προτιμήσας,</span> <span class='ocrx_word' id='word_1_96' title='bbox 1415 1555 1481 1606; x_wconf 74' lang='grc' dir='ltr'><strong>τά</strong></span> <span class='ocrx_word' id='word_1_97' title='bbox 1511 1553 1922 1627; x_wconf 68' lang='grc' dir='ltr'><strong>προσταχθέντα</strong></span> 
     </span>
    </p>
   </div>
   <div class='ocr_carea' id='block_1_17' title="bbox 251 1636 1920 1715">
    <p class='ocr_par' dir='ltr' id='par_1_17' title="bbox 251 1636 1920 1715">
     <span class='ocr_line' id='line_1_17' title="bbox 251 1636 1920 1715; baseline 0.001 -21"><span class='ocrx_word' id='word_1_98' title='bbox 251 1640 415 1711; x_wconf 73' lang='grc' dir='ltr'>αὐτῷ</span> <span class='ocrx_word' id='word_1_99' title='bbox 477 1636 604 1715; x_wconf 81' lang='grc' dir='ltr'>ἔργα</span> <span class='ocrx_word' id='word_1_100' title='bbox 675 1637 998 1715; x_wconf 71' lang='grc' dir='ltr'>βραδύτερον</span> <span class='ocrx_word' id='word_1_101' title='bbox 1072 1639 1346 1713; x_wconf 84' lang='grc' dir='ltr'>ἐκτελέσῃ,</span> <span class='ocrx_word' id='word_1_102' title='bbox 1397 1643 1430 1710; x_wconf 81' lang='grc' dir='ltr'>ἦ</span> <span class='ocrx_word' id='word_1_103' title='bbox 1478 1639 1773 1702; x_wconf 75' lang='grc' dir='ltr'>ἀπολυθεὶς</span> <span class='ocrx_word' id='word_1_104' title='bbox 1819 1648 1920 1710; x_wconf 85' lang='grc' dir='ltr'><strong>τῆς</strong></span> 
     </span>
    </p>
   </div>
   <div class='ocr_carea' id='block_1_18' title="bbox 245 1727 1918 1804">
    <p class='ocr_par' dir='ltr' id='par_1_18' title="bbox 245 1727 1918 1804">
     <span class='ocr_line' id='line_1_18' title="bbox 245 1727 1918 1804; baseline 0.001 -21"><span class='ocrx_word' id='word_1_105' title='bbox 245 1729 527 1798; x_wconf 78' lang='grc' dir='ltr'>συνάξεως</span> <span class='ocrx_word' id='word_1_106' title='bbox 563 1730 637 1801; x_wconf 76' lang='grc' dir='ltr'>μὴ</span> <span class='ocrx_word' id='word_1_107' title='bbox 670 1729 884 1804; x_wconf 74' lang='grc' dir='ltr'>ταχέως</span> <span class='ocrx_word' id='word_1_108' title='bbox 915 1730 1052 1803; x_wconf 83' lang='grc' dir='ltr'>πρὸς</span> <span class='ocrx_word' id='word_1_109' title='bbox 1086 1731 1148 1784; x_wconf 86' lang='grc' dir='ltr'>τὸ</span> <span class='ocrx_word' id='word_1_110' title='bbox 1193 1727 1348 1804; x_wconf 83' lang='grc' dir='ltr'>ἔργον</span> <span class='ocrx_word' id='word_1_111' title='bbox 1400 1730 1565 1784; x_wconf 75' lang='grc' dir='ltr'>αὐτοῦ</span> <span class='ocrx_word' id='word_1_112' title='bbox 1618 1727 1918 1804; x_wconf 68' lang='grc' dir='ltr'>ἀναδράμῃ,</span> 
     </span>
    </p>
   </div>
   <div class='ocr_carea' id='block_1_19' title="bbox 245 1816 1921 1893">
    <p class='ocr_par' dir='ltr' id='par_1_19' title="bbox 245 1816 1921 1893">
     <span class='ocr_line' id='line_1_19' title="bbox 245 1816 1921 1893; baseline 0 -23"><span class='ocrx_word' id='word_1_113' title='bbox 245 1819 283 1886; x_wconf 78' lang='grc' dir='ltr'>ἣ</span> <span class='ocrx_word' id='word_1_114' title='bbox 325 1818 472 1889; x_wconf 82' lang='grc' dir='ltr'>μετά</span> <span class='ocrx_word' id='word_1_115' title='bbox 501 1838 654 1878; x_wconf 90' lang='grc' dir='ltr'>τινος</span> <span class='ocrx_word' id='word_1_116' title='bbox 687 1816 840 1878; x_wconf 75' lang='grc' dir='ltr'>ἐκτὸς</span> <span class='ocrx_word' id='word_1_117' title='bbox 870 1817 1158 1891; x_wconf 76' lang='grc' dir='ltr'><strong>ἀναγκαίας</strong></span> <span class='ocrx_word' id='word_1_118' title='bbox 1192 1818 1381 1893; x_wconf 76' lang='grc' dir='ltr'>χρείας</span> <span class='ocrx_word' id='word_1_119' title='bbox 1434 1816 1698 1891; x_wconf 80' lang='grc' dir='ltr'>ὁμιλήσῃ,</span> <span class='ocrx_word' id='word_1_120' title='bbox 1747 1819 1780 1886; x_wconf 76' lang='grc' dir='ltr'>ἦ</span> <span class='ocrx_word' id='word_1_121' title='bbox 1832 1816 1921 1871; x_wconf 75' lang='grc' dir='ltr'><strong>ἅλ-</strong></span> 
     </span>
    </p>
   </div>
   <div class='ocr_carea' id='block_1_20' title="bbox 2034 666 3677 740">
    <p class='ocr_par' dir='ltr' id='par_1_20' title="bbox 2034 666 3677 740">
     <span class='ocr_line' id='line_1_20' title="bbox 2034 666 3677 740; baseline 0.004 -20"><span class='ocrx_word' id='word_1_122' title='bbox 2034 666 2156 720; x_wconf 89' lang='lat' dir='ltr'><strong>tius</strong></span> <span class='ocrx_word' id='word_1_123' title='bbox 2189 671 2244 721; x_wconf 91' lang='lat' dir='ltr'><strong>et</strong></span> <span class='ocrx_word' id='word_1_124' title='bbox 2279 667 2617 728; x_wconf 85' lang='lat' dir='ltr'><strong>ministrum</strong></span> <span class='ocrx_word' id='word_1_125' title='bbox 2651 667 2894 722; x_wconf 78' lang='lat' dir='ltr'><strong>fratrum</strong></span> <span class='ocrx_word' id='word_1_126' title='bbox 2959 683 3086 722; x_wconf 86' lang='lat' dir='ltr'><strong>esse</strong></span> <span class='ocrx_word' id='word_1_127' title='bbox 3130 669 3466 735; x_wconf 81' lang='lat' dir='ltr'><strong>arbitretur,</strong></span> <span class='ocrx_word' id='word_1_128' title='bbox 3501 687 3677 740; x_wconf 87' lang='lat' dir='ltr'><strong>quam</strong></span> 
     </span>
    </p>
   </div>
   <div class='ocr_carea' id='block_1_21' title="bbox 2035 754 3678 829">
    <p class='ocr_par' dir='ltr' id='par_1_21' title="bbox 2035 754 3678 829">
     <span class='ocr_line' id='line_1_21' title="bbox 2035 754 3678 829; baseline 0.005 -21"><span class='ocrx_word' id='word_1_129' title='bbox 2035 754 2474 811; x_wconf 68' lang='lat' dir='ltr'><strong>ulliusterrenaa</strong></span> <span class='ocrx_word' id='word_1_130' title='bbox 2509 757 2584 811; x_wconf 91' lang='lat' dir='ltr'><strong>rei</strong></span> <span class='ocrx_word' id='word_1_131' title='bbox 2620 757 2944 811; x_wconf 89' lang='lat' dir='ltr'><strong>dominum.</strong></span> <span class='ocrx_word' id='word_1_132' title='bbox 2981 758 3089 826; x_wconf 83' lang='grc'>(55)</span> <span class='ocrx_word' id='word_1_133' title='bbox 3113 758 3270 822; x_wconf 87' lang='lat' dir='ltr'><strong>Quod</strong></span> <span class='ocrx_word' id='word_1_134' title='bbox 3307 759 3354 813; x_wconf 85' lang='lat' dir='ltr'><strong>si</strong></span> <span class='ocrx_word' id='word_1_135' title='bbox 3391 759 3524 829; x_wconf 86' lang='lat' dir='ltr'><strong>quis</strong></span> <span class='ocrx_word' id='word_1_136' title='bbox 3576 776 3678 816; x_wconf 88' lang='lat' dir='ltr'><strong>vas</strong></span> 
     </span>
    </p>
   </div>
   <div class='ocr_carea' id='block_1_22' title="bbox 2033 842 3676 917">
    <p class='ocr_par' dir='ltr' id='par_1_22' title="bbox 2033 842 3676 917">
     <span class='ocr_line' id='line_1_22' title="bbox 2033 842 3676 917; baseline 0.003 -21"><span class='ocrx_word' id='word_1_137' title='bbox 2033 842 2337 914; x_wconf 82' lang='lat' dir='ltr'><strong>quodlibet</strong></span> <span class='ocrx_word' id='word_1_138' title='bbox 2371 845 2602 914; x_wconf 75' lang='lat' dir='ltr'><strong>fregerit</strong></span> <span class='ocrx_word' id='word_1_139' title='bbox 2631 849 2730 898; x_wconf 87' lang='lat' dir='ltr'><strong>aut</strong></span> <span class='ocrx_word' id='word_1_140' title='bbox 2781 844 3117 916; x_wconf 83' lang='lat' dir='ltr'><strong>perdiderit,</strong></span> <span class='ocrx_word' id='word_1_141' title='bbox 3152 847 3517 917; x_wconf 67' lang='lat' dir='ltr'><strong>negligentiae</strong></span> <span class='ocrx_word' id='word_1_142' title='bbox 3558 865 3676 901; x_wconf 68' lang='lat' dir='ltr'><strong>sua)</strong></span> 
     </span>
    </p>
   </div>
   <div class='ocr_carea' id='block_1_23' title="bbox 2033 932 3674 1008">
    <p class='ocr_par' dir='ltr' id='par_1_23' title="bbox 2033 932 3674 1008">
     <span class='ocr_line' id='line_1_23' title="bbox 2033 932 3674 1008; baseline 0.003 -22"><span class='ocrx_word' id='word_1_143' title='bbox 2033 949 2232 986; x_wconf 89' lang='lat' dir='ltr'><strong>casum</strong></span> <span class='ocrx_word' id='word_1_144' title='bbox 2262 932 2455 987; x_wconf 83' lang='lat' dir='ltr'><strong>abbati</strong></span> <span class='ocrx_word' id='word_1_145' title='bbox 2489 934 2819 997; x_wconf 82' lang='lat' dir='ltr'><strong>conﬁtetur,</strong></span> <span class='ocrx_word' id='word_1_146' title='bbox 2844 939 2901 987; x_wconf 91' lang='lat' dir='ltr'><strong>et</strong></span> <span class='ocrx_word' id='word_1_147' title='bbox 2934 934 3013 987; x_wconf 88' lang='lat' dir='ltr'><strong>ita</strong></span> <span class='ocrx_word' id='word_1_148' title='bbox 3044 951 3173 988; x_wconf 91' lang='lat' dir='ltr'><strong>cum</strong></span> <span class='ocrx_word' id='word_1_149' title='bbox 3202 935 3534 991; x_wconf 80' lang='lat' dir='ltr'><strong>humilitate</strong></span> <span class='ocrx_word' id='word_1_150' title='bbox 3557 954 3674 1008; x_wconf 72' lang='grc' dir='ltr'>ρω-</span> 
     </span>
    </p>
   </div>
   <div class='ocr_carea' id='block_1_24' title="bbox 2034 1020 3676 1095">
    <p class='ocr_par' dir='ltr' id='par_1_24' title="bbox 2034 1020 3676 1095">
     <span class='ocr_line' id='line_1_24' title="bbox 2034 1020 3676 1095; baseline 0.004 -21"><span class='ocrx_word' id='word_1_151' title='bbox 2034 1020 2311 1086; x_wconf 77' lang='lat' dir='ltr'><strong>nitentiae,</strong></span> <span class='ocrx_word' id='word_1_152' title='bbox 2343 1021 2569 1075; x_wconf 84' lang='lat' dir='ltr'><strong>veniam</strong></span> <span class='ocrx_word' id='word_1_153' title='bbox 2626 1021 2856 1092; x_wconf 90' lang='lat' dir='ltr'><strong>accipit.</strong></span> <span class='ocrx_word' id='word_1_154' title='bbox 2887 1023 2943 1076; x_wconf 90' lang='lat' dir='ltr'><strong>Si</strong></span> <span class='ocrx_word' id='word_1_155' title='bbox 3003 1023 3134 1093; x_wconf 90' lang='lat' dir='ltr'><strong>quis</strong></span> <span class='ocrx_word' id='word_1_156' title='bbox 3181 1030 3374 1078; x_wconf 89' lang='lat' dir='ltr'><strong>autem</strong></span> <span class='ocrx_word' id='word_1_157' title='bbox 3422 1025 3491 1079; x_wconf 90' lang='lat' dir='ltr'><strong>ad</strong></span> <span class='ocrx_word' id='word_1_158' title='bbox 3527 1041 3676 1095; x_wconf 90' lang='lat' dir='ltr'><strong>opus</strong></span> 
     </span>
    </p>
   </div>
   <div class='ocr_carea' id='block_1_25' title="bbox 2033 1109 3673 1184">
    <p class='ocr_par' dir='ltr' id='par_1_25' title="bbox 2033 1109 3673 1184">
     <span class='ocr_line' id='line_1_25' title="bbox 2033 1109 3673 1184; baseline 0.003 -21"><span class='ocrx_word' id='word_1_159' title='bbox 2033 1109 2334 1180; x_wconf 88' lang='lat' dir='ltr'><strong>quodlibet</strong></span> <span class='ocrx_word' id='word_1_160' title='bbox 2365 1115 2626 1175; x_wconf 87' lang='lat' dir='ltr'><strong>vocatus,</strong></span> <span class='ocrx_word' id='word_1_161' title='bbox 2661 1117 2761 1165; x_wconf 88' lang='lat' dir='ltr'><strong>aut</strong></span> <span class='ocrx_word' id='word_1_162' title='bbox 2791 1111 2860 1164; x_wconf 89' lang='lat' dir='ltr'><strong>ad</strong></span> <span class='ocrx_word' id='word_1_163' title='bbox 2895 1111 3306 1182; x_wconf 74' lang='lat' dir='ltr'><strong>synaxim,praa</strong></span> <span class='ocrx_word' id='word_1_164' title='bbox 3338 1117 3673 1184; x_wconf 89' lang='lat' dir='ltr'><strong>contemptu</strong></span> 
     </span>
    </p>
   </div>
   <div class='ocr_carea' id='block_1_26' title="bbox 2031 1198 3679 1273">
    <p class='ocr_par' dir='ltr' id='par_1_26' title="bbox 2031 1198 3679 1273">
     <span class='ocr_line' id='line_1_26' title="bbox 2031 1198 3679 1273; baseline 0.003 -21"><span class='ocrx_word' id='word_1_165' title='bbox 2031 1199 2258 1254; x_wconf 80' lang='lat' dir='ltr'><strong>tardius</strong></span> <span class='ocrx_word' id='word_1_166' title='bbox 2276 1203 2570 1264; x_wconf 89' lang='lat' dir='ltr'><strong>occurrat,</strong></span> <span class='ocrx_word' id='word_1_167' title='bbox 2589 1203 2689 1253; x_wconf 90' lang='lat' dir='ltr'><strong>aut</strong></span> <span class='ocrx_word' id='word_1_168' title='bbox 2706 1198 2912 1254; x_wconf 90' lang='lat' dir='ltr'><strong>durius</strong></span> <span class='ocrx_word' id='word_1_169' title='bbox 2936 1199 3415 1271; x_wconf 85' lang='lat' dir='ltr'><strong>petulantiusque</strong></span> <span class='ocrx_word' id='word_1_170' title='bbox 3444 1218 3679 1273; x_wconf 87' lang='lat' dir='ltr'><strong>respon-</strong></span> 
     </span>
    </p>
   </div>
   <div class='ocr_carea' id='block_1_27' title="bbox 2032 1287 3677 1359">
    <p class='ocr_par' dir='ltr' id='par_1_27' title="bbox 2032 1287 3677 1359">
     <span class='ocr_line' id='line_1_27' title="bbox 2032 1287 3677 1359; baseline 0.003 -19"><span class='ocrx_word' id='word_1_171' title='bbox 2032 1287 2215 1341; x_wconf 89' lang='lat' dir='ltr'><strong>derit:</strong></span> <span class='ocrx_word' id='word_1_172' title='bbox 2252 1287 2334 1341; x_wconf 83' lang='lat' dir='ltr'><strong>vel</strong></span> <span class='ocrx_word' id='word_1_173' title='bbox 2371 1287 2418 1342; x_wconf 89' lang='lat' dir='ltr'><strong>si</strong></span> <span class='ocrx_word' id='word_1_174' title='bbox 2455 1287 2849 1358; x_wconf 82' lang='lat' dir='ltr'><strong>negligentius</strong></span> <span class='ocrx_word' id='word_1_175' title='bbox 2880 1293 3141 1342; x_wconf 87' lang='lat' dir='ltr'><strong>autcum</strong></span> <span class='ocrx_word' id='word_1_176' title='bbox 3196 1305 3518 1356; x_wconf 77' lang='lat' dir='ltr'><strong>murmure,</strong></span> <span class='ocrx_word' id='word_1_177' title='bbox 3547 1292 3677 1359; x_wconf 87' lang='lat' dir='ltr'><strong>jus-</strong></span> 
     </span>
    </p>
   </div>
   <div class='ocr_carea' id='block_1_28' title="bbox 2032 1375 3677 1448">
    <p class='ocr_par' dir='ltr' id='par_1_28' title="bbox 2032 1375 3677 1448">
     <span class='ocr_line' id='line_1_28' title="bbox 2032 1375 3677 1448; baseline 0.002 -20"><span class='ocrx_word' id='word_1_178' title='bbox 2032 1392 2155 1429; x_wconf 87' lang='lat' dir='ltr'><strong>sam</strong></span> <span class='ocrx_word' id='word_1_179' title='bbox 2195 1393 2312 1430; x_wconf 90' lang='lat' dir='ltr'><strong>rem</strong></span> <span class='ocrx_word' id='word_1_180' title='bbox 2347 1375 2756 1447; x_wconf 77' lang='lat' dir='ltr'><strong>compleverit;</strong></span> <span class='ocrx_word' id='word_1_181' title='bbox 2792 1382 2891 1430; x_wconf 84' lang='lat' dir='ltr'><strong>aut</strong></span> <span class='ocrx_word' id='word_1_182' title='bbox 2923 1376 2971 1430; x_wconf 88' lang='lat' dir='ltr'><strong>si</strong></span> <span class='ocrx_word' id='word_1_183' title='bbox 3004 1377 3310 1431; x_wconf 86' lang='lat' dir='ltr'><strong>lectionem</strong></span> <span class='ocrx_word' id='word_1_184' title='bbox 3345 1377 3502 1448; x_wconf 86' lang='lat' dir='ltr'><strong>Operi</strong></span> <span class='ocrx_word' id='word_1_185' title='bbox 3552 1395 3677 1432; x_wconf 89' lang='lat' dir='ltr'><strong>ma-</strong></span> 
     </span>
    </p>
   </div>
   <div class='ocr_carea' id='block_1_29' title="bbox 2033 1465 3678 1538">
    <p class='ocr_par' dir='ltr' id='par_1_29' title="bbox 2033 1465 3678 1538">
     <span class='ocr_line' id='line_1_29' title="bbox 2033 1465 3678 1538; baseline 0.003 -20"><span class='ocrx_word' id='word_1_186' title='bbox 2033 1481 2216 1518; x_wconf 89' lang='lat' dir='ltr'><strong>nuum</strong></span> <span class='ocrx_word' id='word_1_187' title='bbox 2251 1470 2307 1519; x_wconf 91' lang='lat' dir='ltr'><strong>et</strong></span> <span class='ocrx_word' id='word_1_188' title='bbox 2334 1465 2679 1519; x_wconf 68' lang='lat' dir='ltr'><strong>obedientize</strong></span> <span class='ocrx_word' id='word_1_189' title='bbox 2713 1472 3096 1536; x_wconf 83' lang='lat' dir='ltr'><strong>anteponens,</strong></span> <span class='ocrx_word' id='word_1_190' title='bbox 3121 1466 3294 1534; x_wconf 83' lang='lat' dir='ltr'><strong>jussa</strong></span> <span class='ocrx_word' id='word_1_191' title='bbox 3342 1465 3452 1521; x_wconf 86' lang='lat' dir='ltr'><strong>sibi</strong></span> <span class='ocrx_word' id='word_1_192' title='bbox 3503 1483 3678 1538; x_wconf 83' lang='lat' dir='ltr'><strong>opera</strong></span> 
     </span>
    </p>
   </div>
   <div class='ocr_carea' id='block_1_30' title="bbox 2033 1552 3673 1625">
    <p class='ocr_par' dir='ltr' id='par_1_30' title="bbox 2033 1552 3673 1625">
     <span class='ocr_line' id='line_1_30' title="bbox 2033 1552 3673 1625; baseline 0.001 -17"><span class='ocrx_word' id='word_1_193' title='bbox 2033 1553 2263 1609; x_wconf 85' lang='lat' dir='ltr'><strong>tardius</strong></span> <span class='ocrx_word' id='word_1_194' title='bbox 2295 1552 2690 1625; x_wconf 83' lang='lat' dir='ltr'><strong>compleverit,</strong></span> <span class='ocrx_word' id='word_1_195' title='bbox 2719 1559 2820 1608; x_wconf 90' lang='lat' dir='ltr'><strong>aut</strong></span> <span class='ocrx_word' id='word_1_196' title='bbox 2851 1572 2882 1609; x_wconf 90' lang='lat' dir='ltr'><strong>a</strong></span> <span class='ocrx_word' id='word_1_197' title='bbox 2911 1560 3199 1609; x_wconf 90' lang='lat' dir='ltr'><strong>conventu</strong></span> <span class='ocrx_word' id='word_1_198' title='bbox 3231 1555 3535 1618; x_wconf 87' lang='lat' dir='ltr'><strong>dimissus.</strong></span> <span class='ocrx_word' id='word_1_199' title='bbox 3556 1572 3673 1610; x_wconf 88' lang='lat' dir='ltr'><strong>non</strong></span> 
     </span>
    </p>
   </div>
   <div class='ocr_carea' id='block_1_31' title="bbox 2033 1642 3672 1716">
    <p class='ocr_par' dir='ltr' id='par_1_31' title="bbox 2033 1642 3672 1716">
     <span class='ocr_line' id='line_1_31' title="bbox 2033 1642 3672 1716; baseline 0.001 -19"><span class='ocrx_word' id='word_1_200' title='bbox 2033 1642 2145 1697; x_wconf 89' lang='lat' dir='ltr'><strong>cito</strong></span> <span class='ocrx_word' id='word_1_201' title='bbox 2177 1644 2248 1698; x_wconf 91' lang='lat' dir='ltr'><strong>ad</strong></span> <span class='ocrx_word' id='word_1_202' title='bbox 2283 1659 2433 1714; x_wconf 90' lang='lat' dir='ltr'><strong>opus</strong></span> <span class='ocrx_word' id='word_1_203' title='bbox 2463 1660 2634 1698; x_wconf 91' lang='lat' dir='ltr'><strong>suum</strong></span> <span class='ocrx_word' id='word_1_204' title='bbox 2672 1644 3026 1710; x_wconf 88' lang='lat' dir='ltr'><strong>accurrerit;</strong></span> <span class='ocrx_word' id='word_1_205' title='bbox 3058 1647 3158 1698; x_wconf 91' lang='lat' dir='ltr'><strong>aut</strong></span> <span class='ocrx_word' id='word_1_206' title='bbox 3215 1661 3349 1698; x_wconf 92' lang='lat' dir='ltr'><strong>cum</strong></span> <span class='ocrx_word' id='word_1_207' title='bbox 3395 1644 3672 1716; x_wconf 88' lang='lat' dir='ltr'><strong>quopiam</strong></span> 
     </span>
    </p>
   </div>
   <div class='ocr_carea' id='block_1_32' title="bbox 2033 1731 3673 1802">
    <p class='ocr_par' dir='ltr' id='par_1_32' title="bbox 2033 1731 3673 1802">
     <span class='ocr_line' id='line_1_32' title="bbox 2033 1731 3673 1802; baseline 0.001 -16"><span class='ocrx_word' id='word_1_208' title='bbox 2033 1731 2254 1802; x_wconf 85' lang='lat' dir='ltr'><strong>absque</strong></span> <span class='ocrx_word' id='word_1_209' title='bbox 2286 1732 2635 1786; x_wconf 78' lang='lat' dir='ltr'><strong>necessitate</strong></span> <span class='ocrx_word' id='word_1_210' title='bbox 2667 1731 3078 1787; x_wconf 79' lang='lat' dir='ltr'><strong>confabulatus</strong></span> <span class='ocrx_word' id='word_1_211' title='bbox 3132 1733 3340 1799; x_wconf 83' lang='lat' dir='ltr'><strong>fuerit;</strong></span> <span class='ocrx_word' id='word_1_212' title='bbox 3386 1739 3486 1788; x_wconf 93' lang='lat' dir='ltr'><strong>aut</strong></span> <span class='ocrx_word' id='word_1_213' title='bbox 3539 1750 3673 1788; x_wconf 90' lang='lat' dir='ltr'><strong>cum</strong></span> 
     </span>
    </p>
   </div>
   <div class='ocr_carea' id='block_1_33' title="bbox 2034 1819 3673 1884">
    <p class='ocr_par' dir='ltr' id='par_1_33' title="bbox 2034 1819 3673 1884">
     <span class='ocr_line' id='line_1_33' title="bbox 2034 1819 3673 1884; baseline 0.002 -10"><span class='ocrx_word' id='word_1_214' title='bbox 2034 1819 2385 1874; x_wconf 80' lang='lat' dir='ltr'><strong>conﬁdentia</strong></span> <span class='ocrx_word' id='word_1_215' title='bbox 2416 1837 2656 1874; x_wconf 90' lang='lat' dir='ltr'><strong>manum</strong></span> <span class='ocrx_word' id='word_1_216' title='bbox 2692 1820 2934 1875; x_wconf 86' lang='lat' dir='ltr'><strong>alterius</strong></span> <span class='ocrx_word' id='word_1_217' title='bbox 2955 1821 3398 1876; x_wconf 87' lang='lat' dir='ltr'><strong>contrectaverit</strong></span> <span class='ocrx_word' id='word_1_218' title='bbox 3421 1842 3435 1884; x_wconf 72' lang='grc' dir='ltr'><strong>ς</strong></span> <span class='ocrx_word' id='word_1_219' title='bbox 3457 1826 3558 1876; x_wconf 90' lang='lat' dir='ltr'><strong>aut</strong></span> <span class='ocrx_word' id='word_1_220' title='bbox 3578 1839 3673 1878; x_wconf 88' lang='lat' dir='ltr'><strong>co-</strong></span> 
     </span>
    </p>
   </div>
   <div class='ocr_carea' id='block_1_34' title="bbox 250 1905 1905 2010">
    <p class='ocr_par' dir='ltr' id='par_1_34' title="bbox 250 1905 1905 2010">
     <span class='ocr_line' id='line_1_34' title="bbox 250 1905 1905 1982; baseline 0.007 -23"><span class='ocrx_word' id='word_1_221' title='bbox 250 1905 358 1960; x_wconf 78' lang='grc' dir='ltr'><strong>λου</strong></span> <span class='ocrx_word' id='word_1_222' title='bbox 421 1906 557 1978; x_wconf 67' lang='grc' dir='ltr'>μετὰ</span> <span class='ocrx_word' id='word_1_223' title='bbox 604 1905 910 1982; x_wconf 65' lang='grc' dir='ltr'>παρρησίας</span> <span class='ocrx_word' id='word_1_224' title='bbox 957 1907 1203 1981; x_wconf 75' lang='grc' dir='ltr'>κατάσχῃ</span> <span class='ocrx_word' id='word_1_225' title='bbox 1249 1908 1346 1975; x_wconf 68' lang='grc' dir='ltr'><strong>τήν</strong></span> <span class='ocrx_word' id='word_1_226' title='bbox 1399 1912 1580 1981; x_wconf 70' lang='grc' dir='ltr'>χεῖρα,</span> <span class='ocrx_word' id='word_1_227' title='bbox 1642 1908 1675 1974; x_wconf 78' lang='grc' dir='ltr'>ἢ</span> <span class='ocrx_word' id='word_1_228' title='bbox 1733 1927 1905 1981; x_wconf 72' lang='grc' dir='ltr'>συγγε-</span> 
     </span>
     <span class='ocr_line' id='line_1_35' title="bbox 344 1993 1905 2010; baseline 0.001 -1"><span class='ocrx_word' id='word_1_229' title='bbox 344 2000 373 2009; x_wconf 84' lang='grc'><strong>-</strong></span> <span class='ocrx_word' id='word_1_230' title='bbox 619 1994 630 2010; x_wconf 84' lang='grc'><strong><em>,</em></strong></span> <span class='ocrx_word' id='word_1_231' title='bbox 891 1995 902 2010; x_wconf 80' lang='lat'><strong>.</strong></span> <span class='ocrx_word' id='word_1_232' title='bbox 1053 1998 1077 2008; x_wconf 77' lang='lat'><strong>-</strong></span> <span class='ocrx_word' id='word_1_233' title='bbox 1144 1993 1271 2010; x_wconf 58' lang='grc' dir='ltr'><strong>ης-</strong></span> <span class='ocrx_word' id='word_1_234' title='bbox 1350 1995 1362 2010; x_wconf 82' lang='lat'><strong>.</strong></span> <span class='ocrx_word' id='word_1_235' title='bbox 1441 1999 1466 2010; x_wconf 76' lang='lat'><strong>-</strong></span> <span class='ocrx_word' id='word_1_236' title='bbox 1505 1995 1516 2010; x_wconf 74' lang='grc'>,</span> <span class='ocrx_word' id='word_1_237' title='bbox 1739 2001 1763 2010; x_wconf 87' lang='grc'><strong>..</strong></span> <span class='ocrx_word' id='word_1_238' title='bbox 1902 1995 1905 2004; x_wconf 68' lang='grc' dir='ltr'><em>ς</em></span> 
     </span>
    </p>
   </div>
   <div class='ocr_carea' id='block_1_35' title="bbox 2024 1905 3673 2010">
    <p class='ocr_par' dir='ltr' id='par_1_35' title="bbox 2031 1908 3673 1981">
     <span class='ocr_line' id='line_1_36' title="bbox 2031 1908 3673 1981; baseline 0.002 -19"><span class='ocrx_word' id='word_1_239' title='bbox 2031 1913 2240 1981; x_wconf 88' lang='lat' dir='ltr'><strong>gnatos</strong></span> <span class='ocrx_word' id='word_1_240' title='bbox 2267 1908 2411 1963; x_wconf 90' lang='lat' dir='ltr'><strong>citra</strong></span> <span class='ocrx_word' id='word_1_241' title='bbox 2443 1909 2672 1963; x_wconf 87' lang='lat' dir='ltr'><strong>abbatis</strong></span> <span class='ocrx_word' id='word_1_242' title='bbox 2706 1909 3062 1980; x_wconf 85' lang='lat' dir='ltr'><strong>permissum</strong></span> <span class='ocrx_word' id='word_1_243' title='bbox 3110 1915 3166 1965; x_wconf 90' lang='lat' dir='ltr'><strong>et</strong></span> <span class='ocrx_word' id='word_1_244' title='bbox 3211 1911 3673 1966; x_wconf 88' lang='lat' dir='ltr'><strong>benedictionem</strong></span> 
     </span>
    </p>
   </div>
   <div class='ocr_carea' id='block_1_36' title="bbox 249 1993 1916 2070">
    <p class='ocr_par' dir='ltr' id='par_1_36' title="bbox 249 1993 1916 2070">
     <span class='ocr_line' id='line_1_37' title="bbox 249 1993 1916 2070; baseline 0 -22"><span class='ocrx_word' id='word_1_245' title='bbox 249 2000 423 2048; x_wconf 80' lang='grc' dir='ltr'>νειῶν</span> <span class='ocrx_word' id='word_1_246' title='bbox 476 1994 714 2070; x_wconf 61' lang='grc' dir='ltr'>συντύχῃ</span> <span class='ocrx_word' id='word_1_247' title='bbox 761 1995 936 2070; x_wconf 71' lang='grc' dir='ltr'>χωρὶς</span> <span class='ocrx_word' id='word_1_248' title='bbox 985 1998 1082 2048; x_wconf 74' lang='grc' dir='ltr'><strong>τοῦ</strong></span> <span class='ocrx_word' id='word_1_249' title='bbox 1133 1993 1278 2050; x_wconf 76' lang='grc' dir='ltr'>ἀλλά</span> <span class='ocrx_word' id='word_1_250' title='bbox 1307 1995 1470 2049; x_wconf 72' lang='grc' dir='ltr'>αὐτοῦ</span> <span class='ocrx_word' id='word_1_251' title='bbox 1501 1995 1797 2070; x_wconf 71' lang='grc' dir='ltr'>ἐπιτροπῆς</span> <span class='ocrx_word' id='word_1_252' title='bbox 1830 1995 1916 2048; x_wconf 85' lang='grc' dir='ltr'><strong>καὶ</strong></span> 
     </span>
    </p>
   </div>
   <div class='ocr_carea' id='block_1_37' title="bbox 253 2081 1918 2157">
    <p class='ocr_par' dir='ltr' id='par_1_37' title="bbox 253 2081 1918 2157">
     <span class='ocr_line' id='line_1_38' title="bbox 253 2081 1918 2157; baseline 0.001 -21"><span class='ocrx_word' id='word_1_253' title='bbox 253 2082 544 2157; x_wconf 72' lang='grc' dir='ltr'>εὐλογίας,</span> <span class='ocrx_word' id='word_1_254' title='bbox 617 2085 651 2151; x_wconf 80' lang='grc' dir='ltr'>ἦ</span> <span class='ocrx_word' id='word_1_255' title='bbox 699 2081 993 2151; x_wconf 70' lang='grc' dir='ltr'>ἐπιστολήν</span> <span class='ocrx_word' id='word_1_256' title='bbox 1047 2082 1189 2156; x_wconf 85' lang='grc' dir='ltr'>παρά</span> <span class='ocrx_word' id='word_1_257' title='bbox 1236 2105 1381 2144; x_wconf 88' lang='grc' dir='ltr'>τινος</span> <span class='ocrx_word' id='word_1_258' title='bbox 1439 2081 1674 2153; x_wconf 76' lang='grc' dir='ltr'>δέξηται,</span> <span class='ocrx_word' id='word_1_259' title='bbox 1733 2085 1766 2152; x_wconf 76' lang='grc' dir='ltr'>ἦ</span> <span class='ocrx_word' id='word_1_260' title='bbox 1811 2105 1918 2137; x_wconf 87' lang='grc' dir='ltr'>τινι</span> 
     </span>
    </p>
   </div>
   <div class='ocr_carea' id='block_1_38' title="bbox 252 2167 1914 2247">
    <p class='ocr_par' dir='ltr' id='par_1_38' title="bbox 252 2167 1914 2247">
     <span class='ocr_line' id='line_1_39' title="bbox 252 2167 1914 2247; baseline 0.001 -23"><span class='ocrx_word' id='word_1_261' title='bbox 252 2172 594 2246; x_wconf 67' lang='grc' dir='ltr'>ἀντιγράψαι</span> <span class='ocrx_word' id='word_1_262' title='bbox 666 2169 788 2226; x_wconf 75' lang='grc' dir='ltr'>ἄνευ</span> <span class='ocrx_word' id='word_1_263' title='bbox 843 2175 940 2226; x_wconf 74' lang='grc' dir='ltr'>τοῦ</span> <span class='ocrx_word' id='word_1_264' title='bbox 1008 2167 1149 2224; x_wconf 62' lang='grc' dir='ltr'>ἀδεᾶ</span> <span class='ocrx_word' id='word_1_265' title='bbox 1216 2170 1560 2247; x_wconf 72' lang='grc' dir='ltr'>ἐπιχειρήσῃ,</span> <span class='ocrx_word' id='word_1_266' title='bbox 1619 2173 1652 2240; x_wconf 81' lang='grc' dir='ltr'>ἣ</span> <span class='ocrx_word' id='word_1_267' title='bbox 1702 2193 1752 2226; x_wconf 93' lang='grc' dir='ltr'><strong>τι</strong></span> <span class='ocrx_word' id='word_1_268' title='bbox 1809 2176 1914 2226; x_wconf 78' lang='grc' dir='ltr'><strong>τῶν</strong></span> 
     </span>
    </p>
   </div>
   <div class='ocr_carea' id='block_1_39' title="bbox 248 2258 1917 2334">
    <p class='ocr_par' dir='ltr' id='par_1_39' title="bbox 248 2258 1917 2334">
     <span class='ocr_line' id='line_1_40' title="bbox 248 2258 1917 2334; baseline 0.001 -20"><span class='ocrx_word' id='word_1_269' title='bbox 248 2261 474 2330; x_wconf 83' lang='grc' dir='ltr'>ὁμοίων</span> <span class='ocrx_word' id='word_1_270' title='bbox 507 2259 720 2321; x_wconf 68' lang='grc' dir='ltr'>τοῦτοις</span> <span class='ocrx_word' id='word_1_271' title='bbox 751 2258 1156 2334; x_wconf 86' lang='grc' dir='ltr'>πλημμελήσῃ,</span> <span class='ocrx_word' id='word_1_272' title='bbox 1199 2262 1436 2333; x_wconf 73' lang='grc' dir='ltr'>τοιούτῳ</span> <span class='ocrx_word' id='word_1_273' title='bbox 1483 2259 1741 2333; x_wconf 76' lang='grc' dir='ltr'>ἐπιτιμίῳ</span> <span class='ocrx_word' id='word_1_274' title='bbox 1791 2261 1917 2315; x_wconf 81' lang='grc' dir='ltr'>ὑπο-</span> 
     </span>
    </p>
   </div>
   <div class='ocr_carea' id='block_1_40' title="bbox 247 2344 1912 2427">
    <p class='ocr_par' dir='ltr' id='par_1_40' title="bbox 247 2344 1912 2427">
     <span class='ocr_line' id='line_1_41' title="bbox 247 2344 1912 2427; baseline 0.005 -30"><span class='ocrx_word' id='word_1_275' title='bbox 247 2344 550 2403; x_wconf 67' lang='grc' dir='ltr'>ϐάλλεταιο</span> <span class='ocrx_word' id='word_1_276' title='bbox 616 2348 974 2423; x_wconf 76' lang='grc' dir='ltr'>Συνηγμένων</span> <span class='ocrx_word' id='word_1_277' title='bbox 1034 2354 1137 2403; x_wconf 77' lang='grc' dir='ltr'><strong>τῶν</strong></span> <span class='ocrx_word' id='word_1_278' title='bbox 1183 2347 1430 2427; x_wconf 63' lang='grc' dir='ltr'>ἀδελφῶν</span> <span class='ocrx_word' id='word_1_279' title='bbox 1482 2349 1532 2402; x_wconf 86' lang='grc' dir='ltr'>ἐν</span> <span class='ocrx_word' id='word_1_280' title='bbox 1577 2353 1645 2422; x_wconf 78' lang='grc' dir='ltr'>τῇ</span> <span class='ocrx_word' id='word_1_281' title='bbox 1683 2351 1912 2421; x_wconf 78' lang='grc' dir='ltr'>συνάξει,</span> 
     </span>
    </p>
   </div>
   <div class='ocr_carea' id='block_1_41' title="bbox 247 2437 1913 2513">
    <p class='ocr_par' dir='ltr' id='par_1_41' title="bbox 247 2437 1913 2513">
     <span class='ocr_line' id='line_1_42' title="bbox 247 2437 1913 2513; baseline 0.001 -22"><span class='ocrx_word' id='word_1_282' title='bbox 247 2437 423 2512; x_wconf 53' lang='grc' dir='ltr'>ῥίψας</span> <span class='ocrx_word' id='word_1_283' title='bbox 485 2439 672 2492; x_wconf 71' lang='grc' dir='ltr'>ἑαυτὸν</span> <span class='ocrx_word' id='word_1_284' title='bbox 727 2437 813 2492; x_wconf 77' lang='grc' dir='ltr'><strong>ἐπὶ</strong></span> <span class='ocrx_word' id='word_1_285' title='bbox 870 2439 969 2506; x_wconf 74' lang='grc' dir='ltr'><strong>τῆν</strong></span> <span class='ocrx_word' id='word_1_286' title='bbox 1027 2444 1153 2512; x_wconf 88' lang='grc' dir='ltr'>γῆν,</span> <span class='ocrx_word' id='word_1_287' title='bbox 1227 2438 1314 2492; x_wconf 84' lang='grc' dir='ltr'><strong>καὶ</strong></span> <span class='ocrx_word' id='word_1_288' title='bbox 1390 2437 1913 2513; x_wconf 68' lang='grc' dir='ltr'>ἐξομολογούμενος,</span> 
     </span>
    </p>
   </div>
   <div class='ocr_carea' id='block_1_42' title="bbox 247 2523 1914 2603">
    <p class='ocr_par' dir='ltr' id='par_1_42' title="bbox 247 2523 1914 2603">
     <span class='ocr_line' id='line_1_43' title="bbox 247 2523 1914 2603; baseline 0.014 -26"><span class='ocrx_word' id='word_1_289' title='bbox 247 2528 618 2601; x_wconf 50' lang='grc' dir='ltr'>συγίώρησιν</span> <span class='ocrx_word' id='word_1_290' title='bbox 649 2525 788 2580; x_wconf 81' lang='grc' dir='ltr'>αἰτεῖ</span> <span class='ocrx_word' id='word_1_291' title='bbox 813 2530 915 2580; x_wconf 73' lang='grc' dir='ltr'><strong>τοῦ</strong></span> <span class='ocrx_word' id='word_1_292' title='bbox 947 2523 1086 2580; x_wconf 76' lang='grc' dir='ltr'>ἰδίου</span> <span class='ocrx_word' id='word_1_293' title='bbox 1120 2525 1455 2603; x_wconf 75' lang='grc' dir='ltr'>σφάλματος.</span> <span class='ocrx_word' id='word_1_294' title='bbox 1500 2528 1584 2583; x_wconf 78' lang='grc' dir='ltr'>Τά</span> <span class='ocrx_word' id='word_1_295' title='bbox 1632 2525 1688 2582; x_wconf 63' lang='grc' dir='ltr'><strong>δὲ</strong></span> <span class='ocrx_word' id='word_1_296' title='bbox 1735 2528 1914 2603; x_wconf 53' lang='grc' dir='ltr'>παχύ·</span> 
     </span>
    </p>
   </div>
   <div class='ocr_carea' id='block_1_43' title="bbox 244 2612 1916 2692">
    <p class='ocr_par' dir='ltr' id='par_1_43' title="bbox 244 2612 1916 2692">
     <span class='ocr_line' id='line_1_44' title="bbox 244 2612 1916 2692; baseline 0.002 -24"><span class='ocrx_word' id='word_1_297' title='bbox 244 2635 387 2690; x_wconf 86' lang='grc' dir='ltr'>τερα</span> <span class='ocrx_word' id='word_1_298' title='bbox 419 2612 634 2669; x_wconf 66' lang='grc' dir='ltr'>τούτωδ</span> <span class='ocrx_word' id='word_1_299' title='bbox 667 2615 975 2688; x_wconf 75' lang='grc' dir='ltr'>πταίσματα</span> <span class='ocrx_word' id='word_1_300' title='bbox 1007 2613 1060 2668; x_wconf 77' lang='grc' dir='ltr'><strong>εἶ’</strong></span> <span class='ocrx_word' id='word_1_301' title='bbox 1083 2636 1166 2676; x_wconf 88' lang='grc' dir='ltr'><strong>τις</strong></span> <span class='ocrx_word' id='word_1_302' title='bbox 1198 2615 1390 2692; x_wconf 78' lang='grc' dir='ltr'>εὐρεθῇ</span> <span class='ocrx_word' id='word_1_303' title='bbox 1441 2617 1709 2688; x_wconf 82' lang='grc' dir='ltr'>πράττων,</span> <span class='ocrx_word' id='word_1_304' title='bbox 1761 2617 1916 2672; x_wconf 83' lang='grc' dir='ltr'>ἅτινά</span> 
     </span>
    </p>
   </div>
   <div class='ocr_carea' id='block_1_44' title="bbox 246 2701 1916 2783">
    <p class='ocr_par' dir='ltr' id='par_1_44' title="bbox 246 2701 1916 2783">
     <span class='ocr_line' id='line_1_45' title="bbox 246 2701 1916 2783; baseline 0.002 -26"><span class='ocrx_word' id='word_1_305' title='bbox 246 2703 368 2758; x_wconf 79' lang='grc' dir='ltr'>ἐστι</span> <span class='ocrx_word' id='word_1_306' title='bbox 436 2702 860 2781; x_wconf 68' lang='grc' dir='ltr'>καταφρόνησις,</span> <span class='ocrx_word' id='word_1_307' title='bbox 919 2701 1204 2778; x_wconf 83' lang='grc' dir='ltr'>ἀντιλογία</span> <span class='ocrx_word' id='word_1_308' title='bbox 1265 2705 1398 2776; x_wconf 86' lang='grc' dir='ltr'><strong>μετά</strong></span> <span class='ocrx_word' id='word_1_309' title='bbox 1456 2705 1838 2783; x_wconf 66' lang='grc' dir='ltr'>ὑπερηφανίας,</span> <span class='ocrx_word' id='word_1_310' title='bbox 1882 2707 1916 2775; x_wconf 81' lang='grc' dir='ltr'>ἢ</span> 
     </span>
    </p>
   </div>
   <div class='ocr_carea' id='block_1_45' title="bbox 245 2790 1912 2870">
    <p class='ocr_par' dir='ltr' id='par_1_45' title="bbox 245 2790 1912 2870">
     <span class='ocr_line' id='line_1_46' title="bbox 245 2790 1912 2870; baseline 0.002 -23"><span class='ocrx_word' id='word_1_311' title='bbox 245 2791 309 2847; x_wconf 81' lang='grc' dir='ltr'><strong>έκ</strong></span> <span class='ocrx_word' id='word_1_312' title='bbox 375 2790 481 2846; x_wconf 74' lang='grc' dir='ltr'>τοῦ</span> <span class='ocrx_word' id='word_1_313' title='bbox 555 2813 920 2868; x_wconf 87' lang='grc' dir='ltr'>μοναστηριου</span> <span class='ocrx_word' id='word_1_314' title='bbox 977 2790 1210 2864; x_wconf 81' lang='grc' dir='ltr'>πρόοδος</span> <span class='ocrx_word' id='word_1_315' title='bbox 1254 2791 1404 2854; x_wconf 80' lang='grc' dir='ltr'>ἐκτὸς</span> <span class='ocrx_word' id='word_1_316' title='bbox 1461 2793 1761 2870; x_wconf 76' lang='grc' dir='ltr'>ἐπιτροπῆς</span> <span class='ocrx_word' id='word_1_317' title='bbox 1816 2800 1912 2850; x_wconf 71' lang='grc' dir='ltr'>τοῦ</span> 
     </span>
    </p>
   </div>
   <div class='ocr_carea' id='block_1_46' title="bbox 246 2876 1908 2960">
    <p class='ocr_par' dir='ltr' id='par_1_46' title="bbox 246 2876 1908 2960">
     <span class='ocr_line' id='line_1_47' title="bbox 246 2876 1908 2960; baseline 0.005 -25"><span class='ocrx_word' id='word_1_318' title='bbox 246 2876 426 2950; x_wconf 69' lang='grc' dir='ltr'>ἀδεᾶ,</span> <span class='ocrx_word' id='word_1_319' title='bbox 485 2883 520 2950; x_wconf 79' lang='grc' dir='ltr'>ἦ</span> <span class='ocrx_word' id='word_1_320' title='bbox 563 2882 697 2957; x_wconf 88' lang='grc' dir='ltr'>πρὸς</span> <span class='ocrx_word' id='word_1_321' title='bbox 727 2888 954 2956; x_wconf 82' lang='grc' dir='ltr'>γυκαῖκα</span> <span class='ocrx_word' id='word_1_322' title='bbox 1004 2882 1280 2957; x_wconf 73' lang='grc' dir='ltr'>συντυχία,</span> <span class='ocrx_word' id='word_1_323' title='bbox 1313 2884 1346 2950; x_wconf 75' lang='grc' dir='ltr'>ἦ</span> <span class='ocrx_word' id='word_1_324' title='bbox 1407 2882 1565 2958; x_wconf 72' lang='grc' dir='ltr'>ὀργῆ,</span> <span class='ocrx_word' id='word_1_325' title='bbox 1598 2885 1631 2952; x_wconf 80' lang='grc' dir='ltr'>ἢ</span> <span class='ocrx_word' id='word_1_326' title='bbox 1665 2884 1842 2960; x_wconf 80' lang='grc' dir='ltr'>μάχῃ,</span> <span class='ocrx_word' id='word_1_327' title='bbox 1875 2885 1908 2954; x_wconf 84' lang='grc' dir='ltr'>ἦ</span> 
     </span>
    </p>
   </div>
   <div class='ocr_carea' id='block_1_47' title="bbox 251 2968 1913 3048">
    <p class='ocr_par' dir='ltr' id='par_1_47' title="bbox 251 2968 1913 3048">
     <span class='ocr_line' id='line_1_48' title="bbox 251 2968 1913 3048; baseline 0.001 -23"><span class='ocrx_word' id='word_1_328' title='bbox 251 2968 462 3046; x_wconf 77' lang='grc' dir='ltr'>ἔχθρα,</span> <span class='ocrx_word' id='word_1_329' title='bbox 510 2972 545 3038; x_wconf 77' lang='grc' dir='ltr'><strong>ἢ</strong></span> <span class='ocrx_word' id='word_1_330' title='bbox 599 2970 942 3043; x_wconf 76' lang='grc' dir='ltr'>μνησικακία,</span> <span class='ocrx_word' id='word_1_331' title='bbox 1073 2969 1422 3048; x_wconf 75' lang='grc' dir='ltr'>φιλαργυρία,</span> <span class='ocrx_word' id='word_1_332' title='bbox 1454 2971 1574 3040; x_wconf 76' lang='grc' dir='ltr'>ἥτις</span> <span class='ocrx_word' id='word_1_333' title='bbox 1604 2971 1712 3026; x_wconf 82' lang='grc' dir='ltr'>ἐστὶ</span> <span class='ocrx_word' id='word_1_334' title='bbox 1741 2972 1913 3047; x_wconf 81' lang='grc' dir='ltr'>λέπρα</span> 
     </span>
    </p>
   </div>
   <div class='ocr_carea' id='block_1_48' title="bbox 245 3057 1910 3135">
    <p class='ocr_par' dir='ltr' id='par_1_48' title="bbox 245 3057 1910 3135">
     <span class='ocr_line' id='line_1_49' title="bbox 245 3057 1910 3135; baseline 0.002 -23"><span class='ocrx_word' id='word_1_335' title='bbox 245 3063 477 3134; x_wconf 75' lang='grc' dir='ltr'>ψυχῆς,</span> <span class='ocrx_word' id='word_1_336' title='bbox 527 3061 561 3127; x_wconf 73' lang='grc' dir='ltr'><strong>ἢ</strong></span> <span class='ocrx_word' id='word_1_337' title='bbox 609 3067 797 3129; x_wconf 85' lang='grc' dir='ltr'>κτῆσις</span> <span class='ocrx_word' id='word_1_338' title='bbox 863 3057 1190 3130; x_wconf 79' lang='grc' dir='ltr'>οἷόυδήποτε</span> <span class='ocrx_word' id='word_1_339' title='bbox 1238 3063 1560 3135; x_wconf 88' lang='grc' dir='ltr'>πράγματος</span> <span class='ocrx_word' id='word_1_340' title='bbox 1604 3060 1752 3123; x_wconf 81' lang='grc' dir='ltr'>ἐκτὸς</span> <span class='ocrx_word' id='word_1_341' title='bbox 1804 3067 1910 3116; x_wconf 80' lang='grc' dir='ltr'>τῶν</span> 
     </span>
    </p>
   </div>
   <div class='ocr_carea' id='block_1_49' title="bbox 245 3143 1912 3226">
    <p class='ocr_par' dir='ltr' id='par_1_49' title="bbox 245 3143 1912 3226">
     <span class='ocr_line' id='line_1_50' title="bbox 245 3143 1912 3226; baseline 0.001 -24"><span class='ocrx_word' id='word_1_342' title='bbox 245 3146 568 3220; x_wconf 74' lang='grc' dir='ltr'>διδομένων</span> <span class='ocrx_word' id='word_1_343' title='bbox 620 3150 764 3224; x_wconf 72' lang='grc' dir='ltr'>παρὰ</span> <span class='ocrx_word' id='word_1_344' title='bbox 808 3153 904 3203; x_wconf 80' lang='grc' dir='ltr'>τοῦ</span> <span class='ocrx_word' id='word_1_345' title='bbox 956 3143 1118 3217; x_wconf 76' lang='grc' dir='ltr'>ἀϐϐά,</span> <span class='ocrx_word' id='word_1_346' title='bbox 1177 3151 1211 3217; x_wconf 82' lang='grc' dir='ltr'><strong>ἢ</strong></span> <span class='ocrx_word' id='word_1_347' title='bbox 1260 3152 1464 3226; x_wconf 77' lang='grc' dir='ltr'>τροφῆς</span> <span class='ocrx_word' id='word_1_348' title='bbox 1498 3149 1620 3212; x_wconf 82' lang='grc' dir='ltr'>ἄνευ</span> <span class='ocrx_word' id='word_1_349' title='bbox 1662 3149 1912 3226; x_wconf 74' lang='grc' dir='ltr'>εὐλογίας</span> 
     </span>
    </p>
   </div>
   <div class='ocr_carea' id='block_1_50' title="bbox 239 3235 1913 3314">
    <p class='ocr_par' dir='ltr' id='par_1_50' title="bbox 239 3235 1913 3314">
     <span class='ocr_line' id='line_1_51' title="bbox 239 3235 1913 3314; baseline 0.001 -22"><span class='ocrx_word' id='word_1_350' title='bbox 239 3236 575 3309; x_wconf 75' lang='grc' dir='ltr'>κλεψιμαίῳ</span> <span class='ocrx_word' id='word_1_351' title='bbox 605 3236 794 3313; x_wconf 85' lang='grc' dir='ltr'>τρόπῳ</span> <span class='ocrx_word' id='word_1_352' title='bbox 824 3238 1141 3311; x_wconf 84' lang='grc' dir='ltr'>γινομένης,</span> <span class='ocrx_word' id='word_1_353' title='bbox 1175 3235 1261 3292; x_wconf 76' lang='grc' dir='ltr'><strong>καί</strong></span> <span class='ocrx_word' id='word_1_354' title='bbox 1290 3239 1356 3292; x_wconf 79' lang='grc' dir='ltr'><strong>τά</strong></span> <span class='ocrx_word' id='word_1_355' title='bbox 1385 3238 1590 3292; x_wconf 69' lang='grc' dir='ltr'>τούτων</span> <span class='ocrx_word' id='word_1_356' title='bbox 1627 3238 1913 3314; x_wconf 76' lang='grc' dir='ltr'>μαραπλή-</span> 
     </span>
    </p>
   </div>
   <div class='ocr_carea' id='block_1_51' title="bbox 2029 1997 3670 2070">
    <p class='ocr_par' dir='ltr' id='par_1_51' title="bbox 2029 1997 3670 2070">
     <span class='ocr_line' id='line_1_52' title="bbox 2029 1997 3670 2070; baseline 0.001 -18"><span class='ocrx_word' id='word_1_357' title='bbox 2029 1998 2389 2065; x_wconf 87' lang='lat' dir='ltr'><strong>convenerit,</strong></span> <span class='ocrx_word' id='word_1_358' title='bbox 2413 2003 2514 2052; x_wconf 90' lang='lat' dir='ltr'><strong>aut</strong></span> <span class='ocrx_word' id='word_1_359' title='bbox 2534 1997 2841 2068; x_wconf 89' lang='lat' dir='ltr'><strong>epistolam</strong></span> <span class='ocrx_word' id='word_1_360' title='bbox 2869 2002 2938 2052; x_wconf 88' lang='lat' dir='ltr'><strong>ab</strong></span> <span class='ocrx_word' id='word_1_361' title='bbox 2963 1998 3158 2069; x_wconf 90' lang='lat' dir='ltr'><strong>aliquo</strong></span> <span class='ocrx_word' id='word_1_362' title='bbox 3187 1999 3468 2070; x_wconf 87' lang='lat' dir='ltr'><strong>accipere,</strong></span> <span class='ocrx_word' id='word_1_363' title='bbox 3491 1999 3575 2054; x_wconf 93' lang='lat' dir='ltr'><strong>vel</strong></span> <span class='ocrx_word' id='word_1_364' title='bbox 3598 2001 3670 2055; x_wconf 88' lang='lat' dir='ltr'><strong>ad</strong></span> 
     </span>
    </p>
   </div>
   <div class='ocr_carea' id='block_1_52' title="bbox 2027 2086 3669 2158">
    <p class='ocr_par' dir='ltr' id='par_1_52' title="bbox 2027 2086 3669 2158">
     <span class='ocr_line' id='line_1_53' title="bbox 2027 2086 3669 2158; baseline 0.002 -18"><span class='ocrx_word' id='word_1_365' title='bbox 2027 2086 2281 2157; x_wconf 88' lang='lat' dir='ltr'><strong>aliquem</strong></span> <span class='ocrx_word' id='word_1_366' title='bbox 2303 2087 2619 2141; x_wconf 88' lang='lat' dir='ltr'><strong>rescribere</strong></span> <span class='ocrx_word' id='word_1_367' title='bbox 2646 2089 2870 2158; x_wconf 88' lang='lat' dir='ltr'><strong>absque</strong></span> <span class='ocrx_word' id='word_1_368' title='bbox 2901 2088 3131 2142; x_wconf 87' lang='lat' dir='ltr'><strong>abbatis</strong></span> <span class='ocrx_word' id='word_1_369' title='bbox 3161 2089 3534 2144; x_wconf 87' lang='lat' dir='ltr'><strong>concessione</strong></span> <span class='ocrx_word' id='word_1_370' title='bbox 3565 2105 3669 2144; x_wconf 87' lang='lat' dir='ltr'><strong>au-</strong></span> 
     </span>
    </p>
   </div>
   <div class='ocr_carea' id='block_1_53' title="bbox 2027 2175 3669 2250">
    <p class='ocr_par' dir='ltr' id='par_1_53' title="bbox 2027 2175 3669 2250">
     <span class='ocr_line' id='line_1_54' title="bbox 2027 2175 3669 2250; baseline 0.002 -21"><span class='ocrx_word' id='word_1_371' title='bbox 2027 2192 2130 2230; x_wconf 86' lang='lat' dir='ltr'><strong>sus</strong></span> <span class='ocrx_word' id='word_1_372' title='bbox 2161 2175 2373 2242; x_wconf 84' lang='lat' dir='ltr'><strong>fuerit;</strong></span> <span class='ocrx_word' id='word_1_373' title='bbox 2399 2175 2445 2228; x_wconf 92' lang='lat' dir='ltr'><strong>si</strong></span> <span class='ocrx_word' id='word_1_374' title='bbox 2481 2175 2539 2228; x_wconf 94' lang='lat' dir='ltr'><strong>in</strong></span> <span class='ocrx_word' id='word_1_375' title='bbox 2574 2175 2771 2246; x_wconf 89' lang='lat' dir='ltr'><strong>aliquo</strong></span> <span class='ocrx_word' id='word_1_376' title='bbox 2803 2193 3012 2246; x_wconf 86' lang='lat' dir='ltr'><strong>nempe</strong></span> <span class='ocrx_word' id='word_1_377' title='bbox 3045 2176 3383 2246; x_wconf 80' lang='lat' dir='ltr'><strong>hujusmodi</strong></span> <span class='ocrx_word' id='word_1_378' title='bbox 3414 2176 3669 2250; x_wconf 89' lang='lat' dir='ltr'><strong>delique-</strong></span> 
     </span>
    </p>
   </div>
   <div class='ocr_carea' id='block_1_54' title="bbox 2028 2263 3667 2334">
    <p class='ocr_par' dir='ltr' id='par_1_54' title="bbox 2028 2263 3667 2334">
     <span class='ocr_line' id='line_1_55' title="bbox 2028 2263 3667 2334; baseline 0.002 -17"><span class='ocrx_word' id='word_1_379' title='bbox 2028 2264 2120 2330; x_wconf 88' lang='lat' dir='ltr'><strong>rit,</strong></span> <span class='ocrx_word' id='word_1_380' title='bbox 2156 2264 2495 2333; x_wconf 84' lang='lat' dir='ltr'><strong>bujusmodi</strong></span> <span class='ocrx_word' id='word_1_381' title='bbox 2531 2263 2627 2318; x_wconf 92' lang='lat' dir='ltr'><strong>ille</strong></span> <span class='ocrx_word' id='word_1_382' title='bbox 2659 2281 2836 2334; x_wconf 68' lang='lat' dir='ltr'><strong>poena:</strong></span> <span class='ocrx_word' id='word_1_383' title='bbox 2869 2263 3220 2334; x_wconf 87' lang='lat' dir='ltr'><strong>subjicitur:</strong></span> <span class='ocrx_word' id='word_1_384' title='bbox 3249 2266 3402 2321; x_wconf 77' lang='lat'><strong>312</strong></span> <span class='ocrx_word' id='word_1_385' title='bbox 3454 2266 3667 2321; x_wconf 79' lang='lat' dir='ltr'><strong>Fratri-</strong></span> 
     </span>
    </p>
   </div>
   <div class='ocr_carea' id='block_1_55' title="bbox 2025 2351 3665 2426">
    <p class='ocr_par' dir='ltr' id='par_1_55' title="bbox 2025 2351 3665 2426">
     <span class='ocr_line' id='line_1_56' title="bbox 2025 2351 3665 2426; baseline 0.002 -20"><span class='ocrx_word' id='word_1_386' title='bbox 2025 2353 2136 2407; x_wconf 90' lang='lat' dir='ltr'><strong>bus</strong></span> <span class='ocrx_word' id='word_1_387' title='bbox 2166 2351 2225 2406; x_wconf 93' lang='lat' dir='ltr'><strong>in</strong></span> <span class='ocrx_word' id='word_1_388' title='bbox 2259 2352 2463 2423; x_wconf 73' lang='lat' dir='ltr'><strong>synaxi</strong></span> <span class='ocrx_word' id='word_1_389' title='bbox 2495 2354 2881 2424; x_wconf 85' lang='lat' dir='ltr'><strong>congregatis,</strong></span> <span class='ocrx_word' id='word_1_390' title='bbox 2918 2370 3045 2409; x_wconf 88' lang='lat' dir='ltr'><strong>sese</strong></span> <span class='ocrx_word' id='word_1_391' title='bbox 3073 2352 3128 2408; x_wconf 88' lang='lat' dir='ltr'><strong>in</strong></span> <span class='ocrx_word' id='word_1_392' title='bbox 3163 2358 3378 2410; x_wconf 87' lang='lat' dir='ltr'><strong>terram</strong></span> <span class='ocrx_word' id='word_1_393' title='bbox 3411 2355 3665 2426; x_wconf 86' lang='lat' dir='ltr'><strong>projicit,</strong></span> 
     </span>
    </p>
   </div>
   <div class='ocr_carea' id='block_1_56' title="bbox 2025 2441 3668 2514">
    <p class='ocr_par' dir='ltr' id='par_1_56' title="bbox 2025 2441 3668 2514">
     <span class='ocr_line' id='line_1_57' title="bbox 2025 2441 3668 2514; baseline 0.002 -16"><span class='ocrx_word' id='word_1_394' title='bbox 2025 2447 2200 2514; x_wconf 87' lang='lat' dir='ltr'><strong>atque</strong></span> <span class='ocrx_word' id='word_1_395' title='bbox 2233 2442 2560 2508; x_wconf 86' lang='lat' dir='ltr'><strong>contessus,</strong></span> <span class='ocrx_word' id='word_1_396' title='bbox 2584 2441 2803 2513; x_wconf 81' lang='lat' dir='ltr'><strong>peccati</strong></span> <span class='ocrx_word' id='word_1_397' title='bbox 2829 2442 3054 2497; x_wconf 88' lang='lat' dir='ltr'><strong>veniam</strong></span> <span class='ocrx_word' id='word_1_398' title='bbox 3081 2444 3362 2514; x_wconf 88' lang='lat' dir='ltr'><strong>postulat.</strong></span> <span class='ocrx_word' id='word_1_399' title='bbox 3394 2444 3668 2501; x_wconf 76' lang='lat' dir='ltr'><strong>Graviore</strong></span> 
     </span>
    </p>
   </div>
   <div class='ocr_carea' id='block_1_57' title="bbox 2028 2528 3665 2604">
    <p class='ocr_par' dir='ltr' id='par_1_57' title="bbox 2028 2528 3665 2604">
     <span class='ocr_line' id='line_1_58' title="bbox 2028 2528 3665 2604; baseline 0.003 -21"><span class='ocrx_word' id='word_1_400' title='bbox 2028 2547 2196 2601; x_wconf 88' lang='lat' dir='ltr'><strong>porro</strong></span> <span class='ocrx_word' id='word_1_401' title='bbox 2224 2528 2434 2584; x_wconf 89' lang='lat' dir='ltr'><strong>delicta</strong></span> <span class='ocrx_word' id='word_1_402' title='bbox 2479 2529 2528 2584; x_wconf 89' lang='lat' dir='ltr'><strong>si</strong></span> <span class='ocrx_word' id='word_1_403' title='bbox 2586 2530 2718 2601; x_wconf 90' lang='lat' dir='ltr'><strong>quis</strong></span> <span class='ocrx_word' id='word_1_404' title='bbox 2773 2535 3114 2602; x_wconf 88' lang='lat' dir='ltr'><strong>perpetrans</strong></span> <span class='ocrx_word' id='word_1_405' title='bbox 3174 2532 3665 2604; x_wconf 86' lang='lat' dir='ltr'><strong>deprehendatur,</strong></span> 
     </span>
    </p>
   </div>
   <div class='ocr_carea' id='block_1_58' title="bbox 2025 2619 3662 2693">
    <p class='ocr_par' dir='ltr' id='par_1_58' title="bbox 2025 2619 3662 2693">
     <span class='ocr_line' id='line_1_59' title="bbox 2025 2619 3662 2693; baseline 0.004 -22"><span class='ocrx_word' id='word_1_406' title='bbox 2025 2635 2152 2689; x_wconf 67' lang='lat' dir='ltr'><strong>qua:</strong></span> <span class='ocrx_word' id='word_1_407' title='bbox 2187 2624 2343 2688; x_wconf 90' lang='lat' dir='ltr'><strong>sunt,</strong></span> <span class='ocrx_word' id='word_1_408' title='bbox 2378 2623 2771 2689; x_wconf 89' lang='lat' dir='ltr'><strong>contemptus,</strong></span> <span class='ocrx_word' id='word_1_409' title='bbox 2807 2619 3192 2691; x_wconf 85' lang='lat' dir='ltr'><strong>repugnantia</strong></span> <span class='ocrx_word' id='word_1_410' title='bbox 3215 2637 3347 2676; x_wconf 89' lang='lat' dir='ltr'><strong>cum</strong></span> <span class='ocrx_word' id='word_1_411' title='bbox 3368 2623 3662 2693; x_wconf 88' lang='lat' dir='ltr'><strong>superbia,</strong></span> 
     </span>
    </p>
   </div>
   <div class='ocr_carea' id='block_1_59' title="bbox 2023 2707 3666 2778">
    <p class='ocr_par' dir='ltr' id='par_1_59' title="bbox 2023 2707 3666 2778">
     <span class='ocr_line' id='line_1_60' title="bbox 2023 2707 3666 2778; baseline 0.002 -18"><span class='ocrx_word' id='word_1_412' title='bbox 2023 2711 2127 2761; x_wconf 88' lang='lat' dir='ltr'><strong>aut</strong></span> <span class='ocrx_word' id='word_1_413' title='bbox 2157 2723 2429 2777; x_wconf 84' lang='lat' dir='ltr'><strong>egressus</strong></span> <span class='ocrx_word' id='word_1_414' title='bbox 2460 2723 2526 2762; x_wconf 77' lang='lat' dir='ltr'><strong>ex</strong></span> <span class='ocrx_word' id='word_1_415' title='bbox 2560 2707 2913 2763; x_wconf 89' lang='lat' dir='ltr'><strong>monasterio</strong></span> <span class='ocrx_word' id='word_1_416' title='bbox 2943 2708 3165 2778; x_wconf 87' lang='lat' dir='ltr'><strong>absque</strong></span> <span class='ocrx_word' id='word_1_417' title='bbox 3188 2708 3414 2763; x_wconf 86' lang='lat' dir='ltr'><strong>abbatis</strong></span> <span class='ocrx_word' id='word_1_418' title='bbox 3436 2725 3666 2764; x_wconf 90' lang='lat' dir='ltr'><strong>conces-</strong></span> 
     </span>
    </p>
   </div>
   <div class='ocr_carea' id='block_1_60' title="bbox 2023 2795 3663 2868">
    <p class='ocr_par' dir='ltr' id='par_1_60' title="bbox 2023 2795 3663 2868">
     <span class='ocr_line' id='line_1_61' title="bbox 2023 2795 3663 2868; baseline 0.002 -20"><span class='ocrx_word' id='word_1_419' title='bbox 2023 2795 2208 2860; x_wconf 85' lang='lat' dir='ltr'><strong>sione,</strong></span> <span class='ocrx_word' id='word_1_420' title='bbox 2243 2799 2344 2850; x_wconf 87' lang='lat' dir='ltr'><strong>aut</strong></span> <span class='ocrx_word' id='word_1_421' title='bbox 2373 2812 2728 2868; x_wconf 87' lang='lat' dir='ltr'><strong>congressus</strong></span> <span class='ocrx_word' id='word_1_422' title='bbox 2784 2813 2917 2851; x_wconf 91' lang='lat' dir='ltr'><strong>cum</strong></span> <span class='ocrx_word' id='word_1_423' title='bbox 2979 2795 3244 2863; x_wconf 88' lang='lat' dir='ltr'><strong>muliere,</strong></span> <span class='ocrx_word' id='word_1_424' title='bbox 3277 2802 3377 2851; x_wconf 88' lang='lat' dir='ltr'><strong>aut</strong></span> <span class='ocrx_word' id='word_1_425' title='bbox 3426 2796 3530 2866; x_wconf 88' lang='lat' dir='ltr'><strong>ira,</strong></span> <span class='ocrx_word' id='word_1_426' title='bbox 3562 2802 3663 2852; x_wconf 81' lang='lat' dir='ltr'><strong>aut</strong></span> 
     </span>
    </p>
   </div>
   <div class='ocr_carea' id='block_1_61' title="bbox 2022 2884 3660 2956">
    <p class='ocr_par' dir='ltr' id='par_1_61' title="bbox 2022 2884 3660 2956">
     <span class='ocr_line' id='line_1_62' title="bbox 2022 2884 3660 2956; baseline 0.001 -17"><span class='ocrx_word' id='word_1_427' title='bbox 2022 2901 2241 2955; x_wconf 68' lang='lat' dir='ltr'><strong>pugna.</strong></span> <span class='ocrx_word' id='word_1_428' title='bbox 2273 2889 2375 2939; x_wconf 92' lang='lat' dir='ltr'><strong>aut</strong></span> <span class='ocrx_word' id='word_1_429' title='bbox 2406 2884 2713 2939; x_wconf 82' lang='lat' dir='ltr'><strong>inimicitia</strong></span> <span class='ocrx_word' id='word_1_430' title='bbox 2745 2884 2801 2938; x_wconf 91' lang='lat' dir='ltr'><strong>in</strong></span> <span class='ocrx_word' id='word_1_431' title='bbox 2860 2884 3138 2956; x_wconf 90' lang='lat' dir='ltr'><strong>aliquem,</strong></span> <span class='ocrx_word' id='word_1_432' title='bbox 3192 2889 3293 2940; x_wconf 87' lang='lat' dir='ltr'><strong>aut</strong></span> <span class='ocrx_word' id='word_1_433' title='bbox 3341 2885 3660 2941; x_wconf 87' lang='lat' dir='ltr'><strong>recordatio</strong></span> 
     </span>
    </p>
   </div>
   <div class='ocr_carea' id='block_1_62' title="bbox 2021 2971 3659 3045">
    <p class='ocr_par' dir='ltr' id='par_1_62' title="bbox 2021 2971 3659 3045">
     <span class='ocr_line' id='line_1_63' title="bbox 2021 2971 3659 3045; baseline 0 -17"><span class='ocrx_word' id='word_1_434' title='bbox 2021 2973 2508 3043; x_wconf 79' lang='lat' dir='ltr'><strong>injuriarum,aut</strong></span> <span class='ocrx_word' id='word_1_435' title='bbox 2535 2990 2698 3028; x_wconf 82' lang='lat' dir='ltr'><strong>amor</strong></span> <span class='ocrx_word' id='word_1_436' title='bbox 2716 2974 3129 3044; x_wconf 46' lang='lat' dir='ltr'><strong>pecuniaque</strong></span> <span class='ocrx_word' id='word_1_437' title='bbox 3146 2971 3307 3045; x_wconf 87' lang='lat' dir='ltr'><strong>lepra</strong></span> <span class='ocrx_word' id='word_1_438' title='bbox 3320 2978 3408 3029; x_wconf 90' lang='lat' dir='ltr'><strong>est</strong></span> <span class='ocrx_word' id='word_1_439' title='bbox 3429 2973 3659 3040; x_wconf 70' lang='lat' dir='ltr'><strong>animae,</strong></span> 
     </span>
    </p>
   </div>
   <div class='ocr_carea' id='block_1_63' title="bbox 2022 3061 3659 3134">
    <p class='ocr_par' dir='ltr' id='par_1_63' title="bbox 2022 3061 3659 3134">
     <span class='ocr_line' id='line_1_64' title="bbox 2022 3061 3659 3134; baseline 0.002 -19"><span class='ocrx_word' id='word_1_440' title='bbox 2022 3066 2122 3116; x_wconf 91' lang='lat' dir='ltr'><strong>aut</strong></span> <span class='ocrx_word' id='word_1_441' title='bbox 2151 3061 2445 3133; x_wconf 86' lang='lat' dir='ltr'><strong>possessio</strong></span> <span class='ocrx_word' id='word_1_442' title='bbox 2478 3063 2885 3133; x_wconf 80' lang='lat' dir='ltr'><strong>cujuscunque</strong></span> <span class='ocrx_word' id='word_1_443' title='bbox 2917 3063 3016 3130; x_wconf 91' lang='lat' dir='ltr'><strong>rei,</strong></span> <span class='ocrx_word' id='word_1_444' title='bbox 3043 3063 3298 3134; x_wconf 88' lang='lat' dir='ltr'><strong>exceptis</strong></span> <span class='ocrx_word' id='word_1_445' title='bbox 3325 3062 3396 3116; x_wconf 90' lang='lat' dir='ltr'><strong>iis</strong></span> <span class='ocrx_word' id='word_1_446' title='bbox 3428 3079 3555 3134; x_wconf 62' lang='lat' dir='ltr'><strong>quas</strong></span> <span class='ocrx_word' id='word_1_447' title='bbox 3587 3062 3659 3118; x_wconf 90' lang='lat' dir='ltr'><strong>ab</strong></span> 
     </span>
    </p>
   </div>
   <div class='ocr_carea' id='block_1_64' title="bbox 2023 3150 3664 3222">
    <p class='ocr_par' dir='ltr' id='par_1_64' title="bbox 2023 3150 3664 3222">
     <span class='ocr_line' id='line_1_65' title="bbox 2023 3150 3664 3222; baseline 0.001 -17"><span class='ocrx_word' id='word_1_448' title='bbox 2023 3151 2230 3205; x_wconf 90' lang='lat' dir='ltr'><strong>abbate</strong></span> <span class='ocrx_word' id='word_1_449' title='bbox 2253 3151 2486 3217; x_wconf 86' lang='lat' dir='ltr'><strong>dantur,</strong></span> <span class='ocrx_word' id='word_1_450' title='bbox 2512 3157 2613 3205; x_wconf 86' lang='lat' dir='ltr'><strong>aut</strong></span> <span class='ocrx_word' id='word_1_451' title='bbox 2637 3150 2909 3204; x_wconf 78' lang='lat' dir='ltr'><strong>furtivum</strong></span> <span class='ocrx_word' id='word_1_452' title='bbox 2945 3151 3288 3206; x_wconf 91' lang='lat' dir='ltr'><strong>alimentum</strong></span> <span class='ocrx_word' id='word_1_453' title='bbox 3311 3152 3530 3222; x_wconf 87' lang='lat' dir='ltr'><strong>absque</strong></span> <span class='ocrx_word' id='word_1_454' title='bbox 3565 3153 3664 3206; x_wconf 90' lang='lat' dir='ltr'><strong>be-</strong></span> 
     </span>
    </p>
   </div>
   <div class='ocr_carea' id='block_1_65' title="bbox 2022 3239 3662 3310">
    <p class='ocr_par' dir='ltr' id='par_1_65' title="bbox 2022 3239 3662 3310">
     <span class='ocr_line' id='line_1_66' title="bbox 2022 3239 3662 3310; baseline 0.001 -16"><span class='ocrx_word' id='word_1_455' title='bbox 2022 3239 2348 3294; x_wconf 87' lang='lat' dir='ltr'><strong>nedictione</strong></span> <span class='ocrx_word' id='word_1_456' title='bbox 2374 3239 2603 3294; x_wconf 83' lang='lat' dir='ltr'><strong>abbatis</strong></span> <span class='ocrx_word' id='word_1_457' title='bbox 2625 3246 2953 3310; x_wconf 90' lang='lat' dir='ltr'><strong>sumptum,</strong></span> <span class='ocrx_word' id='word_1_458' title='bbox 2979 3245 3036 3294; x_wconf 91' lang='lat' dir='ltr'><strong>et</strong></span> <span class='ocrx_word' id='word_1_459' title='bbox 3058 3239 3148 3295; x_wconf 87' lang='lat' dir='ltr'><strong>bis</strong></span> <span class='ocrx_word' id='word_1_460' title='bbox 3170 3239 3405 3306; x_wconf 89' lang='lat' dir='ltr'><strong>similia,</strong></span> <span class='ocrx_word' id='word_1_461' title='bbox 3432 3257 3546 3295; x_wconf 87' lang='lat' dir='ltr'><strong>non</strong></span> <span class='ocrx_word' id='word_1_462' title='bbox 3569 3257 3662 3295; x_wconf 87' lang='lat' dir='ltr'><strong>su-</strong></span> 
     </span>
    </p>
   </div>
   <div class='ocr_carea' id='block_1_66' title="bbox 241 3314 1905 3403">
    <p class='ocr_par' dir='ltr' id='par_1_66' title="bbox 241 3323 1905 3403">
     <span class='ocr_line' id='line_1_67' title="bbox 241 3323 1905 3403; baseline 0.001 -22"><span class='ocrx_word' id='word_1_463' title='bbox 241 3347 358 3394; x_wconf 82' lang='grc' dir='ltr'>σια,</span> <span class='ocrx_word' id='word_1_464' title='bbox 397 3326 462 3381; x_wconf 71' lang='grc' dir='ltr'>οὗ</span> <span class='ocrx_word' id='word_1_465' title='bbox 492 3325 573 3398; x_wconf 78' lang='grc' dir='ltr'>τῷ</span> <span class='ocrx_word' id='word_1_466' title='bbox 604 3327 986 3403; x_wconf 86' lang='grc' dir='ltr'>προειρημένῳ</span> <span class='ocrx_word' id='word_1_467' title='bbox 1019 3326 1278 3399; x_wconf 81' lang='grc' dir='ltr'>ἐπιτιμίῳ</span> <span class='ocrx_word' id='word_1_468' title='bbox 1311 3323 1706 3395; x_wconf 79' lang='grc' dir='ltr'>ὑποϐάλλεται,</span> <span class='ocrx_word' id='word_1_469' title='bbox 1766 3327 1905 3384; x_wconf 78' lang='grc' dir='ltr'><strong>ἀλλά</strong></span> 
     </span>
    </p>
   </div>
   <div class='ocr_carea' id='block_1_67' title="bbox 2024 3314 3660 3403">
    <p class='ocr_par' dir='ltr' id='par_1_67' title="bbox 2026 3327 3660 3400">
     <span class='ocr_line' id='line_1_68' title="bbox 2026 3327 3660 3400; baseline 0.001 -18"><span class='ocrx_word' id='word_1_470' title='bbox 2026 3327 2345 3399; x_wconf 84' lang='lat' dir='ltr'><strong>pradictam</strong></span> <span class='ocrx_word' id='word_1_471' title='bbox 2380 3328 2540 3382; x_wconf 89' lang='lat' dir='ltr'><strong>subit</strong></span> <span class='ocrx_word' id='word_1_472' title='bbox 2572 3345 2818 3398; x_wconf 79' lang='lat' dir='ltr'><strong>pmnam,</strong></span> <span class='ocrx_word' id='word_1_473' title='bbox 2852 3329 2950 3382; x_wconf 89' lang='lat' dir='ltr'><strong>sed</strong></span> <span class='ocrx_word' id='word_1_474' title='bbox 2983 3329 3329 3400; x_wconf 82' lang='lat' dir='ltr'><strong>graviorem,</strong></span> <span class='ocrx_word' id='word_1_475' title='bbox 3372 3335 3426 3383; x_wconf 90' lang='lat' dir='ltr'><strong>et</strong></span> <span class='ocrx_word' id='word_1_476' title='bbox 3477 3329 3660 3383; x_wconf 91' lang='lat' dir='ltr'><strong>multo</strong></span> 
     </span>
    </p>
   </div>
   <div class='ocr_carea' id='block_1_68' title="bbox 242 3412 1908 3492">
    <p class='ocr_par' dir='ltr' id='par_1_68' title="bbox 242 3412 1908 3492">
     <span class='ocr_line' id='line_1_69' title="bbox 242 3412 1908 3492; baseline 0.002 -23"><span class='ocrx_word' id='word_1_477' title='bbox 242 3412 631 3492; x_wconf 58' lang='lat' dir='ltr'><strong>a?oapo1épcp,</strong></span> <span class='ocrx_word' id='word_1_478' title='bbox 663 3415 753 3470; x_wconf 82' lang='grc' dir='ltr'><strong>καὶ</strong></span> <span class='ocrx_word' id='word_1_479' title='bbox 786 3417 1012 3488; x_wconf 87' lang='grc' dir='ltr'>μείζονι.</span> <span class='ocrx_word' id='word_1_480' title='bbox 1049 3415 1147 3472; x_wconf 80' lang='grc' dir='ltr'><strong>Καὶ</strong></span> <span class='ocrx_word' id='word_1_481' title='bbox 1183 3416 1227 3470; x_wconf 79' lang='grc' dir='ltr'>εἶ</span> <span class='ocrx_word' id='word_1_482' title='bbox 1263 3417 1339 3490; x_wconf 79' lang='grc' dir='ltr'>μὴ</span> <span class='ocrx_word' id='word_1_483' title='bbox 1372 3413 1668 3492; x_wconf 78' lang='grc' dir='ltr'>διορθωθῇ,</span> <span class='ocrx_word' id='word_1_484' title='bbox 1710 3413 1908 3472; x_wconf 80' lang='grc' dir='ltr'>ἐκϐάλ-</span> 
     </span>
    </p>
   </div>
   <div class='ocr_carea' id='block_1_69' title="bbox 243 3503 958 3579">
    <p class='ocr_par' dir='ltr' id='par_1_69' title="bbox 243 3503 958 3579">
     <span class='ocr_line' id='line_1_70' title="bbox 243 3503 958 3579; baseline 0.001 -20"><span class='ocrx_word' id='word_1_485' title='bbox 243 3503 405 3559; x_wconf 85' lang='grc' dir='ltr'>λεται</span> <span class='ocrx_word' id='word_1_486' title='bbox 439 3509 537 3558; x_wconf 72' lang='grc' dir='ltr'>τοῦ</span> <span class='ocrx_word' id='word_1_487' title='bbox 571 3504 958 3579; x_wconf 83' lang='grc' dir='ltr'>μοναστηρίου.</span> 
     </span>
    </p>
   </div>
   <div class='ocr_carea' id='block_1_70' title="bbox 314 3590 1906 3669">
    <p class='ocr_par' dir='ltr' id='par_1_70' title="bbox 314 3590 1906 3669">
     <span class='ocr_line' id='line_1_71' title="bbox 314 3590 1906 3669; baseline 0.002 -22"><span class='ocrx_word' id='word_1_488' title='bbox 314 3598 377 3648; x_wconf 88' lang='lat'><strong>7.</strong></span> <span class='ocrx_word' id='word_1_489' title='bbox 412 3591 484 3647; x_wconf 86' lang='grc' dir='ltr'>Τὸ</span> <span class='ocrx_word' id='word_1_490' title='bbox 519 3590 575 3648; x_wconf 69' lang='grc' dir='ltr'><strong>δὲ</strong></span> <span class='ocrx_word' id='word_1_491' title='bbox 607 3595 901 3669; x_wconf 63' lang='grc' dir='ltr'>ἀνάγνωσιν</span> <span class='ocrx_word' id='word_1_492' title='bbox 951 3591 1310 3649; x_wconf 84' lang='grc' dir='ltr'>ἐπιτελεῖσθαι</span> <span class='ocrx_word' id='word_1_493' title='bbox 1348 3590 1398 3649; x_wconf 78' lang='grc' dir='ltr'>ἔν</span> <span class='ocrx_word' id='word_1_494' title='bbox 1447 3616 1558 3649; x_wconf 89' lang='grc' dir='ltr'>τισι</span> <span class='ocrx_word' id='word_1_495' title='bbox 1606 3590 1906 3658; x_wconf 76' lang='grc' dir='ltr'>κοινοϐίοις</span> 
     </span>
    </p>
   </div>
   <div class='ocr_carea' id='block_1_71' title="bbox 240 3682 1904 3757">
    <p class='ocr_par' dir='ltr' id='par_1_71' title="bbox 240 3682 1904 3757">
     <span class='ocr_line' id='line_1_72' title="bbox 240 3682 1904 3757; baseline 0.001 -21"><span class='ocrx_word' id='word_1_496' title='bbox 240 3683 389 3736; x_wconf 83' lang='grc' dir='ltr'><strong>κατά</strong></span> <span class='ocrx_word' id='word_1_497' title='bbox 417 3683 509 3736; x_wconf 88' lang='grc' dir='ltr'>τὸν</span> <span class='ocrx_word' id='word_1_498' title='bbox 543 3683 728 3757; x_wconf 84' lang='grc' dir='ltr'>καιρὸν</span> <span class='ocrx_word' id='word_1_499' title='bbox 759 3689 859 3751; x_wconf 88' lang='grc' dir='ltr'><strong>τῆς</strong></span> <span class='ocrx_word' id='word_1_500' title='bbox 889 3683 1197 3748; x_wconf 72' lang='grc' dir='ltr'>ἑστιάσεως,</span> <span class='ocrx_word' id='word_1_501' title='bbox 1247 3682 1346 3738; x_wconf 82' lang='grc' dir='ltr'><strong>οὐκ</strong></span> <span class='ocrx_word' id='word_1_502' title='bbox 1388 3684 1493 3738; x_wconf 83' lang='grc' dir='ltr'><strong>ἀπὸ</strong></span> <span class='ocrx_word' id='word_1_503' title='bbox 1540 3688 1635 3738; x_wconf 76' lang='grc' dir='ltr'>τοῦ</span> <span class='ocrx_word' id='word_1_504' title='bbox 1681 3684 1904 3746; x_wconf 86' lang='grc' dir='ltr'>κανόνος</span> 
     </span>
    </p>
   </div>
   <div class='ocr_carea' id='block_1_72' title="bbox 241 3769 1898 3843">
    <p class='ocr_par' dir='ltr' id='par_1_72' title="bbox 241 3769 1898 3843">
     <span class='ocr_line' id='line_1_73' title="bbox 241 3769 1898 3843; baseline 0.002 -18"><span class='ocrx_word' id='word_1_505' title='bbox 241 3778 358 3825; x_wconf 79' lang='grc' dir='ltr'>τῶν</span> <span class='ocrx_word' id='word_1_506' title='bbox 399 3771 739 3843; x_wconf 79' lang='grc' dir='ltr'>Αἰγυπτίων,</span> <span class='ocrx_word' id='word_1_507' title='bbox 771 3770 916 3827; x_wconf 79' lang='grc' dir='ltr'>ἀλλά</span> <span class='ocrx_word' id='word_1_508' title='bbox 945 3772 1051 3826; x_wconf 85' lang='grc' dir='ltr'>ἀπὸ</span> <span class='ocrx_word' id='word_1_509' title='bbox 1080 3777 1185 3826; x_wconf 74' lang='grc' dir='ltr'>τῶν</span> <span class='ocrx_word' id='word_1_510' title='bbox 1238 3770 1630 3837; x_wconf 77' lang='grc' dir='ltr'>Καππαδόκων,</span> <span class='ocrx_word' id='word_1_511' title='bbox 1681 3769 1898 3843; x_wconf 62' lang='grc' dir='ltr'>οἵτινες,</span> 
     </span>
    </p>
   </div>
   <div class='ocr_carea' id='block_1_73' title="bbox 244 3857 1898 3933">
    <p class='ocr_par' dir='ltr' id='par_1_73' title="bbox 244 3857 1898 3933">
     <span class='ocr_line' id='line_1_74' title="bbox 244 3857 1898 3933; baseline 0.002 -22"><span class='ocrx_word' id='word_1_512' title='bbox 244 3857 309 3911; x_wconf 76' lang='grc' dir='ltr'>οὖ</span> <span class='ocrx_word' id='word_1_513' title='bbox 396 3865 766 3930; x_wconf 76' lang='grc' dir='ltr'>πνευματικῆς</span> <span class='ocrx_word' id='word_1_514' title='bbox 831 3857 1002 3913; x_wconf 74' lang='grc' dir='ltr'>ἕνεκεν</span> <span class='ocrx_word' id='word_1_515' title='bbox 1070 3864 1326 3914; x_wconf 78' lang='grc' dir='ltr'>τοσοῦτον</span> <span class='ocrx_word' id='word_1_516' title='bbox 1387 3860 1710 3933; x_wconf 75' lang='grc' dir='ltr'>γυμνασίας,</span> <span class='ocrx_word' id='word_1_517' title='bbox 1775 3861 1898 3915; x_wconf 73' lang='grc' dir='ltr'>ὅσον</span> 
     </span>
    </p>
   </div>
   <div class='ocr_carea' id='block_1_74' title="bbox 243 3945 1901 4022">
    <p class='ocr_par' dir='ltr' id='par_1_74' title="bbox 243 3945 1901 4022">
     <span class='ocr_line' id='line_1_75' title="bbox 243 3945 1901 4022; baseline 0.003 -23"><span class='ocrx_word' id='word_1_518' title='bbox 243 3945 492 4022; x_wconf 67' lang='grc' dir='ltr'>ἡσυχίας</span> <span class='ocrx_word' id='word_1_519' title='bbox 549 3949 710 4022; x_wconf 81' lang='grc' dir='ltr'>χάριν</span> <span class='ocrx_word' id='word_1_520' title='bbox 756 3955 858 4016; x_wconf 86' lang='grc' dir='ltr'><strong>τῆς</strong></span> <span class='ocrx_word' id='word_1_521' title='bbox 907 3950 1052 4021; x_wconf 82' lang='grc' dir='ltr'><strong>παρά</strong></span> <span class='ocrx_word' id='word_1_522' title='bbox 1105 3948 1199 4010; x_wconf 78' lang='grc' dir='ltr'><strong>τάς</strong></span> <span class='ocrx_word' id='word_1_523' title='bbox 1245 3947 1489 4021; x_wconf 85' lang='grc' dir='ltr'>ὁμιλίας,</span> <span class='ocrx_word' id='word_1_524' title='bbox 1539 3950 1599 4004; x_wconf 89' lang='grc' dir='ltr'>τὸ</span> <span class='ocrx_word' id='word_1_525' title='bbox 1645 3955 1901 4004; x_wconf 79' lang='grc' dir='ltr'>τοσοῦτον</span> 
     </span>
    </p>
   </div>
   <div class='ocr_carea' id='block_1_75' title="bbox 245 4033 1901 4113">
    <p class='ocr_par' dir='ltr' id='par_1_75' title="bbox 245 4033 1901 4113">
     <span class='ocr_line' id='line_1_76' title="bbox 245 4033 1901 4113; baseline 0.003 -24"><span class='ocrx_word' id='word_1_526' title='bbox 245 4033 675 4092; x_wconf 78' lang='grc' dir='ltr'>διετυπώσαντο.</span> <span class='ocrx_word' id='word_1_527' title='bbox 726 4037 878 4111; x_wconf 85' lang='grc' dir='ltr'>Παρά</span> <span class='ocrx_word' id='word_1_528' title='bbox 927 4035 983 4091; x_wconf 75' lang='grc' dir='ltr'><strong>δὲ</strong></span> <span class='ocrx_word' id='word_1_529' title='bbox 1030 4042 1146 4099; x_wconf 88' lang='grc' dir='ltr'>τοῖς</span> <span class='ocrx_word' id='word_1_530' title='bbox 1179 4037 1513 4113; x_wconf 81' lang='grc' dir='ltr'>Αἶγυπτίοις,</span> <span class='ocrx_word' id='word_1_531' title='bbox 1542 4038 1630 4092; x_wconf 83' lang='grc' dir='ltr'><strong>καὶ</strong></span> <span class='ocrx_word' id='word_1_532' title='bbox 1666 4037 1901 4112; x_wconf 85' lang='grc' dir='ltr'>μάλιστα</span> 
     </span>
    </p>
   </div>
   <div class='ocr_carea' id='block_1_76' title="bbox 239 4119 1895 4196">
    <p class='ocr_par' dir='ltr' id='par_1_76' title="bbox 239 4119 1895 4196">
     <span class='ocr_line' id='line_1_77' title="bbox 239 4119 1895 4196; baseline 0.002 -17"><span class='ocrx_word' id='word_1_533' title='bbox 239 4129 366 4185; x_wconf 85' lang='grc' dir='ltr'>τοῖς</span> <span class='ocrx_word' id='word_1_534' title='bbox 423 4119 909 4195; x_wconf 76' lang='grc' dir='ltr'>Ταϐεννησιώταις,</span> <span class='ocrx_word' id='word_1_535' title='bbox 965 4126 1200 4196; x_wconf 71' lang='grc' dir='ltr'>τοσαύτη</span> <span class='ocrx_word' id='word_1_536' title='bbox 1262 4127 1442 4196; x_wconf 71' lang='grc' dir='ltr'>σιωπὴ</span> <span class='ocrx_word' id='word_1_537' title='bbox 1504 4127 1606 4181; x_wconf 86' lang='grc' dir='ltr'>ὑπὸ</span> <span class='ocrx_word' id='word_1_538' title='bbox 1684 4127 1895 4183; x_wconf 84' lang='grc' dir='ltr'>πάντων</span> 
     </span>
    </p>
   </div>
   <div class='ocr_carea' id='block_1_77' title="bbox 243 4212 1900 4290">
    <p class='ocr_par' dir='ltr' id='par_1_77' title="bbox 243 4212 1900 4290">
     <span class='ocr_line' id='line_1_78' title="bbox 243 4212 1900 4290; baseline 0.003 -23"><span class='ocrx_word' id='word_1_539' title='bbox 243 4212 571 4289; x_wconf 76' lang='grc' dir='ltr'>παρέχεται,</span> <span class='ocrx_word' id='word_1_540' title='bbox 604 4215 763 4284; x_wconf 78' lang='grc' dir='ltr'>ἡνίκα</span> <span class='ocrx_word' id='word_1_541' title='bbox 795 4215 870 4276; x_wconf 79' lang='grc' dir='ltr'>εἷς</span> <span class='ocrx_word' id='word_1_542' title='bbox 899 4220 1155 4270; x_wconf 75' lang='grc' dir='ltr'>τοσοῦτον</span> <span class='ocrx_word' id='word_1_543' title='bbox 1189 4215 1402 4284; x_wconf 90' lang='grc' dir='ltr'>πλῆθος</span> <span class='ocrx_word' id='word_1_544' title='bbox 1453 4215 1900 4290; x_wconf 80' lang='grc' dir='ltr'>πολυαρίομητον</span> 
     </span>
    </p>
   </div>
   <div class='ocr_carea' id='block_1_78' title="bbox 241 4300 1896 4381">
    <p class='ocr_par' dir='ltr' id='par_1_78' title="bbox 241 4300 1896 4381">
     <span class='ocr_line' id='line_1_79' title="bbox 241 4300 1896 4381; baseline 0.003 -25"><span class='ocrx_word' id='word_1_545' title='bbox 241 4308 356 4357; x_wconf 81' lang='grc' dir='ltr'><strong>τῶν</strong></span> <span class='ocrx_word' id='word_1_546' title='bbox 419 4300 666 4381; x_wconf 76' lang='grc' dir='ltr'>ἀδελφῶν</span> <span class='ocrx_word' id='word_1_547' title='bbox 725 4305 860 4358; x_wconf 74' lang='grc' dir='ltr'>κατὰ</span> <span class='ocrx_word' id='word_1_548' title='bbox 913 4305 1004 4358; x_wconf 87' lang='grc' dir='ltr'>τὸν</span> <span class='ocrx_word' id='word_1_549' title='bbox 1065 4306 1248 4378; x_wconf 85' lang='grc' dir='ltr'>καιρὸν</span> <span class='ocrx_word' id='word_1_550' title='bbox 1317 4309 1417 4369; x_wconf 78' lang='grc' dir='ltr'><strong>τῆς</strong></span> <span class='ocrx_word' id='word_1_551' title='bbox 1475 4305 1740 4374; x_wconf 77' lang='grc' dir='ltr'>συνάξεως</span> <span class='ocrx_word' id='word_1_552' title='bbox 1800 4311 1896 4376; x_wconf 76' lang='grc' dir='ltr'><strong>τῆς</strong></span> 
     </span>
    </p>
   </div>
   <div class='ocr_carea' id='block_1_79' title="bbox 239 4391 1900 4470">
    <p class='ocr_par' dir='ltr' id='par_1_79' title="bbox 239 4391 1900 4470">
     <span class='ocr_line' id='line_1_80' title="bbox 239 4391 1900 4470; baseline 0.002 -24"><span class='ocrx_word' id='word_1_553' title='bbox 239 4392 519 4466; x_wconf 80' lang='grc' dir='ltr'>τραπέζης</span> <span class='ocrx_word' id='word_1_554' title='bbox 549 4391 746 4464; x_wconf 67' lang='grc' dir='ltr'>αὐτῶν,</span> <span class='ocrx_word' id='word_1_555' title='bbox 796 4392 926 4462; x_wconf 79' lang='grc' dir='ltr'>ὅσην</span> <span class='ocrx_word' id='word_1_556' title='bbox 980 4391 1171 4468; x_wconf 76' lang='grc' dir='ltr'>σχεδὸν</span> <span class='ocrx_word' id='word_1_557' title='bbox 1219 4391 1268 4448; x_wconf 87' lang='grc' dir='ltr'><strong>έν</strong></span> <span class='ocrx_word' id='word_1_558' title='bbox 1319 4393 1512 4456; x_wconf 76' lang='grc' dir='ltr'>ἄλλοις</span> <span class='ocrx_word' id='word_1_559' title='bbox 1551 4396 1624 4467; x_wconf 75' lang='grc' dir='ltr'>μὴ</span> <span class='ocrx_word' id='word_1_560' title='bbox 1659 4393 1900 4470; x_wconf 74' lang='grc' dir='ltr'>εὑρίσκε-</span> 
     </span>
    </p>
   </div>
   <div class='ocr_carea' id='block_1_80' title="bbox 243 4481 1898 4559">
    <p class='ocr_par' dir='ltr' id='par_1_80' title="bbox 243 4481 1898 4559">
     <span class='ocr_line' id='line_1_81' title="bbox 243 4481 1898 4559; baseline 0.003 -25"><span class='ocrx_word' id='word_1_561' title='bbox 243 4484 393 4550; x_wconf 88' lang='grc' dir='ltr'>σθαι,</span> <span class='ocrx_word' id='word_1_562' title='bbox 458 4481 630 4542; x_wconf 75' lang='grc' dir='ltr'>οὕτως</span> <span class='ocrx_word' id='word_1_563' title='bbox 689 4482 763 4543; x_wconf 85' lang='grc' dir='ltr'>ὡς</span> <span class='ocrx_word' id='word_1_564' title='bbox 826 4484 900 4554; x_wconf 79' lang='grc' dir='ltr'>μὴ</span> <span class='ocrx_word' id='word_1_565' title='bbox 956 4481 1166 4555; x_wconf 78' lang='grc' dir='ltr'>τολμᾷν</span> <span class='ocrx_word' id='word_1_566' title='bbox 1228 4483 1420 4557; x_wconf 80' lang='grc' dir='ltr'>βρῆξαί</span> <span class='ocrx_word' id='word_1_567' title='bbox 1467 4505 1587 4538; x_wconf 79' lang='grc' dir='ltr'>τιτα</span> <span class='ocrx_word' id='word_1_568' title='bbox 1633 4486 1898 4559; x_wconf 86' lang='grc' dir='ltr'>παρεκτὸς</span> 
     </span>
    </p>
   </div>
   <div class='ocr_carea' id='block_1_81' title="bbox 242 4569 1901 4649">
    <p class='ocr_par' dir='ltr' id='par_1_81' title="bbox 242 4569 1901 4649">
     <span class='ocr_line' id='line_1_82' title="bbox 242 4569 1901 4649; baseline 0.002 -25"><span class='ocrx_word' id='word_1_569' title='bbox 242 4575 350 4624; x_wconf 73' lang='grc' dir='ltr'>τοῦ</span> <span class='ocrx_word' id='word_1_570' title='bbox 381 4571 640 4646; x_wconf 80' lang='grc' dir='ltr'>ἀρχηγοῦ</span> <span class='ocrx_word' id='word_1_571' title='bbox 669 4577 768 4639; x_wconf 85' lang='grc' dir='ltr'><strong>τῆς</strong></span> <span class='ocrx_word' id='word_1_572' title='bbox 804 4571 1094 4644; x_wconf 82' lang='grc' dir='ltr'>τραπέζης,</span> <span class='ocrx_word' id='word_1_573' title='bbox 1142 4573 1309 4636; x_wconf 73' lang='grc' dir='ltr'>ὅστις,</span> <span class='ocrx_word' id='word_1_574' title='bbox 1346 4569 1400 4626; x_wconf 72' lang='grc' dir='ltr'><strong>εἶ’</strong></span> <span class='ocrx_word' id='word_1_575' title='bbox 1425 4594 1572 4635; x_wconf 89' lang='grc' dir='ltr'>τινος</span> <span class='ocrx_word' id='word_1_576' title='bbox 1605 4573 1765 4648; x_wconf 86' lang='grc' dir='ltr'>χρεία</span> <span class='ocrx_word' id='word_1_577' title='bbox 1814 4573 1901 4649; x_wconf 87' lang='grc' dir='ltr'>γέ-</span> 
     </span>
    </p>
   </div>
   <div class='ocr_carea' id='block_1_82' title="bbox 2017 3417 3659 3490">
    <p class='ocr_par' dir='ltr' id='par_1_82' title="bbox 2017 3417 3659 3490">
     <span class='ocr_line' id='line_1_83' title="bbox 2017 3417 3659 3490; baseline 0.001 -18"><span class='ocrx_word' id='word_1_578' title='bbox 2017 3418 2324 3488; x_wconf 88' lang='lat' dir='ltr'><strong>majorem.</strong></span> <span class='ocrx_word' id='word_1_579' title='bbox 2358 3417 2519 3480; x_wconf 89' lang='lat' dir='ltr'><strong>Quod</strong></span> <span class='ocrx_word' id='word_1_580' title='bbox 2552 3417 2600 3471; x_wconf 88' lang='lat' dir='ltr'><strong>si</strong></span> <span class='ocrx_word' id='word_1_581' title='bbox 2633 3433 2744 3471; x_wconf 91' lang='lat' dir='ltr'><strong>non</strong></span> <span class='ocrx_word' id='word_1_582' title='bbox 2808 3417 3137 3490; x_wconf 87' lang='lat' dir='ltr'><strong>resipuerit,</strong></span> <span class='ocrx_word' id='word_1_583' title='bbox 3188 3435 3257 3474; x_wconf 83' lang='lat' dir='ltr'><strong>ex</strong></span> <span class='ocrx_word' id='word_1_584' title='bbox 3306 3418 3659 3474; x_wconf 88' lang='lat' dir='ltr'><strong>monasterio</strong></span> 
     </span>
    </p>
   </div>
   <div class='ocr_carea' id='block_1_83' title="bbox 2017 3505 2268 3576">
    <p class='ocr_par' dir='ltr' id='par_1_83' title="bbox 2017 3505 2268 3576">
     <span class='ocr_line' id='line_1_84' title="bbox 2017 3505 2268 3576; baseline -0.004 -16"><span class='ocrx_word' id='word_1_585' title='bbox 2017 3505 2268 3576; x_wconf 84' lang='lat' dir='ltr'><strong>ejicitur.</strong></span> 
     </span>
    </p>
   </div>
   <div class='ocr_carea' id='block_1_84' title="bbox 2087 3591 3658 3666">
    <p class='ocr_par' dir='ltr' id='par_1_84' title="bbox 2087 3591 3658 3666">
     <span class='ocr_line' id='line_1_85' title="bbox 2087 3591 3658 3666; baseline 0.002 -20"><span class='ocrx_word' id='word_1_586' title='bbox 2087 3595 2140 3649; x_wconf 90' lang='lat'><strong>7.</strong></span> <span class='ocrx_word' id='word_1_587' title='bbox 2177 3594 2288 3665; x_wconf 76' lang='lat'><strong>(5&#39;1)</strong></span> <span class='ocrx_word' id='word_1_588' title='bbox 2315 3594 2474 3660; x_wconf 87' lang='lat' dir='ltr'><strong>Quod</strong></span> <span class='ocrx_word' id='word_1_589' title='bbox 2510 3598 2702 3649; x_wconf 85' lang='lat' dir='ltr'><strong>autem</strong></span> <span class='ocrx_word' id='word_1_590' title='bbox 2728 3594 2783 3649; x_wconf 89' lang='lat' dir='ltr'><strong>in</strong></span> <span class='ocrx_word' id='word_1_591' title='bbox 2814 3593 3168 3666; x_wconf 89' lang='lat' dir='ltr'><strong>quibusdam</strong></span> <span class='ocrx_word' id='word_1_592' title='bbox 3195 3591 3658 3663; x_wconf 75' lang='lat' dir='ltr'><strong>cmnobiis,tem-</strong></span> 
     </span>
    </p>
   </div>
   <div class='ocr_carea' id='block_1_85' title="bbox 2018 3681 3660 3754">
    <p class='ocr_par' dir='ltr' id='par_1_85' title="bbox 2018 3681 3660 3754">
     <span class='ocr_line' id='line_1_86' title="bbox 2018 3681 3660 3754; baseline -0.002 -17"><span class='ocrx_word' id='word_1_593' title='bbox 2018 3698 2153 3753; x_wconf 90' lang='lat' dir='ltr'><strong>pore</strong></span> <span class='ocrx_word' id='word_1_594' title='bbox 2181 3681 2559 3737; x_wconf 86' lang='lat' dir='ltr'><strong>comestionis</strong></span> <span class='ocrx_word' id='word_1_595' title='bbox 2593 3682 2760 3737; x_wconf 86' lang='lat' dir='ltr'><strong>lectio</strong></span> <span class='ocrx_word' id='word_1_596' title='bbox 2794 3682 3098 3750; x_wconf 83' lang='lat' dir='ltr'><strong>habeatur,</strong></span> <span class='ocrx_word' id='word_1_597' title='bbox 3132 3683 3186 3736; x_wconf 92' lang='lat' dir='ltr'><strong>id</strong></span> <span class='ocrx_word' id='word_1_598' title='bbox 3237 3700 3350 3737; x_wconf 92' lang='lat' dir='ltr'><strong>non</strong></span> <span class='ocrx_word' id='word_1_599' title='bbox 3393 3699 3461 3736; x_wconf 84' lang='lat' dir='ltr'><strong>ex</strong></span> <span class='ocrx_word' id='word_1_600' title='bbox 3491 3683 3660 3754; x_wconf 63' lang='lat' dir='ltr'><strong>JEgy-</strong></span> 
     </span>
    </p>
   </div>
   <div class='ocr_carea' id='block_1_86' title="bbox 2016 3769 3656 3842">
    <p class='ocr_par' dir='ltr' id='par_1_86' title="bbox 2016 3769 3656 3842">
     <span class='ocr_line' id='line_1_87' title="bbox 2016 3769 3656 3842; baseline 0 -19"><span class='ocrx_word' id='word_1_601' title='bbox 2016 3771 2297 3842; x_wconf 88' lang='lat' dir='ltr'><strong>ptiorum,</strong></span> <span class='ocrx_word' id='word_1_602' title='bbox 2331 3772 2427 3826; x_wconf 89' lang='lat' dir='ltr'><strong>sed</strong></span> <span class='ocrx_word' id='word_1_603' title='bbox 2465 3788 2531 3826; x_wconf 85' lang='lat' dir='ltr'><strong>ex</strong></span> <span class='ocrx_word' id='word_1_604' title='bbox 2563 3773 2970 3842; x_wconf 80' lang='lat' dir='ltr'><strong>Cappadocum</strong></span> <span class='ocrx_word' id='word_1_605' title='bbox 3035 3769 3231 3842; x_wconf 89' lang='lat' dir='ltr'><strong>regula</strong></span> <span class='ocrx_word' id='word_1_606' title='bbox 3293 3771 3656 3837; x_wconf 79' lang='lat' dir='ltr'><strong>observatur,</strong></span> 
     </span>
    </p>
   </div>
   <div class='ocr_carea' id='block_1_87' title="bbox 2013 3859 3651 3931">
    <p class='ocr_par' dir='ltr' id='par_1_87' title="bbox 2013 3859 3651 3931">
     <span class='ocr_line' id='line_1_88' title="bbox 2013 3859 3651 3931; baseline -0.001 -18"><span class='ocrx_word' id='word_1_607' title='bbox 2013 3861 2113 3930; x_wconf 86' lang='lat' dir='ltr'><strong>qui</strong></span> <span class='ocrx_word' id='word_1_608' title='bbox 2145 3877 2256 3914; x_wconf 86' lang='lat' dir='ltr'><strong>non</strong></span> <span class='ocrx_word' id='word_1_609' title='bbox 2290 3865 2408 3914; x_wconf 91' lang='lat' dir='ltr'><strong>tam</strong></span> <span class='ocrx_word' id='word_1_610' title='bbox 2443 3860 2768 3931; x_wconf 87' lang='lat' dir='ltr'><strong>spiritualis</strong></span> <span class='ocrx_word' id='word_1_611' title='bbox 2793 3859 3240 3924; x_wconf 87' lang='lat' dir='ltr'><strong>exercitationis,</strong></span> <span class='ocrx_word' id='word_1_612' title='bbox 3268 3875 3443 3930; x_wconf 89' lang='lat' dir='ltr'><strong>quam</strong></span> <span class='ocrx_word' id='word_1_613' title='bbox 3490 3859 3651 3929; x_wconf 85' lang='lat' dir='ltr'><strong>quie-</strong></span> 
     </span>
    </p>
   </div>
   <div class='ocr_carea' id='block_1_88' title="bbox 2011 3946 3647 4020">
    <p class='ocr_par' dir='ltr' id='par_1_88' title="bbox 2011 3946 3647 4020">
     <span class='ocr_line' id='line_1_89' title="bbox 2011 3946 3647 4020; baseline -0.001 -18"><span class='ocrx_word' id='word_1_614' title='bbox 2011 3949 2107 4012; x_wconf 86' lang='lat' dir='ltr'><strong>tis,</strong></span> <span class='ocrx_word' id='word_1_615' title='bbox 2143 3953 2197 4002; x_wconf 82' lang='lat' dir='ltr'><strong>et</strong></span> <span class='ocrx_word' id='word_1_616' title='bbox 2229 3947 2502 4020; x_wconf 74' lang='lat' dir='ltr'><strong>colloquii</strong></span> <span class='ocrx_word' id='word_1_617' title='bbox 2534 3947 2752 4002; x_wconf 89' lang='lat' dir='ltr'><strong>vitandi</strong></span> <span class='ocrx_word' id='word_1_618' title='bbox 2783 3950 2974 4020; x_wconf 88' lang='lat' dir='ltr'><strong>gratia</strong></span> <span class='ocrx_word' id='word_1_619' title='bbox 3007 3946 3147 4002; x_wconf 84' lang='lat' dir='ltr'><strong>illud</strong></span> <span class='ocrx_word' id='word_1_620' title='bbox 3197 3947 3647 4002; x_wconf 84' lang='lat' dir='ltr'><strong>constituerunt.</strong></span> 
     </span>
    </p>
   </div>
   <div class='ocr_carea' id='block_1_89' title="bbox 2009 4035 3649 4110">
    <p class='ocr_par' dir='ltr' id='par_1_89' title="bbox 2009 4035 3649 4110">
     <span class='ocr_line' id='line_1_90' title="bbox 2009 4035 3649 4110; baseline -0.002 -18"><span class='ocrx_word' id='word_1_621' title='bbox 2009 4038 2177 4108; x_wconf 85' lang='lat' dir='ltr'><strong>Apud</strong></span> <span class='ocrx_word' id='word_1_622' title='bbox 2209 4037 2500 4110; x_wconf 70' lang='lat' dir='ltr'><strong>Egyptios</strong></span> <span class='ocrx_word' id='word_1_623' title='bbox 2531 4043 2748 4103; x_wconf 89' lang='lat' dir='ltr'><strong>autem,</strong></span> <span class='ocrx_word' id='word_1_624' title='bbox 2784 4036 3035 4092; x_wconf 84' lang='lat' dir='ltr'><strong>maxime</strong></span> <span class='ocrx_word' id='word_1_625' title='bbox 3068 4053 3201 4091; x_wconf 89' lang='lat' dir='ltr'><strong>vero</strong></span> <span class='ocrx_word' id='word_1_626' title='bbox 3232 4036 3386 4108; x_wconf 90' lang='lat' dir='ltr'><strong>apud</strong></span> <span class='ocrx_word' id='word_1_627' title='bbox 3421 4035 3649 4090; x_wconf 84' lang='lat' dir='ltr'><strong>Taben-</strong></span> 
     </span>
    </p>
   </div>
   <div class='ocr_carea' id='block_1_90' title="bbox 2009 4123 3648 4193">
    <p class='ocr_par' dir='ltr' id='par_1_90' title="bbox 2009 4123 3648 4193">
     <span class='ocr_line' id='line_1_91' title="bbox 2009 4123 3648 4193; baseline -0.001 -13"><span class='ocrx_word' id='word_1_628' title='bbox 2009 4125 2289 4193; x_wconf 89' lang='lat' dir='ltr'><strong>nesiotas,</strong></span> <span class='ocrx_word' id='word_1_629' title='bbox 2323 4131 2548 4180; x_wconf 90' lang='lat' dir='ltr'><strong>tantum</strong></span> <span class='ocrx_word' id='word_1_630' title='bbox 2582 4130 2848 4181; x_wconf 88' lang='lat' dir='ltr'><strong>servatur</strong></span> <span class='ocrx_word' id='word_1_631' title='bbox 2879 4125 2950 4180; x_wconf 89' lang='lat' dir='ltr'><strong>ab</strong></span> <span class='ocrx_word' id='word_1_632' title='bbox 2996 4126 3271 4180; x_wconf 90' lang='lat' dir='ltr'><strong>omnibus</strong></span> <span class='ocrx_word' id='word_1_633' title='bbox 3321 4123 3648 4191; x_wconf 89' lang='lat' dir='ltr'><strong>silentium,</strong></span> 
     </span>
    </p>
   </div>
   <div class='ocr_carea' id='block_1_91' title="bbox 2010 4214 3652 4286">
    <p class='ocr_par' dir='ltr' id='par_1_91' title="bbox 2010 4214 3652 4286">
     <span class='ocr_line' id='line_1_92' title="bbox 2010 4214 3652 4286; baseline -0.001 -18"><span class='ocrx_word' id='word_1_634' title='bbox 2010 4230 2143 4269; x_wconf 87' lang='lat' dir='ltr'><strong>cum</strong></span> <span class='ocrx_word' id='word_1_635' title='bbox 2175 4215 2382 4286; x_wconf 90' lang='lat' dir='ltr'><strong>ingens</strong></span> <span class='ocrx_word' id='word_1_636' title='bbox 2415 4214 2515 4268; x_wconf 91' lang='lat' dir='ltr'><strong>illa</strong></span> <span class='ocrx_word' id='word_1_637' title='bbox 2546 4214 2860 4270; x_wconf 90' lang='lat' dir='ltr'><strong>multitudo</strong></span> <span class='ocrx_word' id='word_1_638' title='bbox 2893 4215 3138 4269; x_wconf 82' lang='lat' dir='ltr'><strong>fratrum</strong></span> <span class='ocrx_word' id='word_1_639' title='bbox 3173 4220 3429 4285; x_wconf 90' lang='lat' dir='ltr'><strong>tempore</strong></span> <span class='ocrx_word' id='word_1_640' title='bbox 3461 4229 3652 4267; x_wconf 86' lang='lat' dir='ltr'><strong>come-</strong></span> 
     </span>
    </p>
   </div>
   <div class='ocr_carea' id='block_1_92' title="bbox 2008 4301 3654 4375">
    <p class='ocr_par' dir='ltr' id='par_1_92' title="bbox 2008 4301 3654 4375">
     <span class='ocr_line' id='line_1_93' title="bbox 2008 4301 3654 4375; baseline -0.002 -17"><span class='ocrx_word' id='word_1_641' title='bbox 2008 4303 2216 4358; x_wconf 85' lang='lat' dir='ltr'><strong>stionis</strong></span> <span class='ocrx_word' id='word_1_642' title='bbox 2232 4311 2620 4375; x_wconf 84' lang='lat' dir='ltr'><strong>congregatur</strong></span> <span class='ocrx_word' id='word_1_643' title='bbox 2641 4305 2710 4360; x_wconf 87' lang='lat' dir='ltr'><strong>ad</strong></span> <span class='ocrx_word' id='word_1_644' title='bbox 2737 4320 3032 4370; x_wconf 87' lang='lat' dir='ltr'><strong>mensam;</strong></span> <span class='ocrx_word' id='word_1_645' title='bbox 3060 4309 3122 4358; x_wconf 89' lang='lat' dir='ltr'><strong>ut</strong></span> <span class='ocrx_word' id='word_1_646' title='bbox 3143 4303 3232 4357; x_wconf 88' lang='lat' dir='ltr'><strong>vix</strong></span> <span class='ocrx_word' id='word_1_647' title='bbox 3257 4303 3558 4374; x_wconf 90' lang='lat' dir='ltr'><strong>quidpiam</strong></span> <span class='ocrx_word' id='word_1_648' title='bbox 3575 4301 3654 4356; x_wconf 89' lang='lat' dir='ltr'><strong>si-</strong></span> 
     </span>
    </p>
   </div>
   <div class='ocr_carea' id='block_1_93' title="bbox 2011 4391 3652 4465">
    <p class='ocr_par' dir='ltr' id='par_1_93' title="bbox 2011 4391 3652 4465">
     <span class='ocr_line' id='line_1_94' title="bbox 2011 4391 3652 4465; baseline -0.001 -18"><span class='ocrx_word' id='word_1_649' title='bbox 2011 4392 2148 4447; x_wconf 88' lang='lat' dir='ltr'><strong>mile</strong></span> <span class='ocrx_word' id='word_1_650' title='bbox 2175 4393 2230 4446; x_wconf 91' lang='lat' dir='ltr'><strong>in</strong></span> <span class='ocrx_word' id='word_1_651' title='bbox 2252 4392 2382 4448; x_wconf 90' lang='lat' dir='ltr'><strong>aliis</strong></span> <span class='ocrx_word' id='word_1_652' title='bbox 2411 4393 2736 4465; x_wconf 89' lang='lat' dir='ltr'><strong>reperiatur</strong></span> <span class='ocrx_word' id='word_1_653' title='bbox 2759 4393 2931 4460; x_wconf 85' lang='lat' dir='ltr'><strong>;adeo</strong></span> <span class='ocrx_word' id='word_1_654' title='bbox 2953 4399 3015 4448; x_wconf 87' lang='lat' dir='ltr'><strong>ut</strong></span> <span class='ocrx_word' id='word_1_655' title='bbox 3036 4410 3104 4447; x_wconf 89' lang='lat' dir='ltr'><strong>ne</strong></span> <span class='ocrx_word' id='word_1_656' title='bbox 3129 4408 3392 4448; x_wconf 85' lang='lat' dir='ltr'><strong>excreare</strong></span> <span class='ocrx_word' id='word_1_657' title='bbox 3413 4391 3652 4462; x_wconf 87' lang='lat' dir='ltr'><strong>quidem</strong></span> 
     </span>
    </p>
   </div>
   <div class='ocr_carea' id='block_1_94' title="bbox 2009 4479 3655 4554">
    <p class='ocr_par' dir='ltr' id='par_1_94' title="bbox 2009 4479 3655 4554">
     <span class='ocr_line' id='line_1_95' title="bbox 2009 4479 3655 4554; baseline -0.002 -17"><span class='ocrx_word' id='word_1_658' title='bbox 2009 4484 2165 4538; x_wconf 88' lang='lat' dir='ltr'><strong>ausit</strong></span> <span class='ocrx_word' id='word_1_659' title='bbox 2197 4484 2536 4554; x_wconf 89' lang='lat' dir='ltr'><strong>quisquam,</strong></span> <span class='ocrx_word' id='word_1_660' title='bbox 2560 4488 2796 4553; x_wconf 84' lang='lat' dir='ltr'><strong>excepto</strong></span> <span class='ocrx_word' id='word_1_661' title='bbox 2821 4499 3033 4536; x_wconf 65' lang='lat' dir='ltr'><strong>mensae</strong></span> <span class='ocrx_word' id='word_1_662' title='bbox 3069 4483 3359 4554; x_wconf 71' lang='lat' dir='ltr'><strong>praefecto,</strong></span> <span class='ocrx_word' id='word_1_663' title='bbox 3385 4479 3484 4550; x_wconf 91' lang='lat' dir='ltr'><strong>qui</strong></span> <span class='ocrx_word' id='word_1_664' title='bbox 3515 4479 3562 4535; x_wconf 90' lang='lat' dir='ltr'><strong>si</strong></span> <span class='ocrx_word' id='word_1_665' title='bbox 3597 4494 3655 4533; x_wconf 92' lang='lat' dir='ltr'><strong>re</strong></span> 
     </span>
    </p>
   </div>
   <div class='ocr_carea' id='block_1_95' title="bbox 2009 4568 3653 4644">
    <p class='ocr_par' dir='ltr' id='par_1_95' title="bbox 2009 4568 3653 4644">
     <span class='ocr_line' id='line_1_96' title="bbox 2009 4568 3653 4644; baseline -0.002 -18"><span class='ocrx_word' id='word_1_666' title='bbox 2009 4573 2285 4644; x_wconf 87' lang='lat' dir='ltr'><strong>quapiam</strong></span> <span class='ocrx_word' id='word_1_667' title='bbox 2323 4573 2401 4627; x_wconf 91' lang='lat' dir='ltr'><strong>sit</strong></span> <span class='ocrx_word' id='word_1_668' title='bbox 2431 4589 2598 4642; x_wconf 89' lang='lat' dir='ltr'><strong>opus,</strong></span> <span class='ocrx_word' id='word_1_669' title='bbox 2633 4570 2962 4642; x_wconf 89' lang='lat' dir='ltr'><strong>pulsatione</strong></span> <span class='ocrx_word' id='word_1_670' title='bbox 2997 4571 3188 4642; x_wconf 88' lang='lat' dir='ltr'><strong>potius</strong></span> <span class='ocrx_word' id='word_1_671' title='bbox 3221 4587 3396 4641; x_wconf 85' lang='lat' dir='ltr'><strong>quam</strong></span> <span class='ocrx_word' id='word_1_672' title='bbox 3428 4585 3565 4624; x_wconf 86' lang='lat' dir='ltr'><strong>voce</strong></span> <span class='ocrx_word' id='word_1_673' title='bbox 3596 4568 3653 4622; x_wconf 90' lang='lat' dir='ltr'><strong>id</strong></span> 
     </span>
    </p>
   </div>
   <div class='ocr_carea' id='block_1_96' title="bbox 243 4657 1905 4750">
    <p class='ocr_par' dir='ltr' id='par_1_96' title="bbox 243 4658 1896 4738">
     <span class='ocr_line' id='line_1_97' title="bbox 243 4658 1896 4738; baseline 0.003 -26"><span class='ocrx_word' id='word_1_674' title='bbox 243 4681 402 4728; x_wconf 79' lang='grc' dir='ltr'>νηται</span> <span class='ocrx_word' id='word_1_675' title='bbox 461 4658 760 4734; x_wconf 67' lang='grc' dir='ltr'>κροῦσματι</span> <span class='ocrx_word' id='word_1_676' title='bbox 822 4659 1034 4730; x_wconf 74' lang='grc' dir='ltr'>μᾶλλον</span> <span class='ocrx_word' id='word_1_677' title='bbox 1085 4662 1117 4730; x_wconf 74' lang='grc' dir='ltr'><strong>ἢ</strong></span> <span class='ocrx_word' id='word_1_678' title='bbox 1175 4665 1324 4738; x_wconf 62' lang='grc' dir='ltr'><strong>φωνῇ</strong></span> <span class='ocrx_word' id='word_1_679' title='bbox 1380 4665 1540 4715; x_wconf 76' lang='grc' dir='ltr'>τοῦτο</span> <span class='ocrx_word' id='word_1_680' title='bbox 1621 4663 1896 4735; x_wconf 85' lang='grc' dir='ltr'>σημαίνει.</span> 
     </span>
    </p>
   </div>
   <div class='ocr_carea' id='block_1_97' title="bbox 2024 4657 3652 4750">
    <p class='ocr_par' dir='ltr' id='par_1_97' title="bbox 2024 4657 3652 4731">
     <span class='ocr_line' id='line_1_98' title="bbox 2024 4657 3652 4731; baseline -0.002 -16"><span class='ocrx_word' id='word_1_681' title='bbox 2024 4661 2319 4731; x_wconf 72' lang='lat' dir='ltr'><strong>signiﬁcat.</strong></span> <span class='ocrx_word' id='word_1_682' title='bbox 2353 4659 2620 4715; x_wconf 89' lang='lat' dir='ltr'><strong>Cucullas</strong></span> <span class='ocrx_word' id='word_1_683' title='bbox 2653 4667 2871 4726; x_wconf 86' lang='lat' dir='ltr'><strong>autem,</strong></span> <span class='ocrx_word' id='word_1_684' title='bbox 2907 4660 3083 4714; x_wconf 88' lang='lat' dir='ltr'><strong>etiam</strong></span> <span class='ocrx_word' id='word_1_685' title='bbox 3146 4660 3296 4713; x_wconf 83' lang='lat' dir='ltr'><strong>infra</strong></span> <span class='ocrx_word' id='word_1_686' title='bbox 3346 4657 3652 4729; x_wconf 83' lang='lat' dir='ltr'><strong>palpebras</strong></span> 
     </span>
    </p>
   </div>
   <div class='ocr_carea' id='block_1_98' title="bbox 248 4744 1895 4825">
    <p class='ocr_par' dir='ltr' id='par_1_98' title="bbox 248 4744 1895 4825">
     <span class='ocr_line' id='line_1_99' title="bbox 248 4744 1895 4825; baseline -0.001 -22"><span class='ocrx_word' id='word_1_687' title='bbox 248 4747 353 4803; x_wconf 72' lang='grc' dir='ltr'><strong>Καὶ</strong></span> <span class='ocrx_word' id='word_1_688' title='bbox 402 4748 471 4801; x_wconf 73' lang='grc' dir='ltr'>τὰ</span> <span class='ocrx_word' id='word_1_689' title='bbox 515 4745 816 4801; x_wconf 70' lang='grc' dir='ltr'>κουκούλια</span> <span class='ocrx_word' id='word_1_690' title='bbox 863 4744 966 4808; x_wconf 78' lang='grc' dir='ltr'>ἓως</span> <span class='ocrx_word' id='word_1_691' title='bbox 1005 4747 1150 4802; x_wconf 90' lang='grc' dir='ltr'>κάτω</span> <span class='ocrx_word' id='word_1_692' title='bbox 1178 4753 1287 4802; x_wconf 79' lang='grc' dir='ltr'>τῶν</span> <span class='ocrx_word' id='word_1_693' title='bbox 1321 4747 1604 4824; x_wconf 76' lang='grc' dir='ltr'>βλεφάρων</span> <span class='ocrx_word' id='word_1_694' title='bbox 1641 4753 1895 4825; x_wconf 68' lang='grc' dir='ltr'>φοροῦσιν</span> 
     </span>
    </p>
   </div>
   <div class='ocr_carea' id='block_1_99' title="bbox 248 4829 1896 4913">
    <p class='ocr_par' dir='ltr' id='par_1_99' title="bbox 248 4829 1896 4913">
     <span class='ocr_line' id='line_1_100' title="bbox 248 4829 1896 4913; baseline 0 -23"><span class='ocrx_word' id='word_1_695' title='bbox 248 4833 423 4906; x_wconf 72' lang='grc' dir='ltr'>οὗτοι,</span> <span class='ocrx_word' id='word_1_696' title='bbox 483 4835 574 4888; x_wconf 81' lang='grc' dir='ltr'>ἳνα</span> <span class='ocrx_word' id='word_1_697' title='bbox 633 4837 730 4907; x_wconf 75' lang='grc' dir='ltr'>μὴ,</span> <span class='ocrx_word' id='word_1_698' title='bbox 795 4829 1030 4910; x_wconf 74' lang='grc' dir='ltr'>ῥεμϐοὺς</span> <span class='ocrx_word' id='word_1_699' title='bbox 1095 4835 1220 4897; x_wconf 72' lang='grc' dir='ltr'>τοὺς</span> <span class='ocrx_word' id='word_1_700' title='bbox 1278 4835 1596 4913; x_wconf 73' lang='grc' dir='ltr'>ὀφθαλμοὺς</span> <span class='ocrx_word' id='word_1_701' title='bbox 1655 4832 1896 4912; x_wconf 78' lang='grc' dir='ltr'>ἔχοντες,</span> 
     </span>
    </p>
   </div>
   <div class='ocr_carea' id='block_1_100' title="bbox 247 4922 1898 5001">
    <p class='ocr_par' dir='ltr' id='par_1_100' title="bbox 247 4922 1898 5001">
     <span class='ocr_line' id='line_1_101' title="bbox 247 4922 1898 5001; baseline 0.001 -23"><span class='ocrx_word' id='word_1_702' title='bbox 247 4923 662 5000; x_wconf 76' lang='grc' dir='ltr'>περιεργότερον</span> <span class='ocrx_word' id='word_1_703' title='bbox 698 4923 969 4994; x_wconf 79' lang='grc' dir='ltr'>ἀλλήλοις</span> <span class='ocrx_word' id='word_1_704' title='bbox 999 4924 1246 5001; x_wconf 78' lang='grc' dir='ltr'>ἐνορῶσι·</span> <span class='ocrx_word' id='word_1_705' title='bbox 1289 4929 1356 4998; x_wconf 83' lang='grc' dir='ltr'>τῇ</span> <span class='ocrx_word' id='word_1_706' title='bbox 1409 4922 1464 4979; x_wconf 77' lang='grc' dir='ltr'>δέ</span> <span class='ocrx_word' id='word_1_707' title='bbox 1511 4927 1748 5000; x_wconf 81' lang='grc' dir='ltr'>τραπέζῃ</span> <span class='ocrx_word' id='word_1_708' title='bbox 1803 4925 1898 4998; x_wconf 87' lang='grc' dir='ltr'>μό-</span> 
     </span>
    </p>
   </div>
   <div class='ocr_carea' id='block_1_101' title="bbox 245 5011 1894 5090">
    <p class='ocr_par' dir='ltr' id='par_1_101' title="bbox 245 5011 1894 5090">
     <span class='ocr_line' id='line_1_102' title="bbox 245 5011 1894 5090; baseline 0.001 -23"><span class='ocrx_word' id='word_1_709' title='bbox 245 5035 359 5082; x_wconf 88' lang='grc' dir='ltr'>νον,</span> <span class='ocrx_word' id='word_1_710' title='bbox 394 5013 483 5068; x_wconf 77' lang='grc' dir='ltr'><strong>καὶ</strong></span> <span class='ocrx_word' id='word_1_711' title='bbox 630 5017 726 5067; x_wconf 78' lang='grc' dir='ltr'>τοῖ’)</span> <span class='ocrx_word' id='word_1_712' title='bbox 775 5015 1065 5090; x_wconf 60' lang='grc' dir='ltr'>τρέφοντος</span> <span class='ocrx_word' id='word_1_713' title='bbox 1119 5018 1252 5069; x_wconf 71' lang='grc' dir='ltr'>Θεοῦ</span> <span class='ocrx_word' id='word_1_714' title='bbox 1301 5012 1616 5088; x_wconf 74' lang='grc' dir='ltr'>εὐχαριστίᾳ</span> <span class='ocrx_word' id='word_1_715' title='bbox 1667 5013 1894 5069; x_wconf 83' lang='grc' dir='ltr'>ένατενί-</span> 
     </span>
    </p>
   </div>
   <div class='ocr_carea' id='block_1_102' title="bbox 248 5100 1892 5180">
    <p class='ocr_par' dir='ltr' id='par_1_102' title="bbox 248 5100 1892 5180">
     <span class='ocr_line' id='line_1_103' title="bbox 248 5100 1892 5180; baseline 0 -23"><span class='ocrx_word' id='word_1_716' title='bbox 248 5109 418 5172; x_wconf 82' lang='grc' dir='ltr'>ζουσι.</span> <span class='ocrx_word' id='word_1_717' title='bbox 479 5100 707 5175; x_wconf 87' lang='grc' dir='ltr'>Μεγάλη</span> <span class='ocrx_word' id='word_1_718' title='bbox 770 5101 826 5155; x_wconf 85' lang='grc' dir='ltr'>δέ</span> <span class='ocrx_word' id='word_1_719' title='bbox 873 5100 983 5157; x_wconf 82' lang='grc' dir='ltr'>ἐστι</span> <span class='ocrx_word' id='word_1_720' title='bbox 1037 5100 1253 5180; x_wconf 78' lang='grc' dir='ltr'>φυλακή</span> <span class='ocrx_word' id='word_1_721' title='bbox 1297 5104 1422 5177; x_wconf 86' lang='grc' dir='ltr'>παρ’</span> <span class='ocrx_word' id='word_1_722' title='bbox 1476 5102 1681 5173; x_wconf 77' lang='grc' dir='ltr'>αὐτοῖς,</span> <span class='ocrx_word' id='word_1_723' title='bbox 1745 5102 1892 5165; x_wconf 77' lang='grc' dir='ltr'>ὅπως</span> 
     </span>
    </p>
   </div>
   <div class='ocr_carea' id='block_1_103' title="bbox 249 5188 1892 5272">
    <p class='ocr_par' dir='ltr' id='par_1_103' title="bbox 249 5188 1892 5272">
     <span class='ocr_line' id='line_1_104' title="bbox 249 5188 1892 5272; baseline 0.001 -27"><span class='ocrx_word' id='word_1_724' title='bbox 249 5189 446 5262; x_wconf 79' lang='grc' dir='ltr'>μηδεὶς</span> <span class='ocrx_word' id='word_1_725' title='bbox 496 5193 671 5246; x_wconf 74' lang='grc' dir='ltr'>αὐτῶν</span> <span class='ocrx_word' id='word_1_726' title='bbox 745 5188 934 5261; x_wconf 69' lang='grc' dir='ltr'>ἔξωθεν</span> <span class='ocrx_word' id='word_1_727' title='bbox 997 5199 1097 5262; x_wconf 89' lang='grc' dir='ltr'><strong>τῆς</strong></span> <span class='ocrx_word' id='word_1_728' title='bbox 1144 5191 1414 5269; x_wconf 76' lang='grc' dir='ltr'>τραπέζης</span> <span class='ocrx_word' id='word_1_729' title='bbox 1469 5193 1677 5272; x_wconf 76' lang='grc' dir='ltr'>τροφῆς</span> <span class='ocrx_word' id='word_1_730' title='bbox 1734 5213 1892 5265; x_wconf 85' lang='grc' dir='ltr'>μετα-</span> 
     </span>
    </p>
   </div>
   <div class='ocr_carea' id='block_1_104' title="bbox 246 5277 414 5354">
    <p class='ocr_par' dir='ltr' id='par_1_104' title="bbox 246 5277 414 5354">
     <span class='ocr_line' id='line_1_105' title="bbox 246 5277 414 5354; baseline 0.018 -19"><span class='ocrx_word' id='word_1_731' title='bbox 246 5277 414 5354; x_wconf 67' lang='grc' dir='ltr'>λάϐῃ.</span> 
     </span>
    </p>
   </div>
   <div class='ocr_carea' id='block_1_105' title="bbox 312 5364 1888 5447">
    <p class='ocr_par' dir='ltr' id='par_1_105' title="bbox 312 5364 1888 5447">
     <span class='ocr_line' id='line_1_106' title="bbox 312 5364 1888 5447; baseline 0.009 -22"><span class='ocrx_word' id='word_1_732' title='bbox 312 5375 366 5426; x_wconf 91' lang='grc'><strong>8.</strong></span> <span class='ocrx_word' id='word_1_733' title='bbox 400 5373 512 5424; x_wconf 87' lang='grc' dir='ltr'><strong>Ἵνα</strong></span> <span class='ocrx_word' id='word_1_734' title='bbox 543 5367 599 5425; x_wconf 77' lang='grc' dir='ltr'>δέ</span> <span class='ocrx_word' id='word_1_735' title='bbox 636 5373 710 5444; x_wconf 77' lang='grc' dir='ltr'><strong>μή</strong></span> <span class='ocrx_word' id='word_1_736' title='bbox 743 5395 796 5428; x_wconf 85' lang='grc' dir='ltr'><strong>τι</strong></span> <span class='ocrx_word' id='word_1_737' title='bbox 828 5368 1068 5447; x_wconf 78' lang='grc' dir='ltr'>δόξωμεν</span> <span class='ocrx_word' id='word_1_738' title='bbox 1100 5380 1207 5433; x_wconf 81' lang='grc' dir='ltr'>τῶν</span> <span class='ocrx_word' id='word_1_739' title='bbox 1258 5364 1618 5436; x_wconf 69' lang='grc' dir='ltr'>κοινοϐιακῶν</span> <span class='ocrx_word' id='word_1_740' title='bbox 1650 5368 1888 5439; x_wconf 83' lang='grc' dir='ltr'>κανόνων</span> 
     </span>
    </p>
   </div>
   <div class='ocr_carea' id='block_1_106' title="bbox 242 5457 1886 5537">
    <p class='ocr_par' dir='ltr' id='par_1_106' title="bbox 242 5457 1886 5537">
     <span class='ocr_line' id='line_1_107' title="bbox 242 5457 1886 5537; baseline 0.009 -24"><span class='ocrx_word' id='word_1_741' title='bbox 242 5457 730 5536; x_wconf 83' lang='grc' dir='ltr'>παραλελοιπέναι,</span> <span class='ocrx_word' id='word_1_742' title='bbox 780 5460 1178 5536; x_wconf 80' lang='grc' dir='ltr'>ἐπιμνησθῆναι</span> <span class='ocrx_word' id='word_1_743' title='bbox 1211 5463 1292 5523; x_wconf 84' lang='grc' dir='ltr'><strong>δεῖ</strong></span> <span class='ocrx_word' id='word_1_744' title='bbox 1321 5467 1408 5524; x_wconf 87' lang='grc' dir='ltr'>καί</span> <span class='ocrx_word' id='word_1_745' title='bbox 1441 5474 1546 5526; x_wconf 79' lang='grc' dir='ltr'><strong>τῶν</strong></span> <span class='ocrx_word' id='word_1_746' title='bbox 1577 5469 1630 5527; x_wconf 72' lang='grc' dir='ltr'>ἐν</span> <span class='ocrx_word' id='word_1_747' title='bbox 1691 5470 1886 5537; x_wconf 79' lang='grc' dir='ltr'>ἄλλοις</span> 
     </span>
    </p>
   </div>
   <div class='ocr_carea' id='block_1_107' title="bbox 315 5695 1457 5782">
    <p class='ocr_par' dir='ltr' id='par_1_107' title="bbox 315 5695 1457 5782">
     <span class='ocr_line' id='line_1_108' title="bbox 315 5695 1457 5782; baseline 0.011 -27"><span class='ocrx_word' id='word_1_748' title='bbox 461 5695 1007 5782; x_wconf 43' lang='grc' dir='ltr'>ςαεείεηέηειίιαε.</span> <span class='ocrx_word' id='word_1_749' title='bbox 1043 5700 1146 5765; x_wconf 86' lang='lat' dir='ltr'><strong>lib.</strong></span> <span class='ocrx_word' id='word_1_750' title='bbox 1179 5723 1258 5782; x_wconf 87' lang='lat' dir='ltr'><strong>Iv,</strong></span> <span class='ocrx_word' id='word_1_751' title='bbox 1292 5725 1340 5766; x_wconf 85' lang='grc' dir='ltr'><strong>ο.</strong></span> <span class='ocrx_word' id='word_1_752' title='bbox 1371 5707 1457 5769; x_wconf 84' lang='grc'><strong>16.</strong></span> 
     </span>
    </p>
   </div>
   <div class='ocr_carea' id='block_1_108' title="bbox 311 5773 802 5849">
    <p class='ocr_par' dir='ltr' id='par_1_108' title="bbox 311 5773 802 5849">
     <span class='ocr_line' id='line_1_109' title="bbox 311 5773 802 5849; baseline 0.002 -17"><span class='ocrx_word' id='word_1_753' title='bbox 311 5773 426 5849; x_wconf 69' lang='grc'>(54)</span> <span class='ocrx_word' id='word_1_754' title='bbox 458 5773 604 5833; x_wconf 94' lang='lat' dir='ltr'><strong>Ibid.</strong></span> <span class='ocrx_word' id='word_1_755' title='bbox 632 5790 679 5833; x_wconf 91' lang='lat' dir='ltr'><strong>c.</strong></span> <span class='ocrx_word' id='word_1_756' title='bbox 717 5775 802 5833; x_wconf 86' lang='lat' dir='ltr'><strong>i7.</strong></span> 
     </span>
    </p>
   </div>
   <div class='ocr_carea' id='block_1_109' title="bbox 2010 4746 3650 4821">
    <p class='ocr_par' dir='ltr' id='par_1_109' title="bbox 2010 4746 3650 4821">
     <span class='ocr_line' id='line_1_110' title="bbox 2010 4746 3650 4821; baseline -0.003 -17"><span class='ocrx_word' id='word_1_757' title='bbox 2010 4749 2301 4805; x_wconf 86' lang='lat' dir='ltr'><strong>demissas</strong></span> <span class='ocrx_word' id='word_1_758' title='bbox 2331 4753 2661 4821; x_wconf 87' lang='lat' dir='ltr'><strong>gestant,ne</strong></span> <span class='ocrx_word' id='word_1_759' title='bbox 2680 4748 2842 4819; x_wconf 89' lang='lat' dir='ltr'><strong>vagis</strong></span> <span class='ocrx_word' id='word_1_760' title='bbox 2864 4747 3048 4803; x_wconf 90' lang='lat' dir='ltr'><strong>oculis</strong></span> <span class='ocrx_word' id='word_1_761' title='bbox 3070 4748 3362 4802; x_wconf 81' lang='lat' dir='ltr'><strong>curiosius</strong></span> <span class='ocrx_word' id='word_1_762' title='bbox 3395 4746 3538 4800; x_wconf 88' lang='lat' dir='ltr'><strong>alios</strong></span> <span class='ocrx_word' id='word_1_763' title='bbox 3563 4746 3650 4799; x_wconf 90' lang='lat' dir='ltr'><strong>in-</strong></span> 
     </span>
    </p>
   </div>
   <div class='ocr_carea' id='block_1_110' title="bbox 2009 4835 3648 4910">
    <p class='ocr_par' dir='ltr' id='par_1_110' title="bbox 2009 4835 3648 4910">
     <span class='ocr_line' id='line_1_111' title="bbox 2009 4835 3648 4910; baseline -0.003 -17"><span class='ocrx_word' id='word_1_764' title='bbox 2009 4839 2282 4910; x_wconf 86' lang='lat' dir='ltr'><strong>spiciant,</strong></span> <span class='ocrx_word' id='word_1_765' title='bbox 2314 4855 2380 4893; x_wconf 87' lang='lat' dir='ltr'><strong>ac</strong></span> <span class='ocrx_word' id='word_1_766' title='bbox 2432 4853 2644 4892; x_wconf 68' lang='lat' dir='ltr'><strong>mensae</strong></span> <span class='ocrx_word' id='word_1_767' title='bbox 2699 4836 2913 4902; x_wconf 88' lang='lat' dir='ltr'><strong>solum,</strong></span> <span class='ocrx_word' id='word_1_768' title='bbox 2949 4835 3271 4907; x_wconf 89' lang='lat' dir='ltr'><strong>gratiisque</strong></span> <span class='ocrx_word' id='word_1_769' title='bbox 3325 4835 3501 4889; x_wconf 88' lang='lat' dir='ltr'><strong>alenti</strong></span> <span class='ocrx_word' id='word_1_770' title='bbox 3535 4839 3648 4888; x_wconf 93' lang='lat' dir='ltr'><strong>Deo</strong></span> 
     </span>
    </p>
   </div>
   <div class='ocr_carea' id='block_1_111' title="bbox 2007 4921 3646 4998">
    <p class='ocr_par' dir='ltr' id='par_1_111' title="bbox 2007 4921 3646 4998">
     <span class='ocr_line' id='line_1_112' title="bbox 2007 4921 3646 4998; baseline -0.003 -16"><span class='ocrx_word' id='word_1_771' title='bbox 2007 4927 2249 4998; x_wconf 84' lang='lat' dir='ltr'><strong>agendis</strong></span> <span class='ocrx_word' id='word_1_772' title='bbox 2271 4926 2552 4982; x_wconf 86' lang='lat' dir='ltr'><strong>adhibent</strong></span> <span class='ocrx_word' id='word_1_773' title='bbox 2575 4925 2979 4996; x_wconf 83' lang='lat' dir='ltr'><strong>animum.(55)</strong></span> <span class='ocrx_word' id='word_1_774' title='bbox 3003 4924 3325 4995; x_wconf 87' lang='lat' dir='ltr'><strong>Magnaque</strong></span> <span class='ocrx_word' id='word_1_775' title='bbox 3341 4923 3493 4994; x_wconf 88' lang='lat' dir='ltr'><strong>apud</strong></span> <span class='ocrx_word' id='word_1_776' title='bbox 3515 4921 3646 4977; x_wconf 88' lang='lat' dir='ltr'><strong>illos</strong></span> 
     </span>
    </p>
   </div>
   <div class='ocr_carea' id='block_1_112' title="bbox 2005 5011 3642 5085">
    <p class='ocr_par' dir='ltr' id='par_1_112' title="bbox 2005 5011 3642 5085">
     <span class='ocr_line' id='line_1_113' title="bbox 2005 5011 3642 5085; baseline -0.002 -13"><span class='ocrx_word' id='word_1_777' title='bbox 2005 5033 2146 5072; x_wconf 90' lang='lat' dir='ltr'><strong>cura</strong></span> <span class='ocrx_word' id='word_1_778' title='bbox 2176 5021 2281 5085; x_wconf 90' lang='lat' dir='ltr'><strong>est,</strong></span> <span class='ocrx_word' id='word_1_779' title='bbox 2316 5032 2386 5070; x_wconf 91' lang='lat' dir='ltr'><strong>ne</strong></span> <span class='ocrx_word' id='word_1_780' title='bbox 2420 5015 2548 5085; x_wconf 90' lang='lat' dir='ltr'><strong>quis</strong></span> <span class='ocrx_word' id='word_1_781' title='bbox 2577 5029 2778 5068; x_wconf 89' lang='lat' dir='ltr'><strong>eorum</strong></span> <span class='ocrx_word' id='word_1_782' title='bbox 2811 5018 2973 5067; x_wconf 62' lang='lat' dir='ltr'><strong>extra</strong></span> <span class='ocrx_word' id='word_1_783' title='bbox 3003 5029 3262 5067; x_wconf 80' lang='lat' dir='ltr'><strong>mensam</strong></span> <span class='ocrx_word' id='word_1_784' title='bbox 3298 5011 3490 5067; x_wconf 88' lang='lat' dir='ltr'><strong>cibum</strong></span> <span class='ocrx_word' id='word_1_785' title='bbox 3545 5027 3642 5068; x_wconf 80' lang='lat' dir='ltr'><strong>su-</strong></span> 
     </span>
    </p>
   </div>
   <div class='ocr_carea' id='block_1_113' title="bbox 2005 5111 2144 5160">
    <p class='ocr_par' dir='ltr' id='par_1_113' title="bbox 2005 5111 2144 5160">
     <span class='ocr_line' id='line_1_114' title="bbox 2005 5111 2144 5160; baseline -0.014 0"><span class='ocrx_word' id='word_1_786' title='bbox 2005 5111 2144 5160; x_wconf 88' lang='lat' dir='ltr'><strong>mat.</strong></span> 
     </span>
    </p>
   </div>
   <div class='ocr_carea' id='block_1_114' title="bbox 2071 5371 3637 5462">
    <p class='ocr_par' dir='ltr' id='par_1_114' title="bbox 2071 5371 3637 5462">
     <span class='ocr_line' id='line_1_115' title="bbox 2071 5371 3637 5462; baseline 0.001 -18"><span class='ocrx_word' id='word_1_787' title='bbox 2071 5373 2123 5446; x_wconf 92' lang='lat'><strong>8.</strong></span> <span class='ocrx_word' id='word_1_788' title='bbox 2151 5375 2260 5461; x_wconf 78' lang='lat'><strong>(56)</strong></span> <span class='ocrx_word' id='word_1_789' title='bbox 2283 5371 2361 5446; x_wconf 75' lang='lat' dir='ltr'><strong>Ne</strong></span> <span class='ocrx_word' id='word_1_790' title='bbox 2409 5372 2551 5462; x_wconf 84' lang='lat' dir='ltr'><strong>quid</strong></span> <span class='ocrx_word' id='word_1_791' title='bbox 2605 5373 2870 5446; x_wconf 82' lang='lat' dir='ltr'><strong>videatur</strong></span> <span class='ocrx_word' id='word_1_792' title='bbox 2913 5375 3103 5447; x_wconf 79' lang='lat' dir='ltr'><strong>autem</strong></span> <span class='ocrx_word' id='word_1_793' title='bbox 3159 5371 3637 5446; x_wconf 80' lang='lat' dir='ltr'><strong>cmnobiticarum</strong></span> 
     </span>
    </p>
   </div>
   <div class='ocr_carea' id='block_1_115' title="bbox 1999 5480 3644 5553">
    <p class='ocr_par' dir='ltr' id='par_1_115' title="bbox 1999 5480 3644 5553">
     <span class='ocr_line' id='line_1_116' title="bbox 1999 5480 3644 5553; baseline -0.001 -18"><span class='ocrx_word' id='word_1_794' title='bbox 1999 5481 2334 5552; x_wconf 85' lang='lat' dir='ltr'><strong>regularum</strong></span> <span class='ocrx_word' id='word_1_795' title='bbox 2359 5480 2645 5549; x_wconf 67' lang='lat' dir='ltr'><strong>omittere,</strong></span> <span class='ocrx_word' id='word_1_796' title='bbox 2666 5496 2991 5537; x_wconf 88' lang='lat' dir='ltr'><strong>memorare</strong></span> <span class='ocrx_word' id='word_1_797' title='bbox 3005 5497 3236 5553; x_wconf 90' lang='lat' dir='ltr'><strong>quoque</strong></span> <span class='ocrx_word' id='word_1_798' title='bbox 3255 5483 3486 5552; x_wconf 89' lang='lat' dir='ltr'><strong>oportet</strong></span> <span class='ocrx_word' id='word_1_799' title='bbox 3507 5496 3644 5536; x_wconf 90' lang='lat' dir='ltr'><strong>con-</strong></span> 
     </span>
    </p>
   </div>
   <div class='ocr_carea' id='block_1_116' title="bbox 2089 5712 2557 5858">
    <p class='ocr_par' dir='ltr' id='par_1_116' title="bbox 2089 5712 2557 5858">
     <span class='ocr_line' id='line_1_117' title="bbox 2089 5712 2557 5784; baseline 0 -15"><span class='ocrx_word' id='word_1_800' title='bbox 2089 5714 2183 5784; x_wconf 83' lang='lat'><strong>55)</strong></span> <span class='ocrx_word' id='word_1_801' title='bbox 2213 5714 2360 5770; x_wconf 89' lang='lat' dir='ltr'><strong>Ibid.</strong></span> <span class='ocrx_word' id='word_1_802' title='bbox 2395 5729 2444 5770; x_wconf 80' lang='grc' dir='ltr'><strong>ο.</strong></span> <span class='ocrx_word' id='word_1_803' title='bbox 2472 5712 2557 5769; x_wconf 87' lang='grc'><strong>18.</strong></span> 
     </span>
     <span class='ocr_line' id='line_1_118' title="bbox 2090 5783 2557 5858; baseline -0.004 -16"><span class='ocrx_word' id='word_1_804' title='bbox 2090 5787 2182 5858; x_wconf 88' lang='grc'><strong>56)</strong></span> <span class='ocrx_word' id='word_1_805' title='bbox 2214 5785 2360 5844; x_wconf 83' lang='lat' dir='ltr'><strong>Ibid.</strong></span> <span class='ocrx_word' id='word_1_806' title='bbox 2392 5799 2442 5842; x_wconf 84' lang='grc' dir='ltr'><strong>ο.</strong></span> <span class='ocrx_word' id='word_1_807' title='bbox 2477 5783 2557 5840; x_wconf 76' lang='lat'><strong>19.</strong></span> 
     </span>
    </p>
   </div>
  </div>
