4026 6204
419 460 539 520 859
1580 467 1646 528 s.
1693 434 2316 529 ATHANASIUS.—
2347 468 2658 533 SPURIA.
3680 484 3776 547 seu

418 591 754 647 stitutiones
783 589 842 646 in
876 590 1007 648 aliis
1041 593 1377 664 regionibus
1402 594 1667 651 traditas.
1702 596 1763 651 In
1794 599 1916 651 tota
1950 595 2056 651 ita-

2176 592 2407 668 κλίμασι
2471 597 2924 675 παραδεδομένων
2981 599 3387 662 διατυπώσεων.
3446 607 3583 662 Κατά
3633 616 3773 667 πᾶσαν

419 698 532 752 que
562 680 1008 751 Mesopotamia,
1033 681 1343 738 Palaestina
1389 688 1446 740 et
1502 684 1888 757 Cappadocia,
1923 690 1980 740 et
2006 684 2056 739 in

2172 684 2350 739 τοίνυν
2380 688 2478 756 τήν
2510 689 2935 762 Μεσοποταμίαν
2966 690 3055 745 καὶ
3106 690 3491 765 Παλαιστίνην,
3536 697 3619 750 καὶ
3660 705 3774 754 Καπ-

420 773 539 825 toto
571 769 826 837 Oriente,
858 775 1119 841 tempore
1177 780 1500 830 conventus
1554 774 1757 840 tertiae,
1792 778 1966 829 sextis
2011 776 2056 828 et

2172 771 2454 847 παδοκίαν,
2486 777 2575 832 καὶ
2606 785 2776 833 πᾶσαν
2807 780 2906 847 τὴν
2937 779 3237 851 Ἀνατολὴν
3285 782 3342 837 ἐν
3389 788 3471 856 τῷ
3517 790 3675 858 καιρῷ
3697 796 3778 857 τῆς

420 875 584 913 nonae
618 859 792 925 horae,
820 858 867 912 si
901 860 1034 930 quis
1060 866 1193 915 ante
1224 862 1581 934 completum
1617 863 1870 933 primum
1906 861 2061 934 psal-

2174 862 2460 934 συνάξεως,
2520 865 2732 940 τρίτης,
2790 866 2881 921 καῖ
2934 864 3116 940 ἕκτης,
3176 870 3263 924 καὶ
3324 870 3510 942 ἐνάτης
3558 872 3704 950 ὥρας,
3741 876 3784 931 εἷ’

420 964 583 1002 mum
616 964 728 1001 non
762 949 1104 1017 occurrerit,
1137 949 1187 1005 is
1219 950 1277 1005 in
1314 953 1635 1007 oratorium
1668 952 1893 1025 ingredi
1945 967 2056 1006 non

2169 972 2276 1023 τις,
2308 953 2475 1027 πρινὴ
2509 955 2537 1009 ὁ
2577 959 2795 1029 πρῶτος
2827 956 3049 1030 ψαλμὸς
3079 957 3369 1033 τελειωθῇ,
3406 961 3482 1032 μὴ
3516 962 3777 1037 ἀπαντήσῃ,

420 1037 614 1099 audet,
648 1052 835 1107 neque
867 1053 994 1091 sese
1028 1040 1415 1109 psallentibus
1448 1041 1807 1096 admiscere:
1839 1040 1939 1096 sed
1972 1038 2060 1095 di-

419 1123 762 1180 missionem
799 1125 1041 1181 fratrum
1076 1144 1179 1199 pro
1242 1128 1466 1184 foribus
1525 1139 1686 1185 stans
1743 1132 2060 1199 exspectat.

419 1214 873 1285 Egredientibus
905 1223 1096 1271 autem
1158 1218 1457 1289 omnibus,
1493 1217 1657 1273 humi
1712 1222 2061 1289 prostratus,

418 1302 820 1373 paenitentiam
852 1320 1050 1376 agens,
1077 1305 1447 1378 negligentiae
1468 1324 1586 1363 suis
1606 1307 1835 1362 veniam
1866 1310 2064 1379 postu-

418 1389 518 1445 lat.
548 1391 607 1445 ln
641 1393 944 1448 nocturnis
978 1410 1148 1465 porro
1182 1396 1585 1462 conventibus,
1610 1411 1799 1467 usque
1856 1395 1927 1450 ad
1969 1411 2061 1450 se-

419 1480 678 1535 cundum
716 1481 1003 1552 psalmum
1026 1482 1196 1538 venia
1218 1468 1378 1539 tarde
1403 1485 1771 1539 venientibus
1796 1483 2062 1539 concedi-

2168 1038 2265 1095 τοῦ
2316 1039 2516 1096 λοιποῦ
2564 1042 2640 1105 εἷς
2691 1043 2755 1099 τὸ
2808 1043 3090 1119 εὖκτήριον
3161 1045 3423 1112 εἱσελθεῖν
3491 1048 3549 1104 οὐ
3607 1050 3776 1124 τολμᾳ,

2172 1126 2295 1184 οὔτε
2357 1131 2645 1204 καταμίξαι
2710 1133 2894 1188 ἑαυτὸν
2969 1139 3086 1197 τοῖς
3135 1133 3465 1209 ψάλλουσιν·
3521 1135 3657 1194 ἀλλά
3689 1145 3775 1194 τῶν

2172 1215 2419 1296 ἀδελφῶν
2467 1220 2566 1289 τήν
2618 1217 2882 1275 ἀπόλυσιν
2930 1222 3035 1295 πρὸ
3086 1224 3261 1299 θυρῶν
3329 1221 3600 1299 ἐκδέχεται
3653 1225 3775 1283 lard-

2174 1327 2353 1379 μενος.
2397 1308 2808 1385 Ἐξορχομένων
2843 1306 2900 1365 δὲ
2950 1312 3189 1383 πάντῶν,
3224 1310 3411 1387 βαλὼν
3470 1311 3553 1367 ἐπὶ
3580 1315 3668 1383 τὴν
3693 1323 3773 1389 γῆν

2175 1397 2482 1471 μετάνοιαν,
2540 1398 2821 1470 ἐξαιτεῖται
2882 1408 2982 1471 τῆς
3034 1400 3233 1465 οἴκείας
3288 1401 3554 1478 ῥᾳθυμίας
3600 1405 3774 1481 συγχώ-

2171 1507 2343 1562 ρησιν.
2422 1488 2509 1544 Ἑν
2588 1485 2645 1543 δὲ
2701 1496 2820 1552 ταῖς
2872 1495 3205 1567 νυκτεριναῖς
3275 1492 3515 1565 συνάξεσι
3561 1491 3775 1566 δευτέρου

320 1588 333 1592 δ
418 1571 535 1623 tur.
563 1568 737 1623 Porro
769 1570 977 1625 fratres
1009 1587 1113 1642 per
1145 1571 1544 1629 hebdomadas
1576 1573 1687 1629 sibi
1738 1574 2056 1628 succedunt

2169 1574 2415 1650 ψαλμοῦ,
2472 1575 2769 1652 παρέχεται
2819 1580 3118 1653 συγγνώμη
3165 1586 3288 1642 τοῖς
3325 1577 3774 1656 βραδύνουσιπαρὶ

418 1658 476 1712 in
510 1658 913 1729 coquinaetjn
948 1659 1082 1715 aliis
1107 1661 1483 1719 ofﬁciis.cum
1511 1661 1680 1717 multi
1727 1661 1943 1716 laboris
1975 1660 2060 1716 le-

415 1746 589 1801 vandi
622 1754 952 1816 causa,tum
988 1750 1370 1806 utcharitatis
1395 1750 1579 1823 legem
1607 1751 1829 1805 mutuis
1851 1750 2059 1806 ofﬁciis

410 1834 718 1907 impleant.
752 1838 939 1893 Tanta
969 1844 1165 1894 autem
1202 1839 1534 1895 humilitate
1563 1844 1619 1896 et
1665 1838 2060 1895 sollicitudine

2166 1664 2403 1727 τούτοις·
2435 1664 2522 1720 καὶ
2556 1660 2863 1739 ἑϐδομάδας
2894 1668 2945 1722 οἱ
2978 1665 3205 1747 ἀδελφοὶ
3239 1669 3299 1724 ἐκ
3330 1666 3589 1745 διαδοχῆς
3615 1676 3772 1726 ποιοῦ-

2170 1775 2250 1807 σιν
2278 1750 2333 1808 ἓν
2363 1774 2421 1808 τε
2448 1755 2526 1826 τῷ
2570 1755 2865 1831 μαγειρείῳ
2910 1758 3001 1812 καὶ
3047 1764 3165 1820 τοῖς
3213 1756 3411 1821 ἄλλοις
3470 1761 3770 1829 καθήκουσιν,

2169 1842 2281 1914 ἅμα
2309 1842 2398 1897 καὶ
2449 1842 2671 1907 ἑαυτοὺς
2720 1841 3157 1917 διαναπαύοντες,
3204 1846 3298 1901 καὶ
3354 1846 3519 1920 νόμον
3573 1848 3766 1923 ἀγάπης,

417 1924 745 1981 ministeria
777 1925 1045 1997 implent,
1074 1932 1353 1999 quantam
1381 1944 1452 1983 ne
1480 1927 1630 1983 servi
1653 1927 1891 1998 quidem
1923 1943 2054 1982 cum

417 2012 571 2035 L__:_
606 2015 726 2035 _-_2-
763 2014 1071 2035 _JL!L_AAA
1121 2015 1407 2035 n-,,,,,l_n,
1445 2016 1543 2035 L.,L
1574 2016 1803 2035 j_A___I-
1861 2014 2026 2035 n-..-:

2169 1928 2257 1985 διὰ
2302 1932 2362 1985 τὸ
2410 1928 2685 1987 δουλεύειν
2734 1931 3036 2006 ἀλλήλοις,
3079 1933 3536 2010 ἀναπληροῦντες.
3566 1936 3765 2007 Τοσαύτη

415 2012 573 2069 heris
604 2015 729 2069 suis
759 2014 1096 2071 adhibeant.
1120 2015 1420 2088 Completa
1445 2016 1830 2079 hebdomade,
1861 2014 2057 2069 Domi-

414 2101 545 2157 nica
575 2103 667 2158 die
697 2108 828 2175 post
886 2105 1207 2161 matutinos
1266 2105 1537 2179 hymnos,
1589 2102 2058 2177 ingredientibus

415 2190 546 2247 aliis
569 2192 639 2246 ad
667 2192 1208 2264 serviendum,vasa
1229 2194 1406 2250 ofﬁcii
1430 2195 1521 2250 sui
1537 2194 1767 2266 signata
1782 2192 2055 2249 tradunt:

416 2297 543 2352 quae
577 2286 814 2353 accepta
844 2280 942 2336 alii
978 2288 1136 2338 tanta
1167 2300 1306 2339 cura
1337 2288 1394 2339 et
1423 2281 1824 2339 sollicitudine
1861 2285 2059 2337 custo-

416 2369 608 2437 diunt,
644 2376 807 2426 utne
866 2388 1067 2427 eorum
1126 2373 1430 2445 quidpiam
1488 2371 1579 2428 vel
1640 2373 1944 2445 frangatur
1969 2369 2058 2425 vel

418 2464 635 2531 pereat,
660 2464 941 2532 quantam
976 2461 1024 2515 is
1056 2461 1331 2517 adhibeat
1362 2462 1456 2517 cui
1484 2479 1624 2517 vasa
1644 2477 1808 2516 sacra
1845 2475 1912 2516 ac
1941 2459 2056 2515 Deo

416 2550 607 2606 dicata
625 2553 1097 2607 committuntur.
1126 2552 1269 2608 Nam
1295 2568 1422 2607 sese
1444 2555 1773 2624 praeparant
1791 2551 1862 2605 ad
1887 2549 2059 2605 ratio-

418 2656 550 2695 nem
584 2639 960 2704 reddendam,
996 2657 1111 2695 non
1142 2640 1332 2696 solum
1362 2657 1661 2697 osconomo
1695 2640 1749 2694 in
1784 2636 2058 2711 praesenti

414 2732 699 2801 tempore,
733 2730 829 2784 sed
866 2730 1043 2785 etiam
1079 2730 1195 2786 Deo
1227 2730 1286 2785 in
1319 2731 1533 2796 futuro,
1564 2730 1613 2785 si
1638 2734 1740 2785 aut
1759 2726 2055 2801 negligen-

415 2818 498 2874 tia
519 2822 620 2874 aut
641 2817 890 2891 segnitie
905 2834 1104 2875 eorum
1131 2819 1434 2892 quidpiam
1452 2818 1923 2891 perierit.(57)Ad
1940 2832 2056 2871 ma-

409 2908 601 2978 jorem
636 2924 806 2980 porro
830 2908 1121 2964 dictorum
1155 2908 1351 2975 ﬁdem,
1385 2925 1515 2980 quas
1546 2907 1696 2963 meis
1717 2906 1843 2978 ipse
1873 2904 2058 2961 oculis

417 2996 682 3068 perspexi
714 2997 984 3053 narrabo.
1012 2998 1073 3052 In
1098 2997 1463 3053 hebdomade
1489 2997 1797 3066 cujusdam
1839 2993 2057 3064 fratris,

415 3085 817 3157 pertransiens
865 3103 1227 3153 mconomus,
1287 3103 1472 3158 pauca
1526 3082 1815 3141 lenticulae
1875 3099 2058 3155 grana

414 3172 579 3227 humi
614 3176 872 3244 projects
899 3175 1066 3243 vidit,
1093 3191 1278 3246 neque
1299 3174 1563 3246 despexit
1584 3174 1750 3245 quasi
1774 3188 1895 3229 rem
1917 3171 2055 3228 nul-

410 3261 525 3315 lius
558 3262 764 3332 pretii;
800 3264 899 3317 sed
959 3263 1162 3319 multis
1218 3264 1587 3335 increpatum
1650 3263 1909 3329 fratrem,
1959 3261 2053 3317 cui

2169 2016 2227 2074 δὲ
2272 2019 2731 2098 ταπεινοφροσύνῃ
2781 2022 2870 2077 καὶ
2917 2020 3127 2092 σπουδὴ
3161 2024 3214 2078 ἐν
3260 2026 3331 2098 τῇ
3365 2021 3597 2095 διακονίᾳ
3623 2020 3767 2079 ἐπιτε-

2168 2108 2341 2164 λεῖται
2389 2112 2520 2185 παρ’
2559 2109 2766 2183 αὐτοῖς,
2810 2106 2909 2182 ὅση
2943 2111 3043 2167 οὐκ
3072 2112 3130 2167 ἂν
3164 2110 3450 2175 δεσπόταις
3479 2112 3612 2189 παρά
3658 2109 3762 2167 δού-

2168 2197 2278 2254 λων
2327 2199 2718 2274 παρασχεθείη.
2770 2198 3288 2277 Συμπληρωθείσης
3334 2198 3393 2256 δὶ
3435 2207 3533 2271 τῆς
3573 2195 3762 2273 ἐϐδομά·

2168 2284 2284 2356 δος,
2333 2291 2402 2362 τῇ
2459 2287 2810 2362 ἀναστασίμῳ
2879 2288 3062 2366 ἡμέρᾳ
3141 2291 3278 2364 μετὰ
3353 2289 3480 2353 τοὺς
3550 2289 3761 2350 ἑωθινοὺς

2167 2376 2369 2447 ὕμνους
2425 2374 2620 2438 ἄλλοις
2662 2375 2825 2432 πάλιν
2875 2383 2993 2440 τοῖς
3038 2378 3450 2454 εἱσερχομένοις
3480 2379 3764 2454 ὑπηρετῆσαι

2164 2465 2231 2520 τά
2259 2466 2393 2540 πρὸς
2423 2466 2523 2534 τήν
2572 2473 2773 2540 χρῆσιν
2819 2466 2981 2537 σκεύη
3034 2467 3454 2541 σεσημειωμένα
3480 2464 3764 2543 παραδιδόαο

2165 2574 2268 2608 σιν*
2321 2555 2473 2608 ἅτινα
2524 2550 2839 2631 δεχόμενοι,
2887 2555 3153 2627 τοσαύτην
3205 2559 3473 2632 μέριμναν
3520 2557 3601 2611 καὶ
3637 2575 3764 2634 φρον-

2163 2640 2287 2698 τίδα
2333 2644 2408 2705 εἱς
2452 2643 2553 2713 τὴν
2597 2648 2804 2698 τούτων
2853 2643 3249 2722 παραφυλακήν
3301 2644 3653 2713 ἐνδείκνυνται,
3701 2645 3759 2715 μή

2161 2752 2217 2788 τι
2245 2731 2295 2805 ἐξ
2323 2732 2497 2786 αὐτῶν
2548 2731 2758 2798 κλασθῆ
2815 2733 2849 2803 ἢ
2895 2731 3193 2804 ἀπόληται,
3247 2733 3381 2806 ὅσην
3428 2734 3561 2796 εἰκὸς
3585 2734 3662 2788 τὸν
3688 2752 3763 2786 πε-

2164 2819 2516 2894 πιστευμένον
2590 2821 2749 2892 σκεύη
2829 2822 2948 2898 ἱερὰ
3018 2823 3109 2877 καὶ
3165 2823 3249 2895 τῷ
3308 2828 3424 2896 Θεῷ
3471 2821 3758 2895 ἀνατειμένα.

2166 2911 2393 2988 Ὑφέξειν
2447 2912 2551 2986 γὰρ
2609 2907 2774 2985 λόγον
2844 2910 3222 2985 ἱτόιμάζονται
3274 2912 3337 2967 ού
3393 2912 3547 2986 μόνον
3600 2910 3646 2966 ἐν
3698 2913 3759 2980 τῷ

2164 2998 2391 3075 παρόντι
2442 3003 2522 3071 τῷ
2571 2998 2872 3073 οἰκονόμῳ,
2921 2999 3067 3056 ἀλλᾶ
3114 2999 3204 3055 καὶ
3248 3001 3302 3056 ἐν
3336 3005 3415 3075 τῷ
3446 2999 3758 3075 μέλλοντιτῷ

2165 3092 2280 3161 Θεῷ
2327 3086 2372 3142 εἰ
2418 3086 2581 3163 τύχοι
2626 3086 2678 3158 ἐξ
2726 3087 2984 3161 ἀμελείας
3028 3090 3063 3159 ἢ
3112 3088 3384 3166 ῥᾳθυμίας
3430 3088 3693 3145 ἀπολέσθαι
3715 3106 3755 3140 τι

2164 3176 2215 3247 ἐξ
2260 3175 2453 3234 αὐτῶν.
2504 3177 2647 3252 Πρὸς
2704 3173 2927 3232 πλείονα
2989 3174 3047 3232 δὲ
3095 3178 3281 3233 πίστιν
3329 3183 3436 3234 τῶν
3483 3176 3756 3254 εἱρημένων,

2164 3265 2297 3342 ὅπερ
2341 3264 2525 3327 αὐταῖς
2577 3260 2759 3338 ὄψεσιν
2809 3263 3109 3338 ἐθεασάμην
3158 3269 3457 3340 προσθήσω
3483 3271 3557 3339 τῷ
3602 3263 3756 3338 διηγή-

411 3349 733 3405 hebdomas
790 3349 892 3407 illa
950 3352 1284 3407 concredita
1340 3357 1482 3419 erat,
1530 3367 1701 3422 pcsna
1757 3350 2050 3419 multavit,

2170 3341 2316 3429 ματι.
2347 3360 2432 3409 Ἐν
2479 3356 2548 3429 τῇ
2594 3350 2859 3428 ἐϐδομάδι
2900 3354 3044 3417 τινὸς
3078 3352 3328 3434 ἀδελφοῦ
3357 3356 3554 3430 παριὼν
3582 3354 3607 3408 ὁ
3634 3354 3753 3408 οἱκο-

410 3437 573 3508 quasi
609 3436 1003 3510 negligentem
1032 3456 1100 3494 ea
1130 3457 1255 3511 quae
1319 3442 1428 3495 Deo
1487 3440 1685 3495 dicata
1740 3444 1956 3509 essent,
1998 3443 2056 3494 et

2168 3438 2325 3517 νόμος
2358 3441 2582 3518 ὀλίγους
2616 3443 2843 3505 κόκκους
2876 3450 3052 3522 φακῆς
3098 3445 3234 3499 κατά
3286 3452 3390 3520 γῆν
3449 3441 3753 3521 ἐρριμμένους

409 3526 850 3582 conculcantem
886 3528 1183 3600 propriam
1217 3528 1663 3584 conscientiam.
1687 3529 1875 3584 Tanta
1895 3528 2051 3583 enim

2168 3533 2436 3602 εθεάσατο,
2493 3531 2584 3585 καὶ
2644 3530 2704 3586 οὐ
2764 3531 3159 3610 κατεφρόνησεν
3221 3533 3302 3596 ὡς
3358 3533 3565 3608 οἰκτροῦ
3590 3528 3755 3585 καὶοῦ-

412 3632 553 3671 cura
583 3620 639 3670 et
671 3615 1071 3673 sollicitudine
1101 3616 1299 3673 omnia
1330 3623 1584 3685 servant,
1614 3618 1812 3672 omnia
1860 3616 2051 3672 admi-

411 3705 684 3776 nistrant,
719 3709 783 3761 ut
810 3723 879 3762 ea
907 3723 1035 3779 qua;
1069 3707 1239 3762 nobis
1269 3705 1408 3763 vilia
1437 3712 1493 3762 et
1541 3705 1920 3779 despicabilis
1967 3706 2050 3760 vi-

409 3796 640 3862 dentur,
677 3813 887 3865 magna
916 3796 1239 3852 attentione
1270 3795 1643 3864 custodiant;
1677 3796 1757 3851 ita
1783 3803 1845 3851 ul
1902 3794 2053 3851 male

406 3884 662 3956 positum
687 3901 788 3939 vas
814 3886 1192 3954 transferant,
1221 3886 1544 3958 projectum
1569 3884 1865 3960 coliigant,
1896 3885 2049 3941 3l3

407 3973 713 4029 credentes
744 3990 805 4029 se
836 3991 870 4029 ο
904 3974 1146 4031 Domino
1179 3974 1295 4030 Deo
1323 3974 1532 4030 harum
1569 3990 1799 4046 quoque
1854 3990 2051 4030 rerum

409 4062 737 4116 mercedem
753 4067 1119 4134 accepturos.
1146 4064 1258 4137 (58)
1279 4062 1394 4118 Has
1411 4062 1848 4120 hebdomadam
1882 4080 2050 4136 regu-

410 4148 495 4204 las
520 4164 621 4219 per
652 4155 840 4205 totum
875 4150 1169 4207 Orientem
1203 4152 1498 4209 observari
1530 4152 2051 4225 deprehendimus.

408 4236 575 4307 Apud
601 4237 903 4310 [Egyptios
935 4247 1131 4294 autem
1163 4258 1278 4295 non
1305 4241 1389 4296 ita
1420 4241 1852 4297 hebdomadam
1886 4241 2054 4297 vicis-

410 4324 606 4381 situdo
638 4331 940 4395 servatur;
974 4328 1074 4382 sed
1108 4328 1284 4384 alicui
1332 4329 1579 4384 fratrum
1639 4329 2054 4402 probatissimo

412 4413 620 4469 culinae
652 4431 793 4469 cura
822 4415 1230 4487 committitur,
1263 4423 1480 4489 quanto
1522 4418 1746 4474 scilicet
1795 4423 2057 4491 tempore

413 4504 600 4561 virtus
631 4506 760 4575 ejus
792 4514 1173 4579 augmentum
1208 4508 1441 4580 accipit,
1472 4509 1623 4564 vires
1678 4510 1939 4581 corporis
1996 4510 2055 4566 in

414 4594 592 4650 ofﬁcii
627 4595 924 4651 functione
957 4600 1303 4668 suppetunt,
1338 4614 1443 4653 nec
1492 4602 1764 4653 senectus
1807 4599 2056 4654 inﬁrmi-

2162 3617 2393 3694 δαμινοῦ
2430 3617 2774 3696 πράγματος
2809 3619 2954 3675 ἀλλὰ
2985 3620 3170 3676 πολλά
3228 3619 3514 3697 ἐγκαλέσας
3562 3624 3629 3675 τῶ
3674 3617 3749 3685 τήν

2161 3704 2437 3783 ἑϐδομάδα
2464 3707 2877 3783 πεπιστευμένῳ
2906 3706 3149 3783 ἀδελφῷ,
3203 3707 3434 3767 δέδωκεν
3491 3709 3620 3781 αύτῷ
3666 3704 3752 3761 ἐπι-

2158 3798 2367 3872 τιμίαν,
2436 3798 2511 3860 ὡς
2569 3796 2863 3871 ἀμελοῦντι
2910 3802 3018 3853 τῶν
3074 3799 3154 3871 τῷ
3214 3804 3332 3871 Θεῷ
3395 3796 3748 3869 ἀνατιθεμένων,

2158 3888 2248 3942 καὶ
2288 3890 2681 3942 καταπατοῦντι
2727 3887 2826 3955 τήν
2879 3884 3018 3942 ἰδίαν
3052 3885 3381 3959 συνείδησιν.
3432 3886 3647 3958 Τοσαύτῃ
3667 3882 3747 3955 γὰρ

2160 3977 2336 4032 πίστει
2378 3975 2466 4031 καὶ
2509 3972 2718 4049 σπουδῇ
2767 3974 2977 4031 πάντων
3029 3975 3438 4050 ἐπιμελοῦνται,
3486 3974 3567 4031 καὶ
3614 3973 3749 4027 πάντα

2162 4063 2479 4137 διοικοῦσιν,
2511 4065 2586 4128 ὡς
2616 4064 2706 4120 καὶ
2737 4063 2890 4136 αὐτὰ,
2925 4065 3058 4141 ἅπερ
3092 4069 3231 4140 ἡμῖν
3282 4063 3471 4134 εὐτελῆ
3515 4063 3593 4118 καὶ
3627 4078 3751 4115 κατα-

2162 4156 2478 4232 φρονήσεως
2524 4153 2644 4224 όίξια
2692 4152 2993 4233 φαίνονται,
3058 4154 3192 4228 μετὰ
3246 4153 3461 4224 πνλλῆς
3512 4153 3747 4224 προσθῇς

2163 4244 2469 4321 φυλάττειν,
2523 4242 2637 4297 οἷον
2696 4242 2916 4317 ἀγγεῖον
2953 4247 3136 4306 κακῶς
3164 4242 3414 4316 κείμενον
3453 4244 3747 4316 μεταστῆσαι,

2163 4332 2348 4394 σκεῦος
2397 4329 2721 4407 ἐρριμμένον
2764 4332 3003 4403 συνάξαι,
3033 4331 3373 4394 πιστεύοντες
3403 4329 3487 4387 καὶ
3517 4328 3631 4403 ὑπὲρ
3652 4321 3748 4380 τού·

2160 4441 2269 4477 των
2307 4420 2494 4495 μισθὸν
2527 4415 2670 4496 ἔχειν
2703 4426 2827 4496 παρ’
2856 4419 3002 4494 αὐτῷ
3047 4425 3129 4493 τῷ
3186 4420 3425 4494 Δεσπότῃ
3474 4421 3596 4490 Θεῷ.
3645 4410 3748 4467 Τούο

2162 4531 2290 4573 τους
2348 4506 2406 4564 δὲ
2457 4508 2584 4571 τοὺς
2642 4507 2872 4571 κακόνας
2928 4513 3036 4564 τῶν
3088 4504 3408 4583 ἑϐδομάδων
3447 4507 3571 4562 κατὰ
3615 4508 3750 4558 πᾶσαν

2162 4601 2262 4670 τήν
2291 4597 2588 4667 Ἀνατολήν
2621 4598 2922 4674 εὑρήκαμεν
2967 4597 3222 4673 γίνεσθαι.
3259 4597 3410 4673 Ηαρά
3439 4592 3494 4650 δὲ
3533 4596 3634 4654 τοῖς
3672 4588 3751 4646 Αί-

412 4687 575 4737 tasve
606 4683 891 4754 prohibet.
922 4684 1064 4741 Cum
1096 4690 1294 4740 autem
1328 4685 1497 4740 nobis
1522 4702 1715 4742 sermo
1747 4687 1825 4742 sit
1852 4688 1923 4742 de
1954 4688 2054 4743 ob-

2168 4687 2414 4766 γυπτίοις
2446 4687 2553 4762 οὐχ
2580 4686 2723 4742 aii-rw
2751 4691 2860 4781 τῶν
2902 4681 3226 4761 ἑϐδομάδων
3275 4689 3310 4755 ἡ
3353 4682 3609 4781 ἀναλλαγὴ
3631 4678 3752 4781 ,ἐπιζ

414 4772 724 4842 sequentia
751 4778 808 4828 ct
839 4774 910 4830 de
940 4773 1293 4839 humilitate,
1320 4792 1420 4847 per
1449 4791 1598 4845 quas
1621 4774 1691 4830 ad
1715 4792 2055 4848 supremum

2168 4775 2424 4847 τελεῖται,
2474 4774 2617 4831 ἀλλὰ
2660 4774 2739 4830 ἐνὶ
2789 4772 3154 4849 δοκιμωτάτῳ
3198 4781 3307 4831 τῶν
3357 4771 3584 4851 ἀδελφῶν
3624 4771 3750 4838 ἢτοῦ

412 4861 649 4917 virtutis
680 4861 981 4935 fastigium
1014 4880 1332 4935 possumus
1366 4863 1688 4936 pervenire,
1720 4881 1904 4937 operae
1930 4883 2058 4938 pre-

412 4950 561 5004 tium
595 4951 745 5006 duco
779 4969 964 5023 pauca
996 4969 1064 5008 ex
1097 4953 1300 5010 multis
1334 4952 1608 5026 praeclare
1637 4954 1819 5025 gestis
1848 4972 1881 5011 a
1923 4972 2057 5011 san-

413 5040 526 5094 ctis
556 5040 827 5096 Patribus
858 5042 958 5113 qui
1014 5043 1072 5097 in
1132 5043 1418 5098 coenobiis
1474 5042 1765 5112 effulsere,
1809 5044 2059 5118 exempli

412 5144 613 5196 causa,
651 5129 972 5185 narrationi
1003 5131 1253 5201 adjicere
1286 5137 1521 5187 nostris.

2171 4863 2483 4941 μαγειρείου
2541 4864 2763 4943 φροντὶς
2823 4864 3187 4939 ἐπιτρέπεται,
3242 4862 3323 4941 ἐφ’
3376 4860 3493 4917 ὅσον
3539 4862 3571 4929 ἡ
3620 4854 3748 4934 ἀρετὴ

2164 4954 2361 5011 τούτου
2393 4951 2698 5026 ἐπιδίδωσι,
2747 4955 2837 5009 καὶ
2885 4956 2920 5024 ἡ
2953 4952 3115 5031 ἰσχὺς
3142 4957 3241 5008 τοῦ
3272 4952 3513 5025 σώματος
3541 4946 3752 5019 ὑπουργεῖ

2167 5044 2218 5099 ἐν
2248 5047 2317 5117 τῇ
2379 5039 2642 5115 διακονίᾳ,
2704 5041 2793 5097 καὶ
2850 5044 2989 5116 μήτε
3033 5048 3206 5118 γῆρας
3238 5041 3381 5112 αὐτῷ
3423 5040 3548 5113 μήτε
3575 5033 3751 5091 ἀσθένεα

2170 5129 2473 5207 ἐμποδίζει.
2530 5130 2631 5186 Καὶ
2682 5128 2868 5201 ἐπειδή
2920 5132 2948 5186 ὁ
2994 5130 3156 5207 λόγος
3203 5133 3335 5203 ἡμῖν
3379 5127 3493 5203 περῖ
3524 5126 3751 5197 ὑποταγῆς

409 5215 499 5272 καὶ
531 5217 905 5279 ταπεινώσεως
936 5214 1166 5291 εἷ’ρηται,
1200 5215 1269 5272 δι’
1300 5219 1373 5272 ὧν
1406 5218 1541 5294 πρὸς
1572 5219 1635 5274 τὸ
1668 5220 1962 5296 ἀκρότατον
1992 5231 2092 5295 τῆς
2120 5223 2317 5297 ἀρετῆς
2348 5220 2586 5276 ἀνεκθεῖν
2617 5218 2910 5295 δυνάμεθα,
2944 5221 3228 5295 ἀναγκαῖον
3259 5211 3606 5289 ὑπολαμϐάνω
3627 5208 3752 5284 ὀλίγα

412 5304 472 5358 ἐκ
503 5302 729 5359 πολλῶν
760 5310 866 5359 τῶν
899 5304 950 5359 ἐν
982 5310 1097 5367 τοῖς
1123 5301 1419 5370 κοινοϐίοις
1453 5304 1876 5382 διαλαμψάντων
1911 5312 2131 5390 ἀγώνων
2164 5310 2383 5386 [ἁγίων]
2417 5309 2672 5385 Πατέρων
2718 5309 3120 5386 κατορθώματα
3172 5304 3585 5383 παραδείγματος
3625 5298 3750 5376 χάριν

412 5398 725 5469 προσθεῖναι
754 5398 833 5465 τῷ
867 5391 1027 5469 διηγή
1042 5414 1189 5468 ματι.

482 5485 651 5555 9.(ὓ9)
676 5485 811 5540 Erat
828 5485 1067 5557 quidam
1089 5488 1256 5540 Pater
1275 5484 1540 5542 Muthius
1554 5485 1665 5560 (60)
1680 5489 1938 5560 nomine,
1955 5491 2055 5564 qui

489 5657 604 5728 (57)
630 5654 891 5728 Cassian.
924 5656 1161 5714 Institut.
1192 5652 1296 5712 lib.
1329 5671 1407 5727 ιν,
1441 5670 1490 5713 c.
1530 5654 1621 5710 20.

402 5727 605 5816 «sisi
636 5727 783 5816 Lbe-
816 5744 866 5783 οι
893 5729 988 5816 2.2.-

506 5798 607 5874 ετιο)
634 5798 781 5858 Ibid.
814 5816 863 5858 c.
893 5799 985 5857 27.

2233 5491 2288 5546 9.
2322 5485 2515 5566 Γέγονέ
2544 5507 2629 5552 τις
2668 5488 2856 5563 Πατὴρ
2902 5484 3144 5551 Πούθιος
3197 5484 3435 5559 ὀνόματι.
3481 5477 3631 5541 Οὗτος
3656 5475 3748 5531 ἐπι·

2232 5658 2344 5734 (60)
2374 5657 2489 5716 Alii
2518 5659 2999 5735 putant‘reotius
3054 5657 3175 5735 legi
3225 5650 3611 5716 Pater-muth
3651 5658 3743 5704 una

2162 5729 2335 5805 voce,
2355 5747 2472 5807 qua
2502 5729 2574 5790 de
2602 5747 2665 5790 re
2693 5729 2858 5791 alibi.
