4026 6204
177 468 277 529 861

1315 461 1695 525 EPISTULA
1739 464 1763 523 Ι
1808 463 1912 524 AD
1955 461 2399 525 (IASTOREM.

3441 461 3559 522 862

177 600 345 661 ποθῶν
402 592 759 664 ἀποτάξασθαι
814 596 896 664 τῷ
969 591 1198 665 κόσμῳ,
1246 592 1682 669 παραγενόμενος
1748 592 1799 646 ἐν

1916 610 2049 649 cum
2083 593 2256 649 vellet
2285 593 2504 649 mundo
2537 592 2895 658 renuntiare,
2931 591 3214 649 accedens
3247 591 3317 646 ad
3367 607 3561 647 coeno-

180 679 440 757 κοινοϐίῳ,
473 680 708 737 ἐπιπολὺ
765 682 872 758 πρὸ
927 685 1034 735 τῶν
1082 686 1256 754 θυρῶν
1305 685 1401 736 τοῦ
1437 681 1805 756 μοναστηρίου

181 776 534 847 ἐκαρτέρησεν,
568 771 671 832 ἓως
700 770 789 826 ὅτε
914 767 1102 843 πολλῇ
1151 771 1315 825 αὐτοῦ
1366 771 1617 844 ὑπομονῇ
1673 771 1808 842 μετᾶ

185 866 363 937 μικροῦ
407 860 527 914 υἱοῦ
575 859 721 935 παρά
763 860 858 914 τὸν
904 861 1110 929 συνήθη
1149 859 1346 913 κανόνα
1390 864 1486 914 τοῦ
1526 853 1806 913 κοινοϐίου

182 952 381 1027 ἐδέχθη.
414 950 511 1005 Καὶ
571 949 662 1004 ὅτε
712 949 847 1021 μετά
892 946 1138 1010 πολλοὺς
1186 948 1390 1010 κόπους
1442 947 1709 1016 εἰσῆλθεν,
1744 946 1805 1001 οὐ

187 1042 330 1116 μόνον
362 1037 643 1117 διαφόροις
694 1033 872 1113 ἔργοις
919 1034 1313 1112 παρεδόθησαν,
1348 1034 1493 1091 ἀλλὰ
1536 1037 1625 1091 καὶ
1672 1037 1807 1091 κα·τά

181 1132 268 1198 τήν
288 1133 381 1184 τοῦ
413 1126 642 1182 κελλίου
693 1126 1003 1196 συνοίκησιν
1038 1124 1496 1201 διεχωρίσθησαν,
1529 1125 1678 1187 ὅπως
1736 1129 1805 1198 τῇ

185 1219 262 1274 ἀπ’
286 1215 543 1286 ἀλλήλων
577 1212 840 1285 διαζεύξει
885 1215 1021 1269 κατά
1068 1215 1259 1289 μικρὸν
1302 1221 1403 1283 τῆς
1455 1214 1592 1287 πρὸς
1628 1213 1805 1282 ἀλλή-

185 1306 297 1369 λους
343 1306 569 1382 φυσικῆς
619 1303 983 1380 προσπαθείας
1026 1303 1444 1378 ἀπαλλαγῶσιν·
1493 1305 1559 1373 ἧς
1619 1303 1805 1378 χάριτι

187 1398 391 1470 Χριστοῦ
438 1392 528 1448 διά
574 1395 678 1461 τῆς
723 1390 944 1462 πολλῆς
985 1392 1280 1469 γυμνασίας
1311 1393 1339 1447 6
1368 1393 1547 1467 πατὴρ
1578 1391 1805 1461 ἠλευθε-

187 1485 337 1559 ρώθη.
368 1482 464 1537 Καί
508 1501 647 1536 ποτε
676 1481 811 1557 πρὸς
846 1480 1073 1556 βάσανον
1106 1481 1195 1536 καὶ
1228 1479 1462 1554 δοκιμὴν
1490 1488 1589 1551 τῆς
1640 1480 1806 1535 αὐτοῦ

186 1574 354 1648 ἀρετῆς
404 1571 851 1642 προσεποιήσατο
903 1571 932 1624 6
982 1565 1154 1632 ἀϐϐἆς
1214 1572 1329 1643 μετ’
1388 1571 1557 1644 ὀργῆς
1613 1570 1807 1645 ἀγανα-

188 1666 307 1715 κτεῖν
358 1659 490 1736 πρὸς
542 1660 641 1714 τὸν
702 1656 892 1725 παῖδα,
921 1659 1009 1714 καὶ
1058 1659 1384 1733 προστάσσει
1429 1663 1507 1731 τῷ
1536 1658 1809 1735 εἰρημένῳ

188 1749 324 1823 πατρὶ
352 1748 512 1802 αὐτοῦ
545 1743 739 1803 λαϐεῖν
773 1746 932 1802 αὐτόν
961 1746 1050 1801 καὶ
1086 1747 1234 1823 ῥίψαι
1268 1746 1342 1809 εἰς
1392 1748 1487 1802 τὸν
1535 1748 1804 1820 ποταμόν.

189 1836 296 1893 Τότε
347 1836 566 1906 ἐκεῖνος,
598 1837 682 1899 ὡς
740 1836 801 1891 ἃν
858 1836 961 1890 ὑπὸ
988 1840 1123 1891 Θεοῦ
1151 1836 1513 1912 προσταχθεὶς
1549 1837 1805 1912 βαστάσαι

192 1924 326 1980 αὐτοῦ
351 1926 438 1980 τὸν
466 1923 664 1995 παῖδα,
693 1921 959 2000 δρομαῖος
989 1923 1077 1979 ἐπὶ
1106 1926 1205 1993 τὴν
1234 1921 1409 2001 ὄχθην
1440 1929 1536 1979 τοῦ
1558 1929 1807 1998 ποταμοῦ

192 2014 521 2089 παραγίνεται,
554 2014 652 2069 καὶ
712 2011 959 2068 σπεύδων
1017 2013 1309 2088 πληρῶσαι
1363 2014 1428 2068 τὸ
1487 2013 1810 2089 πρόσταγμα

192 2102 339 2169 πίστει
367 2100 612 2178 διαπύρῳ
644 2102 737 2157 καὶ
769 2103 1065 2174 θερμότητι
1096 2108 1197 2172 τῆς
1259 2103 1519 2172 ὑπακοῆς,
1554 2101 1804 2171 ἐκωλύθη

195 2190 279 2246 ὑπὸ
317 2196 415 2246 τῶν
457 2188 740 2269 ἀδελφῶν,
768 2189 1176 2269 ἐπιφθασάντων
1233 2192 1325 2246 καὶ
1380 2192 1807 2267 ἀφαρπασάντων

193 2280 266 2333 τὸν
292 2276 462 2335 παῖδα.
492 2282 773 2335 Τοσοῦτον
820 2277 910 2334 οὖν
958 2280 1105 2353 παρά
1159 2283 1275 2352 Θεῷ
1374 2280 1555 2342 πίστις
1612 2279 1808 2335 τούτου

192 2368 317 2438 καἰὴ
345 2368 549 2437 ὑπακοή
578 2365 960 2444 προσεδέχθη,
980 2369 1055 2429 ὡς
1083 2366 1528 2447 ἀποκαλυφθῆναι
1558 2373 1637 2441 τῷ
1666 2363 1810 2441 ἀϐϐᾷ

194 2457 241 2511 ἐκ
261 2462 345 2511 τοῦ
365 2462 513 2526 Θεοῦ,
544 2456 632 2512 ὅτι
670 2457 735 2512 τὸ
761 2455 918 2532 ἔργον
947 2461 1044 2512 τοῦ
1071 2453 1318 2533 Ἀϐραὰμ
1349 2458 1505 2519 οὗτος
1558 2456 1799 2527 ἐποίησε.

194 2546 302 2603 Μετ’
329 2544 508 2621 ὀλίγον
540 2544 598 2601 δὲ
632 2545 840 2621 χρόνον
873 2547 902 2600 6
933 2546 1222 2621 εἰρημένος
1270 2541 1442 2608 ἀϐϐἆς
1483 2551 1582 2601 τοῦ
1624 2543 1806 2602 κοινο-

195 2628 296 2689 ϐίου
320 2633 596 2705 τελευτῶν,
628 2639 828 2690 τοῦτον
856 2632 1118 2710 διάδοχον
1151 2635 1315 2691 αὐτοῦ
1351 2633 1660 2694 κατέλιπεν.

250 2727 325 2780 10.
353 2722 554 2780 νΑλλον
582 2722 831 2800 ἔγνωμεν
863 2720 1096 2801 ἀδελφὸν
1149 2724 1579 2799 ἀποταξάμενον,
1612 2726 1670 2786 ὃς
1714 2725 1802 2779 καὶ

194 2813 304 2867 κατά
350 2813 434 2867 τὸν
489 2810 707 2886 κδ’σμον
768 2812 931 2889 μέγας
984 2813 1200 2889 ὑπῆρχε
1247 2815 1357 2887 (καὶ
1412 2815 1513 2890 γάρ
1544 2816 1573 2869 6
1618 2816 1804 2889 Πατὴρ

196 2899 331 2956 αύτοῦ
354 2902 526 2974 κόμης
557 2901 912 2978 ἐτερατεύετο
942 2903 1033 2957 καὶ
1063 2902 1325 2965 πλούσιος
1374 2902 1678 2980 ἐτύγχανε),
1712 2904 1802 2959 καὶ

197 2986 237 3042 ἐν
275 2988 627 3065 ἀναγνώσμασι
682 2987 995 3053 σπουδαίοις
1044 2990 1107 3045 ού
1147 2991 1380 3067 μετρίως
1427 2993 1495 3062 ἧν
1541 3013 1804 3068 γεγυμνα-

199 3079 378 3148 σμένος.
424 3080 592 3142 Οὗτος
659 3077 749 3135 οὗν
807 3078 1138 3154 καταλείψας
1183 3082 1284 3149 τήν
1339 3084 1609 3155 κοσμικὴν
1657 3102 1806 3159 περι-

196 3167 399 3243 φάνειαν,
426 3169 559 3244 πρὸς
587 3167 691 3223 τὸν
727 3170 941 3245 μονήρη
981 3169 1096 3243 βίον
1131 3168 1377 3246 ὥρμησε,
1409 3170 1497 3225 καὶ
1549 3168 1615 3240 δὴ
1666 3172 1803 3247 πρὸς

198 3251 393 3328 δοκιμήν
444 3263 542 3327 τῆς
588 3256 765 3312 αὐτοῦ
810 3258 1043 3320 πίστεως
1092 3259 1180 3313 καὶ
1223 3261 1597 3322 ταπεινώσεως
1625 3280 1801 3336 προσ-

1917 684 2102 751 bium,
2125 684 2222 738 diu
2259 686 2394 738 ante
2425 683 2577 738 fores
2600 681 2934 737 monasterii
2959 680 3559 752 perseveravit,donec

1917 773 1988 828 ob
2020 789 2314 828 summam
2341 775 2469 841 ejus
2494 771 2832 843 patientiam
2858 787 2991 826 cum
3018 770 3327 841 pravol‘ilio
3353 776 3562 841 praeter

1917 867 2212 916 assuetam
2246 864 2584 917 monasterii
2620 861 2826 931 legem,
2853 860 3152 915 admissus
3182 865 3288 914 est.
3314 861 3391 913 Ac
3420 876 3556 914 cum

1919 957 2049 1022 post
2068 951 2289 1006 multos
2316 951 2544 1006 labores
2567 951 2873 1021 ingressus
2897 950 3144 1018 fuit,non
3181 949 3353 1003 modo
3384 949 3561 1004 variis

1915 1040 2193 1111 operibus
2222 1040 2394 1094 ambo
2434 1039 2635 1094 traditi
2696 1044 2856 1103 sunt,
2910 1040 3009 1094 sed
3069 1038 3322 1110 separati
3380 1038 3558 1092 etiam

1916 1128 2074 1183 fuere
2105 1130 2293 1200 quoad
2325 1127 2546 1183 cellulas
2578 1127 3019 1189 habitationem,
3056 1132 3119 1179 ut
3165 1126 3561 1197 disjunctione

1914 1215 2015 1273 illa
2042 1217 2326 1289 paulatim
2360 1222 2566 1272 mutua
2595 1215 2695 1270 illa
2726 1216 2983 1271 naturali
3017 1215 3320 1269 affectione
3350 1215 3557 1269 libera-

1915 1310 2156 1371 rentur;
2190 1323 2304 1375 qua
2335 1306 2497 1376 item,
2530 1305 2742 1362 Christi
2768 1305 2976 1377 gratia,
3003 1319 3105 1376 per
3127 1303 3372 1359 multam
3396 1321 3557 1359 exer-

1915 1395 2249 1451 citationem
2312 1401 2476 1467 pater
2530 1394 2811 1449 liberatus
2868 1400 2977 1450 est.
3014 1394 3097 1448 Ad
3148 1393 3553 1465 probationem

1914 1489 2108 1539 autem
2141 1492 2198 1539 et
2236 1487 2697 1555 experimentum
2758 1483 2991 1539 virtutis
3050 1483 3180 1553 ejus
3241 1481 3559 1537 simulabat

1916 1573 2231 1644 aliquando
2265 1574 2447 1629 abbas
2476 1589 2538 1629 se
2572 1573 2657 1629 ira
2687 1574 2966 1628 adversus
2986 1587 3232 1643 puerum
3254 1570 3559 1638 concitari,

1908 1664 2208 1734 jussitque
2240 1663 2576 1734 supradicto
2606 1663 2734 1733 ejus
2768 1661 2915 1734 patri
2950 1667 3015 1716 ut
3046 1659 3345 1716 sublatum
3381 1660 3559 1732 proji-

1915 1756 2069 1806 ceret
2097 1751 2154 1804 in
2188 1751 2451 1807 ﬂuvium.
2483 1750 2630 1805 Tum
2692 1750 2810 1815 ille,
2844 1749 3011 1822 quasi
3071 1749 3185 1805 Deo
3220 1749 3466 1820 jubente
3499 1754 3562 1803 ut

1915 1839 2142 1895 tolleret
2173 1840 2355 1893 ﬁlium
2390 1856 2587 1904 suum,
2614 1838 2903 1893 concitato
2926 1854 3097 1893 cursu
3120 1839 3187 1892 ad
3228 1838 3412 1909 ripam
3447 1836 3559 1892 ﬂu-

1917 1928 2094 1983 minis
2122 1928 2378 1996 advenit,
2413 1943 2477 1981 ac
2509 1927 2650 1981 dum
2676 1928 2914 1996 jussum
2948 1926 3190 1997 implere
3220 1942 3290 1980 ex
3327 1926 3557 1980 ardenti

1919 2017 2052 2081 fide,
2108 2022 2167 2072 et
2221 2033 2292 2072 ex
2347 2017 2568 2071 fervore
2618 2016 2963 2071 obedientim
3017 2018 3372 2087 preperaret,
3433 2031 3560 2086 pro-

1918 2105 2140 2162 hibitus
2170 2111 2260 2161 est
2314 2122 2349 2160 a
2406 2104 2690 2160 fratribus
2750 2104 2849 2176 qui
2908 2119 3236 2177 praevenere
3294 2103 3461 2157 illum
3507 2108 3563 2157 et

1918 2195 2104 2249 ﬁlium
2125 2194 2448 2266 abripuere.
2469 2193 2793 2266 (61)Usque
2813 2194 2957 2248 adeo
2977 2204 3169 2248 autem
3194 2193 3322 2263 ejus
3346 2194 3489 2247 fides
3506 2197 3564 2247 et

1918 2282 2249 2338 obedientia
2297 2287 2409 2337 Deo
2468 2288 2707 2352 accepta
2766 2282 2895 2349 fuit,
2960 2287 3024 2337 ut
3080 2299 3114 2337 a
3170 2282 3284 2337 Deo
3342 2282 3561 2338 revela-

1916 2375 2041 2426 tum
2076 2372 2243 2426 fuerit
2278 2371 2495 2438 abbati,
2539 2372 2735 2443 ipsum
2794 2372 3110 2427 Abrahami
3166 2388 3315 2443 opus
3372 2372 3558 2444 perfe-

1922 2459 2090 2514 cisse.
2124 2459 2302 2514 Parvo
2331 2463 2527 2515 autem
2561 2458 2759 2531 elapso
2788 2464 3067 2531 tempore,
3090 2461 3403 2531 praedictus
3446 2476 3557 2515 cce-7

1918 2549 2075 2603 nobii
2105 2549 2287 2604 abbas
2319 2565 2451 2603 cum
2485 2549 2746 2618 obiisset,
2790 2565 2923 2604 eum
2986 2565 3387 2604 successorem
3445 2549 3554 2603 sibi

1917 2637 2172 2709 reliquit.

1986 2726 2073 2782 lO.
2136 2726 2324 2782 Alium
2384 2727 2655 2783 novimus
2712 2727 2973 2792 fratrem,
3026 2727 3129 2799 qui
3180 2726 3393 2783 saeculo
3423 2743 3553 2782 sese

1915 2816 2226 2887 abdicavit,
2267 2817 2364 2887 qui
2433 2816 2609 2872 etiam
2698 2816 2757 2871 in
2827 2817 3046 2872 mundo
3113 2817 3365 2888 insignis
3430 2821 3556 2871 erat

1913 2906 2099 2977 (pater
2127 2905 2340 2977 quippe
2369 2906 2497 2976 ejus
2528 2922 2723 2960 comes
2783 2906 3000 2961 bellum
3061 2906 3319 2978 gerebat,
3360 2906 3550 2960 dives-

1914 3010 2027 3065 que
2058 2994 2221 3063 erat),
2255 3009 2360 3049 nec
2420 2993 2793 3049 mediocriter
2841 2995 3110 3050 eruditus
3167 3011 3233 3049 ac
3280 2993 3552 3050 lectionis

1914 3082 2238 3138 studiosus.
2271 3082 2384 3154 (62)
2406 3082 2508 3137 Hic
2532 3083 2710 3155 igitur
2734 3084 2997 3139 saeculari
3033 3083 3233 3139 relicto
3267 3085 3440 3150 fastu,
3479 3085 3551 3138 ad

1915 3172 2301 3227 monasticam
2333 3188 2394 3227 se
2425 3171 2674 3227 contulit
2702 3173 2901 3237 vitam,
2942 3179 3118 3245 atque
3151 3173 3220 3229 ad
3256 3173 3553 3245 probatio-

1916 3276 2048 3316 nem
2085 3260 2216 3315 ﬁdei
2247 3265 2304 3315 et
2340 3259 2694 3316 humilitatis
2753 3278 2869 3317 suae
2916 3262 3162 3333 jubetur
3214 3263 3288 3317 ab
3345 3263 3556 3317 abbate

195 3342 402 3400 τάσσεται
448 3347 551 3402 ὑπὸ
594 3350 703 3402 τοῦ
746 3340 888 3401 ἀϐϐἆ
936 3344 1063 3402 δέκα
1103 3346 1364 3425 σπαρίδας
1398 3349 1678 3424 βαστάσαι,
1710 3350 1798 3403 καὶ

1916 3350 2109 3405 decem
2143 3355 2376 3421 sportas
2402 3350 2648 3421 deferre,
2675 3356 2733 3406 et
2763 3351 2821 3405 in
2855 3350 3091 3422 propria
3115 3352 3280 3420 urbe,
3300 3367 3405 3405 nec
3437 3367 3557 3406 una

198 3428 238 3485 ἒν
278 3436 339 3505 τῇ
379 3430 532 3489 πόλει
699 3432 811 3505 ἰδίᾳ
851 3433 1129 3505 πωλῆσαι,
1160 3434 1250 3489 καὶ
1310 3436 1386 3507 μὴ
1437 3436 1610 3498 πάσας
1668 3434 1802 3509 ἐμοῦ

196 3518 313 3575 ἀλλά
356 3525 480 3578 κατά
530 3523 658 3597 μίαν
709 3522 873 3585 αὐτάς
930 3522 1158 3579 πωλεῖν·
1221 3522 1353 3601 ὅπερ
1406 3523 1611 3587 ἐκεῖνος
1671 3527 1805 3599 μετά

196 3607 337 3676 πάσης
386 3609 662 3682 ὑπομονῆς
724 3609 814 3665 καὶ
865 3612 1244 3673 ταπεινώσεως
1300 3611 1643 3689 ἐπλήρωσεν,
1694 3613 1807 3668 ἐπι-

197 3695 284 3757 θεὶς
305 3697 389 3760 τάς
419 3697 677 3774 σπυρίδας
730 3704 846 3761 τοῖς
894 3698 1093 3771 ὤμοις,
1125 3700 1214 3755 καὶ
1263 3698 1426 3762 αὐτάς
1488 3703 1624 3756 κατὰ
1678 3701 1804 3775 μίαν

197 3783 438 3859 πωλήσας,
489 3789 563 3860 μὴ
622 3786 989 3862 λογισάμενος
1035 3790 1135 3858 τὴν
1185 3788 1456 3845 εὐτέλειαν
1513 3795 1611 3845 τοῦ
1667 3790 1812 3866 πρά-

196 3894 383 3945 γματος,
410 3876 495 3930 καὶ
549 3882 645 3933 τοῦ
707 3876 896 3952 γένους
951 3878 1052 3947 τήν
1114 3876 1503 3955 λαμπρότητα,
1562 3879 1651 3935 καὶ
1704 3888 1806 3951 τῆς

1912 3454 2118 3494 omnes
2147 3438 2248 3493 sed
2276 3437 2621 3510 singulatim
2653 3456 2751 3495 eas
2781 3441 3062 3495 vendere:
3105 3441 3260 3511 quod
3293 3439 3389 3495 ille
3419 3457 3554 3494 cum

1913 3526 2074 3582 omni
2106 3526 2388 3599 patientia
2415 3532 2473 3582 et
2502 3527 2834 3584 humilitate
2854 3529 3184 3600 complevit,
3209 3535 3557 3600 sportasque

1914 3616 2225 3688 imponens
2258 3615 2518 3671 humeris
2573 3616 2873 3689 sigillatim
2932 3618 3232 3685 vendidit;
3296 3634 3407 3672 non
3458 3616 3556 3672 ille

1918 3705 1998 3760 rei
2029 3704 2329 3770 vilitatem,
2367 3722 2480 3761 non
2540 3706 2770 3777 generis
2826 3707 3192 3762 nobilitatem
3234 3723 3432 3761 secum
3465 3721 3552 3760 re.

1920 3794 2145 3866 putavit
2175 3809 2187 3847 :
2222 3793 2491 3849 studebat
2519 3794 2675 3850 enim
2708 3795 2919 3850 Christi
2962 3794 3314 3850 humilitatis
3363 3793 3554 3848 imita-

1920 3886 2012 3938 tor
2040 3882 2213 3937 οΠίοἰε

199 3963 400 4036 πράσεως
448 3967 545 4035 τὴν
601 3964 865 4022 δοκοῦσαν
925 3966 1166 4041 ἀτιμίαν.
1223 3966 1550 4038 Ἐσπούδαζε
1623 3969 1726 4045 γὰρ
1809 3970 2057 4043 μιμητὴν
2124 3969 2306 4025 ἑαυτὸν
2381 3975 2711 4039 καταστῆσαι
2766 3970 2865 4039 τῆς
2923 3974 3021 4026 τοῦ
3078 3974 3311 4047 Χριστοῦ
3366 3990 3553 4025 ταπει-

197 4071 392 4115 νωσεως.
440 4106 443 4107 ,

256 4140 329 4223 ll.
364 4143 454 4199 Καὶ
501 4142 673 4202 ἄλλον
731 4144 790 4202 δὲ
841 4168 964 4203 τινα
1019 4150 1127 4202 τῶν
1188 4146 1438 4223 Πατέρων
1473 4146 1802 4222 ἐθεασάμεθα

201 4220 337 4283 ἀὸὗᾶν
386 4233 640 4312 Πινοφᾶν,
704 4231 872 4311 ἄνδρα
922 4234 1064 4308 πάσῃ
1138 4235 1304 4312 ἀρετῇ
1332 4220 1798 4311 κεκοσμημένον,

199 4313 316 4379 ὅστις
366 4320 428 4389 ἦν
477 4318 789 4397 πρωτόϐιος
835 4324 926 4379 καὶ
974 4318 1143 4386 ἀϐϐἆς
1197 4324 1442 4399 μεγάλου
1498 4322 1800 4396 κοινοϐίου,

199 4403 385 4493 δᾼὲστιν
434 4410 484 4465 ἐν
539 4414 803 4488 Αἰγύπτῳ
859 4412 1021 4490 ἐγγὺς
1075 4421 1175 4483 τῆς
1252 4415 1479 4493 Πανειρὼ
1558 4415 1797 4479 πόλεως·

200 4490 346 4567 οὗτος,
374 4499 506 4572 ὁρῶν
538 4502 726 4558 ἑαυτὸν
757 4504 847 4557 καὶ
879 4500 967 4558 διὰ
994 4504 1095 4572 τὴν
1133 4490 1441 4579 προσοῦσαν
1494 4503 1800 4577 πολιτείαν,

200 4584 269 4637 καὶ
295 4584 373 4643 διὰ
394 4592 452 4645 τὸ
477 4599 673 4669 γῆρας,
705 4593 794 4648 καὶ
845 4591 936 4648 διὰ
988 4594 1088 4663 τὴν
1147 4594 1472 4669 ἠγεμονίαν,
1507 4595 1611 4650 ὑπὸ
1667 4598 1799 4651 πάν-

1983 4150 2068 4205 11.
2103 4150 2419 4223 (63)Alium
2445 4152 2580 4209 item
2597 4153 2910 4226 quemdam
2926 4168 2994 4207 ex
3009 4151 3281 4208 Patribus
3297 4152 3553 4208 vidimus

1911 4238 2182 4294 abbatem
2214 4240 2538 4311 Pinopban,
2572 4242 2762 4297 virum
2794 4242 2954 4296 omni
2988 4242 3201 4296 virtute
3248 4246 3548 4309 ornatum,

1910 4328 2006 4397 qui
2040 4334 2165 4383 erat
2189 4329 2470 4401 antiquus
2500 4335 2559 4386 et
2586 4332 2769 4386 abbas
2792 4332 2992 4403 magni
3020 4330 3291 4396 coenobii,
3314 4330 3468 4402 quod
3494 4330 3553 4385 in

1907 4416 2151 4489 Egypto
2182 4420 2359 4475 situm
2391 4424 2481 4475 est
2510 4436 2688 4492 prope
2722 4422 2927 4475 urbem
2969 4419 3241 4491 Panepho
3269 4438 3281 4476 :
3334 4419 3384 4475 is
3416 4436 3551 4475 cum

1911 4522 2039 4562 sese
2068 4506 2290 4563 videret
2313 4512 2440 4563 tum
2471 4509 2543 4564 ob
2577 4510 2703 4563 vitae
2737 4509 3092 4573 institutum.
3123 4514 3247 4563 tum
3279 4509 3352 4565 ob
3386 4526 3550 4563 sene-

1910 4599 2129 4651 ctutem
2160 4601 2217 4651 et
2247 4598 2653 4668 praefecturam
2685 4598 2912 4654 laudari
2934 4604 2989 4654 et
3006 4598 3283 4654 celebrari
3308 4598 3381 4654 ab
3421 4614 3552 4653 om-

199 4691 286 4727 των
335 4673 671 4752 δοξαζόμενον
714 4681 804 4736 καὶ
833 4683 1170 4755 τιμώμενον,
1224 4684 1314 4739 καὶ
1377 4684 1451 4756 μή
1505 4681 1801 4758 δυνάμενον

1916 4684 2221 4754 nibus,uec
2244 4702 2430 4757 posse,
2452 4688 2955 4758 quemadmodum
2981 4688 3148 4743 initio
3171 4705 3290 4743 suis
3320 4704 3553 4743 conver-

204 4758 748 4850 tnopva'ﬁaeoa:_toic
798 4778 896 4841 τῆς
950 4771 1455 4850 ταπεινοφροσύνης
1521 4772 1803 4845 ἐπιτηδεύ-

208 4870 357 4939 μασιν,
401 4858 579 4934 οἷσπερ
693 4860 895 4936 ἀρχῆς,
932 4857 1021 4915 διὰ
1065 4842 1374 4934 τῆςυαύτῷ
1429 4842 1802 4939 περιποθητου

478 4946 528 5002 ἐν
576 4947 613 5023 ᾗ
643 4946 878 5021 ἐκλήθη,
910 4946 1082 5024 λάθρα
1126 4949 1304 5026 φυγὼν
1355 4950 1461 5006 ἀπὸ
1504 4938 1612 5006 τοῦ
1663 4949 1801 5007 ἰδίου

204 5027 460 5117 κοινοϐίου,
485 5036 802 5113 ἀνεχώρησε
836 5038 1001 5110 μόνος
1048 5038 1124 5101 εἷς
1177 5042 1245 5094 τὰ
1289 5035 1489 5117 ἔσχατα
1534 5048 1635 5111 τῆς
1689 5047 1800 5113 Θη-

207 5109 379 5182 ϐαίδος·
406 5124 489 5178 καὶ
745 5126 809 5182 τὸ
838 5109 1035 5203 exigu:
1062 5132 1159 5183 τοῦ
1209 5109 1457 5205 μοναὶοῦ
1504 5109 1600 5184 καὶ.
1645 5109 1800 5185 ἐνδυ-

209 5206 400 5277 σάμενος
454 5218 682 5287 κοσμικὰ
744 5217 937 5288 ἱμάτια
986 5215 1226 5286 ἀπῆλθεν
1283 5217 1360 5280 είς
1412 5218 1474 5272 τὸ
1522 5213 1797 5273 κοινόϐιον

205 5296 290 5349 τῶν
312 5295 762 5373 Ταϐεννησιωτῶν,
793 5304 1019 5379 νομίσας
1048 5305 1100 5360 ἐν
1156 5305 1331 5379 νούτῳ
1393 5304 1671 5371 λανθάνειν
1716 5307 1798 5370 τις

209 5380 381 5473 ξεν-ε”η
433 5387 514 5444 διὰ
564 5393 624 5447 τὸ
678 5392 894 5463 πλῆθος
948 5398 1060 5450 τῶν
1116 5391 1387 5473 ἀδελφῶν,
1446 5395 1535 5451 καὶ
1595 5392 1684 5451 διὰ
1734 5396 1800 5453 τὸ

211 5468 397 5546 ἀπέχειν
424 5477 560 5535 πολὺ
586 5486 678 5537 τοῦ
704 5481 997 5556 κλίματος,
1020 5482 1071 5539 ἂν
1105 5484 1150 5557 ᾧ
1179 5484 1242 5539 τὸ
1262 5468 1466 5540 ⁷τούτου
1493 5479 1795 5545 κοινόϐιον.

394 5698 902 5837 ξέξὲἰῖη.2ξιετίιιιε.
932 5708 1038 5769 lib.
1069 5724 1233 5780 1v,.c.
1259 5708 1352 5769 28.

1912 4772 2094 4829 sionis
2136 4775 2331 4830 studio
2390 4775 2745 4832 humilitatis
2798 4776 3057 4848 seipsum
3116 4794 3421 4845 exercere;
3481 4778 3555 4833 iis

1910 4867 2236 4934 permotus,
2257 4866 2331 4919 ob
2351 4865 2741 4921 desideratam
2763 4866 2873 4921 sibi
2892 4866 3318 4937 subjectionem
3350 4865 3408 4920 in
3441 4882 3555 4937 qua

1910 4958 2153 5008 vocatus
2186 4954 2391 5023 fuerat,
2428 4954 2575 5009 clam
2639 4956 2951 5027 aufugiens
3008 4974 3077 5012 ex
3133 4974 3239 5012 suo
3271 4957 3552 5025 ccenobio,

1911 5042 2155 5096 secessit
2186 5041 2349 5098 solus
2371 5043 2441 5097 ad
2462 5050 2751 5100 extremas
2774 5045 3085 5101 Thebaidis
3119 5050 3331 5118 partes,
3358 5045 3553 5101 subla-

1908 5134 2086 5202 toque
2108 5131 2380 5187 monachi
2408 5133 2777 5203 vestimento,
2801 5135 3145 5207 indutisque
3174 5135 3554 5191 smcularibus

1908 5221 2168 5277 vestibus
2195 5222 2755 5279 Tabennesiotarum
2789 5225 3119 5280 coenobium
3168 5226 3355 5296 petiit,
3389 5230 3556 5281 ratus

1909 5310 1969 5365 in
2003 5325 2069 5365 eo
2104 5327 2166 5366 se
2198 5309 2378 5367 latere
2409 5328 2601 5382 posse,
2635 5329 2769 5368 cum
2830 5315 2902 5368 ob
2964 5314 3407 5370 multitudinem
3441 5317 3553 5370 lra-

1907 5400 2090 5468 trum,
2117 5403 2237 5454 tum
2271 5398 2409 5470 quia
2439 5400 2691 5456 multum
2724 5402 2956 5457 abesset
2987 5419 3019 5457 a
3050 5402 3302 5474 regione,
3337 5402 3395 5457 in
3438 5420 3556 5473 qua

1907 5488 2089 5545 situm
2121 5494 2245 5546 erat
2273 5491 2604 5547 ccenobium
2628 5509 2829 5549 suum.
2855 5493 2940 5549 lhi
2964 5510 3099 5549 cum
3123 5492 3322 5549 multis
3345 5493 3552 5550 diebus

1976 5712 2090 5787 (63)
2120 5712 2268 5772 Ibid.
2304 5731 2354 5773 ο.
2384 5713 2475 5787 30,
2510 5715 2611 5773 ubi
2642 5716 2833 5774 abbas
2862 5720 3100 5775 vocatur
3125 5716 3395 5789 Pinuﬁus.
