4026 6204
183 444 322 505 865

1368 436 1749 499 EPISTULA
1795 436 1820 495 Ι
1864 436 1968 494 AD
2013 434 2459 495 CASTOREM.

3500 449 3618 508 866

189 574 500 651 βαρύταται
550 577 664 634 τοῖς
711 571 963 646 χλιαρῶς
1007 571 1096 625 καὶ
1155 568 1410 645 ῥᾳθύμως
1467 563 1844 642 προσερχομέο

1987 565 2254 636 supplicia
2282 565 2355 621 iis
2387 567 2486 637 qui
2520 567 2775 624 molliter
2804 570 3180 645 segniterque
3229 590 3356 630 eam
3401 578 3618 634 adeunt

186 686 316 726 νοις
362 663 531 737 ταύτῃ
578 666 644 735 τῇ
701 658 1022 735 ἐπαγγελίᾳ.
1058 657 1282 715 Βέλτιον
1314 658 1414 733 γάρ
1447 656 1557 710 ἐστι
1588 655 1724 709 κατά
1752 655 1849 722 τὴν

191 754 423 829 Γραφὴν
459 753 534 824 μὴ
574 749 838 820 εὔξασθαι,
870 751 904 818 ἣ
949 747 1213 818 εὔξασθαι,
1263 747 1353 800 καὶ
1407 746 1481 818 μὴ
1535 741 1852 799 ἀποδοῦναι.

191 843 296 897 Καὶ
360 841 529 896 πάλιν
588 837 819 915 εἶ’ρηται·
878 863 904 888 ‹‹
966 835 1386 912 Ἐπικατάρατος
1447 835 1474 888 6
1548 837 1720 887 ποιῶν
1793 831 1855 885 τὸ

187 930 357 1006 ἔργον
410 934 510 985 τοῦ
557 929 754 1004 Κυρίου
803 927 1044 998 ἀμελῶς·
1101 925 1358 980 »τούτου
1399 923 1559 999 χάριν
1593 922 1856 996 ἀπεστρα-

188 1019 419 1099 φόμεθά
468 1040 528 1073 τε
579 1018 669 1073 καὶ
712 1011 1125 1088 ἀνεϐαλλόμεθα
1182 1019 1278 1070 τοῦ
1328 1011 1591 1084 δέξασθαι,
1638 1010 1744 1085 οὐχ
1775 1009 1856 1064 ὅτι

186 1112 292 1179 τὴν
358 1108 638 1182 σωτηρίαν
715 1110 811 1160 σοῦ
886 1105 976 1160 καὶ
1044 1105 1258 1159 πάντων
1327 1107 1436 1157 τῶν
1496 1101 1572 1163 εἷς
1628 1101 1855 1174 Χριστὸν

187 1199 570 1254 πιστευόντων
620 1196 720 1251 οὐκ
766 1196 1160 1268 ἐπιθυμοῦμεν,
1213 1191 1338 1248 ἀλλ’
1383 1189 1476 1245 ’ίνα
1525 1191 1624 1264 μὴ,
1656 1210 1859 1262 προπε-

186 1294 325 1358 τῶς,
393 1289 486 1342 καὶ
539 1286 616 1348 ὡς
669 1284 854 1360 ἔτυχεν
909 1281 1328 1359 ὑποδεχόμενοι,
1381 1283 1545 1353 ἡμεῖς
1592 1279 1685 1353 μὶν
1719 1279 1862 1350 παρά

188 1382 313 1448 Θεῷ
365 1375 736 1454 κουφότητος,
786 1374 874 1428 καὶ
932 1371 1243 1448 εὐχόμενοι,
1286 1368 1442 1440 δίκην
1475 1367 1770 1447 ὐφέξωμεν,
1806 1367 1863 1420 σὲ

190 1467 248 1521 δὲ
283 1466 594 1528 ὑπεύθυνον
651 1463 946 1540 βαρυτέρας
998 1459 1268 1534 τιμωρίας
1317 1459 1764 1529 καταστήσωμεν,
1815 1455 1862 1509 εί

187 1556 338 1629 πρὸς
407 1554 471 1609 τὸ
524 1553 691 1628 παρὸν
744 1551 1003 1626 εὐχερῶς,
1053 1549 1144 1604 καὶ
1197 1549 1272 1622 μὴ
1330 1546 1568 1621 μαθόντα
1603 1546 1666 1600 τὸ
1701 1544 1864 1621 βάρος

189 1646 284 1699 καὶ
555 1636 832 1716 ἀκρίϐειαν
909 1644 1004 1694 τοῦ
1079 1635 1515 1713 ἐπαγγέλματος,
1582 1634 1670 1690 καὶ
1733 1634 1865 1706 μετά

190 1739 367 1788 ταῦτα
403 1736 630 1807 χαῦνος,
664 1731 754 1785 καὶ
789 1728 1031 1804 ῥᾴθυμος
1065 1724 1536 1804 ἀποδειχθῇς.Διά
1562 1745 1647 1779 τοι
1679 1728 1861 1790 τοῦτο,

190 1822 385 1882 καθὼς
453 1817 687 1894 εἶ’ρηται,
740 1819 840 1886 τὴν
891 1816 1064 1870 αἰτίαν
1135 1822 1235 1882 τῆς
1292 1816 1577 1888 ἀποταγῆς
1627 1811 1862 1890 ὀφείλεις

191 1915 433 1984 γνῶναι,
491 1909 543 1962 τί
594 1928 650 1960 σε
697 1904 780 1961 δεῖ
834 1911 1030 1960 ποιεῖν.
1081 1906 1143 1959 Ἡ
1194 1903 1437 1979 ἀποταγὴ
1487 1901 1662 1956 τοίνυν
1711 1898 1862 1955 οὐδέν

193 1999 340 2054 ἄλλο
398 1995 728 2064 καθέστηκεν
784 1994 830 2048 εἴ
880 1995 954 2067 μὴ
1007 1997 1236 2055 σταυροῦ
1283 1991 1373 2046 καὶ
1424 1991 1651 2055 θανάτου
1698 1989 1861 2064 ἐπαγ-

191 2087 381 2165 γελία.

190 2175 524 2247 τεθνηκέναι
573 2194 650 2241 σε,
705 2173 794 2227 καὶ
845 2172 1203 2248 σταυροῦσθαι
1254 2174 1333 2242 τῷ
1383 2168 1597 2240 κόσμῳ,
1631 2167 1720 2221 καὶ
1771 2167 1863 2221 τὸν

471 2086 706 2140 Γίνωσκε
769 2083 952 2138 τοίνυν
1025 2082 1131 2137 ἀπὸ
1203 2083 1302 2150 τῆς
1361 2082 1600 2156 σήμερον
1654 2079 1864 2152 ἡμέρας

193 2267 421 2338 κόσμον
468 2285 576 2332 σοι,
628 2263 762 2317 κατά
813 2262 904 2317 τὸν
949 2257 1312 2318 Ἀπόστολον·
1362 2257 1450 2312 καὶ
1499 2254 1869 2330 καταμάνθανε

193 2357 273 2416 τίς
304 2358 344 2424 ἡ
386 2351 620 2425 δύναμις
663 2354 761 2419 τῆς
807 2351 1178 2425 σταυρώσεως’
1231 2344 1417 2414 ἐπειδή
1461 2345 1638 2401 οὐκέτι
1673 2344 1865 2400 λοιπὸν

195 2445 256 2499 σὺ
294 2448 431 2518 ζῇς,
488 2441 612 2496 αλλ’
668 2441 869 2501 ἐκεῖνος
923 2439 976 2494 έν
1009 2439 1092 2492 σοὶ
1127 2441 1190 2511 ζῇ
1227 2438 1254 2492 6
1299 2437 1428 2508 ὑπὲρ
1479 2440 1573 2490 σοῦ
1628 2454 1867 2509 σταυρω-

191 2531 327 2595 θείς.
393 2531 597 2601 Τούτῳ
643 2529 826 2582 τοίνυν
876 2533 956 2600 τῷ
1004 2526 1161 2599 τύπῳ
1208 2525 1406 2596 καὶτῷ
1437 2526 1705 2600 σχήματι,
1765 2523 1810 2595 ᾧ
1842 2525 1870 2578 6

195 2619 495 2688 Δεσπότης
559 2619 690 2694 ὑπὲρ
750 2620 910 2688 ἡμῶν
993 2615 1323 2690 ἐκρεμάσθη,
1400 2613 1488 2667 καὶ
1552 2616 1702 2685 ἡμᾶς
1779 2611 1869 2666 ἐπ-

195 2709 443 2783 άναγκές
476 2707 616 2760 ἐστιν
651 2706 701 2761 έν
751 2711 831 2776 τῷ
860 2700 1123 2776 κοινοϐίῳ
1155 2701 1378 2779 διάγειν,
1431 2703 1604 2764 καθὼς
1655 2699 1872 2776 εὔχεται

195 2799 286 2852 καὶ
322 2800 355 2853 ὁ
420 2796 687 2870 μακάριος
740 2789 906 2848 Δαϐἶδ
957 2793 1016 2848 έκ
1060 2797 1155 2846 τοῦ
1202 2787 1374 2870 φόϐου
1406 2795 1502 2846 τοῦ
1536 2789 1670 2846 Θεοῦ
1700 2811 1872 2865 παρα-

207 2886 408 2941 καλῶν
453 2883 847 2952 καθηλωθῆναι
889 2884 984 2943 τας
1029 2882 1226 2957 σάρκᾶς
1276 2880 1460 2936 αὐτοῦ.
1506 2886 1590 2941 Ὡς
1621 2880 1724 2956 γὰρ
1757 2881 1785 2934 6
1817 2879 1876 2933 τὸ

209 2982 384 3049 σῶμα
428 2971 866 3048 προσηλωμένον
918 2967 1060 3047 ἔχων
1118 2974 1196 3042 τῷ
1251 2967 1398 3041 ξύλῳ
1457 2968 1711 3038 ἀκίνητός
1768 2967 1879 3023 ἐστι

208 3067 351 3140 πρὸς
411 3068 588 3116 πᾶσαν
645 3059 909 3136 ἐνέργειαν
962 3057 1078 3114 οἶάν
1125 3056 1292 3130 θέλει,
1345 3057 1518 3119 οὕτως
1566 3059 1593 3112 ὁ
1643 3062 1720 3130 τῷ
1752 3056 1879 3130 θείῳ

209 3148 378 3229 φόϐῳ
420 3147 818 3220 καθηλωμένον
869 3149 958 3203 τὸν
1006 3145 1294 3223 λογισμὸν,
1346 3146 1598 3216 ἀκίνητος
1646 3147 1880 3220 ὑπάρχει

209 3243 352 3316 πρὸς
423 3245 533 3294 πᾶν
589 3237 805 3311 θέλημα
863 3235 1135 3311 σαρκικόν.
1201 3236 1296 3290 Καὶ
1358 3235 1536 3309 ὣσπερ
1590 3236 1617 3289 6
1668 3236 1880 3307 σταυρῷ

1965 654 2433 726 promissionem.
2460 655 2664 711 Melius
2686 659 2904 730 quippe
2925 665 3013 715 est
3035 662 3203 729 juxta
3232 665 3614 735 Scripturam,

1964 749 2158 798 votum
2195 761 2305 798 non
2333 746 2538 815 facere,
2564 763 2740 817 quam
2776 748 2992 804 factum
3027 767 3139 805 non
3175 753 3436 809 reddere.
3472 756 3618 812 Rur-

1966 849 2216 903 sumque
2261 833 2477 888 dicitur
2508 838 2530 889 Ρ
2560 857 2587 884 ‹‹
2622 835 2964 892 Maledictus
3017 840 3112 908 qui
3152 841 3288 895 facit
3318 859 3466 914 opus
3500 845 3619 899 Do-

1968 921 2112 976 mini
2147 921 2602 994 negligenter”:
2635 932 2990 998 neapropter
3010 933 3063 982 te
3087 929 3410 999 repulimus
3443 939 3617 1003 atque

1969 1009 2278 1065 admittere
2317 1013 2572 1066 cunctati
2646 1030 2875 1081 sumus,
2929 1032 3044 1070 non
3098 1020 3249 1087 quod
3297 1025 3456 1076 tuam
3491 1040 3622 1078 om-

1969 1099 2252 1170 niumque
2281 1099 2515 1154 illorum
2544 1101 2642 1172 qui
2673 1101 2731 1156 in
2765 1103 3062 1159 Christum
3093 1109 3340 1163 credunt
3371 1110 3618 1166 salutem

1972 1205 2086 1243 non
2119 1194 2498 1260 exoptemus;
2535 1191 2637 1244 sed
2671 1207 2740 1245 ne
2772 1195 2990 1248 temere
3021 1199 3072 1249 te
3103 1212 3169 1250 ac
3201 1197 3360 1252 nullo
3391 1201 3620 1269 negotio

1970 1277 2367 1346 admittentes,
2402 1295 2509 1333 nos
2541 1278 2776 1349 quidem
2813 1297 2843 1334 a
2883 1281 3022 1348 Deo,
3051 1283 3138 1338 vel
3170 1289 3425 1353 orantes,
3470 1287 3620 1343 leni-

1968 1366 2106 1421 tatis
2138 1365 2332 1420 nimiae
2364 1383 2594 1437 poenam
2617 1367 2873 1435 luamus,
2895 1373 2949 1424 te
2980 1387 3112 1425 vero
3146 1388 3308 1427 reum
3342 1376 3623 1446 gravioris

1971 1455 2246 1528 supplicii
2289 1456 2808 1526 ronstituamus,si
2835 1462 2888 1514 te
2921 1459 3047 1529 jam
3086 1460 3252 1517 facile
3277 1463 3622 1535 priusquam

1972 1544 2246 1599 didiceris
2305 1545 2649 1616 gravitatem
2720 1551 2778 1601 et
2847 1550 3278 1605 accurationem
3329 1556 3625 1626 promissi,

1973 1633 2442 1703 admittamus,et
2462 1639 2523 1689 tu
2561 1641 2762 1706 postea
2793 1637 2987 1694 mollis
3015 1640 3329 1712 segnisque
3353 1644 3626 1700 evaseris.

1977 1723 2217 1793 Idcirco,
2253 1729 2317 1778 ut
2346 1741 2526 1796 supra
2556 1724 2778 1780 dictum
2812 1731 2920 1793 est,
2955 1743 3192 1783 causam
3244 1735 3354 1784 tuae
3403 1732 3631 1789 abdica-

1974 1813 2152 1867 tionis
2191 1812 2446 1868 ediscere
2498 1818 2553 1868 te
2601 1819 2845 1884 oportet,
2882 1816 3018 1886 quid
3067 1817 3287 1873 scilicet
3337 1822 3629 1892 agendum

1975 1902 2077 1957 tibi
2110 1902 2205 1957 sit.
2230 1902 2530 1957 Abdicatio
2554 1904 2752 1974 itaque
2778 1904 2920 1958 nihil
2947 1911 3035 1959 est
3057 1906 3214 1961 aliud
3241 1925 3414 1978 quam
3440 1912 3631 1970 crucis

1974 1997 2030 2046 et
2062 1991 2268 2046 mortis
2301 1991 2634 2062 promissio.
2668 1993 2819 2047 Scito
2853 2010 2990 2066 ergo
3022 1995 3093 2050 ab
3127 1995 3232 2050 hac
3265 2004 3320 2052 te
3349 1999 3442 2054 die
3475 2017 3629 2056 mor-

1975 2084 2142 2135 tuum
2177 2079 2638 2151 cruciﬁxumque
2668 2097 2796 2136 esse
2820 2083 3478 2159 mundo,muudumque
3500 2089 3629 2162 tibi,

1967 2170 2137 2241 juxta
2170 2169 2509 2240 Apostolum
2546 2187 2558 2223 :
2596 2175 2651 2224 et
2683 2171 2876 2226 edisce
2908 2189 3174 2243 quaenam
3206 2175 3282 2230 sit
3311 2178 3501 2234 crucis
3522 2179 3633 2234 vir-

1975 2263 2072 2313 tus
2105 2275 2118 2312 :
2155 2257 2633 2329 quandoquidem
2669 2276 2780 2314 non
2817 2259 3064 2317 ulterius
3096 2268 3153 2317 tu
3183 2265 3351 2335 vivis,
3403 2268 3501 2321 sed
3536 2268 3632 2324 ille

1977 2347 2036 2401 in
2068 2351 2123 2401 te
2163 2347 2302 2400 vivit
2350 2347 2450 2418 qui
2503 2365 2604 2418 pro
2641 2352 2697 2403 te
2745 2350 3060 2406 crucifixus
3108 2358 3213 2407 est.
3267 2355 3384 2410 Hoc
3433 2357 3633 2430 itaque

1977 2442 2112 2508 typo
2144 2452 2258 2506 quo
2292 2436 2576 2491 Dominus
2603 2454 2704 2508 pro
2738 2438 2904 2493 nobis
2936 2457 3264 2512 suspensus
3295 2449 3403 2514 est,
3436 2451 3493 2501 et
3524 2465 3631 2504 nos

1980 2542 2216 2580 necesse
2274 2529 2359 2580 est
2417 2525 2473 2580 in
2533 2527 2794 2581 σαιηοῦἱο
2855 2544 3044 2599 agerc,
3095 2536 3160 2585 ut
3231 2538 3358 2587 orat
3422 2535 3632 2592 beatus

1982 2613 2180 2682 David,
2215 2630 2345 2668 cum
2377 2614 2586 2670 timore
2623 2616 2848 2669 Domini
2886 2617 3140 2686 postulat
3169 2621 3379 2691 conﬁgi
3427 2639 3631 2681 carnes

1982 2719 2124 2757 suas
2155 2703 2217 2756 ’⁸.
2252 2703 2754 2766 Quemadmodum
2789 2704 2942 2760 enim
2975 2707 3072 2776 qui
3107 2723 3319 2779 corpus
3363 2709 3520 2781 ligno
3553 2716 3632 2766 af-

1987 2792 2163 2845 ﬁxum
2198 2791 2395 2856 habet,
2428 2792 2498 2845 ad
2533 2792 2851 2862 quamlibet
2882 2793 3166 2848 actionem
3202 2797 3480 2852 immotus
3512 2804 3628 2868 est;

1989 2880 2140 2935 8l5
2173 2879 2256 2934 sic
2288 2879 2388 2950 qui
2420 2879 2614 2934 divino
2647 2880 2855 2936 timore
2890 2883 3174 2938 conﬁxam
3207 2884 3381 2940 habet
3410 2887 3635 2960 cogita-

1988 2969 2227 3036 tionem,
2260 2970 2544 3024 immotus
2575 2973 2665 3024 est
2695 2971 2763 3024 ad
2798 2987 3030 3025 omnem
3073 2973 3364 3028 carnalem
3417 2992 3635 3031 concu-

1991 3057 2357 3130 piscentiam.
2411 3058 2479 3112 Et
2527 3057 2680 3112 sicut
2730 3058 2830 3130 qui
2880 3060 3035 3115 cruci
3089 3066 3177 3116 est
3225 3062 3455 3133 afﬁxus,
3511 3082 3635 3136 quze

1992 3146 2300 3218 praesentia
2332 3151 2472 3200 sunt
2510 3163 2625 3201 non
2661 3146 2815 3203 ultra
2846 3149 3060 3220 cogitat
3098 3167 3110 3216 ;
3163 3166 3351 3222 neque
3405 3154 3638 3225 propria

1990 3237 2288 3290 voluntate
2347 3233 2636 3307 dirigitur,
2669 3252 2785 3290 non
2836 3238 3310 3310 concupiscentia
3341 3242 3636 3309 turbatur,

209 3313 665 3406 προσηλωμένος
722 3325 821 3380 οὐκ
876 3321 952 3380 ἔτι
1003 3327 1070 3380 τά
1117 3324 1358 3400 παρόντα
1407 3323 1702 3401 λογίζεται,
1753 3321 1878 3378 οὐδὲ

1995 3341 2104 3378 non
2139 3340 2278 3378 cura
2308 3325 2645 3395 possidendi
2680 3325 2998 3394 detinetur,
3024 3344 3136 3382 non
3171 3331 3443 3400 superbia
3476 3331 3638 3386 inﬂa-

210 3425 328 3479 τοῖς
420 3413 586 3476 ἰδίοις
656 3411 926 3485 θελήμασι
1003 3410 1413 3478 συνδιατίθεται,
1473 3410 1572 3465 οὐκ
1627 3410 1883 3484 ἐπιθυμίᾳ

211 3506 569 3580 ταράττεται,
635 3501 698 3556 οὐ
758 3497 1003 3578 φροντίδι
1057 3505 1154 3555 τοῦ
1210 3502 1430 3554 κτᾶσθαι
1497 3499 1881 3566 κατατείνεται,

215 3595 326 3670 οὐχ
361 3589 708 3668 ὑπερηφανίᾳ
754 3593 1056 3668 φυσιοῦται,
1113 3587 1175 3643 οὖ
1234 3587 1556 3666 φιλονεικίᾳτ
1603 3588 1665 3642 οδ
1699 3588 1881 3661 φθόνῳ

218 3684 537 3754 ἒξαπτεται,
585 3680 647 3734 οῦ
694 3679 816 3752 περὶ
865 3683 972 3733 τῶν
1019 3682 1305 3752 παρουσῶν
1345 3679 1576 3751 ἀτιμιῶν
1607 3677 1784 3752 ἀλγεῖ,
1819 3677 1880 3732 οὐ

216 3775 311 3834 τάς
369 3767 754 3843 παρελθούσαις
801 3763 982 3843 ὕϐρεις
1032 3767 1516 3839 ἀναμιμνήσκεταιο
1555 3767 1744 3840 μικρὸν
1779 3767 1882 3842 γὰρ

221 3861 454 3934 ὕστερον
488 3859 588 3926 τήν
623 3857 682 3912 ἐκ
708 3860 807 3910 τοῦ
840 3856 960 3932 βίου
991 3852 1176 3925 ἔξοδον
1205 3852 1480 3930 ἐκδέχεται
1513 3852 1601 3909 διὰ
1615 3859 1711 3910 τοῦ
1732 3877 1886 3910 σταυ-

225 3955 346 4024 ροῦ’
387 3947 566 4007 οὕτως
619 3947 646 3998 6
698 3943 1100 4017 ἀποταξάμενος
1147 3943 1384 4020 γνησίως
1433 3945 1512 4016 τῷ
1551 3944 1764 4016 κόσμῳ,
1795 3943 1884 3998 καὶ

221 4043 299 4109 τῷ
324 4036 465 4107 θείῳ
500 4029 656 4110 φόϐῳ
687 4033 760 4094 ὡς
793 4031 842 4086 ἐν
872 4037 1084 4105 σταυρῷ
1113 4030 1524 4104 καθηλωμένος,
1573 4032 1671 4100 τὴν
1703 4031 1762 4086 ἐκ
1791 4036 1886 4086 τοῦ

226 4128 358 4203 βίον
390 4124 592 4179 τούτου
623 4118 802 4195 ἔξοδον
835 4128 949 4184 καθ’
979 4121 1206 4189 ἑκάστην
1247 4118 1712 4196 προσδεχόμενος,
1768 4121 1884 4175 ἀκι-

223 4218 434 4286 νήτους
467 4212 557 4266 καὶ
590 4212 974 4286 ἀνενεργήτους
1006 4209 1121 4287 ἔχει
1150 4208 1320 4272 πάσας
1350 4210 1444 4271 τὰς
1486 4209 1769 4284 ἐπιθυμίας
1798 4209 1886 4264 καὶ

224 4305 321 4365 τὰς
359 4300 625 4376 σαρκικὰς
660 4297 919 4360 διαθέσεις

300 4395 394 4448 13.
430 4389 719 4444 Φυλάττου
759 4391 1044 4464 τοιγαροῦν
1090 4389 1302 4460 μήποτε
1348 4387 1554 4442 τούτων
1600 4382 1886 4442 ἀναλαϐεῖν

226 4480 602 4553 ἐπιθυμήσῃς,
661 4479 736 4532 ῶν
788 4476 1228 4550 ἀποτασσόμενος
1290 4472 1694 4543 ἀποϐέϐληκας.
1749 4477 1891 4530 Κατά

227 4572 335 4646 γαρ
392 4569 494 4636 τὴν
554 4566 819 4645 ἀπόφασιν
876 4569 972 4620 τοῦ
1031 4564 1322 4638 Δεσπότου,
1384 4590 1411 4617 ‹‹
1469 4568 1527 4623 ‘0
1577 4565 1760 4641 βαλὼν
1792 4566 1889 4633 τὴν

1991 3420 2109 3482 tur,
2140 3429 2253 3468 non
2287 3414 2677 3480 contentione,
2714 3431 2828 3468 non
2881 3414 3106 3479 invidia,
3145 3419 3488 3486 exardescit,
3525 3437 3638 3476 non

1991 3501 2148 3557 dolet.
2177 3503 2248 3557 de
2305 3502 2577 3573 praesenti
2621 3502 2995 3569 contumelia,
3046 3522 3159 3560 non
3213 3509 3638 3578 praateritarum

1993 3590 2264 3645 meminit
2295 3591 2644 3662 injuriarum
2681 3609 2694 3645 :
2735 3609 2869 3646 nam
2906 3598 3037 3663 post
3084 3595 3322 3664 paulum
3359 3598 3642 3668 temporis

1993 3680 2166 3734 tinem
2228 3684 2526 3750 exspectat
2568 3679 2696 3734 vitae
2746 3698 2864 3736 sua
2915 3697 3017 3753 per
3071 3699 3302 3738 crucem
3373 3683 3638 3753 scilicet;

1994 3769 2078 3825 sic
2135 3769 2233 3840 qui
2318 3770 2542 3825 sincere
2619 3772 2839 3826 mundo
2914 3773 3366 3842 abrenuntiavit,
3427 3778 3483 3828 et
3541 3774 3640 3828 Dei

1996 3860 2202 3915 timore
2252 3860 2420 3930 quasi
2473 3860 2529 3913 in
2581 3877 2751 3915 cruce
2802 3861 3064 3916 conﬁxus
3095 3868 3204 3929 est,
3239 3863 3482 3933 hujusce
3513 3864 3639 3919 vita:

1994 3950 2211 4005 exitum
2246 3949 2510 4021 quotidie
2537 3964 2901 4020 exspectans,
2927 3950 3202 4007 immotas
3231 3956 3290 4006 et
3318 3951 3642 4008 imbecillas

1996 4037 2174 4094 habet
2217 4054 2422 4094 omnes
2471 4039 2976 4110 concupiscentiae
3027 4057 3348 4112 omnesque
3379 4041 3642 4097 carnales

1997 4127 2258 4182 affectus.

2074 4392 2156 4447 13.
2190 4391 2298 4463 (68)
2332 4393 2475 4444 Cave
2506 4390 2688 4462 igitur
2719 4409 2789 4448 ne
2821 4393 3056 4464 quando
3088 4410 3155 4448 ea
3190 4410 3486 4450 resumere
3509 4411 3646 4450 con-

2001 4481 2271 4552 cupiscas
2293 4497 2417 4551 qua:
2449 4479 2506 4534 in
2531 4480 3039 4536 abrenuntiatione
3071 4487 3166 4536 tua
3197 4483 3648 4538 dimisisti.Nam

1993 4571 2163 4642 juxta
2193 4568 2424 4624 Domini
2457 4569 2806 4624 sententiam
2843 4588 2856 4625 :
2893 4593 2919 4620 ‹‹
2946 4569 3052 4634 Qui
3087 4571 3275 4641 injicit
3307 4589 3546 4627 manum
3577 4574 3650 4629 ad

230 4666 402 4735 χεῖρα
462 4656 544 4712 ἐπ’
595 4654 844 4730 ἄροτρον,
892 4655 981 4709 καὶ
1041 4655 1257 4732 σταφεῖς
1317 4654 1391 4716 είς
1447 4655 1514 4709 15.
1565 4655 1760 4722 ὀπίσω,
1795 4654 1881 4709 οὐκ

2003 4664 2263 4714 aratrum
2295 4662 2353 4712 et
2381 4663 2530 4712 retro
2564 4657 2939 4724 convertitur,
2975 4675 3090 4713 non
3123 4665 3215 4715 est
3259 4666 3433 4731 aptus
3460 4661 3530 4716 ad
3564 4679 3651 4716 re-

1879 4745 1893 4763 \

236 4746 457 4807 εῧθετός
507 4747 646 4800 ἐστιν
708 4745 782 4806 εἷς
831 4746 930 4812 τὴν
985 4742 1256 4817 βασιλείαν
1309 4748 1414 4798 τῶν
1449 4743 1708 4818 οὐρανῶν·
1747 4769 1774 4796 ›)
1805 4745 1896 4798 καὶ

237 4837 266 4890 ὁ
299 4836 442 4911 πρὸς
502 4835 566 4888 τά
595 4833 820 4888 ταπεινά
873 4853 929 4886 τε
973 4833 1062 4886 καὶ
1101 4834 1262 4908 γήϊνα
1307 4837 1404 4887 τοῦ
1454 4833 1662 4906 κόσμον
1701 4832 1897 4888 τούτου

241 4923 542 5000 πράγματα
602 4922 708 4976 ἀπὸ
779 4928 877 4989 τῆς
941 4918 1160 4993 ὑψηλῆς
1227 4920 1504 4982 πολιτείας
1557 4917 1894 4975 καταϐαίνων

243 5011 412 5066 πάλιν
448 5012 575 5086 παρ’
624 5007 850 5078 ἐντολὴν
897 5014 994 5064 τοῦ
1025 5011 1262 5084 Χριστοῦ
1293 5011 1536 5084 πράττει,
1564 5013 1661 5064 τοῦ
1712 5007 1897 5082 δώμα-

243 5122 339 5162 τος
387 5095 751 5168 καταϐαίνων,
803 5097 892 5152 καὶ
949 5097 1070 5173 ἆραί
1116 5119 1168 5151 τι
1216 5103 1322 5151 τῶν
1370 5103 1468 5152 τοῦ
1500 5095 1650 5152 οᾚιου
1684 5098 1898 5174 ἐπιχει-

246 5193 382 5262 ρῶν.
433 5187 720 5243 Φυλάττου
766 5185 943 5242 τοίνυν
989 5187 1092 5258 μὴ,
1141 5192 1243 5255 τῆς
1283 5191 1390 5241 τῶν
1440 5186 1574 5240 κατά
1604 5186 1770 5260 σάρκα
1801 5209 1896 5261 γο-

244 5277 384 5333 νέων
434 5277 667 5352 ἀρχαίας
715 5273 1003 5339 διαθέσεως
1074 5275 1455 5348 ἀναμνησθεῖς,
1504 5275 1754 5350 καὶπρὸς
1803 5277 1899 5338 τὰς

247 5363 541 5444 φροντίδας
569 5370 665 5420 τοῦ
709 5365 907 5425 αἱῶνος
953 5362 1148 5417 τούτου
1206 5362 1570 5441 ἐπιστραφεὶς,
1619 5364 1898 5428 ἀνεῦθετος

249 5454 475 5532 εῦρεθῇς
506 5455 641 5510 κατά
691 5455 793 5522 τήν
821 5457 918 5507 τοῦ
949 5451 1150 5525 Κυρίου
1196 5453 1380 5531 φωνὴν
1414 5453 1466 5507 ἐν
1523 5457 1591 5527 τῇ
1652 5453 1901 5529 βασιλείᾳ

324 5611 369 5644 ³⁸
399 5609 614 5665 Jerem.
647 5624 838 5680 xcvm,
873 5608 960 5663 10.
1037 5607 1081 5642 ³⁸
1109 5607 1264 5663 Psal.
1297 5625 1492 5675 cxvm,
1525 5609 1647 5664 120.

330 5756 439 5826 (67)
469 5753 734 5810 Cassian.
763 5755 1010 5811 Ιηειὶιιιι.
1041 5751 1144 5809 lib.
1179 5770 1256 5823 1v,
1290 5769 1342 5809 ο.
1378 5754 1468 5822 34,
1499 5755 1587 5809 35.

1724 5609 1767 5643 ³⁷
1804 5609 1933 5664 Luc.
1965 5626 2044 5679 1x,
2074 5610 2166 5664 62.

2007 4764 2186 4820 gnum
2223 4746 2494 4800 cmlorum
2519 4747 2584 4816 ⁸⁷,
2613 4769 2639 4795 ››
2661 4751 2717 4802 et
2739 4747 2838 4818 qui
2863 4764 2925 4802 ex
2959 4747 3199 4802 sublimi
3232 4749 3360 4803 vitae
3384 4749 3655 4805 instituto

2008 4837 2097 4895 ad,
2116 4835 2258 4890 viles
2287 4852 2351 4890 ac
2382 4839 2643 4890 terrenas
2681 4834 2859 4906 hujus
2892 4835 3094 4890 mundi
3128 4852 3220 4892 res
3251 4838 3572 4904 descendit,
3608 4838 3658 4894 is

2007 4929 2212 4979 contra
2243 4922 2475 4978 Domini
2508 4929 2857 4995 praaceptum
2885 4924 3006 4995 agit
3024 4924 3229 4992 ’3,cum
3263 4942 3327 4979 ex
3363 4926 3534 4980 domo
3569 4927 3661 4980 de-

2009 5013 2256 5078 scendit,
2291 5017 2346 5066 et
2376 5018 2621 5066 conatur
2649 5010 2871 5083 aliquid
2903 5030 2970 5066 ex
3019 5014 3193 5069 domo
3236 5015 3480 5069 auferre.
3513 5015 3661 5070 Cave

2010 5102 2206 5172 itaque
2237 5116 2307 5155 ne
2357 5099 2578 5170 antiqui
2619 5101 2702 5155 tui
2753 5117 2888 5172 erga
2929 5102 3194 5158 carnales
3227 5107 3491 5171 parentes
3523 5105 3660 5160 affe-

2009 5194 2141 5245 ctus
2182 5189 2542 5253 recordatus,
2585 5193 2644 5244 et
2675 5190 2746 5244 ad
2781 5189 2978 5244 saeculi
3029 5190 3276 5262 hujusce
3317 5208 3489 5247 curas
3522 5207 3659 5248 con-

2009 5295 2233 5347 versus,
2268 5294 2381 5333 non
2416 5282 2588 5349 aptus
2619 5279 2788 5349 juxta
2828 5279 3059 5334 Domini
3111 5277 3305 5335 vocem
3349 5281 3664 5338 inveniaris

2011 5367 2069 5422 in
2133 5384 2309 5440 regno
2363 5366 2662 5422 ccelorum.
2721 5370 2863 5423 Cave
2928 5386 2998 5423 ne
3066 5369 3424 5442 superbiam,
3483 5385 3662 5440 quam

2011 5455 2177 5512 initio
2201 5471 2304 5528 per
2325 5455 2683 5512 humilitatis
2708 5457 2990 5512 fervorem
3015 5457 3393 5523 conculcasti,
3425 5473 3662 5514 rursum

2245 5609 2287 5642 ³⁸
2321 5608 2457 5663 Luc.
2492 5625 2629 5678 xvu,
2663 5609 2752 5664 3i.

2093 5755 2205 5827 (68)
2239 5754 2383 5810 ibid.
2417 5769 2467 5808 ρ.
2501 5755 2590 5809 36.
