4096 6212
396 424 513 486 867

1554 419 1615 480 S.
1663 419 2186 482 ATHANASIUS.
2212 453 2290 471 -—
2322 422 2631 487 SPURIA.

3682 427 3803 490 868

396 557 453 613 in
489 562 542 613 te
573 556 807 612 excites.
845 555 947 614 Ubi
977 554 1325 611 Psalterium
1353 553 1649 623 didiceris,
1683 558 1783 607 aut
1811 552 2015 625 aliquit

2149 557 2256 609 τῶν
2320 555 2580 631 οὐρανῶν.
2641 556 2925 614 Φυλάττου
2988 560 3202 630 μήποτε
3261 560 3361 628 τήν
3414 561 3799 638 ὑπερηφανίαν,

396 665 461 702 ex
494 647 795 717 Scriptura
848 664 858 701 :
908 645 995 700 vel
1036 646 1206 715 juxta
1256 642 1511 715 Apostoli
1563 660 1758 698 vocem
1811 659 1944 697 cum
1976 658 2044 697 ea

396 753 522 807 quas
556 735 891 790 destruxisti
927 751 1161 789 rursum
1206 734 1482 797 aediﬁcas,
1519 749 1589 787 ne
1629 737 1686 787 te
1744 737 2041 803 trangres-

395 843 586 880 sorem
622 824 934 889 exhibeas;
988 824 1085 878 sed
1141 828 1336 894 pottus
1385 828 1449 876 ut
1480 822 1769 893 incoapisti
1817 827 1874 875 et
1907 838 2042 891 pro-

396 916 588 969 fessus
622 930 682 967 es
716 912 1130 977 humilitatem,
1166 928 1358 967 coram
1392 917 1503 966 Deo
1548 916 1604 965 et
1657 910 1881 982 angelis
1912 910 2039 979 ejus

395 1002 463 1055 ad
503 1003 674 1056 tinem
709 1019 896 1073 usque
928 1007 1173 1056 servato.
1206 1002 1484 1055 Similiter
1514 1016 1687 1070 quam
1736 1000 2036 1053 humilita-

393 1096 509 1144 tem
545 1092 602 1144 in
639 1092 989 1146 monasterio
1022 1091 1357 1154 exhibuisti,
1400 1106 1529 1143 cum
1584 1089 1783 1143 multis
1830 1088 2037 1143 diebus

392 1179 493 1250 pio
539 1180 764 1235 foribus
812 1180 1145 1235 monasterii
1197 1196 1329 1234 cum
1381 1179 1650 1251 lacrymis
1697 1177 2037 1248 supplicans

392 1270 798 1339 perseverasti,
850 1286 989 1324 cura
1022 1275 1083 1323 ut
1131 1284 1367 1339 augeas.
1416 1268 1625 1322 Misera
1675 1283 1911 1338 prorsus
1948 1283 2036 1321 res

387 1363 560 1423 esset,
604 1359 650 1412 si
702 1375 833 1413 cum
880 1364 934 1413 te
975 1360 1174 1412 deceat
1222 1356 1479 1428 quotidie
1511 1357 1578 1410 ad
1618 1358 1893 1410 fervorem
1930 1356 2035 1409 ad-

385 1450 519 1502 dere
550 1452 739 1517 tuum,
773 1453 831 1502 et
886 1450 1139 1519 profectu
1199 1447 1436 1502 assiduo
1487 1446 1556 1499 ad
1614 1445 2031 1516 profectionem

384 1538 737 1601 ascendere;
769 1554 901 1591 eum
950 1538 1269 1591 imminuas
1311 1540 1367 1590 et
1413 1536 1483 1589 ad
1537 1535 1812 1589 inferiora
1842 1550 2029 1588 rever-

382 1631 523 1681 tare.
562 1627 683 1681 Non
714 1629 869 1681 enim
906 1626 996 1680 ille
1038 1628 1241 1681 beatus
1273 1626 1369 1697 qui
1404 1626 1620 1679 bonum
1673 1640 1839 1695 agere
1886 1622 2030 1676 inci-

383 1716 502 1787 pit;
554 1716 651 1771 sed
688 1716 1023 1787 quicunque
1053 1717 1119 1769 ad
1158 1716 1328 1769 linem
1364 1729 1550 1784 usque
1582 1714 1640 1767 in
1667 1729 1733 1767 eo
1766 1727 2027 1783 perseve-

382 1806 611 1860 raverit.
647 1808 756 1875 (69)
790 1805 931 1861 Nam
966 1821 1203 1875 serpens
1235 1803 1331 1875 qui
1378 1804 1447 1857 ad
1499 1808 1713 1857 terram
1755 1801 2026 1865 trahitur,

382 1895 720 1949 calcanenm
755 1900 1019 1949 nostrum
1068 1909 1299 1963 semper
1346 1893 1635 1957 observat,
1670 1891 1727 1944 id
1760 1896 1866 1956 est,
1901 1890 2026 1945 obi-

385 1942 720 1949 --.--.-----_-
756 1942 1019 1949 ww..-"
1068 1942 1288 1963 --ητη
1350 1942 1504 1946 π---
1910 1942 1994 1945 --ν

382 1984 465 2038 tui
502 1991 697 2039 nostro
732 1984 975 2039 insidias
1011 1989 1193 2053 parat,
1236 1986 1291 2036 et
1322 1996 1508 2051 usque
1557 1981 1627 2034 ad
1678 1980 1850 2034 linem
1901 1980 2025 2033 vitae
2059 1942 2103 2006 Β

380 2078 589 2127 nostras
622 2089 728 2127 nos
759 2072 1136 2143 supplantare
1185 2075 1446 2125 conatur.
1478 2071 1665 2133 Quare
1716 2067 1860 2121 nihil
1894 2084 2025 2138 pro-

377 2163 527 2216 derit
558 2162 734 2233 probe
788 2161 1096 2233 incepisse,
1145 2160 1287 2214 nihil
1341 2159 1574 2214 initium
1629 2160 1853 2212 fervens
1884 2158 2023 2211 ohe-

378 2250 628 2317 dientiaa,
660 2252 771 2306 nisi
808 2251 942 2304 ﬁnis
967 2248 1238 2304 similiter
1268 2251 1681 2319 consequatur.
1703 2247 1769 2301 Et
1799 2262 1866 2301 ea
1897 2262 2021 2317 quas

379 2341 701 2395 secundum
728 2340 1021 2395 Christum
1050 2346 1139 2393 est
1163 2337 1669 2407 humilitas,quam
1704 2348 1859 2390 nunc
1892 2351 2021 2407 pro-

379 2427 613 2491 misisti,
650 2445 764 2482 non
818 2428 1169 2496 ﬁrmabitur,
1202 2426 1314 2480 nisi
1340 2442 1465 2480 eam
1491 2426 1560 2479 ad
1607 2424 1783 2479 tinem
1840 2440 2023 2492 usque

375 2517 729 2572 exhibueris.
783 2517 1170 2581 Quamobrem
1223 2522 1285 2569 ut
1340 2513 1497 2568 illam
1552 2514 1743 2584 possis
1774 2515 2023 2583 perfecte

377 2605 694 2677 possidere,
730 2611 902 2674 atque
933 2613 1106 2677 caput
1138 2604 1410 2659 draconis
1442 2607 1758 2668 conterere,
1800 2619 1931 2657 cum
1965 2606 2023 2657 te

375 2696 694 2750 invaserint
722 2695 1127 2767 cogitationes,
1170 2693 1507 2767 matureab
1556 2691 1684 2762 ipso
1734 2689 2021 2761 principio

372 2785 623 2840 revelato
659 2784 812 2840 illas.
849 2786 959 2855 (70)
992 2785 1135 2839 Nam
1176 2784 1225 2837 si
1258 2784 1339 2837 ita
1368 2780 1754 2853 publicaveris
1803 2780 1875 2833 ab
1907 2778 2019 2834 ini-

370 2875 449 2929 tio
487 2873 840 2943 perniciosas
871 2872 1142 2928 draconis
1169 2870 1574 2943 cogitationes,
1610 2869 1658 2924 si
1689 2885 1802 2923 non
1836 2872 1890 2922 te
1917 2883 2017 2938 pu-

371 2962 503 3015 deat
557 2977 656 3016 eas
712 2960 864 3016 Patri
938 2966 1039 3015 tuo
1105 2960 1435 3026 declarare,
1521 2961 1784 3013 conteres
1841 2959 2016 3025 caput

369 3050 496 3119 ejus
528 3051 589 3105 πθ.
622 3050 928 3105 Enimvero
951 3051 1122 3121 juxta
1152 3049 1408 3104 divinam
1439 3048 1813 3116 Scripturam,
1839 3045 1887 3099 si
1919 3060 2011 3099 ac-

368 3138 613 3193 cesseris
645 3140 715 3193 ad
749 3138 1117 3193 serviendum
1174 3143 1308 3206 Deo,
1352 3153 1612 3210 praepara
1658 3126 1912 3207 teipsum
1942 3134 2008 3204 ³ο,

370 3243 482 3281 non
518 3228 588 3281 ad
617 3228 926 3294 incuriam,
959 3244 1075 3282 non
1107 3228 1176 3281 ad
1212 3226 1565 3281 otiositatcm
1593 3250 1606 3289 ς
1641 3224 1738 3278 sed
1774 3223 1844 3278 ad
1878 3227 2007 3277 ten-

2151 648 2213 713 ἢν
2255 645 2565 720 ἀρχόμενος
2611 651 2679 721 τῇ
2728 648 2899 721 θέρμῃ
2945 655 3043 717 τῆς
3084 650 3457 710 ταπεινώσεως
3492 652 3794 721 κατεπάτη-

2153 754 2269 805 σας,
2320 734 2596 809 ἀνεγείρῃς
2646 738 2761 799 καθ’
2814 737 3030 804 ἑαυτοῦ,
3083 736 3207 791 ὅταν
3260 738 3322 792 τὸ
3353 735 3660 810 ψαλτήριον
3698 738 3800 810 μά-

2153 824 2267 896 θῃς,
2299 823 2333 892 ἢ
2364 844 2419 878 τι
2458 830 2557 892 τῆς
2616 831 2854 902 Γραφῆς,
2905 826 2939 894 ἦ
2992 825 3081 879 καὶ
3124 826 3259 880 κατά
3282 828 3381 895 τὴν
3411 831 3505 880 τοῦ
3537 828 3797 884 Ἀποστό-

2152 926 2252 966 Λου
2284 914 2493 991 φωνὴν,
2545 912 2578 967 ἃ
2624 914 2918 977 κατέλυσας
2965 912 3131 968 πάλιν
3180 911 3517 987 οἰκοδομῶν,
3558 912 3800 992 παραϐάο

2147 1023 2247 1071 την
2281 1002 2498 1056 σεαυτὸν
2533 1001 2836 1075 ἀποδείξῃς
2887 1001 3034 1059 ἀλλὰ
3067 1002 3279 1075 μᾶλλον
3314 1006 3388 1065 ὡς
3441 1003 3671 1079 ἐνήρξω,
3707 1006 3794 1060 καὶ

2148 1090 2517 1165 ὡμολόγησας
2564 1094 2662 1162 τὴν
2711 1093 3035 1148 ταπείνωσιν
3082 1092 3311 1149 ἐνώπιον
3363 1098 3498 1149 Θεοῦ
3528 1094 3617 1148 καὶ
3649 1095 3798 1170 ἀγγέ-

2149 1179 2282 1248 λων,
2314 1178 2417 1242 ἕως
2444 1180 2635 1242 τέλους
2669 1180 3022 1259 διατήρησον.
3056 1183 3294 1255 Ὁμοίως
3335 1184 3435 1252 τήν
3486 1184 3791 1256 ὑπομονήν,

2145 1270 2205 1336 ἣν
2257 1267 2506 1338 ἐπεδείξω
2554 1270 2603 1323 ἐν
2653 1276 2731 1342 τῷ
2783 1270 3155 1346 μονασττ,ρίῳ,
3207 1271 3292 1326 ἐπί
3336 1270 3549 1334 πολλὰς
3580 1271 3793 1346 ἡμέρας

2146 1358 2251 1432 πρό
2280 1362 2384 1413 τῶν
2420 1360 2595 1435 θυρῶν
2630 1357 3014 1436 διακαρτερῶν,
3063 1360 3153 1415 καὶ
3203 1359 3337 1432 μετά
3386 1358 3633 1436 δακρύων
3682 1362 3795 1416 ἱκε-

2143 1446 2336 1516 τεύων,
2412 1445 2713 1502 σπούδασον
2782 1448 3098 1522 ἐπαυξῆσαι.
3159 1448 3388 1511 ’Δθλιον
3448 1450 3549 1525 γάρ
3623 1446 3794 1513 ὄντως

2141 1535 2430 1612 ὀφείλοντά
2485 1557 2542 1590 σε
2596 1539 2715 1601 καθ’
2771 1538 2998 1606 ἑκάστην
3076 1538 3417 1613 προστιθέναι
3474 1542 3542 1611 τῇ
3602 1541 3797 1613 πρώτη

2141 1626 2338 1700 θέρμῃ,
2403 1626 2491 1680 καὶ
2553 1626 2628 1689 είς
2674 1628 2735 1681 τὸ
2782 1626 2988 1681 τέλειον
3039 1623 3342 1682 ἀναϐαίνειν
3409 1628 3793 1703 προκόπτοντα

2142 1714 2383 1791 ὑφαιρεῖν
2434 1716 2524 1769 ἀπ’
2574 1714 2761 1785 αὐτῆς,
2810 1716 2899 1770 καὶ
2949 1717 3085 1791 πρὸς
3124 1717 3189 1771 τά
3237 1716 3385 1771 κάτω
3439 1716 3788 1773 ὑπαναλύειν.

2139 1800 2216 1858 Οὐ
2243 1801 2344 1875 γὰρ
2377 1803 2404 1855 6
2436 1802 2742 1877 ἀρχόμενος
2765 1807 2862 1857 τοῦ
2893 1801 3064 1858 καλοῦ
3117 1804 3404 1878 μακάριος,
3463 1804 3591 1860 ἀλλ’
3640 1805 3789 1867 ὅστις

2138 1890 2238 1951 ἕως
2280 1890 2475 1953 τέλους
2525 1891 2575 1945 ἐν
2621 1891 2801 1964 τούτῳ
2833 1890 3103 1967 διαμείνῃ.
3135 1894 3197 1949 Ὁ
3231 1894 3335 1970 γὰρ
3369 1894 3455 1948 ἐπὶ
3485 1902 3587 1969 γῆς
3626 1896 3788 1970 συρό-

2137 1999 2296 2050 μενος
2328 1978 2449 2053 ὄφις
2481 1981 2579 2048 την
2609 1982 2876 2055 ἡμετέραν
2911 1981 2993 2035 ἀεὶ
3041 1988 3199 2057 τηρεῖ
3227 1982 3479 2058 πτέρναν,
3532 1986 3779 2038 τουτέστι

2130 2070 2198 2140 τῇ
2242 2067 2482 2143 ἡμετέρᾳ
2529 2066 2698 2141 ἐξόδῳ
2744 2066 3111 2141 επιϐουλεύει,
3159 2070 3246 2125 καὶ
3297 2067 3401 2133 ἕως
3453 2070 3648 2134 τέλους
3687 2080 3786 2141 τῆς

2136 2162 2280 2226 ζωῆς
2306 2159 2465 2229 ἡμῶν
2501 2157 2873 2228 ὑποσκελίζειν
2905 2162 3053 2232 ἡμᾶς
3100 2158 3389 2235 ἐπιχειρεῖ.
3439 2160 3537 2215 Καὶ
3584 2160 3783 2216 τούτου

2132 2247 2293 2320 χάριν
2336 2246 2399 2300 τὸ
2448 2245 2756 2321 ἐνάρξασθαι
2803 2246 2986 2310 καλῶς
3042 2246 3195 2303 οὐδὲν
3243 2247 3540 2326 ὠφελήσει,
3588 2248 3715 2304 οὐδὲ
3744 2253 3779 2320 ἡ

2131 2333 2276 2409 ἀρχή
2308 2341 2408 2403 τῆς
2441 2334 2491 2389 ἐν
2527 2335 2771 2410 ὑποταγῇ
2804 2336 3160 2410 θερμότητος,
3195 2337 3240 2392 εί
3274 2338 3350 2409 μή
3377 2338 3466 2392 καὶ
3509 2340 3573 2393 τὸ
3620 2337 3781 2402 τέλος

2131 2422 2387 2485 ὡσαύτως
2437 2424 2679 2498 γένηται.
2738 2426 2834 2478 Καὶ
2888 2428 2923 2493 ἡ
2983 2430 3079 2480 τοῦ
3126 2428 3359 2495 Χριστοῦ
3410 2424 3467 2482 δὲ
3514 2428 3783 2483 ταπείνω-

2131 2531 2232 2580 σις,
2263 2511 2331 2580 ἥν
2358 2516 2445 2565 νῦν
2479 2512 2707 2568 ἐνώπιον
2739 2513 2903 2568 αὑτοῦ
2935 2513 3271 2589 ἐπηγγείλω,
3305 2514 3406 2569 οὑκ
3450 2514 3639 2577 ἄλλως
3693 2517 3783 2591 βεο

2130 2595 2569 2672 ϐαιωθήσεται,εί
2604 2604 2679 2674 μὴ
2711 2601 2817 2664 ἕως
2843 2602 3035 2665 τέλους
3066 2604 3267 2674 ταύτην
3309 2602 3620 2676 ὑποδείξῃς.
3660 2608 3781 2677 Διὸ,

2122 2687 2214 2744 *ίνα
2262 2688 2498 2761 δυνηθῆς
2545 2691 2744 2761 ταύτην
2794 2690 3019 2755 τελείως
3068 2695 3387 2763 κτήσασθαι,
3427 2695 3517 2749 καὶ
3563 2696 3778 2769 συντρί-

2127 2781 2221 2853 ψαι
2250 2780 2348 2847 τὴν
2379 2778 2620 2858 κεφαλὴν
2652 2784 2748 2835 τοῦ
2780 2778 3098 2856 δράκοντος,
3130 2779 3415 2852 σπούδαζε,
3466 2781 3592 2838 ὅταν
3626 2782 3780 2859 ἐπερο

2126 2868 2330 2943 χωνταί
2359 2889 2443 2923 σοι
2478 2867 2765 2944 λογισμοὶ,
2798 2870 2995 2931 εὐθέως
3027 2869 3079 2940 ἐξ
3108 2870 3297 2946 ἀρχῆς⁴
3319 2870 3547 2933 τούτους
3596 2873 3778 2949 ἀπαγ-

2119 2955 2360 3032 γέλλειν.
2394 2957 2583 3020 Οὕτως
2614 2960 2716 3033 γάρ
2750 2956 3091 3031 δημοσιεύων
3135 2960 3231 3022 τὰς
3262 2960 3437 3036 ἀρχὰς
3484 2964 3595 3016 τῶν
3648 2961 3773 3017 ὀλε-

2121 3045 2285 3121 θρίων
2316 3050 2414 3102 τοῦ
2447 3044 2738 3122 δράκοντος
2768 3047 3077 3123 λογισμῶν,
3109 3046 3197 3103 καί
3250 3049 3326 3121 μή
3372 3048 3771 3125 αἲσχυνόμενος

2118 3134 2382 3213 ἐκφαίνειν
2413 3140 2491 3207 τῷ
2520 3140 2598 3207 σῷ
2628 3136 2819 3212 Πατρὶ,
2852 3138 3157 3212 συντρίψεις
3202 3138 3300 3205 τὴν
3353 3137 3551 3193 τούτου
3599 3160 3765 3216 κεφαο

2118 3223 2243 3294 λήν.
2278 3225 2369 3279 Διὸ
2403 3221 2471 3292 δὴ
2502 3225 2637 3279 κατὰ
2666 3226 2764 3293 τὴν
2797 3226 3037 3302 Γραφήν,
3070 3223 3115 3279 εἷ’
3146 3224 3448 3301 προσέλθῃς
3482 3224 3760 3283 δουλεύειν

364 3315 638 3385 tationes,
672 3317 742 3370 ad
775 3316 1201 3371 tribulationes.
1248 3315 1419 3380 Nam,
1456 3338 1475 3363 σι
1514 3314 1620 3368 Per
1659 3311 1877 3367 multas
1898 3311 2006 3366 tri-

2128 3317 2194 3384 τῷ
2223 3318 2361 3385 Θεῷ,
2414 3312 2696 3385 ἐτοίμασον
2747 3314 2966 3369 σεαυτὸν
3022 3316 3096 3387 μὴ
3131 3315 3268 3390 πρὸς
3299 3315 3650 3389 ἀμεριμνίας,
3687 3320 3763 3389 μὴ

365 3404 698 3459 bulationes
755 3409 978 3475 oportet
1035 3421 1140 3459 nos
1200 3405 1420 3459 intrare
1469 3404 1527 3457 in
1560 3419 1804 3475 regnum
1837 3400 2007 3455 coelo-

363 3509 493 3547 rum
524 3494 567 3528 ³¹
596 3512 609 3561 ;
641 3513 665 3542 n
706 3499 762 3547 et
794 3510 808 3547 :
855 3495 1117 3563 Angusta
1148 3497 1333 3564 porta,
1368 3497 1423 3547 et
1453 3497 1612 3547 arcta
1640 3491 1732 3545 via
1761 3495 1849 3545 est
1879 3506 2010 3561 quas

360 3582 522 3637 ducit
540 3583 609 3637 ad
635 3584 834 3652 vitam,
860 3588 915 3637 et
937 3582 1103 3653 pauci
1130 3588 1267 3636 sunt
1290 3581 1387 3652 qui
1413 3580 1715 3635 inveniunt
1736 3596 1861 3635 eam
1884 3579 1954 3632 ’9.
1978 3600 2005 3627 »

358 3673 635 3726 Animum
668 3673 861 3741 itaque
892 3672 1092 3743 paucis
1124 3670 1242 3725 illis
1273 3670 1441 3725 donis
1472 3669 1701 3733 adhibe,
1736 3674 1793 3723 et
1816 3685 1883 3723 ex
1911 3684 2005 3723 eo-

356 3778 486 3814 rum
546 3761 807 3833 exemplo
857 3761 1033 3815 vitam
1086 3760 1327 3815 institue
1371 3764 1570 3825 tuam;
1605 3773 1708 3812 nec
1738 3758 2006 3812 attendas

357 3850 538 3920 pigris
568 3855 624 3905 et
644 3850 1146 3921 contemptoribus
1169 3848 1544 3919 quantumvis
1568 3845 1736 3901 multi
1761 3863 2003 3901 numero

353 3939 473 3993 sint
535 3957 547 3994 :
602 3962 628 3989 ‹‹
684 3940 846 3994 Multi
898 3940 1078 4007 enim,
1130 3939 1345 4010 inquit,
1390 3938 1599 4004 vocati,
1651 3935 1820 4008 pauci
1867 3952 2003 3990 vero

353 4026 517 4081 electi
550 4029 595 4063 ³³
627 4054 639 4085 :
676 4050 702 4077 »
736 4033 790 4083 et
822 4045 1032 4098 parvus
1065 4044 1200 4094 grex
1230 4033 1319 4081 est
1352 4026 1443 4081 cui
1480 4025 1695 4096 placuit
1729 4024 1874 4079 Patri
1900 4025 2000 4078 da-

352 4132 410 4168 re
444 4132 685 4185 regnum
710 4117 863 4172 3‘.Ne
890 4133 1128 4187 parvum
1158 4116 1371 4171 etenim
1396 4115 1693 4170 existimes
1723 4130 1852 4168 esse
1873 4129 1998 4183 pec-

350 4212 569 4274 catum,
631 4207 1044 4276 perfectionem
1106 4205 1384 4276 polliceri,
1445 4211 1501 4260 et
1550 4204 1999 4275 negligentiores

349 4297 525 4363 atque
556 4310 765 4365 segnes
797 4293 1113 4348 imitari.Ut
1143 4294 1335 4348 valeas
1369 4294 1558 4363 itaque
1590 4294 1659 4347 ad
1698 4292 1996 4364 perfectio-

348 4399 478 4436 nem
528 4383 849 4453 pervenire,
901 4382 1009 4438 hoc
1062 4387 1223 4437 utere
1275 4383 1562 4451 instituto,
1610 4382 1702 4437 his
1752 4381 1998 4437 ascende

344 4471 649 4545 gradibus.

418 4741 501 4794 M.
537 4741 911 4813 (71)Primus
943 4740 1176 4795 virtutis
1224 4742 1442 4812 gradus
1492 4743 1549 4794 et
1597 4738 1828 4793 initium
1890 4756 1995 4794 no-

342 4835 473 4885 stra;
507 4832 718 4885 salutis
751 4836 838 4885 est
869 4830 1047 4885 timor
1082 4829 1175 4884 Dei
1229 4848 1241 4885 :
1296 4846 1397 4899 per
1427 4845 1559 4884 eum
1589 4845 1841 4898 namque
1868 4846 1991 4899 pec-

340 4924 604 4972 catorum
639 4919 702 4971 tit
750 4919 1038 4989 purgatio,
1071 4923 1128 4972 et
1177 4915 1457 4971 virtutum
1492 4916 1759 4971 custodia
1784 4915 1989 4987 viaque

339 5009 408 5060 ad
446 5007 858 5076 perfectionem
892 5007 1213 5061 obtinetur.
1252 5006 1396 5060 Nam
1439 5022 1572 5059 cum
1626 5005 1681 5058 in
1728 5004 1987 5059 animam

339 5097 492 5149 316
525 5097 827 5167 ingressus
860 5095 1032 5150 fuerit
1061 5096 1237 5150 timor
1268 5094 1389 5162 Dei,
1410 5095 1618 5150 suadet
1650 5093 1746 5148 ille
1776 5099 1839 5148 ut
1868 5111 1988 5148 om-

339 5184 435 5238 nia
467 5186 767 5239 mundana
814 5184 1248 5255 despiciemus;
1296 5183 1433 5238 hinc
1480 5183 1665 5238 oritur
1713 5189 1988 5254 cognato-

338 5290 467 5327 rum
503 5274 874 5345 universique
928 5274 1131 5328 mundi
1181 5274 1413 5327 oblivio.
1449 5274 1529 5327 Ex
1559 5272 1650 5326 his
1682 5288 1851 5343 porro
1877 5272 1986 5326 hu-

407 5442 453 5476 "
485 5441 697 5498 Genes.
739 5458 826 5512 ιιι,
861 5442 945 5496 15.
1050 5440 1095 5476 ³ο
1124 5439 1298 5496 Eccli.
1350 5456 1410 5507 ιι,
1448 5439 1495 5495 1.

331 5530 432 5581 ιιι,
465 5514 554 5570 31.

404 5678 515 5749 (69)
544 5675 806 5733 Cassian.
841 5678 1083 5734 lmtz’tut.
1120 5675 1221 5733 lib.
1256 5692 1333 5746 ιν,
1364 5690 1414 5730 ο.
1447 5674 1534 5729 37.

410 5750 519 5822 (70)
555 5750 700 5805 Ibid.
734 5764 782 5805 ο.
818 5749 904 5804 38.

1606 5440 1649 5474 ³¹
1681 5440 1805 5495 Act.
1858 5454 1969 5509 xxv,
2020 5439 2109 5492 22.

2118 3402 2253 3477 πρὸς
2288 3401 2512 3472 ἀνέσεις,
2564 3401 2710 3458 ἀλλά
2754 3403 2892 3473 πρὸς
2939 3403 3297 3479 πειρασμοὺς,
3342 3405 3479 3478 πρὸς
3527 3404 3765 3478 θλίψεις.

2120 3514 2148 3542 ‹‹
2178 3492 2274 3545 Διά
2307 3515 2333 3541 ››
2372 3492 2472 3567 γάρ
2528 3514 2557 3541 ››
2610 3489 2836 3547 πολλῶν
2890 3490 3126 3565 θλίψεων
3178 3489 3259 3547 δεῖ
3306 3494 3454 3564 ἡμᾶς
3502 3490 3763 3548 εἶ’σελθεῖν

2118 3577 2193 3640 εἷς
2243 3579 2342 3647 τήν
2394 3577 2669 3653 βασιλείαν
2717 3583 2824 3633 τῶν
2877 3578 3143 3654 οὐρανῶνο
3192 3601 3218 3631 ι
3272 3579 3386 3645 καὶ,
3444 3604 3464 3631 ι
3522 3582 3695 3650 Στενή
3730 3583 3763 3649 ἡ

2115 3666 2289 3737 πύλη,
2336 3667 2424 3721 καὶ
2472 3665 2812 3740 τεθλιμμένη
2863 3670 2900 3737 ἡ
2953 3666 3076 3730 ὁδὸς
3122 3670 3156 3737 ἡ
3198 3667 3477 3743 ἀπάγουσα
3526 3669 3603 3730 είς
3664 3670 3763 3737 τήν

2119 3756 2379 3825 ζωὴν,καὶ
2413 3755 2596 3829 ὀλίγοι
2630 3756 2761 3811 εἰσὶν
2793 3757 2843 3810 οἱ
2876 3756 3210 3833 εὑρίσκοντες
3241 3755 3429 3827 αὐτήν,
3456 3781 3482 3808 ››
3515 3759 3766 3834 Πρόσχες

2111 3844 2284 3898 τοίνυν
2333 3850 2448 3906 τοῖς
2508 3844 2722 3919 ὀλίγοις
2779 3844 2993 3916 καλοῖς,
3055 3846 3145 3900 καὶ
3212 3845 3270 3899 ἐκ
3318 3843 3766 3922 παραδείγματος

2112 3934 2285 3987 αὐτῶν
2329 3934 2573 4002 κανόνιζε
2619 3936 2710 3989 τὸν
2764 3935 2954 3989 ἑαυτοῦ
3022 3934 3161 4009 βίον*
3214 3936 3290 4006 μή
3340 3939 3595 4009 προσχῇς
3643 3942 3763 3997 τοῖς

2114 4021 2378 4097 ῥᾳθύμοις
2410 4022 2497 4077 καὶ
2530 4028 2990 4100 καταφρονηταῖς,
3020 4023 3116 4077 κᾶν
3149 4022 3355 4078 πολλοὶ
3388 4022 3509 4077 ὦσι·
3546 4050 3574 4076 ε(
3609 4024 3764 4080 Πολ-

2112 4109 2200 4166 λοὶ
2231 4113 2353 4187 γάρ,
2389 4138 2416 4163 ››
2450 4112 2602 4189 φησὶ,
2647 4136 2672 4163 ‹‹
2705 4110 2925 4182 κλητοὶ,
2960 4112 3136 4187 ὀλίγοι
3198 4109 3253 4166 δὲ
3286 4110 3554 4184 ἐκλεκτοὶ,
3590 4138 3616 4163 ι)
3673 4115 3763 4168 καί

2113 4202 2303 4278 μικρὸν
2330 4203 2393 4257 τὸ
2423 4202 2682 4276 ποίμνιον
2712 4204 2757 4275 ᾦ
2787 4201 3089 4273 ηὐδόκησεν
3115 4204 3142 4257 6
3189 4204 3372 4277 Πατὴρ
3421 4200 3611 4257 δοῦναι
3656 4205 3759 4271 τήν

2113 4290 2412 4365 βασιλείαν.
2460 4293 2548 4360 Μὴ
2600 4293 2790 4366 μικρὸν
2841 4293 2945 4367 γὰρ
2996 4291 3126 4346 εἶναι
3175 4292 3401 4365 νομίσῃς
3458 4292 3761 4368 ἁμάρτημά

2108 4377 2534 4453 ἐπαγγέλλεσθαι
2564 4378 2905 4449 τελειότητα,
2937 4385 3025 4432 καί
3074 4384 3187 4439 τοῖς
3238 4377 3622 4453 ἀμελεοτὲροις
3669 4380 3757 4433 καὶ

2109 4465 2370 4541 ῥᾳθύμοις
2424 4466 2764 4524 ἀκολουθεῖν.
2822 4470 2936 4523 Ἵνα
2992 4465 3171 4521 τοίνυν
3234 4463 3472 4540 δυνηθῇς
3504 4463 3759 4536 ἐπιϐῆναι

2104 4559 2173 4628 τῇ
2201 4555 2527 4626 τελειότητι,
2578 4556 2747 4631 ταύτῃ
2801 4555 3043 4631 κέχρησο
3089 4559 3158 4629 τῇ
3205 4557 3373 4627 τάξει,
3422 4556 3511 4609 καὶ
3541 4556 3759 4618 τούτοις

2106 4640 2355 4700 ἀνάϐαινε
2384 4651 2500 4707 τοῖς
2534 4646 2786 4721 βαθμοῖς.

2182 4738 2265 4791 14.
2301 4739 2525 4809 Πρῶτος
2561 4736 2768 4811 βαθμὸς
2800 4734 2996 4810 ἀρετῆς
3026 4733 3115 4789 καὶ
3166 4734 3313 4809 ἀρχὴ
3344 4740 3446 4802 τῆς
3482 4734 3757 4809 ἡμετέρας

2102 4824 2375 4897 σωτηρίας
2421 4824 2449 4878 6
2497 4819 2664 4901 φόϐος
2713 4823 2823 4878 ἐστὶ
2854 4828 2949 4879 τοῦ
2993 4827 3147 4880 Θεοῦ·
3183 4821 3271 4877 διά
3298 4821 3494 4877 τούτου
3526 4824 3615 4877 καί
3645 4825 3752 4878 τῶν

2100 4913 2511 4987 ἁμαρτημάτων
2540 4912 2929 4985 ἀποκάθαρσις,
2961 4913 3052 4969 καὶ
3090 4917 3196 4968 τῶν
3253 4912 3457 4986 ἀρετῶν
3509 4911 3752 4990 φυλακῇ,

2099 5003 2187 5057 καὶ
2220 4999 2345 5063 ὁδὸς
2377 5002 2467 5056 ἐπὶ
2495 5004 2598 5070 τήο
2629 5002 2947 5072 τελειότητα
2974 5002 3196 5077 γίνεται.
3241 5002 3406 5059 Ὅταν
3446 5001 3547 5077 γάρ
3598 5003 3626 5055 ὁ
3655 5006 3753 5056 τοῦ

2102 5096 2235 5147 Θεοῦ
2266 5085 2433 5167 φόϐος
2482 5089 2697 5165 εἰσέλθῃ
2727 5091 2802 5153 είς
2832 5092 2929 5159 τὴν
2964 5092 3171 5165 φυγὴν,
3220 5096 3575 5167 καταφρονεῖν
3620 5090 3755 5145 πάν-

2096 5201 2204 5236 των
2256 5181 2427 5234 πείθει
2480 5184 2589 5234 τῶν
2635 5184 2733 5234 τοῦ
2779 5179 2996 5254 κόσμου
3046 5181 3396 5255 πραγμάτων,
3448 5179 3541 5234 καὶ
3573 5180 3752 5249 λήθην

2097 5275 2203 5325 τῶν
2236 5270 2371 5324 κατά
2419 5269 2588 5345 σάρκα
2636 5274 2911 5345 συγγενῶν
2956 5274 3135 5346 γεννᾷ,
3175 5268 3264 5323 καὶ
3296 5267 3459 5323 αὐτοῦ
3492 5267 3629 5325 ὅλου
3655 5273 3755 5323 τοῦ

2216 5438 2260 5471 ³³
2292 5435 2496 5492 Matth.
2546 5452 2648 5507 νιι,
2701 5436 2785 5493 14.
2891 5436 2936 5473 ³³
2980 5435 3183 5493 Matth.
3214 5452 3306 5504 xx,
3344 5436 3428 5491 16.
3537 5438 3585 5473 ⁸⁸
3613 5436 3757 5492 Luc.

2165 5672 2277 5745 (τι)
2329 5669 2475 5727 Ibid.
2507 5686 2559 5727 ο.
2590 5669 2680 5727 39.
