2048 3106
158 207 219 238 869
740 205 933 237 EPISTOLA
955 204 967 234 1

1038 208 1043 231 ι
1065 203 1287 235 ῧΑΞΤΟῐὶΕΜζ
1804 207 1863 237 870

157 271 275 308 κόσμου.
304 271 351 300 Ἐκ
379 270 407 299 δὲ
435 271 538 300 τούτων
567 270 730 302 ταπείνωσις
757 270 903 310 κεφάλαιον
928 271 981 298 τῶν

1039 269 1148 298 milites
1164 270 1296 298 omnium
1312 272 1400 306 caput
1415 270 1761 306 virtutum,omuiumque
1773 272 1860 300 bono-

158 317 274 353 ἀρετῶν,
290 315 335 343 καὶ
359 316 501 354 πλήρωμα
524 318 631 344 πάντων
655 318 706 343 τῶν
728 315 821 344 καλῶν
836 316 983 352 κατορθοῦ-

156 371 217 388 ται·
248 362 444 399 καταφρονήσει
476 361 527 399 γὰρ
560 361 605 388 καὶ
639 362 763 398 στερήσει
796 359 901 387 πάντων
931 361 985 386 τῶν

157 405 325 445 πραγμάτων
349 407 366 440 ἡ
397 405 559 436 ταπείνωσις
591 405 772 443 προσγίνεται.
802 407 831 432 Ἡ
853 403 984 431 ταπείνω-

147 461 202 489 .σις
221 449 250 477 δὲ
270 449 377 481 τούτοις
391 453 450 481 τοῖς
476 449 646 488 γνωρίσμασι
670 449 855 486 δοκιμάζεται.
873 451 985 486 Πρῶτον

174 494 184 505 ὶ
309 495 313 502 ¹
597 496 611 502 ~
679 493 704 503 ll“
901 503 907 509 .
927 491 967 510 ﬁ-"

160 505 183 522 ει
199 500 366 532 νεκρωθεντα
379 505 422 525 τις
438 495 511 532 εἶχεν
532 495 618 530 ἑπιυτῳ
631 494 664 521 τὰ
680 504 734 521 ιοια
756 493 898 530 θελήματα
925 503 984 520 οε)-

157 549 235 576 τερον
254 537 283 566 δὲ
297 538 323 566 εἴ
338 540 376 575 μὴ
395 538 477 575 μόνον
493 539 546 566 τῶν
564 538 670 566 οἰκείων
695 538 828 577 πράξεων,
847 536 920 565 ἀλλά
940 538 985 564 καὶ

156 585 213 611 τῶν
239 582 411 620 ἐνθυμήσεων
438 582 523 620 μηδὲν
547 583 592 611 τὸν
628 582 696 610 ἴδιον
732 582 843 621 κρύπτει
869 585 986 620 Πατερά·

158 628 262 666 τρίτον,
277 627 301 655 εἴ
327 628 364 664 μή
385 629 419 665 τῇ
445 627 501 663 ἰδίᾳ
524 627 637 662 συνέσει,
654 626 726 655 ἄλλά
749 628 834 654 πάντα
857 628 905 654 τοῦ
929 629 985 654 lla-

157 672 222 709 τρὸς
251 670 381 709 διακρίσει
418 671 549 708 πιστεύει,
574 670 660 708 διψῶν
696 671 737 698 ἀεὶ
764 671 809 698 καὶ
839 670 984 705 ἐπιποθῶν,

157 716 203 744 καὶ
233 715 323 751 ἡδέως
352 716 457 744 ἀκούων
483 719 533 751 τῆς
561 716 659 744 τούτου
683 715 831 747 νουθεσίας·
848 715 985 753 τέταρτον,

159 761 183 788 εἰ
208 763 289 788 πᾶσιν
315 760 538 798 ἀνεπαισχύντως
567 759 706 788 δουλεύσει
729 763 787 791 τοῖς
808 762 856 787 τοῦ
880 760 985 797 ΙΙατρὸς

157 805 358 843 προστάγμασν
374 806 508 841 πέμπτον,
521 804 544 832 εἴ
561 805 599 841 μή
629 804 711 841 μόνον
739 804 818 835 αὐτὸς
839 803 869 832 οὗ
894 804 986 841 τολμᾷ

159 847 271 888 ὑϐρίσαι
294 849 364 885 τινὰ,
380 848 453 877 ἀλλὰ
474 849 518 876 καὶ
539 849 587 880 τὰς
614 849 666 876 ὑπὸ
681 848 773 877 ἄλλων
790 848 862 885 αὐτῷ
886 848 985 886 ἐπαγο-

159 895 241 930 μένας
258 891 349 932 ὕϐρεις
367 894 434 930 μετὰ
448 896 535 932 χαρᾶς
552 892 624 921 ἔσται
648 892 879 931 προσδεχόμενος·
895 891 985 928 ἕκτον,

158 938 181 966 εἰ
199 936 284 974 μηδὲν
316 938 487 976 ἐπιχειρήσει
513 937 668 976 καινότερον
684 938 800 987 ⁸πρᾶξαι,
817 937 882 976 ὅπερ
909 938 923 964 ὁ
937 948 984 965 κα-
1001 955 1024 987 Β

157 983 211 1009 νὼν
229 982 243 1009 ὁ
259 981 350 1012 κοινὸς
363 981 453 1009 οὐκετι
469 981 626 1020 προτρέπει,
649 980 711 1009 οὐδὲ
733 984 786 1009 τῶν
811 981 935 1020 Πατὲρων
951 982 984 1009 τὰ

156 1025 384 1065 παραδείγματα·
408 1024 539 1062 ἕϐδομον,
563 1025 588 1053 εἷ’
612 1027 683 1063 πάσῃ
708 1025 828 1062 εὐτελείᾳ
848 1026 983 1063 ἀρκούμε-

156 1081 215 1106 νος,
230 1071 276 1098 καὶ
301 1070 342 1098 ἐπ’
366 1070 456 1102 αὐτοῖς
481 1073 538 1102 τοῖς
564 1068 720 1107 δεδομένοις
746 1071 923 1109 εὐχαριστῶν,
938 1071 984 1098 καὶ

154 1115 261 1143 τούτων
278 1115 383 1150 ἀνάξιον
399 1116 508 1153 ἡγεῖται
522 1115 627 1143 ἑαυτόν·
644 1113 752 1153 ὄγδοον,
768 1116 790 1143 εἷ
807 1116 899 1144 ἑαυτὸν
916 1115 983 1143 πάν-

153 1170 219 1187 τοτε
241 1159 394 1197 κατώτερον
416 1160 534 1195 πάντων,
551 1160 596 1187 καὶ
623 1160 659 1194 οιή
725 1161 864 1198 προπετὴς
884 1160 910 1187 ἐν
937 1160 983 1188 λό-

154 1213 230 1242 γοις·
251 1203 372 1240 δέκατον,
390 1204 412 1231 εί
444 1205 481 1240 μή
509 1203 579 1232 ἔστιν
608 1204 724 1243 εὐχερὴς
753 1204 778 1232 ἐν
809 1204 914 1242 λόγοις,
938 1205 983 1232 καὶ

152 1248 309 1287 πρόχειρος
326 1248 352 1276 ἐν
377 1247 498 1286 γλώσσῃ.
515 1248 627 1280 Τούτοις
651 1249 702 1287 γὰρ
726 1249 771 1277 καὶ
794 1252 851 1280 τοῖς
876 1249 982 1286 ὁμοίοις

150 1292 261 1320 ’τούτων
299 1293 425 1329 σημείοις
453 1294 471 1327 ἡ
499 1293 660 1324 ταπείνωσις
687 1293 856 1331 γνωρίζεται.
883 1293 982 1328 Ταῦτα,

152 1337 221 1365 ὅταν
251 1337 277 1364 ἐν
306 1336 421 1372 ἀληθείᾳ
443 1338 616 1375 κατορθωθῇ,
631 1338 739 1375 ταχέως
763 1338 831 1376 πρὸς
856 1338 887 1366 τὸ
916 1338 983 1375 ὕψος

150 1385 207 1417 τῆς
233 1381 341 1419 ἀγάπης
365 1380 469 1419 ἀνάγει,
485 1381 511 1409 ἐν
577 1379 660 1421 φόϐος
684 1382 734 1409 οὐκ
755 1380 809 1410 ἔστι
831 1382 983 1418 κολάσεως,

150 1426 202 1454 καὶ
220 1424 254 1453 δι’
270 1427 303 1460 ἧς
318 1426 351 1453 τὰ
366 1426 453 1454 πάντα
471 1425 561 1454 οὐκετι
586 1426 653 1463 μετὰ
674 1426 804 1465 ἀνάγκης,
828 1428 872 1455 καὶ
896 1427 983 1455 κόπου

150 1470 333 1504 φυλάττεται,
358 1469 431 1498 ἀλλᾶ
457 1470 536 1507 πόθῳ
568 1469 692 1509 διαπύρῳ
714 1471 760 1499 καὶ
785 1471 913 1509 ἐπιθυμίᾳ
934 1475 983 1500 τοῦ

148 1514 254 1544 καλοῦ.
273 1514 343 1552 Πρὸς
358 1514 443 1553 ἤνπερ
463 1515 560 1553 ἀρετὴν
583 1514 629 1543 ’ἶνα
654 1515 767 1554 ἰσχύσῃς
793 1515 981 1554 εὐχερέστερον

149 1560 267 1598 φθάσαι,
285 1557 470 1596 ὑποδείγματά
500 1569 542 1586 σοι
571 1560 640 1596 πρὸς
668 1559 784 1596 μίμησιν
811 1559 939 1596 ἔστωσαν,
956 1562 981 1588 οἱ

150 1604 237 1641 λόγοι
251 1606 305 1631 τῶν
331 1601 547 1640 συμϐαινόντων,
568 1604 613 1631 καὶ
642 1602 783 1632 εὐλάϐειαν
807 1606 980 1642 κεκτημένων

1040 322 1105 341 rum
1115 315 1362 350 complementum
1371 319 1554 343 exerceretur
1564 324 1570 349 ;
1579 323 1645 342 nam
1657 323 1689 342 ex
1697 319 1863 352 contemptu

1039 360 1068 386 et
1080 358 1240 394 privatione
1256 367 1351 386 rerum
1369 359 1501 387 omnium
1518 360 1862 388 accedithumilitas.ttu-

1041 403 1149 430 milites
1173 411 1239 431 vero
1265 403 1311 431 his
1335 404 1542 439 comprobatur
1567 404 1682 432 indiciis
1708 405 1863 433 :Primum

1041 447 1089 483 qui
1100 447 1291 476 mortiﬁcatas
1307 448 1335 475 in
1352 457 1384 475 se
1399 448 1515 481 habeat,
1527 449 1660 484 proprias
1676 449 1840 478 voluntates
1856 458 1862 477 :

1040 492 1202 519 secundum
1219 492 1243 519 si
1260 501 1315 520 non
1334 493 1421 520 modo
1437 501 1570 527 operum,
1586 494 1635 520 sed
1653 494 1742 521 etiam
1757 495 1865 530 cogita-

1040 536 1153 564 tionum
1169 545 1289 564 suarum
1302 537 1374 564 nihil
1391 537 1464 564 Patri
1481 537 1615 568 occultet;
1636 538 1789 571 tertium,si
1804 547 1861 566 non

1040 581 1163 617 propriae
1179 581 1278 609 credat
1294 581 1524 617 prudentim,scd
1551 582 1579 608 in
1609 582 1745 610 omnibus
1769 583 1861 611 Patris

1041 625 1084 653 sui
1100 625 1278 657 discretioni,
1291 634 1465 661 semperque
1479 625 1570 658 sitiat,
1587 629 1710 661 exoptet,
1735 627 1862 655 suaviter

1040 669 1187 697 auscultet
1207 670 1271 705 ejus
1294 669 1526 703 admonitiones;
1543 674 1691 706 quartum,
1719 671 1742 698 si
1769 672 1862 700 Patris

1037 714 1123 750 jussa
1137 714 1235 741 omnia
1251 714 1361 750 absque
1377 714 1487 750 pudore
1509 718 1700 750 exsequatur;
1714 716 1860 752 quintum,

1041 758 1064 786 si
1083 767 1138 786 non
1157 759 1242 786 modo
1263 758 1326 794 ipse
1350 766 1407 786 non
1432 758 1510 786 ausit
1532 758 1581 786 alii
1607 760 1798 787 contumelias
1816 761 1861 788 in-

1040 803 1124 837 ferre,
1142 803 1191 831 sed
1208 802 1231 830 si
1249 802 1284 830 ab
1302 802 1367 830 aliis
1384 802 1481 831 illatas
1497 811 1565 830 cum
1590 804 1696 839 gaudio
1712 805 1836 840 sucipiat
1854 815 1861 840 ',

1040 850 1166 880 sextum,
1181 847 1206 874 si
1223 847 1295 874 nihil
1311 847 1376 875 novi
1395 847 1486 875 facere
1503 856 1658 884 aggressus
1676 849 1772 882 fuerit,
1783 851 1861 885 quod

1041 900 1093 920 nec
1107 892 1272 920 communis
1285 891 1451 928 regula,nec
1464 892 1580 920 Patrum
1596 893 1729 929 exempla
1745 895 1862 929 permit-

1041 938 1120 971 tant;
1135 936 1305 972 septimum,
1323 936 1435 964 siomni
1452 936 1561 965 vilitate
1573 939 1774 973 contentus,de
1786 939 1861 967 datis

1040 981 1096 1009 sibi
1112 982 1198 1009 rebus
1213 981 1323 1018 gratias
1339 984 1414 1016 agat,
1431 989 1521 1017 seque
1538 981 1572 1009 iis
1590 982 1743 1018 indignum
1760 984 1860 1012 existi-

1041 1030 1117 1060 met;
1135 1028 1281 1060 octavum,
1295 1025 1318 1053 si
1335 1034 1366 1053 se
1375 1026 1513 1053 omnibus
1525 1026 1610 1061 plane
1622 1027 1787 1055 inferiorem
1802 1029 1861 1056 exi-

1040 1070 1148 1105 stimet,
1165 1070 1219 1106 (72)
1236 1078 1288 1098 nec
1312 1070 1351 1097 sit
1372 1070 1470 1098 verbis
1494 1071 1685 1105 temerarius;
1703 1073 1860 1107 decimum,

1039 1115 1063 1143 si
1080 1123 1137 1142 non
1153 1114 1232 1143 sitin
1249 1122 1382 1142 sermone
1408 1114 1502 1143 facilis
1532 1118 1560 1142 et
1588 1115 1688 1151 lingua
1717 1126 1857 1153 praeceps.

1039 1159 1090 1187 His
1105 1161 1134 1187 et
1144 1158 1293 1186 similibus
1309 1158 1402 1195 signis
1417 1159 1601 1195 dignoscitur
1616 1160 1779 1188 humilitas.
1797 1164 1861 1190 Hac

1038 1212 1105 1231 cum
1123 1212 1220 1231 revera
1235 1203 1364 1230 exhibita
1380 1204 1509 1237 fuerunt,
1521 1204 1578 1231 cito
1593 1205 1627 1232 ad
1645 1205 1807 1234 dileclionis
1821 1207 1860 1235 fa-

1039 1248 1157 1285 stigium
1172 1248 1332 1281 adducunt,
1350 1247 1378 1275 in
1394 1256 1451 1283 qua
1464 1256 1520 1275 non
1546 1251 1590 1276 est
1606 1250 1693 1276 timor
1708 1251 1859 1286 gehennae,

1039 1295 1067 1321 et
1082 1302 1132 1329 per
1147 1301 1234 1328 quam
1251 1293 1350 1320 omnia
1365 1301 1421 1319 non
1434 1293 1497 1327 jam
1518 1301 1552 1320 ex
1568 1294 1740 1321 necessitate
1751 1298 1779 1322 et
1790 1304 1858 1324 cum

1039 1337 1137 1365 labore
1152 1336 1363 1373 perficiuntur,
1380 1336 1430 1364 sed
1447 1344 1481 1364 cx
1510 1345 1606 1365 amore
1629 1338 1760 1371 ferventi,
1781 1342 1810 1366 et
1826 1348 1860 1367 ex

1039 1382 1107 1410 boni
1122 1380 1370 1416 concupiscentia.
1388 1380 1444 1417 (73)
1460 1381 1551 1413 Quam
1570 1381 1706 1409 virtutem
1725 1385 1860 1419 utpossis

1038 1426 1154 1454 facilius
1169 1425 1302 1462 adipisci,
1319 1434 1369 1461 pro
1385 1425 1541 1461 exemplari
1559 1426 1610 1453 tibi
1629 1427 1688 1454 sint
1707 1428 1791 1455 verba
1802 1429 1859 1456 fra-

1037 1473 1114 1499 trum
1132 1479 1191 1498 uua
1205 1474 1298 1498 tecum
1315 1470 1562 1505 concurrentium,
1580 1471 1775 1508 pietatemque
1791 1481 1859 1509 pos-

1038 1515 1195 1544 sidenlium
1212 1523 1219 1542 :
1235 1523 1292 1542 non
1308 1517 1406 1542 autem
1420 1522 1520 1542 eorum
1537 1515 1586 1551 qui
1613 1515 1711 1551 plures
1728 1525 1860 1554 numero,

1037 1558 1234 1596 negligentius
1249 1558 1430 1595 segniusoue
1447 1558 1536 1586 vitam
1552 1559 1726 1595 exiguntEx
1742 1565 1858 1590 sancto-

1038 1613 1103 1632 rum
1118 1604 1196 1632 enim
1214 1603 1379 1631 imitatione
1393 1603 1636 1640 eemulationeque
1652 1605 1755 1641 ingens
1770 1606 1864 1635 volen-

150 1647 293 1686 ἀδελφῶν·
324 1648 363 1684 μή
392 1647 419 1674 οἱ
447 1647 572 1682 πλείους,
601 1648 646 1676 καὶ
674 1648 853 1687 ἆμελέστερόν
881 1660 909 1677 τε
936 1650 980 1677 καὶ

1038 1650 1116 1677 tibus
1132 1649 1167 1676 ad
1185 1647 1390 1684 perfectionem
1406 1649 1583 1676 contendere
1608 1650 1719 1677 accedit
1741 1650 1862 1679 utilitas.

152 1692 342 1730 ῥᾳθυμότερον
372 1694 479 1726 ζῶντες.
505 1693 554 1719 Καὶ
583 1692 633 1731 γὰρ
661 1692 691 1720 ὲκ
713 1695 761 1721 τοῦ
792 1695 933 1730 μιμεῖσθαι
961 1695 1006 1722 καὶ

150 1740 215 1767 τοῖς
233 1735 412 1774 βουλομένοις
427 1737 495 1774 πρὸς
509 1736 669 1772 τελειότητα
685 1737 791 1777 φθάσαι.

191 1782 241 1810 15.
261 1780 291 1808 Εἰ
316 1781 406 1808 τοίνυν
432 1780 520 1812 θέλεις
547 1780 695 1817 δυνηθῆναι
720 1786 785 1810 πᾶσι
812 1782 919 1815 τούτοις
944 1783 984 1819 ἐξ·

152 1825 355 1861 ακολουθῆσαι,
371 1825 415 1853 καὶ
447 1826 499 1853 ὑπὸ
527 1826 630 1854 τούτων
661 1826 698 1858 sic
728 1828 772 1855 τὸν
802 1822 982 1864 πνευματικὸν

152 1870 250 1908 ἀγῶνα
278 1872 326 1896 τοῖ’)
355 1867 496 1897 κοινοϐίου
530 1870 596 1909 ἄχρι
631 1870 727 1903 τέλους
764 1870 982 1910 διακαρτερῆσαι,

147 1917 238 1942 ταῦτα
262 1914 280 1941 ἃ
303 1914 375 1942 εἶπεν
392 1915 406 1942 ὁ
422 1913 503 1942 ams
532 1915 666 1953 ἀναγκαῖά
692 1926 734 1943 σοι
762 1917 830 1954 πρὸς
860 1916 983 1955 φυλακήν

150 1957 177 1985 ἐν
193 1960 231 1995 τῇ
247 1957 357 1994 συνοδίᾳ
371 1960 424 1986 τῶν
446 1957 571 1997 ἀδελφῶν
596 1957 723 1987 ἔστωσαν·
739 1972 753 1985 (ί
769 1960 842 1998 Ἐγὼ
867 1959 896 1988 δὲ
919 1961 982 1989 ὡσεὶ

150 2003 247 2042 κωφὸς
276 2003 329 2030 οὐκ
351 2002 464 2039 ἤκουον,
480 2003 526 2030 καὶ
550 2003 614 2031 ὡσεὶ
631 2002 770 2040 ἅνθρωπος
791 2004 841 2032 οὐκ
863 2004 980 2040 ἀκούων,

147 2048 196 2074 καὶ
214 2047 264 2074 οΰκ
280 2046 352 2085 ἔχων
369 2046 396 2075 ἐν
411 2050 451 2083 τῷ
472 2047 587 2084 στόματι
611 2047 693 2076 αὐτοῦ
721 2048 866 2086 ἐλεγμούς.
882 2061 897 2075 ι)
912 2050 981 2078 Ὅσα

148 2091 245 2119 τοίνυν
263 2090 372 2129 βλέπεις
387 2090 522 2129 ἀλλότρια
543 2091 695 2129 οἷκοδομῖς
719 2092 764 2120 καὶ
784 2092 927 2132 ὠφελείας,
943 2094 979 2125 ὠς

147 2135 255 2175 τυφλὸς
279 2138 371 2173 γενοῦ,
387 2136 431 2163 καὶ
457 2135 507 2163 ὅσα
531 2137 649 2171 ἀκούεις,
666 2137 702 2168 ὡς
725 2138 817 2177 κωφὸς
840 2138 885 2165 καὶ
910 2137 980 2166 ἅλα-

149 2179 216 2213 λος,
231 2180 275 2207 καὶ
301 2180 351 2207 οὐκ
373 2180 445 2218 ἔχων
471 2181 496 2208 ἐν
521 2183 560 2217 τῷ
575 2181 689 2218 στόματι
704 2181 848 2219 ἐλεγμούς.
866 2183 914 2210 Καὶ
941 2184 978 2219 μή

156 2226 271 2262 μιμήοῃ
286 2224 409 2259 τούτους,
425 2224 483 2252 ὅσοι
500 2224 618 2260 ἄπιστοι,
633 2225 678 2253 καὶ
700 2226 824 2261 ἀνήκοοι,
840 2228 885 2254 καί
909 2237 977 2265 προ-

146 2271 253 2301 πετεῖς,
286 2269 332 2295 καὶ
371 2269 508 2308 cupps-toi,
546 2270 592 2297 καὶ
631 2267 753 2308 ὑϐρισταὶ
788 2271 977 2309 τυγχάνουσιν,

1037 1694 1136 1730 ζηλοῦν
1165 1691 1228 1723 τοὺς
1258 1691 1349 1730 ἁγίους
1387 1691 1500 1729 μεγίστη
1537 1691 1655 1731 ὠφέλεια
1692 1694 1863 1732 προσγίνεται

1077 1784 1118 1812 15.
1135 1783 1192 1820 (74)
1208 1782 1238 1810 Si
1260 1782 1303 1810 vis
1326 1782 1425 1818 itaque
1450 1782 1613 1810 facultatem
1638 1784 1688 1811 tibi
1715 1793 1778 1812 esse
1803 1785 1863 1813 hinc

1039 1829 1137 1857 omnia
1151 1827 1371 1864 exsequendi,et
1385 1827 1440 1855 sub
1457 1827 1503 1855 his
1519 1828 1548 1854 in
1573 1828 1721 1864 spirituali
1738 1830 1861 1857 cmnobii

1038 1873 1198 1901 certamine
1211 1872 1246 1900 ad
1265 1872 1350 1900 finem
1369 1880 1463 1907 usque
1480 1879 1674 1907 perseverare,
1700 1875 1862 1902 necessaria

1037 1917 1090 1945 tibi
1101 1918 1136 1945 ad
1153 1916 1316 1944 custodiam
1330 1915 1358 1943 in
1376 1918 1449 1943 cmtu
1467 1916 1589 1943 fratrum
1608 1916 1724 1950 fuerint,
1744 1926 1777 1945 ea
1798 1927 1860 1954 qua:

1037 1962 1125 1990 David
1142 1962 1183 1989 ait
1200 1970 1206 1989 :
1227 1971 1237 1985 α
1256 1961 1313 1996 Ego
1329 1962 1426 1987 autem
1443 1962 1584 1996 tanquam
1601 1961 1708 1987 surdus
1738 1970 1793 1990 non
1809 1972 1859 1991 au-

1037 2007 1163 2040 diebam,
1179 2007 1207 2033 et
1222 2005 1297 2032 sicut
1313 2004 1399 2031 homo
1417 2012 1473 2031 non
1491 2004 1614 2031 audiens
1631 2008 1659 2032 ct
1676 2014 1732 2033 non
1750 2006 1861 2036 habens

1035 2051 1065 2078 in
1082 2059 1131 2078 ore
1146 2058 1199 2078 suo
1215 2048 1437 2084 redargutiones
1451 2048 1483 2074 ³⁵.
1501 2048 1745 2085 Quotiescumque
1773 2051 1862 2087 igitur

1036 2094 1134 2131 aliqua
1155 2093 1263 2121 videris
1285 2092 1380 2120 aliens
1405 2093 1440 2120 ab
1464 2093 1654 2121 ediﬁcntione
1671 2097 1699 2121 et
1724 2095 1860 2132 utilitate,

1035 2142 1095 2167 esto
1110 2138 1194 2174 quasi
1209 2146 1322 2170 cacus;
1340 2139 1368 2165 et
1383 2137 1407 2165 si
1423 2145 1481 2173 qua
1504 2138 1633 2165 audieris
1664 2138 1710 2166 his
1740 2140 1859 2176 similia,

1035 2184 1088 2211 ﬁas
1103 2183 1186 2218 quasi
1202 2182 1310 2210 surdus
1320 2185 1347 2208 et
1363 2184 1474 2213 mutus.
1499 2184 1527 2209 et
1544 2190 1600 2209 non
1627 2183 1738 2211 habens
1755 2184 1782 2211 in
1813 2194 1860 2213 ore

1034 2230 1083 2255 tuo
1096 2227 1328 2263 redargutiones.
1346 2226 1443 2261 Neque
1469 2226 1593 2254 imiteris
1617 2235 1666 2254 eos
1692 2228 1739 2263 qui
1757 2229 1859 2257 inlide-

1034 2272 1087 2305 les,
1102 2272 1342 2307 inobsequentes,
1359 2269 1535 2306 petulantes,
1553 2272 1860 2306 scurriles,contume-

146 2312 216 2340 ἀλλ’
231 2313 268 2343 ὡς
296 2313 387 2351 κωφὸς
412 2313 456 2341 καὶ
483 2315 521 2349 μή
547 2313 664 2348 ἀκούων,
680 2316 764 2341 ταῦτα
783 2315 978 2352 παραπέμπου.

1038 2316 1099 2344 liosi
1116 2319 1185 2344 sunt
1202 2324 1208 2344 :
1225 2315 1274 2343 sed
1292 2315 1377 2351 quasi
1393 2318 1495 2343 mutus
1510 2317 1538 2343 et
1562 2324 1619 2343 non
1645 2317 1767 2345 audiens
1796 2318 1856 2346 hazc

148 2358 215 2386 Ἐάν
230 2357 272 2384 σοί
286 2367 328 2388 τις
345 2356 490 2395 ἐλέγχους,
506 2357 523 2392 ἣ
547 2356 650 2393 ὀνείδη,
666 2359 684 2392 ἢ
710 2356 800 2395 ὕϐρεις
826 2358 977 2397 ἐπιπέμψῃ,

146 2401 279 2436 ἀκίνητος
295 2401 340 2429 ἔσο
356 2402 394 2432 ὡς
409 2401 604 2440 πεφιμωμὲνος
619 2402 664 2429 καὶ
687 2402 801 2437 ἂὶλαλος,
817 2403 858 2430 ἀεὶ
881 2407 976 2432 τοῦτον

146 2446 197 2473 τὸν
227 2446 321 2484 στίχον
346 2445 481 2483 ἐπιλέγων
506 2449 555 2474 τοῦ
581 2447 705 2483 ψαλμοῦσ
723 2460 736 2473 ‹‹
760 2448 840 2476 Εἴποι.
862 2448 977 2484 Φυλάξω

145 2490 199 2520 τὰς
226 2489 306 2520 ὀδοᾶς
338 2501 401 2526 μου,
418 2493 466 2518 τοῦ
497 2491 536 2527 μή
566 2491 727 2528 ἁμαρτάνειν
759 2503 792 2528 με
816 2492 842 2520 ἐν
864 2492 976 2531 γλώσσῃ

146 2544 214 2570 μου.
239 2533 360 2571 Ἐθὲμην
385 2537 425 2570 τῷ
448 2535 563 2571 στόματί
592 2546 644 2572 μου
668 2535 803 2575 φυλακὴν,
825 2536 850 2563 ἐν
873 2539 912 2573 τῷ
936 2549 978 2565 συ-

143 2579 242 2612 στῆσαι
270 2579 317 2606 τὸν
348 2578 512 2616 ἁμαρτωλὸν
537 2578 657 2607 ἐναντίον
685 2591 748 2616 μου,
766 2579 915 2620 ἐκωφὲθην,
932 2582 976 2610 καί

145 2622 346 2658 ἐταπεινώθην.
365 2635 376 2648 ι
398 2626 458 2651 ’Ἐτι
484 2624 538 2660 μὴν
562 2624 630 2662 πρὸς
654 2624 761 2656 τούτοις
784 2626 828 2653 καὶ
850 2626 976 2664 τέταρτον

142 2669 231 2694 τοῦτο
252 2668 305 2705 πρὸ
329 2667 438 2695 πάντων
463 2667 574 2704 μελέτα,
595 2668 640 2696 καὶ
666 2668 817 2708 φυλάσσου,
843 2669 909 2708 ὅπερ
933 2671 977 2698 καὶ

178 2753 207 2771 ³⁸
221 2753 294 2781 Pssl.
309 2761 417 2789 xxxv",
433 2753 477 2788 14,
495 2754 540 2782 15.
577 2755 602 2773 ³⁸
619 2755 692 2783 Psal.
707 2764 827 2790 xxxvm,
843 2756 900 2784 1-3.

184 2830 244 2873 (η)
257 2832 379 2867 Nono,si
394 2832 528 2870 linguam
544 2833 736 2870 cohibeat,vel
748 2842 806 2863 non
822 2834 861 2863 sit
875 2835 981 2864 clamo-

142 2875 203 2896 ΙΙΙ,
221 2876 249 2896 In
265 2876 342 2897 V068.

1034 2361 1249 2397 praetermittas.
1266 2360 1294 2387 Si
1312 2359 1359 2395 qui
1376 2359 1428 2386 tibi
1446 2359 1670 2395 increpationcs,
1688 2363 1854 2397 opprobria,

1032 2404 1224 2432 contumelias
1240 2403 1355 2436 inferat,
1373 2402 1513 2430 immotus
1529 2406 1590 2430 esto
1607 2405 1689 2438 quasi
1717 2406 1855 2439 fremitus,

1032 2452 1061 2477 et
1071 2448 1154 2485 quasi
1171 2451 1271 2476 mutus
1288 2455 1294 2474 :
1314 2447 1391 2474 hunc
1404 2446 1456 2474 tibi
1473 2446 1578 2474 Psalmi
1605 2456 1719 2475 versum
1738 2450 1857 2478 assidue

1033 2497 1130 2530 repete
1146 2502 1152 2520 :
1171 2505 1184 2519 ‹‹
1202 2492 1264 2520 Dixi
1281 2500 1287 2519 :
1305 2491 1475 2519 Custodiam
1496 2491 1557 2519 vias
1578 2500 1668 2527 meas,
1687 2496 1718 2520 ut
1735 2503 1789 2521 non
1806 2496 1855 2522 de-

1033 2538 1165 2573 linquam
1182 2537 1210 2563 in
1227 2536 1328 2572 lingua
1345 2544 1418 2563 mea.
1437 2535 1524 2563 Posui
1538 2536 1579 2563 ori
1598 2545 1661 2564 meo
1678 2539 1855 2572 custodiam,

1034 2591 1100 2611 cum
1117 2581 1288 2609 consisteret
1303 2582 1436 2616 peccator
1459 2580 1613 2608 adversum
1640 2590 1704 2614 me;
1722 2583 1857 2611 obmutui

1033 2631 1061 2654 et
1075 2625 1249 2654 humiliatus
1266 2633 1332 2652 sum
1347 2625 1379 2652 ³⁸.
1397 2636 1410 2649 n
1428 2625 1469 2652 Ad
1498 2625 1557 2652 ha'c
1585 2628 1610 2652 et
1630 2626 1698 2652 illud
1718 2630 1855 2662 quartum

1033 2673 1101 2699 ante
1125 2670 1225 2698 omnia
1248 2669 1451 2703 meditare;ct
1475 2670 1596 2698 observa
1621 2671 1697 2705 quod
1728 2671 1783 2699 tria
1800 2673 1856 2702 ista

1071 2835 1128 2870 (73)
1143 2833 1273 2871 cassisn.
1289 2834 1411 2871 (nstitui.
1428 2835 1478 2864 lib.
1495 2845 1533 2871 ιν,
1549 2845 1573 2865 ο.
1589 2837 1631 2865 40.

1065 2871 1122 2908 (τι)
1139 2870 1212 2899 Ibid.
1227 2878 1252 2898 ο.
1269 2870 1314 2898 ιι.
