4096 6212
366 431 479 493 871

1528 427 1590 486 S.
1635 427 2157 490 ATHANASIUS.
2185 461 2260 472 —
2292 427 2604 516 SPURIA.

3663 427 3781 488 872

366 565 636 637 superius
671 563 824 618 dicta
858 578 1066 618 ornare
1114 562 1360 633 poterit:
1397 564 1462 614 ut
1505 558 1728 614 scilicet
1773 563 1829 614 te
1862 559 2006 615 stul-

2128 562 2294 614 ταῦτα
2322 558 2388 614 τὰ
2416 559 2669 635 ἀνωτέρω
2719 558 2981 636 είρημένα
3028 558 3152 634 τρία
3207 564 3483 630 κοσμῆσαι
3540 555 3780 613 δύναται.

365 659 493 709 tum
517 659 580 708 et
615 651 1184 724 insipientem,juxta
1215 647 1471 718 Apostoli
1508 653 1864 719 praeceptum
1891 647 2024 714 ³⁷,ἱιι

370 742 477 797 hoc
508 741 719 796 saeculo
752 741 1001 807 efficias,
1037 745 1099 794 ut
1129 740 1211 793 sis
1253 737 1487 807 sapiens
1517 755 1530 803 ;
1564 736 1827 791 videlicet
1877 736 2021 791 nihil

365 832 696 900 dijudicans
727 836 827 884 aut
858 828 1135 882 dubitans
1161 828 1218 882 in
1243 825 1692 898 quibuscunque
1716 824 1820 879 tibi
1857 841 2018 879 man-

367 921 545 983 datis,
567 919 944 990 simplicitate
978 933 1186 987 nempe
1218 921 1272 970 et
1299 917 1411 970 ﬁde
1442 913 1782 969 obedientiaa
1807 914 2024 969 instru-

364 1016 514 1065 ctus.
553 1010 707 1063 Inter
738 1013 944 1063 sancta
983 1005 1182 1060 omnia
1214 1004 1269 1058 id
1304 1003 1677 1058 solummodo
1727 1009 2018 1072 sanctum,

363 1097 506 1152 illud
532 1099 786 1168 sapiens,
820 1095 962 1149 illud
995 1093 1134 1148 utile
1164 1095 1387 1156 credas,
1413 1092 1570 1162 quod
1621 1109 1654 1146 a
1707 1091 1868 1145 Patre
1919 1098 2019 1146 tuo

355 1188 591 1258 jussum
626 1185 726 1239 tibi
763 1185 954 1238 fuerit.
979 1184 1096 1238 Hoc
1132 1182 1425 1253 proposito
1447 1182 1787 1235 sicortuum
1823 1182 2020 1233 ﬁrma-

361 1277 536 1338 veris,
571 1274 786 1345 poteris
823 1273 890 1327 ad
928 1273 1101 1326 linem
1136 1287 1319 1341 usque
1360 1268 1576 1323 Christi
1626 1269 1830 1338 jugum
1882 1269 2018 1322 obe-

365 1364 594 1419 dientire
625 1363 933 1430 sustinere,
965 1366 1023 1416 et
1056 1359 1218 1415 nulla
1247 1376 1314 1414 ex
1346 1358 1561 1413 diaboli
1595 1356 2017 1412 tentationibus

363 1470 430 1507 ex
479 1452 708 1506 artibus
759 1456 1030 1506 excutere
1081 1455 1136 1504 te
1187 1449 1398 1519 poterit
1440 1463 1509 1501 ex
1575 1444 1818 1501 scientia
1865 1446 2012 1499 vita}.

359 1543 469 1608 (75)
505 1540 854 1594 Patientiam
887 1555 1022 1593 vero
1051 1534 2015 1605 tuam.humilitatem,:equanimi-

360 1637 538 1683 tatem
575 1647 645 1683 ne
664 1627 1088 1698 exspectaveris
1117 1643 1182 1681 ex
1218 1625 1466 1680 aliorum
1490 1626 1704 1678 virtute
1737 1629 2012 1689 statuere;

360 1719 406 1772 si
439 1717 709 1771 videlicet
743 1732 915 1770 nemo
947 1719 1002 1770 te
1034 1714 1499 1778 stimulet,nemo
1531 1712 2014 1783 despiciat,nemo

361 1805 638 1859 dedecore
691 1804 909 1858 efﬁciat
943 1821 955 1858 :
989 1807 1142 1874 quod
1193 1819 1335 1856 sane
1395 1818 1584 1872 neque
1637 1800 1870 1854 virtutis
1901 1805 2012 1854 tuae

360 1899 773 1964 argumentum
806 1897 920 1961 est,
953 1908 1057 1944 nec
1089 1892 1145 1944 in
1191 1897 1293 1944 tua
1341 1894 1431 1944 est
1473 1888 1746 1943 facultate
1783 1905 1796 1942 :
1829 1888 1928 1944 sed
1961 1888 2011 1942 si

360 1981 692 2051 opprobria,
735 1979 1142 2043 contumelias,
1185 1983 1566 2050 contemptus
1613 1977 1760 2032 liber
1818 1977 2012 2037 feras;

361 2068 416 2123 id
453 2069 606 2124 enim
642 2068 726 2122 tui
758 2073 850 2124 est
880 2067 1128 2122 arbitrii.
1163 2067 1297 2136 (76).
1333 2066 1405 2121 Ut
1449 2066 1626 2135 igitur
1663 2081 1791 2136 quae
1821 2064 2008 2120 fusius

362 2175 543 2230 supra
571 2157 856 2222 diximus,
885 2158 1009 2228 jam
1043 2158 1190 2211 317
1231 2155 1578 2225 compendio
1627 2155 1911 2219 dicamus,
1946 2158 2010 2208 ut

361 2265 560 2302 eorum
600 2246 830 2302 facilius
865 2245 1375 2314 memineris,audi
1400 2259 1626 2309 rursus,
1659 2243 1757 2314 qui
1793 2243 2008 2314 poteris

365 2352 469 2408 per
514 2337 774 2391 ordinem
826 2335 894 2390 ad
943 2336 1354 2405 perfectionem
1416 2332 1734 2404 pervenire.
1787 2332 2005 2386 Princi-

364 2426 525 2496 pium
563 2423 768 2479 salutis
798 2428 1010 2479 nostra:
1041 2424 1218 2477 timor
1247 2426 1335 2476 est
1376 2421 1475 2476 Dei
1510 2439 1521 2476 :
1557 2437 1624 2475 ex
1649 2438 1714 2475 eo
1746 2420 2007 2492 gignitur

365 2514 515 2568 bona
547 2512 877 2568 ohedientia
909 2529 921 2568 :
954 2512 1089 2566 hinc
1121 2512 1306 2566 oritur
1334 2509 1619 2580 subjectio
1651 2515 1709 2565 et
1741 2516 2003 2564 contem-

362 2607 498 2674 ptus
529 2619 721 2657 rerum
752 2602 952 2656 mundi
979 2618 993 2656 :
1019 2617 1085 2655 ex
1105 2600 1211 2654 bac
1237 2598 1564 2655 humilitate
1588 2598 1850 2654 nascitur
1874 2616 2001 2670 pro-

357 2693 616 2762 priarum
657 2690 1026 2746 voluntatum
1071 2688 1440 2743 mortificatio
1475 2706 1486 2743 :
1521 2705 1588 2742 ex
1637 2688 2000 2758 propriarum

353 2780 723 2836 voluntatum
762 2778 1604 2844 mortiﬁcatione,exsiccantur
1631 2776 1998 2847 voluptatum

355 2870 580 2924 radices
615 2887 626 2923 :
665 2868 753 2923 his
783 2873 977 2922 autem
1021 2883 1226 2921 omnes
1277 2866 1483 2920 animae
1532 2865 1999 2936 imperfectiones

355 2958 764 3026 eliminantur,
791 2971 1040 3027 quarum
1075 2953 1413 3025 expulsione
1431 2954 2000 3009 crescuntfructum-

354 3061 466 3115 que
500 3048 692 3100 ferunt
723 3044 1080 3098 virtutes.Ex
1109 3042 1392 3097 virtutum
1427 3041 1784 3097 incremento
1809 3041 1996 3113 gigni-

353 3139 448 3187 tur
477 3133 697 3203 puritas
744 3131 937 3188 cordis
970 3148 983 3186 :
1019 3131 1331 3202 puritatem
1379 3130 1570 3186 cordis
1619 3131 1998 3202 consequitur

351 3223 672 3291 apostolica
701 3221 997 3292 perfectio,
1027 3220 1215 3291 gratia
1242 3224 1299 3273 et
1343 3218 1557 3273 auxilio
1612 3219 1841 3274 Domini
1893 3237 1995 3274 no-

2131 647 2194 701 τὸ
2247 649 2430 725 μωρὸν
2475 649 2563 703 καὶ
2622 647 2829 724 ἄφρονα
2871 649 3080 717 ἑαυτὸν,
3139 649 3274 701 κατᾶ
3319 647 3380 701 τὸ
3446 647 3784 703 ’Λποστόλου

2132 737 2516 811 παράγγελμα,
2551 736 2602 792 ἐν
2661 736 2839 808 τούτῳ
2893 735 2973 808 τῷ
3031 735 3185 790 αἰῶνι
3241 743 3489 806 ποιῆσαι,
3516 733 3604 790 ἵνα
3658 737 3784 812 γὲνῃ

2131 826 2318 904 σοφὸς,
2354 824 2610 896 δηλονότι
2671 823 2837 898 μηδὲν
2889 822 3178 901 διακρίνων
3211 824 3245 893 ἢ
3285 821 3545 893 διστάζων
3596 823 3646 878 ἐν
3702 827 3786 886 οἷς

2132 915 2192 968 ἂν
2223 917 2599 991 προσταχθῇς,
2630 915 2942 980 ἁπλότητος
2974 914 3062 968 καὶ
3110 913 3342 975 πίστεως
3387 915 3486 982 τήν
3543 914 3786 982 ὑπακοὴν

2129 1009 2323 1061 ποιῶν.
2359 1006 2564 1059 Ἐκεῖνο
2597 1004 2760 1076 μόνον
2819 1005 2972 1078 ἅγιον
3017 1006 3126 1057 τῶν
3180 1001 3347 1076 ἁγίων
3403 1000 3780 1078 λογιζόμενος,

2127 1093 2217 1147 καὶ
2267 1094 2455 1170 σοφὸν,
2485 1093 2572 1146 καὶ
2625 1091 2898 1169 συμφέρον
2945 1090 3236 1159 πιστεύων,
3275 1091 3339 1145 τὸ
3389 1091 3494 1144 ὑπὸ
3540 1095 3636 1146 τοῦ
3684 1096 3781 1145 σοῦ

2128 1182 2336 1257 ΙΙατρὸς
2369 1181 2704 1257 προσταχθὲν
2740 1202 2845 1238 σοι.
2878 1181 3110 1254 Τοιαύτῃ
3161 1179 3264 1254 γὰρ
3321 1177 3553 1234 διαθέσει
3611 1181 3778 1258 ἀσσα-

2129 1269 2420 1343 λισάμενος
2448 1272 2547 1338 τήν
2582 1271 2680 1338 σὴν
2711 1267 2958 1346 καρδίαν,
2994 1266 3198 1342 δυνήσῃ
3242 1265 3344 1330 ἕως
3398 1268 3591 1331 τελους
3640 1269 3779 1323 ὑπο-

2131 1365 2308 1431 μεῖναι
2347 1360 2438 1414 τὸν
2484 1361 2720 1424 Χριστοῦ
2755 1359 2909 1434 ζυγὸν
2968 1365 3066 1426 τῆς
3125 1358 3429 1433 ὑποταγῆς,
3475 1358 3565 1412 καὶ
3620 1355 3773 1413 οὐδὲν

2125 1469 2182 1501 σε
2209 1452 2315 1502 τῶν
2367 1452 2463 1503 τοῦ
2513 1443 2772 1502 διαϐόλου
2829 1445 3196 1522 πειρατηρίων
3244 1446 3336 1499 καὶ
3381 1446 3774 1521 τεχνασματων

2126 1533 2411 1606 δυνήσεααι
2445 1535 2698 1590 σαλεῦσαι
2755 1535 2813 1590 ἐκ
2856 1541 2955 1604 τῆς
2998 1535 3305 1605 ἐπιστήμης
3355 1538 3454 1588 τοῦ
3500 1535 3635 1608 βίου.
3673 1534 3772 1588 Καὶ

2122 1626 2222 1693 τήν
2259 1627 2534 1698 ὑπομονὴν
2570 1622 2648 1695 δὲ,
2699 1625 2789 1678 καὶ
2843 1625 2941 1693 τήν
2992 1623 3338 1689 ταπείνωσιν,
3378 1623 3466 1677 καὶ
3516 1624 3614 1692 τήν
3668 1645 3770 1696 μαι

2123 1715 2417 1790 κροθυμίαν
2449 1716 2548 1783 τὴν
2583 1715 2703 1782 σὴν,
2725 1715 2799 1786 μή
2835 1713 2895 1767 ἰκ
2921 1720 3020 1782 τῆς
3051 1717 3157 1766 τῶν
3184 1711 3371 1766 ἄλλων
3391 1712 3585 1788 ἀρετῆς
3607 1733 3778 1787 προσ-

2125 1801 2256 1858 δόκα
2300 1807 2714 1879 κατορθοῦσθαι·
2745 1804 2857 1856 οἷον
2892 1801 2978 1856 ἐὰν
3029 1802 3116 1855 ὑπ’
3147 1797 3366 1862 οὐδενὸς
3413 1801 3706 1876 παροξύνῃ,
3740 1804 3774 1870 ἢ

2123 1892 2222 1946 οὐκ
2253 1889 2651 1965 ἐξουδενὼσῃ,ἢ
2678 1891 2777 1946 οὐκ
2807 1889 3215 1964 ἀτιμάζῃ,δπερ
3248 1887 3372 1944 οὕτε
3397 1893 3498 1954 τῆς
3528 1897 3626 1959 σῆς
3659 1891 3776 1965 ἀρε-

2117 1989 2216 2050 τῆς
2251 1980 2359 2035 ἐστι
2390 1978 2606 2056 δεῖγμα,
2641 1977 2764 2035 οὔτε
2794 1977 2845 2033 ἐν
2890 1983 2959 2052 τῇ
3012 1977 3220 2050 ἐξουσίᾳ
3259 1983 3452 2033 κεῖται·
3487 1976 3615 2034 ἀλλ’
3645 1979 3770 2034 ὅταν

2118 2067 2589 2144 λοιδορούμενος,
2643 2069 2678 2137 ἢ
2740 2067 3179 2140 ἀτιμαζόμενος,
3234 2068 3268 2136 ἢ
3325 2063 3770 2140 ἐξουδενούμενος

2117 2159 2304 2234 πράως
2337 2159 2521 2235 φέρῃς·
2554 2161 2716 2211 τοῦτο
2746 2158 2846 2231 γαρ
2892 2155 2943 2209 ἐν
2993 2159 3062 2229 τῇ
3105 2159 3172 2220 σῆ
3214 2156 3521 2230 προαιρέσει
3572 2161 3766 2214 κεῖται.

2115 2250 2228 2302 Ἵνα
2257 2247 2435 2300 τοίνυν
2467 2244 2601 2300 αύτά
2644 2247 2838 2312 πάντα,
2873 2247 3006 2316 ἅπερ
3063 2242 3396 2320 πλατύτερον
3447 2244 3766 2321 εἰρήκαμεν,

2116 2335 2578 2410 συναθροίσαντες.
2607 2332 2660 2387 τί
2715 2353 2847 2388 ποτε
2903 2333 3170 2406 σύντομον
3230 2332 3467 2405 εἴπωμεν
3519 2334 3657 2409 πρὸς
3705 2336 3768 2388 τὸ

2114 2423 2355 2486 εὐκόλως
2385 2424 2483 2492 τήν
2518 2423 2614 2490 σὴν
2649 2419 2886 2476 διάνοιαν
2931 2421 3136 2476 τούτων
3195 2420 3570 2494 μνημονεύειν,
3604 2419 3766 2477 ἄκουε

2112 2511 2296 2585 πάλιν,
2338 2517 2458 2574 πῶς
2488 2511 2624 2567 κατὰ
2651 2509 2796 2583 τάξιν
2832 2507 3034 2584 δυνήσῃ
3085 2505 3337 2578 ἐπιϐῆναι
3392 2517 3495 2580 τῆς
3550 2508 3761 2566 τελειό-

2109 2621 2296 2670 τητος.
2355 2600 2527 2674 Ἀρχή
2577 2603 2676 2663 τῆς
2719 2599 2988 2674 ἡμετερας
3040 2597 3310 2672 σωτηρίας
3357 2598 3386 2652 ὁ
3436 2593 3605 2676 φόϐος
3654 2598 3766 2654 ἐστί

2109 2692 2205 2741 τοῦ
2254 2692 2407 2743 Θεοῦ·
2450 2687 2509 2742 ἐκ
2549 2687 2746 2742 τούτου
2793 2693 3037 2762 γεννᾶται
3083 2687 3252 2761 ἀγαθὴ
3308 2687 3540 2756 ὑπακοὴ,
3596 2687 3646 2758 ἐξ
3699 2692 3766 2758 ἧς

2109 2777 2342 2832 τίκτεται
2389 2779 2424 2847 ἡ
2486 2777 2751 2852 ὑποταγὴ,
2806 2777 2896 2830 καὶ
3061 2775 3461 2854 καταφρόνησις
3510 2782 3617 2831 τῶν
3667 2783 3767 2832 τοῦ

2109 2861 2318 2938 κόσμου
2373 2865 2729 2940 πραγμάτων·
2763 2864 2824 2919 ἐκ
2855 2861 2912 2918 δὲ
2968 2865 3168 2934 ταύτης
3227 2871 3328 2933 τῆς
3383 2867 3764 2928 ταπεινώσεως

2108 2960 2357 3028 γεννᾶται
2412 2957 2517 3009 τῶν
2579 2950 2732 3007 ἰδίων
2793 2951 3120 3024 Θελημάτων
3174 2955 3210 3022 ἡ
3268 2948 3548 3028 νέκρωσις·
3598 2953 3659 3009 ἐκ
3707 2954 3765 3010 δὲ

2106 3051 2205 3113 τῆς
2235 3047 2340 3097 τῶν
2375 3041 2698 3114 Θελημάτων
2731 3042 3042 3114 νεκρώσεως
3090 3043 3145 3096 αἱ
3191 3046 3297 3096 τῶν
3349 3041 3562 3111 ἡδονῶν
3615 3043 3755 3118 ῥίζαι

2112 3131 2481 3206 μαραίνονται·
2516 3130 2575 3185 ἐκ
2605 3128 2662 3184 δὲ
2691 3130 2898 3185 τούτων
2928 3129 3100 3184 πάντα
3139 3130 3207 3184 τὰ
3249 3127 3607 3203 ἐλαττώματα
3653 3139 3754 3200 τῆς

2106 3223 2292 3296 ψυχῆς
2321 3215 2751 3274 ἀποϐάλλονται’
2783 3223 2852 3290 τῇ
2888 3215 2947 3272 δὲ
2989 3213 3242 3292 ἀποϐολῇ
3287 3219 3518 3285 τούτων,
3553 3222 3605 3274 αἱ
3637 3220 3755 3297 ἀρε-

353 3311 454 3363 stri
516 3309 649 3362 Jesu
682 3307 918 3378 Christi,
951 3308 1043 3363 cui
1076 3307 1264 3379 gloria
1295 3307 1352 3362 in
1395 3299 1609 3362 ambula
1643 3307 1988 3363 saeculorum

2118 3309 2186 3363 ταὶ
2247 3306 2486 3379 αὔξουσι,
2517 3308 2605 3362 καὶ
2654 3312 3083 3385 καρποφοροῦσι·
3135 3311 3203 3380 τῇ
3256 3305 3313 3362 δὲ
3365 3307 3583 3378 αὐξήσει
3641 3314 3752 3364 τῶν

353 3407 556 3452 Amen.

2105 3398 2305 3474 ἀρετῶν
2356 3401 2391 3467 ἠ
2443 3398 2746 3470 καθαρότης
2791 3403 2891 3466 τῆς
2941 3393 3164 3472 καρδίας
3220 3395 3592 3470 προσγίνεται·
3637 3404 3756 3460 ταῖς

351 3482 407 3538 δὲ
464 3483 787 3554 καθαρότησι
844 3490 945 3552 τῆς
997 3479 1288 3562 καρδίαςὴ
1319 3481 1658 3562 ἀποστολική
1710 3483 1990 3554 τελειότης
2040 3485 2400 3542 ἐπακολουθεῖ
2456 3488 2640 3562 χάριτι
2699 3485 2791 3540 καὶ
2845 3485 3124 3562 συνεργείᾳ
3178 3489 3272 3540 τοῦ
3331 3486 3532 3561 Κυρίου
3592 3488 3752 3559 ἡμῶν

353 3566 363 3585 ν
505 3569 527 3577 ν
589 3567 598 3574 ο
765 3567 790 3578 ~
861 3565 888 3584 -ν
1000 3561 1022 3580 εκ
1063 3563 1084 3588 ρ
1180 3562 1198 3582 ι.
1322 3561 1335 3579 \
1481 3567 1504 3577 ε-
1680 3568 1704 3578 ς-
1817 3563 1830 3580 9
1860 3565 1870 3583 ι
2049 3567 2061 3587 ο

369 3567 530 3633 Ιησου
562 3567 815 3638 λριστου,
850 3585 895 3635 ῳ
926 3565 959 3632 ἡ
996 3562 1123 3632 οόςα
1153 3583 1227 3624 εις
1255 3583 1382 3625 τους
1414 3562 1610 3624 αίωνας
1640 3585 1746 3618 των
1779 3585 2014 3622 αιωνων.
2065 3569 2250 3640 Δμήν,

763 3708 994 3766 MAGNI
1082 3707 1438 3763 ATIIANASII
1532 3709 1620 3763 AD
1715 3709 1995 3766 EUMDEM

1245 3780 1405 3835 MALI
1421 3780 1554 3835 TLE
1626 3779 1852 3836 COGITA
1867 3780 1998 3837 7'10-

355 3710 656 3766 EIUSDEM

423 3781 765 3837 CASTOREJI
823 3781 910 3835 DE
987 3780 1170 3838 OCTO

425 3855 646 3909 NIBUS.

427 3982 474 4031 1.
508 3979 621 4045 (77)
651 3979 793 4033 Cum
829 3976 989 4047 prius
1021 3976 1090 4031 de
1121 3974 1541 4030 constitutione
1596 3975 1996 4030 coenobiorum

355 4067 529 4121 verba
599 4066 935 4131 fecerimus,
975 4065 1186 4120 vestris
1240 4065 1370 4120 freti
1429 4065 1814 4132 orationibus,
1871 4067 1995 4136 jam

351 4153 606 4207 scribere
639 4153 1016 4224 aggredimur
1059 4154 1128 4208 de
1173 4158 1300 4208 octo
1345 4152 1579 4207 malitia:
1629 4153 1998 4224 cogitationi-

353 4243 481 4306 bus,
535 4242 818 4296 edacitate
862 4241 1104 4309 scilicet,
1152 4241 1553 4310 fornicatione,
1617 4242 1877 4308 avaritia,
1914 4243 2000 4297 ira

349 4329 606 4391 tristitia,
643 4329 896 4401 pigritia,
928 4346 1080 4384 vana
1111 4329 1295 4401 gloria
1326 4335 1382 4384 et
1411 4330 1706 4401 superbia.
1736 4331 1996 4386 Primum

349 4417 544 4487 itaque
578 4419 647 4471 de
680 4417 1036 4473 abstinentia
1066 4419 1292 4472 dicetur
1320 4435 1352 4471 a
1383 4418 1572 4488 nobis,
1625 4435 1752 4490 quas
1801 4420 1999 4474 edaci-

349 4507 461 4561 tati
495 4507 764 4577 opposita
792 4511 910 4561 est:
946 4522 1189 4578 agemus
1219 4504 1359 4560 item
1381 4507 1450 4560 de
1473 4505 1841 4576 jejuniorum
1876 4525 1996 4563 mo-

347 4596 441 4661 do,
477 4596 546 4649 de
580 4595 860 4666 qualitate
889 4599 946 4649 et
969 4597 1300 4664 quantitate
1326 4593 1762 4649 alimentorum.
1796 4598 1908 4666 (78)
1932 4597 2000 4652 Et

349 4685 469 4739 haec
503 4701 616 4738 non
650 4701 717 4737 ex
749 4684 916 4738 nobis
943 4683 1091 4755 ipsis
1125 4683 1337 4736 dicturi
1372 4699 1619 4748 sumus;
1653 4684 1752 4738 sed
1777 4701 1844 4739 ea
1869 4701 1996 4755 quae

2649 3713 2984 3764 ΜΕΓΑΛΟΥ·
3068 3709 3477 3766 ΑΘΔΝΑΣΙΟΥ
3583 3709 3768 3764 ΠΡΟΣ

3381 3786 3517 3834 ΤΩΝ
3597 3781 3776 3838 ΟΚΊὩ

2105 3715 2232 3767 ΤΟΥ
2333 3714 2550 3766 ΑΥΤΟΥ

2177 3787 2305 3835 TON
2398 3782 2623 3837 ΑΥΤΟΝ
2719 3780 3032 3836 ΚΑΣΤΟΡΑ
3127 3785 3282 3835 ΠΕΡΙ

2176 3857 2310 3908 ΤΗΣ
2389 3854 2650 3909 ΚΑΚΙΔΣ
2727 3852 3106 3908 ΛΟΙῚΣΜΩΝ.

2181 3980 2230 4032 1.
2266 3977 2462 4051 Πρώην
2487 3976 2576 4030 τὸν
2609 3974 2734 4051 περὶ
2767 3972 3152 4036 διατυπώσεως
3206 3972 3371 4050 λόγον
3423 3980 3530 4030 τῶν
3583 3993 3768 4028 κοινο-

2110 4060 2244 4120 ϐίων
2278 4067 2640 4137 συντάξαντες,
2671 4062 2834 4118 πάλιν
2869 4062 2956 4118 ἐπὶ
3003 4069 3098 4117 τοῦ
3147 4062 3580 4138 παρόντοςμεαῖς
3641 4061 3772 4135 ὑμε-

2106 4153 2286 4226 τέραις
2347 4154 2536 4229 εὐχαῖς
2597 4152 3000 4229 θαρρήσαντες,
3061 4151 3492 4228 ἐπεχειρήσαμεν
3563 4152 3768 4227 γράψαι

2110 4244 2232 4319 περὶ
2264 4248 2367 4297 τῶν
2400 4243 2544 4297 ὀκτὼ
2590 4249 2689 4311 τῆς
2740 4242 2928 4303 κακίας
2989 4241 3297 4315 λογισμῶν·
3331 4240 3760 4316 γαστριμαργίας

2111 4331 2254 4409 φημὶ
2310 4331 2398 4386 καὶ
2456 4330 2728 4406 πορνείας,
2763 4329 3123 4406 φιλαργυρίας
3181 4329 3270 4384 καὶ
3331 4329 3528 4404 ὀργῆς,
3584 4328 3766 4398 λύπης

2107 4422 2196 4476 καὶ
2254 4420 2507 4491 ἀκηδίας,
2537 4417 2846 4490 κενοδοξίας
2895 4420 2984 4474 καὶ
3044 4419 3428 4495 ὑπερηφανίας.
3479 4423 3764 4493 [Ιροηγου-

2115 4512 2288 4583 μὲνως
2345 4509 2525 4564 τοίνυν
2575 4509 2698 4584 περὶ
2749 4507 3059 4584 ἐγκρατείας
3106 4507 3335 4583 γαστρὸς
3378 4509 3514 4578 ἡμῖν
3563 4505 3770 4581 λεχθή-

2111 4620 2280 4666 σεται,
2335 4606 2437 4668 τῆς
2496 4599 2874 4671 ἀντικειμένης
2934 4601 3000 4670 τῇ
3054 4597 3494 4673 γαστριμαργίᾳ·
3555 4599 3652 4648 τοῦ
3707 4615 3770 4649 τε

2108 4687 2312 4762 τρόπου
2341 4691 2448 4741 τῶν
2479 4691 2768 4757 νηστειῶν,
2803 4685 2894 4740 καὶ
2948 4687 3047 4753 τῆς
3096 4685 3394 4754 ποιότητος
3451 4684 3541 4738 καὶ
3600 4683 3772 4737 ποσό-

347 4772 681 4844 accepimus
715 4789 748 4826 a
779 4772 998 4827 sanctis
1047 4771 1320 4825 Patribus
1367 4771 1606 4826 nostris.
1671 4771 1755 4826 [lli
1808 4773 2004 4844 itaque

2118 4797 2274 4847 τητος
2329 4779 2435 4829 τῶν
2498 4776 2827 4851 βρωμάτων.
2890 4774 2991 4831 Καὶ
3048 4779 3217 4830 ταῦτα
3274 4773 3374 4827 οὐκ
3431 4771 3520 4848 ἀφ’
3567 4773 3774 4826 ἑαυτῶν

346 4879 459 4915 non
497 4877 667 4914 unum
698 4859 908 4930 jejunii
943 4859 1432 4931 regulam,neque
1473 4876 1655 4914 unum
1686 4862 1993 4916 comestio-

348 4950 439 5004 nis
475 4951 733 5010 modum,
770 4964 954 5020 neque
985 4949 1251 5004 eamdem
1290 4949 1478 5019 ipsam
1530 4949 1806 5004 omnibus
1839 4968 1999 5006 men-

350 5055 548 5094 suram
581 5038 894 5104 tradidere,
946 5038 1082 5108 quia
1135 5055 1246 5092 non
1300 5053 1505 5092 omnes
1555 5039 1818 5107 ejusdem
1865 5045 2005 5094 sunt

351 5127 594 5193 roboris,
629 5125 715 5180 vel
747 5126 955 5191 etatis,
987 5130 1044 5180 et
1074 5125 1209 5195 quia
1241 5125 1338 5181 alii
1368 5125 1711 5180 infirmitate
1742 5129 2005 5199 corporis

349 5215 742 5281 laborant,alii
774 5213 1110 5270 delicatiore
1143 5219 1282 5269 sunt
1311 5214 1774 5286 corpore.Unum
1807 5222 2002 5273 autem

350 5306 624 5360 omnibus
657 5304 952 5358 tradidere
981 5319 1252 5374 scopum,
1289 5309 1354 5358 ut
1402 5303 1630 5374 fugiant
1676 5304 2004 5376 crapulam,

349 5400 406 5450 et
433 5394 650 5448 ventris
681 5391 1053 5448 saturitatem
1086 5395 1431 5447 aversantur
1462 5408 1475 5446 :
1512 5407 1579 5446 ac
1610 5391 2006 5464 experimento

423 5528 466 5561 ³⁷
501 5529 520 5583 Ι
553 5527 679 5582 Cor.
713 5542 799 5596 ιιι,
833 5526 919 5580 18.

426 5661 537 5730 (75)
569 5660 830 5715 Cassiau.
864 5657 1102 5713 Institut.
1139 5655 1239 5711 lib.
1272 5672 1348 5723 ιν,
1383 5671 1431 5710 ο.
1468 5656 1554 5712 42.

427 5732 541 5804 (76)
573 5733 717 5787 Ibid.
751 5748 800 5788 ο.
837 5731 926 5786 43.

2107 4865 2357 4940 ἐροῦμεν,
2410 4862 2535 4918 ἀλλ’
2584 4865 2716 4937 ἅπερ
2781 4863 3196 4940 παρειλήφαμεν
3243 4863 3388 4936 παρᾶ
3437 4865 3547 4916 τῶν
3599 4859 3768 4934 ἁγίων

2111 4956 2270 5024 ἡμῶν
2331 4955 2601 5026 Πατέρων.
2637 4953 2862 5009 Ἐκεῖνοι
2920 4951 3097 5006 τοίνυν
3147 4951 3254 5025 οὐχ
3300 4948 3391 5005 ἕνα
3447 4949 3642 5003 κανόνα
3669 4970 3772 5018 νη-

2113 5042 2308 5110 στείας,
2340 5039 2463 5095 οὐδὶ
2492 5037 2586 5095 ἕνα
2614 5040 2816 5112 τρόπον
2857 5047 2959 5109 τῆς
3008 5044 3113 5094 τῶν
3170 5038 3473 5114 βρωμάτων
3525 5035 3770 5110 μεταλή-

2113 5133 2280 5203 ψεως,
2315 5126 2438 5184 οὐδὲ
2467 5130 2530 5184 τὸ
2561 5128 2690 5183 αὐτὸ
2749 5129 2942 5204 μέτρον
2993 5134 3121 5181 πᾶσι
3157 5124 3530 5198 μεταδιδόασι,
3564 5123 3652 5180 διὰ
3699 5125 3768 5178 τὸ

2119 5215 2260 5290 μηδὲ
2310 5217 2514 5280 πάντας
2563 5219 2663 5285 τήν
2710 5217 2874 5286 αὐτὴν
2929 5216 3088 5293 ῒσχὺν
3139 5215 3302 5292 ἔχειν,
3336 5218 3370 5287 ἢ
3403 5213 3493 5270 διὰ
3520 5214 3774 5284 ἡλικίαν,

2113 5309 2147 5376 ἦ
2178 5305 2248 5360 δι’
2279 5307 2570 5378 ιῑισθὲνειαν⁹
2604 5307 2638 5375 ἣ
2673 5301 2762 5360 διὰ
2788 5303 2892 5376 ἕξιν
2928 5306 3270 5381 ἀστειοτὲρου
3330 5305 3608 5378 σώματος·
3641 5308 3780 5360 Ἕνα

2117 5393 2175 5450 δὲ
2207 5397 2406 5451 σκοπὸν
2434 5395 2564 5450 πὰσι
2597 5391 3036 5468 παραδεδώκασι,
3081 5393 3295 5470 φεύγειν
3356 5394 3454 5462 τήν
3517 5392 3788 5466 πλησμο-

2185 5665 2296 5732 (⁸77)
2329 5663 2596 5720 Cassian.
2628 5665 2874 5722 Institut.
2908 5663 3011 5722 lib.
3041 5681 3095 5720 v.
3128 5679 3176 5720 c.
3213 5665 3262 5732 1,
3295 5665 3354 5719 et
3385 5679 3508 5735 seq.

2186 5737 2302 5808 (78)
2329 5736 2474 5794 Ibid.
2507 5753 2559 5793 c.
2588 5735 2644 5793 5.
