2048 3106
149 170 206 200 873

718 166 909 198 EPISTOLA
930 166 956 196 Il
980 166 1030 195 AD
1053 165 1273 196 CASTOREM.

1788 166 1849 196 874

148 235 206 272 νήν,
232 234 278 262 καὶ
301 233 514 273 ἀποστρέφεσθαι
540 233 590 267 τήν
617 232 765 270 χορτασίαν
782 235 831 266 τῆς
846 230 969 269 γαστρός·

1029 231 1251 267 comprobatum
1273 231 1408 258 dixerunt
1432 230 1534 257 utilius
1558 238 1622 258 esse
1646 231 1848 265 quotidianum

146 281 196 314 τὴν
219 277 249 306 δὲ
277 278 463 317 καθημερινὴν
488 277 610 313 νηστείαν
636 275 797 313 ἐδοκίμασαν
825 275 971 315 ὠφελιμω-

146 324 223 361 τέραν
238 323 316 360 εἶναι,
339 323 384 350 καὶ
410 320 641 359 συμϐαλλομένην
671 322 737 349 εἶναι
762 321 831 358 πρὸς
855 320 970 358 καθαρό-

146 379 225 404 τητα,
255 367 338 396 πλέον
367 371 418 402 τῆς
446 366 471 394 ἐν
499 366 586 403 τρισὶν
615 366 633 400 ἢ
661 366 828 403 τεταρσιν,ἢ
853 365 898 392 καὶ
917 362 970 395 ’ἕως

147 411 300 450 ἑϐδομάδος
329 412 481 448 ἑλκομένης
507 410 648 446 νηστείας.
679 409 728 437 Καὶ
754 409 804 448 γάρ
834 419 896 447 φασι
923 408 969 436 τὸν

147 458 272 494 ἀμὲτρως
284 454 504 493 ἐπεκτεινόμενον
519 458 553 493 τῇ
568 454 678 490 νηστείᾳ
703 454 768 492 ὑπὲρ
786 453 883 492 μέτρον
899 452 971 481 πολ-

147 502 226 533 λάκις
239 504 273 538 τῇ
297 503 386 540 τροφῇ
411 501 573 538 κεχρῆσθαι,
599 500 636 530 ὡς
662 499 691 526 ἐκ
712 499 811 526 τούτου
835 499 902 525 ποτε
923 497 971 534 μὶν

145 549 178 584 τῇ
198 544 338 585 ὑπερϐολῆ
353 548 403 578 τῆς
417 545 519 576 ἀσιτίας
545 545 648 572 ἀτονεῖν
675 544 706 571 τὸ
729 545 819 580 σῶμα,
835 543 880 570 καὶ
902 542 971 580 πρὸς

144 583 191 622 τάς
221 583 406 627 πνευματικὰς
431 583 601 628 λειτουργίας
627 588 806 626 ὀκνηρότερον
841 587 969 625 γίνεσθαι·

144 637 211 663 ποτὲ
227 635 266 672 δὲ,
291 638 330 671 τῷ
357 634 456 670 πλήθει
481 637 534 661 τῶν
557 635 666 672 τροφῶν
692 632 886 671 βαρυνόμενον,
902 632 971 666 ἀκη-

144 679 202 708 δίαν
217 681 262 708 καὶ
279 679 413 718 χαύνωσιν
441 678 564 716 ἐμποιεῖν
649 680 739 715 ψυχῇ.
760 677 810 705 Καὶ
833 676 914 704 πάλιν
941 675 971 703 οὖ

143 728 225 753 πᾶσιν
252 722 385 763 ἁρμόδιον
414 724 478 751 εἶναι
510 724 559 757 τὴν
582 725 635 750 τῶν
659 722 787 760 λαχάνων
805 720 970 758 μετάληψιν,

144 769 208 797 οὐδὲ
221 773 287 797 πᾶσι
315 770 365 803 τὴν
393 771 447 797 τῶν
478 768 611 807 ὀσπρίων,
640 766 703 794 οὐδὲ
728 767 829 797 πάντας
845 765 972 793 δύνασθαι

142 817 174 852 τῇ
192 817 245 842 τοῦ
261 815 344 851 ξηροῦ
359 812 440 852 ἄρτου
464 816 614 851 κεχρῆσθαι
635 813 734 851 τροφῇ·
758 811 802 839 καὶ
827 810 909 838 πάλιν
923 811 969 838 τὸν

145 858 191 895 μέν
220 869 287 897 φησι
312 857 360 885 δύο
386 857 481 896 λίτρας
503 857 622 884 ἐσθίοντα
646 855 728 894 ἄρτου
754 855 844 892 ἀκμὴν
865 858 970 891 πεινᾷν,

144 904 231 932 ἄλλον
249 902 279 931 δὲ
294 903 425 937 ἐσθίοντα,
444 902 547 940 λίτραν,
562 903 580 936 ἦ
646 901 755 939 οὖγγίας
779 900 969 939 χορτάζεσθαι.

144 952 228 976 Πᾶσιν
255 947 313 984 οὖν,
337 948 375 979 ὡς
400 945 516 985 ενρηται,
533 944 576 974 ἕνα
597 947 696 974 σκοπὸν
713 945 867 984 ἐγκρατείας
883 955 968 984 παρα-

143 992 290 1028 δεδώκασι,
307 993 338 1019 τὸ
367 992 404 1029 μὴ
430 992 580 1023 ἀπατᾶσθαι
603 990 736 1028 χορτασίᾳ
759 989 876 1026 κοιλίας,
899 988 970 1026 μηδὲ

142 1037 298 1073 ἐξὲλκεσθαι
313 1038 347 1073 τῇ
371 1039 419 1064 τοῦ
436 1035 569 1074 λάρυγγος
593 1033 692 1071 ἡδονῇ.
716 1033 786 1063 Οὐδὲ
809 1035 861 1072 γὰρ
876 1035 894 1069 ὴ
911 1033 969 1062 δια-

142 1083 215 1121 copi
226 1083 277 1117 τῆς
294 1081 440 1116 ποιότητος
459 1080 551 1117 μόνον,
577 1079 650 1107 ἀλλὰ
672 1079 717 1106 καὶ
739 1080 757 1114 ἡ
779 1079 899 1114 ποσότης
921 1081 970 1106 τοῦ

141 1126 270 1162 πλήθους
298 1128 353 1153 τῶν
379 1124 530 1163 βρωμάτων
561 1124 593 1151 τὰ
622 1124 806 1162 πεπυρωμένα
831 1123 898 1160 βέλη
919 1126 971 1158 τῆς

142 1170 279 1209 ἁμαρτίας
304 1169 396 1197 ε’ίωθεν
416 1169 560 1196 ἀνάπτειν·
583 1167 641 1199 θ’ίας
665 1168 715 1206 γὰρ
741 1166 842 1203 δήποτε
865 1170 971 1205 τροφῆς

140 1215 326 1253 πληρουμένη
352 1214 467 1253 γαστὴρ,
492 1212 606 1243 ἀσωτίας
631 1212 770 1250 σπέρματα
793 1212 894 1241 τίκτει.
919 1213 970 1240 Καὶ

141 1260 225 1288 πάλιν
243 1259 275 1287 οὐ
292 1259 374 1296 μόνον
397 1257 534 1296 κραιπάλη
557 1256 641 1290 οἴνου,
657 1256 730 1284 ἀλλά
753 1256 797 1284 καὶ
821 1255 970 1293 πλησμονή

140 1303 255 1338 ὕδατος,
284 1304 329 1331 καὶ
358 1306 451 1330 πασῶν
476 1304 582 1341 τροφῶν
614 1299 751 1339 ὑπερϐολὴ
778 1301 970 1339 κεκαρωμὲνην

141 1349 184 1376 καὶ
201 1348 385 1383 νυοτάζουσαν
409 1346 509 1381 ταύτην
533 1345 707 1374 ἀποτελοῦσι.
724 1348 785 1376 Τοῖς
807 1344 971 1382 Σοδομίταις

141 1394 189 1422 οὐκ
208 1391 286 1420 οἷ’νου
300 1392 345 1420 καὶ
371 1390 506 1430 διαφόρων
533 1391 686 1429 βρωμάτων
711 1390 849 1428 κραιπάλη
863 1413 870 1427 ,
889 1401 971 1417 κατα-

139 1441 264 1476 στροφῆς
278 1436 386 1474 γέγονεν
411 1434 494 1470 αἰτία,
519 1433 582 1461 ἀλλ’
608 1435 689 1472 ἄρτου
713 1433 878 1471 πλησμονὴ,
903 1434 972 1462 κατά

138 1483 184 1510 τὸν
216 1482 376 1520 προφήτην.
401 1480 432 1508 ἸΙ
458 1479 580 1507 ἀσθένεια
604 1481 651 1506 τοῦ
675 1478 800 1514 σώματος
825 1478 892 1515 πρὸς
919 1479 969 1513 τὴν

138 1527 317 1565 καθαρότητα
345 1528 393 1559 τῆς
421 1522 531 1561 καρδίας
556 1523 605 1550 οὐκ
627 1523 769 1550 ἀντίκειται
789 1524 899 1551 ,Ταῦτα
923 1521 968 1550 οὖν

139 1570 354 1610 παρασχόμενος
378 1569 418 1605 τῷ
443 1569 548 1605 σώματι
565 1567 581 1595 ἂ
595 1569 612 1603 ἡ
637 1567 754 1595 ἀσθένεια
777 1567 895 1601 ἀπαιτεῖ,
916 1567 969 1605 οὐχ

1020 275 1269 311 jejunium,atque
1285 275 1320 302 ad
1335 274 1491 310 puritatem
1506 274 1601 311 magis
1612 275 1847 311 conferre,quam
1868 272 1871 275 ’

1025 319 1048 347 si
1065 321 1100 348 ad
1116 322 1175 348 tres
1190 319 1235 347 vel
1259 321 1386 356 quatuor
1413 319 1485 355 dies,
1502 321 1552 347 aut
1571 320 1605 348 ad
1632 319 1848 347 hebdomadam

1026 372 1118 400 usque
1129 364 1276 400 jejunium
1294 364 1490 400 protrahatur.
1507 364 1597 392 Aiunt
1621 364 1699 391 enim
1717 371 1781 392 eum
1799 363 1850 399 qui

1025 409 1218 437 immoderate
1229 409 1377 445 jejunium
1393 409 1548 445 protrahit,
1573 409 1651 437 ultra
1678 417 1849 437 mensuram

1026 462 1102 490 saepe
1113 454 1176 482 cibo
1188 454 1249 487 uti;
1267 453 1308 481 ita
1319 457 1352 481 ut
1364 454 1430 482 hinc
1438 462 1515 490 saepe
1525 453 1636 482 accidat
1646 456 1678 481 ut
1688 454 1849 490 aliquando

1026 499 1145 534 quidem
1160 506 1195 526 ex
1210 498 1300 526 nimia
1315 498 1491 526 abstinentia
1512 499 1541 526 in
1556 498 1726 534 languorem
1741 507 1849 534 corpus

1026 543 1146 576 incidat,
1162 546 1190 571 et
1205 544 1241 571 ad
1270 543 1436 579 spiritualia
1465 543 1630 571 ministeria
1649 544 1767 580 segnius
1782 552 1848 571 eva-

1026 588 1099 622 dat;
1125 588 1281 624 aliquando
1304 590 1406 615 contra
1428 587 1616 616 multitudine
1641 588 1847 616 alimentorum

1026 635 1190 667 oneratum,
1210 633 1358 669 pigritiam
1384 632 1597 669 mollitiemque
1622 633 1711 661 animi
1727 633 1846 669 ingene-

1026 680 1079 706 ret.
1091 679 1217 706 Rursum
1230 686 1286 705 non
1300 677 1437 705 omnibus
1454 680 1617 714 competere
1626 677 1736 706 olerum
1750 686 1848 711 usum,

1027 731 1084 750 non
1101 722 1238 750 omnibus
1253 722 1323 750 item
1339 722 1597 758 leguminum,non
1615 731 1699 758 posse
1714 723 1850 750 omnibus

1026 767 1095 795 sicci
1112 767 1198 803 panis
1211 766 1387 795 alimentum
1412 767 1546 795 sufficere
1568 775 1574 794 :
1608 767 1677 795 item
1706 775 1770 795 esse
1799 768 1850 803 qui

1026 812 1211 840 manducetis
1236 812 1320 848 panis
1344 811 1459 839 duabus
1480 811 1564 839 libris
1588 811 1684 840 adhuc
1707 812 1849 846 esuriant,

1025 856 1097 885 alios
1125 856 1175 892 qui
1204 864 1263 884 una
1291 856 1376 891 libra,
1405 856 1464 884 imo
1493 864 1542 884 sex
1570 855 1666 885 unciis
1694 857 1849 885 satientur.

1025 901 1170 929 Omnibus
1185 901 1295 936 itaque,
1311 902 1344 929 ut
1365 900 1475 928 dictum
1491 902 1545 934 est,
1561 909 1652 929 unum
1669 901 1850 929 abstinentiae

1030 954 1150 982 scopum
1166 945 1361 980 tradiderunt,
1378 947 1410 972 ut
1425 953 1483 973 non
1499 945 1683 981 decipiantur
1697 947 1852 974 saturitate

1028 990 1148 1024 ventris,
1164 999 1259 1027 neque
1273 990 1429 1018 trahantur
1452 989 1527 1026 gulze
1550 990 1708 1027 voluptate.
1725 991 1786 1020 Non
1802 1000 1851 1019 so-

1025 1036 1087 1063 lum
1107 1035 1185 1063 enim
1212 1034 1363 1071 qualitatis
1379 1034 1552 1069 differentis,
1570 1036 1620 1064 sed
1637 1036 1726 1064 etiam
1743 1045 1850 1072 magna

1025 1080 1157 1109 ciborum
1186 1079 1345 1116 quantitas,
1373 1079 1466 1115 ignita
1492 1079 1602 1115 peccati
1630 1080 1687 1109 tela
1712 1080 1787 1109 solet
1801 1090 1849 1108 ac-

1025 1125 1157 1152 cendere.
1175 1124 1230 1160 (79)
1245 1124 1424 1158 Ouocunque
1438 1123 1513 1151 enim
1530 1124 1594 1152 cibo
1608 1127 1709 1153 venter
1729 1126 1851 1162 implea-

1027 1173 1081 1204 tur,
1098 1168 1233 1196 libidinis
1249 1168 1363 1196 semina
1389 1168 1493 1204 gignit.
1508 1169 1549 1196 Ac
1573 1178 1691 1198 rursum
1708 1179 1766 1198 non
1792 1171 1850 1199 vini

1026 1213 1121 1241 solum
1138 1212 1270 1249 crapula,
1286 1213 1335 1241 sed
1353 1212 1439 1240 etiam
1457 1221 1538 1249 aquas
1553 1210 1716 1250 plenitudo,
1733 1223 1766 1243 ac
1781 1224 1852 1251 quo-

1027 1258 1166 1286 rumlibet
1192 1257 1324 1285 ciborum
1341 1258 1546 1293 redundantia,
1571 1258 1721 1287 hominem
1746 1268 1850 1296 aggra—

1025 1305 1140 1334 \'ant,ae
1152 1304 1315 1339 torpentem
1328 1302 1595 1339 dormitantemque
1610 1304 1746 1332 reddunt.
1764 1304 1851 1332 Sodo-

1027 1346 1105 1375 mitis
1128 1355 1187 1375 non
1210 1346 1279 1380 vini,
1308 1355 1365 1374 non
1389 1346 1535 1374 variorum
1571 1347 1703 1375 ciborum
1733 1348 1853 1383 crapula

1026 1391 1224 1420 subversionis
1241 1398 1330 1419 causa
1354 1390 1418 1424 fuit,
1433 1391 1484 1419 sed
1500 1391 1584 1428 panis
1600 1391 1750 1426 saturitas,
1763 1391 1850 1427 juxta

1025 1436 1197 1473 prophetam
1209 1436 1300 1471 3“.(80)
1312 1435 1470 1463 Infirmitas
1481 1435 1610 1472 corporis
1621 1435 1742 1472 puritati
1754 1437 1849 1464 cordis

1027 1489 1084 1508 non
1109 1483 1268 1509 aversatur.
1285 1480 1325 1507 Ea
1344 1480 1443 1516 itaque
1458 1481 1570 1516 corpori
1588 1480 1701 1508 tribuas
1726 1489 1789 1517 quze
1805 1482 1849 1507 in-

1027 1525 1149 1553 firmitas
1178 1526 1242 1560 ejus
1257 1524 1396 1561 postulat,
1414 1533 1471 1553 non
1494 1533 1558 1561 quae
1581 1525 1717 1554 voluntas
1741 1527 1849 1561 expetit

1025 1570 1163 1599 Ciborum
1179 1578 1251 1597 usus
1265 1569 1421 1597 adhibetur
1432 1572 1577 1605 quantum
1593 1571 1628 1598 ad
1644 1570 1734 1599 vitam
1750 1571 1847 1598 foven-

139 1618 207 1653 ἄπερ
224 1617 242 1651 ἡ
258 1613 344 1650 ἠδονή
370 1614 454 1642 θέλει.
470 1616 499 1640 Ἡ
523 1615 576 1640 τῶν
604 1613 755 1650 βρωμάτων
783 1615 883 1650 χρῆσις
905 1611 967 1640 ὅσον

1027 1615 1092 1642 dam
1109 1614 1308 1642 necessarium
1319 1617 1374 1648 est,
1387 1622 1444 1641 non
1456 1616 1488 1642 ut
1503 1614 1626 1651 impetui
1641 1615 1849 1651 concupiscen-

141 1661 316 1697 ὑπουργῆσαι
340 1659 407 1695 πρὸς
430 1658 461 1684 τὸ
486 1659 533 1694 ζῇν
556 1654 808 1693 παραλαμϐάνεται,
825 1656 880 1694 οὐχ
907 1656 968 1684 ὅσον

140 1704 289 1733 δουλεῦσαι
305 1706 365 1735 ταῖς
391 1703 489 1741 ὁρμαῖς
514 1705 562 1736 τῆς
586 1700 741 1737 ἐπιθυμίας.
758 1701 788 1727 ’Π
814 1700 970 1739 σύμμετρος

140 1750 182 1777 καὶ
201 1749 276 1786 μετὰ
301 1748 385 1786 λόγο)
414 1749 467 1774 τῶν
496 1748 602 1785 τροφῶν
633 1744 785 1783 μετάληψις
813 1749 863 1780 τῆς
884 1745 971 1782 ὑγείας

141 1793 280 1834 φροντίζει
296 1795 344 1820 τοῦ
361 1792 498 1828 σώματος,
515 1790 546 1818 οὐ
561 1791 610 1825 τὴν
627 1790 778 1827 ἁγιωσύνην
806 1789 970 1829 ἀφαιρεῖται.

140 1833 226 1877 Ὅρος
242 1837 399 1876 ἐγκρατείας
423 1836 467 1863 καὶ
492 1835 579 1862 κανὼν
604 1833 824 1872 παραδεδομένος
851 1834 902 1861 ὑπὸ
916 1837 969 1862 τῶν

144 1883 226 1921 ἁγίων
258 1881 382 1918 [Ιατὲρων
409 1877 524 1917 ἀκριϐὴς
550 1879 627 1910 οὗτός
652 1878 718 1914 ἐστι,
733 1878 765 1906 τὸ
781 1878 819 1906 ἔτι
844 1880 893 1914 τῆς
911 1879 971 1917 ὀρέ-

143 1928 208 1962 ξεως
225 1926 398 1964 ἐγκειμένης,
412 1928 462 1959 τῆς
478 1927 581 1962 τροωῆς
598 1923 745 1961 ἀπέχεσθαι
768 1923 814 1950 τὸν
838 1922 970 1955 ἐσθίοντα.

143 1972 194 1999 Καὶ
210 1973 225 1999 ὁ
244 1969 417 2001 ’Δπὸστολος
444 1967 473 1996 δὲ
497 1968 591 1996 εἰπών·
610 1979 624 1994 «
639 1970 692 2002 Τῆς
718 1968 816 2005 σαρκὸς
840 1967 970 2003 πρόνοιαν

145 2017 183 2052 μή
204 2018 332 2046 ποιεῖσθε
347 2014 384 2045 εἰς
413 2012 567 2050 ἐπιθυμίαν,
584 2024 599 2038 ››
613 2012 643 2039 οὐ
671 2012 720 2046 τὴν
751 2012 896 2050 ἀναγκαίαν
921 2016 971 2047 τῆς

145 2063 218 2095 ζωῆς
234 2056 397 2096 κυϐέρνησιν
411 2057 556 2093 ἐκώλυσεν,
573 2055 646 2084 ἀλλά
669 2057 718 2090 τήν
745 2055 894 2096 φιλήδονον
912 2057 971 2084 ἔπι-

146 2104 259 2141 μέλειαν
285 2102 479 2141 ἀπηγόρευσεν.
510 2100 622 2132 Ἀλλως
650 2111 678 2128 τε
693 2100 737 2128 καὶ
766 2101 834 2139 πρὸς
857 2100 972 2139 καθαρό-

143 2159 215 2184 τητα
233 2147 341 2176 τελείαν
356 2148 406 2179 τῆς
430 2148 521 2184 ψυχῆς
546 2145 614 2183 μόνη
630 2147 648 2181 ἡ
664 2146 758 2183 ἀποχὴ
783 2148 837 2173 τῶν
857 2146 973 2184 βρωμά-

143 2204 198 2221 των
217 2193 269 2221 οὐκ
283 2192 385 2230 ἰσχύει,
402 2191 425 2218 si
442 2191 480 2228 μή
505 2191 549 2218 καὶ
573 2191 599 2218 αἱ
624 2190 720 2218 λοιπαὶ
743 2190 835 2228 ἀρεταὶ
859 2189 972 2228 συνδρά-

147 2249 231 2275 μωσι.
256 2238 405 2275 Τοιγαροῦν
427 2237 445 2271 ἡ
471 2235 629 2266 ταπείνωσις
654 2233 698 2262 διὰ
719 2238 768 2270 τῆς
791 2236 911 2270 ὑπακοῆς
926 2237 974 2263 τοῦ

145 2282 230 2321 ἔργου
245 2282 291 2309 καὶ
320 2284 371 2316 τῆς
399 2282 447 2308 τοῦ
475 2280 602 2317 σώματος
629 2280 852 2315 καταπονήσεως,
868 2279 974 2318 μεγάλα

145 2328 215 2363 ἡμῖν
232 2324 430 2363 συμϐάλλεται.
446 2327 476 2352 'Il
492 2325 585 2362 ἀποχή
601 2325 650 2359 τῆς
672 2324 854 2363 φιλαργυρίας
878 2324 908 2352 οὐ
927 2324 976 2362 μό-

146 2382 192 2399 νον
208 2372 241 2399 τὸ
259 2371 297 2408 μή
318 2369 391 2408 ἔχειν
417 2370 558 2408 χρήματα,
582 2368 654 2396 ἀΛλά
676 2367 747 2405 μηδὲ
768 2368 906 2406 ἐπιθυμεῖν
931 2380 976 2397 κε-

146 2418 275 2451 κτῆσθαι.
308 2416 380 2453 Πρὸς
409 2414 581 2452 καθαρότητα
609 2414 658 2449 τὴν
684 2415 776 2452 ψυχὴν
806 2413 904 2452 ὁδηγεῖ
925 2417 975 2448 τῆς

148 2461 234 2500 ὀργῆς
250 2462 268 2496 ἡ
284 2461 391 2498 ἀποχὴ,
406 2463 456 2495 τῆς
472 2458 570 2494 λύπης,
588 2462 636 2494 τῆν
653 2458 815 2495 κενοδοξίας,
829 2463 879 2494 τῆς
896 2460 976 2497 ὑπερ-

148 2506 275 2545 ηιξανίας.
305 2507 393 2532 Ταῦτα
420 2504 505 2532 πάντα
543 2505 593 2539 τήν
620 2503 770 2539 καθολικὴν
805 2507 854 2539 τῆς
883 2506 975 2542 ψυχῆς

148 2550 324 2588 καθαρότητα
353 2550 551 2588 ἀπεργάζεται.
582 2549 639 2583 Τὴν
670 2547 698 2575 δὲ
727 2547 771 2575 ’διὰ
800 2548 976 2588 σωφροσύνης

150 2595 267 2634 μερικὴν
287 2598 338 2630 τῆς
363 2596 455 2632 ψυχῆς
476 2593 648 2631 καθαρότητα
672 2592 812 2631 ἐξαιρέτως
837 2593 977 2632 ἐγκράτεια

185 2696 211 2714 ³³
227 2694 331 2725 Ezecb.
344 2702 402 2729 xw,
417 2693 462 2722 49.
501 2692 524 2711 ³⁸
538 2692 621 2722 Rom.
632 2701 695 2728 xm,
711 2693 756 2722 14.

187 2802 248 2839 (‘79)
263 2801 526 2839 Cassiantlnsmm.
541 2800 594 2829 lib.
610 2809 638 2837 ν,
654 2808 680 2829 ο.
693 2801 721 2828 6.

188 2839 250 2873 (80)
263 2839 334 2866 Ibid.
351 2846 376 2865 c.
391 2838 419 2865 7.

296 2903 431 2935 Pnaoc.
455 2902 510 2934 Gs.
531 2901 672 2933 XXVIII.

1025 1659 1072 1687 tiae
1088 1659 1241 1687 serviatur.
1255 1659 1405 1686 Moderata
1414 1661 1443 1686 et
1455 1659 1637 1687 rationabilis
1653 1660 1709 1687 cibi
1720 1661 1850 1696 sumptio

1026 1704 1180 1732 sanitatem
1198 1703 1328 1739 corporis
1347 1703 1493 1737 conciliat,
1519 1712 1571 1732 nec
1587 1705 1772 1733 sanctitatem
1798 1714 1850 1732 au-

1026 1748 1090 1776 fert.
1100 1748 1156 1784 (81)
1168 1748 1233 1776 Ηωο
1245 1755 1347 1776 norma
1364 1750 1391 1775 et
1402 1748 1504 1784 regula
1514 1751 1559 1777 est
1569 1748 1752 1777 abstinentia:
1764 1758 1811 1777 acc
1818 1759 1849 1776 u-

1026 1795 1099 1826 rata,
1116 1802 1133 1820 a
1153 1792 1262 1821 sanctis
1277 1792 1413 1820 Patribus
1428 1793 1546 1829 tradita,
1562 1796 1595 1821 ut
1610 1793 1737 1821 instante
1753 1794 1849 1821 adhuc

1026 1838 1169 1874 appetitu,
1181 1837 1236 1865 cibi
1252 1837 1387 1865 sumendi
1404 1837 1492 1865 ﬁnem
1508 1838 1596 1865 faciet
1610 1838 1659 1873 qui
1676 1838 1850 1866 comedit.Et

1026 1882 1184 1918 Apostolus
1198 1882 1268 1909 dum
1285 1882 1323 1909 ait
1339 1887 1347 1908 :
1366 1893 1379 1906 «
1397 1881 1498 1909 Carnis
1510 1890 1611 1909 curam
1627 1890 1663 1910 ne
1678 1882 1803 1910 feceritis
1820 1883 1848 1909 in

1026 1926 1170 1955 desiderio
1185 1927 1227 1961 3°;
1243 1938 1258 1951 υ
1275 1934 1331 1953 non
1348 1926 1424 1953 818
1449 1925 1675 1954 sollicitudinem
1706 1926 1770 1953 vitae
1800 1935 1849 1954 ne-

1027 1972 1183 2000 cessariam
1199 1970 1359 2007 prohibuit,
1370 1970 1419 1998 sed
1436 1979 1536 1998 curam
1552 1970 1643 1999 vetuit
1658 1971 1784 1999 fovendae
1801 1980 1848 1999 vo-

1026 2016 1157 2052 luptatis.
1172 2015 1229 2051 (82)
1244 2017 1384 2043 Ceterum
1400 2015 1436 2043 ad
1453 2016 1610 2051 perfectam
1626 2015 1730 2043 anima:
1742 2016 1849 2052 purita-

1028 2064 1096 2096 tem,
1122 2060 1185 2088 sola
1211 2060 1342 2088 ciborum
1364 2060 1543 2088 abstinentia
1566 2069 1623 2088 non
1646 2060 1764 2095 sufﬁcit,
1793 2061 1850 2089 nisi

1027 2106 1202 2134 concurrant
1212 2107 1319 2132 caeteras
1336 2104 1467 2139 virtutes.
1492 2105 1652 2133 Humilitas
1674 2105 1774 2141 itaque
1800 2114 1850 2141 per

1027 2149 1223 2178 obedientiam
1241 2149 1269 2176 in
1285 2157 1381 2186 opere,
1398 2151 1426 2177 et
1442 2157 1493 2186 per
1508 2149 1695 2177 afﬂictionem
1720 2150 1850 2186 corporis

1029 2203 1136 2231 magna
1151 2194 1236 2222 nobis
1251 2194 1363 2222 confert
1376 2194 1463 2222 bona.
1482 2193 1556 2222 Illud
1582 2196 1627 2222 est
1650 2194 1779 2222 avaritias
1802 2203 1849 2222 ex-

1030 2242 1141 2276 pertem
1156 2247 1230 2273 esse,
1247 2247 1303 2266 non
1321 2239 1407 2267 modo
1420 2238 1560 2275 pecunias
1586 2247 1642 2267 non
1666 2239 1784 2273 habere,
1801 2240 1851 2267 sed

990 2295 1013 2328 D
1030 2291 1066 2310 ne
1094 2282 1299 2318 concupiscere
1328 2281 1446 2317 quidem
1474 2281 1592 2309 illarum
1622 2282 1850 2318 possessionem.

1031 2327 1165 2355 Animam
1178 2327 1213 2354 ad
1230 2326 1386 2363 puritatem
1403 2326 1522 2354 adducit
1534 2326 1673 2354 cohibitio
1689 2326 1749 2360 iraa,
1761 2327 1852 2354 tristi-

1030 2372 1087 2406 tiae,
1103 2380 1182 2399 vente
1197 2371 1306 2408 gloriae,
1323 2371 1475 2407 superbiai.
1493 2371 1557 2399 Haec
1572 2371 1672 2398 omnia
1687 2371 1853 2399 universam

1031 2416 1136 2445 anima:
1151 2416 1307 2452 puritatem
1323 2415 1465 2444 efficiunt.
1482 2415 1640 2443 Puritatem
1659 2418 1757 2444 autem
1772 2416 1853 2443 illam

1032 2461 1135 2489 anima:
1151 2460 1338 2496 peculiarem,
1355 2468 1419 2496 qum
1434 2468 1484 2496 per
1500 2460 1723 2496 temperantiam
1739 2460 1854 2489 obtine-

1032 2508 1090 2539 tur,
1114 2504 1291 2532 abstinentia
1312 2504 1342 2532 in
1367 2504 1472 2540 primis
1496 2506 1525 2531 et
1544 2504 1693 2540 jejunium
1713 2505 1853 2533 efﬁciunt.

1033 2549 1217 2586 Iinpossibile
1241 2548 1351 2585 quippe
1375 2551 1420 2576 est
1435 2557 1501 2576 eum
1519 2549 1568 2585 qui
1588 2552 1671 2577 satur
1685 2551 1785 2577 ventre
1799 2551 1854 2583 est,

1032 2594 1130 2623 animo
1152 2594 1299 2622 decertare
1321 2594 1462 2622 adversus
1484 2594 1619 2630 spiritum
1646 2593 1855 2623 fornicationis.

1072 2800 1127 2838 (ει)
1144 2800 1217 2838 Ibid.
1230 2808 1255 2828 ο.
1271 2801 1298 2838 8.

1072 2838 1127 2872 (se)
1146 2837 1216 2864 Ibid.
1234 2844 1259 2864 ο.
1276 2837 1304 2862 9.

1681 2899 1720 2930 28
