4102 6218
12 106 59 405 ἓ

50 106 113 145 ’ΐέ

50 168 111 235 Ξῖ

50 240 81 301 ξε
96 238 113 283 ᾇ

74 290 81 303 ,
96 290 113 305 ,η

50 310 113 365 γ’ὋΙ

50 396 57 405 .
72 376 105 399 v“

50 428 63 461 .-
84 438 113 465 ﬂ

50 472 81 519 ζ’,
96 490 113 519 ἰ

52 566 81 591 Ι

50 612 79 647 ,ξ

46 728 79 759 8’

104 668 123 711 ὃ

72 728 107 747 ΪΧ

72 750 111 795 ις.

12 930 49 949 ι

12 958 41 997 Ε
78 992 85 1001 .

12 1002 77 1031 ἠῖέι

40 1044 89 1065 .ν‹

12 1038 89 1185 ίςλ

12 1188 83 1355 ἓν

12 1358 81 1409 ξ’.-.

58 992 85 1019 II.

58 1044 91 1065 ,.

70 1080 79 1087 .

58 1114 89 1177 ξ’

58 1200 87 1215 ,V‘“

60 1220 87 1249 γὲ

58 1272 83 1287 ,ι

106 1122 129 1135 σε

108 1148 131 1169 ὀ

126 1172 133 1179 ο

118 1350 127 1357 ι

112 1390 121 1401 1

12 1804 51 1961 ἱ

12 1966 55 2381 ἓξ

12 2728 51 2963 ἒ

12 2980 35 3077 ἱ,

12 3116 31 3147 ς

56 1454 63 1461 Α

58 1524 67 1533 ρ

74 1566 79 1573 ν

56 1618 85 1631 δι’

56 1716 91 1733 ,-

84 1874 89 1885 Ι

66 1974 91 1987 γε

78 2000 85 2007 μ

60 2010 87 2035 ’λ

62 2110 101 2119 ιγ

66 2276 95 2291 κ

90 2362 99 2371 ι

58 2460 101 2469 ,.

58 2628 75 2653 δ’

82 2690 103 2719 ,λ

60 2760 73 2773 ο

58 3186 89 3197 η.

102 1552 123 1563 μ.

114 1684 127 1699 ς,

128 1860 135 1867 .

134 2294 141 2301 .

122 2534 131 2541 .

130 2610 137 2623 ν

102 2688 121 2711 ,Δ

124 3236 131 3243 ι

14 3308 27 3333 :

14 3352 25 3361 .

14 3366 29 3415 ΓΔ

14 3430 35 3461 ὣ

16 3548 21 3557 .

106 702 115 711 .

98 740 107 747 .

98 756 103 763 .

102 778 111 787 .

98 808 123 831 Ι.

98 838 111 851 1

110 936 123 971 λέ

98 1046 105 1053 .

106 1122 123 1135 ἡ

98 1160 117 1169 η.

122 926 125 933 ι

122 1128 129 1135 .

122 1148 131 1159 ο

152 816 159 829 )

214 1090 227 1099 Α

230 4 277 19 (ν’
770 4 771 7 ‘

256 4 751 101 Μ.
740 12 771 71 ,ξ

140 82 193 103 Δρ·
234 68 263 81 "
290 92 321 99 κ.
376 76 475 99 ¹.“.ι-”
714 80 771 101 etv-

46 100 143 125 γυνθ
174 92 245 123 ﬂ"
294 80 371 133 -ιβ
450 108 479 125 μ·
542 104 551 113 λ
596 98 635 117 -“
700 102 749 121 ιο

72 120 147 159 ἔθ’
172 128 205 155 ..ἒ
234 154 237 159 ,
380 136 387 145 ⁸
408 138 415 143 ·
522 130 549 153 γ’·
564 130 579 155 1'
596 142 603 143 ί
682 126 693 141 ⁵
742 132 751 139 ”

90 194 111 201 -
168 164 189 191 ιι
608 184 611 185 ν
706 166 713 201 ἱ

50 222 61 229 ι
92 206 107 217 ς
382 212 421 223 ν“
530 220 535 225 ~

102 238 107 241 .
128 230 137 243 ρ
158 232 167 237 -

12 266 35 301 ι
76 246 129 283 ,Α
650 264 655 277 ι

74 290 81 301 Ι
112 290 117 299 ι

316 302 438 403 s75

1489 340 1551 399 S.
1601 337 2127 398 ATHANASIUS.
2152 369 2231 382 —
2264 337 2573 401 SPURIA.

3625 349 3744 411 876

321 472 435 546 (83)
452 470 721 530 Primum
741 470 940 543 itaque
962 470 1130 526 nobis
1152 472 1230 526 sit
1247 474 1638 537 certamen,ut
1660 470 1843 525 ventri
1864 470 1972 523 im—

2091 468 2178 521 καὶ
2238 470 2456 539 νηστεία
2517 477 2796 546 κατορθοῖ.
2860 470 3146 529 ’Δόύνατον
3201 476 3301 551 γὰρ
3357 477 3447 532 τὸν
3499 480 3597 547 τήν
3650 502 3743 554 γαρ

322 558 616 635 peremus,
638 576 972 634 corpusque
993 560 1051 614 in
1076 560 1416 616 servitutem
1440 560 1835 615 deducamus:
1861 575 1976 614 non

325 650 498 707 modo
519 649 1061 723 perjejunium,sed
1084 652 1263 705 etiam
1287 666 1388 721 per
1411 647 1662 722 vigilias,
1695 647 1975 716 laborem,

322 738 656 810 lectionem,
681 740 819 795 item
843 739 1038 794 animo
1079 739 1457 810 concipiendo
1497 739 1776 811 gehennae
1798 737 1976 792 timo-

323 843 469 900 rem,
501 832 560 884 et
588 827 943 885 desiderium
972 829 1136 902 regni
1178 828 1479 885 caelorum.

2090 557 2249 629 στέρα
2326 559 2714 635 κεκορεσμένον
2798 560 3112 635 πολεμῆσαι
3170 565 3306 619 κατά
3371 562 3609 621 διάνοιαν
3663 573 3743 642 τῷ

2087 645 2353 719 πνεύματι
2382 651 2481 712 τῆς
2517 649 2791 720 πορνείας.
2844 656 3138 728 Τοιγαροῦν
3189 658 3408 730 πρῶτος
3440 652 3575 710 ἔστω
3605 659 3739 729 ἡμῖν

2089 734 2230 809 ἀγὼν
2261 737 2323 791 τὸ
2353 742 2567 812 κρατεῖν
2612 740 2866 815 γαστρὸς,
2913 741 3001 795 καὶ
3048 739 3421 819 δουλαγωγεῖν
3467 746 3528 800 τὸ
3560 750 3739 818 σῶμα,

2089 822 2149 878 ού
2184 820 2346 898 μόνον
2380 823 2469 880 διὰ
2507 826 2779 899 νηστείας,
2829 827 2971 884 ἀλλά
3020 832 3110 885 καὶ
3161 828 3233 885 δι’
3281 831 3598 909 ἀγρυπνίας,
3646 835 3739 889 καὶ

328 914 524 989 κόπου,
580 916 670 971 καὶ
730 917 1105 991 ἀναγνώσεως,
1160 917 1249 971 καὶ
1306 920 1401 970 τοῦ
1460 918 1701 991 συνάγειν
1760 916 1860 985 τὴν
1918 910 2141 986 καρδίαν
2202 913 2279 975 εἰς
2331 915 2421 969 τὸν
2483 911 2650 993 φόϐον
2709 922 2812 983 τῆς
2871 920 3110 992 γεέννης,
3172 921 3259 975 καὶ
3321 922 3397 984 εἷς
3449 924 3541 978 τὸν
3574 924 3741 982 πόθον

320 1008 420 1073 τῆς
452 1002 730 1082 βασιλείας
759 1012 863 1060 τῶν
898 1006 1159 1082 οὐρανῶν.

389 1098 445 1153 2.
478 1098 590 1169 (84)
639 1099 973 1154 Secundum
1025 1098 1194 1153 nobis
1244 1101 1331 1153 est
1368 1102 1664 1153 certamen
1696 1097 1978 1152 adversus

323 1186 599 1261 spiritum
636 1187 1042 1244 fornicationis
1091 1192 1148 1243 et
1196 1187 1729 1259 concupiscentiam
1760 1185 1975 1253 carnis,

322 1294 451 1350 qum
498 1277 975 1349 concupiscentia
1022 1295 1055 1332 a
1101 1277 1377 1349 primaeva
1428 1281 1593 1332 aetate
1643 1275 1976 1332 molestiam

320 1365 547 1423 homini
577 1383 770 1422 creare
800 1366 1025 1439 incipit.
1060 1367 1338 1439 Magnum
1370 1365 1515 1421 illud
1548 1380 1840 1437 graveque
1861 1379 1977 1419 cer-

320 1458 538 1525 tamen,
573 1453 791 1527 duplici
833 1461 1112 1512 constans
1164 1455 1358 1522 lucta;
1394 1454 1607 1527 duplex
1659 1454 1816 1511 enim
1866 1456 1973 1521 est,

322 1559 458 1601 cum
488 1543 549 1600 in
581 1560 820 1617 corpore
851 1549 908 1601 et
938 1546 998 1600 in
1031 1544 1229 1601 anima
1260 1545 1682 1601 committatur.
1717 1543 1978 1614 Quapro-

322 1637 454 1706 pter
483 1632 704 1707 duplici
736 1638 964 1706 oportet
993 1651 1128 1690 cum
1160 1634 1260 1689 illa
1289 1650 1488 1706 pugna
1518 1633 1848 1706 conﬂigere.
1873 1631 1979 1687 Ne-

325 1738 436 1794 que
463 1723 619 1780 enim
653 1722 953 1795 corporale
970 1723 1266 1795 jejunium
1300 1723 1444 1778 satis
1477 1727 1565 1779 est
1606 1722 1677 1778 ad
1713 1721 1976 1793 perfectae.

324 1813 722 1884 temperantiae
742 1814 1175 1884 possessionem
1208 1817 1264 1868 et
1293 1813 1364 1868 ad
1396 1828 1592 1867 veram
1625 1810 1975 1879 castitatem,

328 1900 443 1958 nisi
474 1901 629 1958 adsit
657 1902 844 1957 oratio
877 1902 949 1957 ad
997 1902 1181 1957 Deum
1234 1902 1493 1968 assidua,
1528 1901 1799 1971 frequens
1831 1897 1975 1954 divi-

2156 1096 2212 1148 2.
2245 1092 2500 1164 Δεύτερός
2542 1093 2681 1149 ἐστιν
2726 1098 2859 1167 ἡμῖν
2908 1098 3056 1172 ἀγὼν
3102 1099 3237 1153 κατά
3292 1105 3388 1155 τοῦ
3440 1102 3742 1174 πνεύματος

2085 1186 2186 1249 τῆς
2232 1182 2481 1257 πορνείας
2531 1183 2619 1237 καὶ
2676 1191 2777 1253 τῆς
2837 1183 3121 1259 ἐπιθυμίας
3175 1190 3274 1253 τῆς
3334 1190 3552 1262 σαρκὸς,
3612 1190 3736 1260 ἥτις

2088 1268 2347 1343 ἐπιθυμία
2402 1272 2506 1326 ἀπὸ
2554 1274 2777 1346 πρώτης
2825 1272 3046 1343 ἡλικίας
3099 1277 3324 1353 ἄρχεται
3375 1279 3742 1355 παρενοχλεῖν

2086 1364 2163 1430 τῷ
2193 1360 2483 1435 ἀνθρώπῳ.
2535 1361 2714 1437 Μέγας
2761 1363 2924 1426 οὗτος
2956 1366 2983 1419 ὁ
3017 1364 3157 1441 ἀγὼν
3204 1366 3293 1421 καὶ
3346 1367 3613 1443 χαλεπὸς,
3648 1370 3743 1423 καὶ

2089 1445 2289 1518 διπλῆν
2324 1446 2466 1525 ἔχων
2499 1452 2597 1519 τὴν
2632 1451 2835 1522 πάληψ
2870 1448 3008 1508 διότι
3044 1452 3198 1516 οὗτος
3221 1452 3454 1519 διπλοῦς
3476 1459 3738 1528 καθέστη-

2085 1559 2192 1606 κεν,
2225 1537 2276 1592 ἐν
2301 1537 2369 1613 τῇ
2401 1542 2554 1614 ψυχῇ
2585 1540 2675 1593 καί
2720 1540 2771 1595 ἐν
2825 1546 2903 1613 τῷ
2954 1544 3167 1615 σώματι
3198 1547 3603 1618 συνιστάμενος.
3641 1549 3742 1602 Καὶ

2085 1626 2279 1681 τούτου
2309 1628 2472 1704 χάριν
2519 1625 2721 1699 διπλῆν
2767 1632 2879 1706 χρὴ
2931 1634 3048 1687 κατ’
3094 1633 3259 1688 αὐτοῦ
3302 1634 3392 1689 καὶ
3425 1636 3523 1704 τήν
3552 1636 3738 1708 πάλην

2087 1713 2454 1787 ἀναδέξασθαι.
2487 1718 2624 1775 Οῦτε
2672 1719 2775 1795 γὰρ
2825 1721 2983 1790 ἱκανή
3032 1722 3265 1798 ὑπάρχει
3320 1724 3459 1796 μόνη
3493 1727 3526 1793 ἡ
3558 1747 3743 1798 σωμα-

2084 1807 2208 1874 τικὴ
2242 1807 2455 1875 νηστεία
2511 1809 2647 1882 πρὸς
2708 1816 2895 1879 κτῆσιν
2952 1818 3053 1880 τῆς
3098 1811 3310 1874 τελείας
3360 1817 3740 1891 σωφροσύνης,

2086 1894 2174 1947 καὶ
2207 1892 2446 1965 ἀληθοῦς
2478 1896 2709 1971 ἁγνείας,
2742 1898 2787 1952 εί
2823 1900 2899 1970 μή
2932 1899 3021 1954 καὶ
3069 1900 3205 1975 εύγὴ
3242 1901 3381 1977 πρὸς
3427 1904 3552 1957 Θεὸν
3587 1904 3741 1959 ἐκτε-

329 2006 538 2046 narum
570 1990 1005 2062 Scripturarum
1037 1990 1363 2055 meditatio,
1394 1989 1559 2045 labor
1588 1994 1644 2044 et
1675 2005 1822 2060 opus
1853 2003 1977 2043 ma-

2089 1983 2204 2053 νὴς,
2254 1983 2341 2038 καὶ
2392 1985 2546 2052 κοινὴ
2596 1990 2701 2039 τῶν
2752 1987 2907 2040 θείων
2960 1994 3184 2066 Γραφῶν
3231 1988 3457 2063 μελέτη,
3505 1992 3594 2046 καὶ
3642 1994 3741 2047 κά-

330 2097 537 2150 nuum,
561 2098 686 2152 qua:
716 2081 1019 2138 instabiles
1052 2082 1258 2138 animae
1289 2081 1545 2152 impetus
1594 2079 1980 2150 comprimere

330 2175 598 2243 possunt,
618 2176 795 2243 atque
826 2171 988 2227 illam
1018 2188 1085 2227 ex
1116 2170 1385 2226 obscenis
1416 2167 1868 2240 cogitationibus
1890 2182 1978 2222 re-

331 2276 555 2316 vocare.
594 2261 667 2315 Ad
700 2261 756 2315 id
788 2261 1111 2333 praisertim
1144 2260 1368 2315 confert
1398 2259 1605 2313 anima:
1651 2255 1978 2325 humilitas,

330 2348 479 2405 citra
504 2366 678 2421 quam
711 2367 816 2405 nec
848 2349 1314 2415 fornicationem,
1350 2364 1456 2403 nec
1489 2352 1723 2402 caeteras
1755 2345 1980 2417 passio-

332 2453 438 2495 nes
466 2438 681 2495 valebit
710 2439 1003 2512 quispiam
1037 2438 1452 2509 superare.(85)
1481 2435 1838 2508 Cumprimis
1869 2434 1980 2488 ita-

333 2542 447 2599 que
503 2532 730 2600 oportet
760 2528 919 2583 omni
952 2526 1219 2583 custodia
1249 2543 1348 2581 cor
1389 2541 1617 2582 servare
1661 2542 1694 2579 a
1725 2522 1980 2580 sordidis

332 2617 786 2690 cogitationibus
817 2619 881 2673 ‘0.
932 2618 1013 2671 Ex
1059 2634 1126 2672 eo
1173 2633 1426 2688 namque
1475 2614 1982 2687 prodeunt,juxta

334 2705 567 2762 Domini
597 2722 818 2773 vocem,
870 2706 1257 2776 cogitationes
1297 2704 1484 2769 malae,
1518 2704 1720 2769 credes,
1754 2702 1979 2757 adulte-

337 2794 444 2864 ria,
476 2796 861 2851 scortationes
891 2801 947 2851 et
977 2801 1183 2851 caetera
1204 2797 1269 2848 ίί.
1289 2792 1586 2865 Jejunium
1615 2792 1832 2865 quippe
1866 2806 1980 2845 non

336 2885 509 2941 modo
541 2885 611 2940 ad
635 2885 1008 2941 afﬂictionem
1037 2884 1294 2956 corporis
1317 2883 1650 2954 injunctum
1684 2881 1851 2937 nobis
1871 2883 1980 2950 est,

335 2974 436 3029 sed
468 2974 644 3029 etiam
677 2975 748 3029 ad
794 2973 1243 3047 temperantiam
1296 2973 1531 3039 mentis,
1575 2988 1665 3039 ne,
1717 2970 1982 3025 ciborum

338 3061 715 3118 multitudine
745 3064 1142 3131 obtenebrata,
1168 3078 1281 3117 non
1314 3062 1501 3133 possit
1531 3075 1731 3116 cavere
1762 3077 1796 3115 a
1825 3058 1982 3130 cogi-

335 3150 679 3207 tationibus.
714 3156 949 3222 Oportet
977 3152 1156 3225 igitur
1203 3168 1316 3206 non
1368 3149 1555 3206 solum
1598 3148 1825 3220 jejunio
1857 3164 1984 3205 cor-

337 3239 524 3312 porali
556 3257 787 3296 omnem
822 3258 1022 3296 curam
1054 3241 1411 3312 impendere,
1454 3239 1553 3295 sed
1588 3239 1760 3294 etiam
1796 3241 1984 3292 atten-

2093 2092 2260 2144 ματος
2288 2072 2376 2126 καὶ
2427 2071 2581 2148 ἔργον
2629 2081 2853 2149 χειρῶν,
2889 2078 3022 2153 ἅπερ
3056 2076 3308 2134 δύνανται
3351 2081 3444 2143 τὰς
3480 2082 3739 2145 αστάτους

2090 2159 2265 2232 ὁρμὰς
2313 2163 2411 2229 τῆς
2451 2165 2634 2236 ψυχῆς
2688 2163 3022 2238 συστέλλειν,
3077 2168 3165 2220 καὶ
3224 2169 3284 2222 ἐκ
3336 2174 3444 2223 τῶν
3492 2170 3736 2245 αἰσχρῶν

2090 2254 2394 2327 φαντασιῶν
2425 2250 2807 2317 ἀνακαλεῖσθαι
2851 2252 3052 2325 αύττξν·
3104 2256 3210 2330 πρὸ
3257 2254 3314 2311 δέ
3359 2260 3573 2313 πάντων
3606 2280 3741 2331 συμ-

2092 2332 2355 2393 ϐάλλεται
2385 2339 2706 2402 ταπείνωσις
2737 2342 2940 2417 ψυχῆς,
2971 2346 3035 2412 ἧς
3070 2345 3244 2420 χωρὶς
3297 2344 3421 2401 οὐδὲ
3465 2348 3738 2422 πορνείας,

2093 2424 2218 2481 οὐδὲ
2266 2432 2369 2482 τῶν
2405 2428 2588 2484 ἄλλων
2647 2432 2830 2485 παθῶν
2890 2429 3173 2502 δυνήσεταί
3230 2455 3311 2495 τις
3342 2439 3737 2511 περιγενέσθαι.

2094 2517 2526 2592 Προηγουμένως
2568 2519 2751 2573 τοίνυν
2798 2521 2911 2596 χρή
2964 2523 3108 2596 πάσῃ
3152 2522 3366 2600 φυλακῇ
3417 2532 3603 2599 τηρεῖν
3636 2527 3734 2595 τήν

2089 2602 2311 2678 καρδίαν
2344 2607 2449 2660 ἀπὸ
2481 2606 2759 2683 λογισμῶν
2794 2608 3068 2685 ῥυπαρῶν.
3101 2612 3194 2665 Ἐκ
3233 2613 3335 2686 γάρ
3379 2614 3582 2683 ταύτης
3610 2635 3740 2691 προ-

2092 2693 2422 2769 εξέρχονται,
2452 2698 2587 2750 κατὰ
2618 2698 2715 2766 τὴν
2763 2702 2860 2752 τοῦ
2909 2699 3105 2771 Κυρίου
3150 2701 3354 2777 φωνην,
3387 2699 3739 2779 διαλογισμοὶ

2091 2785 2347 2859 πονηροὶ,
2383 2784 2560 2860 φόνοι,
2599 2791 2866 2860 μοιχεῖαι,
2898 2794 3165 2861 πορνεῖαι,
3198 2789 3286 2843 καὶ
3317 2790 3382 2843 τά
3415 2788 3604 2847 λοιπά.
3642 2793 3737 2846 Καὶ

2092 2871 2193 2948 γάρ
2225 2874 2259 2941 ἠ
2291 2872 2512 2943 νηστεία
2542 2873 2601 2927 ού
2638 2875 2801 2946 μόνον
2848 2876 2983 2948 πρὸς
3029 2876 3328 2953 κακουχίαν
3357 2883 3453 2932 τοῦ
3488 2879 3740 2951 σώματος

2092 2964 2227 3033 ἡμῖν
2260 2963 2671 3036 προστέτακται,
2705 2961 2849 3019 ἀλλά
2879 2965 2969 3019 καὶ
3000 2966 3134 3040 πρὸς
3163 2969 3320 3039 νῆψιν
3352 2971 3450 3021 τοῦ
3479 2969 3621 3040 νοὸς,
3650 2966 3743 3023 ’ίνα

2097 3052 2197 3124 μή,
2228 3054 2307 3123 τῷ
2337 3048 2536 3121 πλήθει
2567 3057 2670 3106 τῶν
2708 3053 3013 3128 βρωμάτων
3065 3055 3387 3125 σκοτωθεὶς,
3432 3054 3736 3131 ἀδυνατήσῃ

2092 3140 2227 3215 πρὸς
2281 3141 2381 3208 τὴν
2426 3145 2532 3195 τῶν
2582 3140 2865 3217 λογισμῶν
2916 3144 3333 3221 παραφυλακήν.
3386 3146 3503 3220 Χρὴ
3555 3144 3732 3199 τοίνυν

2098 3230 2173 3302 μη
2212 3229 2371 3302 μόνον
2418 3228 2468 3284 έν
2513 3235 2581 3304 τῇ
2614 3236 2898 3305 σωματικῇ
2949 3232 3171 3304 νηστείᾳ
3212 3235 3311 3302 τὴν
3359 3240 3527 3289 πᾶσαν
3577 3256 3743 3289 σπου-

338 3328 484 3384 tioni
508 3330 579 3384 ad
612 3330 1015 3402 cogitationes,
1049 3334 1105 3386 et
1148 3327 1440 3401 spirituali
1479 3326 1868 3391 meditationi,
1904 3324 1977 3379 ci-

2096 3318 2194 3386 δην
2225 3315 2601 3389 ἐνδείκνυσθαι,
2637 3318 2780 3375 ἀλλὰ
2833 3320 2919 3375 καὶ
2968 3321 3018 3375 ἐν
3050 3320 3120 3396 τῇ
3152 3326 3404 3399 προσοχῇ
3446 3328 3551 3377 τῶν
3587 3322 3740 3399 λογι-

336 3421 430 3474 tra
460 3435 604 3491 quas
644 3418 1011 3490 impossibile
1040 3424 1129 3474 est
1159 3418 1229 3473 ad
1260 3433 1539 3473 cacumen
1572 3434 1713 3471 vera:
1746 3414 1985 3470 castita-

339 3507 417 3564 tis
464 3512 522 3564 et
570 3507 841 3579 puritatis
890 3508 1225 3563 ascendere.
1274 3505 1551 3561 Convenit
1590 3503 1987 3575 igitur,juxta

340 3599 572 3655 Domini
599 3615 819 3664 vocem,
852 3615 958 3653 nos
1004 3597 1284 3651 interiora
1313 3594 1511 3650 calicis
1554 3599 1610 3647 et
1657 3592 1985 3664 paropsidis

341 3691 650 3758 mundare,
673 3694 737 3744 ut
769 3689 887 3745 sint
912 3686 1197 3744 exteriora
1227 3685 1449 3740 munda
1479 3682 1914 3753 “Quapropter
1933 3681 1981 3736 si

337 3797 479 3837 cura
503 3781 580 3837 sit
601 3779 961 3851 nobis,juxta
980 3775 1324 3850 Apostolum
1344 3773 1674 3846 “,legitime
1700 3769 1980 3837 certandi,

334 3876 391 3926 et
422 3887 694 3927 coronam
720 3868 1062 3941 accipiendi,
1079 3866 1301 3922 devicto
1325 3864 1556 3935 impuro
1579 3859 1979 3917 fornicationis

333 3959 575 4032 spiritu;
600 3976 671 4015 ne
694 3958 908 4015 nostris
929 3957 1251 4023 viribus,ne
1275 3958 1488 4009 nostra?
1509 3950 1693 4007 ascesi
1723 3949 1978 4005 confida-

333 4051 593 4119 mus,sed
611 4047 981 4120 opitulationi
997 4040 1740 4101 DominiDei.Nullusenim
1758 4038 1978 4094 homini

330 4136 467 4193 finis
499 4138 836 4193 certaminis
868 4152 1001 4191 cum
1034 4133 1324 4205 ejusmodi
1365 4133 1649 4196 deamone,
1682 4131 1863 4185 donec
1896 4145 1979 4183 re-

327 4240 464 4280 vera
494 4225 690 4281 credat
721 4243 801 4293 se,
837 4241 951 4279 non
983 4239 1088 4279 suo
1122 4222 1316 4277 studio
1350 4226 1451 4275 aut
1490 4219 1703 4286 labore,
1737 4218 1839 4273 sed
1874 4216 1974 4272 Dei

327 4312 589 4387 impulsu
611 4318 668 4368 et
699 4312 911 4368 auxilio
943 4312 1014 4367 ab
1046 4310 1386 4380 hujusmodi
1416 4309 1618 4363 morbo
1650 4307 1980 4376 liberari,et

326 4405 399 4460 ad
412 4419 713 4459 summum
729 4400 1015 4457 castitatis
1031 4398 1328 4469 fastigium
1344 4396 1789 4466 ascendere.(86)
1807 4395 1979 4450 Enim-

321 4508 457 4549 vero
491 4509 669 4564 supra
700 4495 969 4545 naturam
1003 4504 1093 4542 res
1125 4491 1232 4552 est,
1266 4489 1323 4540 et
1362 4484 1557 4555 aliquo
1600 4487 1772 4539 modo
1819 4489 1979 4540 extra

324 4598 537 4653 corpus
567 4580 817 4647 exsistit,
851 4579 952 4650 qui
986 4575 1259 4632 stimulos
1305 4574 1500 4628 carnis
1545 4574 1790 4643 ejusque
1820 4572 1978 4627 volu-

321 4675 513 4743 ptates
564 4669 827 4726 calcavit.
882 4667 1069 4731 Quare
1126 4661 1491 4735 impossibile
1538 4666 1627 4716 est
1675 4661 1975 4717 hominem

319 4759 465 4827 suis,
501 4762 564 4814 ut
594 4759 676 4813 ita
706 4758 921 4823 dicam,
954 4753 1160 4827 pennis
1211 4753 1283 4807 ad
1334 4752 1441 4806 hoc
1495 4765 1773 4804 cacumen
1807 4755 1863 4803 et
1903 4750 1973 4805 ad

316 4848 583 4904 bravium
617 4846 943 4903 sanctitatis
967 4843 1254 4908 advolare,
1291 4839 1749 4911 angelorumque
1780 4838 1976 4894 imita-

315 4941 501 4993 torem
536 4937 707 5003 effici,
743 4935 857 4990 nisi
889 4934 1054 4989 illum
1089 4933 1278 5004 gratia
1310 4930 1409 4985 Dei
1442 4946 1507 4984 ex
1540 4933 1694 4983 terra
1730 4933 1786 4983 et
1812 4944 1973 4984 cceno

314 5027 546 5081 educat.
581 5024 753 5080 Nulla
784 5024 941 5078 enim
992 5023 1206 5076 virtute
1237 5019 1507 5074 homines
1557 5032 1728 5072 carne
1762 5016 1967 5087 illigati

313 5115 647 5171 ewlestihus
672 5113 897 5185 angelis
921 5111 1235 5167 similiores
1258 5109 1801 5177 olﬁciuntur,quam
1828 5113 1969 5160 tem-

310 5204 576 5277 perantia
610 5222 622 5259 :
660 5220 759 5275 per
790 5220 915 5258 eam
956 5200 1133 5267 enim,
1168 5200 1306 5253 dum
1339 5197 1531 5253 adhuc
1579 5195 1639 5250 in
1681 5200 1833 5249 terra
1864 5196 1961 5250 dc-

307 5297 478 5366 gunt,
509 5293 730 5349 habent
751 5294 921 5363 juxta
949 5288 1317 5362 Apostolum,
1366 5285 1863 5343 conversationem
1896 5283 1957 5338 in

382 5446 429 5483 ⁸ο
456 5450 622 5504 Prov.
656 5463 733 5513 ιν,
766 5446 857 5502 23.
934 5446 978 5480 ’δι
1021 5441 1226 5499 Matth.
1260 5456 1351 5506 xv,
1383 5439 1472 5495 49.

382 5603 492 5676 (84)
526 5601 789 5676 Cassian.
822 5601 1065 5658 Institut.
1099 5599 1135 5653 l.
1168 5614 1248 5671 v1,
1280 5613 1331 5653 ο.
1368 5598 1424 5653 1.

377 5675 493 5751 (85)
527 5675 681 5732 Ibid.
714 5692 764 5731 c.
798 5676 851 5730 2.

2097 3412 2267 3479 σμῶν,
2299 3406 2387 3461 καὶ
2420 3407 2470 3461 ἐν
2518 3412 2585 3482 τῇ
2634 3413 2974 3484 πνευματικῇ
3027 3409 3246 3485 μελέτῃ,
3282 3413 3355 3466 ὧν
3406 3414 3584 3487 χωρῖς
3615 3410 3739 3467 ἀδύ-

2092 3518 2248 3551 νατον
2288 3498 2424 3572 πρὸς
2468 3498 2531 3552 τὸ
2580 3496 2713 3571 ὕψος
2762 3502 2865 3563 τῆς
2911 3498 3151 3569 ἀληθοῦς
3198 3501 3404 3574 ἁγνείας
3454 3501 3544 3556 καὶ
3574 3503 3735 3555 καθα-

2094 3585 2322 3661 ρότητος
2372 3585 2630 3643 ἀνελθεῖν.
2686 3589 2955 3657 Προσηκει
3002 3588 3183 3643 τοίνυν
3236 3592 3383 3661 ἡμᾶς
3430 3590 3737 3663 καθαρίζειν

2092 3676 2376 3752 πρότερον,
2412 3679 2544 3732 κατὰ
2589 3679 2689 3746 τὴν
2740 3681 2836 3730 τοῦ
2885 3677 3083 3752 Κυρίου
3128 3680 3334 3756 φωνὴν,
3368 3680 3428 3733 τὸ
3460 3676 3610 3734 ἔνδον
3643 3683 3739 3733 τοῦ

2092 3766 2361 3841 ποτηρίου
2391 3767 2479 3820 καὶ
2509 3770 2608 3832 τῆς
2640 3764 2965 3842 παροψίδος,
2992 3766 3083 3821 ’ἱνα
3113 3770 3334 3841 γένηται
3372 3769 3461 3822 καί
3492 3770 3555 3822 τὸ
3588 3768 3741 3829 ἐκτὸς

2090 3856 2321 3930 καθαρόν
2361 3899 2373 3911 .
2438 3857 2532 3910 Διά
2591 3853 2655 3925 δὴ
2715 3860 2876 3911 τοῦτο
2912 3901 2925 3925 ,
2986 3856 3031 3911 εἰ
3085 3852 3223 3911 ἔστιν
3286 3854 3493 3925 σπουδὴ
3528 3902 3545 3929 ,
3604 3858 3746 3911 κατὰ⁵

2088 3944 2180 3998 τὸν
2213 3942 2573 4017 Ἀπόστολον,
2604 3945 2858 4017 νομίμως
2888 3943 3147 4019 ἀθλῆσαι,
3179 3946 3268 4001 καὶ
3311 3950 3743 4024 στεφανωθῆναι,

2089 4035 2401 4104 νικήσαντας
2454 4035 2515 4089 τὸ
2566 4034 2862 4110 ἀκάθαρτον
2915 4039 3128 4107 πνεῦμα
3176 4039 3273 4100 τῆς
3323 4037 3572 4110 πορνείας
3608 4081 3621 4105 ,
3660 4038 3736 4108 μή

2088 4127 2156 4193 τῇ
2213 4124 2451 4199 ἡμετέρα
2511 4121 2735 4196 δυνάμει
2787 4126 2820 4194 ἦ
2871 4124 3094 4194 ἀσκήσει
3154 4124 3533 4201 θαρρήσωμεν,
3594 4124 3743 4180 ἀλλά

2088 4216 2156 4286 τῇ
2194 4212 2419 4287 βοηθείᾳ
2475 4217 2570 4267 τοῦ
2628 4210 2890 4267 δεσπότου
2939 4218 3093 4270 Θεοῦ.
3149 4213 3221 4267 Ού
3278 4214 3503 4269 παύεται
3548 4216 3649 4291 γάρ
3707 4216 3737 4269 ὁ

2090 4302 2370 4377 ἄνθρωπος
2436 4300 2850 4375 πολεμούμενος
2909 4303 3010 4357 ὑπὸ
3068 4307 3163 4357 τοῦ
3226 4300 3485 4376 δαίμονος
3541 4303 3740 4357 τούτου

2085 4387 2190 4452 ἕως
2221 4388 2282 4444 οῦ
2315 4390 2364 4445 ἐν
2418 4388 2649 4461 ἀληθείᾳ
2696 4390 2979 4465 πιστεύσῃ,
3028 4390 3110 4445 ὅτι
3162 4391 3260 4445 ούκ
3310 4389 3421 4463 ἰδίᾳ
3462 4389 3671 4465 σπουδῇ
3703 4393 3739 4459 ἦ

2086 4478 2489 4553 καμάτῳ,ἀλλά
2521 4483 2583 4552 τῇ
2603 4483 2698 4533 τοῦ
2720 4484 2852 4534 Θεοῦ
2876 4479 3018 4555 ῥοπῇ
3042 4479 3130 4534 καὶ
3153 4480 3375 4555 βοηθείᾳ
3394 4478 3742 4534 ἀπαλλάττε-

2084 4588 2170 4622 ται
2201 4568 2402 4638 ταύτης
2422 4571 2521 4632 τῆς
2552 4568 2730 4636 νόσου,
2760 4566 2849 4622 καί
2880 4567 2956 4629 εἷς
2979 4569 3040 4622 τὸ
3067 4568 3201 4641 ὕψος
3219 4567 3319 4634 τῆς
3346 4569 3559 4642 ἁγνείας
3581 4568 3741 4643 ἀνέρ-

2087 4677 2264 4732 χεται.
2299 4657 2394 4712 Καὶ
2427 4657 2530 4731 γὰρ
2582 4656 2713 4732 ύπὶρ
2761 4656 2916 4734 φύσιν
2952 4656 3061 4711 ἐστὶ
3112 4657 3176 4712 τὸ
3207 4664 3457 4734 πρᾶγμα,
3489 4658 3576 4711 καὶ
3612 4657 3742 4731 τρό-

2083 4768 2182 4800 πον
2213 4747 2330 4801 τινά
2354 4743 2454 4816 ἔξω
2484 4746 2579 4800 τοῦ
2628 4746 2884 4819 σώματος
2930 4745 3155 4822 γίνεται,
3190 4748 3218 4801 ὁ
3244 4746 3369 4807 τοὺς
3417 4744 3744 4820 έρεθισμοῦς

2088 4838 2189 4900 τῆς
2248 4835 2440 4911 σαρκὸς
2494 4836 2584 4889 καὶ
2640 4835 2733 4896 τὰς
2786 4833 2991 4904 ἡδονάς
3046 4836 3247 4906 ταύτης
3305 4838 3684 4905 καταπατήσας
3721 4878 3738 4890 .

2086 4926 2188 4981 Καὶ
2219 4925 2413 4979 τούτου
2441 4926 2601 5000 χάριν
2638 4922 2895 4980 ἀδύνατόν
2948 4924 3088 4980 ἐστιν
3141 4923 3426 5000 ἄνθρωπον
3458 4930 3572 4987 τοῖς
3602 4944 3741 4979 πτε-

2084 5021 2223 5090 ροῖς,
2250 5012 2323 5068 ’ίν’
2355 5014 2526 5075 οὕτως
2567 5013 2725 5083 ε’ίπω,
2771 5016 2907 5089 πρὸς
2936 5016 2997 5069 τὸ
3050 5014 3183 5087 ὕψος
3233 5019 3392 5068 τοῦτο
3446 5015 3535 5068 καὶ
3570 5013 3741 5087 οὖρά-

2076 5123 2188 5160 νιον
2226 5099 2476 5179 βραϐεῖον
2505 5108 2603 5168 τῆς
2637 5104 2943 5179 ἁγιωσύνης
2975 5103 3292 5175 ἀναπτῆναι,
3337 5102 3428 5157 καί
3477 5104 3739 5175 μιμητὴν

2073 5192 2318 5268 ἀγγέλων
2346 5192 2606 5266 γενέσθαι·
2637 5192 2681 5246 εἷ
2716 5194 2792 5265 μή
2845 5196 3010 5268 χάρις
3064 5197 3196 5247 Θεοῦ
3242 5196 3437 5247 τοῦτον
3472 5193 3580 5247 ἀπὸ
3631 5196 3738 5257 τῆς

2067 5286 2170 5360 γῆς
2202 5282 2290 5336 καὶ
2322 5287 2417 5337 τοῦ
2473 5277 2745 5359 βορϐόρου
2794 5282 3056 5359 ἀναγάγοι
3095 5327 3107 5341 .
3141 5279 3386 5356 Οὐδεμιᾷ
3428 5282 3529 5358 γὰρ
3565 5282 3741 5356 ἀρετῇ

1552 5437 1597 5473 δ²
1626 5435 1831 5493 Matth.
1866 5452 2026 5506 χχιιι,
2057 5436 2148 5492 26.
2224 5436 2268 5470 ⁸³
2298 5435 2348 5492 ΙΙ
2387 5434 2540 5492 Tim.
2574 5453 2637 5506 ιι,
2667 5436 2724 5494 5.

2140 5592 2252 5670 (86)
2283 5592 2430 5651 Ibid.
2463 5609 2514 5651 ο.
2547 5594 2603 5651 6.
