2051 3109
531 78 551 89 ην
625 70 632 75 ⁸

334 111 342 120 ι
373 106 431 120 λε..
459 102 497 107 ’⁷

178 204 237 234 8⁴Π
755 202 940 233 EPISTOLA
966 202 992 232 ll
1014 203 1065 232 AD
1088 202 1308 233 CASTOREM.
1825 204 1884 235 8'78

179 267 286 306 μᾶλλον
312 268 337 295 οἱ
362 268 440 305 σαρκὶ
463 265 647 304 συνδεδεμένοι
672 268 809 305 ἂνθρωποι
832 270 891 298 τοῖς
915 267 997 304 οὐρα-

1058 267 1135 296 cmlis
1146 268 1177 295 “.
1191 268 1246 303 (87)
1258 267 1333 296 Illud
1350 271 1449 296 autem
1465 270 1511 296 est
1527 267 1643 295 virtutis
1664 268 1784 303 hujusce
1801 278 1817 296 a
1833 279 1884 297 no-

177 313 249 345 νίοις
264 312 389 351 ἀγγέλοις
404 314 623 349 συνομοιοῦντοιι⁷
639 312 678 343 ὡς
700 314 734 349 τῇ
760 311 929 352 σωφροσύνῃ·
957 310 1001 339 διὰ

175 358 279 393 ταύτης
294 358 357 396 γὰρ,
374 355 412 385 ἔτι
429 357 455 384 ἐν
468 358 502 394 τῇ
570 355 719 394 διάγοντες,
737 354 841 395 ἔχουσι,
865 357 933 384 κατὰ
955 356 1000 383 τὸν

176 402 353 436 ’Δπόστολον,
369 402 400 429 τὸ
415 401 570 438 πολίτευμα
583 401 610 429 ἐν
626 401 762 439 οὐρανοῖς.
778 404 881 439 Δεῖγμα
902 400 931 429 δὲ
954 403 1002 428 τοῦ

175 449 227 483 τήν
245 447 342 486 ἀρετὴν
356 446 457 481 ταύτην
470 449 615 478 κεκτῆσθαι
631 447 749 482 ἧμᾶς,τὸ
760 445 831 483 μηδὲ
844 449 907 483 μιᾶς
919 445 1001 474 εἰκόνι

175 492 293 530 αἰσχρᾶς
308 490 454 530 φαντασίας
471 490 496 518 έν
512 493 569 522 τοῖς
586 490 680 522 ὕπνοις
694 491 743 525 τήν
763 491 856 529 ψυχήν
871 489 1002 528 προστρέ-

175 535 284 574 χειν.Εἱ
298 535 349 573 γὰρ
363 535 409 562 καὶ
425 535 463 571 μή
480 534 619 571 λογίζεται
634 534 752 572 ἁμαρτία
762 536 780 569 ἡ
796 534 910 570 τοιαύτη
924 534 1002 570 κίνη-

174 591 230 616 σις,
246 579 324 616 ὅμως
338 580 488 616 τεκμήριον
504 578 621 617 ὑπάρχει
639 579 688 607 τοῦ
710 581 798 607 νοσεῖν
824 580 874 614 τήν
896 580 1002 618 ψυχὴν,

173 625 220 652 καί
238 625 323 661 μήπω
337 626 386 651 τοῦ
401 623 501 654 πάθους
518 622 710 661 ἀπηλλάχθαι,
737 624 787 651 Καὶ
806 623 904 651 τούτου
920 623 1001 661 χάριν

172 669 222 700 τὰς
238 666 440 705 συμϐαινούσας
469 669 536 704 ἡμῖν
560 667 585 695 ἐν
607 670 665 699 τοῖς
689 667 784 699 ὕπνοις
805 668 920 706 αἰσχράς
937 678 1003 708 (ραν-

172 713 269 744 τασίας
284 712 399 751 ἔλεγχον
416 712 483 739 εἶναι
507 715 557 747 τῆς
581 710 777 750 προλαϐούσης
801 713 934 751 ῥᾳθυμίας
957 712 1003 740 καί

171 762 224 793 τῆς
240 758 267 786 έν
296 759 364 793 ἡμῖν
388 757 524 789 ἀσθενείας
548 757 681 785 πιστεύειν
707 757 864 796 ὀφείλομεν,
895 757 921 785 ἐν
944 759 1003 789 τοῖς

173 803 345 843 ἁποκρύφοις
358 804 409 837 τῆς
433 803 525 841 ψυχῆς
550 802 796 840 ἀποκεκρυμμένην
822 803 900 830 νόσον
926 813 1004 842 φανε-

174 848 345 887 ροποιούσης
369 851 419 882 τῆς
443 847 591 885 γινομένης
615 846 769 887 ῥύσεωςλέν
794 849 828 885 τῇ
851 850 902 875 τοῦ
917 846 1003 875 ὕπνου

175 885 276 921 άνέσει.
293 893 340 920 Διὸ
355 891 399 920 καὶ
415 892 429 919 ὁ
446 891 537 930 ἰατρὸς
550 894 605 919 τῶν
624 885 733 930 ψυχῶν”
745 891 771 920 ἐν
796 895 854 923 τοῖς
879 891 1001 930 ἀποκρύ-

174 949 238 977 ςροις
262 941 312 972 τῆς
338 939 430 975 ψυχῆς
457 937 488 964 τὸ
518 936 660 975 φάρμακον
690 936 842 974 ἐναπέθετο,
870 935 933 965 ἔνθα
957 937 1002 965 καὶ

172 983 225 1013 τὰς
249 982 337 1013 αἰτίας
365 985 416 1016 τῆς
439 981 519 1009 νόσου
552 980 684 1020 ὑπάρχειν
714 981 852 1019 ἐγίνωσκε,
882 983 1001 1021 φάσκων.

177 1042 188 1055 ι
208 1028 237 1054 ⁵0
263 1025 402 1064 ἐμϐλέψας
430 1026 538 1064 γυναικὶ
566 1025 634 1064 πρὸς
662 1026 694 1054 τὸ
724 1027 889 1063 ἑπιθυμῆσαι
919 1027 1001 1062 αὐτὴν

173 1072 232 1108 ἤδη
250 1071 410 1110 ἐμοίχευσεν
433 1071 516 1106 αὐτὴν
533 1070 558 1098 ἐν
573 1072 608 1108 τῇ
623 1070 720 1109 καρδίᾳ
744 1071 835 1099 αὐτοῦ·
864 1084 877 1097 ››
902 1071 935 1099 οὐ
959 1082 1005 1100 το-

174 1120 274 1145 σοῦτον
302 1116 367 1147 τοὺς
396 1115 541 1153 πορνικοὺς
571 1116 616 1143 καὶ
651 1115 810 1154 περιέργους
845 1116 1004 1156 ὀφθαλμοὺς

174 1161 388 1200 διορθοῦμενος,
402 1160 465 1188 ’ὁσον
478 1160 527 1194 τὴν
545 1159 619 1188 ἔνδον
637 1159 813 1198 ὲνιδρυμένην
825 1161 930 1198 ψυχὴν,
942 1161 1003 1196 ἥτις

171 1210 237 1238 τοῖς
251 1206 325 1243 παρὰ
339 1208 406 1233 Θεοῦ
422 1204 538 1237 δοθεῖσιν
552 1204 593 1232 ἐπ’
617 1205 710 1242 ἁγαθῷ
735 1205 889 1244 ὀφθαλμοῖς
912 1208 1003 1237 κακῶς

173 1253 323 1289 κέχρηται·
339 1249 438 1277 τούτου
453 1250 533 1287 χάριν
547 1249 592 1277 καὶ
607 1250 624 1284 ἡ
641 1250 711 1289 σοφὴ
727 1249 862 1287 παροιμία
877 1250 908 1277 οὐ
917 1250 1002 1287 λέγει,

174 1295 256 1332 Heia-9
276 1295 384 1333 φυλακῇ
407 1294 484 1331 τήρει
506 1293 569 1324 τοὺς
593 1292 763 1332 ὀφθαλμοὺς,
789 1293 871 1328 ἀλλὰ,
898 1306 912 1320 ι‹
929 1295 1003 1332 Πάσῃ

174 1339 289 1376 φυλακῇ
317 1340 395 1376 τήρει
423 1338 471 1372 σὴν
500 1337 623 1376 καρδίαν·
654 1350 669 1364 ››
690 1337 779 1376 ἐκείνῃ
809 1338 926 1375 μάλιστα
945 1338 1003 1366 ἐπι-

174 1386 254 1413 θεῖσα
268 1384 318 1418 τήν
335 1382 451 1421 ἰατρείαν
462 1386 512 1418 τῆς
537 1382 672 1421 φυλακῆς,
699 1385 732 1420 τῇ
757 1383 915 1421 κεχρημένη
941 1386 1002 1415 τοῖς

173 1429 333 1468 ὀφθαλμοῖς
348 1427 386 1458 είς
402 1427 419 1455 ἃ
435 1426 572 1465 βούλεται.
597 1429 744 1465 Τοιγαροῦν
769 1427 836 1462 αὗτῆ
860 1427 929 1455 ἐστω
951 1431 1003 1463 τῆς

170 1473 332 1511 καθάρσεως
361 1473 442 1509 ἡμῶν
464 1472 560 1509 πρώτη
585 1471 704 1510 φυλακὴ,
729 1470 785 1506 ἵνα,
816 1471 860 1499 ὅτε
883 1471 917 1509 τῇ
930 1473 1003 1509 ἡμι-

171 1519 243 1556 τέρα
259 1516 366 1552 διανοίᾳ
391 1517 486 1553 μνήμη
511 1516 638 1553 γυναικὸς
663 1516 772 1554 γένηται
787 1515 944 1544 ἀναδοθεῖσα
959 1515 1003 1544 διὰ

170 1567 229 1598 τῆς
244 1560 408 1596 διαϐολικῆς
423 1560 569 1598 ἐνεργείας,
591 1560 614 1588 εί
636 1560 718 1598 τύχοι
742 1561 857 1599 μητρὸς,
882 1562 899 1596 ἢ
922 1560 1002 1589 ἀδελ-

174 1611 248 1647 φῆς,
269 1608 287 1641 ἦ
313 1605 406 1634 ἄλλων
429 1607 562 1643 γυναικῶν
589 1602 724 1640 ιῦλαϐὼν,
738 1605 844 1644 ταχέως
869 1605 952 1640 αὐτὴν
972 1605 1002 1633 ἐκ

172 1655 229 1684 τῆς
252 1651 388 1689 ἡμετέρας
412 1648 522 1688 καρδίας
548 1647 717 1686 ἐκϐάλωμεν·
741 1648 786 1677 ’ίνα
812 1650 862 1686 μή,
885 1650 1002 1678 ἐπιπολὺ

176 1693 374 1733 διατριϐόντων
388 1697 468 1731 ἡμῶν
485 1695 510 1722 ἐν
524 1695 593 1732 αὐτῇ
608 1696 642 1732 τῇ
666 1695 762 1732 γνώμῃ
791 1695 805 1721 ὁ
833 1697 887 1722 τῶν
914 1697 1003 1722 κακῶν

176 1740 305 1769 ἀπατεὼν
335 1740 364 1767 ἐκ
391 1739 494 1767 τούτων
518 1741 572 1766 τῶν
595 1739 749 1777 προσώπων
775 1738 939 1776 κατακυλίοῃ
959 1738 1004 1766 καὶ

175 1784 389 1823 κατακρημνίσῃ
400 1785 450 1819 τὴν
469 1782 588 1824 διάνοιαν
615 1783 653 1815 εἰς
678 1782 793 1821 αἰσχρὰς
817 1783 862 1811 καὶ
890 1781 1003 1811 ἐπιϐλα-

178 1828 241 1861 ϐεἶς
264 1830 436 1866 ἐνθυμήσεις,
461 1828 550 1859 καθὼς
578 1828 623 1855 καὶ
652 1829 669 1863 ἡ
695 1829 767 1866 παρὰ
795 1830 862 1855 Θεοῦ
877 1828 943 1867 πρὸς
957 1828 1003 1856 τὸν

178 1876 291 1913 πρῶτον
308 1872 416 1905 δοθεῖσα
431 1872 528 1907 ἐντολή
547 1871 664 1906 κελεύει,
690 1875 783 1907 τηρεῖν
806 1873 856 1907 τήν
882 1872 1002 1911 κεφαλὴν

175 1921 229 1947 τοῦ
244 1916 345 1956 ὄφεως,
360 1918 481 1945 τουτέστι
495 1919 544 1944 τοῦ
565 1914 701 1954 βλαϐεροῦ
725 1916 862 1954 λογισμοῦ
886 1917 936 1951 τὴν
960 1918 1006 1956 ἀρ-

177 1965 248 2002 χὴν,
262 1962 297 1990 δι’
317 1961 398 1999 οὗπερ
427 1961 516 2000 ἕρπειν
539 1961 577 1992 είς
599 1961 649 1995 τὴν
674 1961 807 1999 ἡμετέραν
833 1962 925 2000 ψυχὴν
951 1961 1006 1989 ἑπι-

182 2010 285 2046 χιιρεῖ·
301 2007 346 2034 ἳνα
362 2007 400 2044 μὴ
414 2008 448 2043 τῇ
462 2009 513 2041 τῆς
537 2005 659 2045 κεφαλῆς
683 2004 840 2043 παραδοχῇ,
856 2005 917 2041 ἥτις
934 2006 1005 2034 ἐστὶν

176 2054 194 2088 ἡ
209 2049 355 2089 προσεολή
370 2053 420 2078 τοῦ
436 2050 617 2088 λογισμοῦ,τᾶ
632 2048 728 2077 λοιπὸν
744 2052 793 2077 τοῦ
808 2048 895 2089 ὄφεως
913 2050 1002 2086 σῶμα,

173 2096 298 2125 τουτέσνι
322 2098 372 2130 τῆς
399 2093 505 2130 ἠδονῆς
533 2095 585 2129 τὴν
607 2094 757 2130 κατάθεσιν,
781 2092 1003 2131 παραδεξώμεθα,

173 2141 222 2169 καὶ
240 2140 270 2168 ἰκ
284 2139 382 2168 τούτου
403 2138 500 2167 λοιπὸν
524 2139 568 2166 ἐπὶ
591 2139 641 2173 τήν
666 2138 792 2175 ἀθέμιτον
818 2139 913 2176 πρᾶξιν
940 2149 1004 2166 κατ-

174 2185 274 2223 ενέγκῃ
290 2185 340 2219 τὴν
357 2183 486 2212 διάνοιαν·
504 2183 577 2211 ἀλλὰ
590 2184 734 2221 προσήκει,
749 2183 817 2211 κατὰ
830 2183 862 2210 τὸ
886 2193 1004 2221 γεγραμ-

173 2231 273 2267 μένον¹
291 2229 331 2260 εἰς
357 2229 405 2260 τὰς
421 2228 525 2266 πρωίας
540 2228 694 2256 ἀποκτενεῖν
710 2227 809 2259 πάντας
834 2227 898 2259 τοὺς
920 2228 1006 2266 ἁμαρ-

175 2273 288 2305 τωλοὺς
310 2277 362 2309 τῆς
377 2277 440 2312 γῆς,
454 2272 576 2301 τουτέστι
590 2274 630 2309 τῷ
656 2273 726 2311 φωτὶ
740 2276 790 2307 τῆς
802 2273 927 2311 γνώσεως
945 2271 1003 2301 δια-

1057 312 1102 340 bis
1116 312 1264 349 acquisitae
1280 312 1423 340 indicium
1440 320 1447 340 :
1464 312 1489 341 si
1512 311 1595 340 nulla
1610 312 1743 340 obscenis
1759 313 1886 348 phanta-

1057 357 1108 385 siaa
1135 357 1233 394 imago
1262 357 1437 386 dormientis
1467 357 1573 385 subeat
1601 357 1744 385 animum.
1768 358 1886 386 Etiamsi

1056 401 1134 430 enim
1151 404 1302 438 peccatum
1325 410 1383 430 non
1409 403 1565 438 reputatur
1589 401 1762 437 hujusmodi
1778 405 1886 436 motus,

1057 447 1175 482 signum
1190 449 1289 475 tamen
1309 449 1352 474 est
1368 447 1537 483 aegrotantis
1554 455 1587 475 ac
1603 448 1734 474 nondum
1751 448 1887 483 passione

1057 492 1133 520 819
1146 491 1195 519 tali
1205 491 1332 519 liberata!
1342 490 1656 523 animm.0uamobrem
1668 492 1810 520 obscenas
1819 492 1886 520 illas

1057 536 1227 572 phantasias
1250 536 1326 564 inter
1349 536 1555 564 dormiendum
1582 539 1767 564 occurrentes
1783 540 1885 573 putare

1057 580 1199 608 debemus
1214 589 1278 608 esse
1294 581 1485 616 praecedentis
1505 581 1640 616 segnitiei
1666 584 1884 617 argumentum,

1058 627 1143 660 atque
1159 627 1265 654 nostras
1288 625 1482 661 infirmitatis,
1500 625 1695 661 morbumque
1720 626 1749 653 in
1774 629 1884 654 secreto

1058 670 1154 698 cordis
1165 670 1259 699 nostri
1272 670 1410 698 latentem
1424 669 1517 706 aperit
1527 670 1650 698 cessatio
1663 671 1769 698 somnii
1785 679 1885 707 exper-

1058 715 1210 751 giscentis.
1223 715 1280 751 (88)
1294 716 1387 748 Quare
1403 714 1568 742 animarum
1585 716 1717 743 medicus
1738 716 1767 743 in
1784 717 1886 743 animae

1058 760 1258 796 penetralibus
1288 759 1466 788 medicinam
1495 760 1633 796 reposuit,
1651 769 1761 795 gnarus
1791 761 1885 788 morbi

1058 813 1163 834 causas
1177 805 1249 833 inibi
1271 812 1348 837 esse,
1364 805 1435 832 dum
1451 804 1492 833 ait
1507 812 1539 832 :«
1555 805 1610 838 Qui
1636 805 1755 840 respicit
1779 805 1887 833 mulie-

1059 857 1121 878 rem
1136 850 1173 878 ad
1189 850 1455 885 concupiscendum
1478 857 1552 884 eam,
1575 850 1637 885 jam
1663 849 1825 877 moechatus
1841 853 1886 878 est

1058 903 1123 924 eam
1145 895 1175 923 in
1200 895 1287 924 corde
1302 903 1355 923 suo
1368 895 1389 912 ⁵³
1405 903 1412 922 :
1426 905 1437 920 ι
1455 903 1513 923 non
1537 896 1653 923 tantum
1669 897 1702 922 ut
1716 894 1841 922 lascivos
1857 897 1885 922 et

1058 940 1189 968 curiosos
1199 940 1299 968 oculos
1308 939 1532 976 corrigeret,sed
1544 939 1635 967 multo
1647 940 1741 975 magis
1753 940 1882 967 animum

1058 985 1140 1013 intus
1159 985 1258 1019 sitam,
1269 993 1332 1020 quia
1347 984 1440 1013 oculis
1456 984 1492 1013 ad
1508 985 1617 1013 bonum
1633 984 1687 1012 sibi
1704 994 1721 1012 a
1736 987 1791 1012 Deo
1807 984 1883 1012 datis

1058 1030 1191 1067 improba
1211 1032 1256 1058 est
1278 1037 1351 1058 usa:
1365 1038 1429 1066 quae
1444 1037 1534 1058 causa
1548 1031 1593 1057 est
1607 1037 1659 1057 cur
1673 1029 1790 1065 sapiens
1816 1037 1884 1065 pro-

1057 1075 1190 1103 verbium
1206 1075 1292 1108 dicat,
1310 1083 1379 1109 non,
1395 1074 1481 1103 Omni
1506 1075 1639 1102 custodia
1662 1083 1744 1102 serva
1764 1074 1881 1108 oculos;

1058 1120 1120 1154 sed,
1132 1130 1147 1145 «
1164 1119 1249 1147 Omni
1265 1119 1398 1147 custodia
1422 1127 1505 1147 serva
1519 1127 1569 1147 cor
1589 1121 1674 1147 tuum
1686 1120 1715 1146 ⁵⁸.
1730 1132 1740 1145 »
1761 1119 1803 1146 Illi
1824 1119 1883 1146 sci-

1056 1163 1123 1191 licet
1153 1162 1279 1190 maxime
1306 1162 1445 1190 custodisa
1473 1163 1634 1191 remedium
1660 1162 1796 1198 applicat,
1818 1172 1881 1199 quae

1056 1207 1149 1236 oculis
1164 1206 1285 1235 arbitrio
1302 1215 1355 1235 suo
1375 1206 1478 1235 utitur.
1490 1207 1545 1243 (89)
1563 1207 1664 1243 Itaque
1684 1208 1743 1235 haec
1759 1208 1797 1235 sit
1812 1216 1880 1243 pur-

1055 1251 1181 1288 gationis
1196 1253 1302 1280 nostra
1327 1251 1424 1287 prima
1447 1252 1594 1285 custodia;
1612 1254 1643 1279 ut
1661 1261 1726 1279 cum
1753 1254 1881 1280 mentem

1057 1298 1187 1324 nostram
1211 1295 1344 1324 mulieris
1369 1296 1520 1332 memoria,
1536 1296 1679 1324 diabolica
1702 1297 1880 1332 operatione.

1056 1340 1189 1374 subierit,
1206 1340 1323 1368 etiamsi
1347 1340 1461 1375 matris,
1482 1345 1532 1368 aut
1555 1341 1673 1376 sororis,
1691 1343 1740 1368 aut
1765 1341 1879 1377 piarum

1056 1385 1180 1414 aliarum
1204 1384 1374 1419 mulierum,
1390 1387 1506 1413 mature
1520 1384 1602 1413 illam
1618 1394 1650 1412 ex
1667 1386 1753 1413 corde
1779 1388 1879 1414 nostro

1056 1430 1209 1466 ejiciamus
1225 1437 1232 1457 :
1249 1437 1285 1457 ne
1301 1429 1325 1457 si
1341 1429 1370 1458 in
1390 1429 1441 1457 tali
1456 1428 1629 1466 cogitatione
1645 1430 1755 1458 diutius
1770 1431 1878 1458 immo-

1056 1482 1165 1510 remur,
1182 1474 1315 1502 seductor
1330 1482 1363 1502 ac
1379 1473 1524 1502 malorum
1549 1476 1650 1502 auctor
1672 1475 1729 1509 ille,
1746 1484 1779 1503 ex
1799 1476 1877 1511 ejus-

1057 1520 1137 1547 modi
1149 1518 1282 1561 vultuum
1299 1518 1466 1555 phantasia,
1480 1518 1510 1546 in
1522 1519 1663 1547 obscenas
1680 1522 1707 1547 et
1722 1521 1880 1548 damnosas

1056 1563 1248 1600 cogitationes
1262 1565 1391 1591 mentem
1403 1562 1536 1591 devolvat
1546 1571 1579 1591 ac
1590 1564 1765 1600 prxecipitet;
1778 1573 1881 1600 quem-

1058 1609 1218 1636 admodum
1234 1607 1402 1644 prmcipitur
1417 1608 1556 1636 mandato
1571 1607 1621 1636 illo
1638 1609 1687 1636 Dei
1704 1610 1739 1636 ad
1757 1610 1883 1644 primum

1018 1639 1040 1672 (ί
1060 1653 1209 1681 hominem
1225 1639 1304 1688 dato,
1320 1639 1352 1680 ut
1374 1652 1516 1680 nimirum
1537 1653 1704 1681 observaret
1721 1639 1808 1689 caput
1824 1662 1886 1682 ser-

1060 1698 1167 1734 pentis,
1184 1698 1214 1725 id
1236 1700 1291 1732 est,
1308 1698 1486 1734 principium
1510 1698 1661 1726 damnosae
1689 1699 1885 1734 cogitationis,

1060 1751 1119 1779 qua
1133 1742 1163 1770 in
1178 1742 1309 1771 animam
1320 1744 1452 1770 nostram
1468 1742 1594 1778 irrepere
1607 1743 1724 1777 nititur;
1743 1746 1775 1770 ut
1791 1753 1826 1771 ne
1840 1744 1887 1771 ad-

1060 1787 1151 1815 misso
1166 1788 1271 1823 capite,
1286 1787 1316 1815 id
1332 1789 1386 1821 est,
1403 1787 1498 1823 prima
1512 1787 1698 1823 cogitationis
1714 1788 1884 1823 irruptione,

1059 1831 1208 1868 reliquum
1223 1832 1369 1868 serpentis
1384 1839 1502 1867 corpus,
1518 1831 1629 1859 scilicet
1645 1840 1821 1859 consensum
1836 1841 1885 1859 vo-

1059 1876 1193 1913 luptatis,
1205 1876 1413 1909 admittamus;
1436 1878 1523 1911 atque
1538 1875 1606 1903 hinc
1621 1876 1740 1903 domum
1757 1876 1785 1903 in
1802 1877 1883 1904 nefa-

1059 1922 1136 1949 rium
1154 1921 1267 1949 facinus
1283 1922 1411 1948 mentem
1427 1919 1477 1946 ille
1491 1919 1608 1954 dejiciet
1620 1928 1626 1947 ε
1639 1921 1689 1947 sed
1706 1929 1758 1955 par
1773 1924 1827 1955 est,
1842 1921 1884 1949 uti

1059 1966 1202 2002 scriptum
1217 1967 1262 1993 est
1271 1966 1304 2000 ⁸⁷,
1316 1965 1345 1992 in
1362 1963 1505 1991 matutino
1522 1963 1683 1992 interﬁcere
1700 1973 1802 1993 omnes
1818 1974 1883 2001 pec-

1060 2013 1173 2038 catores
1188 2012 1286 2043 terra;
1307 2009 1337 2036 id
1360 2010 1414 2042 est,
1427 2007 1539 2035 lumine
1554 2009 1729 2044 cognitionis
1755 2010 1883 2039 interno-

1060 2063 1138 2083 scere
1159 2056 1247 2090 atqus
1264 2053 1432 2089 disperdere
1458 2052 1647 2088 cogitationes
1672 2054 1707 2081 ad
1733 2057 1884 2090 peccatum

1059 2099 1252 2132 deducentes;
1269 2106 1303 2125 ex
1325 2100 1413 2130 terra,
1429 2096 1540 2124 scilicet
1563 2105 1598 2125 ex
1620 2099 1714 2130 corde.
1730 2099 1814 2133 juxta
1829 2100 1884 2127 Do-

1059 2143 1133 2171 mini
1147 2151 1258 2171 vocem.
1270 2142 1305 2170 Et
1319 2142 1391 2169 dum
1407 2141 1505 2169 adhuc
1520 2142 1634 2177 parvuli
1646 2145 1716 2170 sunt
1731 2143 1783 2170 lilii
1800 2144 1888 2180 Baby-

1058 2187 1147 2221 lonis,
1162 2196 1214 2215 seu
1235 2186 1318 2214 malai
1334 2185 1538 2222 cogitationes,
1549 2188 1613 2214 tum
1630 2196 1678 2214 eos
1695 2188 1756 2215 solo
1772 2197 1887 2224 aequare

1059 2234 1147 2268 atque
1162 2231 1282 2260 allidere
1297 2232 1411 2267 oportet
1433 2231 1470 2258 ad
1492 2232 1606 2266 petram
1617 2232 1649 2259 ⁸⁸.
1667 2240 1729 2267 qure
1745 2235 1789 2260 est
1804 2233 1886 2260 Chri-

1059 2278 1136 2304 stus.
1152 2276 1181 2304 Si
1198 2275 1276 2304 enim
1301 2282 1447 2304 consensu
1470 2277 1572 2303 nostro
1597 2276 1632 2303 ad
1649 2276 1760 2304 virilem
1788 2286 1886 2313 perve-

177 2319 292 2357 κρίνειν,
307 2318 352 2346 καὶ
368 2317 551 2356 ἐξολοτριύειν
568 2317 631 2348 τοὺς
647 2315 829 2354 ἁμαρτωλοὺς
853 2316 1003 2355 λογισμοὺς

1058 2320 1141 2348 niant
1156 2322 1281 2355 (etatem,
1291 2328 1350 2348 non
1363 2320 1437 2348 citra
1449 2327 1572 2356 magnos
1587 2321 1713 2356 gemitus
1730 2324 1758 2349 et
1773 2321 1887 2350 labores

177 2364 209 2391 έκ
221 2366 272 2396 τῆς
295 2367 358 2400 γῆς,
384 2362 445 2397 ἥτις
471 2362 540 2390 ἐστὶν
566 2363 583 2397 ἡ
607 2360 714 2400 καρδία,
735 2361 804 2390 κατὰ
822 2362 872 2397 τήν
887 2361 935 2390 τοῦ
952 2365 1003 2390 Κυ-

175 2408 239 2446 ρίου
264 2408 369 2447 φωνήνο
398 2406 443 2434 καὶ
471 2407 509 2438 ὡς
534 2405 571 2434 ἔτι
597 2406 690 2442 νήπιοί
716 2406 783 2434 εἰσιν
806 2406 832 2433 οἳ
848 2406 902 2434 υἱοὶ
918 2404 1004 2434 Βαϐυ-

178 2452 277 2487 λῶνος,
291 2451 375 2490 ἤγουν
393 2452 418 2479 οἱ
434 2451 551 2489 πονηροὶ
562 2450 703 2489 λογισμοὶ,
720 2451 834 2482 τούτους
859 2449 1004 2490 ὲδαφίζειν,

175 2498 223 2525 καὶ
247 2494 396 2534 συντρίϐειν
425 2496 494 2533 πρὸς
519 2496 569 2530 τὴν
590 2496 699 2532 πέτραν,
729 2495 791 2530 ἥτις
813 2495 883 2524 ἐστὶν
909 2496 1004 2533 ὁΧρι-

178 2541 253 2573 στός.
285 2542 344 2569 Ἐὰν
381 2540 431 2578 γὰρ
468 2538 512 2568 διὰ
547 2543 598 2575 τῆς
627 2540 760 2578 ἡμετέρας
785 2541 1004 2578 συγκαταθέσεως

178 2584 370 2624 ἆνόρυνθῶσιν,
395 2584 445 2612 οὐκ
471 2584 532 2612 ἄνευ
558 2583 677 2623 μεγάλου
709 2587 859 2622 στεναγμοῦ
886 2585 931 2612 καὶ
958 2596 1006 2613 κα-

180 2631 268 2667 μάτου
295 2631 501 2665 κινηθήσονται.
531 2629 604 2667 Πρὸς
632 2627 661 2656 δὲ
689 2631 748 2660 τοῖς
777 2629 932 2667 εἱρημένοις
954 2630 1006 2657 ἀπὸ

178 2679 230 2711 τῆς
244 2675 317 2708 θείας
341 2675 449 2715 Γραφῆς
476 2673 559 2703 καλὸν
591 2674 637 2702 καὶ
667 2672 749 2712 λόγον
766 2674 849 2712 ἁγίῶν
879 2674 1005 2713 Πατέρων

1059 2365 1288 2401 superabuntur.
1305 2365 1349 2393 Ad
1366 2372 1400 2393 ea
1415 2366 1515 2393 autem
1532 2373 1596 2401 qua:
1612 2366 1748 2401 superius
1763 2375 1797 2394 cx
1812 2367 1885 2395 Scri-

1059 2413 1145 2446 ptura
1164 2418 1247 2438 sacra
1261 2409 1339 2437 dicta
1363 2412 1443 2445 sunt,
1459 2409 1623 2445 adjicienda
1647 2413 1815 2439 sanctorum
1833 2413 1886 2440 Pa-

1058 2457 1139 2482 trum
1155 2454 1242 2482 dicta.
1254 2454 1306 2489 (90)
1318 2453 1432 2481 Dictum
1448 2456 1493 2482 est
1512 2454 1610 2489 itaque
1626 2463 1641 2481 a
1657 2458 1757 2483 sancto
1780 2457 1885 2485 Basilio

1060 2499 1194 2527 Caesareae
1208 2498 1397 2534 Cappadocia
1417 2498 1554 2534 episcopo
1573 2506 1579 2526 :
1597 2499 1748 2527 Mulierem
1774 2502 1886 2536 ignoro,

1060 2552 1113 2571 nec
1142 2546 1240 2570 tamen
1268 2542 1349 2578 virgo
1379 2551 1462 2577 sum;
1479 2551 1575 2579 usque
1604 2545 1674 2571 adeo
1705 2545 1886 2581 exploratum

1060 2587 1178 2622 habuit,
1194 2595 1252 2615 non
1276 2586 1338 2615 sola
1358 2586 1501 2623 corporali
1526 2590 1721 2624 temperantia
1737 2599 1752 2617 ιι
1769 2591 1890 2619 muliere

1060 2631 1239 2668 virginitatis
1253 2631 1364 2659 donum
1379 2634 1457 2660 recte
1472 2633 1634 2669 possideri;
1651 2635 1700 2661 sed
1718 2635 1810 2663 multo
1826 2644 1890 2664 ma-

1061 2677 1106 2713 gis
1119 2676 1224 2705 animas
1239 2676 1394 2705 sanctitate
1410 2677 1597 2715 puritateque
1612 2687 1645 2706 ac
1661 2680 1764 2708 timore
1775 2681 1825 2710 Dei
1842 2681 1893 2709 ha-

216 2760 241 2778 “
253 2758 380 2796 Philipp.
395 2766 441 2794 In,
454 2757 500 2786 20.
538 2757 562 2776 “
575 2756 679 2786 Matth.
695 2764 724 2792 v,
739 2757 785 2785 28.
823 2756 845 2774 “
860 2758 944 2785 Prov.
961 2765 1001 2794 ιι,

1058 2778 1063 2786 .
1101 2757 1123 2776 ⁵⁷
1139 2757 1217 2788 Psal.
1233 2766 1259 2795 ο,
1274 2759 1302 2787 8.
1340 2759 1362 2776 ⁸⁸
1378 2759 1456 2788 Psal.
1471 2768 1583 2796 cxxxvr,
1600 2761 1627 2789 9.

223 2843 280 2916 l3
291 2842 370 2909 itit:
382 2851 411 2907 ‘3'.
425 2842 472 2907 ἐξ.

1113 2843 1158 2916 ξιξ
1173 2843 1247 2908 ιιι-
1263 2851 1288 2907 ε-

1113 2879 1157 2910 90)
1173 2879 1247 2908 Ibid.
1263 2887 1289 2908 α.
1305 2879 1350 2910 19.

1991 0 2006 273 γ
