4102 6218
356 366 472 426 879

1518 362 1584 428 S.
1631 360 2160 430 A'I‘HANASIUS.
2183 398 2264 414 —
2294 362 2602 431 SPURIA.

361 499 482 554 beri
519 497 721 553 solere.
746 496 925 552 Aiunt
953 496 1092 554 item
1116 497 1336 567 Patres,
1356 514 1471 555 non
1503 516 1676 572 posse
1696 517 1804 558 nos
1829 483 2003 556 casti?

2120 495 2513 572 ἐπιμνησθῆναι
2547 495 2637 570 δή.
2699 498 2926 575 Εῖρηται
2960 496 3140 555 τοίνυν
3184 503 3265 572 τῷ
3498 498 3764 573 Βασιλείῳ

361 589 498 644 tatis
529 587 792 658 perfectae
816 586 1095 643 virtutem
1127 586 1445 661 possidere,
1468 588 1583 646 nisi
1613 590 1777 664 prius
1805 604 2003 646 veram

2114 590 2191 659 τῷ
2262 585 2544 660 ἐπισκὸπῳ
2622 585 2939 663 Καισαρείας
3008 585 3418 652 Καππαδοκίας·
3493 587 3593 645 Καὶ
3666 610 3765 665 γυ-
3876 666 3885 674 .

359 678 417 732 in
468 679 640 732 corde
690 676 1082 733 humilitatem
1133 676 1589 748 possideamus:
1636 694 1827 753 neque
1872 693 2007 734 vera

358 766 690 837 cognitione
722 766 931 838 dignos
974 763 1179 822 haberi
1208 767 1468 838 quandiu
1503 767 1561 823 in
1592 768 1801 824 animas
1832 783 2005 840 pene-

360 856 608 910 tralibus
645 853 1042 910 fornicationis
1082 855 1325 911 affectus
1367 855 1517 913 situs
1546 857 1675 914 erit.
1710 858 1779 915 Ut
1807 861 2004 914 autem

362 962 633 1016 magnam
668 943 1009 1014 huiusmodi
1038 944 1313 1000 virtutem
1346 962 1414 1000 ex
1435 946 1714 1018 Apostolo
1745 946 1873 1019 ipso
1902 963 2005 1019 pa-

357 1034 472 1088 lam
507 1036 813 1100 fucinmUs,
840 1050 1017 1088 unam
1046 1034 1174 1104 ejus
1204 1050 1601 1092 memoremus
1630 1036 2004 1106 sententiam,

358 1141 476 1194 qua
534 1124 804 1195 loquendi
868 1124 1044 1179 finem
1101 1122 1404 1181 faciemus.
1430 1148 1458 1176 ‹‹
1510 1125 1743 1193 Pacem,
1789 1125 2005 1198 inquit,

360 1212 677 1282 sequimini
734 1228 867 1266 cum
916 1212 1214 1281 omnibus,
1264 1218 1320 1268 et
1376 1213 1826 1270 sanctimoniam
1880 1213 2008 1270 sine

362 1318 479 1371 qua
510 1317 677 1355 nemn
710 1300 927 1356 videbit
964 1299 1279 1357 Dominum
1300 1302 1364 1357 ⁴⁹.
1391 1326 1419 1353 υ
1446 1302 1608 1367 Quod
1652 1302 1808 1358 enim
1840 1318 1909 1359 ea
1936 1302 2008 1358 de

362 1402 421 1446 re
452 1392 744 1460 loquatur,
772 1390 1073 1462 propalam
1093 1394 1271 1447 estex
1299 1389 1373 1448 iis
1393 1408 1521 1462 quae
1541 1375 2008 1464 subjunxit,cum

362 1480 444 1535 ait
474 1497 487 1536 :
512 1502 537 1529 ‹‹
562 1480 641 1535 Nc
668 1480 799 1550 quis
832 1477 1167 1549 fornicator,
1191 1483 1295 1535 aut
1322 1481 1625 1552 profanus,
1649 1485 1714 1537 ut
1734 1481 1883 1537 Esau
1906 1482 2005 1537 ⁸ο.»

362 1574 587 1636 Quanto
622 1569 816 1638 itaque
851 1567 1040 1641 magis
1070 1567 1324 1626 caelestis
1346 1575 1403 1626 et
1431 1568 1693 1642 angelica
1715 1574 1806 1626 est
1825 1570 2010 1626 virtus

359 1659 665 1725 castitatis,
691 1663 851 1713 tanto
883 1656 1250 1731 gravioribus
1272 1658 1345 1714 ab
1373 1657 1611 1715 inimico
1642 1657 1876 1716 insidiis
1905 1675 2007 1732 op-

358 1753 675 1819 pugnatur.
712 1746 1101 1812 Quamobrem
1132 1762 1337 1804 curare
1366 1747 1652 1805 debemus
1686 1764 1800 1804 non
1834 1748 2009 1804 modo

360 1840 424 1891 ut
481 1837 739 1907 corporis
798 1835 1241 1908 temperantiam
1300 1851 1622 1903 servemus,
1672 1836 1773 1893 sed
1830 1834 2006 1893 etiam

359 1926 768 1980 contritionem
802 1924 1016 1991 cordis,
1047 1941 1115 1980 ac
1158 1924 1494 1996 frequentes
1523 1941 1660 1981 cum
1689 1924 2009 1998 gemitibus

360 2015 652 2069 orationes
696 2014 1044 2081 fundamus;
1076 2013 1159 2069 ita
1186 2018 1254 2069 ut
1282 2018 1492 2070 nostris
1540 2014 1736 2071 carnis
1783 2014 2008 2086 fornax,

362 2121 536 2175 quam
563 2122 658 2157 rex
678 2102 1064 2175 Babylonicus
1085 2101 1344 2159 stimulis
1365 2103 1850 2176 concupiscentiae
1872 2119 2012 2177 quo-

362 2193 501 2248 tidie
543 2192 825 2261 accendit,
863 2206 990 2247 rore
1040 2191 1360 2263 praesentia;
1408 2192 1595 2248 sancti
1627 2192 2010 2264 Spiritusex-

360 2282 714 2354 stinguatur.
750 2282 831 2335 .\d
877 2279 999 2336 haec
1031 2279 1357 2353 maximum
1389 2281 1559 2337 nobis
1589 2280 1772 2337 telum
1804 2283 2008 2338 adver-

360 2388 461 2427 sus
502 2371 789 2440 ejusmodi
841 2369 1073 2425 hostem
1120 2369 1404 2442 suppetit,
1435 2368 1648 2442 vigiliae
1690 2369 1918 2427 scilicet
1946 2370 2007 2427 in

361 2463 470 2516 Deo
504 2464 764 2515 servatae.
784 2458 1291 2524 Quemadmodum
1322 2460 1478 2515 enim
1510 2459 1752 2515 castitas
1772 2464 1830 2516 et
1854 2460 2007 2515 diur-

356 2566 432 2603 na
461 2549 731 2603 custodia
772 2551 1119 2604 nocturnam
1156 2547 1307 2604 320
1355 2551 1687 2620 praeparant
1730 2549 2007 2605 sanctita-

358 2643 504 2697 tem;
538 2640 615 2692 ita
650 2644 947 2692 nocturnae
979 2636 1038 2692 in
1068 2635 1185 2692 Deo
1212 2634 1423 2708 vigilia
1452 2635 1845 2692 diurnam.....

2111 680 2271 731 ναῖκα
2315 675 2521 752 ἀγνοῶ,
2566 676 2657 731 καὶ
2706 675 2969 752 παρθὲνος
3016 676 3116 734 οὐκ
3158 676 3295 752 εἶμί·
3350 682 3610 734 τοσοῦτον
3652 675 3763 754 ἐγί-

2112 784 2283 820 νωσκε
2314 765 2392 839 μή
2424 763 2477 820 ἐν
2507 763 2577 840 τῇ
2603 769 2891 842 σωματικῇ
2939 765 3078 841 μόνῃ
3118 765 3309 844 ἀποχῇ
3361 773 3463 837 τῆς
3509 767 3764 844 γυναικὸς

2111 852 2175 909 τὸ
2206 850 2382 930 δῶρον
2412 861 2513 925 τῆς
2562 854 2849 932 παρθενίας
2907 856 3321 933 κατορθοῦσθαι,
3373 855 3500 912 ὅσον
3662 862 3761 926 τῆς

2112 945 2299 1019 ψυχῆς
2358 942 2628 1020 ἁγιωσύνῃ
2679 945 2770 1000 καὶ
2824 943 3153 1020 καθαρότητι
3211 946 3247 1015 ἢ
3292 949 3373 1018 τῷ
3423 939 3581 1025 φόϐῳ
3628 943 3763 1003 Θεοῦ

2112 1036 2506 1108 κατορθοῦσθαι
2534 1031 2755 1112 πέφυκε.
2806 1033 3039 1111 Λέγουσι
3071 1031 3130 1090 δὲ
3156 1033 3247 1090 καὶ
3276 1039 3439 1091 τοῦτο
3489 1035 3546 1089 οἱ
3596 1034 3765 1090 Πατέ-

2116 1140 2227 1197 ρες,
2263 1122 2341 1195 μὴ
2395 1118 2650 1186 δύνασθαι
2706 1124 2857 1196 ἡμᾶς
2910 1124 3012 1193 τήν
3067 1122 3262 1201 ἀρετὴν
3293 1126 3393 1194 τῆς
3422 1123 3635 1199 ἁγνείας
3682 1144 3768 1179 τε·

2115 1209 2263 1274 λείας
2309 1213 2629 1281 κτήσασθαι,
2669 1212 2715 1267 εἱ
2767 1213 2843 1285 μὴ
2893 1211 3156 1290 πρότερον
3200 1212 3473 1285 ἀληθινὴν
3513 1233 3767 1269 ταπεινοο

2115 1298 2387 1378 φροσύνην
2441 1300 2495 1355 ἐν
2551 1303 2622 1375 τῇ
2677 1297 2875 1377 καρδίᾳ
2928 1300 3279 1375 κτησώμεθα’
3338 1298 3465 1357 0’61:
3520 1298 3582 1356 δὲ
3622 1302 3767 1378 γνώ-

2116 1409 2254 1452 σεως
2303 1387 2547 1460 ἀληθοῦς
2584 1389 2981 1461 καταξιωθῆναι
3039 1388 3120 1470 ἐφ’
3164 1389 3293 1447 ὅσον
3344 1391 3397 1447 ἐν
3446 1395 3569 1454 τοῖς
3626 1391 3769 1445 ἀπο-

2114 1477 2342 1556 κρόφοις
2394 1484 2495 1548 τῆς
2551 1480 2736 1554 ψυχῆς
2790 1478 2855 1533 τὸ
2911 1478 3080 1541 πάθος
3135 1481 3237 1549 τῆς
3282 1479 3531 1556 πορνείας
3580 1477 3770 1555 ἐγκαθ-

2115 1566 2310 1636 ἑζεται.
2340 1568 2456 1624 Ἵνα
2485 1563 2543 1623 δὶ
2569 1566 2632 1621 τὸ
2665 1566 2801 1643 μέγα
2825 1566 2992 1623 τοῦάο
3040 1566 3371 1642 κατόρθωμα
3416 1567 3508 1623 καὶ
3556 1566 3616 1623 ἐκ
3665 1571 3766 1624 τοῦ

2116 1653 2455 1714 Ἀποστόλου
2491 1652 2774 1733 δείξωμεν,
2831 1661 2958 1730 μιᾶς
3000 1654 3167 1712 αὐτοῦ
3217 1655 3633 1731 ἐπιμνησθέντες
3678 1655 3769 1713 λέο

2116 1744 2267 1817 ξεως,
2313 1743 2744 1818 καταπαύσωμεν
2798 1743 2890 1800 τὸν
2952 1742 3140 1821 λόγον.
3200 1769 3230 1799 ι(
3289 1746 3550 1822 Εἱρήνην,
3604 1745 3762 1817 φησὶ,

2116 1830 2340 1889 διώκετε
2371 1834 2506 1907 μετὰ
2545 1834 2781 1904 πάντων,
2826 1834 2917 1889 καὶ
2974 1834 3067 1889 τὸν
3115 1834 3408 1910 ἀγιασμὸν,
3462 1831 3527 1890 οὗ
3584 1834 3767 1911 χωρὶς

2116 1920 2293 1985 οὐδεὶς
2324 1919 2512 1996 ὄψεται
2567 1921 2660 1977 τὸν
2719 1920 2940 2000 Κύριον.
3008 1946 3039 1975 ››
3087 1924 3213 1980 ’Ότι
3264 1921 3368 2000 γάρ
3416 1922 3544 2000 περὶ
3567 1924 3767 1979 τούτου

2117 2010 2284 2089 λίγει,
2316 2008 2485 2081 δῆλον
2514 2009 2567 2082 ἐξ
2597 2013 2673 2066 ὧν
2705 2010 2997 2089 ἐπήγαγεν,
3029 2011 3217 2068 εἱπώνο
3254 2035 3276 2065 ι
3312 2017 3405 2087 ny
3444 2033 3531 2076 τις
3561 2012 3766 2089 πόρνος

2114 2102 2150 2171 ἢ
2183 2095 2422 2177 βέϐηλος
2454 2100 2529 2163 ὡς
2579 2100 2764 2158 Ἠσαῦ.
2818 2123 2848 2153 n
2897 2101 3063 2159 ’Όσον
3105 2100 3293 2158 τοίνυν
3345 2100 3615 2179 οὐράνιον,
3673 2101 3768 2157 καὶ

2116 2186 2403 2266 ἀγγελικὸν
2466 2188 2699 2265 ὑπάρχει
2752 2189 2815 2244 τὸ
2867 2190 3200 2267 κατόρθωμα
3255 2191 3358 2260 τῆς
3430 2189 3767 2266 ἀγνοσύνης.

2119 2284 2374 2335 τοσοῦτον
2410 2278 2725 2354 βαρυτέραις
2756 2278 2902 2355 παρὰ
2928 2282 3036 2334 τῶν
3080 2276 3394 2336 ἀντιπάλων
3440 2274 3768 2343 ἐπιϐουλαῖς

2115 2367 2462 2441 πολεμεῖται.
2508 2366 2611 2425 Καὶ
2656 2366 2855 2424 τούτου
2911 2368 3073 2446 χάριν
3106 2365 3427 2439 σπουδάζειν
3471 2367 3767 2447 ὀφείλομεν

2116 2457 2178 2513 οὐ
2212 2457 2374 2531 μόνον
2408 2455 2719 2532 ἐγκράτειαν
2751 2456 3005 2530 σώματος
3045 2457 3250 2531 ἀσκεῖν,
3298 2456 3447 2513 ἀλλὰ
3485 2458 3578 2514 καὶ
3636 2479 3771 2514 συν-

2112 2540 2307 2623 τριϐἠν
2364 2541 2613 2620 καρδίας,
2668 2545 2760 2600 καὶ
2818 2547 3018 2609 πυκνάς
3073 2548 3382 2623 προσευχὰς
3450 2547 3585 2621 μετὰ
3640 2568 3762 2603 στε-

2113 2637 2357 2710 ναγμῶν·
2417 2631 2556 2688 ὣστε
2620 2634 2720 2703 τήν
2779 2634 3009 2708 κάμινον
3064 2641 3166 2706 τῆς
3221 2634 3489 2709 ἡμετερας
3538 2637 3769 2711 σαρκὸς,

357 2728 421 2795 ἦν
456 2727 483 2780 ὁ
516 2721 862 2787 Βαϐυλώνιος
897 2722 1150 2802 βασιλεὺς
1171 2729 1287 2786 τοῖς
1317 2731 1418 2795 τῆς
1448 2722 1732 2798 ἐπιθυμίας
1762 2723 2071 2801 ἐρεθισμοῖς
2101 2724 2219 2779 καθ’
2248 2723 2474 2794 εκάστην
2524 2720 2768 2793 ἀνάπτει,
2934 2720 3114 2800 δρόσῳ
3160 2730 3260 2795 τῆς
3310 2723 3611 2801 παρουσίας
3666 2728 3769 2782 τοῦ

360 2816 511 2889 ἁγίου
546 2815 857 2886 Πνεῦματος
887 2808 1305 2884 ἀποσϐεσθῆναι.
1343 2813 1484 2889 Πρὸς
1522 2810 1581 2869 δὶ
1606 2813 1821 2869 τούτοις
1856 2814 2110 2890 μέγιστον
2144 2815 2278 2886 ἡμῖν
2307 2809 2479 2867 ὅπλον
2508 2812 2645 2888 πρὸς
2676 2813 2768 2868 τὸν
2798 2811 3069 2888 πολέμιον
3115 2817 3305 2869 τοῦτον
3351 2813 3679 2885 καθέστηκεν
3728 2816 3767 2885 ἡ

356 2906 489 2959 κατᾶ
521 2906 645 2958 Θεὸν
683 2902 965 2979 ἀγρυπνία.
994 2906 1197 2978 Ὥσπερ
1229 2902 1333 2979 γᾶθ
1362 2904 1397 2973 ἡ
1429 2902 1628 2980 ἁγνεία,
1658 2903 1749 2958 καὶ
1779 2905 1815 2974 ἡ
1873 2900 2236 2983 παραφυλακὴ
2292 2907 2392 2972 τῆς
2448 2901 2658 2977 ἡμέρας
2728 2902 2827 2971 τήν
2884 2903 3199 2979 νυκτερινὴν
3257 2904 3762 2980 παρασκευάζουσιν

363 2994 666 3069 ἁγοσῦνην,
701 2993 871 3056 οὕτως
902 2995 938 3064 ἡ
969 2991 1253 3066 νυκτερινή
1283 2992 1416 3047 κατὰ
1447 2994 1573 3048 Θεὸν
1608 2992 1878 3069 ἀγρυπνία
1906 2993 2005 3063 τὴν
2037 2993 2307 3067 ἡμερινήν

430 3085 481 3138 3.
512 3086 619 3154 (91)
654 3084 918 3139 Tertium
950 3082 1119 3139 nobis
1157 3086 1248 3138 est
1275 3086 1569 3139 certamen
1604 3088 1809 3140 contra
1836 3082 2007 3157 spiri-

2190 3082 2245 3138 3.
2271 3078 2461 3156 Τρίτος
2490 3078 2632 3135 ἐστὶν
2661 3081 2798 3153 ἡμῖν
2829 3078 2976 3157 ἀγὼν
3001 3080 3139 3136 κατὰ
3176 3085 3275 3136 τοῦ
3321 3082 3619 3156 πνεύματος
3660 3087 3766 3151 τῆς

363 3183 482 3227 tum
520 3173 769 3226 avaritiae
805 3191 815 3226 :
853 3176 1192 3228 extraneum
1240 3175 1330 3227 est
1376 3170 1720 3244 hujusmodi
1761 3171 2007 3240 bellum,

361 3278 427 3316 ac
458 3266 618 3314 extra
652 3266 926 3315 naturam
952 3274 1082 3316 esse
1110 3259 1587 3331 deprehenditur,
1616 3264 1790 3332 atque
1819 3261 2008 3318 incre-

361 3349 624 3403 dulitatis
675 3347 977 3404 occasione
1032 3346 1319 3404 monacho
1365 3346 1672 3420 contingit.
1704 3348 2007 3405 Enimvero

360 3438 609 3494 aliorum
660 3437 975 3493 affectuum
1015 3434 1262 3504 stimuli,
1294 3433 1393 3491 iraa
1422 3434 1645 3492 scilicet
1691 3441 1750 3493 et
1794 3452 2007 3493 concu-

359 3528 677 3599 piscentiae,
701 3543 766 3580 ex
798 3539 1037 3598 corpore
1066 3523 1434 3582 occasionem
1474 3523 1689 3581 habere
1718 3526 2006 3597 videntur,

360 3635 424 3673 ac
458 3616 894 3688 quodammodo
934 3613 1097 3670 insili
1136 3616 1296 3681 sunt,
1330 3618 1387 3669 et
1416 3630 1483 3670 ex
1516 3613 1818 3671 nativitate
1847 3614 2008 3687 prin-

360 3707 575 3778 cipium
609 3708 863 3761 habent:
889 3720 1017 3776 quae
1048 3719 1229 3759 causa
1266 3706 1358 3758 est
1402 3707 1467 3758 ut
1515 3702 1748 3759 nonnisi
1778 3702 2008 3760 diutino

360 3802 617 3868 tempore
661 3797 1032 3866 superentur.
1069 3791 1329 3849 Avaritiae
1373 3795 1570 3847 autem
1619 3792 1861 3849 morbus
1908 3809 2009 3850 ex-

358 3887 646 3940 trinsecus
678 3884 995 3939 adveniens
1036 3880 1268 3938 facilius
1315 3880 1577 3938 exscindi
1630 3885 1840 3953 potest,
1864 3881 2008 3938 dum

360 3976 514 4029 adsit
547 3993 682 4029 cum
714 3980 767 4027 et
799 3972 979 4028 animi
1011 3970 1275 4028 attentio.
1308 3972 1382 4026 At
1409 3969 1459 4027 si
1495 3968 1845 4043 negligatur,
1878 3986 2008 4041 per-

361 4063 633 4117 [1ίοὶυεὶοΓ
691 4063 821 4116 aliis
877 4059 1185 4117 aifectibus
1231 4064 1344 4128 est,
1389 4065 1572 4132 atque
1617 4058 2008 4116 exsecrandus

360 4151 596 4205 evadit:
635 4170 766 4205 nam
817 4150 984 4205 radix
1031 4149 1299 4205 omnium
1356 4148 1644 4205 malorum
1704 4152 1794 4204 est
1837 4148 2011 4219 juxta

358 4240 779 4310 Apostolums'.
807 4243 1025 4295 Verum
1072 4236 1182 4293 hac
1237 4236 1464 4294 ratione
1516 4235 1633 4293 ista
1677 4236 2008 4293 considere-

360 4330 639 4399 mus.(9‘2)
667 4325 972 4385 Naturales
1000 4314 1262 4397 corporis
1294 4333 1488 4383 motus
1536 4342 1652 4383 non
1703 4325 1898 4382 solum
1944 4323 2007 4383 in

356 4420 555 4492 pueris
605 4416 1068 4487 conspiciuntur,
1099 4414 1156 4469 in
1192 4415 1410 4486 quibus
1438 4415 1701 4471 nondum
1748 4419 1838 4471 est
1886 4414 2007 4472 dis-

357 4508 534 4564 cretio
567 4507 698 4561 boni
735 4512 790 4560 et
822 4503 1104 4572 mali,sed
1146 4502 1344 4573 etiam,
1369 4503 1632 4574 inquam,
1658 4502 1920 4559 minimis
1948 4507 2009 4560 et

356 4596 711 4653 lactentibus
746 4592 1093 4663 infantibus,
1108 4592 1228 4663 qui,
1249 4606 1382 4647 cum
1406 4590 1660 4647 carnalis
1692 4590 2007 4665 voluptatis

357 4702 427 4742 ne
459 4685 768 4756 vestigium
797 4682 1032 4754 quidem
1068 4680 1342 4749 habeant,
1366 4678 1424 4734 in
1448 4695 1622 4735 carne
1650 4683 1850 4737 tamen
1880 4695 2004 4737 mo-

360 4782 483 4831 tum
517 4776 809 4829 exhibent.
846 4772 947 4827 Ira:
977 4767 1253 4828 similiter
1281 4766 1561 4824 stimulus
1590 4766 1651 4823 iu
1678 4767 2008 4824 infantibus

359 4870 675 4935 comparet,
701 4862 795 4916 ubi
831 4859 962 4917 illos
983 4859 1267 4915 adversus
1288 4873 1387 4913 eos
1409 4856 1510 4930 qui
1533 4856 1647 4913 sibi
1677 4855 2007 4912 molestiam

356 4959 552 5007 creant
595 4956 919 5006 commotos
961 4946 1276 5006 cernimus.
1311 4945 1440 5002 Haec
1491 4962 1660 5018 porro
1707 4944 1857 5016 dico,
1890 4960 2007 5001 non

355 5058 469 5112 quo
507 5046 722 5095 natum.
761 5046 821 5093 ut
868 5037 1085 5110 peccati
1119 5052 1307 5092 causae
1337 5034 1644 5101 cenvicier,
1667 5032 1854 5090 absit!
1904 5031 2005 5089 sed

357 5138 419 5186 ut
451 5132 776 5195 ostendam,
806 5126 1039 5182 tametsi
1071 5125 1159 5181 ira
1188 5130 1247 5181 et
1272 5123 1753 5197 concupiscentia
1782 5121 2007 5179 homini

355 5237 387 5275 a
417 5225 673 5274 creatore
708 5224 818 5271 Deo
867 5216 938 5271 ad
994 5215 1213 5271 bonum
1246 5212 1467 5277 collatae
1498 5217 1658 5283 sunt,
1689 5211 1871 5269 videri
1920 5215 2008 5268 ta-

351 5324 485 5365 men
509 5326 641 5365 cum
663 5304 1094 5378 quodammodo
1112 5318 1182 5359 ex
1196 5302 1459 5375 corporis
1480 5306 1692 5360 natura
1710 5300 1773 5358 in
1794 5317 1862 5359 ea
1880 5315 2007 5374 qua

422 5516 466 5552 ‘9
496 5515 670 5571 Hebr.
705 5530 804 5583 xu,
838 5512 923 5568 34.
997 5510 1044 5545 ⁸ο
1072 5509 1219 5567 ibid.
1251 5507 1339 5565 16.
1416 5507 1458 5544 ⁵¹
1492 5506 1695 5564 ITim.
1726 5522 1806 5579 v1,
1840 5506 1927 5564 10.

423 5715 534 5789 (91)
565 5713 823 5769 Cassian.
856 5708 1102 5769 Iustitia.
1132 5705 1174 5765 l.
1198 5721 1301 5777 vn,
1333 5721 1386 5767 0.
1414 5707 1472 5779 1,
1500 5706 1556 5765 2.

2117 3167 2499 3246 φιλαργυρίας’
2533 3168 2678 3240 ξένος
2706 3166 2866 3232 οὗτος
2897 3169 2926 3224 ὁ
2946 3168 3215 3243 πόλεμος,
3272 3171 3365 3226 καὶ
3425 3168 3609 3243 ἔξωθεν
3656 3175 3765 3240 τῆς

2115 3258 2324 3337 φύσεως
2369 3256 2798 3334 γνωριζόμενος,
2856 3254 2907 3330 ἐξ
2954 3258 3204 3321 ἀπιστίας
3254 3262 3335 3331 τῷ
3384 3259 3620 3336 μοναχῷ
3664 3259 3769 3327 τήν

2114 3347 2369 3426 ἀφορμὴν
2416 3344 2700 3421 εὖρισκων.
2759 3345 2859 3401 Καὶ
2899 3345 3000 3423 γάρ
3047 3347 3138 3401 καὶ
3187 3350 3295 3401 τῶν
3331 3345 3521 3403 ἄλλων
3552 3352 3766 3420 παθῶν,

2116 3439 2294 3509 θυμοῦ
2324 3433 2470 3510 λέγω
2498 3433 2588 3490 καὶ
2620 3432 2928 3508 ἐπιθυμίας,
2975 3435 3028 3490 οἱ
3083 3434 3359 3511 ἐρεθισμοὶ
3400 3434 3462 3491 ἐκ
3512 3434 3612 3492 τοῦ
3664 3438 3770 3492 σώ-

2120 3544 2288 3599 ματος
2336 3520 2585 3579 δοκοῦσιν
2618 3521 2765 3600 ἔχειν
2791 3523 2888 3585 τὰς
2938 3523 3212 3602 ἀφορμὰς,
3259 3522 3350 3579 καὶ
3384 3524 3591 3598 τρόπον
3641 3528 3766 3582 τινὰ

2116 3612 2191 3675 ὡς
2222 3609 2455 3689 ἔμφυτα,
2482 3612 2573 3666 καὶ
2602 3611 2708 3667 ἀπὸ
2736 3610 2992 3688 γενέσεως
3026 3607 3226 3689 ἔχοντα
3261 3613 3363 3681 τὴν
3410 3613 3614 3689 ἀρχήν
3643 3614 3765 3670 ὅθεν

2113 3700 2205 3756 καὶ
2258 3698 2347 3756 διὰ
2380 3704 2591 3778 μακροῦ
2621 3699 2827 3778 χρόνου
2855 3704 3132 3768 νικῶνττι,
3164 3702 3226 3759 Ἥ
3259 3698 3318 3757 δὲ
3343 3706 3446 3772 τῆς
3497 3701 3769 3781 φιλαργυ-

2118 3789 2236 3866 ρίας
2293 3788 2452 3853 νόσος
2509 3785 2701 3860 ἔξωθεν
2756 3787 3102 3865 ἐπερχομὶνη
3170 3789 3552 3867 εὐχερέστερον
3612 3790 3773 3848 ἐκκό-

2114 3889 2337 3943 πτεσθαι
2369 3875 2610 3947 δῦναται,
2641 3879 2688 3933 εἱ
2728 3877 3043 3952 ἐπιμελείας
3088 3877 3253 3953 τῦχοι
3306 3879 3403 3933 καὶ
3455 3888 3768 3957 προσοχῆς·

2114 3965 2455 4041 ἀμεληθεῖσα
2512 3964 2571 4023 δὲ
2627 3965 2994 4043 ὀλεθριωτὲρα
3048 3970 3157 4023 τῶν
3216 3964 3403 4024 ἄλλων
3458 3971 3644 4025 παθῶν
3674 3969 3771 4026 καὶ

2118 4051 2527 4127 συναπόϐλητος
2584 4055 2811 4131 γίνεται’
2872 4053 2995 4132 ῥίζα
3039 4056 3141 4133 γὰρ
3189 4053 3406 4112 πάντων
3445 4060 3555 4113 τῶν
3585 4062 3772 4115 una»

2118 4142 2231 4200 ἐστι
2285 4146 2422 4200 κατὰ
2464 4143 2556 4200 τδν
2614 4143 2969 4202 Ἀπόστυλον.
3025 4146 3401 4220 Σκοπήσωμεν
3471 4142 3532 4202 δὲ
3597 4146 3769 4207 οὕτω.

2113 4238 2219 4289 Τοῦ
2267 4234 2523 4308 σώματος
2565 4234 2620 4288 αἱ
2678 4233 2897 4311 φυσικαὶ
2944 4235 3183 4305 κινήσεις
3234 4233 3297 4290 οὗ
3350 4234 3515 4308 μόνον
3560 4234 3616 4291 ἐν
3646 4242 3769 4301 τοῖς

2114 4322 2269 4379 παισὶ
2317 4324 2667 4398 θεωροῦνται,
2717 4322 2770 4378 ἐν
2829 4322 2911 4385 οἷς
2957 4321 3112 4379 οὕπω
3162 4320 3447 4400 διάγνωσις
3476 4324 3680 4403 ἀγαθοῦ
3710 4347 3775 4383 τε

2113 4411 2203 4468 καὶ
2232 4416 2402 4468 κακοῦ
2445 4412 2726 4489 τυγχάνει,
2787 4409 2932 4467 ἀλλὰ
2983 4412 3075 4467 καὶ
3128 4409 3179 4466 ἐν
3230 4417 3347 4476 τοῖς
3402 4413 3776 4490 βραχυτάτοις

2112 4500 2203 4555 καὶ
2233 4498 2710 4577 γαλουχουμένοις
2740 4498 2987 4573 νηπίοις,
3021 4500 3192 4571 ἅτινα,
3229 4497 3371 4574 μηδὲ
3392 4500 3547 4578 ἴχνος
3568 4499 3774 4578 ἔχοντα

2115 4595 2375 4663 σαρκικῆς
2434 4585 2660 4658 ἡδονῆς,
2710 4588 2864 4662 ὅμως
2915 4586 2967 4644 ἐν
3007 4592 3075 4664 τῇ
3106 4589 3263 4665 σαρκὶ
3294 4589 3622 4663 σημαίνουσι
3680 4592 3775 4648 κί-

2111 4696 2293 4748 νησιν.
2323 4676 2566 4751 Ὁμοίως
2594 4675 2682 4733 καί
2713 4681 2810 4732 τοῦ
2840 4678 3017 4751 θυμοῦ
3045 4677 3109 4734 τὰ
3136 4676 3358 4756 κὲντρον
3391 4677 3445 4735 ἐν
3493 4684 3613 4743 τοῖς
3664 4702 3779 4752 νη-

2112 4765 2261 4829 πίοις
2308 4771 2611 4843 θεωρεῖται,
2661 4764 2784 4823 ὅταν
2837 4766 3231 4842 συγκινούμενα
3275 4771 3443 4823 ταῦτα
3471 4768 3608 4845 πρὸς
3634 4768 3776 4835 τοὺς

2114 4852 2496 4926 λελυπηκότας
2526 4856 2762 4932 ὁρῶμεν.
2797 4853 2899 4912 Καὶ
2925 4858 3092 4911 ταῦτα
3122 4853 3288 4933 λέγω,
3338 4855 3403 4911 οὐ
3452 4857 3552 4925 τὴν
3603 4857 3773 4936 φύσιν

2112 4943 2371 5014 κακίζων,
2403 4942 2478 5006 ὡς
2508 4942 2771 5017 ἁμαρτίας
2828 4941 3026 5016 αἱτίαν,
3083 4945 3159 5018 μή
3206 4942 3456 5021 γένοιτοί
3491 4942 3621 5003 ἀλλ’
3670 4944 3777 5005 ἵνα

2116 5029 2297 5104 δείξω,
2326 5030 2410 5087 δτι
2441 5033 2611 5103 θυμὸς
2643 5031 2737 5105 μὶν
2786 5032 2876 5087 καὶ
2908 5030 3192 5107 ἐπιθυμια,
3223 5033 3268 5087 εἱ
3310 5034 3399 5088 καὶ
3442 5031 3526 5089 ἐπ’
3576 5036 3777 5111 ἀγαθῷ

2113 5122 2259 5198 παρὰ
2310 5124 2410 5176 τοῦ
2456 5124 2592 5202 θεοῦ
2639 5124 2736 5176 τοῦ
2784 5117 3128 5198 δημιουργοῦ
3199 5120 3626 5198 συνεζεύχθησαν
3685 5125 3777 5200 τῷ

2114 5209 2404 5285 ἅνθρώπῳ,
2434 5206 2563 5265 ἀλλ’
2594 5208 2688 5265 οὗν
2717 5229 2782 5286 γε
2811 5205 2961 5264 δοκεῖ
2986 5229 3105 5273 πως
3137 5208 3198 5266 ἐκ
3223 5215 3332 5267 τῶν
3372 5215 3615 5289 φυσικῶν
3664 5218 3777 5272 τοῦ

2114 5298 2369 5374 σώματος
2429 5298 2505 5360 εἱς
2551 5298 2617 5355 τά
2664 5299 2811 5375 παρὰ
2855 5296 3012 5378 φάσιν
3043 5294 3133 5356 διὰ
3160 5295 3427 5377 ῥᾳθυμίας
3458 5297 3775 5361 ἐκπίπτειν.

2166 5703 2279 5781 (92)
2309 5702 2456 5763 Ibid.
2488 5719 2539 5763 ο.
2571 5704 2627 5763 3.
