2051 3109
772 173 963 205 EPISTOLA
985 173 1012 203 ll
1036 173 1088 203 AD
1110 173 1332 204 CASTOREM.

1846 177 1906 208 886

196 241 346 279 ἆμλυέτω
372 241 535 279 [inlustre]
560 242 598 273 εἰς
621 242 666 269 τὸν
696 239 765 269 ἴδιον
796 240 891 276 οἰκον,
920 240 1012 276 μήποτ

1082 239 1203 275 tiamus,
1220 239 1305 268 nobis
1320 241 1447 276 perfecte
1457 241 1696 276 renuntiandum,
1713 244 1800 279 atque
1814 244 1856 272 ita
1866 245 1903 273 ad

196 286 337 314 πτοεῖσθαι
361 287 473 321 ποιήσοι
496 287 545 317 τὰς
560 285 671 324 καρδίας
689 288 743 313 τῶν
760 284 884 324 ἀδελφῶν
901 284 993 312 αὐτοῦ.
1008 296 1022 310 n

196 332 274 359 Ἐστι
297 334 348 365 τῆς
371 330 520 368 μαρτυρίας
543 330 644 366 ταύτης
672 329 868 370 ἀσφαλέστερόν
892 330 951 364 τιῆ
979 339 1023 356 σα-

196 375 340 414 φέστερον;
363 375 421 405 Οὐκ
446 375 497 413 ἄρα
522 373 566 403 διὰ
584 375 687 403 τούτων
714 374 883 412 μανθάνομεν
910 375 935 401 οἱ
955 373 1021 401 ἀπο-

194 419 358 456 τασσόμενοι
391 422 432 456 τῷ
458 419 556 456 κόσμῳ
588 419 700 451 τελείως
727 419 922 447 ἀποτάσσεσθαι
940 441 948 454 ,
977 419 1022 446 καὶ
1044 453 1047 456 _

195 463 284 495 οὕτως
300 464 344 492 ἐπὶ
360 464 408 492 τὸν
431 463 554 501 πόλεμον
578 462 722 499 ἐκϐαίνειν,
747 464 782 498 εἰ.
797 464 836 500 μή
852 462 896 491 διὰ
909 462 957 491 τοῦ
973 463 1021 501 βα-

195 509 254 537 λεῖν
271 508 360 547 ἀρχὴν
373 509 477 547 χαύνην
492 508 537 536 καὶ
564 507 760 548 διεφθαρμένην
786 508 942 546 ἀνατρέπειν
957 507 1021 539 τοὺς

193 553 300 584 ἄλλους
325 553 378 582 ἀπὸ
404 557 454 588 τῆς
481 552 659 592 εύαγγελικῆς
689 552 860 588 τελειότητος
878 575 885 582 .
911 551 1020 587 Ἐπειδὴ

192 597 224 625 δὲ
238 608 309 629 τινες
323 598 355 625 τὸ
378 597 471 630 καλῶς
495 597 641 636 εἰρημένον
665 600 699 635 τῇ
728 599 831 637 Γραφῇ·
849 610 862 624 κ
879 597 1019 633 Μακάριόν

191 642 250 670 ἐστι
266 641 381 678 διδόναι,
398 642 415 677 ἢ
434 640 595 679 λαμϐάνειν,
611 652 625 669 ι
642 644 733 674 κακῶς
749 642 940 681 ἐρμηνεύουσι,
958 642 1019 680 βια-

192 686 305 722 ζόμενοι
321 686 390 724 πρὸς
405 687 454 721 τήν
472 685 542 714 ἰδίαν
558 686 663 721 ἀπάτην
687 687 731 714 καὶ
755 688 805 722 τὴν
820 690 870 721 τῆς
886 685 1019 725 φιλαργυ-

190 730 254 769 ρίας
282 731 426 768 ἐπιθυμίαν
450 732 499 766 τήν
526 730 628 759 ἔννοιαν
652 733 702 759 τοῦ
727 731 812 770 ῥητοῦ
834 730 1020 769 παραλογιζό-

191 786 284 812 μενοι,
300 776 345 803 καὶ
359 776 408 811 τήν
423 777 472 803 τοῦ
487 776 585 813 Κυρίου
610 774 783 803 διδασκαλίαν
810 776 859 810 τήν
877 774 1017 814 λέγουσαν·

193 832 205 847 ι
225 821 258 849 Εἰ
284 819 371 852 θέλεις
394 820 498 852 τέλειος
532 820 598 848 εἰναι
616 844 624 856 ,
648 821 779 856 πώλησόν
806 831 854 848 σου
876 820 910 848 τὰ
934 820 1019 857 ὑπάρ-

189 875 291 903 χοντα,
307 865 352 893 καὶ
376 864 421 896 δὸς
442 868 576 904 πτωχοῖς,
593 866 637 894 καὶ
662 864 730 901 ἕξεις
746 865 879 903 θησαυρὸν
895 864 921 892 ἐν
937 865 1018 902 οὖρα-

187 912 242 946 νῷ,
258 909 303 937 καὶ
320 909 410 948 δεῦρο,
427 909 572 943 ἀκολούθει
585 919 642 947 μοι·
656 922 670 936 ››
686 910 730 938 καὶ
741 910 862 948 κρίνουσι
871 913 922 945 τῆς
937 910 1019 944 ἀκτη-

189 954 316 990 μοσύνης
354 955 558 993 μακαριώτερον
592 955 624 982 τὸ
661 954 821 990 ἐξουσιάζειν
859 957 908 982 τοῦ
946 953 1017 982 ἰδίου

187 998 326 1033 πλούτου,
352 999 396 1027 καὶ
421 998 451 1026 ἐκ
464 1003 515 1034 τῆς
539 999 637 1027 τούτου
661 998 817 1037 περιουσίας
842 998 945 1027 διδόναι
959 1001 1017 1030 τοῖς

188 1043 345 1080 δεομένοις·
361 1044 563 1082 γινωσκέτωσαν
580 1044 607 1071 οἱ
627 1046 749 1071 τοιοῦτοι
776 1045 860 1080 μήπω
884 1043 1016 1071 ἀποτετά-

188 1089 257 1126 χΘαι
274 1090 313 1125 τῷ
327 1088 434 1125 κόσμῳ,
451 1088 521 1125 μηδὲ
536 1086 663 1124 ἐπιϐῆναι
676 1092 726 1124 τῆς
743 1091 897 1126 μοναχικῆς
912 1088 1016 1116 τελειό-

186 1143 286 1168 τητος,
302 1132 344 1171 ἐφ’
358 1132 420 1160 ὅαον
444 1132 653 1171 ἐπαισχύνονται
677 1133 727 1168 τὴν
752 1133 819 1170 ὑπὲρ
843 1135 959 1171 Χριστοῦ
975 1132 1016 1160 ἔν-

187 1176 270 1212 δοξον
289 1177 355 1213 μετὰ
369 1176 418 1205 τοῦ
440 1177 609 1206 Ἀποστόλου
629 1175 773 1205 ἀναλαϐεῖν
797 1177 946 1215 πτωχείαν,
971 1178 1016 1205 καὶ

184 1223 241 1257 τήν
256 1224 310 1250 τῶν
326 1222 427 1260 χειρῶν
443 1222 566 1261 ἐργασίαν
590 1224 695 1254 ἑαυτοῖς
716 1233 746 1251 τε
768 1223 814 1250 καὶ
838 1225 897 1254 τοῖς
919 1221 1017 1259 δεομέ-

184 1277 248 1298 νοις
273 1267 426 1303 ὁπηρετεῖν.
458 1267 488 1295 Ei‘
517 1266 546 1295 δὲ
573 1267 749 1304 ἐπιθυμοῦσιν
776 1266 849 1306 ἔργῳ
863 1266 1016 1305 πληρῶσαι

184 1313 240 1346 τήν
259 1310 409 1348 μοναδικὴν
426 1311 598 1351 ἐπαγγελίαν,
614 1312 659 1340 καὶ
685 1313 752 1349 μετὰ
771 1315 820 1340 τοῦ
846 1312 1016 1340 Ἀποστόλου

185 1356 353 1392 δοξασθῆναι
369 1355 608 1395 διασκορπίσαντες
632 1357 679 1385 τὸν
705 1356 821 1385 παλαιὸν
845 1356 963 1385 πλοῦτον
990 1356 1015 1384 ἐν

186 1400 269 1437 λιμῷ
283 1401 329 1428 καὶ
345 1399 415 1438 δίψει
431 1402 475 1429 καὶ
491 1401 654 1439 γιμνότητι,
673 1401 740 1438 μετὰ
753 1404 801 1429 τοῦ
816 1400 927 1429 Παύλου
942 1401 1015 1439 ἀγω-

183 1446 352 1480 νιζέσθωσαν
376 1446 422 1473 τὸν
446 1445 530 1474 καλὸν
554 1446 654 1484 ἀγῶνα.
681 1446 731 1474 Καὶ
755 1446 806 1484 γάρ
832 1446 855 1474 εἰ
881 1446 912 1474 τὸ
941 1445 1014 1484 ἔχειν

182 1488 306 1518 παλαιὸν
333 1489 453 1518 πλοῦτον
476 1490 682 1529 ἀναγκαιότερον
708 1489 851 1529 ἐγίνωσκεν
879 1490 947 1528 πρὸς
974 1501 1016 1518 τε-

183 1534 299 1563 λείωσιν
316 1534 330 1561 ὁ
346 1534 425 1566 αὐτὸς
441 1534 623 1569 Ἀπόστολος,
643 1534 692 1562 οὐκ
716 1535 745 1563 ἂν
768 1534 950 1574 κατεφρόνησε
963 1538 1013 1571 τῆς

183 1578 307 1617 πρώτηξ
331 1578 412 1606 αὐτοῦ
441 1579 515 1614 ἀξίας
532 1589 539 1595 ·
569 1579 702 1616 ἐπίσημον
738 1580 789 1618 γὰρ
818 1581 891 1617 Λέγει
921 1580 1014 1607 ἑαυτὸν

184 1608 341 1661 γεγονέναι,
359 1623 404 1651 καὶ
429 1608 546 1659 πολίτην
571 1608 724 1660 Ῥωμαίων.
742 1608 794 1652 ίίαὶ
816 1624 842 1652 οἱ
857 1608 884 1652 ἐν
899 1625 1013 1663 Ἱεροσο-
1029 1608 1050 1642 C

185 1668 291 1704 λύμαις
306 1666 346 1702 δὲ,
362 1666 457 1700 οἵτινες
468 1667 592 1696 ἐπώΛουν
607 1668 655 1699 τὰς
680 1668 766 1700 οἰκίας
788 1668 875 1696 αὐτῶν
890 1669 936 1697 καὶ
949 1669 1013 1701 τοὺς

185 1712 303 1751 ἀγροὺς,
314 1712 358 1740 καὶ
374 1712 492 1745 ἐτίθεσαν
507 1713 580 1751 παρὰ
593 1712 657 1744 τοὺς
672 1711 756 1744 πόδας
770 1715 823 1740 τῶν
840 1712 1013 1748 ἀποστόλων,

185 1757 240 1785 οὐκ
269 1757 299 1784 ἃν
320 1759 402 1785 τοῦτο
430 1755 572 1795 ἔπραττον,
602 1757 625 1785 εἰ
653 1757 839 1795 κεκρυμμένον
866 1757 1011 1796 ἐγίνωσκον

186 1801 244 1830 ὑπὸ
258 1804 312 1829 τῶν
329 1801 490 1830 ἀποστόλων
507 1802 709 1840 μακαριώτερον
727 1802 846 1835 εἶναι,τό
858 1805 916 1833 τοῖς
932 1801 1012 1835 ἰδίοις

182 1847 315 1884 χρήμασι
328 1847 472 1884 τρέφεσθαι
495 1847 539 1874 καί
567 1847 605 1883 μὴ
629 1847 744 1883 καμάτῳ
769 1845 831 1883 ἰδίῳ
850 1846 895 1874 καὶ
909 1849 943 1884 τῇ
957 1850 1011 1875 τῶν

180 1892 292 1928 χοιρῶν
306 1889 427 1928 ἐργασίᾳ.
444 1891 611 1930 Σαφέστερον
639 1889 668 1918 δὲ
692 1889 811 1919 διδάσκει
834 1891 895 1929 περὶ
914 1891 1012 1919 τούτου

180 1936 197 1963 ὁ
215 1934 360 1972 εἰρημένος
373 1934 552 1969 Ἀπόστολος,
570 1934 596 1963 ἐν
615 1936 657 1966 οἷς
668 1934 764 1974 γράφει
777 1935 923 1972 Ῥωμαίοις
938 1934 1011 1963 τάδε·

182 1992 196 2005 ι
216 1979 282 2006 Νυνί
298 1978 327 2007 δὲ
341 1979 494 2017 πορεύομαι
519 1980 556 2011 εἰς
581 1979 758 2017 Ἰεροσόλυμα
780 1979 938 2015 διακονῆσαι
953 1983 1012 2012 τοῖς

181 2024 284 2061 ἁγίοις.
312 2022 470 2059 Ηύδόκησαν
497 2024 549 2062 γὰρ
579 2023 730 2053 Μακεδονία
758 2025 802 2052 καὶ
828 2023 929 2063 Ἀχαία
950 2035 1010 2053 κοι-

179 2068 283 2096 νωνίαν
296 2068 358 2096 τινὰ
371 2069 535 2104 ποιήσασθαι
557 2068 595 2100 εἰς
609 2068 673 2100 τοὺς
699 2068 829 2107 πτωχοὺς
851 2071 904 2096 τῶν
929 2069 1011 2107 ἀγίων

178 2115 237 2140 τῶν
256 2112 281 2140 ἐν
306 2112 496 2151 Ἰερουσαλήμ.
515 2125 525 2139 ιι
548 2113 635 2144 Οὗτος
655 2111 684 2141 δὶ
708 2112 830 2150 δέσμιος,
855 2113 900 2141 καὶ
924 2113 1010 2152 φυλα-

179 2160 247 2188 παῖς
262 2156 408 2192 πολλάκις,
423 2158 468 2185 καὶ
493 2159 533 2193 τῷ
559 2156 676 2194 σκυλμῷ
698 2161 748 2192 τῆς
764 2156 924 2195 ὁδοιπορίας
941 2158 1009 2185 ὑπο-

181 2199 312 2236 ϐληθείς,
340 2201 386 2229 καὶ
415 2200 631 2238 ἐμποδιζόμενος
660 2201 690 2230 ἐκ
716 2201 825 2237 τούτου,
842 2202 880 2234 ὡς
909 2201 1008 2239 εἰώθει,

178 2248 243 2276 ταῖς
274 2244 353 2277 ἰδίαις
377 2245 456 2284 χερσὶ
485 2247 676 2284 προσπορίζειν
707 2247 794 2283 ἐαυτῷ
821 2246 869 2277 τὰς
899 2246 1006 2284 χρείας,

1078 284 1188 312 bellum
1203 285 1421 321 procedendum
1435 294 1516 320 esse;
1533 294 1569 314 ne
1585 287 1656 314 forte
1668 295 1700 314 ex
1710 287 1788 315 molli
1801 291 1829 316 et
1844 298 1903 317 cor-

1078 331 1164 365 rupto
1179 329 1262 357 initio
1277 329 1351 358 alios
1366 331 1402 358 ab
1418 330 1591 367 Evangelica
1607 332 1781 367 perfectione
1793 336 1901 361 averta-

1078 381 1154 402 mus.
1167 374 1222 410 (89)
1238 375 1479 411 Quandoquidem
1497 384 1563 404 vero
1580 375 1651 403 illud
1667 377 1755 412 probe
1781 378 1809 404 in
1826 378 1901 405 Scri-

1077 420 1164 454 ptura
1175 419 1305 448 dictum:
1323 430 1336 444 «
1347 420 1465 448 Bestius
1481 423 1526 448 est
1536 421 1604 449 dare
1613 430 1699 456 quam
1711 422 1840 457 accipere
1851 424 1901 458 55,»

1077 463 1153 491 male
1162 464 1282 500 quidam
1295 463 1766 500 interpretantur,vimquelitterae
1778 467 1900 502 faciunt,

1076 510 1164 543 atque
1179 509 1215 536 ad
1230 509 1379 544 propriam
1396 509 1529 537 fraudem
1545 512 1573 537 et
1595 511 1629 537 arl
1652 512 1778 546 pecuniae
1795 521 1899 540 concu-

1076 552 1248 589 piscentiam
1260 553 1329 581 dicti
1346 554 1521 582 sententiam
1540 556 1615 583 822
1635 556 1816 591 detorquent,
1834 565 1899 584 neo-

1076 606 1134 625 non
1160 598 1273 626 Domini
1298 599 1473 633 doctrinam,
1499 608 1562 635 quae
1585 600 1625 627 sic
1653 601 1737 627 habet
1759 609 1794 627 ;‹‹
1812 602 1839 628 Si
1856 602 1900 629 vis

1075 642 1221 678 perfectus
1236 651 1311 678 esse,
1327 643 1419 671 vende
1432 643 1532 671 omnia
1547 652 1612 680 quae
1627 644 1716 671 habes
1733 647 1760 671 et
1776 645 1812 672 da
1828 654 1899 680 pau-

1074 687 1206 722 paribus,
1217 690 1245 715 et
1253 687 1376 715 habebis
1390 688 1561 716 thesaurum
1574 688 1602 716 in
1616 689 1697 723 cmlo,
1717 692 1744 716 et
1762 690 1836 722 veni,
1851 698 1899 718 se-

1079 739 1169 767 quere
1186 740 1231 759 me
1253 732 1275 749 δθ
1289 741 1295 759 :
1310 735 1362 760 net
1383 732 1519 768 judicant
1547 733 1713 760 divitiarum
1732 734 1898 761 facultatem

1074 778 1245 812 paupertate
1274 776 1434 805 feliciorem
1461 785 1637 813 esse,seque
1662 787 1694 805 ex
1727 779 1897 813 hujusmodi

1074 820 1255 849 abundantia
1269 830 1354 857 posse
1369 822 1570 858 indigentibus
1584 822 1681 858 largiri
1700 833 1705 856 ;
1734 824 1827 850 sciant
1843 824 1897 851 hu-

1069 865 1201 900 jusmodi
1218 865 1353 894 homines
1369 875 1399 894 se
1415 867 1546 894 nondum
1575 868 1685 894 mundo
1702 868 1896 903 renuntiasse,

1073 918 1168 946 neque
1188 910 1339 939 ambulare
1363 911 1392 938 in
1415 911 1578 939 monastica
1603 912 1786 946 perfectione,
1805 921 1896 948 quan-

1072 954 1121 982 diu
1137 955 1316 983 erubescunt
1326 963 1378 991 pro
1389 955 1504 983 Christo
1515 955 1672 992 gloriosam
1685 965 1751 984 cum
1766 957 1896 992 apostolo

1072 1007 1223 1028 assumere
1238 1002 1452 1036 paupertatem,
1474 1002 1561 1036 atque
1585 1009 1619 1029 ex
1646 1010 1732 1036 opere
1754 1010 1894 1029 manuum

1071 1043 1128 1071 sibi
1143 1044 1300 1080 egenisqne
1315 1045 1480 1073 subvenire.
1498 1045 1579 1079 Quod
1603 1046 1626 1073 si
1651 1046 1820 1074 desiderent
1836 1055 1895 1074 mo-

1072 1088 1215 1117 nasticam
1240 1096 1326 1124 opere
1351 1089 1496 1125 complere
1520 1091 1756 1126 promissionem,
1778 1094 1806 1118 et
1829 1100 1895 1119 cum

1071 1132 1208 1169 Apostolo
1223 1133 1346 1169 gloriam
1363 1134 1493 1170 accipere
1508 1134 1677 1162 distributis
1694 1136 1840 1163 veteribus
1855 1136 1897 1163 di-

1070 1177 1160 1211 vitiis,
1171 1177 1201 1204 in
1217 1178 1355 1212 fame,siti
1371 1180 1400 1206 et
1416 1179 1629 1215 nuditate,cum
1646 1180 1733 1206 Paulo
1749 1181 1897 1208 decertant

1071 1221 1181 1249 bonum
1197 1224 1344 1250 certamen
1360 1223 1391 1249 ⁵⁷.
1408 1222 1463 1258 (99)
1489 1223 1563 1251 Nam
1583 1224 1607 1251 si
1626 1224 1660 1250 ad
1679 1224 1894 1259 perfectionem,

1071 1266 1268 1294 necessariam
1283 1269 1449 1302 reputasset
1463 1267 1525 1303 ipse
1540 1269 1693 1303 Apostolus
1710 1271 1838 1296 veterum
1855 1269 1897 1296 di-

1071 1310 1208 1338 vitiarum
1225 1311 1453 1348 possessionem,
1469 1312 1595 1348 priorem
1617 1322 1701 1340 suam
1722 1314 1893 1348 dignitatem

1072 1354 1193 1383 minima
1208 1355 1388 1391 despexisset
1404 1364 1411 1384 :
1432 1364 1463 1384 se
1478 1356 1585 1392 quippe
1602 1357 1743 1384 illustrem
1761 1360 1788 1384 ct
1803 1357 1894 1384 civem

1071 1399 1163 1427 fuisse
1177 1399 1341 1428 Romanum
1356 1400 1534 1428 testatur-"7'.
1545 1401 1598 1434 Qui
1616 1404 1712 1427 autem
1727 1401 1894 1437 Hierosoly-

1071 1451 1124 1471 ma;
1140 1444 1244 1472 domos
1257 1444 1422 1473 vendebant
1445 1447 1474 1472 et
1494 1444 1603 1480 praedia
1630 1454 1692 1477 sua,
1710 1448 1737 1472 et
1752 1446 1786 1472 ad
1805 1446 1893 1481 pedes

1070 1488 1270 1525 apostolorum
1286 1489 1471 1525 deponebant
1485 1490 1517 1525 ⁵⁸,
1530 1498 1715 1525 nequaquam
1734 1490 1805 1517 illud
1821 1491 1895 1526 egis-

1069 1535 1145 1567 sent,
1165 1533 1191 1561 si
1206 1535 1338 1568 nossent,
1361 1534 1509 1562 zestimare
1534 1534 1681 1570 apostolos
1703 1534 1815 1562 felicius
1832 1543 1896 1563 esse

1070 1578 1202 1615 pecuniis
1217 1578 1281 1606 suis
1295 1578 1345 1613 ali,
1357 1587 1445 1615 quam
1462 1578 1562 1607 labore
1576 1580 1694 1615 proprio
1710 1582 1738 1606 et
1752 1588 1895 1608 manuum

1070 1631 1166 1660 opere.
1184 1623 1338 1659 Liquidius
1360 1626 1459 1651 autem
1483 1632 1546 1651 eam
1563 1632 1624 1651 rem
1642 1624 1724 1651 docet
1740 1625 1896 1659 Apostolus

1068 1668 1098 1695 in
1114 1676 1169 1696 sua
1184 1668 1219 1695 ad
1237 1668 1384 1696 Romanos
1398 1668 1526 1704 Epistola
1541 1675 1548 1696 :
1566 1680 1579 1693 α
1597 1668 1679 1695 Nunc
1696 1672 1792 1696 autem
1811 1670 1895 1704 profi-

1068 1712 1162 1741 ciscar
1176 1713 1205 1740 in
1220 1712 1396 1745 Jerusalem,
1414 1712 1582 1741 ministrare
1606 1714 1725 1741 sanctis.
1752 1714 1893 1741 Probave-

1068 1759 1138 1785 runt
1152 1758 1228 1785 enim
1249 1757 1417 1785 Macedonia
1439 1759 1468 1785 et
1494 1757 1611 1791 Achaia,
1629 1758 1813 1786 collationem
1838 1758 1891 1786 ali-

1068 1810 1156 1837 quam
1174 1802 1267 1830 facere
1283 1803 1311 1830 in
1333 1810 1475 1838 pauperes
1500 1807 1677 1836 sanctorum,
1696 1804 1743 1837 qui
1770 1805 1838 1830 sunt
1862 1804 1889 1830 in

1066 1845 1230 1874 Jerusalem
1246 1847 1278 1873 “'.
1296 1858 1309 1871 ι)
1327 1847 1391 1882 Ipse
1406 1850 1503 1874 autem
1524 1847 1640 1874 vinctus
1666 1848 1837 1882 plerumque
1864 1851 1892 1874 et

1067 1890 1097 1918 in
1113 1890 1467 1927 carceribus,itinerisque
1482 1891 1675 1919 incommodis
1689 1892 1836 1924 subditus,
1848 1894 1891 1919 at-

1067 1943 1124 1971 que
1138 1943 1171 1963 eo
1186 1935 1406 1971 impeditus,ne,
1420 1936 1461 1962 uti
1478 1935 1600 1968 solebat,
1614 1936 1737 1971 propriis
1754 1936 1891 1963 manibus

1067 1976 1235 2007 necessaria
1254 1978 1309 2007 sibi
1324 1982 1450 2014 pararet,
1467 1987 1501 2007 ea
1522 1987 1554 2007 se
1576 1980 1722 2014 accepisse
1745 1981 1827 2007 docet
1854 1981 1890 2008 ab

1066 2024 1102 2051 iis
1117 2025 1168 2060 qui
1181 2032 1196 2051 e
1207 2023 1377 2051 Macedonia
1391 2025 1476 2051 erant
1490 2023 1639 2056 fratribus,
1649 2024 1756 2059 quique
1772 2033 1804 2051 se
1819 2033 1887 2052 con-

1064 2070 1216 2102 venerant,
1230 2068 1312 2096 aiens
1329 2077 1335 2096 :
1351 2079 1364 2093 ι(
1380 2068 1453 2096 Nam
1469 2069 1547 2104 quod
1568 2068 1639 2096 mihi
1655 2069 1753 2096 deerat
1769 2070 1890 2105 supple—

1065 2114 1170 2140 verunt
1187 2112 1291 2139 fratres
1306 2111 1357 2147 qui
1372 2113 1514 2139 vcnerunt
1529 2121 1546 2139 θ,
1561 2111 1730 2139 Macedonia
1758 2113 1788 2139 ⁵ο.
1816 2123 1830 2137 ›)
1856 2114 1889 2140 Et

1064 2157 1099 2184 ad
1113 2156 1312 2192 Philippenses
1325 2164 1332 2183 :
1345 2167 1358 2181 ‹‹
1371 2156 1452 2188 Quod
1464 2156 1493 2183 in
1506 2156 1648 2192 principio
1659 2157 1806 2192 Evangelii
1818 2165 1886 2184 cum

1064 2201 1145 2229 nulla
1159 2200 1289 2228 Ecclesia
1303 2200 1518 2228 communicavi
1533 2200 1562 2228 in
1578 2201 1689 2228 ratione
1705 2201 1763 2228 dati
1780 2204 1830 2228 aut
1845 2210 1890 2229 ac-

1064 2246 1152 2283 cepti,
1168 2245 1225 2274 nisi
1240 2246 1392 2273 vobiscum
1410 2244 1482 2273 solis
1505 2254 1512 2273 :
1529 2245 1599 2281 quia
1623 2248 1650 2272 et
1675 2246 1887 2274 Thessalonica:

178 2290 282 2321 ταύτας
307 2289 447 2329 εἷληφέναι
473 2289 591 2318 διδάσκει
620 2291 693 2329 παρὰ
715 2293 768 2319 τῶν
795 2289 932 2330 ἀδελφῶν,
955 2293 1008 2319 τῶν

1069 2290 1154 2319 semel
1170 2292 1199 2319 et
1213 2289 1259 2318 bis
1275 2290 1304 2317 in
1320 2298 1406 2318 usum
1424 2289 1496 2317 mihi
1512 2289 1611 2317 fuistis
1626 2291 1658 2316 δι.
1676 2300 1688 2315 ››
1707 2290 1770 2317 Sint
1790 2291 1888 2326 itaque

180 2335 236 2363 ἀπὸ
254 2333 418 2366 Μακεδονίας
441 2335 509 2373 πρὸς
534 2335 613 2363 αὐτὸν
639 2334 773 2363 ἐλθόντων
799 2335 918 2373 φάσκων·
942 2348 951 2361 ι
970 2336 1008 2365 Τὸ

178 2380 232 2417 γὰρ
250 2379 389 2417 ὑστέρημά
406 2389 459 2416 μου
472 2379 670 2417 ἀνεπλήρωσαν
693 2381 719 2408 οἱ
743 2379 857 2419 ἀδελφοὶ
883 2379 1008 2417 ἐλθόντες

180 2425 236 2452 ἀπὸ
253 2422 431 2455 Μακεδονίας·
450 2436 461 2449 ι
479 2423 522 2451 καὶ
548 2423 760 2459 Φιλιππησίοις·
777 2436 792 2451 α
807 2425 868 2453 ’Ὁτι
890 2424 915 2452 ἐν
933 2425 1008 2463 ἀρχῇ

179 2471 231 2497 τοῦ
247 2468 414 2506 Εὖαγγελίου
428 2467 581 2504 ἐξελθόντος
598 2479 650 2506 μου
675 2469 728 2497 ἀπὸ
748 2467 916 2500 Μακεδονίας
932 2468 1008 2497 οὐδε-

183 2514 247 2550 μίαν
263 2513 425 2549 Ἐκκλησίαν
450 2513 628 2549 ἐκοινώνησεν
645 2514 683 2546 εἶς
710 2514 790 2552 λόγον
808 2513 908 2546 δόσεως
921 2515 939 2549 ἢ
955 2513 1006 2549 λή-

181 2561 267 2594 ψεως,
284 2558 306 2585 εἰ
324 2559 363 2594 μὴ
385 2558 463 2594 ὑμεῖς
490 2558 579 2595 μόνοι·
596 2558 637 2586 ὅτι
652 2559 697 2586 καὶ
713 2558 738 2586 ἐν
766 2558 948 2596 Θεσσαλονίκῃ
963 2559 1007 2587 καὶ

182 2603 253 2637 ἂπαξ
276 2602 320 2630 καὶ
343 2601 384 2634 δὶς
408 2602 545 2640 ἐπέμψατέ
571 2614 618 2640 μοι
639 2604 688 2638 τήν
714 2604 820 2641 χρείαν.
837 2616 852 2630 ››
869 2606 1006 2631 Ἔστωσαν

222 2688 246 2705 ⁸⁸
260 2690 324 2716 Act.
340 2696 388 2720 xx,
400 2688 445 2716 35.
497 2689 519 2706 “
533 2689 636 2717 Matth.
652 2697 711 2723 xxx,
726 2689 771 2717 21.

183 2732 231 2757 ιν,
243 2724 289 2758 25,
326 2724 348 2742 ⁸ο
364 2724 389 2751 II
402 2726 464 2752 Cor.
480 2733 520 2758 xx,
535 2725 562 2753 9.
601 2725 621 2743 ⁶¹
639 2724 765 2761 Philipp.
781 2733 820 2760 ιν,
831 2726 874 2754 15.

222 2799 278 2872 ὶὲζ
293 2798 368 2864 itit:
382 2800 469 2865 211$:

822 2689 844 2707 ⁸⁷
859 2689 884 2717 ΙΙ
908 2690 984 2718 Tim.
1008 2698 1048 2725 Iv,
1061 2690 1089 2717 7.

1063 2335 1153 2369 avari,
1171 2336 1252 2370 iuxta
1266 2342 1352 2363 suam
1367 2334 1554 2368 sententiam,
1569 2334 1707 2370 Apostolo
1725 2334 1867 2362 beatiores
1880 2344 1886 2362 :

1063 2379 1301 2416 quandoquidem
1312 2379 1386 2415 ipsis
1396 2387 1431 2407 ex
1439 2379 1555 2415 propria
1565 2379 1743 2414 substantia,
1756 2388 1818 2415 qum
1831 2380 1886 2407 sibi

1064 2425 1230 2454 necessaria
1250 2426 1330 2459 sunt,
1345 2423 1582 2459 suppeditantur.
1608 2424 1662 2450 Sed
1684 2433 1767 2451 nemo
1784 2424 1839 2452 nisi
1857 2424 1884 2451 in

1064 2474 1223 2499 extremam
1241 2468 1381 2497 deciderit
1405 2467 1563 2496 amentiam
1591 2468 1618 2495 id
1645 2473 1772 2503 proferre
1796 2477 1886 2497 ausus

1064 2514 1161 2542 fuerit.
1177 2513 1215 2550 (1)
1231 2513 1261 2541 Si
1277 2512 1414 2540 volumus
1428 2512 1527 2548 itaque
1546 2512 1744 2548 evangelicum
1765 2516 1793 2540 ct
1816 2522 1886 2549 apo-

1063 2558 1198 2587 stolicum
1215 2557 1298 2594 sequi
1314 2558 1501 2593 praeceptum,
1513 2558 1599 2593 atque
1616 2558 1781 2585 universam
1798 2567 1888 2594 supra

1063 2602 1212 2640 apostolos
1220 2602 1257 2630 ab
1275 2601 1358 2630 initio
1380 2601 1531 2629 fundatam
1543 2601 1716 2635 Ecclesium;
1730 2611 1765 2630 ne
1776 2603 1886 2638 opinio-

1752 2688 1773 2703 δί’
1803 2688 1884 2714 Rom.

1141 2688 1176 2706 ’τ’
1196 2688 1258 2716 Act.
1287 2695 1356 2721 xxn,
1371 2687 1416 2715 25.
1467 2686 1565 2714 “Act.
1595 2695 1633 2720 xv,
1657 2688 1700 2714 35.

1098 2800 1137 2836 (1)
1152 2799 1226 2829 Ibid.
1243 2806 1268 2828 ο.
1286 2799 1328 2827 18.
