2051 3109
55 0 58 2 ,
363 11 370 17 1
405 0 512 21 ἶν’-π

35 23 39 28 ’
181 28 189 49 τ
200 0 280 48 leg!"
295 16 306 34 κ
319 19 355 38 ’.Ἰ
395 23 408 44 _‘

171 199 235 229 889

172 264 307 304 φρόνιμοι
344 267 401 296 τοῖς
439 266 590 304 ἀνθρώποις
631 266 808 304 νομιζόμεθα·
848 266 998 305 γέγραπται

1054 269 1098 295 tes
1108 266 1252 303 disperdit
1263 274 1289 294 :»
1300 274 1395 302 neque
1402 266 1525 302 justitiaa
1535 266 1734 303 gubernacula
1743 267 1876 304 vigilanti

174 310 240 347 γὰρ.
256 309 297 337 ὅτι
314 322 325 335 «ι
352 310 438 347 Ὀργή
466 311 511 338 καὶ
538 310 688 350 φρονίμους
712 310 874 339 ἀπόλλυσιν
902 323 916 338 ›)
940 311 1001 339 οὕτε

172 355 223 385 τὶς
254 353 429 389 δικαιοσύνης
458 353 632 393 κυϐερνήσεις
664 356 785 395 νηφαλίᾳ
820 355 916 394 καρδίᾳ
953 355 1000 383 ἐπ-

175 398 252 437 έχειν
271 398 414 437 ίσχύομεν.
444 400 590 438 γέγραπται
614 401 676 439 γὰρ,
702 400 743 429 ὅτι
771 412 781 427 ι
800 399 913 438 Ἀνδρος
930 399 1000 438 ὀργῆ

176 442 352 478 δικαιοσύνην
381 446 448 471 θεοῦ
477 444 507 472 οὐ
535 445 734 483 κατεργάζεταν
764 457 778 471 λ)
807 443 868 473 οὕτε
897 444 925 472 δὲ
950 445 1000 479 τὴν

176 488 376 524 ἐπαινουμένην
408 489 480 527 παρὰ
502 489 607 516 πάντων
630 489 800 526 κοσμιότητα
830 490 876 517 καὶ
900 489 1000 527 εὐσχη-

178 533 302 569 μοσύνην
339 533 486 568 κτήσασθαι
525 532 670 571 δυνάμεθα·
711 533 804 569 ἐπειδὴ
841 534 999 572 γέγραπται·

175 589 191 603 ι(
208 577 294 615 Ἀνὴρ
309 575 441 613 θυμώδης
456 577 506 605 οὐκ
520 578 680 616 εὐσχήμων.
697 591 711 605 ›ι
732 579 760 605 Ὁ
784 578 874 606 τοίνυν
902 578 1000 616 βουλό-

178 632 263 658 μονος
296 621 364 659 πρὸς
404 621 543 650 τελείωσιν
582 622 681 660 ἐλθεῖν,
716 623 761 650 καὶ
790 623 928 659 ἐπιθυμῶν
954 622 1000 650 τὸν

173 666 358 702 πνευματικὸν
396 667 486 704 ἀγῶνα
528 667 654 704 νομίμως
697 666 880 705 ἀγωνίσασθαι
898 689 905 702 ,
948 667 1000 694 ἀπὸ

174 710 277 741 παντὸς
297 709 489 747 ἐλαττώματος
519 711 603 750 ὀργῆς
632 722 662 739 τε
690 712 734 740 καὶ
751 714 838 749 θυμοῦ
854 711 1001 750 ἀλλότριος

174 754 258 790 ἔστω,
288 756 332 782 καὶ
362 755 481 783 ἀκουέτω
505 756 532 783 τί
560 755 625 784 atra
648 758 677 784 τὸ
702 759 795 788 σκεῦος
819 760 868 792 τῆς
884 756 1001 794 ἐκλογῆς

173 800 364 839 παραγγέλλει
387 800 487 839 λέγων·
513 814 526 828 ‹‹
554 805 627 830 Πᾶσα
651 803 756 840 πικρία,
783 802 828 830 καὶ
854 803 933 841 ὀργὴ,
956 802 1000 830 καὶ

175 845 275 882 θυμὸς,
312 846 357 873 καὶ
393 847 511 884 κραυγὴ,
546 847 590 874 καὶ
628 846 790 886 βλασφημία
819 848 930 885 ἀρθήτω
957 846 1001 886 ἀφ’

174 891 259 927 ἡμῶν
287 889 333 917 σὺν
359 891 431 928 πάσῃ
454 890 543 927 κακίᾳ.
575 904 588 917 ››
613 893 696 921 ’Ὸταν
718 891 747 919 δὲ
758 891 819 929 εἶ’πῃ
833 895 930 928 πᾶσαν,
957 891 1001 919 οὐ·

175 934 271 971 δεμίαν
298 934 430 974 πρόφασιν
456 934 544 973 θυμοῦ
568 936 604 968 ὡς
631 936 807 974 ἀναγκαίανῆ
825 938 861 968 ὡς
887 935 1001 974 εὔλογον
1017 952 1041 986 Β

174 981 246 1016 ἡμῖν
282 979 489 1009 καταλέλοιπεν,
527 982 555 1007 ’0
591 980 681 1008 τοίνυν
709 981 929 1018 πλημμελοῦντα
956 982 1001 1008 τὸν

174 1023 295 1063 ἀδελφὸν
322 1024 490 1062 βουλόμενος
515 1024 714 1064 διορθώσασθαι
736 1026 753 1061 ἢ
778 1026 915 1063 ἐπιτιμίαν
930 1036 1002 1063 παρ-

175 1069 265 1107 έχειν,
280 1068 452 1104 σπουδαζέτω
470 1070 561 1098 ἑαυτὸν
579 1070 714 1109 ἀτάραχον
730 1070 884 1110 φυλάττειν,
902 1072 939 1107 μή
952 1081 1001 1098 πο-

172 1113 303 1148 τε,ἃλλον
321 1117 479 1151 θεραπεῦσαι
495 1113 675 1152 βουλόμενος,
692 1116 778 1152 ἑαυτῷ
792 1117 841 1150 τὴν
853 1116 931 1143 νόσον
943 1116 1001 1142 ἐπι-

176 1158 324 1195 σπάσηται,
340 1159 384 1186 καὶ
400 1159 546 1197 ῥηθήσεται
562 1160 634 1196 αὐτῷ
648 1161 679 1187 τὸ
704 1160 877 1198 εὐαγγελικὸν
903 1160 999 1188 ἐκεῖνο·

176 1215 192 1229 α
217 1203 311 1239 Ἰατρὲ,
342 1204 504 1241 θεράπευσον
533 1204 653 1232 σεαυτόν·
683 1216 696 1231 ι
726 1205 772 1232 καὶ
800 1204 893 1233 πάλιν·
924 1218 937 1231 α
968 1205 1001 1233 Τί

178 1247 290 1286 βλέπεις
304 1248 335 1275 τὸ
350 1248 455 1287 κάρφος
471 1248 497 1277 ἐν
512 1251 553 1286 τῷ
569 1249 704 1288 ὀφθαλμῷ
724 1252 773 1277 τοῦ
799 1248 918 1288 ἀδελφοῦ
941 1260 999 1286 σου,

173 1293 227 1327 τὴν
257 1291 285 1320 δὲ
305 1291 383 1320 δοκὸν
399 1294 448 1328 τήν
473 1293 499 1321 ἐν
513 1296 552 1330 τῷ
568 1297 606 1330 σῷ
625 1294 760 1333 ὀφθαλμῷ
782 1294 813 1322 οὐ
836 1296 975 1325 κατανοεῖς
993 1304 1000 1330 ;

175 1338 194 1371 ἢ
214 1337 286 1373 ποίῳ
306 1337 400 1374 τρόπῳ
423 1337 493 1376 ἐρεῖς
517 1341 557 1374 τῷ
580 1337 690 1377 ἀδελφῷ
705 1349 762 1366 σου·
793 1340 876 1378 ’Δφες
893 1336 1001 1367 ἐκϐάλω

174 1382 208 1409 τὸ
225 1381 328 1421 κάρφος
341 1382 370 1410 ἐκ
384 1385 431 1410 τοῦ
451 1382 595 1422 ὀφθαλμοῦ
614 1394 673 1419 σου,
698 1383 770 1414 ὅστις
792 1384 840 1418 τὴν
869 1382 947 1411 δοκὸν
974 1384 1000 1411 ἐν

174 1429 217 1453 τῶ
255 1425 316 1463 ἰδίῳ
347 1426 483 1466 ὀφθαλμῷ
516 1426 600 1465 ἔχεις,
634 1427 867 1456 ἐπικαλύπτουσαν
902 1425 1000 1464 αὐτὸν;

177 1471 222 1506 Ἐξ
246 1469 304 1502 οἴάς
328 1471 380 1509 γὰρ
406 1470 508 1507 δήποτε
531 1472 618 1503 αἲτίας
648 1474 665 1508 ἡ
689 1476 739 1508 τῆς
770 1473 855 1511 ὀργῆς
884 1473 1000 1509 κίνησις,

178 1515 355 1552 ὗπερζέσασα,
380 1516 480 1555 τυφλοῖ
503 1515 565 1547 τοὺς
592 1516 751 1556 ὀφθαλμοὺς
765 1521 815 1552 τῆς
835 1519 939 1555 ψυχῆς,
955 1518 1000 1545 καὶ

177 1560 229 1588 οὐκ
255 1560 284 1595 ἐᾷ
311 1560 390 1587 αὐτὸν
416 1560 555 1593 θεάσασθαι
582 1561 628 1588 τὸν
644 1560 725 1596 ἥλιον
750 1564 799 1596 τῆς
815 1560 999 1597 δικαιοσύνης.

175 1606 280 1642 Ὠσπερ
297 1605 348 1642 γὰρ
365 1605 379 1632 ὁ
394 1604 494 1637 ἐπιθεὶς
509 1608 568 1637 τοῖς
593 1605 748 1645 ὀφθαλμοῖς
772 1609 861 1644 χρυσᾶ
877 1605 1001 1643 μέταλλα

176 1651 194 1684 ἣ
211 1647 358 1686 μολίϐδινα
372 1649 466 1685 ἐπίσης
497 1649 616 1678 ἐκώλυσε
642 1651 692 1685 τήν
720 1651 848 1686 ὁρατικὴν
874 1650 999 1688 δύναμιν,

176 1694 223 1721 καὶ
253 1692 381 1730 οὐδαμῶς
409 1693 538 1733 διαφορὰν
568 1694 679 1730 ἐποίησε
706 1699 756 1730 τῆς
783 1695 966 1734 τυφλότητος,
982 1697 999 1732 ἡ

175 1741 227 1766 τοῦ
251 1739 356 1777 χρυσοῦ
382 1738 520 1776 μετάλλου
543 1739 682 1776 τιμιότης·
707 1739 792 1771 οὕτως
814 1740 839 1776 ἐξ
864 1739 922 1772 θ’ίας
950 1739 1000 1776 δή-

176 1793 245 1811 ποτε
260 1783 346 1815 αἰτίας
369 1785 386 1818 ἡ
410 1787 461 1818 τῆς
486 1783 568 1822 ὀργῆς
592 1784 698 1819 κίνησις
718 1784 856 1823 ἐξαφθεῖσα
870 1785 919 1820 τήν
936 1786 999 1824 ὁρα-

174 1828 256 1862 τικὴν
273 1826 386 1865 δύναμιν
400 1832 450 1863 τῆς
465 1829 558 1866 ὡυχῆς
580 1828 707 1864 σκοτίζει.
731 1828 797 1856 Τόσε
822 1830 904 1866 μόνον
933 1830 1001 1858 κατὰ

177 1873 257 1912 φύσιν
283 1874 443 1911 κεχρήμεθα
471 1875 511 1909 τῷ
539 1872 628 1910 θυμῷ,
654 1872 716 1901 ὅταν
742 1874 809 1911 πρὸς
833 1874 895 1905 τοὺς
913 1874 1000 1911 ἐμπα-

177 1919 235 1948 θεῖς
263 1917 307 1945 καί
336 1916 501 1956 φιληδόνους
530 1916 682 1955 λογισμοὺς
710 1920 805 1946 τοῦτον
832 1919 998 1955 κινήσωμεν.

175 1962 258 1991 Οὕτω
286 1962 336 2000 γὰρ
361 1963 434 1998 ἡμᾶς
459 1962 504 1989 καὶ
528 1962 542 1989 ὁ
573 1963 715 2001 προφήτης
740 1962 821 1990 Δαυῒδ
849 1961 998 1991 ἐκδιδάσκει

176 2007 297 2045 φάσκων
327 2018 337 2031 ι
365 2006 530 2044 Ὀργίζεσθε,
556 2007 600 2033 καί
626 2007 663 2043 μή
689 2006 865 2045 ἁμαρτάνετε·
892 2018 998 2035 »τουτ-

175 2051 244 2085 ἐστι,
270 2051 338 2078 κατὰ
359 2052 414 2078 τῶν
438 2049 514 2078 ἲδίων
538 2051 629 2078 παθῶν
653 2051 702 2085 τὴν
719 2051 803 2089 ὀργήν
819 2054 928 2087 κινεῖτε,
953 2053 997 2080 καὶ

172 2096 305 2124 mihi»;
321 2097 449 2133 πονηρῶδ
476 2093 627 2133 λογισμῶν,
645 2095 688 2123 καὶ
711 2096 749 2132 μή
774 2094 819 2123 διὰ
841 2098 889 2123 τοῦ
913 2097 997 2135 πράτ-

170 2151 228 2168 τειν
255 2140 289 2167 τὰ
325 2137 537 2176 ὑποϐαλλόμενα
562 2139 606 2167 ὑπ’
635 2139 722 2167 αὐτῶν
747 2140 921 2178 ἁμαρτάνετε·
951 2142 996 2168 καὶ

171 2184 274 2220 ιαῦτην
303 2186 393 2222 σαφῶς
423 2184 471 2218 τὴν
503 2183 603 2211 ἔννοιαν
631 2182 713 2219 δηλοῖ
746 2185 777 2212 τὸ
815 2184 994 2222 ἐπαγόμενον·

171 2241 186 2255 α
213 2229 247 2257 Ἀ
288 2227 390 2266 λέγετε,
420 2228 513 2267 φησὶν,
543 2227 569 2255 ἐν
597 2230 656 2259 ταῖς
684 2227 806 2267 καρδίαις
835 2229 923 2266 ὑμῶν,
952 2230 995 2257 ἐπὶ

169 2275 232 2304 ταῖς
256 2273 360 2303 κοίταις
401 2272 475 2309 ὑμῶν
505 2272 681 2310 κατανύγητε·
709 2284 723 2299 ιι
753 2274 901 2310 τουτέστιν,
931 2273 992 2302 ὅταν

749 202 942 233 EPISTOLA
965 202 991 232 II
1012 201 1065 231 AD
1087 200 1309 231 CASTOREM.

1821 203 1880 234 890

1056 312 1142 340 corde
1165 311 1289 339 retinere
1311 311 1455 345 valemus,
1472 319 1538 339 cum
1565 311 1708 347 scriptum
1724 311 1764 339 sit
1780 321 1786 340 :
1803 324 1816 337 ‹‹
1834 315 1879 341 Ira

1054 356 1109 384 viri
1125 355 1267 391 justitiam
1285 356 1334 384 Doi
1353 364 1409 383 non
1421 356 1586 392 operatur“
1598 365 1622 384 ευ
1636 364 1729 392 neque
1746 357 1876 384 omnium

1056 409 1105 429 ore
1120 400 1294 428 celebratam
1315 401 1489 429 modestiam
1505 401 1727 437 decentiamque
1749 402 1879 429 obtinere

1055 453 1225 481 possumus,
1238 445 1475 481 quandoquidem
1493 445 1633 482 scriptum
1652 449 1693 473 est
1710 455 1715 473 :
1731 456 1743 471 ιι
1758 446 1809 472 Vir
1824 447 1881 474 ira-

1055 490 1170 517 cundus
1182 490 1333 517 modestus
1345 498 1401 517 non
1414 490 1555 526 est°7.-(5)
1567 491 1619 522 Qui
1634 490 1756 517 voluerit
1767 499 1833 526 ergo
1846 491 1881 518 ad

1058 534 1264 570 perfectionem
1279 534 1483 571 attingere,qui
1496 537 1611 570 exoptat
1628 535 1779 571 spirituale
1791 538 1882 563 certa-

1056 586 1121 606 men
1144 579 1274 615 legitimo
1290 578 1380 613 obire,
1398 579 1434 606 ab
1450 579 1528 607 omni
1555 579 1658 607 delicto
1675 580 1722 606 ira:
1740 580 1881 608 furorisvc

1056 623 1169 651 alienus
1185 623 1234 658 sit,
1248 624 1407 660 audiatque
1423 624 1492 660 quid
1509 624 1659 660 praecipiat
1675 633 1723 651 vus
1740 624 1809 651 illud
1826 625 1879 652 ele-

1056 667 1159 696 ctionis
1175 677 1201 695 ει(
1217 667 1319 695 Omnis
1340 668 1503 696 amaritudo
1519 670 1547 695 et
1561 668 1604 696 ira
1620 672 1647 696 et
1664 669 1834 704 indignatio,
1852 671 1880 696 et

1055 712 1166 740 clamor
1184 715 1212 740 et
1236 712 1420 749 blasphemia
1434 713 1556 740 tollatur
1570 721 1585 740 a
1601 713 1682 740 vobis
1708 722 1774 740 cum
1799 714 1879 741 omni

1056 756 1169 785 malitia
1181 757 1230 785 ιε.»
1242 757 1314 784 Cum
1336 757 1377 785 ait
1390 759 1489 785 autem
1501 769 1515 783 (ι
1531 765 1660 789 omnem,
1674 769 1686 782 n
1702 758 1811 785 nullam
1828 766 1881 785 no-

1056 802 1102 830 bis
1124 802 1335 838 indignationis
1360 802 1554 834 occasionem,
1568 802 1612 829 vel
1639 803 1723 837 quasi
1747 811 1882 831 necessa-

1056 846 1142 882 riam,
1157 846 1201 874 vel
1217 846 1300 882 quasi
1323 849 1549 874 consentaneam
1566 846 1694 882 reliquit.
1713 848 1765 879 Qui
1793 847 1883 883 igitur

1057 892 1201 918 errantem
1217 891 1336 919 fratrem
1363 891 1507 928 corripere
1523 893 1574 919 aut
1590 892 1810 927 castigationem
1826 892 1882 928 ipsi

1056 934 1162 963 inferre
1175 935 1311 970 voluerit,
1327 936 1444 964 studeat
1466 944 1531 964 sese
1546 937 1751 964 commotionis
1768 939 1881 972 pertur-

1056 979 1243 1016 bationisque
1270 982 1418 1016 expertem
1447 980 1605 1016 custodire,
1628 990 1674 1012 ne.
1692 982 1761 1008 dum
1788 981 1878 1009 alium

1056 1024 1118 1052 vult
1137 1033 1250 1059 curare,
1267 1025 1402 1053 morbum
1427 1025 1483 1053 sibi
1509 1025 1614 1059 trahat,
1632 1035 1700 1053 neve
1726 1027 1839 1054 dicatur
1855 1027 1881 1054 ei

1056 1069 1262 1105 Evangelicum
1278 1069 1349 1097 illud
1369 1078 1394 1097 ευ
1407 1070 1526 1103 Medica,
1539 1079 1608 1098 cura
1624 1072 1748 1106 teipsum
1762 1072 1801 1098 ‘9:
1818 1082 1832 1096 ››
1849 1080 1880 1099 ac

1057 1122 1194 1142 rursum:
1209 1125 1223 1140 «
1235 1114 1309 1148 Quid
1324 1117 1354 1142 tu
1372 1114 1452 1142 vides
1473 1115 1613 1143 festucam
1631 1115 1659 1142 in
1683 1116 1766 1143 oculo
1785 1116 1881 1144 fratris

1055 1159 1110 1193 tui,
1126 1158 1238 1187 trabem
1254 1161 1351 1186 autem
1368 1159 1398 1186 in
1414 1159 1497 1187 oculo
1517 1162 1567 1188 tuo
1582 1168 1639 1188 non
1658 1160 1818 1196 intelligis?
1833 1164 1883 1189 aut

1057 1203 1202 1239 quomodo
1218 1203 1298 1231 dices
1313 1203 1396 1231 fratri
1416 1206 1467 1232 tuo
1485 1212 1491 1232 :
1507 1204 1586 1240 Sine,
1601 1205 1715 1240 ejiciam
1740 1206 1880 1233 festucam

1055 1256 1090 1276 ex
1104 1248 1189 1276 oculo
1214 1250 1275 1281 tuo,
1291 1248 1340 1284 qui
1366 1248 1477 1277 trabem
1500 1249 1528 1276 in
1550 1250 1665 1286 proprio
1682 1250 1765 1277 oculo
1789 1250 1880 1277 habes

1056 1293 1233 1329 operientem
1250 1292 1334 1321 illum
1345 1293 1387 1320 7°?
1399 1305 1412 1318 »
1429 1294 1561 1325 Qualibet
1582 1295 1658 1321 enim
1677 1295 1711 1321 dc
1727 1303 1814 1322 causa
1830 1295 1878 1322 ira:

1057 1340 1155 1366 motus
1174 1339 1352 1374 effervescat,
1379 1338 1487 1366 mentis
1511 1338 1609 1367 oculos
1635 1344 1765 1374 excaecat,
1786 1347 1878 1375 neque

1056 1383 1127 1410 sinit
1136 1383 1284 1410 hominem
1297 1383 1441 1419 respicere
1449 1382 1545 1410 Solem
1554 1384 1729 1419 justitire.(6)
1739 1385 1881 1416 Quemad-

1056 1428 1176 1455 modum
1188 1428 1266 1455 enim
1283 1428 1332 1464 qui
1349 1427 1441 1455 oculis
1456 1427 1582 1463 imponit
1596 1436 1684 1455 aurea
1700 1431 1726 1455 et
1742 1428 1879 1463 plumbea

1056 1471 1186 1505 metalla,
1198 1480 1278 1508 aequo.
1298 1472 1422 1508 impedit
1436 1471 1552 1499 videndi
1571 1472 1749 1504 facultatem,
1762 1481 1814 1499 nec
1829 1481 1880 1499 uu~

1056 1516 1096 1544 rei
1113 1516 1223 1544 mctalli
1234 1515 1361 1552 pretium
1375 1516 1504 1552 aliquam
1517 1516 1585 1543 facit
1600 1516 1738 1544 cmcitntis
1749 1517 1881 1544 diti‘ereu-

1055 1561 1142 1596 tiam;
1159 1561 1198 1589 ita
1213 1569 1247 1588 ex
1262 1561 1391 1597 qualibet
1401 1569 1490 1588 causa
1505 1560 1554 1588 iraa
1570 1562 1726 1589 commotio
1743 1562 1883 1588 accenda-

1055 1608 1113 1641 tur,
1124 1605 1230 1634 anima
1244 1606 1351 1633 videnti
1367 1605 1535 1633 facultatem
1551 1605 1730 1634 obtencbrut.
1744 1607 1779 1642 (7)
1796 1606 1879 1634 Tunc

1055 1651 1152 1678 solum
1171 1651 1256 1686 juxta
1279 1652 1414 1678 naturam
1437 1650 1637 1686 indignatione
1667 1651 1787 1683 utimur,
1811 1659 1877 1678 cum

1055 1697 1196 1724 adversus
1211 1695 1330 1723 vitiosas
1354 1697 1383 1723 et
1404 1695 1585 1732 voluptarias
1608 1695 1797 1730 cogitationes
1814 1704 1876 1723 cam

1055 1748 1217 1769 movemus.
1243 1740 1274 1768 Id
1303 1739 1412 1777 quippe
1435 1748 1489 1767 nos
1513 1740 1655 1776 propheta
1680 1740 1769 1767 David
1796 1741 1879 1768 docnt

1055 1792 1117 1813 cum
1134 1785 1175 1812 ait
1191 1793 1199 1812 ς
1214 1796 1225 1810 ι
1243 1784 1405 1813 lrascimini
1418 1786 1446 1812 et
1464 1784 1552 1813 nolite
1567 1792 1686 1820 peccaro
1697 1786 1735 1816 71;
1750 1796 1762 1808 ››
1779 1785 1806 1811 id
1824 1787 1877 1818 est,

1055 1830 1196 1858 adversus
1221 1829 1354 1866 proprius
1383 1829 1535 1866 passiones
1563 1829 1635 1856 iram
1664 1831 1784 1864 movete,
1810 1837 1878 1856 nec-

1055 1883 1113 1903 non
1133 1874 1274 1903 sdversus
1299 1882 1403 1910 pravas
1427 1874 1628 1910 cogitationes,
1647 1881 1740 1908 neque
1764 1874 1876 1908 agendo

1054 1927 1118 1956 quas
1140 1919 1222 1946 vobis
1246 1920 1444 1955 suggeruntur
1467 1918 1503 1946 ab
1528 1917 1595 1952 illis,
1621 1918 1767 1953 peccetis:
1786 1926 1874 1953 quam

1055 1963 1140 1999 plane
1166 1962 1436 1999 interpretationem
1462 1961 1591 1990 declarat
1616 1962 1690 1997 quod
1717 1962 1872 1997 sequitur:

1054 2020 1068 2034 ι(
1085 2009 1153 2042 Quae
1169 2007 1274 2043 dicitis,
1291 2007 1395 2043 inquit,
1413 2007 1442 2034 in
1467 2006 1603 2035 cordibus
1617 2007 1732 2039 vestris,
1748 2007 1776 2033 in
1793 2007 1873 2034 cubi-

1052 2053 1132 2081 libus
1146 2052 1251 2081 vestris
1267 2051 1497 2089 compungimini
1509 2052 1533 2069 7'
1545 2062 1559 2077 η
1576 2051 1605 2079 id
1620 2054 1674 2085 est,
1691 2060 1756 2078 cum
1773 2060 1873 2079 ascen-

1052 2097 1147 2125 derint
1169 2105 1262 2133 pravm
1277 2096 1468 2133 cogitationes
1495 2097 1524 2124 in
1549 2105 1598 2124 cor
1619 2099 1761 2129 vestrum,
1781 2097 1875 2132 ejicite

1051 2141 1127 2178 illas,
1140 2141 1320 2170 concitantes
1343 2141 1482 2169 adversus
1497 2149 1547 2169 eas
1562 2141 1634 2168 iram
1651 2143 1774 2168 vestram
1794 2144 1872 2177 post-

1050 2195 1139 2223 quam
1150 2194 1217 2214 vero
1228 2186 1324 2222 ejecta
1339 2186 1456 2220 fuerint,
1467 2186 1550 2223 quasi
1567 2186 1595 2213 in
1612 2185 1684 2213 lccto
1697 2194 1746 2213 seu
1765 2186 1871 2221 quiete,

1048 2233 1112 2259 tum
1128 2230 1361 2267 compungimini
1372 2231 1407 2258 ad
1422 2230 1632 2267 pmnitentiam.
1648 2231 1697 2257 llis
1710 2239 1794 2265 porro
1806 2239 1871 2257 con-

1049 2278 1134 2304 sonat
1159 2276 1260 2303 beatus
1278 2275 1394 2309 Paulus,
1406 2275 1454 2311 qui
1470 2274 1594 2311 hujusce
1609 2275 1676 2302 dicti
1702 2275 1870 2302 testimonio

169 2317 318 2345 ἀνέλθωσιν
358 2317 402 2344 ἐπὶ
434 2318 484 2351 τὴν
514 2315 626 2355 καρδίαν
660 2318 686 2344 οἱ
714 2319 826 2356 πονηροὶ
851 2318 992 2357 λογισμοὶ,

1053 2322 1093 2349 εει
1102 2329 1185 2352 usus,
1196 2322 1283 2356 atque
1293 2319 1364 2347 illud
1377 2319 1483 2355 adjecit
1494 2328 1518 2347 ια
1530 2319 1578 2347 Sol
1591 2328 1646 2346 non
1660 2320 1770 2346 occidat
1782 2328 1870 2355 super

169 2359 354 2392 ἐκϐάλλοντες
392 2360 504 2392 τούτους
535 2359 578 2388 διὰ
601 2362 649 2396 τῆς
678 2362 746 2397 πρὸς
770 2361 867 2394 αὐτοὺς
898 2363 992 2402 ὀργῆς,

171 2407 240 2444 μετᾶ
277 2407 327 2441 τὴν
365 2405 468 2433 τούτων
507 2403 648 2440 ἀποϐολὴν
678 2405 774 2434 ὡσανεὶ
803 2406 829 2434 ἐν
860 2407 935 2445 κοίτῃ
957 2408 992 2446 τῇ

169 2451 276 2489 ἡσυχίᾳ
317 2451 531 2488 εὑρισκόμενοι,
572 2450 604 2477 τὸ
642 2453 789 2486 τηνικαῦτα
827 2452 994 2490 κατανύγητε

168 2496 238 2534 πρὸς
270 2496 422 2533 μετάνοιαν.
455 2497 601 2534 Συμφωνεῖ
627 2493 656 2522 δὲ
684 2494 791 2527 τούτοις
824 2496 869 2523 καὶ
898 2497 912 2524 ὁ
942 2507 993 2534 μα-

167 2540 263 2578 κάριος
291 2538 398 2570 Παῦλος
420 2538 596 2577 χρησάμενος
619 2541 653 2576 τῇ
680 2539 813 2577 μαρτυρίᾳ
833 2542 882 2567 τοῦ
908 2540 992 2578 ῥητοῦ

166 2585 276 2620 τούτου,
306 2584 352 2612 καὶ
381 2583 520 2622 προσθείς·
551 2595 565 2609 ‹‹
594 2584 625 2612 Ὁ
650 2582 732 2618 ἣλιος
749 2585 787 2621 μή
803 2583 935 2613 ἐπιδυέτω
948 2585 991 2613 ἐπὶ

167 2632 206 2666 τῷ
234 2631 402 2666 παρογισμῷ
430 2629 517 2665 ὑμῶν·
550 2628 588 2665 μὴ
619 2627 707 2656 δίδοτε
734 2628 816 2657 τόπον
853 2632 893 2666 τῷ
931 2629 991 2658 δια-

1048 2365 1230 2393 iracundiam
1242 2366 1380 2399 vestram,
1393 2364 1483 2393 nolite
1498 2364 1567 2391 dare
1583 2363 1677 2391 locum
1691 2364 1836 2391 diabolo"
1846 2373 1871 2398 ;››

1048 2410 1077 2437 id
1093 2411 1148 2445 est,
1164 2418 1199 2437 ne
1215 2408 1311 2445 pravis
1333 2408 1561 2444 cogitationibus
1584 2408 1802 2443 oonsentiendo,
1820 2409 1870 2435 So-

1048 2454 1105 2482 lem
1118 2453 1244 2489 justitize
1256 2453 1404 2481 Christum
1428 2452 1587 2486 irritantes,
1601 2452 1734 2480 efficiatis
1752 2454 1783 2479 ut
1798 2453 1872 2479 occi-

1048 2498 1141 2526 datin
1161 2498 1239 2526 σου
1258 2497 1396 2525 cordibus
1409 2497 1526 2530 vestris,
1539 2498 1571 2524 ut
1594 2505 1629 2524 ne
1654 2497 1715 2531 ejus
1741 2497 1872 2524 discessu

1046 2543 1143 2571 locum
1159 2542 1188 2569 in
1203 2542 1285 2570 vobis
1307 2541 1436 2570 inveniat
1462 2541 1608 2569 diabolus.
1623 2542 1662 2576 (8)
1678 2542 1717 2568 De
1741 2542 1795 2568 isto
1812 2542 1872 2569 sole

1046 2587 1173 2615 aitDeus
1183 2595 1234 2623 per
1242 2586 1413 2623 prophetam
1425 2594 1449 2614 ει(
1459 2586 1643 2614 Timentibus
1655 2594 1761 2614 nomen
1772 2594 1870 2613 meum

1046 2632 1156 2661 orietur
1165 2631 1390 2667 Soijustitiaa,et
1400 2631 1548 2660 medicina
1558 2630 1612 2659 erit
1628 2631 1655 2657 in
1668 2631 1721 2658 alis
1735 2631 1798 2666 ejus
1810 2632 1842 2658 τε,
1856 2642 1868 2655 η

199 2716 223 2734 ⁵⁸
236 2715 301 2744 Jac.
313 2723 334 2748 ι,
344 2715 389 2742 20.
404 2750 410 2751 γ
428 2714 450 2732 ⁸⁷
464 2713 599 2751 Progn,
609 2714 654 2742 25.
692 2714 714 2732 ⁸⁸
729 2714 834 2751 Ephes.
846 2723 885 2749 Iv,
898 2715 944 2743 31.
982 2715 998 2734 ⁶¹

1053 2717 1194 2751 ιο.ιν,23.
1233 2716 1255 2734 ⁷⁰
1270 2716 1481 2750 Marc.vu,23.
1519 2716 1722 2749 1'Psal.iv,t3.
1763 2715 1870 2742 "Ibid.

164 2751 187 2769 π
202 2751 308 2787 Ephes.
325 2758 363 2784 Iv,
378 2750 425 2778 26.
462 2750 486 2768 ’⁸⁸
499 2750 622 2779 Malaoh.
638 2758 677 2784 Iv,
693 2751 720 2777 2.

201 2836 239 2908 (εγ
255 2835 328 2876 Ibid.
345 2843 370 2864 α.
385 2835 414 2863 5.

201 2872 228 2908 te
253 2871 329 2901 una.
345 2879 370 2900 ο.
385 2871 413 2900 ο.

197 2871 239 2908 (α)
253 2871 329 2901 Ibid.
345 2879 370 2900 ο.
385 2871 413 2900 6.

1083 2837 1120 2873 (7)
1137 2837 1209 2866 ibid.
1225 2845 1251 2865 ο.
1266 2838 1295 2873 7,
1308 2838 1335 2866 8.

1079 2872 1117 2909 (θ)
1133 2873 1206 2902 Ibid.
1222 2881 1247 2903 ο.
1264 2873 1291 2902 9.
