4102 6218
413 363 525 424 891

1579 372 1642 432 S.
1691 367 2208 431 ATHANASIUS.
2239 403 2316 414 ——
2349 372 2657 434 SPURIA.

3515 13 3522 20 .
3543 0 3554 6 ν
3581 0 3772 20 *εντ’-η

3709 369 3832 429 892

415 496 576 559 Quod
611 497 901 554 sidictum
933 500 1078 556 illud
1102 501 1409 576 (Apostoli)
1431 504 1502 558 ad
1529 503 1783 559 litteram
1815 501 2060 574 accipia-

2189 494 2347 573 ἲὸλῳ·
2383 524 2410 554 ››
2443 504 2697 558 τουτάστι
2731 504 2805 577 μὴ
2847 500 3289 578 παρασκευάσητε
3339 501 3430 555 τὸν
3482 497 3679 556 ’Ἡλιον
3724 504 3828 567 τῆς

417 599 572 645 mus,
600 600 670 639 ne
695 585 929 657 quidem
963 589 1034 644 ad
1063 607 1336 646 occasum
1359 592 1714 664 usquefsolis
1735 591 2072 648 conceditur

418 672 589 726 nobis
623 679 686 727 ut
719 675 864 731 iram
899 695 1220 735 servemus.
1251 682 1323 752 (9)
1346 681 1491 746 Quid
1524 682 1704 754 igitur
1733 682 1804 737 de
1833 680 1951 736 illis
1981 680 2068 736 di-

418 778 643 828 cemus,
679 765 778 834 qui
832 766 1060 824 feritate
1092 775 1269 838 atque
1295 771 1528 826 insania
1570 771 1755 826 vitiati
1805 770 2068 836 affectus,

420 867 534 904 non
571 854 639 906 ad
679 871 866 925 usque
899 857 1040 912 solis
1071 858 1317 930 hujusce
1349 877 1623 916 occasum
1663 860 2070 916 tantummodo

417 946 651 994 servant
685 942 855 1009 iram;
889 947 990 1000 sed
1019 947 1194 1002 etiam
1222 949 1291 1003 ad
1331 947 1548 1005 multos
1581 950 1705 1005 dies
1736 950 2072 1022 producunt

416 1044 566 1098 eam,
602 1049 633 1084 a
668 1037 869 1089 mutuo
900 1035 1191 1108 colloquio
1223 1038 1626 1095 abstinentes:
1662 1055 1850 1110 neque
1879 1038 2071 1094 verbis

421 1118 671 1176 ulterius
703 1121 1070 1181 iracundiam
1116 1127 1452 1198 exprimunt
1485 1144 1673 1195 suam,
1708 1128 1808 1182 sed
1839 1127 2070 1182 silentio

419 1209 490 1262 ad
523 1208 770 1265 invicem
815 1218 1064 1282 servato,
1092 1216 1258 1272 virus
1290 1219 1580 1273 memorias
1620 1217 1966 1288 injuriarum
1999 1217 2070 1272 ad

422 1313 589 1351 suam
627 1299 938 1368 perniciem
989 1305 1342 1372 accendunt;
1386 1305 1722 1378 ignorantes
1752 1323 1865 1361 non
1899 1306 2070 1360 modo

418 1403 449 1439 a
483 1393 716 1456 peccato
749 1391 904 1461 quod
937 1409 1108 1465 opere
1140 1399 1510 1467 perpetretur
1535 1395 1953 1452 abstinendum
1985 1411 2072 1450 es-

418 1492 508 1542 se;
544 1478 642 1530 sed
673 1478 848 1534 etiam
881 1481 952 1536 ab
984 1499 1049 1537 eo
1080 1485 1233 1554 quod
1267 1485 1324 1539 in
1358 1489 1553 1540 mente
1575 1485 1972 1556 concipiatur;
1999 1501 2072 1541 ne

418 1566 672 1621 tenebris
703 1569 1123 1627 recordationis
1153 1572 1506 1644 injuriarum
1535 1575 1850 1630 obscurata
1879 1590 2069 1642 mens,

419 1654 647 1708 excidat
680 1673 711 1710 a
742 1657 966 1714 lumine
994 1660 1364 1734 cognitionis,
1387 1679 1453 1718 ac
1481 1663 1872 1733 discretionis,
1897 1667 2073 1736 atque

417 1742 676 1813 privetur
733 1748 919 1803 sancti
967 1750 1221 1822 Spiritus
1280 1751 1662 1808 habitatione.
1691 1753 1804 1824 (10)
1852 1753 2072 1816 Quam-

2181 585 2528 661 δικαιοσύνης
2597 591 2852 666 Χριστὸν,
2931 591 3345 668 παροργίζοντες
3418 588 3578 643 αὐτὸν
3644 587 3696 643 ἐν
3757 591 3826 652 τῆ

2178 683 2284 733 τῶν
2341 679 2560 757 φαύλων
2610 680 2888 757 λογισμῶν
2955 679 3360 756 συγκαταθέσει,
3434 674 3679 733 ἰπιδῦναι
3734 677 3828 739 τὰς

2177 765 2404 842 καρδίας
2451 770 2626 842 ὑμῶν’
2683 769 2772 825 ’ίνα
2833 772 2907 843 μή
2958 773 3026 844 τῇ
3085 770 3432 844 ἀναχωρήσει
3490 766 3653 820 αὐτοῦ
3701 764 3828 839 εὕρῃ

2179 855 2230 910 ἐν
2263 857 2388 929 ὑμῖν
2419 854 2584 915 τὸπον
2619 861 2646 913 6
2678 855 2954 920 διάϐολος.
2991 859 3120 934 Περὶ
3151 856 3346 912 τουτου
3374 860 3472 910 τοῦ
3519 855 3686 924 ἡλίου
3736 853 3827 908 καὶ

2181 947 2208 1000 ὁ
2239 949 2369 1011 θεὸς
2401 946 2489 1003 διὰ
2535 955 2630 1004 τοῦ
2679 952 2964 1027 προφήτου
3017 947 3184 1023 λέγει·
3241 971 3268 996 ‹(
3299 949 3428 1008 Τοῖς
3462 943 3521 1000 δὲ
3551 938 3827 1021 φοϐον)μὲ-

2179 1058 2292 1099 νοις
2323 1039 2384 1092 τὸ
2431 1033 2605 1112 ὄνομά
2655 1060 2762 1112 μου
2810 1037 3058 1093 ἀνατελεῖ
3099 1035 3294 1097 ’Ήλιος
3343 1033 3708 1105 δικαιοσύνης,
3736 1031 3826 1086 καὶ

2183 1123 2318 1188 ἴασις
2380 1125 2523 1184 ἔσται
2583 1127 2635 1182 ἐν
2695 1133 2812 1189 ταῖς
2869 1126 3117 1203 πτέρυξιν
3171 1123 3356 1181 αὐτοῦ.
3422 1149 3443 1174 ιι
3505 1123 3569 1177 Et
3629 1120 3687 1176 δὲ
3735 1121 3826 1175 καὶ

2181 1216 2314 1271 κατά
2359 1217 2419 1271 τὸ
2471 1217 2700 1294 γράμμα
2748 1213 3066 1288 ὲκλάῧωμεν
3113 1216 3175 1269 τὸ
3225 1214 3410 1290 ῥητὸν,
3463 1209 3587 1266 οὐδὲ
3657 1211 3824 1285 μέχρι

2181 1301 2384 1368 δύσεως
2432 1305 2597 1374 ἡλίου
2649 1310 3012 1381 συγχωρεῖται
3065 1306 3200 1375 ἡμῖν
3251 1299 3538 1380 φυλάττειν
3589 1301 3688 1370 τὴν
3740 1298 3828 1373 ὀρ-

2179 1395 2306 1468 γήν.
2338 1393 2398 1448 Τί
2451 1394 2542 1449 οὗν
2595 1393 2820 1467 ἐροῦμεν
2868 1393 2991 1469 περὶ
3039 1393 3270 1459 τούτων,
3320 1389 3512 1452 ο⁹ίτινες
3539 1393 3608 1462 τῇ
3641 1389 3826 1465 ἀγριό-

2179 1504 2304 1553 τητι
2333 1483 2422 1538 καὶ
2485 1484 2645 1556 μανίᾳ
2699 1491 2798 1553 τῆς
2855 1483 3131 1556 ἐμπαθοῦς
3183 1479 3492 1549 διαθέσεως,
3549 1477 3609 1534 ού
3666 1473 3829 1549 μὸνον

2187 1573 2349 1648 μέχρι
2383 1570 2585 1636 δύσεως
2613 1572 2807 1628 τούτου
2837 1577 2932 1627 τοῦ
2962 1571 3126 1642 ἡλίου
3158 1569 3476 1646 διατηροῦσι
3504 1570 3602 1638 τὴν
3632 1569 3830 1644 ὀργὴν,

2182 1659 2326 1718 ἀλλά
2372 1662 2460 1717 καὶ
2511 1662 2597 1717 ἐπὶ
2640 1661 2898 1724 πλείστας
2947 1662 3156 1737 ἡμέρας
3207 1657 3616 1735 παρατείνουσιν
3664 1656 3832 1725 αὐτὴν

2181 1756 2641 1827 παρασιωπῶντες
2684 1751 2776 1806 ἀπ’
2831 1749 3122 1821 ἀλλήλων,
3190 1749 3369 1804 ούκὲτι
3429 1749 3522 1820 μὲν
3584 1744 3676 1802 διὰ
3720 1743 3830 1801 τῶν

416 1833 613 1887 obrem
641 1836 806 1904 jubet
833 1837 1122 1895 Dominus
1153 1840 1212 1895 in
1236 1841 1566 1912 Evangeliis
1586 1840 1908 1913 75,relinqui
1941 1859 2070 1898 mu-

2189 1839 2443 1915 ῥημάτων
2502 1840 2812 1917 ἐκφέροντες
2870 1840 3060 1908 αὐτὴν,
3117 1841 3187 1911 τῇ
3247 1837 3306 1892 δὲ
3351 1837 3488 1911 πρὸς
3538 1833 3830 1906 ἀλλήλους

2333 1933 2361 1940 _
2454 1931 2464 1940 .
2590 1937 2614 1940 μ
2995 1927 3004 1940 .
3118 1928 3157 1940 ..
3284 1925 3298 1940 .
3382 1923 3429 1940 ..η
3483 1936 3496 1940 ,
3701 1923 3714 1940 ,
3764 1928 3790 1938 -

420 1939 532 1976 nus
566 1941 741 1994 super
783 1925 988 1996 altare,
1022 1933 1079 1984 et
1120 1931 1487 1986 reconciliari
1515 1931 1680 1988 fratri
1713 1949 1727 1988 :
1763 1933 1916 2003 quod
1949 1931 2073 1988 ﬁeri

420 2018 669 2081 nequeat
691 2019 993 2088 acceptum
1017 2034 1238 2075 munus
1261 2036 1410 2090 esse,
1437 2021 1606 2077 nobis
1629 2021 1715 2077 ira
1743 2037 1809 2078 ac
1839 2020 2078 2093 injuria-

419 2117 550 2155 rum
586 2104 881 2161 memoriae
923 2109 1249 2180 occupatis.
1280 2109 1595 2182 Apostolus
1625 2127 1758 2166 vero
1789 2127 1923 2167 cum
1973 2111 2074 2178 ait,

420 2190 546 2244 sine
603 2191 1040 2251 intermissione
1099 2198 1387 2254 orandum
1443 2201 1656 2267 esse“,
1689 2201 1747 2254 in
1799 2201 2076 2272 omnique

419 2277 544 2334 loco
577 2280 886 2340 elevandae
914 2301 1043 2341 esse
1091 2291 1326 2343 sanctas
1358 2305 1592 2358 manus,
1623 2290 1844 2362 absque
1896 2290 1984 2346 ira
2007 2291 2074 2358 ⁷⁷,

423 2369 651 2424 etiamsi
688 2372 746 2425 in
769 2372 892 2429 sola
913 2375 1264 2448 cogitatione
1286 2377 1383 2448 sit,
1415 2377 1474 2433 id
1503 2380 1793 2451 agendum
1825 2395 1954 2436 esse
1974 2381 2075 2436 do-

433 2463 538 2512 cet.
572 2460 772 2516 Restat
796 2461 973 2532 igitur
994 2468 1058 2519 ut
1078 2464 1164 2520 vel
1191 2483 1490 2539 nunquam
1522 2484 1776 2537 oremus,
1802 2473 1976 2541 atque
1995 2469 2077 2524 ita

421 2547 651 2603 obnoxii
694 2551 891 2607 simus
935 2554 1273 2624 Apostolico
1304 2562 1618 2630 praecepto;
1653 2562 1756 2614 aut
1783 2559 1834 2614 si
1865 2575 2074 2630 praece-

426 2642 527 2706 pta
558 2655 786 2694 servare
816 2657 1114 2714 curemus,
1139 2648 1204 2699 ut
1224 2646 1448 2718 absque
1479 2647 1565 2703 ira
1593 2652 1650 2702 et
1679 2647 2076 2704 recordatione

421 2725 773 2795 injuriarum
806 2727 951 2786 illud
972 2735 1431 2807 agamus.(ll)At
1448 2735 1921 2807 quandoquidem
1955 2735 2074 2808 ple-

421 2831 667 2884 rumque
718 2819 1024 2890 contingit,
1057 2826 1122 2878 ut
1165 2824 1524 2880 contristatis
1573 2829 1675 2880 aut
1723 2826 2077 2898 perturbatis

419 2904 723 2976 fratribus,
754 2924 860 2964 nos
909 2925 1031 2965 rem
1085 2916 1552 2982 contemnamus,
1573 2918 1748 2986 atque
1785 2915 2078 2987 dicamus,

420 3009 536 3048 non
557 3013 661 3050 nos
684 2997 739 3052 in
765 3013 944 3054 causa
959 3015 1088 3056 esse
1107 3001 1261 3072 quod
1287 3001 1371 3056 illi
1390 3003 1836 3071 contristentur;
1857 3005 2072 3060 anima-

423 3101 551 3137 rum
594 3086 878 3156 medicus,
912 3096 973 3144 ut
1021 3089 1118 3144 ire:
1167 3091 1506 3149 occasiones
1556 3093 1840 3148 radicitus
1873 3094 2080 3150 evellat

426 3187 493 3226 ex
527 3175 696 3229 corde
745 3180 944 3233 nostro
964 3179 1032 3247 ⁷⁸,
1074 3196 1186 3235 non
1222 3182 1393 3236 modo
1426 3183 1474 3236 si
1507 3199 1613 3237 nos
1661 3183 1991 3239 contristati
2022 3188 2079 3240 et

2185 1933 2364 2003 σιωπῇ
2413 1931 2504 1984 τὸν
2549 1937 2647 1999 τῆς
2716 1927 3067 2002 μνησικακίας
3118 1928 3195 1981 ἱὸν
3256 1925 3330 1988 εἷς
3378 1923 3602 2000 ὄλεθρον
3655 1923 3833 1978 αὐτῶν

2185 2017 2521 2091 ἐξάπτοντες,
2579 2020 2911 2092 ἀγνοοῦντες,
2975 2017 3056 2072 δτι
3121 2017 3196 2090 μὴ
3259 2011 3417 2089 μὸνον
3471 2014 3529 2068 ἐκ
3573 2017 3672 2082 τῆς
3719 2014 3836 2068 κατ’

2185 2108 2454 2184 ἐνέργειαν
2503 2109 2771 2183 ἁμαρτίας
2817 2107 3117 2182 ἀπέχεσθαι
3169 2103 3271 2172 δεῖ,
3303 2103 3449 2160 ἀλλὰ
3474 2104 3564 2158 καὶ
3597 2103 3706 2158 ἀπὸ
3732 2110 3834 2172 τῆς

2183 2198 2319 2252 κατά
2366 2195 2624 2269 διάνοιαν,
2663 2195 2756 2252 ἵνα
2808 2199 2909 2266 μὴ,
2958 2201 3037 2268 τῷ
3089 2196 3264 2251 σκότει
3321 2201 3420 2264 τῆς
3473 2193 3834 2266 μνησικακίας

2185 2286 2214 2343 6
2243 2292 2368 2348 νοῦς
2399 2286 2764 2361 ἀμαυρωθεὶς,
2796 2285 2993 2360 ἐκπέσῃ
3032 2290 3130 2340 τοῦ
3180 2283 3360 2362 φωτὸς
3407 2289 3506 2352 τῆς
3555 2284 3836 2357 γνώσεως,

2183 2377 2273 2432 καὶ
2330 2383 2432 2446 τῆς
2507 2374 2849 2450 διακρίσεως,
2912 2376 3000 2430 καὶ
3063 2378 3298 2450 στερηθῇ
3358 2378 3458 2442 τῆς
3514 2376 3615 2426 τοῦ
3675 2370 3836 2446 ἁγίου

2185 2465 2495 2538 Πνεύματος
2544 2465 2830 2535 οἰκήσεως.
2881 2464 2979 2519 Διά
3032 2463 3133 2539 γὰρ
3189 2466 3354 2518 τοῦτο
3405 2460 3494 2516 καὶ
3555 2462 3584 2515 6
3626 2460 3836 2533 Κύριος

2186 2555 2236 2610 ὲν
2287 2553 2638 2630 Εύαγγελίοις
2689 2553 2899 2610 κελεύει
2950 2554 3159 2627 ἀφεῖναι
3207 2553 3270 2606 τὸ
3321 2548 3494 2624 δῶρον
3525 2546 3617 2604 ἐπὶ
3646 2550 3711 2604 τὸ
3744 2560 3835 2613 θυ-

2186 2647 2522 2718 σιαστήριον,
2571 2643 2660 2698 καὶ
2712 2641 3128 2698 διαλλάττεσθαι
3169 2645 3249 2713 τῷ
3299 2637 3537 2718 ἀδελφῷ-
3577 2637 3695 2693 ἐπεὶ
3757 2639 3835 2710 μὴ

2185 2733 2406 2790 δυνατὸν
2467 2728 2855 2810 εύπρὸσδεκτον
2925 2733 3187 2808 γενέσθαι,
3249 2729 3428 2802 θυμοῦ
3487 2728 3577 2783 καὶ
3640 2749 3838 2801 μνησι-

2183 2822 2372 2884 κακίας
2431 2821 2860 2895 ἐναποκειμὲνων
2913 2823 3071 2894 ἡμῖν.
3131 2819 3234 2876 Καὶ
3293 2820 3321 2873 6
3379 2815 3718 2878 Ἀπόστολος
3781 2813 3840 2871 δὲ

2186 2911 2356 2988 λέγων
2409 2908 2774 2973 ἀδιαλείπτως
2821 2909 3237 2987 προσεύχεσθαι,
3283 2908 3370 2961 καὶ
3412 2905 3463 2960 ἐν
3490 2905 3652 2960 παντὶ
3682 2900 3840 2978 τὸπῳ

2186 2999 2422 3077 ἐπαίρειν
2482 2999 2630 3062 ὁσίας
2681 3005 2890 3076 χεῖρας,
2943 2997 3119 3074 χωρὶς
3171 2995 3342 3071 ὀργῆς
3388 2995 3479 3049 καὶ
3539 2991 3630 3048 διά
3677 2992 3840 3068 λογι-

2187 3094 2337 3164 σμῶν
2367 3093 2529 3144 τοῦτο
2559 3092 2707 3162 ἡμᾶς
2739 3085 3000 3144 διδάσκει.
3037 3085 3414 3163 Περιλείπεται
3441 3083 3623 3138 τοίνυν
3657 3083 3692 3152 ἢ
3731 3105 3839 3156 μη-

2189 3177 2379 3236 δέποτε
2411 3177 2830 3256 προσεύχεσθαι,
2863 3177 2952 3232 καὶ
2981 3177 3118 3231 κατά
3145 3179 3304 3230 τοῦτο
3361 3171 3655 3234 ὑποδίκους
3703 3171 3836 3226 εἶναι

423 3260 556 3315 irati
592 3263 778 3319 simus
810 3265 870 3321 in
897 3268 1134 3324 fratrem
1160 3273 1448 3337 nostrum,
1469 3272 1641 3342 jubet
1661 3276 1724 3326 ut
1747 3289 1964 3330 munus
1995 3291 2077 3329 re-

2189 3274 2266 3342 τῷ
2311 3243 2662 3338 ἀποστολικίῇ
2710 3243 3151 3342 παραγγέλματι,
3199 3267 3234 3333 ἣ
3285 3260 3690 3331 σπουδάζοντας
3739 3282 3838 3338 φυ-

425 3349 788 3422 linquamus,
823 3359 880 3410 et
908 3357 1350 3414 reconciliemur
1379 3360 1520 3430 ipsi;
1553 3361 1655 3416 sed
1688 3362 1916 3418 etiamsi
1948 3363 2073 3434 ipse

429 3439 487 3492 in
541 3458 643 3495 nos
689 3444 824 3512 jure
873 3461 948 3500 an
1002 3446 1222 3517 injuria
1273 3448 1579 3515 irascatur,
1613 3454 1677 3504 ut
1705 3452 2076 3507 excusatione

429 3535 629 3585 nostra
663 3532 806 3587 iram
848 3535 976 3605 ejus
1010 3537 1306 3607 sedemus,
1339 3541 1396 3592 et
1426 3541 1564 3593 tunc
1611 3554 1827 3596 munus
1871 3541 2074 3596 offera-

427 3623 711 3690 mus.(l‘3)
747 3623 856 3678 Sed
893 3624 1033 3696 quid
1075 3624 1300 3681 diutius
1343 3627 1692 3699 ovangelicis
1741 3633 1798 3684 et
1845 3633 2075 3700 aposto-

425 3708 555 3764 licis
580 3712 884 3784 przeceplis
909 3713 1312 3781 immoremur,
1332 3731 1465 3770 cum
1487 3733 1557 3771 ex
1579 3718 1754 3772 veteri
1785 3717 1925 3773 item
1953 3718 2078 3790 lege

424 3799 596 3854 liceat
630 3801 734 3856 hoc
768 3803 1062 3858 ediscere:
1101 3821 1227 3875 quae
1279 3805 1514 3861 tametsi
1545 3823 1612 3861 ex
1642 3805 1744 3862 illa
1774 3807 2079 3864 severitate

427 3889 736 3945 deﬂectere
767 3909 832 3947 ac
879 3908 1008 3948 sese
1040 3897 1426 3965 attemperare
1463 3895 1711 3964 videtur,
1746 3895 1826 3951 ita
1857 3897 2031 3952 habet
2063 3915 2077 3952 :

429 4001 455 4028 «
483 3980 562 4032 Ne
594 3979 786 4035 oderis
819 3981 1055 4036 fratrem
1088 3986 1255 4037 tuum
1288 3983 1348 4038 in
1381 3985 1552 4040 corde
1584 3989 1684 4040 tuo
1707 3987 1772 4040 ⁷³.
1800 4009 1821 4034 ι
1847 3987 1926 4042 Ac
1958 4004 2083 4042 rur-

429 4085 562 4122 sum
599 4086 610 4120 :
639 4093 662 4117 ‹‹
701 4068 816 4124 Vim
851 4086 1049 4126 eorum
1094 4073 1192 4143 qui
1225 4071 1573 4143 injuriarum
1619 4076 1962 4131 memoriam
1996 4080 2081 4133 te-

432 4159 591 4223 nent,
642 4158 710 4209 ad
761 4164 1006 4214 mortem
1029 4160 1142 4214 3°.»
1182 4162 1294 4216 lloc
1340 4162 1494 4217 cnim
1554 4162 1678 4219 loco
1737 4182 1851 4220 non
1910 4167 2083 4222 modo

434 4259 560 4298 eam
598 4262 724 4313 quae
767 4245 827 4299 in
859 4262 1007 4318 opus
1055 4251 1406 4321 prorumpit,
1440 4252 1543 4307 sed
1591 4267 1720 4308 eam
1767 4254 1906 4309 item
1957 4272 2084 4328 quis

435 4339 627 4387 mente
652 4335 938 4390 retinetur
958 4337 1127 4405 iram,
1151 4343 1306 4394 vetat
1329 4344 1504 4411 atque
1528 4340 1844 4398 ulciscitur.
1870 4344 2084 4408 Quam-

434 4422 633 4476 obrem
698 4415 926 4495 oportet
981 4425 1196 4482 divinis
1255 4425 1484 4498 legibus
1538 4429 1908 4499 inhaerentes,
1949 4433 2088 4488 totis

434 4510 657 4566 viribus
708 4515 906 4568 contra
963 4513 1238 4586 spiritum
1295 4515 1392 4570 ira:
1431 4517 1750 4586 decertare,
1777 4524 1834 4575 et
1889 4526 2090 4577 contra

2183 3357 2394 3414 λάττειν
2423 3358 2490 3412 τὰ
2519 3357 2929 3431 προστάγματα,
2976 3354 3154 3430 χωρὶς
3204 3353 3372 3428 ὀργῆς
3421 3351 3512 3406 καὶ
3565 3371 3833 3423 μνησικα-

2181 3447 2300 3509 κίας
2327 3451 2490 3502 τοῦτο
2537 3450 2735 3502 ποιεῖν.
2787 3446 2901 3498 Καὶ·
2932 3441 3120 3510 ἐπειδὴ
3167 3440 3435 3502 πολλάκις
3471 3439 3826 3509 λυπηθέντων

2183 3535 2429 3614 ἀδελφῶν
2462 3538 2496 3604 ἢ
2522 3535 2898 3610 ταραχθέντων
2933 3535 3364 3610 περιφρονοῦμεν
3411 3529 3686 3604 λέγοντες,
3737 3527 3834 3583 οὐκ

2186 3625 2236 3696 ἐξ
2284 3625 2553 3700 ἡμετέρας
2597 3623 2769 3685 αἰτίας
2815 3621 3042 3684 τούτους
3091 3619 3450 3691 λελυπῆσθαι,
3501 3620 3530 3673 6
3577 3623 3689 3674 τῶν
3735 3621 3836 3691 ψυ-

2187 3713 2303 3790 χῶν
2356 3714 2538 3790 ἰατρὸς
2591 3713 2686 3774 τάς
2745 3711 3038 3789 προφάσεις
3095 3716 3194 3779 τῆς
3249 3709 3416 3784 ὀργῆς
3478 3707 3689 3782 ῥιζόθεν
3733 3706 3839 3760 ἀπὸ

2187 3802 2408 3878 καρδίας
2457 3799 2754 3857 ἀνασπάσαι
2813 3798 3174 3876 βουλόμενος,
3225 3797 3284 3853 οὐ
3317 3798 3500 3871 ’μόνον
3555 3796 3598 3851 εἰ
3643 3795 3837 3871 τύχοι-

2193 3915 2287 3967 μεν
2315 3895 2477 3965 μεῖς
2525 3889 2902 3963 λελυπημένοι
2950 3890 3085 3944 κατά
3128 3892 3226 3943 τοῦ
3275 3884 3536 3962 ἀδελφοῦ,
3569 3885 3839 3958 προστάσ-

2191 4005 2268 4039 σει
2349 3983 2560 4054 ἀφιέναι
2632 3981 2695 4035 τὸ
2763 3976 2959 4054 δῶρον,
3019 3977 3109 4032 καὶ
3169 3973 3583 4031 διαλλάττεσθαι
3637 3973 3836 4044 τούτῳ·

2190 4070 2337 4129 ἀλλὰ
2382 4070 2473 4126 καὶ
2531 4069 2576 4124 εἰ
2625 4067 2782 4130 αύτὸς
2833 4066 3136 4137 λελύπηται
3179 4066 3294 4120 καθ’
3339 4067 3499 4137 ἡμῶν
3551 4060 3779 4124 δικαίως
3809 4063 3842 4128 ἣ

2193 4159 2414 4231 ἀδίκως,
2471 4163 2662 4214 τοῦτον
2723 4155 2812 4212 διὰ
2857 4163 2954 4225 τῆς
3006 4153 3302 4228 ἀπολογίας
3353 4151 3692 4228 θεραπεύειν,
3749 4149 3838 4204 καὶ

2190 4251 2314 4306 τότε
2369 4251 2688 4325 προσφέρειν
2747 4247 2810 4301 τὸ
2869 4242 3066 4320 δῶρον.
3126 4241 3304 4299 Ἀλλά
3349 4241 3402 4296 τί
3454 4238 3695 4295 ἐπιπολὺ
3726 4243 3840 4325 τοῖς

2195 4324 2569 4416 εὐαγγελικοῗς
2601 4335 2690 4391 καὶ
2722 4333 3110 4394 ἀποπολικοῖς
3163 4329 3614 4406 παραγγέλμασιν
3667 4324 3842 4382 ἐνδια-

2193 4424 2477 4504 τρίϐομεν,
2535 4425 2647 4497 ἐξὸν
2706 4424 2796 4480 καὶ
2853 4423 2959 4478 ἀπὸ
3003 4426 3100 4477 τοῦ
3149 4419 3388 4476 παλαιοῦ
3437 4418 3609 4504 νύμου
3659 4418 3842 4504 μαθεῖν

2194 4502 2378 4590 τοῦτο,
2445 4517 2526 4585 ὃς,
2586 4515 2676 4569 καὶ
2733 4505 3125 4589 συγκατάϐασιν
3182 4517 3284 4578 τῆς
3343 4502 3624 4583 ἀκριϐείας
3699 4503 3844 4581 ἔχειν

439 4600 708 4654 morbum
742 4599 908 4656 illum
939 4601 1095 4658 intra
1140 4619 1247 4660 nos
1278 4604 1456 4660 situm
1488 4623 1500 4660 :
1536 4623 1723 4679 neque
1753 4615 1954 4664 contra
1985 4611 2077 4666 ho-

2199 4605 2400 4676 δοκῶν,
2445 4601 2572 4660 τάδε
2623 4601 2774 4682 φησί·
2831 4625 2852 4653 ι
2907 4602 3000 4669 Μὴ
3047 4600 3276 4672 μισήσῃς
3317 4597 3409 4651 τὸν
3456 4593 3692 4672 ἀδελφόν
3747 4615 3842 4649 σου

438 4689 628 4744 mines
671 4691 816 4745 iram
869 4691 1183 4759 concitare,
1217 4709 1283 4748 ac
1331 4694 1458 4750 ideo
1507 4694 1881 4752 solitudinem
1915 4703 1971 4754 et
2000 4716 2089 4756 se-

437 4780 837 4849 gregationem
890 4782 1244 4850 consectari;
1298 4799 1414 4854 quo
1454 4783 1675 4840 scilicet
1722 4786 1955 4842 nemine
2013 4771 2091 4843 ibi

438 4875 725 4939 prresente
758 4869 857 4941 qui
890 4887 995 4926 nos
1043 4871 1292 4928 concitet
1321 4873 1392 4928 ad
1425 4873 1595 4942 iram,
1620 4874 1805 4930 virtus
1835 4877 2091 4948 (equani-

441 4958 666 5013 mitatis
698 4959 864 5016 facile
903 4959 962 5015 in
1013 4959 1331 5018 solitudine
1377 4969 1713 5020 exerceatur
1745 4982 1758 5020 :
1793 4982 1928 5022 nam
1961 4971 2088 5022 tum

441 5064 508 5103 ex
540 5049 835 5119 superbia,
867 5053 994 5106 tum
1025 5052 1180 5122 quod
1215 5051 1468 5108 nolimus
1513 5071 1621 5110 nos
1663 5055 1824 5127 ipsos
1856 5055 2089 5113 incusa-

442 5156 523 5202 re,
551 5144 879 5210 nostrwque
918 5140 1183 5212 segnitiei
1235 5141 1332 5196 ira;
1363 5159 1572 5198 causas
1622 5145 1930 5212 ascribere,
1964 5145 2087 5200 effi-

440 5228 590 5282 citur
624 5235 684 5281 ut
716 5233 1060 5299 exoptemus
1089 5245 1122 5284 a
1153 5231 1432 5287 fratribus
1469 5234 1782 5305 segregari.
1819 5235 2087 5300 Quandiu

439 5318 635 5388 itaque
673 5316 1089 5373 imbecillitatis
1135 5323 1342 5374 nostrae
1391 5337 1601 5376 causas
1650 5322 1782 5377 aliis
1831 5322 2086 5395 imputa-

512 5447 555 5479 ⁷⁵
583 5444 793 5528 Matth.
826 5460 882 5509 ν,
913 5444 1002 5498 24.
1104 5443 1148 5478 ⁷⁸
1190 5445 1208 5499 Ι
1238 5444 1443 5500 Thess.
1474 5461 1532 5515 v,
1567 5447 1652 5500 17.

442 5535 545 5584 xu,
577 5518 665 5570 ‘35.

519 5644 588 5714 (9)
627 5641 779 5714 ibid.
802 5655 856 5714 c.
881 5640 972 5714 ιο,
1013 5641 1100 5697 11.

521 5712 623 5786 (ιο)
660 5712 805 5772 Ibid.
839 5713 926 5772 ιε.

1757 5447 1800 5481 ⁷⁷
1834 5448 1856 5502 Ι
1885 5449 2030 5506 Tim.
2063 5465 2130 5512 ιι.
2157 5447 2210 5503 8.

2202 4697 2253 4752 ἐν
2284 4700 2352 4770 τῇ
2378 4691 2573 4770 καρδίᾳ
2629 4711 2744 4747 σου’
2799 4715 2826 4742 ››
2874 4689 2965 4744 καὶ
3013 4687 3201 4743 πάλιν·
3257 4683 3462 4744 «Ὁδοὶ
3495 4685 3850 4757 μνησικάκων

2203 4786 2276 4848 είς
2326 4786 2569 4840 θάνατον.
2627 4804 2655 4834 ››
2701 4779 2820 4838 -Καὶ
2867 4775 3094 4842 ἐνταῦθα
3141 4777 3246 4852 γὰρ
3298 4775 3360 4830 ού
3405 4770 3572 4847 μὸνον
3603 4775 3706 4842 τὴν
3735 4775 3853 4828 κατ’

2201 4873 2491 4951 ἐνεργειαν,
2549 4869 2693 4927 ἀλλὰ
2736 4868 2824 4925 καὶ
2867 4869 2966 4936 τὴν
3022 4865 3157 4921 κατά
3213 4863 3450 4920 διάνοιαν
3513 4862 3686 4938 ὀργὴν
3737 4884 3846 4916 κω-

2201 4949 2319 5019 λύει
2368 4961 2458 5018 καὶ
2505 4959 2748 5030 κολάζει.
2799 4957 2892 5014 Διὸ
2941 4957 3230 5032 προσήκει,
3277 4959 3392 5015 τοῖς
3438 4952 3605 5014 θείοις
3656 4949 3850 5024 νὸμοις

2200 5051 2658 5118 ἀκολουθοῦντας,
2699 5047 2843 5122 πάσῃ
2895 5043 3119 5117 δυνάμει
3166 5041 3520 5118 ἀγωνίζεσθαι
3569 5042 3710 5096 κατά
3757 5043 3852 5094 τοῦ

2199 5141 2504 5215 πνεύματος
2559 5146 2658 5208 τῆς
2713 5137 2902 5213 ὀργῆς,
2957 5135 3046 5190 καὶ
3102 5133 3236 5188 κατά
3282 5134 3379 5200 τῆς
3430 5127 3582 5185 ἔνδον
3635 5129 3688 5184 ἐν
3719 5133 3854 5202 ἡμῖν

2198 5230 2564 5301 ἀποκειμένης
2623 5228 2802 5282 νόσου·
2864 5223 2952 5279 καὶ
3024 5223 3122 5294 μή,
3189 5221 3324 5276 κατά
3375 5216 3484 5275 τῶν
3549 5219 3847 5293 ἀνθρώπων

2197 5322 2286 5374 τὸν
2322 5319 2490 5391 θυμὸν
2523 5319 2823 5384 κινοῦντας,
2876 5311 3106 5387 ἐρημίαν
3155 5309 3245 5364 καὶ
3297 5307 3534 5382 μόνωσιν
3587 5304 3854 5380 μεταδιώ-

2315 5445 2358 5480 τ
2389 5442 2596 5500 Matth.
2647 5459 2704 5512 ν,
2752 5440 2843 5497 24.
2946 5439 2996 5475 ⁷ο
3023 5437 3204 5496 Levit.
3255 5451 3374 5507 xix,
3423 5435 3511 5491 17.
3612 5434 3664 5470 ⁸ο
3695 5435 3856 5491 Prov.

2276 5639 2388 5711 (ii)
2414 5637 2566 5711 lbiti-
2601 5653 2652 5693 ο.
2687 5637 2775 5711 13.

2276 5641 2360 5711 (ιι
2423 5639 2566 5694 Ibid.
2601 5653 2652 5693 ο.
2687 5639 2775 5693 13.

2273 5639 2388 5788 (12}
2413 5709 2561 5771 Ibid.
2593 5726 2644 5769 ο.
2681 5709 2768 5781 14,
2801 5706 2888 5765 15.
