2051 3109
28 0 425 45 Ws?"
439 0 528 20 τηε-επ
537 0 559 3 -

62 49 68 54 .
117 28 232 55 ξετπεε·
450 32 455 35 ν

142 201 203 232 893

721 201 912 232 EPISTULA
934 202 959 232 ll
981 202 1034 233 AD
1057 201 1281 234 CASTOREM.

1790 204 1851 234 894

140 277 211 295 κειν-
228 266 265 297 ὡς
288 267 344 294 ἐκεῖ
367 265 457 303 δῆθεν,
475 267 519 294 καὶ
545 266 662 304 μηδενὸς
687 266 764 298 ὄντος
787 269 835 295 τοῦ
859 269 961 295 κινοῦν-

1024 277 1101 304 mus,
1118 269 1300 305 impossibile
1315 271 1359 297 est
1373 277 1426 297 nos
1442 269 1479 297 ad
1497 268 1703 305 perfectionem
1717 270 1849 305 aequani-

141 322 190 343 τος
205 313 279 348 ἡμᾶς
296 312 334 342 εἱς
356 311 453 349 ὀργὴν,
469 311 590 343 εὐκόλως
606 312 631 340 ἐν
654 315 688 349 τῇ
713 313 830 349 μονώσει
845 314 863 347 ἡ
886 313 968 349 ὀιρετὴ

143 360 196 391 τῆς
238 356 426 394 μακροθυμίας
465 358 724 395 κατορθωθήσεται-
755 357 808 385 ἀπὸ
841 357 891 395 γὰρ
919 358 969 391 τῆς

145 401 334 440 ὑπερηφανίας
362 401 405 429 καί
432 404 481 430 τοῦ
511 403 548 438 μή
580 402 666 434 θέλειν
693 403 843 442 μέμφεσθαι
860 401 969 433 ἑαυτοὺς

141 446 189 474 καὶ
214 447 369 485 ἐπιγράφειν
393 448 428 484 τῇ
454 446 508 482 ἰδίᾳ
532 446 652 484 ῥᾳθυμίᾳ
674 448 722 478 τὰς
747 447 835 478 αἰτίας
852 450 903 482 τῆς
920 447 969 485 ὀρ-

142 494 208 528 γῆς,
222 492 272 526 τήν
287 491 317 518 ἐκ
340 493 393 518 τῶν
418 490 541 530 ἀδελφῶν
567 491 749 529 ἀλλοτρίωσιν
775 491 968 527 ἐπιποθοῦμεν.

140 537 217 567 "Eoi:
247 535 292 563 ὅτε
314 536 402 563 τοίνυν
428 539 477 570 τῆς
500 536 634 574 ἡμετέρας
659 536 797 568 ἀσθενείας
820 536 868 567 τὰς
883 535 969 566 αἰτίας

140 579 242 611 ἄλλοις
272 580 466 619 ἐπιγράφομεν,
492 579 622 608 ἀδύνατον
648 582 722 617 ἡμᾶς
751 581 818 617 πρὸς
847 581 897 615 τὴν
925 591 968 608 τε-

141 625 253 654 λείωσιν
283 630 333 662 τῆς
373 626 559 665 μακροθυμίας
587 627 695 666 φθάσαι.
725 627 759 654 Τὸ
797 627 848 664 γὰρ
886 626 968 665 κεφά-

139 671 219 698 λαιον
249 674 299 706 τῆς
327 672 463 709 ἡμετέρας
492 670 674 709 διορθώσεως,
704 671 752 699 οὐγ
781 670 811 699 ἐκ
835 674 885 706 τῆς
913 673 967 698 τῶν

138 714 263 750 πλησίον
282 716 469 753 μακροθυμίας
484 717 533 750 τῆς
549 716 618 754 πρὸς
638 717 713 753 ἡμᾶς
736 717 884 754 γινομένης
906 726 969 743 κατ-

139 760 282 796 ορθοῦται,
307 759 369 788 ἀλλ’
397 760 428 788 ἐκ
450 764 499 795 τῆς
520 760 656 797 ἡμετέρας
685 761 754 799 πρὸς
772 761 819 788 τὸν
848 760 966 796 πλησίον

141 804 334 842 μακροθυμίας
352 804 396 832 καὶ
420 805 597 840 ἀνεξικακίας.
614 807 694 833 Ὅταν
720 804 749 832 δὲ
771 805 816 833 τὸν
839 806 888 839 τῆς
915 815 966 842 μα-

138 849 293 887 κροθυμίας
315 850 405 887 ἀγῶνα
428 849 570 888 φεύγοντες
593 850 642 885 τὴν
661 848 770 888 ἔρημον
794 848 968 877 καταδιώκω-

141 904 189 930 μεν
200 893 247 921 καὶ
262 894 312 928 τὴν
331 894 461 930 μόνωσιν,
477 894 527 922 ὅσα
542 893 565 922 δ’
581 894 610 922 ἃν
635 897 688 922 τῶν
713 895 853 932 ἡμετέρων
874 895 967 921 παθῶν

139 939 310 976 ἀθεράπευτα
344 939 430 967 ἐκεῖσε
472 940 658 977 ἐπενέγκωμεν
675 964 682 976 ,
723 940 941 979 ὲπικεκρυμμένα
957 966 965 979 ,
982 959 1006 992 Β

158 984 165 992 ,
212 984 238 992 ν.
355 983 361 992 .
505 987 510 992 .
618 988 635 992 -.
658 984 665 992 .
710 985 717 992 .
759 986 765 992 .
797 983 810 992 ,ι
958 986 964 992 .

137 984 188 1011 οὐκ
210 983 407 1021 ἒξειΛημμένα,
422 987 601 1022 τυγχάνουσι.
618 984 666 1012 Καὶ
688 985 738 1023 γὰρ
753 986 771 1020 ὴ
796 983 900 1022 ἕρημος
922 986 966 1014 καὶ

136 1029 153 1063 ἡ
180 1028 361 1066 ἀναχώρησις
382 1031 440 1060 τοῖς
466 1030 550 1065 μήπω
575 1030 667 1057 παθῶν
684 1029 908 1067 ἀπηλλαγμένοις
935 1030 965 1058 οὐ

137 1073 225 1109 μόνον
240 1072 385 1110 φυλάττειν
398 1073 537 1102 ἐπίσταται
560 1074 595 1102 τὰ
618 1073 808 1110 ἐλαττώματα,
823 1074 897 1102 ἀλλά
920 1075 965 1103 καὶ

135 1117 333 1146 ἐπικαλύπτειν
370 1121 454 1146 ταῦτα
482 1118 547 1147 οἶδε.
576 1118 627 1147 Καὶ
661 1118 724 1146 οὐδὲ
760 1119 964 1153 έπαισθάνεσθαι

135 1162 237 1194 αὐτοὺς
271 1166 411 1202 συγχωρεῖ
446 1163 519 1200 ποίῳ
556 1165 634 1196 πάθει
669 1165 828 1199 ἡττῶνται·
858 1164 965 1192 τούναν-

133 1207 192 1235 τίον
226 1206 256 1235 δὲ
282 1208 438 1247 φαντασίαις
466 1207 564 1240 αὐτοὺς
601 1206 764 1243 ὑποϐάλλει,
789 1209 965 1247 κατωρθωκὲ-

133 1262 176 1279 ναι
219 1251 318 1283 αὐτοὺς
356 1252 441 1285 πείθει
469 1253 519 1288 τήν
546 1263 577 1280 τε
607 1253 793 1290 μακροθυμίαν
831 1253 876 1281 καὶ
913 1254 962 1289 τήν

133 1295 322 1331 ταπείνωσιν,
349 1295 403 1328 ἕως
431 1298 469 1333 μή
499 1298 625 1335 πάρεστιν
655 1298 669 1325 ὁ
696 1297 809 1328 τούτους
839 1297 962 1336 ἐρεθίζων

133 1341 177 1368 καὶ
223 1339 397 1378 δοκιμάζων·
428 1340 489 1369 ὅταν
529 1340 558 1369 δὲ
595 1339 687 1379 συμϐῇ
725 1343 858 1381 πρόφασις
897 1343 964 1370 τού-

132 1396 198 1416 τους
230 1387 351 1422 κινοῦσα,
376 1386 419 1413 καὶ
441 1385 622 1424 γυμνάζουσα,
640 1386 736 1418 εὐθέως
765 1386 798 1414 τὰ
821 1386 963 1415 ἐναποκεί-

135 1440 203 1466 μενα
234 1430 307 1465 πάθη
338 1430 382 1458 καὶ
410 1431 440 1458 τὸ
469 1430 532 1468 πρὶν
562 1430 737 1465 λανθάνοντα,
761 1430 851 1469 ὥσπερ
877 1430 960 1459 ’ίπποι

133 1473 318 1513 ἀχαλίνωτοι,
341 1475 371 1502 ἐκ
405 1477 458 1502 τῶν
498 1474 573 1502 ἰδίων
607 1475 758 1514 ἀφετηρίων
790 1475 962 1512 ἐκπηδήσαν-

132 1531 185 1555 τες,
204 1520 252 1547 καὶ
267 1522 302 1557 τῇ
321 1523 410 1559 μακρᾷ
423 1520 526 1559 ἡσυχίᾳ
541 1520 586 1548 καὶ
610 1521 701 1559 σχολῇ
726 1522 880 1562 τραφέντες,
897 1534 961 1563 σφο-

133 1564 266 1603 δρότερον
295 1565 340 1592 καὶ
365 1565 527 1603 ἀγριώτερον
552 1565 621 1602 πρὸς
646 1563 759 1604 ὄλεθρον
783 1567 961 1602 κατασύρουσι

130 1609 174 1637 τὸν
193 1608 267 1637 ἴδιον
284 1606 426 1644 ἐπιϐάτην.
441 1609 526 1638 Πλέον
548 1609 599 1648 γὰρ
623 1611 761 1649 ἀγριοῦται
784 1611 810 1639 έν
835 1613 903 1648 ἡμῖν
927 1613 961 1641 τὰ

130 1654 206 1688 πάθη
239 1654 370 1691 ἀργοῦντα
401 1657 450 1689 τῆς
479 1654 505 1691 ἐξ
535 1654 683 1693 ἀνθρώπων
722 1655 882 1693 γυμνασίας,
912 1657 957 1684 καὶ

131 1698 219 1733 αὐτὴν
242 1698 292 1733 τήν
316 1697 391 1726 σκιὰν
414 1702 463 1733 τῆς
484 1698 628 1735 ὑπομονῆς
647 1700 691 1727 καὶ
710 1701 909 1739 μακροθυμίας,
926 1702 959 1737 ἢν

131 1743 277 1773 ιῖκονικῶς
293 1741 425 1779 δοκοῦμεν
446 1741 531 1780 ἔχειν,
556 1743 778 1781 ἀναμεμιγμένην
801 1748 858 1777 τοῖς
884 1744 962 1774 ἀδελ-

114 1797 118 1800 ”
133 1791 194 1827 Ρξαοῖς
265 1787 379 1824 ἀμελείᾳ
392 1791 442 1822 τῆς
471 1788 647 1825 ἀγυμνασίας,
661 1789 706 1816 καὶ
734 1793 785 1824 τῆς
816 1791 961 1826 μονώσεως

133 1832 309 1869 ἀπόλλυμιν.
334 1833 435 1870 ’Ὠσπερ
460 1834 512 1870 γὰρ
544 1832 576 1860 τὰ
602 1831 699 1861 ίοόόλα
723 1836 777 1861 τῶν
804 1834 906 1873 θηρίων
933 1835 959 1862 έν

133 1876 250 1915 ἐρημίᾳ,
265 1877 310 1904 καὶ
334 1876 360 1904 ἐν
383 1878 442 1908 ταῖς
466 1875 547 1908 ἰδίαις
572 1877 675 1909 κοίταις
700 1879 883 1916 ἡσυχάζοντα,
899 1879 961 1908 τότε

131 1924 179 1957 τὴν
199 1920 273 1949 ίδίαν
295 1921 390 1958 μανίαν
416 1920 623 1956 ἐπιδείκνυνται,
640 1922 701 1950 ὅταν
726 1920 863 1951 λάϐωνταί
886 1934 960 1956 τινος

133 1966 371 2004 προσεγγίζοντος·
388 1965 459 1994 οὕτω
474 1966 519 1994 καὶ
542 1967 568 1994 οἱ
594 1967 725 2004 ἐμπαθεῖς
749 1966 887 2005 ἄνθρωποι
912 1969 962 1997 οὐκ

133 2012 234 2050 ἀρετῆς
251 2009 381 2047 διαθέσει,
398 2010 470 2039 ἀλλὰ
492 2013 526 2049 τῇ
550 2015 600 2046 τῆς
624 2011 740 2050 ἐρημίας
766 2012 865 2051 ἀνάγκῃ
893 2015 960 2049 ἡσυ-

134 2056 281 2094 χάζοντες,
295 2056 357 2083 τότε
384 2056 429 2083 τὸν
457 2058 507 2090 τῆς
534 2057 627 2094 ψυχῆς
657 2056 695 2084 ἰὸν
722 2056 872 2094 ἐξεμοῦσιν,
896 2058 959 2087 ὅταν

132 2099 285 2139 δράξωνται
309 2102 358 2128 τοῦ
388 2100 610 2139 προσεγγίζοντος
638 2101 682 2129 καὶ
711 2101 884 2138 ἐρεθίζοντος.
910 2104 959 2131 Καὶ

133 2146 235 2173 τούτου
255 2145 336 2183 χάριν
359 2148 418 2176 τοῖς
446 2144 586 2173 τελείωσιν
616 2146 770 2184 πραότητος
801 2147 959 2183 ἐπιζητοῦσι

132 2188 240 2226 σπουδῇ
271 2190 342 2226 πάσῃ
372 2188 476 2228 ὀφείλιι
507 2191 544 2227 μὴ
577 2191 658 2227 μόνον
695 2192 763 2228 πρὸς
798 2191 957 2230 ἀνθρώπους

134 2235 172 2270 μὴ
190 2234 357 2272 ὀργίζεσθαι,
377 2234 450 2263 ἀλλᾶ
466 2234 537 2272 μηδὲ
550 2235 619 2273 πρὸς
632 2235 666 2263 τὰ
681 2235 779 2274 ἄλογα,
798 2235 868 2273 μηδὲ
891 2237 958 2275 πρὸς

129 2280 162 2307 τὰ
186 2279 284 2317 ἄψυχα
308 2279 464 2316 πράγματα.
480 2280 633 2317 Μέμνημαι
660 2280 711 2319 γὰρ
740 2280 792 2319 ἐγὼ
819 2281 901 2314 ἡνίκα
930 2281 956 2310 ἰν

1025 314 1137 341 mitatis
1152 314 1364 350 attingere.(l3)
1380 314 1500 341 Summa.
1514 312 1621 348 quippe
1635 313 1850 342 emendationis

1025 361 1133 387 nostra:
1147 367 1204 387 non
1220 367 1254 386 ex
1269 359 1392 395 proximi
1408 366 1477 395 erga
1486 367 1538 386 nos
1548 358 1766 393 mquanimitate
1777 359 1849 386 obti-

1025 405 1120 439 natur,
1128 404 1180 431 sed
1195 412 1229 431 ex
1245 406 1346 432 nostra
1360 411 1429 440 erga
1444 404 1610 439 proximum
1626 403 1849 439 longanimitate

1024 456 1057 475 ac
1073 448 1247 483 injuriarum
1263 448 1492 476 oblivione.Cum
1508 452 1605 476 autem
1622 448 1849 483 :equanimitatis

1024 495 1173 521 certamen
1182 493 1326 530 fugientes
1332 501 1462 521 eremum
1471 494 1597 529 petimus
1607 496 1634 520 et
1646 493 1846 528 solitudinem,

1024 545 1215 574 quascunque
1229 538 1300 566 illuc
1315 538 1445 566 nondum
1461 541 1577 565 curatas
1593 539 1767 573 sedatasque
1786 547 1848 574 pas-

1024 582 1121 611 siones
1137 583 1428 616 aii‘erimus,occultas
1439 591 1559 615 eas,non
1570 583 1680 610 deletas
1691 591 1754 610 esse
1766 585 1846 618 pute-

1024 635 1101 655 mus.
1118 627 1271 656 Enimvero
1286 636 1404 655 eremus
1415 629 1501 663 atque
1513 627 1690 654 sccessusiis
1707 627 1755 662 qui
1773 636 1845 655 non-

1023 672 1094 700 dum
1110 672 1298 708 passionibus
1319 672 1403 700 liberi
1419 674 1498 704 sunt,
1516 681 1572 699 non
1598 680 1744 699 reservare
1760 673 1845 700 modo

1022 716 1268 753 imperfectionee,
1285 717 1336 745 sed
1365 725 1413 745 eas
1443 717 1586 745 occultare
1616 724 1732 752 quoque
1745 717 1844 751 Enovit.

1023 761 1124 797 Neque
1152 762 1189 790 iis
1218 762 1327 790 sentire
1355 761 1489 790 concedit
1518 761 1625 796 quibus
1653 762 1711 788 sint
1734 762 1846 797 passio-

1022 806 1110 834 nibus
1125 806 1262 841 obnoxii;
1280 806 1413 842 quintmo
1430 806 1467 834 iis
1481 814 1555 842 quas
1572 806 1703 842 suggerit
1723 806 1846 841 phanta-

1022 851 1076 879 siis
1092 852 1196 880 suadet
1216 852 1289 888 ipsis
1314 852 1391 888 quod
1417 851 1675 887 aequanimitatem,
1694 852 1770 886 quod
1791 851 1845 878 hu-

1022 895 1177 930 militatem
1206 897 1267 925 sint
1294 896 1432 931 assecuti,
1453 896 1543 924 donec
1570 896 1653 923 adest
1682 904 1767 923 nemo
1795 896 1845 931 qui

1021 941 1147 969 concitet
1170 943 1199 969 et
1214 941 1317 977 probet
1341 941 1441 977 ipsos;
1457 949 1524 969 cum
1550 940 1655 968 accidit
1679 942 1775 967 autem
1797 949 1845 967 oc-

1021 986 1100 1014 casio
1124 994 1183 1022 qua
1205 986 1388 1014 concitentur
1413 988 1442 1014 et
1464 988 1663 1019 exerceantur,
1690 985 1843 1013 reconditae

1022 1030 1124 1058 statim
1140 1039 1172 1058 ac
1198 1030 1311 1067 pridem
1328 1030 1447 1059 occultae
1472 1031 1635 1066 passiones,
1653 1038 1704 1057 ceu
1722 1030 1844 1057 ell'renes

1021 1074 1097 1103 825
1114 1074 1180 1111 equi
1195 1083 1230 1102 ex
1245 1075 1370 1103 stabulis
1384 1078 1580 1110 erumpentes,
1599 1083 1630 1102 ac
1646 1074 1731 1109 longa
1748 1075 1844 1110 quiete

1020 1121 1049 1147 et
1074 1119 1222 1147 otiositate
1245 1120 1386 1156 perpasti,
1402 1120 1605 1148 Vehementius
1636 1119 1843 1155 ell‘eratiusque

1018 1165 1145 1200 equitem
1157 1164 1186 1191 in
1194 1160 1352 1200 perniciem
1363 1164 1691 1200 conjiciunt.Passiones
1699 1164 1806 1200 quippe
1814 1165 1842 1192 in

1019 1208 1076 1236 otio
1086 1217 1181 1244 neque
1187 1208 1316 1237 excitatae
1323 1209 1359 1237 ab
1366 1209 1533 1237 hominibus
1542 1209 1635 1245 magis
1644 1209 1787 1236 eiicruntu
1794 1219 1806 1236 r
1813 1210 1842 1237 in

1018 1253 1271 1290 nebis:ipsamque
1277 1253 1423 1290 patientia:
1430 1256 1525 1290 etaequ
1532 1254 1691 1281 animitatis
1699 1255 1841 1288 umbram,

1018 1305 1107 1333 quam
1132 1298 1287 1334 phantasia
1309 1300 1426 1326 tantum
1449 1300 1478 1326 et
1492 1298 1627 1334 opinione
1651 1303 1794 1332 lenemus,
1818 1299 1843 1326 si

1017 1342 1159 1371 fratribus
1174 1351 1227 1371 nos
1241 1342 1473 1377 immisceamus,
1491 1351 1541 1379 per
1556 1343 1724 1370 solitudinis
1736 1343 1840 1371 otium.

1018 1388 1054 1416 ob
1070 1388 1278 1424 negligentiam
1293 1387 1469 1416 exercitandi
1486 1387 1721 1422 amittimus.(t-l)
1738 1389 1842 1420 Quem-

1017 1433 1176 1461 admodum
1192 1433 1271 1461 enim
1289 1434 1429 1460 venenata
1444 1432 1629 1466 animalia,in
1646 1433 1761 1459 deserto
1771 1435 1799 1460 et
1810 1433 1839 1460 in

1019 1477 1166 1505 cubilibus
1181 1477 1244 1505 suis
1267 1477 1479 1512 recumbentis,
1498 1479 1565 1503 tunc
1596 1477 1721 1504 furorem
1753 1486 1840 1505 suum

1016 1522 1229 1555 demonstrant,
1246 1529 1312 1549 cum
1329 1521 1512 1549 accedentem
1530 1522 1685 1556 quemdam
1703 1522 1839 1557 capiunt;

1015 1567 1056 1595 ita
1070 1567 1204 1595 homines
1219 1566 1407 1602 passionibus
1422 1566 1548 1599 obnoxii,
1565 1575 1622 1593 non
1638 1566 1756 1594 virtutis
1772 1567 1841 1594 atl‘e-

1016 1613 1075 1646 ctu,
1092 1612 1143 1639 sed
1159 1619 1193 1640 ex
1207 1611 1314 1639 deserti
1328 1611 1382 1639 loci
1396 1611 1560 1639 necessaria
1577 1611 1743 1638 conditione
1758 1611 1841 1646 quie-

1016 1658 1140 1692 scentes,
1154 1659 1216 1683 tum
1232 1655 1337 1684 animae
1359 1655 1440 1683 virus
1455 1658 1602 1688 evomunt,
1619 1664 1684 1683 cum
1702 1656 1840 1683 acceden-

1015 1702 1075 1728 tem
1095 1700 1262 1737 quempiam
1286 1702 1315 1728 et
1339 1700 1501 1728 irritantem
1527 1709 1557 1727 se
1583 1700 1839 1736 apprehenderint.

1016 1744 1211 1777 Quamobrem
1232 1744 1282 1781 qui
1305 1745 1541 1773 mansuetudinis
1567 1745 1772 1780 perfectionem
1793 1754 1839 1773 ex-

1016 1789 1148 1825 quirunt,
1164 1798 1217 1826 par
1241 1789 1360 1817 omnino
1376 1793 1429 1824 est,
1446 1791 1479 1817 ut
1504 1799 1560 1817 non
1578 1790 1664 1817 modo
1684 1791 1839 1817 adversum

1015 1833 1150 1862 homines
1161 1842 1220 1862 non
1231 1834 1407 1868 irascantur,
1417 1834 1466 1862 sed
1480 1843 1573 1869 neque
1588 1835 1726 1861 adversus
1743 1835 1840 1867 bruta,

1016 1878 1077 1907 imo
1103 1887 1139 1906 ne
1164 1879 1304 1907 adversus
1319 1879 1481 1907 inanimato.
1505 1879 1635 1913 quidem.
1653 1879 1771 1906 Memini
1795 1887 1840 1906 me

1015 1931 1083 1951 cum
1099 1923 1128 1950 in
1144 1931 1241 1951 eremo
1256 1924 1507 1960 degerem,contra
1523 1923 1668 1950 calamum
1685 1923 1758 1950 iram
1775 1931 1840 1950 con-

1015 1968 1138 2004 cepisse,
1154 1968 1232 2004 quod
1247 1968 1311 2003 ejus
1333 1968 1418 1996 modo
1443 1968 1574 1996 densitas
1601 1969 1685 1995 modo
1710 1968 1838 1995 tenuitas

1015 2013 1205 2049 displiceret:
1223 2015 1323 2041 contra
1349 2013 1462 2049 lignum
1487 2013 1568 2047 item,
1585 2014 1659 2048 quod
1686 2014 1839 2041 excindere

1015 2065 1082 2086 cum
1097 2057 1353 2093 vellem,celeriter
1367 2066 1425 2086 non
1443 2066 1559 2094 possem
1581 2066 1585 2084 :
1604 2066 1721 2085 rursum
1738 2060 1839 2085 contra

1014 2102 1172 2139 igniarium
1184 2102 1307 2137 silicem,
1323 2102 1398 2138 quod
1417 2110 1463 2130 me
1479 2103 1635 2130 festinante
1650 2102 1747 2138 ignem
1764 2103 1837 2130 edu-

1015 2155 1089 2181 cere,
1106 2155 1164 2174 non
1187 2146 1286 2174 statim
1311 2146 1440 2175 exsiliret
1463 2147 1609 2180 scintilla;
1628 2147 1668 2174 ita
1695 2147 1836 2175 nimirum

1013 2193 1166 2228 grassatur
1179 2191 1268 2226 ira,ut
1283 2191 1319 2219 ad
1336 2199 1429 2227 usque
1439 2192 1623 2220 insensibilia
1632 2194 1659 2219 et
1674 2192 1837 2220 inanimata

1013 2236 1160 2265 efferatur.
1177 2236 1233 2272 (15)
1248 2235 1277 2264 Si
1293 2236 1448 2272 cupiamus
1470 2236 1567 2272 itaque
1584 2237 1719 2271 consequi
1744 2237 1834 2264 beati<

1012 2281 1145 2309 tudinem
1169 2280 1294 2315 Christi;
1318 2289 1375 2309 non
1400 2281 1486 2309 modo
1511 2282 1583 2308 iram
1610 2290 1672 2317 quae
1698 2282 1732 2309 ad
1760 2290 1833 2317 opus

133 2323 232 2362 ὲρήμῳ
263 2321 396 2362 διέτριϐον
423 2324 491 2352 κατά
518 2324 644 2361 καλάμου
667 2325 713 2353 τὸν
730 2326 815 2362 θυμὸν
831 2327 956 2362 κινήσας,

1017 2327 1232 2363 prorumpit,uti
1248 2335 1338 2364 supra
1349 2326 1461 2355 dictum
1473 2330 1527 2362 est,
1540 2336 1670 2355 coercere
1682 2328 1833 2362 debemus,

131 2372 181 2403 τῆς
224 2367 383 2406 παχύτητος
410 2368 507 2396 τούτου
535 2369 553 2404 ἢ
581 2369 747 2405 λεπτότητος
785 2370 956 2409 ἀπαρεσάσης

134 2423 191 2449 μοι·
210 2412 255 2440 καὶ
275 2413 343 2440 κατὰ
370 2413 452 2448 ξύλου
474 2413 568 2450 παλιν,
585 2413 646 2442 ὅταν
666 2414 747 2452 κόψαι
772 2417 852 2442 τοῦτο
877 2415 957 2451 θελή-

132 2468 191 2492 σας,
218 2458 257 2493 μὴ
287 2457 394 2496 ταχέως
424 2456 567 2494 ἱδυνήθην⁸
596 2459 641 2486 καὶ
671 2459 754 2486 πάλιν
782 2459 850 2487 κατά
877 2459 956 2488 λίθου

132 2499 316 2540 πυρεκϐόλου,
345 2501 419 2538 ὅταν,
446 2501 646 2538 σπουδάζοντός
677 2514 730 2540 μου
759 2501 902 2532 ἐκϐάλλειν
924 2506 956 2533 τὸ

132 2547 251 2584 πῦρ,μή
280 2545 388 2584 ταχέως
419 2547 433 2574 ὁ
462 2548 577 2585 σπινθὴρ
606 2547 780 2585 ἐξεπήδησεν,
809 2548 880 2577 οὕτω
905 2551 955 2584 τῆς

133 2590 219 2629 ὀργῆς
249 2590 431 2628 έπιταθείσης,
457 2593 495 2623 ὡς
523 2592 590 2620 κατὰ
617 2595 671 2620 τῶν
701 2593 880 2629 ἀναισθήτων,
911 2594 955 2622 καὶ

132 2635 247 2673 ἀψύχων
263 2635 431 2673 πραγμάτων
457 2635 556 2672 ταύτην
581 2636 711 2676 ἐκφέρειν.
727 2637 759 2665 Εἰ
783 2637 871 2666 τοίνυν
897 2638 956 2666 ἐπι-

132 2682 271 2716 ωθοῦμεν
302 2683 397 2718 τυχεῖν
423 2680 471 2708 τοῦ
502 2684 674 2719 μακαρισμοῦ
701 2684 750 2709 τοῦ
775 2685 905 2720 Χριστοῦ,
921 2684 954 2711 οὗ

134 2725 216 2760 μόνον
244 2725 294 2759 τήν
322 2725 380 2752 κατ’
404 2724 535 2763 ἐνέργειαν
558 2725 702 2765 ὀφείλομεν
721 2726 804 2765 ὀργὴν
820 2727 954 2764 κωλῦσαι,

128 2770 198 2801 καθᾶ
225 2768 342 2807 εἴρηται,
359 2768 432 2797 ἀλλὰ
457 2770 502 2798 καὶ
531 2771 579 2805 τήν
602 2771 670 2799 κατὰ
694 2769 823 2801 διάνοιαν.
840 2772 879 2802 Οὐ
902 2773 953 2811 γὰρ

164 2832 222 2867 (13)
239 2831 312 2860 Ibid.
328 2840 351 2860 ο.
370 2832 414 2866 16,
431 2833 473 2861 l7.

167 2868 224 2905 (ii)
239 2868 313 2897 ibid.
334 2876 361 2898 ο.
377 2868 421 2897 is.

1012 2372 1063 2400 sed
1079 2380 1143 2400 eam
1159 2380 1274 2408 quoque
1289 2380 1352 2408 quae
1375 2374 1472 2400 mente
1487 2372 1660 2408 concipitur.
1678 2373 1739 2399 Non
1756 2373 1833 2400 cnim

1012 2417 1193 2445 tantumdem
1209 2417 1293 2445 affert
1313 2416 1449 2445 utilitatis
1464 2425 1496 2445 os
1520 2417 1667 2444 continere
1693 2425 1791 2450 suum,
1808 2420 1836 2445 et

1011 2461 1154 2490 furiosum
1170 2462 1338 2497 quodquam
1350 2461 1461 2489 dictum
1473 2470 1529 2489 non
1543 2462 1680 2497 proferre,
1689 2464 1832 2497 quantum

1011 2514 1060 2534 cor
1075 2514 1199 2542 purgare
1214 2506 1251 2534 ab
1265 2506 1442 2541 injuriarum
1458 2507 1641 2541 memorin,et
1657 2516 1758 2542 pravas
1775 2516 1833 2534 non

1011 2550 1105 2579 fovere
1121 2550 1321 2587 cogitationes.
1338 2551 1427 2579 Docet
1442 2551 1519 2579 enim
1547 2552 1711 2586 evangelica
1726 2552 1833 2579 doctri-

1010 2603 1059 2629 na,
1074 2595 1185 2623 excisas
1207 2597 1339 2632 oportere
1368 2598 1553 2632 peccatorum
1586 2597 1707 2630 radices,
1739 2597 1834 2632 potius

1010 2648 1098 2676 quam
1124 2648 1230 2669 remos.
1249 2640 1352 2669 Excisa
1377 2641 1486 2678 quippe
1511 2651 1527 2668 ii
1543 2642 1628 2669 corde
1653 2642 1700 2668 irm
1725 2642 1832 2677 radice,

1010 2685 1124 2712 nullum
1142 2685 1253 2719 odium,
1270 2685 1351 2713 nulla
1366 2685 1474 2714 invidia
1489 2687 1523 2713 ad
1541 2695 1614 2721 opus
1633 2694 1725 2721 usque
1741 2686 1831 2714 dedu-

1010 2732 1091 2758 cetur
1108 2739 1114 2758 :
1131 2738 1211 2763 nam,
1227 2730 1277 2765 qui
1293 2730 1354 2758 odit
1369 2730 1488 2758 fratrem
1504 2740 1601 2765 suum,
1620 2730 1766 2758 homicida
1776 2733 1830 2765 est,

1010 2774 1150 2802 nimirum
1162 2774 1259 2810 quoad
1271 2774 1407 2804 aﬂ‘ectum
1419 2774 1592 2804 odiiocoidit
1603 2784 1679 2803 eum.
1697 2775 1829 2804 Occisum

1043 2836 1100 2872 (15)
1116 2836 1190 2866 Ibid.
1207 2845 1232 2866 c.
1249 2836 1293 2865 ιο.
