4102 6218
427 375 544 436 895

1601 380 1666 440 S.
1715 380 2236 442 ATHANASIUS.
2259 413 2340 424 —
2368 380 2675 443 SPURIA.

3317 4 3364 14 "
3389 4 4093 88 “Wa-1mm

3545 49 3552 54 '
3593 49 3780 70 l‘-.‘"
3859 63 3872 70 -

3719 103 3726 116 ο
3847 99 3856 106 ..

3727 383 3848 447 896

436 517 632 565 autem
677 511 834 565 videt
876 509 1045 566 illum
1091 511 1243 567 Deus
1279 527 1291 566 :
1325 512 1495 583 cujus
1544 512 1914 585 sanguinem,
1971 529 2083 567 non

2197 515 2452 566 τοσοῦτον
2513 509 2719 587 ὠφελεῖ
2769 513 2832 568 τὸ
2890 519 3104 590 κρατεῖν
3161 517 3257 568 τοῦ
3289 515 3582 586 στόματος,
3613 514 3702 568 καὶ
3766 516 3845 589 μὴ

437 599 630 669 gladio
663 601 911 654 cll‘usum
943 599 1139 655 vident
1171 600 1458 668 homines,
1492 602 1592 656 sed
1627 617 1696 656 ex
1726 602 1934 657 affectu
1966 601 2084 656 odii

435 688 532 744 ille
564 689 794 745 occisus
830 689 957 744 fuit.
992 689 1144 745 Deus
1176 689 1373 762 itaque
1405 708 1518 746 non
1552 691 1725 746 modo
1758 708 1859 763 pro
1890 691 2083 763 operi-

438 779 570 843 bus,
605 780 702 833 sed
768 779 941 834 etiam
987 796 1088 850 pro
1146 779 1597 850 cogitationibus
1654 785 1708 836 et
1764 781 2080 852 proposito,

431 869 746 938 unicuique
767 885 1011 923 coronas
1036 873 1137 923 aut
1158 869 1446 942 supplicia
1470 870 1766 938 retribuet,
1794 870 2083 941 quemad-

433 959 670 1012 modum
706 958 828 1027 ipse
879 973 980 1029 per
1011 958 1352 1029 prOphetam
1388 959 1469 1014 ait
1505 977 1516 1014 :
1550 960 1668 1031 Ego
1711 958 1877 1015 venio
1908 959 2081 1014 colle-

428 1052 582 1101 ctum
619 1065 815 1116 opera,
867 1046 1272 1118 cogitationes,
1306 1051 1363 1103 et
1412 1048 1823 1104 meditationes
1854 1065 2079 1104 eorum.

434 1139 511 1190 Ac
545 1152 777 1188 rursum
832 1134 1142 1206 Apostolus
1193 1136 1273 1190 ait
1306 1152 1318 1190 :
1359 1141 1513 1192 Inter
1543 1154 1605 1192 se
1652 1137 1898 1192 invncem
1932 1138 2084 1210 cogi-

420 1225 738 1280 tationibus
773 1225 1206 1292 accusantibus,
1241 1230 1342 1280 aut
1379 1227 1560 1281 etiam
1609 1227 2079 1294 defendentibus,

430 1316 486 1367 in
519 1316 608 1369 die
645 1331 772 1368 cum
800 1313 1091 1383 judicabit
1141 1315 1293 1370 Deus
1327 1315 1560 1370 occulta
1609 1316 1917 1371 hominum
1945 1317 2009 1372 εί.
2052 1340 2072 1368 ι

431 1403 560 1473 Ipse
592 1407 787 1457 autem
825 1401 1103 1457 Dominus
1137 1404 1372 1474 docens,
1405 1408 1670 1475 oportere
1714 1421 1818 1461 nos
1847 1421 2080 1462 omnem

425 1491 788 1545 iracundiam
844 1491 1151 1561 deponere,
1185 1491 1265 1545 ait
1316 1491 1372 1546 in
1425 1491 1750 1566 Evangeliis
1784 1510 1795 1546 :
1837 1515 1856 1542 ι
1892 1494 2077 1565 Quod,

425 1581 760 1651 quicunque
793 1579 1062 1634 irascitur
1089 1579 1251 1636 fratri
1275 1597 1403 1650 suo,
1431 1597 1562 1636 reus
1586 1582 1937 1654 eritjudicio
1958 1583 2022 1636 ⁸².
2051 1604 2077 1631 ››

425 1670 536 1739 (16)
573 1670 652 1722 lta
702 1668 856 1722 enim
903 1667 1123 1724 habent
1169 1675 1448 1725 accurata
1505 1669 1859 1744 exemplaria
1895 1689 1906 1726 :
1939 1688 2076 1726 nam

421 1759 522 1813 illa
556 1777 713 1827 vox,u
753 1764 988 1827 temere,
1021 1782 1048 1808 ››
1085 1759 1383 1829 adjectitia
1413 1765 1501 1814 est
1533 1778 1545 1815 :
1580 1761 1734 1831 quod
1769 1761 1960 1833 palam
1991 1765 2081 1817 est

422 1865 491 1904 ex
522 1847 871 1919 praecedenti
901 1847 1210 1919 Scriptura:
1241 1848 1530 1906 clausula.
1567 1851 1789 1922 Scopus
1823 1867 2077 1922 namque

425 1938 652 1992 Domini
695 1937 816 1992 vult
847 1955 952 1994 nos
985 1938 1238 1994 radicem
1274 1954 1340 1994 ac
1373 1938 1808 1995 scintillamiras
1839 1955 2080 2010 prorsus

427 2026 791 2091 abscindere,
826 2044 889 2082 ac
922 2044 992 2084 ne
1024 2027 1330 2084 minimam
1381 2028 1476 2083 iraa
1508 2029 1871 2085 occasionem
1925 2028 2081 2085 intra

431 2133 538 2171 nos
570 2132 839 2186 servare;
877 2121 938 2172 ut
966 2133 1040 2173 ne
1090 2116 1314 2174 scilicet
1354 2117 1400 2173 si
1448 2134 1516 2174 ex
1545 2122 1938 2174 consentanea
1989 2135 2079 2174 ra-

425 2206 583 2260 tione
615 2206 759 2260 iram
794 2206 1176 2277 concitemus,
1213 2208 1450 2262 demum
1483 2207 1542 2261 in
1576 2207 1734 2262 bruti
1777 2208 1956 2264 animi
1990 2208 2079 2262 fu-

429 2311 617 2349 rorem
656 2296 1004 2351 incidamus.
1041 2296 1153 2368 (17)
1186 2296 1440 2367 Hujusce
1493 2313 1665 2370 porro
1717 2297 1905 2352 morbi
1959 2297 2081 2352 haec

426 2388 515 2438 est
550 2384 802 2453 perfecta
836 2383 1059 2440 medela
1089 2401 1102 2451 ;
1132 2389 1198 2440 ut
1229 2383 1454 2440 scilicet
1487 2402 1833 2456 persuasum
1867 2386 2081 2442 habea-

427 2489 580 2540 mus,
619 2474 784 2526 nobis
820 2489 1004 2544 neque
1027 2474 1194 2544 justa
1231 2490 1418 2546 neque
1454 2474 1672 2546 injusta
1703 2476 1772 2530 de
1805 2492 1982 2531 causa
2012 2475 2081 2530 li-

425 2577 553 2616 cere
588 2561 1051 2632 indignationem
1085 2563 1371 2619 coucitare
1405 2565 1842 2620 nostram.Nam
1875 2565 1925 2619 si
1959 2563 2082 2636 spi-

424 2651 572 2705 ritus
595 2650 690 2704 irie
718 2655 966 2707 mentem
994 2651 1264 2707 obscuret
1311 2653 1506 2719 nobis,
1540 2669 1729 2725 neque
1750 2653 1850 2709 lux
1871 2653 2084 2709 discre-

428 2743 626 2810 tionis,
664 2759 850 2812 neque
882 2743 1021 2798 recti
1055 2743 1281 2800 consilii
1328 2745 1686 2817 justitizeque
1715 2746 2080 2818 gubernacu-

436 2830 558 2886 lum
596 2833 651 2885 in
687 2832 856 2888 nobis
888 2832 1209 2904 reperietur
1241 2850 1254 2888 :
1286 2851 1475 2906 neque
1515 2835 1724 2906 spiritu
1757 2835 1850 2889 iraa
1898 2835 2083 2890 domi-

435 2927 610 2976 nante
644 2923 762 2976 lieri
799 2925 1008 2994 potest,
1031 2927 1092 2977 ut
1122 2922 1320 2979 anima
1351 2928 1551 2980 nostra
1581 2923 1864 2996 templum
1899 2923 2086 2980 sancti

437 3011 689 3081 Spiritus
749 3011 1338 3067 elﬂciatur.Demum
1410 3017 1637 3084 oportet
1670 3017 1732 3068 ut
1802 3013 2084 3068 incertam

429 3100 637 3154 mortis
686 3100 892 3154 horam
942 3117 1058 3172 pris
1103 3100 1292 3156 oculis
1337 3101 1638 3168 habentes,
1683 3101 2086 3158 custodiamus

433 3205 538 3242 nos
571 3189 640 3240 ab
678 3189 778 3254 ira,
814 3204 880 3244 ac
912 3189 1168 3244 sciamus
1202 3205 1388 3260 neque
1439 3191 1690 3256 ascesin,
1725 3207 1912 3262 neque
1942 3195 2084 3246 tem-

2195 600 2436 679 ἐκφέρειν
2522 600 2671 678 ῥῆμα
2731 601 3020 675 μανιῶδες,
3079 603 3203 658 ὅσον
3261 604 3323 658 τὸ
3381 603 3687 677 καθαρίζειν
3743 604 3841 674 τὴν

2193 688 2414 766 καρδίαν
2451 691 2554 746 ἀπὸ
2607 692 2986 764 μνησικακίας,
3017 694 3107 748 καὶ
3169 695 3245 766 μή
3306 691 3612 771 ἀνατρέφειν
3669 715 3846 764 πονη-

2195 779 2320 855 ροὺς
2370 777 2691 856 λογισμούς.
2747 781 2854 843 Τὰς
2903 781 3052 858 ῥίζας
3100 783 3203 858 γὰρ
3260 788 3368 836 τῶν
3428 783 3839 856 ἁμαρτημάτων

2193 868 2469 924 ἐκκόπτειν
2548 869 2916 945 παραγγέλλει
2975 874 3010 941 ἡ
3081 869 3412 947 εὐαγγελικῆ
3495 869 3843 940 διδασκαλία,

2190 957 2330 1034 ἤπερ
2360 959 2486 1020 τοὺς
2515 959 2776 1034 καρπούς’
2807 967 2907 1029 τῆς
2956 961 3109 1037 ῥίζης
3157 961 3257 1038 γὰρ
3306 965 3403 1015 105
3461 966 3638 1034 θυμοῦ
3685 960 3844 1016 ἐκκο-

2192 1048 2381 1118 πείσης
2412 1049 2517 1103 ἀπὸ
2545 1053 2647 1113 τῆς
2678 1047 2923 1125 καρδίας,
2961 1048 3084 1104 οὔτε
3134 1055 3313 1122 μῖσος,
3347 1047 3469 1104 οὕτε
3518 1049 3717 1127 φθόνος
3766 1050 3842 1111 είς

2192 1130 2348 1212 ἔργον
2407 1140 2835 1213 προαχθήσεται·
2870 1138 2958 1193 καὶ
3007 1140 3111 1214 γὰρ
3162 1139 3189 1192 6
3245 1142 3414 1212 μισῶν
3465 1138 3556 1193 τὸν
3609 1136 3846 1216 ἀδελφὸν

2190 1225 2352 1280 αὐτοῦ
2383 1227 2832 1303 ἀνθρωποκτόνος
2863 1227 2997 1295 ἐστὶ,
3031 1228 3267 1305 φονεύων
3295 1227 3454 1282 αὐτὸν
3488 1226 3538 1281 ἐν
3593 1231 3665 1301 τῇ
3725 1225 3842 1282 δια-

2192 1316 2329 1379 θέσει
2361 1321 2457 1370 τοῦ
2511 1315 2720 1388 μίσους.
2757 1317 3149 1393 Ἀναιρεθέντος
3206 1317 3335 1378 Θεὸς
3393 1317 3588 1394 ἀφορᾷ
3625 1316 3840 1378 οὗτινος

2188 1407 2250 1460 τὸ
2281 1407 2438 1478 αἷμα,
2467 1405 2528 1460 οὐ
2561 1404 2650 1460 διὰ
2678 1405 2861 1484 ξίφους
2892 1405 3139 1482 ἐκχυθὲν,
3174 1405 3450 1481 ἄνθρωποι
3516 1405 3842 1482 βλέπουσιν,

2190 1492 2335 1549 ἀλλά
2363 1498 2432 1568 τῇ
2466 1493 2696 1550 διαθέσει
2744 1500 2841 1550 τοῦ
2894 1495 3084 1569 μίσους
3133 1495 3526 1572 ἀναιρεθέντος.
3560 1495 3690 1558 Θεὸς
3743 1497 3850 1572 ἆρα

2189 1584 2251 1639 οὐ
2287 1583 2448 1657 μόνον
2483 1585 2615 1661 ὑπὲρ
2661 1587 2927 1661 πράξεων,
2962 1583 3107 1640 ἀλλά
3135 1584 3223 1639 καὶ
3258 1584 3390 1658 ὑπὲρ
3422 1582 3711 1660 λογισμῶν
3752 1585 3844 1640 καὶ

2190 1674 2321 1748 ὑπὲρ
2353 1675 2720 1750 προαιρέσεων
2771 1673 2848 1729 ένὶ
2890 1675 3098 1747 ἑκάστῳ
3143 1673 3434 1750 στεφάνους
3481 1675 3516 1743 ἢ
3566 1675 3841 1748 τιμωρίας

2187 1760 2504 1833 ἀποδιδοὺς,
2553 1765 2732 1827 καθὼς
2791 1761 2949 1824 αὐτὸς
3007 1761 3095 1818 διὰ
3151 1767 3248 1818 τοῦ
3305 1765 3592 1839 προφήτου
3653 1763 3845 1836 φησίν·

2188 1877 2214 1903 ‹‹
2251 1853 2394 1927 Ἐγὼ
2425 1851 2662 1928 ἔρχομαι
2695 1857 3010 1928 συναγαγεῖν
3051 1852 3117 1907 τά
3156 1848 3309 1926 ἔργα,
3361 1852 3449 1906 καὶ
3500 1850 3629 1913 τοὺς
3681 1850 3842 1926 λογι-

2191 1940 2386 2015 σμοὺς,
2437 1943 2525 1996 καὶ
2583 1943 2678 2003 τὰς
2738 1940 3056 2014 ἐνθυμήσεις
3117 1939 3319 1996 αὐτῶν.
3369 1965 3396 1991 ››
3441 1940 3540 1995 Καὶ
3597 1939 3766 1996 πάλιν
3816 1942 3847 1994 ὁ

2191 2030 2526 2092 Ἀπόστολος
2584 2029 2774 2106 λέγει·
2840 2054 2866 2080 ‹‹
2925 2029 3139 2101 Μεταξὺ
3194 2028 3460 2101 ἀλλήλων
3518 2035 3626 2085 τῶν
3687 2029 3847 2105 λογι-

2191 2124 2343 2193 σμῶν
2400 2123 2832 2195 κατηγοροῦνιιες
2893 2119 3415 2195 [κατηγορούντων],
3470 2121 3505 2188 ἢ
3558 2119 3650 2173 καὶ
3709 2120 3846 2174 ἀπο-

2191 2206 2540 2283 λογουμένων
2590 2207 2642 2263 έν
2691 2207 2893 2283 ἡμέρᾳ,
2929 2207 3017 2264 ὅτε
3066 2214 3238 2283 κρινεῖ
3267 2208 3294 2262 ὁ
3341 2207 3471 2270 Θεὸς
3519 2207 3587 2263 τὰ
3632 2208 3846 2283 κρυπτὰ

2188 2302 2296 2354 τῶν
2352 2297 2676 2373 ἀνθρώπων.
2710 2317 2734 2349 ι
2774 2296 2949 2359 Αὐτὸς
3007 2294 3066 2352 δὲ
3122 2298 3149 2351 6
3209 2297 3506 2368 Δεσπότης,
3568 2293 3840 2352 διδάσκων

2191 2388 2359 2460 ἡμᾶς,
2411 2385 2492 2441 ὅτι
2546 2383 2629 2440 δεῖ
2682 2391 2852 2442 πᾶσαν
2923 2386 3089 2462 ὀργῆν
3157 2385 3526 2456 ἀποτίθεσθαι,
3578 2387 3744 2464 φησὶν
3795 2386 3846 2441 έν

2190 2481 2306 2537 τοῖς
2373 2472 2768 2551 Εύαγγελίοις’
2832 2499 2860 2526 ‹‹
2918 2475 3042 2532 ’Ὀτι
3101 2480 3204 2536 πᾶς
3260 2475 3287 2529 6
3351 2473 3713 2550 ὀργιζόμενος
3766 2480 3847 2546 τῷ

2193 2561 2414 2642 ἀδελφῷ
2471 2562 2633 2618 αὐτοῦ
2691 2559 2884 2639 ἔνοχος
2943 2559 3088 2618 ἔσται
3119 2567 3187 2637 τῇ
3237 2563 3429 2640 κρίσει.
3470 2564 3684 2619 »Οὕτω
3741 2565 3840 2640 γὰρ

2190 2659 2299 2709 τῶν
2357 2652 2694 2730 ἀντιγράφων
2751 2653 2818 2707 τὰ
2877 2647 3074 2723 ἀκριϐῆ
3129 2654 3394 2729 περιέχει·
3427 2653 3489 2708 τὸ
3535 2653 3638 2730 γὰρ
3698 2653 3844 2726 εἰκῆ,

2195 2743 2253 2798 έκ
2301 2745 2619 2819 προσθήκης
2670 2741 2844 2813 ἐτέθη·
2890 2741 2979 2797 καὶ
3026 2747 3186 2797 τοῦτο
3234 2739 3402 2810 δῆλον
3453 2741 3512 2797 έκ
3562 2747 3659 2797 τοῦ
3705 2763 3840 2817 προ-

2192 2831 2445 2905 κειμένου
2477 2831 2770 2905 λήμματος
2801 2837 2900 2901 τῆς
2949 2837 3184 2910 Γραφῆς.
3219 2831 3281 2888 Ὁ
3327 2833 3428 2907 γὰρ
3479 2833 3682 2894 σκοπὸς
3741 2830 3842 2885 τοῦ

2195 2920 2392 2997 Κυρίου
2421 2922 2519 2990 τὴν
2553 2920 2727 2997 ῥίζαν,
2757 2921 2847 2975 καὶ
2884 2921 2976 2976 τὸν
3024 2927 3296 2996 σπινθῆρα
3336 2925 3437 2990 τῆς
3495 2920 3670 2996 ὀργῆς
3718 2920 3850 2975 ἀπι-

2191 3011 2408 3066 κόπτειν
2442 3012 2572 3065 πάσι
2612 3010 2837 3086 τρόποις
2888 3012 3035 3082 ἡμᾶς
3089 3008 3365 3085 βούλεται,
3398 3009 3487 3064 καὶ
3540 3012 3678 3082 μήτε
3723 3011 3849 3083 μίαν

2193 3098 2461 3179 πρόφασιν
2525 3099 2697 3175 ὀργῆς
2757 3097 2808 3154 έν
2871 3097 3056 3160 αὐτοῖς
3134 3095 3512 3177 διαφυλάττειν
3544 3118 3555 3130 ·
3611 3096 3708 3154 ’ἶνα
3765 3101 3843 3172 μή

2194 3189 2439 3264 εὐλόγως
2472 3186 2630 3258 δῆθεν
2663 3189 2760 3256 τήν
2793 3187 2962 3264 ὀργὴν
2990 3186 3326 3261 κινούμενοι,
3358 3186 3576 3264 ὕστερον
3739 3209 3843 3260 μα-

431 3277 780 3345 perantiam,
803 3292 987 3348 neque
1018 3277 1447 3334 abdicationem
1481 3280 1564 3334 rei
1593 3280 1788 3335 omnis
1819 3279 2083 3335 materia-

2197 3279 2282 3350 νίᾳ
2335 3263 2433 3333 τοῦ
2492 3275 2700 3352 ἀλόγου
2759 3263 2935 3350 θυμοῦ
2988 3275 3388 3349 περιπέσωμεν.
3420 3282 3530 3346 Τῆς
3581 3275 3640 3332 δὲ
3685 3278 3845 3332 νόσου

434 3363 529 3432 lis,
566 3382 751 3434 neque
796 3365 1025 3436 jejunia
1054 3369 1111 3421 et
1139 3367 1388 3438 vigilias,
1434 3367 1676 3424 utilitati
1726 3369 1894 3424 nobis
1945 3369 2082 3433 fore,

430 3453 479 3507 si
515 3453 598 3507 ira
629 3459 804 3524 atque
835 3454 967 3510 odio
1016 3455 1288 3528 correpti,
1320 3456 1402 3511 rei
1453 3457 1640 3512 simus
1680 3457 1928 3528 judicio.
1961 3458 2084 3522 Quo

429 3542 652 3596 utinam
685 3544 1018 3609 liberemur,
1036 3545 1226 3616 gratia
1245 3545 1477 3600 Domini
1507 3546 1686 3602 nostri
1717 3547 1856 3603 Jesu
1889 3546 2082 3602 Chris-

427 3633 555 3700 stri,
591 3633 680 3686 cui
715 3633 899 3700 gloria
930 3632 988 3688 in
1021 3635 1234 3690 saecula
1263 3633 1634 3690 saeculorum.

2193 3368 2393 3437 ταύτης
2447 3365 2631 3421 τελεία
2685 3363 2888 3440 ίατρεία
2944 3365 3078 3435 αὐτή
3135 3363 3269 3432 ἐστι,
3315 3364 3408 3419 ἵνα
3449 3364 3845 3438 πιστεύσωμεν,

2195 3457 2277 3513 ὅτι
2309 3453 2432 3512 οὔτε
2463 3453 2550 3509 ἐπὶ
2600 3451 2852 3522 δικαίοις,
2888 3451 3010 3508 οὔτε
3061 3451 3148 3508 ἐπὶ
3199 3450 3428 3523 ἀδίκοις,
3461 3450 3658 3525 ἔξεστιν
3708 3457 3842 3527 ἡμῖν

2193 3551 2359 3601 κινεῖν
2388 3544 2478 3599 τὸν
2515 3543 2706 3617 θυμόν.
2739 3546 2845 3597 Τοῦ
2874 3542 2973 3618 γὰρ
3005 3541 3310 3614 πνεύματος
3341 3546 3441 3607 τῆς
3493 3541 3664 3620 ὀργῆς
3713 3563 3840 3597 σκο-

2193 3634 2440 3695 τίσαντος
2495 3632 2593 3701 τήν
2651 3628 2915 3704 διάνοιαν,
2968 3627 3089 3685 οὔτε
3147 3628 3467 3706 διακρίσεως
3525 3636 3658 3708 φῶς,
3718 3628 3844 3684 οὔτε

430 3718 594 3793 ὀρθοῦ
658 3719 1055 3794 βουλεύματος,
1112 3719 1234 3777 οὕτε
1289 3719 1634 3793 δικαιοσύνης
1695 3718 2015 3798 κυϐέρνησις
2074 3721 2125 3778 έν
2184 3725 2319 3796 ἡμῖν
2381 3723 2744 3797 εὑρεθήσεται,
2806 3716 2927 3775 οὔτε
2977 3720 3102 3774 ναὸν
3158 3724 3254 3774 τοῦ
3315 3719 3473 3795 ἁγίου
3533 3719 3850 3792 Πνεύματος

426 3813 525 3880 τήν
588 3811 855 3885 ἡμετέραν
906 3814 1090 3888 ψυχήν
1138 3813 1382 3888 γενέσθαι
1431 3811 1673 3884 δυνατὸν,
1704 3819 1800 3868 τοῦ
1849 3815 2154 3887 πνεύματος
2204 3816 2374 3890 ὀργῆς
2429 3811 2794 3884 κυριεύοντος.
2835 3808 3005 3874 Τέλος
3055 3810 3112 3866 δὲ
3154 3811 3366 3866 πάντων
3400 3813 3513 3888 χρὴ
3546 3811 3611 3866 τὸ
3643 3809 3855 3880 ἄδηλον

431 3906 526 3953 τοῦ
588 3903 813 3954 θανάτου
872 3904 990 3966 καθ’
1027 3903 1253 3973 ἑκάστην
1309 3903 1514 3979 ἡμέραν
1578 3903 1684 3980 πρὸ
1741 3901 2039 3982 ὀφθαλμῶν
2099 3901 2348 3979 ἔχοντας,
2382 3901 2667 3980 φυλάττειν
2725 3899 2947 3964 ἑαυτοὺς
2992 3901 3097 3955 ἀπὸ
3143 3903 3244 3974 τῇς
3277 3899 3472 3976 ὀργῆς,
3503 3900 3594 3955 καὶ
3628 3897 3854 3970 εἰδέναι,

433 3988 516 4042 δτι
578 3986 696 4041 οὔτε
758 3988 1002 4060 ἄσκησις,
1037 3987 1160 4045 οὔτε
1217 3992 1564 4067 σωφροσύνη,
1607 3989 1729 4046 οὔτε
1784 3991 2032 4067 ἀποταγή
2089 3993 2267 4062 πάσης
2326 3989 2487 4061 ὕλης,
2542 3988 2669 4045 ούτε
2720 3989 3143 4060 τῶννηστειῶν
3202 3989 3292 4043 καὶ
3352 3989 3662 4064 ἀγρυπνιῶν
3722 3984 3848 4066 ὄφε-

437 4078 531 4136 λος
564 4080 695 4148 ἡμῖν
734 4077 898 4148 ἔσται,
932 4079 1042 4152 ἐὰν,
1077 4080 1178 4134 ὑπὸ
1217 4080 1384 4156 ὀργῆς
1414 4081 1501 4136 καὶ
1565 4081 1754 4155 μίσους
1815 4081 2196 4156 κατεχόμενοι,
2238 4077 2424 4157 ἔνοχοι
2483 4079 2786 4156 εὑρεθῶμεν
2845 4083 2914 4152 τῇ
2973 4077 3167 4152 κρίσει.
3200 4082 3298 4140 Ἥς
3356 4077 3678 4153 ῥυσθείημεν
3740 4078 3852 4152 χά-

443 4186 550 4240 ριτι
583 4172 676 4218 τοῦ
714 4168 908 4239 Κυρίου
938 4171 1098 4241 ἡμῶν
1133 4170 1309 4240 Ἰησοῦ
1342 4176 1597 4246 Χριστοῦ,
1629 4173 1674 4243 ᾦ
1704 4175 1738 4241 ὴ
1773 4169 1899 4242 δόξα
1929 4171 2004 4233 εἷς
2033 4170 2160 4233 τοὺς
2192 4170 2386 4232 αἰῶνας
2417 4173 2523 4224 τῶν
2552 4168 2787 4226 αἶ’ώνων.

511 4259 662 4311 8‘26
686 4261 735 4310 5.
766 4259 875 4329 (18)
896 4260 1172 4323 Quintum
1191 4261 1356 4316 nobis
1371 4267 1461 4318 est
1491 4267 1786 4318 certamen
1811 4263 2091 4318 adversus

437 4348 707 4417 spiritum
747 4346 1024 4420 tristitiae,
1055 4349 1155 4421 qui
1187 4351 1445 4406 animam
1496 4351 1776 4408 obscurat
1827 4357 2088 4408 nostram

440 4441 502 4490 ut
561 4435 704 4489 nulli
761 4437 946 4506 possit
994 4437 1288 4508 spirituali
1331 4440 1811 4511 contemplationi
1870 4457 2090 4507 vacare,

439 4526 790 4594 coliibetque
827 4524 986 4582 illam
1020 4529 1091 4582 ab
1139 4528 1301 4583 omni
1337 4528 1487 4583 bono
1536 4545 1727 4600 opere.
1759 4529 1902 4585 Cum
1935 4530 2091 4585 enim

442 4632 654 4685 pravus
690 4615 784 4668 ille
827 4614 1070 4687 spiritus
1100 4617 1358 4672 animam
1407 4617 1854 4688 apprehenderit
1884 4623 2093 4674 totam-

444 4719 556 4773 que
589 4703 1008 4774 obscuraverit,
1041 4722 1156 4761 non
1212 4721 1410 4777 preces
1459 4722 1592 4761 cum
1627 4705 1924 4763 alacritate
1963 4708 2091 4763 fun-

445 4792 580 4846 dere
613 4793 1019 4861 concedit,non
1052 4793 1111 4848 in
1141 4810 1443 4849 sacrarum
1468 4793 1782 4850 lectionum
1817 4795 2097 4867 capienda

446 4881 698 4935 utilitate
732 4899 952 4952 vacare,
987 4899 1101 4939 non
1132 4883 1412 4939 fratribus
1447 4889 1816 4940 mansuetum
1851 4890 1906 4940 et
1935 4902 2091 4941 com-

446 4972 684 5025 modum
723 4989 850 5027 esse
880 4972 1023 5027 sinit
1056 4988 1068 5027 :
1103 4973 1302 5028 odium
1335 4973 1528 5030 omnis
1557 4975 1710 5029 circa
1763 4991 1939 5047 opera
1969 4981 2090 5031 stu-

438 5061 538 5126 dii,
575 5060 877 5132 ipsiusque
929 5062 1058 5118 vitaa
1090 5063 1563 5134 professionibus
1613 5065 1898 5136 suggerit.
1941 5065 2090 5120 Dum

442 5149 640 5204 omnia
668 5151 919 5222 denique
948 5149 1233 5207 salutaria
1275 5152 1483 5208 animm
1515 5153 1760 5209 consilia
1789 5154 2094 5210 confundit

438 5238 699 5304 tristitia,
763 5241 1008 5311 ejusque
1069 5241 1410 5298 ﬁrmitatem
1468 5259 1534 5297 ac
1597 5243 2086 5314 perseverantiam

441 5327 634 5395 solvit,
672 5329 840 5397 quasi
898 5329 1142 5385 stultam
1174 5328 1336 5386 illam
1367 5334 1423 5386 et
1451 5330 1758 5386 attonitam
1791 5330 1990 5400 efﬁcit,
2025 5347 2091 5387 ac

517 5491 555 5524 ⁸¹
592 5492 757 5545 Rom.
794 5507 858 5560 ιι,
894 5491 983 5547 15.
1059 5491 1104 5526 ⁸³
1135 5491 1345 5550 Matth.
1377 5509 1434 5561 v,
1471 5492 1556 5548 12.

513 5648 623 5718 (46)
657 5647 803 5714 Ibid,
836 5662 886 5702 ο.
917 5648 1009 5703 20.

518 5721 632 5791 (47)
665 5720 812 5776 Ibid.
848 5733 902 5776 ο.
930 5720 1024 5776 21.

2269 4263 2322 4317 5.
2361 4257 2612 4331 Πέμπτος
2642 4260 2777 4331 ἡμῖν
2812 4256 2952 4313 ἐστιν
3002 4257 3143 4333 ἀγὼν
3203 4257 3338 4311 κατά
3386 4260 3484 4310 τοῦ
3542 4255 3848 4329 πνεύματος

2199 4356 2300 4418 τῆς
2349 4347 2549 4420 λύπης,
2597 4351 2694 4402 τοῦ
2743 4346 3152 4408 ἐπισκοτοῶτος
3199 4349 3268 4419 τῇ
3319 4348 3472 4420 ψυχῇ
3523 4344 3633 4399 ἀπὸ
3673 4345 3852 4414 πάσης

2201 4444 2568 4510 πνευματικῆς
2597 4435 2844 4512 θεωρίας,
2875 4435 2964 4491 καὶ
3011 4433 3328 4497 κωλύοντος
3370 4433 3538 4502 αὐτὴν
3590 4433 3697 4489 ἀπὸ
3747 4434 3856 4487 πά-

2204 4550 2302 4599 σης
2337 4528 2534 4602 ἀγαθῆς
2583 4525 2857 4602 ἐργασίας.
2889 4527 3054 4582 ’Ὀταν
3113 4527 3217 4600 γὰρ
3268 4525 3331 4579 τὸ
3388 4524 3631 4596 πονηρὸν
3689 4527 3853 4579 τοῦτο

2202 4621 2414 4689 πνεῦμα
2468 4613 2854 4693 περιδράξηται
2911 4622 3010 4684 τῆς
3065 4616 3269 4690 ψυχῆς,
3327 4611 3415 4667 καὶ
3474 4609 3614 4682 ὅλην
3684 4611 3852 4679 αὐτὴν

2205 4707 2470 4780 σκοτώσῃ,
2519 4704 2618 4760 οὐκ
2661 4704 2826 4780 εὐχὰς
2882 4702 3116 4759 ἐκτελεῖν
3180 4702 3314 4775 μετά
3358 4701 3668 4776 προθυμίας
3717 4722 3854 4773 συγ-

2203 4800 2398 4870 χωρεῖ,
2432 4793 2492 4849 οὐ
2527 4798 2632 4848 τῶν
2683 4793 2844 4867 ἱερῶν
2896 4790 3331 4868 ἀναγνωσμάτων
3379 4793 3448 4863 τῇ
3499 4789 3736 4866 ὠφελείᾳ
3766 4788 3855 4864 ἆγ-

2201 4889 2500 4959 καρτερεῖν,
2534 4889 2704 4959 πρᾶον
2751 4880 2839 4936 καῖ
2891 4880 3282 4953 εὐκατάμικτον
3333 4878 3471 4955 πρὸς
3513 4877 3643 4942 τοὺς
3692 4875 3850 4932 ἀδελ-

2204 4972 2337 5050 φοὺς
2370 4972 2500 5027 εἶναι
2549 4971 2611 5026 οὗ
2658 4975 2954 5046 συγχωρεῖ,
2986 4968 3075 5024 καὶ
3126 4968 3261 5045 πρὸς
3310 4968 3484 5022 πάντα
3531 4971 3638 5022 τῶν
3683 4963 3854 5042 ἔργων

2201 5062 2265 5116 τά
2297 5058 2720 5134 ἐπιτηδεύματα,
2754 5058 2844 5113 καὶ
2877 5059 3011 5134 πρὸς
3039 5056 3204 5125 αὐτὴν
3233 5060 3330 5112 τοῦ
3365 5055 3488 5130 βίου
3536 5056 3638 5124 τὴν
3691 5053 3854 5131 ἐπαγ-

2199 5149 2380 5226 γελίαν
2443 5155 2602 5222 μῖσος
2659 5148 2897 5222 ἐμποιεῖ.
2933 5147 3033 5204 Καὶ
3093 5147 3265 5202 πάντα
3323 5144 3513 5206 ἁπλῶς
3571 5145 3640 5198 τὰ
3671 5165 3852 5212 σοπη-

2202 5237 2374 5314 ριώδη
2415 5237 2760 5313 βουλεύματα
2788 5241 2887 5301 τῆς
2932 5239 3116 5312 ψυχῆς
3153 5237 3188 5304 ἡ
3240 5233 3388 5305 λύπη
3439 5233 3722 5309 συγχέασα
3767 5230 3859 5287 καῖ

2199 5331 2300 5399 τήν
2359 5327 2603 5384 εὐτονίαν
2660 5328 2850 5397 αὐτῆς,
2881 5326 2970 5381 καὶ
3026 5321 3310 5402 καρτερίαν
3366 5321 3746 5396 παραλύσασα,
3779 5322 3856 5385 ὡς

2269 5649 2385 5721 (18)
2415 5647 2562 5707 Ibid.
2596 5651 2642 5704 Ι.
2673 5661 2752 5717 ιι,
2784 5662 2835 5705 ο.
2872 5647 2922 5702 1.
