2051 3109
125 169 177 199 θοι
695 157 884 191 EPISTOLA
909 159 934 189 Il
957 159 1008 188 AD
1031 158 1251 190 CASTOREM.
1770 162 1830 193 902

126 233 225 267 τοίνυν,
241 230 283 258 δτι
301 230 455 267 βαρυτξρῳς
470 237 499 254 σε
523 226 562 257 ὡς
587 224 768 260 λειποτάκτην
792 222 943 251 καταπολε-

1011 224 1168 252 τοᾱὶᾱὶεεθ.
1183 225 1261 252 Scito
1278 224 1368 261 igitur
1389 224 1508 260 gravius
1523 227 1561 258 te,
1577 227 1676 262 utpote
1700 228 1830 256 deserto—

129 279 216 315 μήσει-
235 276 258 303 εἰ
276 275 314 311 μὴ
330 276 377 301 τοῦ
392 272 494 301 λοιποῦ
509 269 545 298 δι’
561 271 701 315 ὑπομονῆς
727 269 772 297 καὶ
787 271 945 315 προσευχῆς

125 312 168 351 καὶ
197 322 246 348 τοῦ
279 318 359 356 ἔργου
389 319 442 345 τῶν
475 318 588 354 χειρῶν,
617 314 723 354 ταύτην,
746 312 945 341 καταπαλαῖσαι

127 364 289 402 σπουδάσῃς.
307 376 318 391 ι

159 412 187 439 7.
204 406 342 445 Ἕϐδομος
357 408 424 443 ἡμῖν
446 405 515 433 ἐστιν
541 405 611 443 ἀγὼν
635 404 702 431 κατά
724 405 773 430 τοῦ
795 402 948 439 πνεύματος

126 459 173 490 τῆς
188 452 356 488 κενοδοξίας,
371 450 551 489 πολύμορφον
566 451 649 477 τοῦτο
663 448 708 476 καὶ
722 447 886 475 λεπτότατον
903 445 951 490 πά-

126 488 184 535 θος,
201 499 245 526 καὶ
260 496 323 525 οὐδὲ
337 496 381 524 ὑπ’
396 495 477 523 αὐτοῦ
494 488 543 522 τοῦ
557 493 753 532 πειραζομένου
772 488 950 528 καταλαμϐα-

127 534 253 581 νόμενον.
270 542 321 570 Καὶ
337 542 388 579 γὰρ
403 542 458 567 τῶν
473 538 567 567 ἄλλων
583 539 675 565 παθῶν
691 538 718 565 αἱ
734 534 887 573 προσϐολαί
904 546 951 574 φα-

125 589 271 627 νερώτεραι
286 586 462 623 τυγχάνουσι,
478 584 523 611 καὶ
539 582 724 621 εὖκολώτερόν
741 592 799 612 πως
813 581 862 615 τὴν
882 581 951 626 πρὸς

124 625 209 661 ταῦτα
225 632 319 669 μάχην
335 630 488 664 κέκτηνται,
504 627 549 655 καὶ
575 629 625 660 τῆς
655 628 747 664 ψυχῆς
766 626 811 653 τὸν
827 625 950 661 πόλεμον

126 675 378 715 ἐπιγινωσκομὲνης
396 673 440 701 διὰ
454 676 505 708 τῆς
522 671 706 710 ἀντιρβησεως
729 671 773 715 xei:-
796 670 952 707 προσευχῆς

126 713 222 749 τοῦτον
254 718 465 757 ἀνατρεπούσης,
490 718 521 746 Ἡ
552 715 581 744 δὲ
606 718 656 748 τῆς
684 713 836 750 κενοδοξίας
862 714 952 750 κακία,

127 765 310 803 πολύμορφος
335 762 411 798 οὖσα,
440 762 530 792 καθὼς
560 759 676 798 εἴρηται,
705 758 952 798 δυσκαταγώνιστος

127 810 269 848 τυγχάνει.
288 808 336 836 Καὶ
350 808 400 846 γὰρ
417 807 442 834 ὲν
458 806 537 834 παντὶ
564 803 761 841 ἐπιτηδεύματι
777 804 954 848 empticium-

133 847 174 882 ται
206 853 232 881 ἔν
257 863 287 881 τε
311 853 445 889 σχήματι,
461 851 506 878 καὶ
533 851 637 889 μορφῇ,
660 848 705 876 καὶ
737 847 893 887 βαδίσματι,
909 847 953 875 καὶ

134 898 222 936 λόγῳ,
238 897 284 924 καὶ
312 896 338 924 ἄν
369 894 538 942 ἀγρυπνίαις,
554 893 599 922 καὶ
630 893 656 942 ἐν
673 892 831 942 ent-nature,
851 892 898 942 mi
926 891 952 942 ἓν
969 909 993 942 Β

134 941 288 980 προσευχῇ,
299 940 344 968 καὶ
372 940 397 967 ἐν
424 939 581 977 ἀναγνώσει,
597 938 642 965 καὶ
671 937 696 965 ἐν
719 937 831 975 ἠσυχίᾳ,
855 936 900 964 καὶ
927 936 952 964 ἐν

130 986 316 1025 μακροθυμίᾳ.
333 985 382 1012 Διὰ
408 983 514 1012 πάντων
543 983 595 1021 γὰρ
624 982 725 1010 τούτων
753 981 887 1020 ἐπιχειρεῖ
909 982 954 1009 τὸν

128 1032 296 1070 στρατιώτην
310 1032 361 1057 τοῦ
377 1030 495 1066 Χριστοῦ
511 1026 707 1063 κατατοξεύειν.
724 1027 772 1054 Καὶ
788 1027 839 1064 γὰρ
864 1026 954 1054 ὅντινα

130 1078 164 1113 μὴ
182 1075 289 1113 δυνηθῇ
307 1073 351 1102 διὰ
365 1072 543 1103 πολυτελείας
558 1071 712 1108 ἐνδυμάτων
725 1072 793 1109 πρὸς
801 1070 953 1106 κενοδοξίαν

128 1121 276 1156 ἀπατῆσαι,
291 1121 386 1147 τοῦτον
404 1117 439 1145 δι’
453 1117 580 1148 εὐτελοῦς
600 1116 712 1149 ἐσθῆτος
738 1116 872 1153 ἐπιχειρεῖ
895 1126 954 1143 πει-

129 1167 228 1203 ράζειν,
251 1164 300 1192 Καὶ
315 1164 344 1191 ὃν
360 1162 410 1190 οὐκ
423 1161 546 1197 ἠδυνήθη
563 1160 608 1189 διὰ
621 1163 705 1197 τιμῆς
736 1160 842 1198 ἐπᾶραι,
857 1162 953 1188 τοῦτον

128 1210 169 1238 διὰ
185 1212 236 1237 τοῦ
252 1209 340 1248 φέρειν
359 1206 438 1240 δῆθεν
461 1206 569 1243 ἀτιμίαν
596 1205 635 1237 εἷς
659 1205 789 1233 ἀπόνοιαν
812 1204 893 1242 αἴρει-
909 1204 954 1232 καὶ

127 1255 154 1281 ὃν
170 1254 223 1282 οὐκ
238 1247 361 1288 ἠδυνήθη
380 1250 424 1279 διὰ
437 1253 486 1283 τῆς
501 1250 656 1286 ἐπιστήμης
680 1251 729 1277 τοῦ
754 1247 839 1287 λόγου
864 1251 954 1276 πεῖσαι

128 1296 289 1334 κενοδοξεῖν,
313 1298 410 1324 τοῦτον
437 1297 471 1332 τῇ
500 1296 590 1331 σιωπῇ
612 1294 650 1325 ὡς
679 1293 783 1332 ἥσυχον
814 1292 953 1328 δελεάζει·

128 1342 169 1369 καὶ
186 1342 217 1369 ’ὸν
235 1340 286 1369 οὐκ
299 1339 423 1375 ἠδυνήθη
439 1338 605 1374 πολυτελείᾳ
621 1338 773 1376 βρωμάτων
805 1341 954 1376 χαυνῶσαι,

127 1389 225 1414 τοῦτον
242 1384 288 1413 διὰ
310 1384 433 1420 νηστείας
462 1384 500 1414 εἰς
525 1381 633 1411 ἔπαινον
663 1382 764 1411 ἐκλύει,
781 1383 830 1410 Καὶ
859 1382 954 1414 ἁπλῶς

129 1435 178 1459 πᾶν
210 1429 302 1468 ἔργον,
343 1431 394 1456 πᾶν
433 1427 611 1464 ἐπιτήδευμα,
653 1427 786 1465 πρόφασιν
828 1426 955 1464 πολέμου

130 1474 246 1513 παρέχει
261 1474 350 1510 τούτῳ
364 1475 404 1509 τῷ
419 1471 538 1509 δαίμονι.
556 1473 616 1500 "Eu
637 1470 666 1499 δὶ
689 1472 757 1509 πρὸς
781 1471 889 1503 τούτοις
911 1472 955 1499 καὶ

129 1519 234 1558 κλῆρον
262 1518 422 1557 φαντάζεται
444 1518 458 1544 ὁ
482 1515 690 1553 πολεμούμενος
716 1516 759 1544 ὑπ’
783 1516 878 1546 αὐτοῦ,
898 1517 955 1545 Με-

132 1575 238 1601 μνημαι
267 1564 317 1601 γάρ
347 1573 420 1593 τινος
445 1564 584 1600 γέροντος,
599 1561 680 1597 ἡνίκα
705 1561 730 1588 ἐν
748 1562 840 1599 Σκήτῃ
855 1560 957 1600 διέτρι-

131 1607 189 1643 ϐον,
204 1607 370 1639 ἀπελθόντος
384 1607 421 1638 εἷς
436 1606 546 1634 κελλίον
564 1606 640 1637 τινὸς
654 1605 774 1645 ἀδελφοῦ
790 1606 955 1643 ἐπισκέψεως

132 1654 223 1691 χάριν,
239 1652 285 1679 καὶ
301 1652 338 1682 ὡς
353 1650 502 1686 ἐπλησίασε
515 1653 550 1687 τῇ
571 1650 639 1687 θύρᾳ
662 1653 712 1683 τῆς
734 1650 849 1686 κέλλης,
866 1651 957 1679 ἀκούει

132 1697 214 1725 αὐτοῦ
231 1695 383 1726 λαλοῦντος
399 1694 488 1722 ἔνδον*
501 1694 546 1721 καὶ
562 1695 673 1731 νομίσας
688 1696 702 1722 ὁ
714 1696 800 1733 γέρων
817 1695 869 1723 ἀπὸ
890 1699 957 1734 Γρα-

134 1744 186 1780 οῇς
202 1741 286 1768 αὐτὸν
311 1738 434 1776 μελετᾷν.
450 1738 513 1775 ἔστη
538 1739 721 1777 ἀκροώμενος,
737 1740 781 1767 καὶ
806 1740 959 1772 αἲσθάνεται

135 1784 217 1814 αὐτοῦ
248 1784 300 1811 ὑπὸ
328 1782 479 1818 κενοδοξίας
513 1785 760 1822 παραφρονοῦντος,
786 1784 831 1811 καὶ
866 1784 958 1813 ἑαυτὸν

132 1831 356 1868 χειροτονοῦντος
372 1826 508 1862 διάκονον,
524 1828 569 1855 καὶ
583 1830 641 1859 τοῖς
656 1829 875 1865 κατηχουμὲνοις
891 1829 958 1856 ἀπό-

133 1874 208 1902 λυσιν
225 1874 393 1911 παρεχοντα.
418 1873 462 1903 Ὠς
490 1872 535 1900 οὖν
558 1871 659 1907 ἤκουσε
678 1875 757 1900 τοῦτο
773 1873 787 1900 ὁ
802 1873 899 1912 γερων,
915 1874 958 1901 τέ-

132 1918 178 1950 λος
195 1919 309 1953 ώθήσας
323 1918 373 1951 τήν
387 1916 468 1955 θύραν
496 1917 614 1952 εἰσῆλθε,
630 1917 675 1945 καὶ
701 1918 856 1953 ἀπαντήσας
885 1918 959 1955 αὐτῷ

132 1964 145 1990 ὁ
160 1963 282 1995 ἁδελφὸς
298 1961 482 1998 προσεκύνησε
496 1961 563 1989 κατὰ
584 1962 616 1989 τὸ
640 1960 712 1995 ἔθος,
727 1962 774 1989 καὶ
802 1962 881 1997 ἠξίου
907 1974 957 2000 μα-

132 2011 186 2039 θεῖν
199 2007 266 2045 παρ’
281 2005 374 2041 αὐτοῦ,
392 2005 415 2033 εἴ
430 2005 538 2041 πολλὴν
556 2005 626 2044 ὥραν
644 2005 701 2043 ἔχει
725 2006 793 2043 πρὸς
819 2009 853 2044 τῇ
880 2007 957 2044 θύρᾳ,

131 2053 159 2081 Ὁ
175 2051 204 2080 δὲ
219 2051 309 2089 γέρων
339 2050 489 2089 χαριέντως
511 2050 644 2088 ἀπεκρίθῆ
669 2051 738 2089 πρὸς
763 2051 852 2078 αὐτόν·
869 2053 959 2089 Ἄρτι,

131 2096 226 2134 φησὶν,
243 2095 340 2130 ἦλθον,
358 2095 402 2123 ὅτε
417 2094 448 2122 σὺ
471 2096 521 2130 τὴν
547 2094 679 2122 ἀπόλυσιν
705 2098 762 2126 τοῖς
785 2095 959 2133 κατηχουμέ-

131 2151 188 2171 νοις
205 2139 352 2171 ἒπετέλεις.
369 2140 435 2167 Τότε
450 2140 464 2167 ὁ
479 2138 606 2178 ἀδελφὸς,
623 2139 739 2171 ἀκούσας
764 2142 856 2174 ταότα,
882 2138 959 2168 ἔπεσε

131 2185 204 2221 παρᾶ
218 2185 283 2215 τοὺς
307 2183 392 2215 πόδας
415 2186 464 2211 τοῦ
486 2184 624 2222 γέροντος,
644 2184 689 2211 καὶ
708 2184 860 2221 παρακαλεῖ
879 2184 957 2212 αὐτὸν

131 2228 260 2267 εὔχεσθαι
277 2229 342 2266 ὑπὲρ
357 2228 450 2263 αὑτοῦ,
463 2228 511 2255 ’ἱνα
523 2228 608 2266 ῥυσθῇ
623 2231 672 2263 τῆς
689 2228 817 2264 τοιαύτης
839 2228 957 2264 πλάνης.

1007 277 1079 303 rem,
1103 269 1139 296 ab
1161 277 1194 297 eo
1220 269 1427 297 debellandum
1449 278 1514 298 esse
1528 279 1535 298 :
1551 270 1608 298 nisi
1629 271 1766 307 deinceps
1782 281 1834 309 per

1001 312 1183 348 patientiam,
1193 313 1352 343 orationem
1366 317 1394 342 et
1408 323 1482 351 opus
1494 323 1647 349 manuum,
1659 324 1725 344 eum
1737 325 1834 353 oppu-

1002 365 1092 394 gnare
1107 358 1267 387 studueris.

1038 403 1260 438 7.(27)Septimu
1266 412 1293 432 m
1301 403 1385 432 nobis
1394 405 1438 432 est
1445 406 1591 432 certamen
1601 406 1740 434 adversus
1746 407 1832 443 spiri-

1004 448 1068 474 tum
1080 447 1177 475 inanis
1192 448 1301 484 glorias,
1319 448 1518 477 multifornem
1535 449 1616 477 illam
1630 459 1662 478 ac
1687 451 1829 481 tenuissi-

1006 500 1084 520 mam
1101 493 1279 528 passionem,
1295 501 1358 529 quin
1374 502 1410 521 ne
1426 494 1462 521 ub
1477 502 1510 522 eo
1526 495 1644 529 quidem
1660 496 1709 531 qui
1732 499 1830 526 tenta-

1005 538 1064 570 tur,
1077 537 1346 573 comprehenditur.
1358 540 1531 566 Caeterarum
1543 539 1651 575 quippe
1662 541 1833 576 passionum

1007 580 1197 616 irruptiones,
1223 582 1382 617 apertiores
1412 585 1492 617 sunt,
1516 585 1603 618 atque
1628 585 1742 614 facilius
1766 595 1834 614 cum

1007 624 1044 652 iis
1060 626 1336 661 pugnaturzanima
1351 627 1461 663 quippe
1477 636 1542 655 cum
1558 628 1669 656 bellum
1693 630 1836 667 agnoscit,

1008 671 1198 706 repugnando
1213 673 1242 699 et
1265 671 1375 699 orando
1401 675 1529 708 superat.
1556 675 1592 700 At
1615 673 1712 703 inanis
1736 675 1834 711 gloria

1009 713 1121 742 malitia
1136 714 1328 743 multiformis
1343 724 1409 744 cum
1426 717 1473 750 sit,
1490 717 1533 745 uti
1549 726 1638 753 supra
1654 719 1764 747 dictum
1779 722 1835 755 est,

1008 761 1175 795 expugnata
1191 759 1321 789 difficilis
1336 763 1389 789 est.
1415 762 1446 789 In
1471 762 1549 789 omni
1573 763 1682 799 quippe
1706 764 1836 794 hominis

1008 803 1107 831 studia
1130 812 1259 840 presens
1273 813 1304 833 se
1320 805 1407 840 sistit,
1425 806 1454 833 in
1469 806 1571 834 habitu
1588 807 1709 842 scilicet,
1729 809 1836 844 forma,

1009 856 1124 884 gressu,
1141 857 1286 884 sermone,
1303 850 1422 886 vigiliis,
1435 851 1568 886 jejuniis,
1586 852 1614 879 in
1630 854 1771 888 oratione,
1795 854 1836 882 le-

1009 892 1115 927 ctione,
1132 894 1241 929 quiete,
1256 894 1286 922 in
1303 895 1530 930 aequanimitate.
1549 896 1587 923 Iis
1602 897 1679 924 enim
1696 899 1836 926 omnibus

1009 939 1132 966 conatur
1161 938 1286 966 militem
1310 939 1418 967 Christi
1444 940 1617 969 confodere.
1642 943 1733 974 Quem
1755 943 1834 971 enim

1008 982 1251 1011 vestimentorum
1264 984 1492 1020 sumptuositate
1503 985 1635 1021 decipere
1648 987 1791 1022 nequit,et
1801 989 1837 1016 ad

1007 1035 1114 1055 vanam
1126 1027 1250 1063 gloriam
1266 1028 1430 1063 deflectere,
1446 1037 1513 1057 eum
1529 1031 1697 1059 vestimenti
1723 1031 1838 1060 vilitate

1009 1073 1111 1098 tentet.
1133 1072 1167 1099 Et
1182 1080 1270 1107 quem
1286 1081 1344 1100 non
1360 1073 1456 1109 potuit
1468 1074 1588 1109 honore,
1603 1084 1669 1103 eum
1687 1076 1838 1105 dedecoris

1009 1115 1151 1151 patientia
1166 1116 1202 1144 ad
1219 1116 1418 1153 insipientiam
1435 1126 1530 1154 usque
1546 1119 1731 1156 inﬂut1quem
1747 1121 1841 1149 scien-

1009 1161 1049 1188 tia
1064 1161 1100 1189 ad
1116 1170 1221 1190 vanam
1237 1162 1361 1199 gloriam
1377 1164 1522 1192 deducere
1546 1166 1687 1201 nequivit,
1712 1175 1779 1194 eum
1804 1175 1839 1195 ex

1010 1205 1139 1240 silentio,
1165 1206 1250 1242 quasi
1276 1207 1408 1242 quietum
1425 1208 1585 1243 hominem,
1602 1210 1734 1246 decipere
1750 1219 1838 1240 cona-

1009 1251 1059 1278 tur
1074 1258 1080 1278 :
1098 1258 1186 1286 quem
1202 1251 1334 1279 ciborum
1351 1251 1468 1280 lautitia
1492 1254 1526 1281 ad
1554 1254 1705 1283 mollitiem
1723 1256 1838 1284 trahere

1010 1302 1068 1322 non
1094 1293 1197 1327 valuit,
1221 1302 1289 1322 eum
1310 1296 1424 1331 jejunio
1448 1297 1485 1325 ad
1506 1297 1626 1326 laudum
1642 1300 1837 1335 cupiditatem

1010 1338 1138 1366 deducit.
1155 1341 1276 1367 Demum
1292 1348 1366 1376 opus
1383 1349 1481 1376 omne,
1497 1351 1584 1370 omne
1600 1344 1732 1372 studium
1758 1345 1836 1372 328

1009 1382 1078 1410 belli
1094 1384 1276 1412 occasionem
1293 1384 1361 1413 huic
1376 1385 1500 1414 daemoni
1518 1388 1635 1423 praebet.
1649 1388 1704 1424 (28)
1719 1389 1760 1416 Ad
1777 1389 1838 1417 haec

1010 1428 1061 1462 qui
1083 1428 1119 1455 ab
1145 1428 1195 1456 illo
1220 1431 1417 1465 oppugnatur,
1443 1439 1655 1466 nonnunquam
1681 1432 1738 1460 sibi
1760 1434 1837 1462 sacri

1011 1471 1122 1500 ordinis
1143 1473 1252 1508 gradus
1271 1474 1422 1510 conﬁngit.
1439 1475 1558 1503 Memini
1575 1477 1728 1511 cujusdam
1745 1478 1837 1512 senis,

1011 1516 1071 1551 qui,
1088 1524 1156 1545 cum
1171 1517 1202 1545 in
1217 1518 1299 1546 Scete
1327 1519 1474 1554 degerem,
1490 1519 1626 1547 cellulam
1638 1521 1710 1548 adiit
1733 1522 1836 1557 cuius-

1011 1561 1079 1588 dam
1091 1561 1190 1590 fratris
1201 1563 1339 1591 visitandi
1350 1566 1484 1598 causa,et
1495 1565 1629 1600 utjanuze
1641 1565 1719 1593 cella:
1730 1575 1836 1603 appro-

1011 1605 1173 1641 pinquavit,
1189 1606 1285 1642 ipsum
1301 1607 1413 1635 audivit
1429 1607 1507 1636 intus
1521 1608 1690 1645 loquentem
1707 1619 1714 1638 :
1731 1614 1834 1639 etcum

1011 1652 1129 1686 putaret
1143 1659 1231 1679 senex
1245 1652 1397 1688 quidpiam
1413 1652 1497 1680 illum
1523 1661 1556 1681 ex
1580 1654 1728 1690 Scriptura
1752 1663 1837 1692 repe-

1013 1697 1083 1727 tere,
1108 1695 1190 1723 stetit
1216 1695 1446 1730 auscultaturus,
1472 1700 1561 1733 atque
1586 1700 1679 1726 sensit
1703 1699 1787 1728 illum
1803 1708 1838 1728 ex

1013 1739 1092 1767 inani
1108 1739 1201 1775 gloria
1215 1739 1357 1775 insanire,
1372 1749 1406 1769 ac
1420 1750 1484 1770 sese
1507 1742 1663 1771 diaconum
1690 1744 1836 1778 ordinare,

1013 1784 1289 1821 catechumenisque
1304 1785 1508 1815 dimissionem
1524 1788 1697 1815 tribucreld
1709 1797 1776 1816 cum
1787 1797 1839 1816 au-

1015 1829 1106 1857 disset
1122 1837 1220 1863 senex,
1239 1830 1357 1858 demum
1383 1833 1484 1867 aperta
1504 1832 1599 1866 janua
1621 1832 1761 1867 introivit,
1789 1833 1837 1861 cui

1013 1874 1103 1902 frater
1126 1882 1281 1902 occurrens
1297 1875 1332 1902 de
1349 1883 1428 1904 more
1447 1876 1585 1904 salutavit
1608 1885 1685 1911 eum,
1712 1877 1836 1913 rogavit-

1014 1926 1069 1954 que
1085 1927 1121 1946 an
1135 1918 1185 1946 diu
1202 1919 1238 1946 ad
1251 1919 1375 1954 januam
1397 1919 1535 1948 stetisset.
1562 1921 1636 1947 Tum
1661 1929 1749 1948 senex
1773 1920 1837 1956 pla-

1013 1962 1077 1990 cide
1101 1963 1252 1999 respondit
1276 1963 1317 1990 illi
1342 1970 1349 1990 :
1374 1963 1449 1997 Mox,
1467 1963 1574 1999 inquit,
1592 1965 1705 1999 adveni,
1721 1973 1788 1993 cum
1805 1967 1837 1993 tu

1013 2007 1231 2035 catechumenis
1257 2007 1460 2036 dimissionem
1488 2008 1649 2036 tribuebas.
1675 2009 1726 2036 His
1749 2010 1839 2038 frater

1013 2051 1121 2080 auditis
1136 2052 1260 2087 procidit
1274 2052 1309 2080 ad
1327 2052 1406 2080 senis
1422 2053 1520 2089 pedes,
1537 2055 1569 2081 ut
1585 2054 1720 2089 precibus
1736 2057 1839 2090 postu-

1012 2096 1086 2124 laret
1100 2095 1157 2124 sibi
1177 2096 1285 2124 erroris
1309 2096 1514 2132 hujuscemodi
1540 2097 1753 2127 liberationem.
1779 2099 1839 2127 Hu-

1009 2141 1094 2176 jusce
1110 2140 1149 2168 rei
1165 2140 1286 2169 memini
1303 2143 1335 2169 ut
1349 2142 1534 2170 ostenderem
1554 2142 1583 2169 in
1600 2145 1740 2178 quantum
1764 2143 1841 2171 insi-

1013 2185 1154 2221 pientiam
1183 2185 1231 2213 hic
1262 2185 1376 2214 dznmon
1411 2187 1549 2222 conjiciat
1582 2187 1751 2215 hominem.
1785 2187 1841 2220 Qui

1012 2229 1076 2257 vult
1096 2229 1195 2265 itaque
1220 2230 1345 2265 perfecte
1373 2233 1496 2264 certare,
1525 2234 1554 2259 et
1578 2231 1700 2266 justitim
1734 2240 1841 2260 corona

131 2274 234 2301 Τούτου
250 2272 279 2300 δὶ
294 2273 432 2309 ἐμνήσθην
458 2271 541 2308 ’δεῖξαι
567 2272 735 2309 βουλόμενος
760 2272 799 2304 εἰς
823 2272 889 2308 ὅσην
914 2273 954 2300 ἆν-

1012 2274 1159 2310 redimiri,
1187 2274 1327 2303 omnibus
1360 2277 1475 2312 satagnt
1503 2277 1598 2304 modis
1629 2276 1840 2305 multiformem

130 2317 272 2353 αισθησίαν
288 2316 362 2356 φέρει
374 2317 420 2344 τὸν
438 2317 579 2355 ἄνθρωπον
595 2317 704 2348 υῦτος,ὁ
721 2316 836 2354 δαίμων.
853 2318 883 2346 Ὁ
898 2318 956 2345 τοί-

130 2373 172 2388 ἠν
192 2362 362 2399 βουλόμενος
374 2360 488 2392 τελείως
501 2361 630 2396 ἀθλῆσαι,
644 2362 689 2389 καὶ
707 2362 753 2389 τὸν
775 2365 827 2397 τῆς
852 2361 957 2390 δικαιοι

131 2406 213 2441 σύνης
229 2406 357 2445 στέφανον
384 2405 577 2441 ἀναδήσασθαι,
594 2409 657 2433 πᾶσι
682 2406 795 2444 τρόποις
821 2405 959 2444 σπουδάσῃ

129 2451 160 2477 τὸ
176 2450 358 2490 πολύμορφον
374 2450 455 2478 τοῦτο
477 2450 571 2486 θηρίον
594 2453 716 2486 νικῆσαι,
732 2451 785 2488 πρὸ
808 2450 957 2490 ὀφθαλμῶν

131 2494 204 2532 ἔχων
233 2495 348 2523 πάντοτε
375 2496 406 2523 τὸ
438 2496 487 2523 ὑπὸ
516 2498 564 2523 τοῦ
583 2495 661 2533 ἁγίου
691 2494 774 2524 Δαυῗδ
802 2495 956 2534 εἰρημένον·

134 2553 144 2565 ιι
169 2540 267 2577 Κύριος
294 2539 479 2579 διεσκόρπισεν
506 2540 571 2568 ὀστᾶ
595 2541 839 2579 ἀνθρωπαρέσκων·
870 2553 884 2567 ››
914 2541 958 2568 καὶ

132 2583 218 2620 μηδὲν
256 2585 369 2613 ποιείτω
406 2583 640 2623 περιϐλεπόμενος
678 2585 723 2613 τὸν
756 2585 781 2622 ἐξ
812 2585 960 2623 ἀνθρώπων

131 2627 253 2666 ἔπαινον,
268 2629 341 2658 ἀλλὰ
354 2630 401 2657 τὸν
416 2630 487 2667 παρὰ
508 2632 576 2658 Θεοῦ
603 2629 699 2667 μισθὸν
726 2629 897 2665 ἐπιζητείτω,
914 2630 959 2657 καὶ

168 2731 195 2748 ’⁸
209 2729 286 2759 Psal.
303 2739 354 2765 an,
367 2732 395 2759 6.

171 2829 232 2867 (27)
246 2830 376 2859 Cassian.
392 2830 512 2859 Immin.
529 2829 582 2860 lib.
598 2838 637 2865 xx,
653 2838 679 2859 c.
696 2830 709 2858 1
726 2831 755 2858 et
770 2838 832 2866 seq.

1014 2319 1089 2347 hanc
1104 2327 1242 2354 superare
1262 2320 1363 2354 feram,
1391 2328 1450 2355 prae
1474 2320 1565 2348 oculis
1589 2329 1706 2356 semper
1729 2321 1841 2349 habens

1014 2363 1124 2391 dictum
1149 2363 1223 2391 illud
1248 2363 1343 2392 sancti
1369 2364 1511 2392 Davidis:
1532 2374 1543 2389 ι
1562 2365 1701 2393 Dominus
1716 2365 1841 2401 dissipa-

1013 2408 1056 2435 vit
1070 2416 1137 2436 ossa
1152 2416 1252 2436 eorum
1268 2408 1319 2443 qui
1335 2408 1505 2437 hominibus
1522 2409 1636 2445 placent
1651 2410 1673 2427 ⁰⁴
1688 2419 1695 2436 :
1715 2419 1729 2435 ι
1754 2409 1841 2437 nihil-

1015 2461 1071 2488 que
1095 2455 1162 2488 agat
1178 2452 1285 2480 intuitu
1302 2453 1422 2481 laudum
1440 2453 1647 2487 humanarum,
1665 2455 1714 2482 sed
1732 2462 1841 2482 merce-

1015 2498 1082 2524 dem
1097 2499 1208 2532 quaarat
1222 2505 1239 2524 ο.
1253 2497 1322 2532 Deo,
1339 2506 1372 2525 ac
1387 2498 1578 2534 cogitationes
1596 2499 1718 2534 propria:
1734 2499 1841 2533 laudis,

1015 2550 1065 2569 cor
1089 2549 1174 2569 suam
1204 2541 1378 2569 invadentes
1401 2550 1519 2579 semper
1543 2544 1662 2577 objiciet
1688 2553 1694 2571 :
1723 2551 1786 2571 sese
1812 2543 1842 2571 in

1015 2588 1173 2622 conspectu
1189 2585 1236 2614 Dei
1249 2585 1469 2622 despiciat.Hoc
1480 2587 1625 2624 siquidem
1640 2590 1725 2623 pacto
1736 2587 1842 2623 poterit

1015 2631 1073 2659 Deo
1099 2631 1220 2666 juvante
1248 2630 1367 2660 liberari
1391 2632 1427 2660 ab
1452 2631 1549 2661 inanis
1573 2632 1672 2668 gloriae
1699 2632 1842 2669 daemone,

1010 2830 1067 2866 (28)
1082 2829 1154 2858 ibid.
1166 2837 1192 2858 c.
1209 2830 1253 2864 ιιι,
1270 2830 1312 2858 15.

2020 1214 2034 1318 i

2032 882 2034 1003 1

2032 1429 2034 1530 1

2032 882 2034 1003 1

2032 1429 2034 1530 1

2032 882 2034 1003 1

2032 1429 2034 1530 1
