2051 3109
205 170 263 200 903

788 166 819 197 S.
844 169 1109 202 ATHANASIUS.
1125 187 1162 194 —
1176 167 1325 200 SPURIA.

1820 173 1872 202 904

204 235 298 273 gratia
315 235 429 263 Domini
446 234 537 262 nostri
561 233 642 269 Jesu,
668 233 714 261 cui
737 233 830 270 gloria
854 234 884 262 in
912 236 1014 264 saecula

1086 233 1258 270 ἆπορῥίτπων
1282 231 1322 258 ἀεὶ
1346 231 1408 263 τοὺς
1433 231 1634 270 ἐπερχομένους
1649 232 1675 260 ἐν
1689 234 1722 270 τῇ
1737 233 1814 271 καρδίᾳ
1831 237 1868 264 αὖ.

204 285 306 307 Amen.

1081 279 1131 303 τοῦ
1159 275 1311 313 λογισμοὺς
1340 277 1385 303 καὶ
1414 276 1590 308 ἐπαινοῦντας
1619 276 1709 311 αὐτὸν,
1735 277 1871 313 ἐξουθενιίτω

202 322 294 350 ἑαυτὸν
325 321 439 350 ἐνώπιον
465 324 513 350 τοῦ
541 324 618 351 Θεοῦ.
636 322 727 352 Οὕτως
755 322 805 359 γάρ
834 319 977 355 δυνήσεται
1008 320 1052 347 σὺν
1068 322 1127 356 Θεῷ
1142 320 1334 358 ἀπαλλαγῆναι
1362 323 1410 348 τοῦ
1441 320 1570 358 δαίμονος
1598 323 1648 354 τῆς
1676 321 1813 358 κενοδοξίας
1835 326 1875 364 χά.

201 377 252 406 ριτι
269 369 318 394 τοῦ
335 367 435 404 Κυρίου
450 369 530 405 ἡμῶν
546 368 647 403 Ἰησιῦ,
663 367 686 403 ᾦ
701 367 718 401 ἡ
734 364 796 400 δόξα
812 364 848 395 είς
862 365 926 395 τοὺς
941 365 1050 392 αἰῶνας.
1069 365 1166 401 Ἀμήν,

234 413 327 449 8.(29)
344 414 484 442 Octavum
503 412 586 440 nobis
601 414 645 439 est
660 413 805 439 certamen
818 410 959 438 adversus
970 409 1028 445 spi-

199 456 291 486 ritum
308 458 462 495 superbic'e,
476 457 552 493 quod
565 458 608 484 est
619 456 737 492 gravius
748 454 902 489 acriusque
914 453 1026 482 caeteris

201 503 351 538 omnibus,
368 511 424 538 quo
439 501 560 538 perfecti
577 500 702 528 maxime
718 501 935 535 oppugnantur,
958 498 1024 534 qui-

202 557 258 583 que
282 557 331 576 eos
347 547 395 583 qui
412 547 470 574 fere
486 546 521 574 ad
538 545 677 572 virtutum
691 544 839 580 fastigium
857 550 1023 579 pervenere,

201 592 366 620 subvertere
381 592 502 618 conatur
518 599 524 618 :
541 598 574 618 ac
588 589 682 617 morbi
699 588 828 625 pestiferi
850 588 943 616 instar
965 596 1023 616 non

197 638 308 672 partem
324 635 463 671 corporis,
481 635 531 662 sed
547 636 640 662 totum
657 633 762 670 perdit.
775 635 807 660 Et
823 632 885 660 alim
902 632 1021 668 quidem

195 680 316 715 singula
333 679 496 715 passiones,
512 678 629 707 tametsi
645 678 772 706 animum
795 677 928 711 turbant,
952 677 1022 713 quia

191 726 286 751 tamen
295 732 361 752 cum
369 726 482 751 unatan
488 725 548 751 tum
556 723 663 751 virtute
671 722 725 750 sibi
734 722 870 758 opposita
877 723 1019 758 pugnant,

188 770 276 803 atque
288 776 354 796 eam
371 776 511 804 superare
527 767 673 802 nituntur,
688 776 722 795 ex
738 769 819 803 parte
834 766 931 794 solum
956 766 1019 794 ani-

189 820 266 840 mam
285 813 445 841 obscurant
461 814 547 848 atque
559 812 752 845 conturbant;
765 811 908 848 superbiae
919 812 1018 839 autem

189 857 286 892 passio
312 860 403 885 totam
429 857 557 885 tenebris
583 856 721 891 offundit,
746 859 774 884 et
797 857 833 884 ad
856 858 1017 884 extremam

191 901 308 929 deducit
325 902 450 929 ruinam.
466 901 562 937 thue
575 900 718 937 liquidius
734 901 810 936 quod
835 901 945 929 dictum
973 902 1017 928 est

193 946 402 982 excogitemus,
421 946 473 973 hac
492 946 604 973 ratione
627 954 688 973 rem
713 945 909 981 speculamur.
936 944 1016 973 Gula:

191 990 296 1018 vitium
326 991 532 1018 abstinentiam
557 998 744 1026 corrumpere
773 990 897 1026 satagit,
924 989 1016 1018 forni-

190 1035 266 1062 catio
283 1034 628 1070 continentiam,avaritia
639 1034 1015 1071 paupertatem,indigoatio

191 1079 461 1112 mansuetudinem,
477 1088 510 1107 ac
526 1079 644 1115 reliquae
670 1079 781 1115 species
802 1078 921 1107 malitias
946 1087 1015 1107 con-

190 1123 295 1151 trarias
326 1123 382 1151 sibi
412 1124 552 1158 virtutes;
577 1126 607 1151 at
634 1123 778 1160 superbis.-
808 1123 920 1151 malitia
947 1132 1014 1151 cum

192 1168 304 1196 misera:
329 1168 433 1196 animm
458 1168 638 1203 dominatur,
654 1168 732 1196 haud
749 1176 834 1196 secus
849 1168 910 1205 agit
925 1177 1013 1204 quam

190 1212 464 1240 trueulentissimus
480 1212 601 1249 quidam
618 1215 771 1248 tyrannus,
788 1212 839 1248 qui
864 1212 963 1248 ampla
987 1214 1016 1240 et

192 1256 306 1285 excelsa
328 1260 413 1293 capto
429 1257 510 1292 urbe,
527 1259 617 1285 totam
634 1257 724 1285 diruit
738 1259 767 1285 et
781 1266 798 1285 a
815 1257 1014 1285 fundamentis

192 1301 304 1329 evertit.
321 1301 410 1337 Cujus
427 1301 467 1329 rei
490 1302 574 1330 testis
598 1304 642 1330 est
664 1301 786 1338 angelus
813 1302 863 1338 qui
885 1310 919 1330 ex
943 1301 1013 1329 caelo

191 1348 310 1382 propter
334 1345 502 1381 superbiam
526 1346 647 1380 cecidit;
675 1346 725 1382 qui
749 1355 766 1374 ο.
783 1347 840 1374 Deo
855 1348 971 1374 creatus
986 1348 1014 1374 et

188 1389 270 1417 omni
285 1389 393 1418 virtute
408 1398 441 1418 ac
456 1390 601 1427 sapientia
615 1393 747 1425 ornatus,
765 1399 822 1418 non
838 1390 888 1418 Dei
913 1390 1013 1427 gratia

186 1434 247 1462 haec
272 1435 417 1463 ascribere
441 1434 542 1470 voluit,
570 1435 620 1463 sed
646 1435 768 1472 propria:
783 1437 893 1463 naturae
910 1444 917 1462 ;
935 1435 1013 1463 unde

185 1487 216 1506 se
233 1480 288 1506 Deo
301 1478 443 1515 aequalem
459 1487 524 1508 esse
547 1479 661 1515 putavit
677 1488 683 1507 :
701 1488 789 1515 quam
813 1480 878 1515 ejus
902 1480 1014 1515 cogita-

1116 410 1143 438 8.
1160 408 1278 447 Ὄγδοος
1308 411 1375 446 ἡμῖν
1406 409 1475 437 ἐστιν
1503 410 1577 448 ἀγὼν
1605 410 1673 437 κατὰ
1687 412 1735 438 τοῦ
1750 411 1876 449 πνεύματος

1079 458 1130 489 τῆς
1147 455 1339 494 ὑπερηφανίας
1357 454 1552 493 χαλεπώτατος
1570 454 1648 485 οὗτος
1663 455 1707 482 καὶ
1723 455 1817 483 πάντων
1835 460 1878 485 τῶν

1081 499 1220 537 προτέρων
1246 499 1423 537 ἀγριώτερος,
1440 499 1504 531 τοὺς
1529 499 1650 530 τελείους
1677 498 1793 536 μάλιστα
1811 500 1880 530 πολε-

1082 545 1151 580 μῶν,
1166 544 1210 571 καὶ
1228 542 1324 582 σχεδὸν
1340 543 1403 575 τοὺς
1418 544 1449 571 τὸ
1471 544 1538 580 ὕψος
1562 546 1615 571 τῶν
1642 544 1743 581 ἀρετῶν
1769 542 1881 581 ἀναϐεῧη.

1077 588 1158 620 κότας
1188 588 1324 627 ἐπιχειρεῖ
1360 588 1550 628 καταστρέφειν
1569 597 1576 604 ·
1605 588 1650 616 καὶ
1678 589 1794 626 καθάπερ
1816 590 1882 622 νόσος

1078 631 1193 669 λοιμική
1218 633 1385 672 φθοροποιὸς
1410 633 1474 671 οὐχὶ
1498 633 1581 671 μέρος
1604 635 1653 660 τοῦ
1678 633 1812 669 σώματος,
1831 634 1884 662 ἀλλ’

1077 676 1140 704 ὅλον
1155 676 1313 717 διαφθείρει.
1329 677 1379 704 Καὶ
1394 679 1448 705 τῶν
1465 678 1514 714 μὲν
1538 676 1632 705 ἄλλων
1657 680 1749 709 παθῶν
1776 676 1886 714 ἕκαστον,

1076 722 1099 749 εἰ
1114 722 1158 750 καῖ
1172 722 1298 761 ταράσσει
1313 722 1362 756 τήν
1379 722 1483 760 ψυχὴν,
1499 722 1573 750 ἀλλὰ
1587 722 1654 760 πρὸς
1673 722 1737 758 μίαν
1751 722 1798 756 τήν
1821 724 1885 750 ἄντιη

1074 766 1202 803 κειμένην
1219 766 1293 803 αὐτῷ
1308 767 1404 805 ἀρετὴν
1428 766 1579 803 πολεμοῦν,
1595 766 1639 794 καὶ
1663 766 1764 802 ταύτην
1789 771 1887 802 νικῆσαι

1073 810 1256 850 φιλονεικοῦν,
1282 811 1311 838 ἐκ
1345 811 1444 848 μέρους
1477 811 1615 839 ἐπισκοτεῖ
1640 812 1689 846 τήν
1717 812 1819 849 ψυχὴν,
1848 813 1887 840 καὶ

1070 856 1196 893 ταράσσει
1211 855 1295 891 αὐτήν
1310 855 1341 883 τὸ
1363 855 1391 883 δὲ
1417 857 1465 890 τῆς
1491 855 1674 894 ὑπερηφανίας
1700 859 1786 883 πᾶσαν
1812 856 1887 891 αὐτὴν

1071 899 1217 936 ἐπισκοτεῖ,
1232 900 1276 927 καὶ
1294 900 1331 931 εἰς
1349 902 1449 927 πτῶσιν
1476 899 1534 938 ἄγει
1556 900 1684 938 ἐσχάτην.
1702 900 1754 928 Καὶ
1776 899 1823 927 ’ἶνα
1847 911 1889 928 σα-

1071 945 1195 984 φέστερον
1222 945 1364 981 νοήσωμεν
1393 945 1425 972 τὸ
1454 945 1611 982 εἲρημένον,
1642 946 1823 982 σκοπήσωμεν
1848 945 1890 972 οὕ-

1071 1000 1134 1020 τως.
1163 992 1194 1018 Ἡ
1230 989 1428 1027 γαστριμαργία
1464 990 1514 1024 τὴν
1560 989 1713 1028 ἐγκράτειαν
1753 988 1890 1024 σπουδάζει

1071 1033 1232 1074 διαφθεῖραι,
1249 1035 1265 1069 ἡ
1282 1033 1394 1072 πορνεία
1414 1034 1463 1068 τὴν
1489 1034 1676 1072 σωφροσύνην,
1693 1035 1710 1068 ἡ
1727 1033 1891 1073 φιλαργυρία

1069 1079 1118 1113 τὴν
1148 1078 1350 1116 ἀκτημοσύνηνν
1377 1079 1390 1105 ὁ
1420 1078 1504 1115 θυμὸς
1532 1079 1582 1112 τήν
1612 1078 1761 1116 ηραότητα,
1790 1078 1835 1105 καὶ
1860 1079 1893 1106 τὰ

1070 1122 1155 1151 λοιπὰ
1168 1124 1218 1157 τῆς
1242 1123 1336 1154 κακίας
1361 1121 1419 1158 εἴδη
1449 1122 1497 1153 τὰς
1526 1121 1645 1153 ἐναντίας
1669 1122 1757 1150 αὐτῶν
1788 1123 1891 1160 ἀρετάς·

1069 1169 1086 1203 ἡ
1117 1167 1145 1195 δὲ
1174 1171 1222 1202 νῆς
1259 1168 1443 1205 ὑπερηφανίας
1472 1167 1564 1201 κακία,
1593 1167 1655 1194 ὅταν
1684 1166 1812 1205 κυριεύσῃ
1843 1168 1892 1202 τῆς

1068 1212 1163 1243 ἀθλίας
1178 1214 1282 1250 ψυχῆς,
1299 1211 1390 1249 ὥσπερ
1404 1222 1446 1243 τις
1463 1211 1660 1249 χαλεπώτατος
1682 1211 1814 1249 τύραννος
1845 1222 1890 1248 με-

1067 1257 1154 1295 γάλην
1182 1257 1262 1284 πόλιν
1288 1256 1332 1284 καὶ
1363 1255 1471 1293 ὑψηλὴν
1499 1254 1679 1294 παραλαϐὼν,
1710 1256 1778 1292 ὅλην
1810 1256 1890 1291 αὐτὴν

1067 1302 1255 1340 καταστρέφει,
1283 1302 1327 1329 καὶ
1356 1299 1409 1332 ἕως
1446 1300 1579 1338 θεμελίων
1618 1300 1811 1329 κατασκάπτει.
1843 1301 1892 1329 Καὶ

1070 1346 1170 1384 μάρτυς
1186 1346 1283 1373 τούτου
1298 1347 1312 1373 ὁ
1327 1345 1441 1384 ἄγγελος
1458 1346 1472 1372 ὁ
1488 1345 1517 1373 ἐκ
1530 1348 1579 1373 τοῦ
1605 1345 1719 1383 οὐρανοῦ
1735 1347 1824 1373 πεσὼν
1849 1345 1893 1373 διὰ

1067 1392 1115 1425 τήν
1133 1391 1329 1430 ὑπερηφανίαν·
1345 1391 1384 1424 ὃς,
1401 1390 1431 1418 ἐκ
1444 1392 1492 1417 τοῦ
1515 1392 1582 1418 Θεοῦ
1606 1390 1734 1423 κτισθεὶς,
1750 1390 1796 1417 καὶ
1822 1391 1894 1427 πάσῃ

1068 1436 1149 1473 ἀρετῇ
1164 1435 1208 1462 καὶ
1225 1435 1305 1474 σοφίᾳ
1319 1434 1478 1471 κοσμηθεὶς,
1496 1434 1526 1462 οὐ
1547 1436 1581 1471 τῇ
1605 1437 1653 1461 τοῦ
1681 1434 1816 1462 Δεσπότου
1842 1434 1894 1472 χάι

1068 1490 1120 1518 ριτι
1138 1477 1277 1515 ἐϐουλήθη
1293 1482 1377 1506 ταῦτα
1392 1479 1563 1518 ἐπιγράφειν,
1580 1478 1652 1507 ἀλλᾶ
1668 1481 1701 1516 τῇ
1725 1477 1779 1515 ἰδίᾳ
1804 1479 1893 1518 φύσει·

186 1523 296 1551 tionem
313 1532 439 1560 arguens
455 1523 597 1560 propheta
612 1524 683 1552 dicit
699 1532 706 1551 :
724 1535 738 1549 ι(
756 1524 856 1552 Dixisti
872 1524 901 1552 in
926 1524 1012 1552 corde

1069 1524 1127 1552 ὅθεν
1143 1524 1188 1552 καὶ
1206 1523 1261 1551 ἶσον
1278 1524 1370 1551 ἑαυτὸν
1388 1521 1520 1551 ὑπέλαϐεν
1535 1523 1602 1551 εἶναι
1626 1525 1704 1551 Θεοῦ.
1721 1523 1769 1551 Καὶ
1788 1523 1891 1558 ταύτην

186 1569 239 1595 tuo
265 1576 271 1595 :
296 1568 407 1595 Sedcbo
432 1569 462 1595 in
488 1570 586 1596 monte
610 1568 733 1603 excelso,
750 1577 854 1604 penam
871 1568 1011 1596 thronum

188 1620 286 1639 meum
302 1620 391 1648 supra
406 1612 499 1640 nubes
514 1614 543 1640 et
562 1612 668 1640 similis
692 1621 740 1640 ero
763 1612 914 1641 Altissimo
937 1613 969 1641 νδ.
997 1623 1010 1637 ι)

185 1656 230 1683 Tu
255 1664 323 1684 vero
349 1656 446 1689 homo,
471 1659 500 1684 et
525 1665 581 1685 non
609 1657 694 1685 Deus.
712 1657 853 1693 Aliusque
869 1658 1011 1693 propheta

183 1699 245 1728 ait:
263 1711 276 1725 ι(
294 1700 367 1732 Quid
383 1700 518 1736 gloriaris
534 1701 563 1728 in
580 1700 701 1735 malitia,
719 1701 768 1737 qui
785 1704 889 1738 potens
900 1710 931 1730 es
943 1702 983 1729 "‘2
994 1712 1009 1728 »

183 1745 223 1772 Et
251 1745 353 1781 paucis
380 1745 540 1781 interjectis
567 1754 574 1773 :
602 1756 615 1770 ι(
640 1745 772 1774 Dilexisti
801 1746 899 1774 omnia
924 1747 1011 1774 verba

187 1789 392 1823 demersionis,
422 1789 552 1826 linguam
582 1790 724 1818 dolosam.
755 1790 909 1825 Propterea
934 1793 1011 1819 Deus

188 1833 319 1862 destruet
335 1836 363 1862 te
379 1834 407 1862 in
425 1835 524 1868 finem,
539 1834 642 1863 evellet
656 1837 684 1862 te
699 1837 727 1862 et
746 1836 902 1863 transferet
923 1838 950 1863 te
975 1836 1012 1864 de

185 1878 375 1906 tabernaculo
399 1881 460 1913 tuo,
485 1881 513 1907 et
528 1879 655 1907 radicem
671 1881 753 1907 tuam
770 1879 805 1907 de
821 1883 898 1908 terra
913 1880 1010 1908 viven-

187 1923 272 1951 tium.
291 1923 521 1959 Videbuntjusti
545 1926 572 1952 et
598 1924 753 1958 timebunt,
779 1927 807 1952 et
831 1932 919 1960 super
942 1933 1010 1952 eum

185 1967 324 1995 ridebunt
347 1971 376 1995 et
400 1968 498 1996 dicent
523 1977 529 1996 :
555 1969 626 1997 Ecce
649 1968 737 1996 homo
762 1968 812 2005 qui
839 1977 896 1996 non
912 1969 1011 2005 posuit

186 2010 278 2039 Deum
295 2012 459 2047 adjutorem
483 2021 580 2047 suum,
607 2015 636 2041 et
658 2012 804 2048 prmvaluil
829 2013 858 2040 in
882 2014 1011 2041 vanitate

186 2063 239 2083 sua
251 2056 284 2083 σθ.
303 2067 313 2081 ι
334 2057 397 2084 llaec
411 2065 479 2084 cum
496 2056 636 2091 sciamus,
652 2057 810 2085 timeamus
825 2060 853 2085 et
867 2058 947 2086 omni
964 2067 1012 2086 cu-

187 2099 284 2127 stodia
299 2108 450 2129 servemus
465 2109 515 2130 cor
530 2104 664 2129 nostrum
678 2102 699 2119 ⁸⁸
715 2110 732 2129 a
746 2101 880 2130 lethitero
904 2103 1009 2138 spiritu

186 2144 343 2179 superbiae,
371 2145 455 2173 nobis
486 2145 558 2181 ipsis
588 2145 647 2173 haec
679 2147 810 2182 Apostoli
843 2147 1009 2182 recitantes,

185 2188 303 2223 quando
333 2189 449 2217 virtutis
478 2189 646 2225 cujuspiam
675 2198 749 2225 opus
771 2189 1008 2226 perfecerimus:

185 2244 197 2257 ‹‹
219 2232 280 2260 Νοη
305 2241 359 2269 ego
382 2236 492 2268 autem,
518 2234 568 2262 sed
602 2234 695 2269 gratia
727 2234 777 2262 Dei
811 2243 874 2270 quze
895 2244 1010 2264 mecum

184 2279 229 2304 est
243 2277 274 2303 ".
291 2288 305 2303 ι)
324 2278 358 2305 Et
372 2278 449 2313 quod
464 2287 481 2306 a
496 2278 617 2306 Domino
634 2278 745 2314 pictum
761 2281 806 2307 est
822 2287 828 2306 :
845 2291 858 2304 ιι
877 2280 945 2308 Sine
965 2289 1011 2309 me

186 2321 261 2349 829
279 2321 351 2349 nihil
368 2322 490 2357 potestis
507 2322 600 2350 facere
618 2324 637 2350 ¹.
654 2334 668 2347 υ
686 2323 719 2350 Et
735 2323 812 2358 quod
827 2333 843 2351 ..κ
867 2323 1012 2360 Propheta

188 2366 299 2395 dictum
324 2370 369 2395 est
387 2375 393 2395 :
411 2379 425 2392 «
442 2367 503 2396 Nisi
519 2366 663 2396 Dominus
677 2368 864 2396 aedificaverit
877 2369 1010 2405 domum,

189 2411 218 2438 in
235 2419 343 2439 vanum
360 2411 565 2440 laboraverunt
580 2412 629 2448 qui
645 2413 790 2440 aedificant
804 2421 868 2441 eam
887 2414 908 2441 ³.
926 2426 939 2438 ιι
957 2415 1010 2442 Ite-

186 2464 312 2492 rumque
329 2466 335 2484 :
353 2468 366 2481 ‹‹
384 2457 446 2484 Non
461 2457 595 2491 volentis,
609 2465 702 2493 neque
716 2458 873 2492 currentis,
890 2459 939 2486 sed
956 2459 1010 2486 mi~

184 2500 310 2528 serentis
327 2504 371 2529 est
386 2501 436 2529 Dei
451 2502 471 2530 ⁸.
495 2513 509 2527 ››
534 2502 607 2530 Nam
632 2502 747 2530 etiamsi
772 2503 839 2539 quis
863 2503 1010 2532 alacritate

186 2544 310 2579 fervens,
335 2554 368 2574 ac
393 2546 542 2582 proposito
567 2547 719 2575 studiosus
744 2547 842 2581 fuerit,
857 2549 908 2576 sed
924 2557 1011 2578 carne

182 2588 314 2625 illigatus
328 2592 356 2618 et
370 2591 522 2627 sanguine,
539 2599 597 2619 non
611 2591 717 2627 poterit
741 2592 776 2619 ad
801 2592 1009 2628 perfectionem

184 2636 345 2670 pervenire,
361 2635 417 2664 nisi
433 2636 470 2663 ad
486 2635 547 2663 haec
562 2635 661 2664 omnia
674 2635 704 2663 in
720 2636 923 2666 misericordia
937 2641 964 2666 et
979 2637 1009 2666 in

487 2716 509 2734 κ
524 2715 601 2745 Psal.
616 2724 653 2744 ιι.
701 2716 722 2734 ν’
738 2715 811 2745 Ibid.
827 2717 889 2746 6-9.

216 2713 238 2731 ⁹¹
250 2713 380 2751 Ιεαεχιν,
397 2715 441 2744 13.

279 2750 290 2767 ³
306 2750 389 2779 Rom.
406 2759 445 2786 ιι,
464 2751 508 2780 i6.

180 2756 228 2777 ινι
233 2771 239 2778 .

216 2834 272 2873 (20)
287 2834 418 2865 Cassian.
434 2837 551 2867 Institut.
566 2835 618 2865 lib.
634 2843 686 2871 xu,
701 2843 726 2864 ο.
743 2835 757 2865 1
774 2838 804 2866 et
819 2844 879 2875 seq.

937 2718 958 2737 ⁸⁸
972 2720 1057 2749 Prov.
1074 2727 1113 2754 ιν,
1128 2718 1174 2747 23.

1067 1568 1148 1596 αὐτοῦ
1175 1569 1225 1602 τήν
1255 1568 1401 1604 ἐνθύμησιν
1431 1567 1552 1606 ἐλέγχων
1582 1568 1596 1595 ὁ
1622 1569 1765 1606 προφήτης
1795 1566 1890 1606 φησίν·

1067 1626 1079 1639 ‹‹
1098 1613 1183 1644 Εἶπας
1208 1612 1234 1640 ἐν
1259 1615 1293 1649 τῇ
1322 1612 1419 1649 καρδίᾳ
1442 1622 1500 1639 σου·
1527 1614 1616 1644 Καθιῶ
1642 1612 1667 1639 ἐν
1694 1610 1750 1650 ὄρει
1780 1611 1894 1648 ὑψηλῷ,

1067 1659 1143 1693 θήσω
1170 1659 1215 1685 τὸν
1246 1656 1340 1694 θρόνον
1367 1667 1419 1693 μου
1444 1656 1555 1683 ἐπὶτῶν
1572 1656 1702 1695 νεφελῶν,
1718 1656 1762 1683 καὶ
1793 1654 1892 1692 ἔσομαι

1066 1702 1162 1738 ὅμοιος
1176 1704 1215 1738 τῷ
1230 1701 1357 1739 Ὕψίστῳ.
1374 1714 1387 1727 ››
1406 1700 1443 1728 Σὺ
1465 1699 1494 1728 δὲ
1518 1701 1669 1738 ἅνθρωπος,
1686 1700 1730 1727 καὶ
1756 1700 1787 1727 οὐ
1813 1701 1891 1731 Θεός.

1067 1746 1114 1774 Καὶ
1142 1746 1228 1777 ἄλλος
1256 1746 1398 1784 προφήτης
1429 1745 1510 1783 λέγει·
1529 1757 1541 1771 (ι
1559 1745 1593 1774 Τί
1609 1744 1728 1783 ἐγκαυχᾷ
1743 1744 1768 1772 ἐν
1799 1744 1892 1780 κακίᾳ,

1067 1792 1080 1819 ὁ
1108 1790 1242 1825 ana-:64;
1271 1791 1316 1818 καὶ
1347 1791 1403 1827 μετ’
1434 1789 1514 1828 ὀλίγα
1567 1802 1581 1816 ί(
1611 1791 1769 1826 Ἠγάπησας
1805 1790 1892 1817 πάντα

1067 1835 1175 1873 ῥήματα
1191 1837 1421 1871 καναποντισμοίι,
1439 1833 1565 1872 γλῶσσαν
1595 1833 1701 1862 δολίαν.
1731 1834 1780 1861 Διὰ
1810 1836 1890 1861 τοῦτο

1066 1881 1080 1907 ὁ
1096 1881 1160 1911 Θεὸς
1176 1881 1285 1907 καθελεῖ
1298 1890 1326 1907 σε
1350 1879 1387 1910 εἷς
1412 1878 1502 1916 τέλος,
1519 1879 1623 1907 ἑκτῖλαί
1650 1890 1689 1915 σε,
1705 1879 1749 1906 καὶ
1777 1889 1894 1915 μετανα-

1067 1924 1172 1952 στεῦσαί
1188 1935 1216 1951 σε
1232 1924 1284 1951 άπὸ
1309 1923 1488 1960 σκηνώματός
1513 1934 1572 1960 σου,
1587 1923 1632 1950 καὶ
1655 1923 1686 1950 τὸ
1710 1923 1818 1961 ῥίζωμὰ
1844 1933 1894 1950 σου

1067 1969 1095 1997 ἐκ
1109 1972 1159 2007 γῆς
1174 1969 1293 2003 ζώντων.
1310 1970 1440 2005 Ὄψονται
1470 1967 1579 2003 δίκαιοι,
1600 1968 1644 1995 καὶ
1674 1965 1896 2007 φοϐηθήσονται,

1065 2013 1109 2041 καὶ
1135 2013 1175 2040 ἐπ’
1191 2013 1270 2040 αὐτὸν
1294 2012 1464 2050 γελάσονται,
1481 2012 1525 2040 καὶ
1556 2012 1673 2049 ἐροῦσιν.
1690 2010 1759 2040 Ἰδοὺ
1786 2011 1895 2050 ἄνθρω-

1066 2068 1116 2089 πος
1130 2058 1158 2089 ’ὸς
1175 2057 1224 2085 οὐκ
1239 2056 1312 2089 ἔθετο
1328 2058 1372 2084 τὸν
1398 2058 1462 2085 Θεὸν
1490 2057 1590 2095 βοηθὸν
1619 2056 1710 2090 αὖτοῦ,
1726 2058 1770 2084 καὶ
1800 2054 1894 2083 ἐνεδυ-

1065 2103 1179 2139 ναμώθη
1206 2102 1249 2129 ἐπὶ
1276 2103 1311 2138 τῇ
1340 2101 1500 2138 ματαιότητι
1525 2101 1618 2129 αὐτοῦ.
1637 2113 1647 2126 ι
1679 2102 1770 2129 Ταῦτα
1797 2100 1890 2128 τοίνυν

1066 2148 1257 2185 γινώσκοντες,
1285 2143 1462 2185 φοϐηθῶμεν,
1492 2146 1535 2173 καὶ
1565 2145 1637 2183 πάσῃ
1666 2144 1774 2183 φυλακῇ
1798 2146 1893 2182 τηρή-

1066 2202 1155 2229 σωμεν
1185 2192 1234 2226 τὴν
1262 2191 1363 2218 ἑαυτῶν
1394 2189 1505 2228 καρδίαν
1533 2190 1587 2217 ἀπὸ
1614 2192 1665 2217 τοῦ
1700 2189 1890 2229 θανατηφόρου

1065 2236 1217 2273 πνεύματος
1231 2239 1280 2270 τῆς
1305 2235 1496 2275 ὑπερηφανίας,
1522 2234 1693 2273 ἐπιλέγοντες
1723 2235 1830 2265 ἑαυτοῖς
1859 2234 1893 2262 τὸ

1065 2283 1112 2309 τοῦ
1141 2279 1321 2314 Ἀποττόλου,
1346 2279 1409 2307 ὅταν
1436 2279 1534 2318 ἀρετήν
1563 2290 1622 2306 τινα
1648 2278 1866 2316 κατορθώσωμεν
1883 2288 1891 2295 ·

1067 2338 1081 2352 (ι
1094 2325 1149 2353 οὐκ
1163 2325 1218 2363 ἐγὼ
1234 2323 1274 2360 δὲ,
1290 2324 1353 2352 ἀλλ’
1368 2325 1385 2359 ἡ
1402 2324 1482 2362 χάρις
1500 2326 1549 2352 τοῦ
1573 2326 1640 2351 Θεοῦ
1665 2325 1682 2358 ἡ
1708 2322 1753 2350 σὺν
1785 2322 1857 2359 ἐμοί·
1876 2334 1893 2348 n

1064 2370 1108 2398 καὶ
1124 2370 1153 2398 ’.ὸ
1171 2370 1222 2397 ὑπὸ
1245 2371 1294 2397 τοῦ
1315 2369 1415 2405 Κυρίου
1441 2368 1597 2406 εἰρημένον,
1614 2367 1655 2395 ὅτι
1672 2380 1686 2393 ‹‹
1703 2367 1793 2405 Χωρὶς
1819 2367 1891 2404 ἐμοῦ

1065 2415 1095 2442 οὐ
1111 2413 1223 2446 δύνασθε
1237 2416 1324 2441 ποιεῖν
1342 2411 1429 2440 οὐδὲν·
1448 2425 1461 2438 ››
1477 2413 1520 2440 καὶ
1535 2413 1566 2440 τὸ
1583 2413 1633 2439 ὑπὸ
1658 2414 1706 2439 τοῦ
1731 2412 1891 2451 ίίροφήτου.

1066 2472 1079 2486 ι(
1094 2459 1153 2487 Ἐὰν
1173 2460 1210 2495 μή
1227 2458 1324 2495 Κύριος
1340 2456 1511 2494 οἰκοδομήσῃ
1533 2457 1618 2491 οἶκον,
1642 2456 1679 2488 εἷς
1711 2457 1798 2493 μάτην
1828 2455 1891 2483 ἔχθη

1064 2504 1160 2531 πίασαν
1169 2503 1194 2530 oi.
1204 2501 1426 2538 οἰκοδομοῦντες·
1438 2514 1452 2527 ››
1463 2502 1507 2528 καὶ
1518 2501 1611 2529 πάλιν
1625 2514 1634 2526 ι
1644 2500 1680 2527 Οὐ
1691 2502 1740 2528 τοῦ
1751 2499 1893 2534 θέλοντος,

1065 2547 1188 2575 οὐδὲτοῦ
1203 2547 1361 2585 τρέχοντος,
1377 2545 1450 2574 ἀλλὰ
1469 2548 1518 2573 τοῦ
1542 2544 1683 2576 ἐλεοῦντος
1708 2547 1786 2573 Θεοῦ.
1805 2556 1819 2570 n
1839 2545 1891 2573 Καὶ

1063 2592 1113 2630 γὰρ
1129 2591 1152 2619 εί
1168 2591 1212 2619 καὶ
1226 2591 1259 2618 τὰ
1277 2590 1395 2628 μάλιστα
1408 2589 1494 2618 ἔσεταί
1518 2601 1559 2621 τις
1585 2589 1650 2624 ζὲων
1676 2591 1712 2626 τῇ
1736 2589 1889 2627 προθυμίᾳ,

1063 2639 1107 2664 καί
1123 2635 1269 2667 σπουδαῖος
1284 2638 1319 2674 τῇ
1346 2635 1513 2674 προαιρέσει,
1528 2634 1601 2663 ἀλλᾶ
1627 2634 1705 2673 σαρκὶ
1729 2632 1893 2670 συνδεδεμὲ-

1221 2718 1244 2736 "
1259 2717 1271 2746 Ι
1284 2717 1349 2747 Cor.
1365 2725 1412 2754 xv,
1427 2717 1472 2746 10.
1520 2718 1530 2737 ί
1544 2716 1628 2746 Joan.
1644 2723 1691 2752 xv,
1705 2715 1733 2744 5.
1781 2715 1792 2734 ³
1807 2715 1890 2745 Psal.
