2051 3109
318 0 326 7 ’

72 73 86 96 Γ

144 157 204 188 905

580 157 745 189 HOMILIA
765 157 805 189 IN
827 157 1098 190 NATIVITATEM
1122 159 1415 191 PRIECURSORIS.

1790 161 1851 192 906

142 233 190 254 νος
205 223 250 250 καὶ
266 222 372 259 αἵματι,
387 222 419 250 οὔ
435 221 576 259 δυνήσεται
591 223 659 261 πρὸς
682 222 843 259 τελειότητα
862 224 968 262 φθάσαι,
985 226 1000 259 Α

1027 225 1120 260 gratia
1132 225 1238 253 Christi
1256 226 1425 261 speraverit.
1439 225 1511 253 Nam
1524 226 1609 262 juxta
1624 226 1755 254 divinum
1770 227 1853 255 Jaco-

144 267 167 295 ιί
186 268 225 304 μὴ
241 267 308 305 πρὸς
322 267 430 299 τούτοις
444 271 524 295 πᾶσιν
536 267 580 295 ἐπὶ
595 270 634 304 τῷ
648 267 719 295 ἐλέει
735 270 854 305 Χριστοῦ
868 269 971 303 ἐλπίζει

143 312 190 340 καὶ
204 314 240 349 τῇ
268 312 362 350 χάριτι
382 312 475 340 αὐτοῦ.
500 313 572 340 Κατὰ
594 312 647 351 γὰρ
662 312 708 339 τὸν
733 315 804 344 Θιῖον
830 310 970 349 Ἰάκωϐον,

144 368 159 383 «
176 359 249 384 πᾶσα
265 355 339 388 δόσις
351 356 451 394 ἀγαθὴ,
468 356 513 384 καὶ
537 360 589 384 πᾶν
615 355 733 394 δώρημα
751 357 855 385 τέλειον
870 357 971 385 ἄνωθεν

143 401 213 435 ἐστι,
228 399 389 429 καταϐαῖνον
407 401 436 429 ἐκ
459 404 508 429 τοῦ
534 401 638 440 Πατρὸς
661 403 716 429 τῶν
736 402 844 439 φώτων,
861 414 876 428 ››
892 402 941 430 Καὶ
957 403 971 430 ὁ

144 444 256 477 Παῦλός
272 456 347 485 φησι*
367 457 381 472 α
395 446 425 473 Τί
440 447 492 483 γὰρ
509 445 582 484 ἔχεις
599 445 614 473 ὅ
629 445 679 473 οὐκ
703 444 798 477 ἔλαϐες
814 455 821 481 ς
838 446 869 474 Εἰ
885 445 914 474 δὶ
927 447 972 474 καὶ

146 488 256 526 ἔλαϐες,
280 490 306 518 τί
328 494 463 528 καυχᾶσαι
489 490 526 522 ὡς
554 491 591 527 μή
618 488 710 519 λαϐών
726 501 733 526 ;
750 503 764 517 ›ι
791 490 852 518 ἀλλ’
877 490 914 522 ὠς
930 491 971 518 ἃττ’

147 534 228 566 ἰδίοις
250 538 309 566 τοῖς
332 534 491 573 ἀλλοτρίοις
517 535 682 573 χαρίσμασιν
707 534 896 573 ἰπαιρόμενος.
913 536 971 563 Ὀτι

146 578 176 607 δὶ
191 580 285 617 χάριτι
310 579 354 607 καὶ
379 579 449 607 nisi.
473 582 541 607 Θιοῦ
555 580 573 615 ὴ
591 578 712 615 σωτηρία
735 580 804 615 ἡμῖν
831 579 972 617 προσγίνε-

143 635 201 660 ται,
220 623 322 662 μάρτυς
337 625 351 651 ὁ
367 623 469 661 λῃστὴς
485 623 597 660 ἐκεῖνος,
613 624 644 654 ’ὸς
660 623 710 651 οὐκ
733 623 831 662 ἀρετῆς
853 623 970 652 ἔπαθλον

144 669 196 703 τὴν
213 667 351 706 βασιλείαν
366 670 421 696 τῶν
445 668 565 706 οὐρανῶν
593 668 757 704 ἐκομίσατο,
782 667 855 696 ἀλλὰ
878 669 972 707 χάριτι

145 715 215 741 Θεοῦ
229 713 274 740 καί
290 712 369 741 ἐλάαι.
394 714 482 740 Ταῦτα
504 712 549 740 καὶ
575 713 600 740 οἱ
627 713 743 750 Πατὲρες
764 714 845 749 ἡμῶν
861 713 972 741 ἐπιστά-

146 768 240 794 μενοι,
265 758 362 789 πάντες
391 759 440 794 μιᾷ
463 757 559 795 γνώμη
582 755 789 795 παραδεδώκασι
815 758 853 794 μὴ
878 757 972 790 ἄλλως

144 800 360 839 δύνασθαιήμᾶς
385 801 511 838 θεμέλιον
537 801 644 841 ἀσφαΛῆ
668 801 735 839 πρὸς
754 801 895 829 τιλιίωσιν
910 801 970 839 ἀρι-

142 850 194 882 τῆς
210 844 440 882 καταϐάλλεσθαι,
457 846 480 874 cl
497 847 535 883 μὴ
561 845 607 873 διὰ
627 846 826 881 ταπιινώσεως,
841 845 903 881 ἥτις
918 846 971 874 ἀπὸ

144 892 264 922 πίστεως
286 891 332 918 καὶ
356 891 510 928 πραότητος
527 912 534 926 ,
563 890 609 918 καὶ
643 890 748 921 τελείας
781 890 972 927 ἀκτημοσύνης

144 935 335 974 προσγίνῑσθαι
357 936 470 973 πίφυκι,
495 933 537 962 δι’·
556 935 593 962 ὧν
608 936 626 969 ἡ
641 933 734 962 τελεία
758 934 848 972 ἀγάπη
873 945 970 973 κατορ-

145 982 240 1013 θοῦται
257 980 350 1018 χάριτι
369 982 419 1007 τοῦ
434 979 535 1017 Κυρίου
558 980 639 1016 ἡμῶν
662 979 752 1015 Ἰησοῦ
770 980 888 1017 Χριστοῦ
915 980 973 1016 μεθ’

1026 269 1108 305 hum,
1121 280 1135 294 ‹‹
1149 278 1235 298 omne
1250 271 1352 298 datum
1368 271 1489 304 bonum,
1501 272 1529 298 et
1540 279 1626 298 omne
1638 271 1748 298 donum
1762 272 1853 307 perfe-

1026 317 1106 341 ctnm
1115 315 1270 342 desursum
1282 317 1336 349 est,
1345 315 1527 343 descendens
1536 317 1645 343 aPatre
1657 314 1805 348 luminum
1815 316 1852 343 ‘.n

1026 360 1060 385 Et
1074 358 1183 386 Paulus
1198 359 1238 387 ait
1254 368 1260 387 :
1277 370 1290 386 ι
1305 359 1379 392 Quid
1401 359 1478 387 enim
1496 359 1587 387 habes
1603 359 1681 395 quod
1699 368 1756 387 non
1772 368 1853 387 ποθ-

1026 402 1117 438 pisti?
1132 403 1162 431 Si
1178 405 1275 431 autem
1299 403 1448 440 accepisti,
1460 404 1529 439 quid
1547 403 1681 439 gloriaris
1693 403 1778 440 quasi
1794 412 1852 432 non

1027 447 1240 483 acceperis'?»
1256 449 1305 476 sed
1322 448 1358 475 de
1384 448 1489 476 alienis
1510 448 1595 475 donis
1618 448 1704 484 quasi
1731 448 1766 476 de
1791 449 1852 476 tuis

1026 491 1182 520 extolleris.
1202 492 1283 524 Quod
1314 495 1412 521 autem
1442 493 1527 520 nobis
1556 493 1651 529 gratis
1678 495 1707 521 et
1734 492 1852 520 miseri-

1026 536 1125 564 cordia
1149 537 1200 564 Dei
1229 536 1309 564 salus
1339 538 1468 570 accedat,
1493 537 1576 565 testis
1600 539 1646 565 est
1671 536 1745 564 latro
1769 536 1819 565 ille
1829 538 1850 570 ⁸,

1027 581 1077 616 qui
1097 589 1155 608 non
1180 581 1209 608 in
1233 581 1350 609 virtutis
1381 581 1534 617 praemium
1563 589 1685 617 regnum
1710 581 1850 609 caelorum

1026 625 1150 661 adeptus
1174 627 1236 660 est;
1252 627 1302 653 sed
1320 626 1414 662 gratia
1438 629 1467 654 et
1491 625 1690 654 misericordia
1711 625 1770 654 Dei.
1787 626 1852 653 Haec

1026 678 1093 698 cum
1109 670 1199 706 probe
1215 672 1335 698 nossent
1350 670 1450 698 Patres
1466 670 1571 704 nostri,
1587 678 1647 698 una
1661 678 1763 698 omnes
1785 678 1851 698 sen-

1025 714 1119 742 tentia
1134 714 1319 742 tradiderunt
1333 723 1389 742 non
1405 723 1492 751 posse
1512 723 1566 743 nos
1582 714 1701 742 ﬁrmum
1715 715 1750 742 ad
1767 714 1855 742 virtu-

1025 758 1064 787 tis
1093 759 1301 795 perfectionem
1322 759 1421 794 jacere
1450 759 1687 793 fundamentum,
1714 759 1772 787 nisi
1803 767 1856 795 per

1026 803 1235 838 humilitatem,
1256 812 1320 839 quea
1347 812 1364 832 a
1388 804 1455 837 ﬁde,
1481 803 1710 832 mansuetudine
1735 807 1763 831 et
1787 812 1853 840 per-

1025 847 1101 876 fecta
1121 850 1294 884 paupertate
1319 848 1467 885 procedit;
1484 848 1592 884 quibus
1617 848 1745 884 perfecta
1760 848 1853 875 chari-

1025 893 1071 920 tas
1095 892 1253 926 obtinetnr,
1271 893 1366 929 gratia
1390 892 1506 921 Domini
1522 892 1616 921 nostri
1637 892 1708 920 Jesu
1733 892 1853 927 Christi,

1026 945 1093 965 cum
1110 945 1168 972 quo
1192 937 1269 965 Patri
1285 937 1388 974 gloria,
1405 945 1474 966 cum
1500 940 1602 965 sancto
1627 936 1739 973 Spiritu
1754 936 1783 964 in
1800 945 1853 964 saa-

1027 981 1104 1009 cula.
1120 982 1224 1010 Amen.

143 1025 176 1053 οὗ
192 1025 279 1063 Πατρὶ
294 1025 313 1060 ὴ
329 1023 393 1060 δόξα
408 1024 454 1052 σὺν
467 1026 507 1061 τῷ
521 1024 593 1063 ἁγίῳ
607 1023 745 1061 Πνιύματι
760 1023 799 1055 εἲς
811 1024 875 1056 τοὺς
891 1024 1000 1057 αἰῶνας.
1016 1025 1117 1062 Ἀμήν.

180 1098 192 1115 ⁸
204 1097 268 1125 Jac.
284 1105 305 1131 ι,
321 1097 365 1125 17.
402 1097 413 1115 ¹
427 1099 437 1124 Ι
452 1097 517 1126 Cor.
534 1105 573 1131 IV,
587 1097 616 1126 7.
653 1097 665 1115 ⁶
679 1097 749 1125 an.
766 1104 847 1132 nm,
864 1096 909 1124 t3.

813 1221 1193 1289 HOMILI/E

281 1325 425 1381 QUlE
460 1324 800 1373 ATHANASII
834 1323 1083 1372 NOMINE
1115 1323 1709 1372 CIRCUMFERUNTUR.

609 1469 648 1500 IN
670 1468 909 1505 SEQUENTEM
934 1467 1130 1499 HOMlLIAM
1153 1468 1385 1499 ADMONlTlO.

176 1539 256 1566 Hanc
280 1537 425 1565 homiliam
448 1545 508 1565 esse
531 1535 686 1564 Athanasii
699 1543 779 1564 nemo
791 1535 978 1570 existimabit,
995 1537 1102 1563 tantum
1121 1535 1228 1564 uitiae!
1250 1536 1379 1564 abhorret
1402 1535 1436 1563 ab
1457 1535 1604 1563 Athanasii
1616 1535 1698 1570 ctylo.
1712 1535 1847 1571 grauitate

136 1583 282 1617 elegantia
297 1590 307 1608 :
322 1582 377 1609 imo
401 1585 434 1609 ut
457 1588 493 1608 ex
514 1580 647 1608 orationi:
669 1587 769 1615 genere
793 1579 1039 1615 vocabuloruqu
1057 1580 1166 1607 ratione
1191 1579 1341 1615 conjectare
1370 1579 1444 1614 licet,
1459 1579 1554 1606 multis
1579 1581 1641 1614 post
1668 1579 1849 1606 Athanasium

136 1626 251 1655 excuti:
266 1627 369 1661 scripta
384 1627 437 1656 est;
452 1624 667 1661 quamplurima.v
679 1631 796 1659 namque
819 1624 864 1651 hic
886 1626 1034 1652 occurrunt
1047 1632 1126 1651 voces
1141 1624 1296 1659 composita
1309 1631 1372 1660 quae
1385 1623 1420 1651 ad
1435 1623 1562 1658 inﬁmam
1585 1623 1720 1651 accedunt
1745 1622 1847 1650 Graeci-

135 1673 233 1700 tatem.
248 1671 365 1698 Domum
383 1671 471 1706 magis
485 1669 620 1705 sequioris
642 1669 697 1698 κυί
710 1668 869 1698 Grecorum
892 1668 1087 1704 loquacuatem
1101 1668 1205 1696 redolet
1219 1668 1279 1697 haec
1295 1668 1421 1703 homilia,
1438 1676 1521 1704 quam
1535 1669 1713 1704 antiquorum
1732 1670 1849 1696 Patrum

136 1715 337 1752 eloquentiam.

719 1836 781 1862 ΤΟΥ
800 1834 846 1863 EN
865 1834 982 1864 ΔΓΙΟῙΣ
1002 1833 1142 1863 ΠΑΤΡοΞέ
1162 1835 1258 1862 ΠΜοΝ

805 1908 1171 1958 ΑΘΑΝΑΣΙΟΥ

360 2004 408 2036 Εἲς
422 2004 454 2032 τὸ
469 2002 608 2042 γενέθλιον
624 2004 673 2031 τοῦ
688 2000 862 2041 Προδρόμου,
877 2003 922 2030 καὶ
937 2002 975 2034 είς
989 2002 1040 2037 τὴν
1056 1998 1210 2036 Ἐλισάὸιτ,
1225 2001 1270 2029 καὶ
1286 2000 1325 2033 ιῑς
1339 2001 1389 2035 τὴν
1405 1999 1535 2028 Θεοτόκον
1550 2000 1619 2037 (30).

695 2142 742 2190 S.
773 2143 824 2189 P.
859 2142 915 2190 N.
950 2140 1291 2189 ATHANASII

550 2232 581 2260 In
595 2231 772 2260 nativitatem
785 2230 980 2264 Praecurwrt's,
994 2230 1026 2259 in
1044 2230 1174 2266 Elisabet,
1190 2232 1216 2259 et
1231 2230 1263 2259 in
1276 2230 1436 2267 Deiparam.

175 2359 203 2387 1.
227 2358 324 2396 Χώραν
353 2357 401 2393 μὶν
427 2356 682 2394 ἀποχιρσωθεῖσαν,
702 2355 748 2383 καὶ
772 2354 893 2393 ὀνάγρων
916 2365 964 2383 κα-
980 2358 1000 2392 c

1057 2356 1082 2384 1.
1098 2356 1250 2385 Exsiccata
1274 2359 1360 2389 terra,
1380 2358 1410 2384 et
1436 2362 1610 2391 onagrorum
1636 2354 1848 2383 conculcationi

138 2403 290 2438 ταπάτημα
303 2401 426 2439 γενίσθαι
441 2399 674 2439 καταληφθεῖσαν,
702 2400 767 2437 βοῦς
792 2400 895 2438 ἀροτὴρ
919 2410 966 2427 κα-

143 2446 222 2483 μάτῳ
247 2446 425 2485 ῥυμπομῶν,
455 2444 552 2483 ίγείριι
581 2444 643 2475 τοὺς
673 2442 804 2474 αὔλακας·
830 2443 891 2471 ὅσον
914 2444 966 2482 γὰρ

141 2490 344 2529 ὰατὲργαστος
359 2491 377 2525 ἡ
393 2490 473 2528 χώρα
496 2488 535 2525 τῷ
552 2488 646 2527 χρόνῳ
672 2489 817 2525 μεμένηκε,
838 2490 968 2515 τοσοῦτον

143 2536 157 2562 6
171 2536 241 2573 πρὸς
265 2537 315 2570 τήν
341 2535 496 2571 ἀροτρίασιν
520 2534 583 2571 βοῦς
606 2533 807 2572 παριστάμενος
832 2532 968 2560 ἐπιπονω-

141 2580 217 2617 τέρῳ
232 2579 347 2616 καμάτῳ
372 2579 575 2616 συγκάμπτεται
598 2577 644 2605 τὸν
671 2577 818 2615 ζυγοφόρον
845 2576 968 2614 ἐπεκτρί-

143 2621 200 2651 ὂων
228 2623 339 2661 αὐχένα·
364 2626 478 2661 γυναῖκα
505 2621 534 2649 δὶ
563 2623 750 2658 στειρωθιῖσαν
780 2621 825 2648 καὶ
856 2624 969 2659 μακροῖς

143 2668 258 2706 χρόνοις
273 2668 486 2703 παλαιωθιῖσαν,
501 2667 546 2694 καὶ
567 2665 627 2694 δυσὶ
642 2669 736 2697 κακοῖς
761 2668 970 2704 περιπεσοῦσαν,

143 2713 243 2750 ἆγονίᾳ
256 2723 286 2740 τε
304 2711 349 2739 καί
371 2712 475 2748 ἀτονία,
493 2711 589 2748 ἀγονίᾳ
613 2710 717 2750 φύσεως
742 2710 787 2737 καὶ
811 2709 905 2746 ἀτονία
918 2720 970 2747 γη-

144 2756 326 2796 ραλιότητος,
351 2756 440 2794 λόγῳ,
459 2756 505 2783 καὶ
531 2755 563 2783 οὐ
583 2755 671 2792 πόνῳ,
688 2756 702 2783 ὁ
725 2758 776 2790 τῆς
800 2754 904 2794 φύσεως
919 2753 971 2790 δη-

1022 2400 1170 2434 derelicta,
1196 2400 1321 2429 aratoris
1345 2400 1428 2429 bovis
1452 2399 1551 2428 labore
1576 2398 1715 2427 sulcetur.
1734 2400 1849 2432 Quanto

1023 2444 1133 2472 diutius
1148 2445 1227 2473 enim
1252 2444 1382 2472 incultus
1398 2452 1467 2480 ager
1491 2443 1556 2479 fuit,
1573 2445 1653 2471 tanto
1678 2443 1802 2480 graviori
1819 2443 1849 2471 in

1023 2489 1133 2516 arando
1157 2489 1210 2516 bos
1234 2488 1377 2525 premitur
1406 2488 1515 2524 labore,
1536 2490 1760 2523 atteruntnrque
1784 2488 1848 2524 jugi

1023 2541 1111 2561 onere
1125 2533 1260 2561 cervices.
1274 2532 1379 2560 Mulier
1399 2532 1469 2560 item
1491 2532 1599 2560 sterilis
1614 2540 1646 2560 ec
1662 2535 1747 2560 atate
1761 2540 1848 2568 gran-

1025 2578 1114 2610 daeva,
1130 2578 1219 2611 inque
1234 2578 1291 2605 duo
1309 2577 1385 2605 mala
1402 2576 1548 2613 prolapsa,
1564 2576 1750 2604 sterilitatem
1767 2576 1850 2604 scili-

1025 2625 1070 2649 cet
1084 2624 1112 2649 et
1128 2621 1378 2656 imbecillitatem;
1395 2621 1591 2655 sterilitatem,
1617 2621 1748 2656 inquam,
1765 2623 1850 2648 natu-

1026 2675 1073 2699 τε,
1094 2668 1123 2693 et
1147 2665 1377 2693 imbecillitatem
1407 2666 1578 2700 senectutis,
1595 2665 1693 2698 verbo,
1719 2673 1778 2693 non
1809 2665 1849 2692 la—

1025 2711 1106 2743 bore,
1123 2719 1140 2738 a
1155 2715 1265 2738 naturas
1291 2711 1440 2738 conditore
1465 2712 1522 2738 beo
1537 2709 1642 2744 Verbo,
1658 2709 1788 2746 corporis
1805 2717 1850 2736 se-

1026 2757 1142 2783 nectute
1164 2755 1304 2783 liberatur
1320 2757 1408 2791 atque
1428 2756 1592 2787 renovatur.
1608 2754 1763 2783 sterilitate
1785 2761 1851 2781 vero

180 2823 243 2859 (30)
257 2822 299 2850 Ex
312 2822 412 2851 codice
425 2820 506 2850 Colb.
523 2821 603 2855 1711,
618 2820 902 2858 quadringentorum
916 2820 1032 2849 circiter
1045 2828 1114 2848 ann.

308 2886 441 2918 Panos.
464 2886 522 2917 Gn.
545 2883 685 2917 XXVIII.
