4026 6204
471 295 592 354 907

1622 293 1687 352 S.
1733 290 2264 351 ATHANASIUS.
2297 323 2376 334 ——
2417 291 2728 355 SPURIA.

3696 311 3780 372 908

478 430 700 481 naturae
730 424 974 481 levatur.
1008 424 1200 480 Testis
1249 424 1392 480 mihi
1424 425 1545 479 haec
1575 423 1837 495 loquenti
1868 428 1954 478 est
1986 439 2109 477 uxm

2244 423 2503 498 μιουργὸς
2551 425 2679 485 Θεὸς
2727 423 2896 500 Λόγος
2946 425 3033 480 καὶ
3083 427 3181 494 τὴν
3229 432 3319 481 τοῦ
3364 433 3588 502 σώματος
3613 435 3785 494 παλαιός

471 514 756 570 Ζεοίιιιτὶω
809 514 1150 583 sacerdotis,
1201 514 1478 584 Elisabet,
1533 532 1658 577 quzc
1717 531 1830 568 non
1880 513 2009 567 risit
2059 516 2124 566 ut

473 605 616 659 Sara
637 605 677 671 ⁷,
712 604 809 659 sed
846 608 909 657 ut
940 609 1106 658 Anna
1135 603 1380 658 credidit
1402 603 1442 669 ⁸,
1469 620 1595 674 συιδ
1625 603 1684 656 in
1719 602 1844 657 suis
1867 603 1991 671 jam
2025 601 2122 654 de-

473 692 714 747 bilitatis
751 693 1034 748 membris
1061 697 1124 747 ut
1144 691 1342 764 aquila
1369 698 1640 747 renovata
1674 696 1762 746 est
1788 693 1807 725 9
1835 710 1846 747 :
1875 706 2122 762 puerum

473 798 727 853 namque
757 782 1035 837 enutrivit
1066 781 1430 853 praclarum,
1465 782 1883 848 venerandum,
1921 782 1976 833 in
2005 781 2124 834 Jor-

473 871 700 925 danicis
731 871 967 926 ﬂuentis
1001 878 1352 940 versantem.
1385 871 1529 926 Vere
1562 887 1774 942 magna
1805 870 1958 924 inter
1989 886 2121 923 mu-

468 959 641 1016 lieres
682 960 834 1016 380
886 959 1162 1027 Elisabet,
1198 963 1394 1030 utpote
1425 958 1686 1032 gloriosas
1718 958 1976 1030 Virginis
2025 974 2118 1012 co-

469 1056 666 1120 gnata,
687 1049 1179 1120 quemadmodum
1227 1049 1475 1120 jamjam
1508 1048 1724 1104 audisti
1759 1065 1827 1103 ex
1855 1045 2121 1103 Gabriele

470 1136 732 1192 dicente:
759 1160 788 1188 «
813 1138 880 1193 Et
908 1153 1040 1192 ecce
1072 1137 1328 1193 Elisabet
1374 1143 1623 1209 cognata
1670 1143 1769 1192 tua
1793 1139 1856 1191 ¹⁰.
1885 1159 1912 1186 ››
1944 1136 1987 1192 Ο
2020 1153 2119 1208 ge-

471 1226 628 1281 neris
661 1225 1063 1281 nobilitatem!
1099 1242 1132 1281 ο
1163 1226 1397 1297 pietatis
1428 1225 1938 1282 exercitationem!
1973 1241 2005 1280 ο
2038 1225 2121 1279 vi-

469 1316 540 1368 tae
573 1315 912 1386 puritatem!
941 1332 974 1370 ο
999 1314 1257 1387 corporis
1279 1315 1636 1372 castitatem!
1664 1332 1695 1370 ο
1720 1317 1898 1370 Deum
1920 1331 2119 1369 aman-

471 1403 544 1458 tis
595 1403 802 1458 animae
852 1404 1160 1460 affectum!
1195 1421 1226 1460 o
1258 1422 1360 1460 vas
1409 1403 1895 1478 unguentariuml
1948 1404 2120 1459 Evam

470 1490 862 1563 supplantavit
910 1509 1174 1565 serpens,
1210 1493 1561 1550 Elisabetam
1608 1493 1851 1564 angelus
1881 1493 1941 1548 in
1974 1509 2123 1564 prae-

469 1579 654 1635 claras
688 1597 779 1637 res
815 1581 1085 1638 initiavit.
1111 1582 1257 1637 Vere
1288 1599 1500 1654 magna
1531 1583 1683 1637 inter
1709 1583 1987 1637 mulieres
2019 1580 2124 1638 Eli.

467 1670 650 1734 sabet,
683 1686 811 1742 quas
839 1672 1123 1726 Joannem
1156 1672 1480 1743 Baptistam
1513 1672 1782 1744 gestavit,
1818 1669 2121 1726 incredulo

2231 531 2368 580 τητα
2423 511 2747 581 ἀνακαινίζει
2783 560 2797 586 ,
2855 514 2942 568 καὶ
3014 516 3111 583 τῆν
3179 523 3276 585 τῆς
3331 518 3523 594 φύσεως
3572 525 3783 593 στείρωσιν

2235 595 2566 674 διορθοῦται.
2605 602 2701 656 Καὶ
2737 610 2998 679 μαρτυρεῖ
3031 625 3135 677 μου
3164 611 3241 676 τῷ
3271 606 3418 680 λόγῳ
3446 611 3477 676 ἡ
3507 613 3683 683 γαμετὴ
3719 621 3786 669 τοῦ

2236 687 2418 763 ἷέρέως
2467 690 2760 766 Ζαχαρίου,
2813 688 3131 762 Ἐλισάϐετ,
3190 697 3224 763 ὴ
3287 697 3359 767 μή
3408 696 3646 770 γελάσασα
3691 704 3788 758 κατᾶ

2230 776 2329 843 τὴν
2393 777 2628 853 Σάῤῥαν,
2681 779 2820 835 ἀκλᾶ
2870 784 3195 837 πιστεύσασα
3247 785 3378 838 κατᾶ
3419 787 3508 854 τὴν
3547 793 3722 855 ”Ανναν,
3762 795 3786 859 ἡ

2229 870 2346 926 τοῖς
2377 866 2810 941 κεχαλασμένας
2844 870 3059 942 μέλεσιν
3109 873 3184 933 ὡς
3230 873 3380 936 ἀετὸς
3421 874 3788 933 ἀνακαινισθείσα·

2233 952 2594 1033 ἐπωλοτρόφη
2605 979 2659 1012 σε
2682 958 2785 1033 γὰρ
2805 956 2970 1012 παῖδα
2992 959 3674 1036 γνώριμον,αίδέσιμον,τῶν
3695 969 3792 1040 ἰορ-

2232 1039 2454 1097 δανείων
2491 1044 2715 1121 ῥείθρων
2738 1046 3050 1120 συνόμιλον.
3082 1051 3290 1113 Ὄντως
3318 1051 3518 1126 μεγάλη
3544 1053 3589 1106 ἐν
3616 1059 3793 1129 γυιαιξίν

2233 1129 2537 1204 Ἐλισάϐετ,
2571 1134 2646 1196 ὡς
2691 1139 2952 1211 συγγενής
2987 1144 3086 1206 τῆς
3128 1136 3342 1210 ἐνδόξου
3369 1142 3633 1215 Παρθένου,
3660 1147 3792 1207 καθὼς

2229 1216 2427 1286 ἤκουες
2460 1223 2597 1294 (30')
2627 1221 2825 1297 ἀρτίως
2871 1228 2968 1277 τοῦ
3019 1221 3264 1300 Γαϐριὴλ
3311 1227 3441 1302 πρὸς
3470 1230 3558 1296 τήν
3586 1232 3792 1304 Παρθὲνον

2232 1305 2508 1380 λὲγοντος·
2548 1331 2570 1358 ε
2601 1310 2696 1363 Καὶ
2747 1308 2864 1365 ἰδοὺ
2915 1309 3195 1368 Ἐλισάϐετ
3228 1317 3259 1383 ἡ
3297 1319 3544 1391 συγγενής
3583 1339 3678 1378 σου.
3707 1344 3726 1368 n
3751 1323 3794 1374 Ὠ

2232 1395 2471 1470 εύγένεια
2501 1399 2726 1472 γένουςί
2763 1407 2808 1453 ω
2849 1395 3074 1471 ἄσκησις
3119 1401 3204 1457 εὐ)
3220 1399 3439 1465 αϐείαςί
3472 1402 3512 1460 ὢ
3554 1408 3795 1482 καθαρότης

2236 1485 2392 1561 βίουί
2425 1486 2469 1540 ὣ
2501 1489 2685 1563 ἁγνεία
2715 1490 2967 1562 σώματος
2995 1493 3007 1546 ί
3043 1491 3087 1547 ὣ
3121 1491 3397 1571 θεοφίλεια
3432 1498 3634 1570 ψυχῆςί
3662 1494 3697 1550 ὣ
3723 1518 3794 1568 μυ-

2232 1572 2466 1661 ροθόχον
2497 1582 2684 1639 σκεῦος
2710 1580 2721 1633 l
2754 1580 2858 1646 Τὴν
2893 1579 3029 1635 Εὕαν
3060 1579 3361 1656 ἐπτέρνισεν
3396 1585 3422 1638 6
3452 1578 3581 1661 ὄφις·
3684 1584 3794 1640 Ἐλι-

2231 1659 2390 1718 σάϐετ
2420 1665 2488 1718 τὰ
2539 1665 2794 1740 βέλτιστα
2824 1668 2852 1720 6
2883 1667 3133 1743 ἄγγελος.
3167 1676 3372 1733 ’Όντως
3423 1659 3615 1747 μεγάλη
3657 1674 3699 1728 ὲν
3723 1696 3796 1749 γυ-

463 1757 751 1813 Zachariaa
795 1759 1199 1830 exprobravit!
1227 1761 1387 1826 Quod
1421 1765 1615 1816 autem
1647 1760 1984 1815 incredulus
2013 1760 2109 1814 Za-

2231 1749 2727 1826 ναιξὶνἙλισάϐετ,
2777 1757 2810 1824 ἡ
2860 1757 2948 1810 καὶ
2997 1758 3084 1812 τὸν
3138 1762 3438 1829 Βαπτιστὴν
3487 1762 3698 1831 Ἰωάννην
3725 1764 3794 1838 βα-

2315 1839 2324 1855 ,
2606 1843 2619 1858 .
2708 1844 2721 1858 ι
2817 1843 2840 1858 ν
3082 1853 3114 1858 _
3276 1848 3286 1858 .
3408 1849 3421 1858 .
3509 1847 3553 1858 -.
3783 1853 3791 1858 .

465 1847 698 1902 charias
745 1846 1207 1904 imbecillitatem
1259 1849 1543 1920 corporis,
1575 1849 1674 1904 Dei
1727 1848 2114 1920 promissione

467 1936 560 2006 (ad
597 1937 1090 2008 persuadendum)
1121 1938 1437 1993 ﬁrmiorem
1487 1955 1614 1994 esse
1662 1938 1981 1993 arbitratus
2013 1937 2118 2008 sit,

467 2025 685 2080 audisti
730 2027 894 2096 prius
926 2042 994 2081 ex
1033 2027 1142 2082 hac
1187 2028 1350 2081 Lucae
1402 2026 1771 2098 evangelista;
1819 2025 2112 2082 lectione:

466 2135 493 2162 ‹‹
528 2112 704 2169 Visus
735 2119 823 2170 est
861 2114 911 2170 ei
964 2115 1206 2187 angelus
1246 2115 1683 2186 Domini,stans
1716 2132 1749 2169 a
1778 2115 1996 2170 dextris
2026 2114 2114 2169 al-

466 2202 610 2256 taris
641 2203 866 2258 incensi
897 2206 961 2259 “.
993 2227 1014 2253 ι
1051 2203 1258 2260 Modus
1306 2205 1431 2274 ipse
1473 2204 1716 2260 visionis
1749 2204 1876 2274 ejus
1905 2191 2113 2259 verita-

468 2296 585 2346 tem
630 2293 876 2348 suadere
923 2292 1093 2348 valet.
1127 2299 1172 2346 A
1206 2293 1424 2350 dextris
1473 2291 1718 2365 angelus
1765 2292 1941 2359 stetit,
1977 2294 2116 2364 quia

469 2380 669 2435 dexter
713 2381 1061 2454 faustusque
1110 2382 1260 2438 fetus
1312 2383 1541 2436 futurus
1590 2385 1732 2448 erat,
1766 2380 1866 2452 qui
1920 2383 2116 2437 dexte-

469 2485 595 2525 ram
647 2471 813 2542 regni
861 2470 1135 2527 cmlorum
1167 2472 1318 2527 viam
1372 2470 1924 2543 praedicaret,juxta
1968 2471 2113 2525 illud

478 2558 696 2614 dictum
727 2576 739 2614 :
768 2582 796 2611 «
827 2559 966 2616 Vias
1002 2578 1125 2631 quae
1173 2579 1207 2616 a
1253 2560 1471 2616 dextris
1519 2565 1656 2615 sunt
1708 2561 1865 2614 novit
1910 2560 2064 2615 Deus
2100 2578 2113 2616 :

475 2663 760 2719 perversae
781 2654 920 2705 sunt
950 2654 1143 2706 autem
1171 2667 1300 2721 qua:
1323 2655 1459 2705 sunt
1479 2667 1512 2705 a
1535 2650 1792 2704 sinistris
1815 2651 1874 2702 ¹².
1901 2670 1931 2698 ››
1952 2649 2114 2711 Quod

474 2737 557 2792 ait
583 2755 698 2794 non
731 2743 795 2794 ut
823 2739 1051 2795 viarum
1096 2740 1439 2795 discrimina
1487 2743 1663 2804 notet,
1697 2739 1795 2793 sed
1831 2743 1896 2792 ut
1927 2754 2117 2793 mores

474 2826 806 2884 adumbret.
839 2851 868 2878 ‹‹
900 2827 1074 2885 Visus
1123 2833 1214 2884 est
1253 2833 1444 2884 autem
1493 2827 1546 2883 ei
1595 2827 1839 2900 angelus
1886 2827 2114 2882 Domini

473 2919 635 2971 stans
667 2933 701 2971 a
729 2917 946 2972 dextris
996 2917 1197 2973 altaris
1247 2917 1490 2973 incensi.
1519 2939 1546 2966 ››
1576 2916 1832 2972 Audiant
1863 2915 1962 2986 qui
2012 2917 2114 2970 ad-

469 3009 635 3072 sunt,
662 3005 1108 3079 intelligantque
1139 3006 1304 3062 altari
1337 3013 1528 3062 astare
1563 3005 1802 3078 angelos
1837 3023 1850 3061 :
1883 3005 1982 3060 ubi
2013 3023 2115 3060 au-

470 3097 588 3147 tem
621 3093 960 3164 angelorum
993 3095 1317 3167 przesentia,
1343 3095 1537 3150 ibiDei
1563 3095 1986 3151 habitaculum.
2012 3095 2113 3150 Za-

2230 1839 2481 1910 στάσασα,
2531 1843 2620 1898 καὶ
2669 1844 2758 1899 τὸν
2812 1843 3032 1900 ἄπιστον
3078 1848 3351 1922 Ζαχαρίαν
3399 1847 3682 1907 ὀνειδίσασα.
3724 1853 3794 1906 Καὶ

2228 1928 2311 1984 ὅτι
2350 1933 2571 1994 ἄπιστος
2603 1932 2874 2008 Ζαχαρίας
2922 1936 3020 2004 τὴν
3051 1942 3149 1990 τοῦ
3193 1938 3443 2010 σώματος
3472 1940 3702 1994 ἀσθένειαν
3729 1942 3796 2014 βεο

2226 2014 2508 2095 ϐαιοτέραν
2561 2025 2658 2091 τῆς
2717 2027 2813 2076 τοῦ
2864 2028 2997 2078 Θεοῦ
3070 2025 3401 2100 ἐπαγγελίας
3458 2026 3791 2103 λογισάμενος,

2225 2107 2422 2178 ἤκουες
2452 2115 2520 2185 τῇ
2548 2113 2786 2187 προτέρᾳ
2814 2117 2910 2166 τοῦ
2943 2113 3329 2190 εὐαγγελιστοῦ
3361 2124 3530 2170 Λουκᾶ
3571 2117 3792 2192 λέγοντος·

2227 2223 2254 2249 ‹‹
2288 2200 2462 2276 Ὠφθη
2491 2197 2546 2254 δὲ
2567 2200 2712 2274 αύτῷ
2736 2201 2968 2277 ἅγγελος
2992 2204 3210 2278 Κυρίου,
3235 2203 3296 2259 ἐκ
3318 2202 3494 2275 δεξιῶν
3517 2206 3657 2267 ἑστὼς
3675 2211 3792 2279 (3οἻ

2223 2291 2318 2341 τοῦ
2343 2289 2726 2365 θυσιαστηρίου
2749 2295 2846 2344 τοῦ
2872 2292 3271 2364 θυμιάματος.»
3300 2289 3602 2366 Σύμϐουλος
3623 2297 3650 2362 ἡ
3671 2297 3792 2348 ὀπτι-

2226 2376 2312 2430 σία
2347 2384 2447 2446 τῆς
2477 2379 2723 2452 θεωρίας.
2761 2381 2852 2433 Ἐκ
2882 2377 3066 2450 δεξιῶν
3101 2382 3128 2435 ὁ
3161 2380 3398 2457 ἄγγελος
3430 2382 3616 2454 ἵστατο,
3653 2380 3789 2450 ἐπειδή

2227 2462 2397 2536 δεξιὸς
2423 2463 2638 2539 ἤμελλε
2667 2468 2825 2529 τόκος
2845 2468 3139 2538 τίκτεσθαι,
3167 2473 3265 2538 τὴν
3289 2469 3456 2542 δεξιὰν
3479 2470 3588 2526 ὁδὸν
3611 2480 3691 2541 τῆς
3713 2477 3790 2526 τῶν

2225 2554 2466 2630 οὐρανῶν
2505 2555 2780 2631 βασιλείας
2825 2557 3131 2630 κηρύττων,
3163 2561 3303 2614 κατὰ
3343 2562 3402 2615 τὸ
3444 2563 3623 2638 φάσκον
3651 2560 3788 2636 ῥητόν·

2227 2666 2253 2695 ‹‹
2287 2642 2473 2706 Ὀδοὺς
2504 2647 2599 2707 τὰς
2633 2645 2692 2699 ἐκ
2743 2643 2928 2716 δεξιῶν
2971 2646 3111 2702 οἶδεν
3145 2649 3172 2702 ὁ
3203 2647 3728 2724 Θεός·διεστραμμὲναι
3750 2647 3791 2702 δέ

2227 2732 2357 2786 εἰσιν
2390 2735 2443 2787 αἱ
2475 2733 2526 2803 ἐξ
2557 2734 2871 2809 ἀριστερῶν·
2910 2760 2930 2786 ι
2968 2736 3030 2790 οὐ
3060 2737 3157 2805 τὴν
3183 2735 3310 2792 ὁδὸν
3338 2735 3661 2807 διαλλάττων,
3687 2735 3790 2791 ἀλλὰ

2224 2822 2313 2876 τὸν
2345 2822 2549 2898 τρόπον
2582 2822 2975 2897 αἰνιττόμενος.
3001 2850 3029 2876 ‹‹
3053 2827 3226 2902 Ὤιρθη
3264 2824 3322 2881 δὲ
3347 2827 3484 2899 αύτῷ
3511 2825 3702 2902 ἅγγελος
3720 2833 3790 2879 Κυ-

2226 2910 2346 2986 ρίου
2379 2911 2438 2965 ἐκ
2468 2909 2653 2982 δεξιῶν
2687 2913 2855 2975 ἑστὼς
2883 2918 2978 2968 τοῦ
3022 2917 3406 2989 θυσιαστηρίου
3451 2920 3539 2970 τοῦ
3577 2915 3789 2988 θυμιάμα-

2223 3021 2338 3063 τος.
2373 3026 2401 3053 ››
2436 3003 2799 3057 Ἀκουέτωσαν
2852 3005 2902 3058 οἱ
2952 3003 3230 3079 παρόντες,
3270 3005 3357 3059 καὶ
3414 3002 3789 3070 centrum-4,61:

2225 3087 2450 3165 ἄγγελοι
2495 3095 2573 3163 τῷ
2620 3093 2983 3168 θυσιαστηρίῳ
3031 3093 3411 3168 παρίστανται·
3438 3095 3563 3148 ὃπου
3604 3090 3648 3146 δὲ
3674 3092 3788 3166 ἆγγὲ-

470 3181 698 3238 charias
730 3184 1003 3240 sacerdos
1052 3186 1175 3240 vice
1221 3202 1330 3240 sua
1377 3186 1597 3253 aderat,
1638 3185 1957 3258 ordineque
2004 3201 2109 3241 suo

2228 3177 2336 3232 λων
2377 3178 2724 3255 παράστασις,
2775 3179 2885 3234 ἐκεῖ
2939 3185 3069 3236 Θεοῦ
3124 3185 3543 3252 κατασκήνωσις.
3585 3180 3790 3256 Ζαχαρίας

467 3285 572 3340 per
591 3271 885 3340 quoddam
913 3272 1138 3328 dierum
1163 3274 1418 3346 spatium
1443 3275 1723 3330 intererat
1743 3275 2068 3332 ministerio
2094 3293 2108 3332 :

469 3373 658 3429 neque
687 3375 920 3432 semper
948 3377 1013 3415 eo
1043 3362 1375 3429 accedebat,
1398 3363 1498 3417 sed
1526 3364 1647 3417 vice
1673 3381 1782 3418 sua
1812 3364 2108 3420 ministra-

468 3446 587 3502 bat.
619 3447 824 3520 Angeli
854 3465 988 3505 vero
1024 3450 1116 3505 Dei
1149 3450 1248 3521 qui
1294 3451 1364 3504 ad
1415 3450 1595 3506 altare
1634 3453 1897 3522 deputati
1946 3458 2106 3520 sunt,

467 3552 838 3610 nequaquam
873 3557 974 3611 per
1001 3539 1152 3595 vices
1182 3539 1540 3610 ministrant,
1569 3541 1669 3596 sed
1704 3547 1868 3596 nocte
1899 3542 2108 3613 dieque

464 3625 865 3684 indesinenter
910 3628 1078 3684 altari
1111 3634 1324 3684 astant.
1354 3630 1580 3685 Norunt
1627 3630 1725 3700 qui
1773 3635 2108 3686 contemnat

463 3720 520 3771 et
550 3717 649 3788 qui
684 3733 798 3772 non
822 3723 1159 3775 contemnat
1182 3735 1194 3772 :
1220 3719 1398 3790 probe
1418 3719 1613 3774 sciunt
1633 3719 1872 3790 quinam
1900 3720 1991 3791 pie
2013 3737 2106 3775 ac-

461 3807 695 3872 cedant,
729 3808 970 3878 quinam
1009 3807 1167 3863 haud
1200 3808 1326 3879 pari
1359 3809 1531 3862 modo
1564 3813 1908 3864 accurrant:
1936 3809 2105 3865 intel-

457 3893 650 3967 ligunt
670 3897 912 3968 quinam
943 3890 1093 3952 recte
1113 3898 1595 3968 jurent,quinam
1643 3899 1974 3968 perjurent:
2001 3900 2104 3954 ob-

458 3983 694 4054 signant
714 4001 813 4040 eos
835 3987 934 4057 qui
961 3986 1214 4041 fructum
1241 3986 1459 4052 ferunt,
1482 4002 1700 4056 eosque
1721 3986 1817 4056 qui
1851 3991 2100 4058 torpent.

456 4071 538 4126 Ne
569 4079 794 4142 spectes
826 4074 1007 4129 altare
1035 4075 1190 4146 quod
1233 4074 1532 4146 lapidibus
1581 4075 1657 4130 sit
1703 4080 1993 4141 ornatum,
2030 4077 2101 4131 ab

456 4160 680 4231 angelis
729 4179 983 4234 namque
1031 4164 1407 4234 gestatur,ab
1456 4163 1820 4235 archangelis
1850 4165 2100 4220 circum-

457 4249 730 4320 cingitur.
760 4251 816 4304 Si
869 4251 1026 4305 enim
1057 4251 1246 4320 quivis
1295 4253 1554 4323 gentium
1603 4252 1890 4308 terminus
1934 4255 2101 4324 juxta

455 4355 769 4393 numerum
795 4339 1135 4410 angelorum
1158 4340 1493 4411 assignatus
1517 4347 1624 4412 est,
1642 4343 1963 4397 secundum
1993 4341 2098 4399 hoc

456 4429 678 4483 dictum
715 4445 781 4482 :«
813 4428 1124 4484 Constituit
1170 4430 1450 4484 terminos
1482 4430 1745 4500 gentium
1787 4432 1958 4501 juxta
1988 4450 2094 4487 nu-

2221 3267 2248 3320 6
2294 3267 2464 3344 ἱερεὺς
2515 3267 2866 3347 ἐξεφημερίαν
2917 3268 3104 3336 ἐποίει,
3155 3269 3206 3340 ἐξ
3256 3273 3477 3346 ἡμερῶν
3525 3270 3589 3330 εἰς
3631 3268 3787 3340 ἡμέρας

2218 3358 2616 3430 παριστάμενος
2663 3361 2730 3430 τῇ
2789 3356 3119 3432 λειτουργίᾳ·
3173 3358 3304 3434 οὐχὶ
3355 3357 3422 3413 δι’
3469 3357 3588 3413 ὅλου
3620 3361 3787 3432 χωρῶν,

2219 3444 2345 3499 ἀλλ’
2375 3445 2425 3500 ἐν
2484 3449 2550 3520 τῇ
2603 3445 2874 3523 ἐφημερίᾳ
2922 3444 3279 3522 λειτουργῶν.
3315 3449 3376 3502 Οἱ
3425 3446 3478 3502 δὲ
3524 3445 3786 3519 ἀποκληρω-

2219 3533 2394 3597 θέντες
2427 3533 2649 3610 ἄγγελοι
2697 3539 2794 3588 τοῦ
2839 3539 2972 3589 Θεοῦ
3023 3533 3097 3595 εἷς
3145 3539 3521 3610 θυσιαστήριον
3553 3532 3782 3612 ἐφημερίσι

2217 3623 2280 3677 οὐ
2311 3627 2584 3691 ποιοῦσιν,
2617 3620 2762 3678 ἀλλὰ
2789 3622 3000 3698 νύκτωρ
3050 3621 3140 3677 καί
3194 3625 3312 3696 μεθ’
3361 3625 3557 3698 ἡμέραν
3585 3619 3784 3676 dammi-

2217 3734 2355 3774 στως
2413 3713 2765 3788 παρίστανται
2812 3717 2891 3784 τῷ
2938 3714 3348 3786 θυσιαστηρίῳ.
3399 3715 3554 3770 Ἰσασι
3605 3710 3678 3764 καὶ
3719 3708 3782 3762 τὸν

2214 3801 2672 3880 καταφρονοῦντα,
2730 3802 2819 3855 καὶ
2877 3802 2966 3856 τὸν
3034 3804 3108 3874 μή
3167 3807 3607 3878 καταφρονοῦντα·
3635 3796 3788 3872 γνωρί-

2218 3896 2366 3960 ζουσι
2415 3891 2504 3946 καὶ
2551 3891 2680 3951 τοὺς
2731 3885 2974 3952 εὐλαϐῶς
3029 3891 3378 3966 προσιόντας,
3431 3890 3513 3945 καὶ
3558 3888 3664 3948 τοὺς
3709 3883 3787 3957 οὐχ

2214 3980 2356 4035 οὕτω
2396 3981 2854 4056 προστρέχοντας·
2903 3977 3211 4034 ἐπίστανται
3263 3981 3356 4034 καὶ
3411 3979 3532 4041 τοὺς
3571 3978 3786 4051 εὐορκοῦν·

2210 4091 2344 4135 τας,
2395 4071 2483 4124 καὶ
2537 4069 2666 4130 τοὺς
2725 4068 3126 4143 ἐπιορκοῦντας·
3189 4069 3532 4147 σφραγίζουσι
3584 4067 3658 4120 καὶ
3693 4061 3784 4120 τοὺς

2209 4164 2713 4235 καρποφοροῦντας,
2743 4159 2832 4212 καὶ
2874 4158 3000 4219 τοὺς
3044 4163 3396 4233 ναρκιῶντας·
3433 4160 3514 4226 Mf,
3561 4157 3630 4212 ὅτι
3658 4153 3784 4209 λίθοις

2209 4246 2650 4303 κεκαλλώπισται
2682 4248 2744 4301 τὸ
2773 4249 3148 4320 θυσιαστήριον
3184 4248 3393 4302 σκόπει·
3432 4247 3527 4301 ὑπὸ
3552 4244 3639 4319 γάρ
3667 4237 3783 4316 ἀγγέ-

2210 4338 2320 4391 λων
2355 4337 2690 4411 βαστάζεται,
2728 4336 2829 4390 ὑπὸ
2878 4334 3244 4411 ἀρχαγγέλων
3292 4335 3592 4391 κυκλοῦται.
3634 4331 3681 4386 El
3711 4327 3782 4402 τάξ

2206 4433 2309 4480 πᾶν
2342 4425 2494 4502 ὅριον
2525 4425 2726 4480 ἐθνικὸν
2753 4425 2888 4480 κατᾶ
2925 4425 3155 4499 ἀριθμὸν
3200 4425 3448 4501 ἀγγέλων
3498 4423 3783 4499 ὁροθετεῖται,

455 4533 682 4572 merum
732 4516 1070 4588 angelorum
1123 4518 1224 4573 Dei
1250 4519 1375 4586 13;»
1409 4524 1630 4589 quanto
1679 4521 1869 4590 magis
1914 4520 2096 4578 altare

2220 4515 2340 4570 ιατά
2385 4517 2447 4570 τὸ
2488 4516 2687 4591 φάσκον
2740 4514 2925 4591 ῥητόν·
2961 4539 2988 4565 ‹‹
3032 4519 3293 4584 ’Ἐστησεν
3346 4514 3465 4588 ὅρια
3507 4512 3647 4567 ἐθνῶν
3687 4503 3787 4560 κατᾶ

452 4605 693 4677 plenum
736 4606 961 4678 angelis
1017 4606 1159 4675 erit;
1213 4608 1310 4662 ubi
1361 4609 1517 4678 jacet
1567 4609 1740 4663 carbo
1790 4611 2101 4682 mysticus,

449 4711 621 4766 quem
673 4695 885 4768 forcipe
933 4695 1172 4768 spiritus
1205 4713 1308 4768 per
1336 4697 1656 4752 sacerdotis
1706 4697 2098 4756 ministerium

448 4783 799 4856 accipientes
849 4785 1166 4856 seraphini,
1193 4787 1287 4854 qui
1321 4804 1385 4842 eo
1435 4792 1869 4858 pertranseunt,
1903 4805 2104 4859 pecca-

443 4877 639 4928 torum
689 4874 1094 4946 purgationem
1141 4876 1358 4946 petenti
1391 4874 1767 4946 largiuntur‘?
1798 4877 1958 4941 Quod
1993 4896 2098 4932 au-

443 4967 561 5016 tem
595 4961 717 5017 ha’c
759 4963 815 5016 in
848 4962 1016 5017 altari
1051 4964 1267 5031 adsint,
1301 4964 1438 5019 audi
1492 4964 1842 5019 clamantem
1885 4967 2092 5023 Isaiam

441 5051 787 5123 prophetam
823 5068 883 5106 :u
915 5052 1069 5120 Vidi,
1093 5059 1150 5107 et
1181 5069 1310 5107 ecce
1343 5055 1563 5108 missus
1593 5058 1683 5109 est
1714 5055 1783 5109 ad
1819 5072 1908 5111 me
1938 5072 2093 5113 unus

439 5155 509 5194 ex
557 5138 876 5210 seraphim,
901 5146 956 5194 et
993 5138 1245 5194 habebat
1291 5141 1598 5195 carbonem
1634 5140 1692 5195 in
1728 5158 1906 5197 manu
1963 5161 2088 5211 sua,

439 5243 614 5298 quem
646 5226 861 5283 tulerat
890 5228 1106 5300 forcipe
1129 5229 1200 5284 de
1222 5229 1411 5284 altari.
1436 5233 1502 5284 Et
1534 5231 1724 5302 tetigit
1755 5230 1908 5286 labia
1940 5249 2089 5300 mea,

437 5319 495 5371 et
525 5315 607 5371 ait
631 5333 643 5373 :
673 5316 818 5372 Ecce
846 5316 1035 5388 tetigit
1064 5317 1220 5374 labia
1249 5323 1370 5385 tua,
1405 5322 1461 5373 et
1489 5319 1711 5373 auferet
1743 5317 2087 5391 iniquitates

505 5433 699 5507 :Gen.
731 5449 892 5503 xvxn,
926 5435 1013 5489 10.
1123 5436 1144 5469 ⁸
1176 5437 1200 5490 Ι
1233 5439 1370 5507 Reg.
1416 5452 1456 5506 ι,
1508 5435 1594 5490 18.

435 5504 479 5540 ‘3
509 5503 680 5560 Deut.
712 5521 890 5574 χχχιι,
920 5507 976 5561 8.

502 5619 644 5698 (30')
672 5619 870 5694 Vulg.,
899 5615 1121 5690 ἤκουσε.
1155 5621 1315 5680 Eorr.

1707 5434 1908 5493 'Psal.
1959 5453 2060 5508 cu,
2109 5440 2163 5495 5.

2213 4605 2440 4681 ἀριθμὸν
2470 4603 2720 4680 ἀγγέλων
2757 4609 2909 4659 Θεοῦ·
2945 4627 2971 4655 ››
3005 4603 3159 4676 πόσῳ
3211 4603 3425 4676 μᾶλλον
3471 4604 3529 4657 16
3557 4595 3784 4663 θυσιαστή-

2212 4716 2325 4769 ριον
2373 4693 2893 4772 ἀγγελοπλήρωτον,
2944 4692 3081 4747 ὅπου
3113 4695 3140 4747 6
3193 4693 3452 4764 μυστικὸς
3493 4689 3658 4766 ἄνθραξ
3698 4681 3786 4738 ἐπί-

2207 4805 2376 4838 κειται
2413 4803 2425 4851 ;
2458 4785 2514 4837 ὃν
2548 4787 2615 4857 τῇ
2650 4778 2834 4838 λαϐίδι
2865 4787 2963 4835 τοῦ
2995 4782 3303 4854 πνεύματος
3341 4783 3406 4836 τὰ
3437 4778 3647 4853 σεραφὲμ
3672 4771 3786 4843 διορ-

2206 4873 2419 4948 χόμενα
2449 4871 2537 4926 διὰ
2563 4879 2663 4940 τῆς
2687 4870 3028 4946 λειτουργίας
3049 4876 3144 4925 τοῦ
3166 4871 3375 4942 ἱερέως,
3398 4872 3629 4942 κάθαρσιν
3651 4865 3784 4934 ἁμαρ·

2202 4962 2462 5034 τημάτων
2502 4965 2580 5032 τῷ
2609 4959 2844 5014 αίτοῦντι
2876 4959 3195 5034 χαρίζονται
3230 4977 3244 5026 ;
3282 4959 3380 5012 Καὶ
3411 4959 3516 5011 ὄντι
3546 4955 3592 5009 ἐν
3615 4951 3786 5006 τούτοις

2200 5052 2263 5105 τὸ
2296 5053 2695 5126 θυσιαστήριον,
2745 5047 2902 5103 άκουε
2950 5047 3168 5103 Ἡσαίου
3211 5053 3310 5102 τοῦ
3351 5041 3784 5124 1190615100955»-

2200 5161 2310 5202 τος·
2349 5165 2375 5191 ‹‹
2408 5141 2728 5214 Ἐθεώρουν,
2760 5139 2847 5192 καὶ
2892 5135 3012 5190 ἰδοὺ
3057 5137 3334 5206 ἀπεστάλη
3367 5137 3516 5212 πρὸς,
3550 5135 3610 5206 μὶ
3633 5131 3678 5185 ἓν
3702 5131 3783 5180 τῶν

2199 5231 2455 5307 σεραφὶμ,
2489 5228 2577 5284 καὶ
2612 5230 2755 5302 εἶχεν
2811 5224 3046 5302 ἄνθρακα
3077 5225 3128 5280 ἐν
3159 5230 3225 5298 τῇ
3279 5227 3424 5300 χειρί
3463 5223 3630 5291 αὐτοῦ,
3661 5220 3706 5272 ὂν
3731 5215 3782 5285 τῇ

2201 5314 2382 5374 λαϐίδι
2416 5312 2607 5373 ἔΛαϐεν
2657 5316 2763 5370 ἀπὸ
2800 5319 2896 5369 τοῦ
2946 5313 3352 5389 θυσιαστηρίου·
3382 5312 3468 5366 καί
3515 5310 3671 5382 ἥψατο
3702 5307 3784 5358 τῶν

2282 5439 2324 5473 ¹⁰
2358 5437 2492 5492 Luc.
2559 5455 2595 5506 ι,
2651 5436 2742 5489 36.
2857 5437 2899 5470 ¹¹
2933 5433 3080 5490 Ibid.
3134 5433 3217 5487 11.
3336 5432 3378 5467 ¹²
3411 5431 3563 5487 Prov.
3608 5444 3674 5494 ιν,
3713 5421 3782 5478 27.

2264 5623 2428 5698 (30“)
2451 5622 2646 5696 Vulg.,
2678 5619 2897 5692 ἔπῶτι,
2931 5634 3256 5694 perperam.
3291 5619 3452 5676 Ιωεκ.
