  <div class='ocr_page' id='page_1' title='image "/cluster/home/n/w/nwhite01/storage/ocr_20150623/28/hvd.32044052794351/460.png"; bbox 0 0 4026 6204; ppageno 0'>
   <div class='ocr_carea' id='block_1_1' title="bbox 224 378 3618 446">
    <p class='ocr_par' dir='ltr' id='par_1_1' title="bbox 224 378 3618 446">
     <span class='ocr_line' id='line_1_1' title="bbox 224 378 3618 446; baseline -0.001 -2"><span class='ocrx_word' id='word_1_1' title='bbox 224 386 335 446; x_wconf 84' lang='grc'>909</span> <span class='ocrx_word' id='word_1_2' title='bbox 1070 380 1402 443; x_wconf 84' lang='lat' dir='ltr'><strong>HOMILIA</strong></span> <span class='ocrx_word' id='word_1_3' title='bbox 1448 381 1528 441; x_wconf 92' lang='lat' dir='ltr'>IN</span> <span class='ocrx_word' id='word_1_4' title='bbox 1573 378 2115 440; x_wconf 76' lang='lat' dir='ltr'>NATIVITATEM</span> <span class='ocrx_word' id='word_1_5' title='bbox 2159 378 2751 442; x_wconf 64' lang='lat' dir='ltr'>PRECURSORIS.</span> <span class='ocrx_word' id='word_1_6' title='bbox 3498 381 3618 442; x_wconf 82' lang='lat'>910</span> 
     </span>
    </p>
   </div>
   <div class='ocr_carea' id='block_1_2' title="bbox 221 506 1811 589">
    <p class='ocr_par' dir='ltr' id='par_1_2' title="bbox 221 506 1811 589">
     <span class='ocr_line' id='line_1_2' title="bbox 221 506 1811 589; baseline -0.003 -22"><span class='ocrx_word' id='word_1_7' title='bbox 221 511 447 589; x_wconf 76' lang='grc' dir='ltr'>χειλέων</span> <span class='ocrx_word' id='word_1_8' title='bbox 475 531 595 583; x_wconf 86' lang='grc' dir='ltr'>μου,</span> <span class='ocrx_word' id='word_1_9' title='bbox 626 508 715 564; x_wconf 76' lang='grc' dir='ltr'>καὶ</span> <span class='ocrx_word' id='word_1_10' title='bbox 746 510 912 564; x_wconf 51' lang='grc' dir='ltr'>εἶπεν</span> <span class='ocrx_word' id='word_1_11' title='bbox 948 506 1087 566; x_wconf 74' lang='grc' dir='ltr'>Ἰδοὺ</span> <span class='ocrx_word' id='word_1_12' title='bbox 1119 509 1297 583; x_wconf 73' lang='grc' dir='ltr'>ἥψατο</span> <span class='ocrx_word' id='word_1_13' title='bbox 1329 513 1433 563; x_wconf 80' lang='grc' dir='ltr'>τῶν</span> <span class='ocrx_word' id='word_1_14' title='bbox 1479 508 1712 583; x_wconf 71' lang='grc' dir='ltr'>χειλέων</span> <span class='ocrx_word' id='word_1_15' title='bbox 1734 529 1811 563; x_wconf 88' lang='grc' dir='ltr'>σοι</span> 
     </span>
    </p>
   </div>
   <div class='ocr_carea' id='block_1_3' title="bbox 2022 506 3612 589">
    <p class='ocr_par' dir='ltr' id='par_1_3' title="bbox 2022 510 3612 584">
     <span class='ocr_line' id='line_1_3' title="bbox 2022 510 3612 584; baseline 0.004 -21"><span class='ocrx_word' id='word_1_16' title='bbox 2022 528 2120 577; x_wconf 71' lang='lat' dir='ltr'>ias,</span> <span class='ocrx_word' id='word_1_17' title='bbox 2154 516 2212 566; x_wconf 90' lang='lat' dir='ltr'>et</span> <span class='ocrx_word' id='word_1_18' title='bbox 2257 518 2489 583; x_wconf 87' lang='lat' dir='ltr'>peccata</span> <span class='ocrx_word' id='word_1_19' title='bbox 2521 516 2619 566; x_wconf 88' lang='lat' dir='ltr'>tua</span> <span class='ocrx_word' id='word_1_20' title='bbox 2653 510 2925 582; x_wconf 89' lang='lat' dir='ltr'>purgabit</span> <span class='ocrx_word' id='word_1_21' title='bbox 2956 511 3019 563; x_wconf 66' lang='lat'>1&quot;.</span> <span class='ocrx_word' id='word_1_22' title='bbox 3055 533 3081 560; x_wconf 84' lang='lat'><em>»</em></span> <span class='ocrx_word' id='word_1_23' title='bbox 3133 511 3332 582; x_wconf 86' lang='lat' dir='ltr'>Viden,</span> <span class='ocrx_word' id='word_1_24' title='bbox 3372 513 3612 584; x_wconf 79' lang='lat' dir='ltr'>quinam</span> 
     </span>
    </p>
   </div>
   <div class='ocr_carea' id='block_1_4' title="bbox 216 598 1806 677">
    <p class='ocr_par' dir='ltr' id='par_1_4' title="bbox 216 598 1806 677">
     <span class='ocr_line' id='line_1_4' title="bbox 216 598 1806 677; baseline -0.003 -21"><span class='ocrx_word' id='word_1_25' title='bbox 216 602 297 657; x_wconf 76' lang='grc' dir='ltr'>καὶ</span> <span class='ocrx_word' id='word_1_26' title='bbox 328 602 542 677; x_wconf 75' lang='grc' dir='ltr'>ἀφαιρεῖ</span> <span class='ocrx_word' id='word_1_27' title='bbox 565 598 658 661; x_wconf 77' lang='grc' dir='ltr'>τὰς</span> <span class='ocrx_word' id='word_1_28' title='bbox 690 599 917 672; x_wconf 78' lang='grc' dir='ltr'>ἀνομίας</span> <span class='ocrx_word' id='word_1_29' title='bbox 940 618 1057 671; x_wconf 87' lang='grc' dir='ltr'>σου,</span> <span class='ocrx_word' id='word_1_30' title='bbox 1087 598 1177 652; x_wconf 84' lang='grc' dir='ltr'>καὶ</span> <span class='ocrx_word' id='word_1_31' title='bbox 1207 598 1303 660; x_wconf 73' lang='grc' dir='ltr'>τὰς</span> <span class='ocrx_word' id='word_1_32' title='bbox 1335 598 1598 673; x_wconf 82' lang='grc' dir='ltr'>ἁμαρτίας</span> <span class='ocrx_word' id='word_1_33' title='bbox 1630 619 1725 652; x_wconf 80' lang='grc' dir='ltr'>σου</span> <span class='ocrx_word' id='word_1_34' title='bbox 1755 618 1806 652; x_wconf 77' lang='grc' dir='ltr'>πε</span> 
     </span>
    </p>
   </div>
   <div class='ocr_carea' id='block_1_5' title="bbox 2022 598 3612 677">
    <p class='ocr_par' dir='ltr' id='par_1_5' title="bbox 2022 600 3612 675">
     <span class='ocr_line' id='line_1_5' title="bbox 2022 600 3612 675; baseline 0.002 -21"><span class='ocrx_word' id='word_1_35' title='bbox 2022 606 2079 654; x_wconf 87' lang='lat' dir='ltr'>nt</span> <span class='ocrx_word' id='word_1_36' title='bbox 2099 600 2198 671; x_wconf 84' lang='lat' dir='ltr'>qui</span> <span class='ocrx_word' id='word_1_37' title='bbox 2222 600 2392 655; x_wconf 81' lang='lat' dir='ltr'>altari</span> <span class='ocrx_word' id='word_1_38' title='bbox 2412 606 2628 671; x_wconf 80' lang='lat' dir='ltr'>astant,</span> <span class='ocrx_word' id='word_1_39' title='bbox 2653 608 2707 655; x_wconf 87' lang='lat' dir='ltr'>et</span> <span class='ocrx_word' id='word_1_40' title='bbox 2734 600 3091 672; x_wconf 82' lang='lat' dir='ltr'>quibusnam</span> <span class='ocrx_word' id='word_1_41' title='bbox 3116 600 3303 656; x_wconf 90' lang='lat' dir='ltr'>oculis</span> <span class='ocrx_word' id='word_1_42' title='bbox 3334 601 3612 675; x_wconf 89' lang='lat' dir='ltr'>introspi-</span> 
     </span>
    </p>
   </div>
   <div class='ocr_carea' id='block_1_6' title="bbox 215 685 1805 766">
    <p class='ocr_par' dir='ltr' id='par_1_6' title="bbox 215 685 1805 766">
     <span class='ocr_line' id='line_1_6' title="bbox 215 685 1805 766; baseline -0.003 -22"><span class='ocrx_word' id='word_1_43' title='bbox 215 691 524 766; x_wconf 77' lang='grc' dir='ltr'>ρικαθαριεῖ.</span> <span class='ocrx_word' id='word_1_44' title='bbox 562 711 591 740; x_wconf 85' lang='grc'><strong>››</strong></span> <span class='ocrx_word' id='word_1_45' title='bbox 622 685 774 750; x_wconf 79' lang='grc' dir='ltr'>Εἶδες</span> <span class='ocrx_word' id='word_1_46' title='bbox 804 689 944 750; x_wconf 88' lang='grc' dir='ltr'>τίνες</span> <span class='ocrx_word' id='word_1_47' title='bbox 977 686 1327 763; x_wconf 78' lang='grc' dir='ltr'>παρίστανται</span> <span class='ocrx_word' id='word_1_48' title='bbox 1357 685 1437 759; x_wconf 82' lang='grc' dir='ltr'>τῷ</span> <span class='ocrx_word' id='word_1_49' title='bbox 1460 686 1805 761; x_wconf 65' lang='grc' dir='ltr'>θυσιαστηρίιι</span> 
     </span>
    </p>
   </div>
   <div class='ocr_carea' id='block_1_7' title="bbox 2018 685 3608 766">
    <p class='ocr_par' dir='ltr' id='par_1_7' title="bbox 2018 689 3608 761">
     <span class='ocr_line' id='line_1_7' title="bbox 2018 689 3608 761; baseline 0.003 -20"><span class='ocrx_word' id='word_1_50' title='bbox 2018 705 2089 745; x_wconf 75' lang='lat' dir='ltr'>:re</span> <span class='ocrx_word' id='word_1_51' title='bbox 2130 706 2235 760; x_wconf 92' lang='lat' dir='ltr'>par</span> <span class='ocrx_word' id='word_1_52' title='bbox 2280 690 2377 759; x_wconf 90' lang='lat' dir='ltr'>sit,</span> <span class='ocrx_word' id='word_1_53' title='bbox 2412 689 2678 757; x_wconf 82' lang='lat' dir='ltr'>sinceris,</span> <span class='ocrx_word' id='word_1_54' title='bbox 2714 689 2846 745; x_wconf 87' lang='lat' dir='ltr'>dolo</span> <span class='ocrx_word' id='word_1_55' title='bbox 2898 689 3254 761; x_wconf 79' lang='lat' dir='ltr'>carentibus,</span> <span class='ocrx_word' id='word_1_56' title='bbox 3291 690 3608 761; x_wconf 83' lang='lat' dir='ltr'>muniﬁcis,</span> 
     </span>
    </p>
   </div>
   <div class='ocr_carea' id='block_1_8' title="bbox 211 772 1801 854">
    <p class='ocr_par' dir='ltr' id='par_1_8' title="bbox 211 772 1801 854">
     <span class='ocr_line' id='line_1_8' title="bbox 211 772 1801 854; baseline -0.003 -21"><span class='ocrx_word' id='word_1_57' title='bbox 211 780 291 833; x_wconf 68' lang='grc' dir='ltr'>καὶ</span> <span class='ocrx_word' id='word_1_58' title='bbox 322 777 456 839; x_wconf 70' lang='grc' dir='ltr'>οἵοις</span> <span class='ocrx_word' id='word_1_59' title='bbox 508 776 811 854; x_wconf 77' lang='grc' dir='ltr'>ὀφθαλμοῖς</span> <span class='ocrx_word' id='word_1_60' title='bbox 870 774 950 831; x_wconf 92' lang='grc' dir='ltr'>δεῖ</span> <span class='ocrx_word' id='word_1_61' title='bbox 1006 775 1318 845; x_wconf 80' lang='grc' dir='ltr'>ἑνατενίζειν</span> <span class='ocrx_word' id='word_1_62' title='bbox 1363 772 1534 847; x_wconf 71' lang='grc' dir='ltr'>ἔνδον,</span> <span class='ocrx_word' id='word_1_63' title='bbox 1568 777 1801 851; x_wconf 61' lang='grc' dir='ltr'>καθαροῖη</span> 
     </span>
    </p>
   </div>
   <div class='ocr_carea' id='block_1_9' title="bbox 1115 772 2705 854">
    <p class='ocr_par' dir='ltr' id='par_1_9' title="bbox 1115 772 2705 851">
     <span class='ocr_line' id='line_1_9' title="bbox 1115 772 2705 851; baseline 0.002 -21"><span class='ocrx_word' id='word_1_64' title='bbox 1115 775 1318 845; x_wconf 71' lang='grc' dir='ltr'>ξενίζειν</span> <span class='ocrx_word' id='word_1_65' title='bbox 1363 772 1534 847; x_wconf 73' lang='grc' dir='ltr'>ἔνδον,</span> <span class='ocrx_word' id='word_1_66' title='bbox 1568 777 1845 851; x_wconf 81' lang='grc' dir='ltr'>καθαροῖς,</span> <span class='ocrx_word' id='word_1_67' title='bbox 1958 795 2284 850; x_wconf 82' lang='lat' dir='ltr'>pauperum</span> <span class='ocrx_word' id='word_1_68' title='bbox 2317 779 2655 834; x_wconf 89' lang='lat' dir='ltr'>amantibus</span> <span class='ocrx_word' id='word_1_69' title='bbox 2678 778 2705 833; x_wconf 85' lang='lat'>?</span> 
     </span>
    </p>
   </div>
   <div class='ocr_carea' id='block_1_10' title="bbox 210 863 1330 943">
    <p class='ocr_par' dir='ltr' id='par_1_10' title="bbox 210 863 1330 943">
     <span class='ocr_line' id='line_1_10' title="bbox 210 863 1330 943; baseline -0.008 -19"><span class='ocrx_word' id='word_1_70' title='bbox 210 866 440 934; x_wconf 77' lang='grc' dir='ltr'>ἀδόλοις,</span> <span class='ocrx_word' id='word_1_71' title='bbox 472 863 875 938; x_wconf 77' lang='grc' dir='ltr'>εὐμεταδότοις,</span> <span class='ocrx_word' id='word_1_72' title='bbox 907 863 1330 943; x_wconf 76' lang='grc' dir='ltr'>φιλοπτώχοις;</span> 
     </span>
    </p>
   </div>
   <div class='ocr_carea' id='block_1_11' title="bbox 270 951 1860 1030">
    <p class='ocr_par' dir='ltr' id='par_1_11' title="bbox 270 951 1844 1030">
     <span class='ocr_line' id='line_1_11' title="bbox 270 951 1844 1030; baseline -0.001 -22"><span class='ocrx_word' id='word_1_73' title='bbox 270 961 320 1013; x_wconf 87' lang='grc'>2,</span> <span class='ocrx_word' id='word_1_74' title='bbox 350 955 408 1008; x_wconf 86' lang='grc' dir='ltr'>Τί</span> <span class='ocrx_word' id='word_1_75' title='bbox 458 955 549 1008; x_wconf 73' lang='grc' dir='ltr'>οὖν</span> <span class='ocrx_word' id='word_1_76' title='bbox 582 955 611 1008; x_wconf 99' lang='lat'>6</span> <span class='ocrx_word' id='word_1_77' title='bbox 643 953 1032 1030; x_wconf 76' lang='grc' dir='ltr'>εὖαγγελιστής</span> <span class='ocrx_word' id='word_1_78' title='bbox 1064 960 1312 1021; x_wconf 82' lang='grc' dir='ltr'>Λουκᾶς;</span> <span class='ocrx_word' id='word_1_79' title='bbox 1344 951 1510 1008; x_wconf 83' lang='grc' dir='ltr'>καλὸν</span> <span class='ocrx_word' id='word_1_80' title='bbox 1542 954 1642 1029; x_wconf 71' lang='grc' dir='ltr'>γὰρ</span> <span class='ocrx_word' id='word_1_81' title='bbox 1673 954 1844 1025; x_wconf 77' lang='grc' dir='ltr'>ἡμᾶς,</span> 
     </span>
    </p>
   </div>
   <div class='ocr_carea' id='block_1_12' title="bbox 2009 951 3599 1030">
    <p class='ocr_par' dir='ltr' id='par_1_12' title="bbox 2025 956 3599 1029">
     <span class='ocr_line' id='line_1_12' title="bbox 2025 956 3599 1029; baseline 0.003 -19"><span class='ocrx_word' id='word_1_82' title='bbox 2025 958 2083 1011; x_wconf 85' lang='grc'>2.</span> <span class='ocrx_word' id='word_1_83' title='bbox 2124 956 2269 1020; x_wconf 90' lang='lat' dir='ltr'>Quid</span> <span class='ocrx_word' id='word_1_84' title='bbox 2313 956 2493 1029; x_wconf 79' lang='lat' dir='ltr'>igitur</span> <span class='ocrx_word' id='word_1_85' title='bbox 2540 956 2724 1012; x_wconf 89' lang='lat' dir='ltr'>Lucas</span> <span class='ocrx_word' id='word_1_86' title='bbox 2753 957 3157 1029; x_wconf 82' lang='lat' dir='ltr'>evangelista?</span> <span class='ocrx_word' id='word_1_87' title='bbox 3188 961 3412 1027; x_wconf 83' lang='lat' dir='ltr'>oportet</span> <span class='ocrx_word' id='word_1_88' title='bbox 3445 958 3599 1014; x_wconf 91' lang='lat' dir='ltr'>enim</span> 
     </span>
    </p>
   </div>
   <div class='ocr_carea' id='block_1_13' title="bbox 206 1038 1796 1121">
    <p class='ocr_par' dir='ltr' id='par_1_13' title="bbox 206 1038 1796 1121">
     <span class='ocr_line' id='line_1_13' title="bbox 206 1038 1796 1121; baseline -0.003 -22"><span class='ocrx_word' id='word_1_89' title='bbox 206 1052 297 1111; x_wconf 80' lang='grc' dir='ltr'>τῆς</span> <span class='ocrx_word' id='word_1_90' title='bbox 326 1046 500 1112; x_wconf 72' lang='grc' dir='ltr'>πάσης</span> <span class='ocrx_word' id='word_1_91' title='bbox 531 1042 900 1119; x_wconf 74' lang='grc' dir='ltr'>πραγματείας</span> <span class='ocrx_word' id='word_1_92' title='bbox 934 1042 1302 1097; x_wconf 75' lang='grc' dir='ltr'>ἐπιλαυὲσθαι·</span> <span class='ocrx_word' id='word_1_93' title='bbox 1334 1067 1361 1094; x_wconf 76' lang='grc' dir='ltr'>ι(</span> <span class='ocrx_word' id='word_1_94' title='bbox 1415 1044 1588 1121; x_wconf 80' lang='grc' dir='ltr'>ᾬφθη</span> <span class='ocrx_word' id='word_1_95' title='bbox 1642 1038 1699 1096; x_wconf 78' lang='grc' dir='ltr'>δὲ</span> <span class='ocrx_word' id='word_1_96' title='bbox 1748 1041 1796 1095; x_wconf 65' lang='grc' dir='ltr'>αὖ</span> 
     </span>
    </p>
   </div>
   <div class='ocr_carea' id='block_1_14' title="bbox 2009 1038 3599 1121">
    <p class='ocr_par' dir='ltr' id='par_1_14' title="bbox 2009 1046 3599 1119">
     <span class='ocr_line' id='line_1_14' title="bbox 2009 1046 3599 1119; baseline 0.003 -19"><span class='ocrx_word' id='word_1_97' title='bbox 2009 1051 2142 1101; x_wconf 58' lang='lat' dir='ltr'>Itum</span> <span class='ocrx_word' id='word_1_98' title='bbox 2176 1063 2471 1102; x_wconf 84' lang='lat' dir='ltr'>resumere</span> <span class='ocrx_word' id='word_1_99' title='bbox 2504 1063 2516 1101; x_wconf 89' lang='lat'>:</span> <span class='ocrx_word' id='word_1_100' title='bbox 2553 1070 2580 1095; x_wconf 82' lang='lat'><strong><em>«</em></strong></span> <span class='ocrx_word' id='word_1_101' title='bbox 2633 1046 2809 1101; x_wconf 80' lang='lat' dir='ltr'>Visus</span> <span class='ocrx_word' id='word_1_102' title='bbox 2842 1047 2913 1117; x_wconf 90' lang='lat' dir='ltr'>ei,</span> <span class='ocrx_word' id='word_1_103' title='bbox 2962 1047 3170 1117; x_wconf 78' lang='lat' dir='ltr'>inquit,</span> <span class='ocrx_word' id='word_1_104' title='bbox 3216 1046 3461 1119; x_wconf 84' lang='lat' dir='ltr'>angelus</span> <span class='ocrx_word' id='word_1_105' title='bbox 3490 1048 3599 1104; x_wconf 90' lang='lat' dir='ltr'>Do-</span> 
     </span>
    </p>
   </div>
   <div class='ocr_carea' id='block_1_15' title="bbox 204 1128 1794 1210">
    <p class='ocr_par' dir='ltr' id='par_1_15' title="bbox 204 1128 1794 1210">
     <span class='ocr_line' id='line_1_15' title="bbox 204 1128 1794 1210; baseline -0.003 -22"><span class='ocrx_word' id='word_1_106' title='bbox 204 1139 294 1205; x_wconf 83' lang='grc' dir='ltr'>τῷ,</span> <span class='ocrx_word' id='word_1_107' title='bbox 344 1133 527 1210; x_wconf 69' lang='grc' dir='ltr'>φησὶν,</span> <span class='ocrx_word' id='word_1_108' title='bbox 597 1132 830 1207; x_wconf 76' lang='grc' dir='ltr'>ἅγγελος</span> <span class='ocrx_word' id='word_1_109' title='bbox 903 1130 1109 1205; x_wconf 88' lang='grc' dir='ltr'>Κυρίου</span> <span class='ocrx_word' id='word_1_110' title='bbox 1164 1130 1333 1192; x_wconf 70' lang='grc' dir='ltr'>ἑστὼς</span> <span class='ocrx_word' id='word_1_111' title='bbox 1392 1131 1451 1186; x_wconf 79' lang='grc' dir='ltr'>ἐκ</span> <span class='ocrx_word' id='word_1_112' title='bbox 1508 1128 1692 1200; x_wconf 80' lang='grc' dir='ltr'>δεξιῶν</span> <span class='ocrx_word' id='word_1_113' title='bbox 1746 1151 1794 1184; x_wconf 84' lang='grc' dir='ltr'>τ(</span> 
     </span>
    </p>
   </div>
   <div class='ocr_carea' id='block_1_16' title="bbox 2007 1128 3597 1210">
    <p class='ocr_par' dir='ltr' id='par_1_16' title="bbox 2007 1134 3597 1201">
     <span class='ocr_line' id='line_1_16' title="bbox 2007 1134 3597 1201; baseline 0.001 -13"><span class='ocrx_word' id='word_1_114' title='bbox 2007 1134 2122 1201; x_wconf 55' lang='lat' dir='ltr'>lini,</span> <span class='ocrx_word' id='word_1_115' title='bbox 2156 1142 2320 1191; x_wconf 87' lang='lat' dir='ltr'>stans</span> <span class='ocrx_word' id='word_1_116' title='bbox 2353 1153 2386 1190; x_wconf 90' lang='lat' dir='ltr'>a</span> <span class='ocrx_word' id='word_1_117' title='bbox 2415 1135 2631 1190; x_wconf 87' lang='lat' dir='ltr'>dextris</span> <span class='ocrx_word' id='word_1_118' title='bbox 2664 1134 2865 1190; x_wconf 89' lang='lat' dir='ltr'>altaris</span> <span class='ocrx_word' id='word_1_119' title='bbox 2905 1135 3150 1201; x_wconf 88' lang='lat' dir='ltr'>incensi,</span> <span class='ocrx_word' id='word_1_120' title='bbox 3180 1136 3247 1190; x_wconf 84' lang='lat' dir='ltr'>Et</span> <span class='ocrx_word' id='word_1_121' title='bbox 3274 1135 3474 1190; x_wconf 85' lang='lat' dir='ltr'>videns</span> <span class='ocrx_word' id='word_1_122' title='bbox 3496 1140 3597 1190; x_wconf 91' lang='lat' dir='ltr'>Za-</span> 
     </span>
    </p>
   </div>
   <div class='ocr_carea' id='block_1_17' title="bbox 206 1217 1796 1297">
    <p class='ocr_par' dir='ltr' id='par_1_17' title="bbox 206 1217 1796 1295">
     <span class='ocr_line' id='line_1_17' title="bbox 206 1217 1796 1295; baseline -0.004 -18"><span class='ocrx_word' id='word_1_123' title='bbox 206 1222 573 1294; x_wconf 59' lang='grc' dir='ltr'>θύσιαστηρίου</span> <span class='ocrx_word' id='word_1_124' title='bbox 629 1226 725 1275; x_wconf 76' lang='grc' dir='ltr'>τοῦ</span> <span class='ocrx_word' id='word_1_125' title='bbox 777 1220 1141 1293; x_wconf 82' lang='grc' dir='ltr'>θυμιάματος.</span> <span class='ocrx_word' id='word_1_126' title='bbox 1197 1222 1295 1275; x_wconf 84' lang='grc' dir='ltr'>Καὶ</span> <span class='ocrx_word' id='word_1_127' title='bbox 1358 1217 1485 1273; x_wconf 83' lang='grc' dir='ltr'>ἰδὼν</span> <span class='ocrx_word' id='word_1_128' title='bbox 1546 1219 1796 1295; x_wconf 81' lang='grc' dir='ltr'>Ζαχαρία.</span> 
     </span>
    </p>
   </div>
   <div class='ocr_carea' id='block_1_18' title="bbox 2002 1217 3592 1297">
    <p class='ocr_par' dir='ltr' id='par_1_18' title="bbox 2002 1224 3592 1297">
     <span class='ocr_line' id='line_1_18' title="bbox 2002 1224 3592 1297; baseline 0.001 -18"><span class='ocrx_word' id='word_1_129' title='bbox 2002 1226 2180 1280; x_wconf 79' lang='lat' dir='ltr'>Jarias</span> <span class='ocrx_word' id='word_1_130' title='bbox 2210 1226 2482 1280; x_wconf 86' lang='lat' dir='ltr'>turbatus</span> <span class='ocrx_word' id='word_1_131' title='bbox 2512 1228 2618 1292; x_wconf 89' lang='lat' dir='ltr'>est,</span> <span class='ocrx_word' id='word_1_132' title='bbox 2666 1230 2720 1279; x_wconf 90' lang='lat' dir='ltr'>et</span> <span class='ocrx_word' id='word_1_133' title='bbox 2774 1225 2950 1279; x_wconf 91' lang='lat' dir='ltr'>timor</span> <span class='ocrx_word' id='word_1_134' title='bbox 2988 1224 3200 1279; x_wconf 87' lang='lat' dir='ltr'>cecidit</span> <span class='ocrx_word' id='word_1_135' title='bbox 3229 1242 3406 1297; x_wconf 87' lang='lat' dir='ltr'>super</span> <span class='ocrx_word' id='word_1_136' title='bbox 3437 1242 3592 1280; x_wconf 87' lang='lat' dir='ltr'>eum.</span> 
     </span>
    </p>
   </div>
   <div class='ocr_carea' id='block_1_19' title="bbox 207 1306 1797 1389">
    <p class='ocr_par' dir='ltr' id='par_1_19' title="bbox 207 1306 1797 1389">
     <span class='ocr_line' id='line_1_19' title="bbox 207 1306 1797 1389; baseline -0.004 -22"><span class='ocrx_word' id='word_1_137' title='bbox 207 1312 491 1386; x_wconf 74' lang='grc' dir='ltr'>ἐταράχθη,</span> <span class='ocrx_word' id='word_1_138' title='bbox 551 1310 641 1365; x_wconf 80' lang='grc' dir='ltr'>καὶ</span> <span class='ocrx_word' id='word_1_139' title='bbox 701 1306 870 1389; x_wconf 72' lang='grc' dir='ltr'>φόϐος</span> <span class='ocrx_word' id='word_1_140' title='bbox 924 1310 1173 1365; x_wconf 66' lang='grc' dir='ltr'>ἐπέπεσεν</span> <span class='ocrx_word' id='word_1_141' title='bbox 1234 1307 1312 1363; x_wconf 80' lang='grc' dir='ltr'>ἐπ’</span> <span class='ocrx_word' id='word_1_142' title='bbox 1373 1308 1551 1364; x_wconf 79' lang='grc' dir='ltr'>αὐτόν.</span> <span class='ocrx_word' id='word_1_143' title='bbox 1608 1306 1797 1363; x_wconf 75' lang='grc' dir='ltr'>Εἶπεὲ</span> 
     </span>
    </p>
   </div>
   <div class='ocr_carea' id='block_1_20' title="bbox 2006 1306 3596 1389">
    <p class='ocr_par' dir='ltr' id='par_1_20' title="bbox 2006 1312 3596 1385">
     <span class='ocr_line' id='line_1_20' title="bbox 2006 1312 3596 1385; baseline 0.001 -16"><span class='ocrx_word' id='word_1_144' title='bbox 2006 1314 2046 1371; x_wconf 90' lang='lat' dir='ltr'>it</span> <span class='ocrx_word' id='word_1_145' title='bbox 2077 1319 2270 1369; x_wconf 88' lang='lat' dir='ltr'>autem</span> <span class='ocrx_word' id='word_1_146' title='bbox 2305 1313 2385 1368; x_wconf 90' lang='lat' dir='ltr'>illi</span> <span class='ocrx_word' id='word_1_147' title='bbox 2418 1312 2663 1385; x_wconf 85' lang='lat' dir='ltr'>angelus</span> <span class='ocrx_word' id='word_1_148' title='bbox 2698 1330 2710 1369; x_wconf 90' lang='lat'>:</span> <span class='ocrx_word' id='word_1_149' title='bbox 2744 1314 2825 1368; x_wconf 90' lang='lat' dir='ltr'>Ne</span> <span class='ocrx_word' id='word_1_150' title='bbox 2863 1313 3093 1381; x_wconf 82' lang='lat' dir='ltr'>timeas,</span> <span class='ocrx_word' id='word_1_151' title='bbox 3127 1313 3424 1381; x_wconf 88' lang='lat' dir='ltr'>Zacharia,</span> <span class='ocrx_word' id='word_1_152' title='bbox 3456 1331 3596 1385; x_wconf 85' lang='lat' dir='ltr'>quo-</span> 
     </span>
    </p>
   </div>
   <div class='ocr_carea' id='block_1_21' title="bbox 205 1394 1795 1477">
    <p class='ocr_par' dir='ltr' id='par_1_21' title="bbox 205 1394 1795 1477">
     <span class='ocr_line' id='line_1_21' title="bbox 205 1394 1795 1477; baseline -0.003 -21"><span class='ocrx_word' id='word_1_153' title='bbox 205 1402 334 1474; x_wconf 78' lang='grc' dir='ltr'>αὐτῴ</span> <span class='ocrx_word' id='word_1_154' title='bbox 363 1404 389 1456; x_wconf 88' lang='lat'>6</span> <span class='ocrx_word' id='word_1_155' title='bbox 417 1399 685 1476; x_wconf 81' lang='grc' dir='ltr'>ἄγγελος·</span> <span class='ocrx_word' id='word_1_156' title='bbox 736 1401 831 1469; x_wconf 82' lang='grc' dir='ltr'>Μὴ</span> <span class='ocrx_word' id='word_1_157' title='bbox 882 1394 1053 1477; x_wconf 69' lang='grc' dir='ltr'>φοϐοῦ</span> <span class='ocrx_word' id='word_1_158' title='bbox 1086 1398 1348 1473; x_wconf 83' lang='grc' dir='ltr'>Ζαχαρία,</span> <span class='ocrx_word' id='word_1_159' title='bbox 1396 1395 1535 1452; x_wconf 85' lang='grc' dir='ltr'><strong>διότι</strong></span> <span class='ocrx_word' id='word_1_160' title='bbox 1584 1398 1795 1468; x_wconf 71' lang='grc' dir='ltr'>εἰσηκοέ</span> 
     </span>
    </p>
   </div>
   <div class='ocr_carea' id='block_1_22' title="bbox 2009 1394 3599 1477">
    <p class='ocr_par' dir='ltr' id='par_1_22' title="bbox 2016 1401 3599 1470">
     <span class='ocr_line' id='line_1_22' title="bbox 2016 1401 3599 1470; baseline 0 -11"><span class='ocrx_word' id='word_1_161' title='bbox 2016 1420 2108 1459; x_wconf 90' lang='lat' dir='ltr'>am</span> <span class='ocrx_word' id='word_1_162' title='bbox 2141 1405 2412 1460; x_wconf 77' lang='lat' dir='ltr'>exaudita</span> <span class='ocrx_word' id='word_1_163' title='bbox 2441 1408 2529 1458; x_wconf 88' lang='lat' dir='ltr'>est</span> <span class='ocrx_word' id='word_1_164' title='bbox 2559 1402 2742 1457; x_wconf 86' lang='lat' dir='ltr'>oratio</span> <span class='ocrx_word' id='word_1_165' title='bbox 2771 1407 2893 1470; x_wconf 92' lang='lat' dir='ltr'>tua,</span> <span class='ocrx_word' id='word_1_166' title='bbox 2925 1406 2982 1458; x_wconf 91' lang='lat' dir='ltr'>et</span> <span class='ocrx_word' id='word_1_167' title='bbox 3010 1419 3141 1458; x_wconf 88' lang='lat' dir='ltr'>ecce</span> <span class='ocrx_word' id='word_1_168' title='bbox 3174 1401 3428 1459; x_wconf 89' lang='lat' dir='ltr'>Elisabet</span> <span class='ocrx_word' id='word_1_169' title='bbox 3456 1420 3599 1459; x_wconf 88' lang='lat' dir='ltr'>uxor</span> 
     </span>
    </p>
   </div>
   <div class='ocr_carea' id='block_1_23' title="bbox 204 1481 1794 1564">
    <p class='ocr_par' dir='ltr' id='par_1_23' title="bbox 204 1481 1794 1562">
     <span class='ocr_line' id='line_1_23' title="bbox 204 1481 1794 1562; baseline -0.004 -17"><span class='ocrx_word' id='word_1_170' title='bbox 204 1504 290 1560; x_wconf 79' lang='grc' dir='ltr'>σθη</span> <span class='ocrx_word' id='word_1_171' title='bbox 323 1494 356 1559; x_wconf 72' lang='grc' dir='ltr'>ἡ</span> <span class='ocrx_word' id='word_1_172' title='bbox 387 1489 575 1561; x_wconf 71' lang='grc' dir='ltr'>δέησίς</span> <span class='ocrx_word' id='word_1_173' title='bbox 608 1511 728 1557; x_wconf 83' lang='grc' dir='ltr'>σου,</span> <span class='ocrx_word' id='word_1_174' title='bbox 757 1489 846 1544; x_wconf 79' lang='grc' dir='ltr'>καὶ</span> <span class='ocrx_word' id='word_1_175' title='bbox 878 1487 996 1543; x_wconf 76' lang='grc' dir='ltr'>ἰδοὺ</span> <span class='ocrx_word' id='word_1_176' title='bbox 1044 1481 1328 1543; x_wconf 76' lang='grc' dir='ltr'>Ἐλισάϐετ</span> <span class='ocrx_word' id='word_1_177' title='bbox 1360 1490 1394 1557; x_wconf 78' lang='grc' dir='ltr'><strong>ὴ</strong></span> <span class='ocrx_word' id='word_1_178' title='bbox 1427 1489 1685 1562; x_wconf 73' lang='grc' dir='ltr'>συγγενής</span> <span class='ocrx_word' id='word_1_179' title='bbox 1719 1508 1794 1542; x_wconf 87' lang='grc' dir='ltr'>σοι</span> 
     </span>
    </p>
   </div>
   <div class='ocr_carea' id='block_1_24' title="bbox 2007 1481 3597 1564">
    <p class='ocr_par' dir='ltr' id='par_1_24' title="bbox 2007 1490 3597 1564">
     <span class='ocr_line' id='line_1_24' title="bbox 2007 1490 3597 1564; baseline 0.001 -18"><span class='ocrx_word' id='word_1_180' title='bbox 2007 1510 2051 1547; x_wconf 65' lang='grc' dir='ltr'>ιει</span> <span class='ocrx_word' id='word_1_181' title='bbox 2082 1493 2269 1564; x_wconf 87' lang='lat' dir='ltr'>pariet</span> <span class='ocrx_word' id='word_1_182' title='bbox 2300 1492 2403 1547; x_wconf 90' lang='lat' dir='ltr'>tibi</span> <span class='ocrx_word' id='word_1_183' title='bbox 2438 1491 2623 1546; x_wconf 82' lang='lat' dir='ltr'>{ilium</span> <span class='ocrx_word' id='word_1_184' title='bbox 2654 1495 2711 1546; x_wconf 89' lang='lat' dir='ltr'>et</span> <span class='ocrx_word' id='word_1_185' title='bbox 2742 1490 2975 1547; x_wconf 89' lang='lat' dir='ltr'>vocabis</span> <span class='ocrx_word' id='word_1_186' title='bbox 3025 1508 3237 1547; x_wconf 88' lang='lat' dir='ltr'>nomen</span> <span class='ocrx_word' id='word_1_187' title='bbox 3265 1493 3395 1562; x_wconf 87' lang='lat' dir='ltr'>ejus</span> <span class='ocrx_word' id='word_1_188' title='bbox 3421 1493 3597 1548; x_wconf 82' lang='lat' dir='ltr'>Joan-</span> 
     </span>
    </p>
   </div>
   <div class='ocr_carea' id='block_1_25' title="bbox 202 1573 1792 1653">
    <p class='ocr_par' dir='ltr' id='par_1_25' title="bbox 202 1573 1792 1653">
     <span class='ocr_line' id='line_1_25' title="bbox 202 1573 1792 1653; baseline -0.001 -19"><span class='ocrx_word' id='word_1_189' title='bbox 202 1583 429 1653; x_wconf 72' lang='grc' dir='ltr'>γεννήσει</span> <span class='ocrx_word' id='word_1_190' title='bbox 460 1579 581 1634; x_wconf 71' lang='grc' dir='ltr'>υἱόν</span> <span class='ocrx_word' id='word_1_191' title='bbox 611 1600 718 1643; x_wconf 83' lang='grc' dir='ltr'>σοι,</span> <span class='ocrx_word' id='word_1_192' title='bbox 749 1579 837 1634; x_wconf 81' lang='grc' dir='ltr'>καὶ</span> <span class='ocrx_word' id='word_1_193' title='bbox 873 1578 1121 1640; x_wconf 71' lang='grc' dir='ltr'>καλέσεις</span> <span class='ocrx_word' id='word_1_194' title='bbox 1167 1579 1229 1632; x_wconf 85' lang='grc' dir='ltr'>τὸ</span> <span class='ocrx_word' id='word_1_195' title='bbox 1260 1573 1432 1649; x_wconf 77' lang='grc' dir='ltr'>ὄνομα</span> <span class='ocrx_word' id='word_1_196' title='bbox 1462 1577 1627 1634; x_wconf 75' lang='grc' dir='ltr'>αὐτοῦ</span> <span class='ocrx_word' id='word_1_197' title='bbox 1653 1577 1792 1633; x_wconf 65' lang='grc' dir='ltr'>Ἰωάε</span> 
     </span>
    </p>
   </div>
   <div class='ocr_carea' id='block_1_26' title="bbox 2005 1573 3595 1653">
    <p class='ocr_par' dir='ltr' id='par_1_26' title="bbox 2005 1581 3595 1652">
     <span class='ocr_line' id='line_1_26' title="bbox 2005 1581 3595 1652; baseline 0 -15"><span class='ocrx_word' id='word_1_198' title='bbox 2005 1598 2103 1638; x_wconf 67' lang='lat' dir='ltr'>3m.</span> <span class='ocrx_word' id='word_1_199' title='bbox 2137 1583 2206 1637; x_wconf 88' lang='lat' dir='ltr'>Et</span> <span class='ocrx_word' id='word_1_200' title='bbox 2254 1582 2364 1637; x_wconf 91' lang='lat' dir='ltr'>erit</span> <span class='ocrx_word' id='word_1_201' title='bbox 2411 1581 2517 1636; x_wconf 85' lang='lat' dir='ltr'>tibi</span> <span class='ocrx_word' id='word_1_202' title='bbox 2561 1581 2844 1652; x_wconf 86' lang='lat' dir='ltr'>gaudium</span> <span class='ocrx_word' id='word_1_203' title='bbox 2895 1586 2951 1636; x_wconf 87' lang='lat' dir='ltr'>et</span> <span class='ocrx_word' id='word_1_204' title='bbox 2999 1581 3308 1637; x_wconf 83' lang='lat' dir='ltr'>exsultatio</span> <span class='ocrx_word' id='word_1_205' title='bbox 3348 1587 3405 1638; x_wconf 92' lang='lat' dir='ltr'>et</span> <span class='ocrx_word' id='word_1_206' title='bbox 3435 1583 3595 1637; x_wconf 92' lang='lat' dir='ltr'>omni</span> 
     </span>
    </p>
   </div>
   <div class='ocr_carea' id='block_1_27' title="bbox 199 1666 1789 1744">
    <p class='ocr_par' dir='ltr' id='par_1_27' title="bbox 199 1666 1789 1744">
     <span class='ocr_line' id='line_1_27' title="bbox 199 1666 1789 1744; baseline -0.001 -22"><span class='ocrx_word' id='word_1_207' title='bbox 199 1692 299 1739; x_wconf 82' lang='grc' dir='ltr'>νην,</span> <span class='ocrx_word' id='word_1_208' title='bbox 353 1670 449 1723; x_wconf 76' lang='grc' dir='ltr'>Καὶ</span> <span class='ocrx_word' id='word_1_209' title='bbox 502 1666 652 1724; x_wconf 64' lang='grc' dir='ltr'>ἔσται</span> <span class='ocrx_word' id='word_1_210' title='bbox 703 1670 847 1744; x_wconf 88' lang='grc' dir='ltr'>χαρά</span> <span class='ocrx_word' id='word_1_211' title='bbox 894 1688 978 1722; x_wconf 86' lang='grc' dir='ltr'>σοι</span> <span class='ocrx_word' id='word_1_212' title='bbox 1020 1668 1112 1721; x_wconf 84' lang='grc' dir='ltr'>καὶ</span> <span class='ocrx_word' id='word_1_213' title='bbox 1158 1666 1501 1742; x_wconf 82' lang='grc' dir='ltr'>ἀγαλλίασις,</span> <span class='ocrx_word' id='word_1_214' title='bbox 1551 1666 1641 1721; x_wconf 87' lang='grc' dir='ltr'>καὶ</span> <span class='ocrx_word' id='word_1_215' title='bbox 1675 1687 1789 1721; x_wconf 79' lang='grc' dir='ltr'>παψ</span> 
     </span>
    </p>
   </div>
   <div class='ocr_carea' id='block_1_28' title="bbox 2002 1666 3592 1744">
    <p class='ocr_par' dir='ltr' id='par_1_28' title="bbox 2002 1668 3592 1743">
     <span class='ocr_line' id='line_1_28' title="bbox 2002 1668 3592 1743; baseline -0.001 -16"><span class='ocrx_word' id='word_1_216' title='bbox 2002 1671 2159 1743; x_wconf 79' lang='lat' dir='ltr'>)pulo</span> <span class='ocrx_word' id='word_1_217' title='bbox 2187 1676 2286 1726; x_wconf 92' lang='lat' dir='ltr'>tuo</span> <span class='ocrx_word' id='word_1_218' title='bbox 2316 1671 2377 1725; x_wconf 69' lang='grc' dir='ltr'>ιδ.</span> <span class='ocrx_word' id='word_1_219' title='bbox 2414 1692 2440 1719; x_wconf 86' lang='grc'><strong>››</strong></span> <span class='ocrx_word' id='word_1_220' title='bbox 2476 1670 2604 1725; x_wconf 62' lang='lat' dir='ltr'>Haec</span> <span class='ocrx_word' id='word_1_221' title='bbox 2637 1668 2906 1741; x_wconf 87' lang='lat' dir='ltr'>loquente</span> <span class='ocrx_word' id='word_1_222' title='bbox 2936 1669 3161 1742; x_wconf 91' lang='lat' dir='ltr'>angelio</span> <span class='ocrx_word' id='word_1_223' title='bbox 3188 1687 3399 1742; x_wconf 86' lang='lat' dir='ltr'>pavore</span> <span class='ocrx_word' id='word_1_224' title='bbox 3429 1687 3495 1727; x_wconf 87' lang='lat' dir='ltr'>ac</span> <span class='ocrx_word' id='word_1_225' title='bbox 3521 1671 3592 1727; x_wconf 88' lang='lat' dir='ltr'>ti-</span> 
     </span>
    </p>
   </div>
   <div class='ocr_carea' id='block_1_29' title="bbox 199 1752 1789 1833">
    <p class='ocr_par' dir='ltr' id='par_1_29' title="bbox 199 1752 1770 1831">
     <span class='ocr_line' id='line_1_29' title="bbox 199 1752 1770 1831; baseline -0.003 -19"><span class='ocrx_word' id='word_1_226' title='bbox 199 1764 264 1831; x_wconf 78' lang='grc' dir='ltr'>τῷ</span> <span class='ocrx_word' id='word_1_227' title='bbox 317 1764 430 1831; x_wconf 82' lang='grc' dir='ltr'>Ααῷ</span> <span class='ocrx_word' id='word_1_228' title='bbox 473 1779 596 1814; x_wconf 80' lang='grc' dir='ltr'>σου.</span> <span class='ocrx_word' id='word_1_229' title='bbox 651 1782 678 1809; x_wconf 82' lang='grc'><strong>››</strong></span> <span class='ocrx_word' id='word_1_230' title='bbox 726 1760 900 1811; x_wconf 78' lang='grc' dir='ltr'>Ταῦτα</span> <span class='ocrx_word' id='word_1_231' title='bbox 927 1761 1025 1810; x_wconf 69' lang='grc' dir='ltr'>τοῦ</span> <span class='ocrx_word' id='word_1_232' title='bbox 1066 1753 1305 1831; x_wconf 65' lang='grc' dir='ltr'>ἄγγελον</span> <span class='ocrx_word' id='word_1_233' title='bbox 1336 1752 1770 1830; x_wconf 74' lang='grc' dir='ltr'>διαγορεύοντος,</span> 
     </span>
    </p>
   </div>
   <div class='ocr_carea' id='block_1_30' title="bbox 2001 1752 3591 1833">
    <p class='ocr_par' dir='ltr' id='par_1_30' title="bbox 2007 1758 3591 1833">
     <span class='ocr_line' id='line_1_30' title="bbox 2007 1758 3591 1833; baseline 0.001 -17"><span class='ocrx_word' id='word_1_234' title='bbox 2007 1777 2105 1817; x_wconf 91' lang='lat' dir='ltr'>ore</span> <span class='ocrx_word' id='word_1_235' title='bbox 2126 1760 2227 1815; x_wconf 88' lang='lat' dir='ltr'>Dei</span> <span class='ocrx_word' id='word_1_236' title='bbox 2250 1764 2554 1831; x_wconf 88' lang='lat' dir='ltr'>correptus</span> <span class='ocrx_word' id='word_1_237' title='bbox 2570 1758 2876 1814; x_wconf 88' lang='lat' dir='ltr'>Zacharias</span> <span class='ocrx_word' id='word_1_238' title='bbox 2895 1759 3194 1830; x_wconf 86' lang='lat' dir='ltr'>respondit</span> <span class='ocrx_word' id='word_1_239' title='bbox 3213 1759 3299 1813; x_wconf 89' lang='lat' dir='ltr'>illi</span> <span class='ocrx_word' id='word_1_240' title='bbox 3320 1776 3332 1815; x_wconf 95' lang='lat'>:</span> <span class='ocrx_word' id='word_1_241' title='bbox 3356 1760 3591 1833; x_wconf 82' lang='lat' dir='ltr'>Absque</span> 
     </span>
    </p>
   </div>
   <div class='ocr_carea' id='block_1_31' title="bbox 206 1838 1796 1945">
    <p class='ocr_par' dir='ltr' id='par_1_31' title="bbox 206 1838 1796 1945">
     <span class='ocr_line' id='line_1_31' title="bbox 206 1838 1796 1945; baseline 0.001 -46"><span class='ocrx_word' id='word_1_242' title='bbox 206 1847 453 1922; x_wconf 78' lang='grc' dir='ltr'>Ζαχαρίας</span> <span class='ocrx_word' id='word_1_243' title='bbox 484 1845 537 1900; x_wconf 74' lang='grc' dir='ltr'>ἰν</span> <span class='ocrx_word' id='word_1_244' title='bbox 570 1845 773 1917; x_wconf 86' lang='grc' dir='ltr'>τούτῳ,</span> <span class='ocrx_word' id='word_1_245' title='bbox 808 1841 987 1915; x_wconf 76' lang='grc' dir='ltr'>δειλίᾳ</span> <span class='ocrx_word' id='word_1_246' title='bbox 1014 1843 1102 1898; x_wconf 82' lang='grc' dir='ltr'>καὶ</span> <span class='ocrx_word' id='word_1_247' title='bbox 1137 1838 1292 1920; x_wconf 76' lang='grc' dir='ltr'>φόϐῳ</span> <span class='ocrx_word' id='word_1_248' title='bbox 1321 1847 1452 1901; x_wconf 75' lang='grc' dir='ltr'>Θεοῦ</span> <span class='ocrx_word' id='word_1_249' title='bbox 1474 1842 1796 1945; x_wconf 59' lang='grc' dir='ltr'>συλληφθεὶς</span> 
     </span>
    </p>
   </div>
   <div class='ocr_carea' id='block_1_32' title="bbox 1998 1838 3588 1945">
    <p class='ocr_par' dir='ltr' id='par_1_32' title="bbox 1998 1847 3588 1921">
     <span class='ocr_line' id='line_1_32' title="bbox 1998 1847 3588 1921; baseline 0.001 -17"><span class='ocrx_word' id='word_1_250' title='bbox 1998 1849 2347 1921; x_wconf 87' lang='lat' dir='ltr'>morejubes</span> <span class='ocrx_word' id='word_1_251' title='bbox 2386 1866 2479 1904; x_wconf 91' lang='lat' dir='ltr'>me</span> <span class='ocrx_word' id='word_1_252' title='bbox 2529 1847 2885 1916; x_wconf 87' lang='lat' dir='ltr'>ministrare,</span> <span class='ocrx_word' id='word_1_253' title='bbox 2937 1849 3138 1919; x_wconf 87' lang='lat' dir='ltr'>aisque</span> <span class='ocrx_word' id='word_1_254' title='bbox 3171 1848 3315 1903; x_wconf 91' lang='lat' dir='ltr'>mihi</span> <span class='ocrx_word' id='word_1_255' title='bbox 3352 1867 3364 1905; x_wconf 89' lang='lat'><strong>:</strong></span> <span class='ocrx_word' id='word_1_256' title='bbox 3396 1850 3478 1905; x_wconf 90' lang='lat' dir='ltr'>Ne</span> <span class='ocrx_word' id='word_1_257' title='bbox 3513 1850 3588 1905; x_wconf 85' lang='lat' dir='ltr'>ti-</span> 
     </span>
    </p>
   </div>
   <div class='ocr_carea' id='block_1_33' title="bbox 200 1927 1790 2011">
    <p class='ocr_par' dir='ltr' id='par_1_33' title="bbox 200 1927 1790 2011">
     <span class='ocr_line' id='line_1_33' title="bbox 200 1927 1790 2011; baseline -0.003 -21"><span class='ocrx_word' id='word_1_258' title='bbox 200 1936 535 2011; x_wconf 77' lang='grc' dir='ltr'>ἀνταπεκρίθη</span> <span class='ocrx_word' id='word_1_259' title='bbox 590 1934 725 2009; x_wconf 85' lang='grc' dir='ltr'>πρὸς</span> <span class='ocrx_word' id='word_1_260' title='bbox 772 1935 864 1988; x_wconf 82' lang='grc' dir='ltr'>τὸν</span> <span class='ocrx_word' id='word_1_261' title='bbox 912 1932 1148 2008; x_wconf 84' lang='grc' dir='ltr'>ἄγγελον</span> <span class='ocrx_word' id='word_1_262' title='bbox 1188 1933 1427 2010; x_wconf 61' lang='grc' dir='ltr'>φάσκων</span> <span class='ocrx_word' id='word_1_263' title='bbox 1480 1932 1623 2002; x_wconf 84' lang='grc' dir='ltr'>Ἕξω</span> <span class='ocrx_word' id='word_1_264' title='bbox 1655 1927 1790 2009; x_wconf 74' lang='grc' dir='ltr'>φόόο</span> 
     </span>
    </p>
   </div>
   <div class='ocr_carea' id='block_1_34' title="bbox 1996 1927 3586 2011">
    <p class='ocr_par' dir='ltr' id='par_1_34' title="bbox 1996 1936 3586 2010">
     <span class='ocr_line' id='line_1_34' title="bbox 1996 1936 3586 2010; baseline 0 -16"><span class='ocrx_word' id='word_1_265' title='bbox 1996 1956 2130 2007; x_wconf 71' lang='grc' dir='ltr'>ιθαε,</span> <span class='ocrx_word' id='word_1_266' title='bbox 2163 1938 2477 2006; x_wconf 84' lang='lat' dir='ltr'>Zacharia;</span> <span class='ocrx_word' id='word_1_267' title='bbox 2509 1954 2695 2009; x_wconf 89' lang='lat' dir='ltr'>ecqua</span> <span class='ocrx_word' id='word_1_268' title='bbox 2744 1937 2965 1993; x_wconf 84' lang='lat' dir='ltr'>ratione</span> <span class='ocrx_word' id='word_1_269' title='bbox 3010 1937 3133 1993; x_wconf 81' lang='lat' dir='ltr'>ﬁeri</span> <span class='ocrx_word' id='word_1_270' title='bbox 3165 1936 3308 1993; x_wconf 92' lang='lat' dir='ltr'>illud</span> <span class='ocrx_word' id='word_1_271' title='bbox 3342 1938 3586 2010; x_wconf 79' lang='lat' dir='ltr'>potest?</span> 
     </span>
    </p>
   </div>
   <div class='ocr_carea' id='block_1_35' title="bbox 198 2016 1788 2101">
    <p class='ocr_par' dir='ltr' id='par_1_35' title="bbox 198 2016 1788 2098">
     <span class='ocr_line' id='line_1_35' title="bbox 198 2016 1788 2098; baseline -0.003 -19"><span class='ocrx_word' id='word_1_272' title='bbox 198 2024 414 2079; x_wconf 73' lang='grc' dir='ltr'>κελεύεις</span> <span class='ocrx_word' id='word_1_273' title='bbox 477 2044 545 2097; x_wconf 81' lang='grc' dir='ltr'>με</span> <span class='ocrx_word' id='word_1_274' title='bbox 610 2024 923 2098; x_wconf 78' lang='grc' dir='ltr'>ὑπουργεῖν,</span> <span class='ocrx_word' id='word_1_275' title='bbox 980 2020 1070 2075; x_wconf 70' lang='grc' dir='ltr'>καί</span> <span class='ocrx_word' id='word_1_276' title='bbox 1126 2019 1304 2097; x_wconf 75' lang='grc' dir='ltr'>λὲγεις</span> <span class='ocrx_word' id='word_1_277' title='bbox 1357 2040 1470 2093; x_wconf 81' lang='grc' dir='ltr'>μοι·</span> <span class='ocrx_word' id='word_1_278' title='bbox 1504 2022 1591 2090; x_wconf 75' lang='grc' dir='ltr'>Μὴ</span> <span class='ocrx_word' id='word_1_279' title='bbox 1632 2016 1788 2095; x_wconf 76' lang='grc' dir='ltr'>φοϐοῐ</span> 
     </span>
    </p>
   </div>
   <div class='ocr_carea' id='block_1_36' title="bbox 1989 2016 3579 2101">
    <p class='ocr_par' dir='ltr' id='par_1_36' title="bbox 1989 2026 3579 2100">
     <span class='ocr_line' id='line_1_36' title="bbox 1989 2026 3579 2100; baseline 0 -16"><span class='ocrx_word' id='word_1_280' title='bbox 1989 2029 2098 2084; x_wconf 90' lang='lat' dir='ltr'>uod</span> <span class='ocrx_word' id='word_1_281' title='bbox 2130 2043 2435 2099; x_wconf 89' lang='lat' dir='ltr'>nunquam</span> <span class='ocrx_word' id='word_1_282' title='bbox 2464 2027 2720 2081; x_wconf 88' lang='lat' dir='ltr'>videram</span> <span class='ocrx_word' id='word_1_283' title='bbox 2768 2043 2923 2081; x_wconf 91' lang='lat' dir='ltr'>nunc</span> <span class='ocrx_word' id='word_1_284' title='bbox 2963 2026 3217 2097; x_wconf 89' lang='lat' dir='ltr'>primum</span> <span class='ocrx_word' id='word_1_285' title='bbox 3264 2028 3579 2100; x_wconf 79' lang='lat' dir='ltr'>conspicio,</span> 
     </span>
    </p>
   </div>
   <div class='ocr_carea' id='block_1_37' title="bbox 199 2106 1789 2189">
    <p class='ocr_par' dir='ltr' id='par_1_37' title="bbox 199 2106 1789 2189">
     <span class='ocr_line' id='line_1_37' title="bbox 199 2106 1789 2189; baseline -0.003 -22"><span class='ocrx_word' id='word_1_286' title='bbox 199 2114 431 2189; x_wconf 71' lang='grc' dir='ltr'>Ζαχαρίαο</span> <span class='ocrx_word' id='word_1_287' title='bbox 480 2115 575 2167; x_wconf 80' lang='grc' dir='ltr'>καὶ</span> <span class='ocrx_word' id='word_1_288' title='bbox 625 2117 743 2174; x_wconf 77' lang='grc' dir='ltr'>πῶς</span> <span class='ocrx_word' id='word_1_289' title='bbox 793 2110 904 2165; x_wconf 76' lang='grc' dir='ltr'>οἷόν</span> <span class='ocrx_word' id='word_1_290' title='bbox 942 2131 1002 2165; x_wconf 87' lang='grc' dir='ltr'>τε</span> <span class='ocrx_word' id='word_1_291' title='bbox 1043 2114 1243 2178; x_wconf 71' lang='grc' dir='ltr'>τοῦ-τος</span> <span class='ocrx_word' id='word_1_292' title='bbox 1277 2110 1346 2167; x_wconf 88' lang='lat'>&quot;0</span> <span class='ocrx_word' id='word_1_293' title='bbox 1372 2108 1469 2163; x_wconf 77' lang='grc' dir='ltr'>οὐκ</span> <span class='ocrx_word' id='word_1_294' title='bbox 1500 2106 1639 2164; x_wconf 79' lang='grc' dir='ltr'>εἶδόν</span> <span class='ocrx_word' id='word_1_295' title='bbox 1672 2131 1789 2164; x_wconf 84' lang='grc' dir='ltr'>ποτε</span> 
     </span>
    </p>
   </div>
   <div class='ocr_carea' id='block_1_38' title="bbox 1990 2106 3580 2189">
    <p class='ocr_par' dir='ltr' id='par_1_38' title="bbox 1996 2115 3580 2189">
     <span class='ocr_line' id='line_1_38' title="bbox 1996 2115 3580 2189; baseline 0.001 -17"><span class='ocrx_word' id='word_1_296' title='bbox 1996 2124 2270 2189; x_wconf 89' lang='lat' dir='ltr'>quentem</span> <span class='ocrx_word' id='word_1_297' title='bbox 2295 2116 2922 2188; x_wconf 89' lang='lat' dir='ltr'>ignem,incorporeum</span> <span class='ocrx_word' id='word_1_298' title='bbox 2950 2115 3267 2182; x_wconf 88' lang='lat' dir='ltr'>hominem,</span> <span class='ocrx_word' id='word_1_299' title='bbox 3286 2117 3580 2188; x_wconf 90' lang='lat' dir='ltr'>depictum</span> 
     </span>
    </p>
   </div>
   <div class='ocr_carea' id='block_1_39' title="bbox 198 2198 1788 2276">
    <p class='ocr_par' dir='ltr' id='par_1_39' title="bbox 198 2198 1788 2275">
     <span class='ocr_line' id='line_1_39' title="bbox 198 2198 1788 2275; baseline -0.001 -22"><span class='ocrx_word' id='word_1_300' title='bbox 198 2206 273 2255; x_wconf 72' lang='grc' dir='ltr'>νῦν</span> <span class='ocrx_word' id='word_1_301' title='bbox 318 2201 366 2256; x_wconf 78' lang='grc' dir='ltr'>ὲν</span> <span class='ocrx_word' id='word_1_302' title='bbox 412 2203 660 2275; x_wconf 83' lang='grc' dir='ltr'>πρώτοις</span> <span class='ocrx_word' id='word_1_303' title='bbox 702 2199 978 2271; x_wconf 63' lang='grc' dir='ltr'>τεθέαμαι,</span> <span class='ocrx_word' id='word_1_304' title='bbox 1026 2203 1135 2273; x_wconf 74' lang='grc' dir='ltr'>πῦρ</span> <span class='ocrx_word' id='word_1_305' title='bbox 1183 2198 1568 2275; x_wconf 80' lang='grc' dir='ltr'>φθεγγόμενον,</span> <span class='ocrx_word' id='word_1_306' title='bbox 1601 2198 1788 2271; x_wconf 83' lang='grc' dir='ltr'>ἀσώμα</span> 
     </span>
    </p>
   </div>
   <div class='ocr_carea' id='block_1_40' title="bbox 1990 2198 3580 2276">
    <p class='ocr_par' dir='ltr' id='par_1_40' title="bbox 1990 2204 3580 2276">
     <span class='ocr_line' id='line_1_40' title="bbox 1990 2204 3580 2276; baseline 0.001 -15"><span class='ocrx_word' id='word_1_307' title='bbox 1990 2206 2186 2270; x_wconf 74' lang='grc' dir='ltr'>ιιιιιω,</span> <span class='ocrx_word' id='word_1_308' title='bbox 2236 2204 2693 2276; x_wconf 90' lang='lat' dir='ltr'>incompositum</span> <span class='ocrx_word' id='word_1_309' title='bbox 2745 2208 3069 2275; x_wconf 86' lang='lat' dir='ltr'>aspectum,</span> <span class='ocrx_word' id='word_1_310' title='bbox 3103 2204 3372 2260; x_wconf 89' lang='lat' dir='ltr'>habitum</span> <span class='ocrx_word' id='word_1_311' title='bbox 3406 2206 3580 2263; x_wconf 89' lang='lat' dir='ltr'>nubis</span> 
     </span>
    </p>
   </div>
   <div class='ocr_carea' id='block_1_41' title="bbox 196 2286 1786 2367">
    <p class='ocr_par' dir='ltr' id='par_1_41' title="bbox 196 2286 1786 2365">
     <span class='ocr_line' id='line_1_41' title="bbox 196 2286 1786 2365; baseline -0.002 -21"><span class='ocrx_word' id='word_1_312' title='bbox 196 2312 272 2344; x_wconf 80' lang='grc' dir='ltr'>τον</span> <span class='ocrx_word' id='word_1_313' title='bbox 328 2293 635 2365; x_wconf 72' lang='grc' dir='ltr'>ἄνθρωπον,</span> <span class='ocrx_word' id='word_1_314' title='bbox 718 2290 1068 2365; x_wconf 75' lang='grc' dir='ltr'>ζωγραφητὸν</span> <span class='ocrx_word' id='word_1_315' title='bbox 1141 2288 1455 2363; x_wconf 86' lang='grc' dir='ltr'>πρόσωπον,</span> <span class='ocrx_word' id='word_1_316' title='bbox 1538 2286 1786 2350; x_wconf 83' lang='grc' dir='ltr'>ἀσύνθετο</span> 
     </span>
    </p>
   </div>
   <div class='ocr_carea' id='block_1_42' title="bbox 1987 2286 3577 2367">
    <p class='ocr_par' dir='ltr' id='par_1_42' title="bbox 1987 2293 3577 2361">
     <span class='ocr_line' id='line_1_42' title="bbox 1987 2293 3577 2361; baseline 0 -8"><span class='ocrx_word' id='word_1_317' title='bbox 1987 2297 2186 2353; x_wconf 78' lang='lat' dir='ltr'>)cciem</span> <span class='ocrx_word' id='word_1_318' title='bbox 2215 2297 2756 2360; x_wconf 82' lang='lat' dir='ltr'>ferentem,aereum</span> <span class='ocrx_word' id='word_1_319' title='bbox 2785 2308 3080 2348; x_wconf 88' lang='lat' dir='ltr'>cursorem</span> <span class='ocrx_word' id='word_1_320' title='bbox 3104 2293 3577 2361; x_wconf 86' lang='lat' dir='ltr'>alatum,sermo-</span> 
     </span>
    </p>
   </div>
   <div class='ocr_carea' id='block_1_43' title="bbox 194 2370 1784 2456">
    <p class='ocr_par' dir='ltr' id='par_1_43' title="bbox 194 2370 1784 2456">
     <span class='ocr_line' id='line_1_43' title="bbox 194 2370 1784 2456; baseline -0.001 -25"><span class='ocrx_word' id='word_1_321' title='bbox 194 2374 318 2451; x_wconf 56' lang='grc' dir='ltr'>ὄφιν,</span> <span class='ocrx_word' id='word_1_322' title='bbox 347 2378 804 2456; x_wconf 68' lang='grc' dir='ltr'>νεφελοσύστατον</span> <span class='ocrx_word' id='word_1_323' title='bbox 839 2383 1054 2452; x_wconf 85' lang='grc' dir='ltr'>σχῆμα,</span> <span class='ocrx_word' id='word_1_324' title='bbox 1091 2370 1383 2450; x_wconf 78' lang='grc' dir='ltr'>ἀερόϐατον</span> <span class='ocrx_word' id='word_1_325' title='bbox 1440 2372 1645 2450; x_wconf 71' lang='grc' dir='ltr'>δρομέα</span> <span class='ocrx_word' id='word_1_326' title='bbox 1699 2396 1784 2430; x_wconf 71' lang='lat' dir='ltr'>me</span> 
     </span>
    </p>
   </div>
   <div class='ocr_carea' id='block_1_44' title="bbox 1988 2370 3578 2456">
    <p class='ocr_par' dir='ltr' id='par_1_44' title="bbox 1988 2382 3578 2453">
     <span class='ocr_line' id='line_1_44' title="bbox 1988 2382 3578 2453; baseline 0 -13"><span class='ocrx_word' id='word_1_327' title='bbox 1988 2402 2066 2440; x_wconf 71' lang='lat' dir='ltr'>3m</span> <span class='ocrx_word' id='word_1_328' title='bbox 2098 2386 2247 2441; x_wconf 87' lang='lat' dir='ltr'>inter</span> <span class='ocrx_word' id='word_1_329' title='bbox 2267 2383 2553 2439; x_wconf 84' lang='lat' dir='ltr'>sacrificia</span> <span class='ocrx_word' id='word_1_330' title='bbox 2573 2388 2976 2453; x_wconf 84' lang='lat' dir='ltr'>erumpentem</span> <span class='ocrx_word' id='word_1_331' title='bbox 3000 2382 3472 2451; x_wconf 89' lang='lat' dir='ltr'>emittis,metum</span> <span class='ocrx_word' id='word_1_332' title='bbox 3496 2385 3578 2440; x_wconf 90' lang='lat' dir='ltr'>in-</span> 
     </span>
    </p>
   </div>
   <div class='ocr_carea' id='block_1_45' title="bbox 193 2459 1783 2544">
    <p class='ocr_par' dir='ltr' id='par_1_45' title="bbox 193 2459 1783 2542">
     <span class='ocr_line' id='line_1_45' title="bbox 193 2459 1783 2542; baseline -0.003 -21"><span class='ocrx_word' id='word_1_333' title='bbox 193 2463 855 2542; x_wconf 69' lang='grc' dir='ltr'>ροϐόλον,θυσιοπάρεδρον</span> <span class='ocrx_word' id='word_1_334' title='bbox 886 2466 1052 2539; x_wconf 90' lang='grc' dir='ltr'>λόγον</span> <span class='ocrx_word' id='word_1_335' title='bbox 1085 2460 1486 2534; x_wconf 72' lang='grc' dir='ltr'>ἐκϐάλλεις,καὶ</span> <span class='ocrx_word' id='word_1_336' title='bbox 1518 2459 1684 2540; x_wconf 72' lang='grc' dir='ltr'>φόϐον</span> <span class='ocrx_word' id='word_1_337' title='bbox 1716 2462 1783 2519; x_wconf 79' lang='grc' dir='ltr'>δει</span> 
     </span>
    </p>
   </div>
   <div class='ocr_carea' id='block_1_46' title="bbox 1984 2459 3574 2544">
    <p class='ocr_par' dir='ltr' id='par_1_46' title="bbox 1984 2473 3574 2544">
     <span class='ocr_line' id='line_1_46' title="bbox 1984 2473 3574 2544; baseline 0 -15"><span class='ocrx_word' id='word_1_338' title='bbox 1984 2477 2102 2544; x_wconf 76' lang='lat' dir='ltr'>itis,</span> <span class='ocrx_word' id='word_1_339' title='bbox 2120 2476 2294 2529; x_wconf 89' lang='lat' dir='ltr'>verba</span> <span class='ocrx_word' id='word_1_340' title='bbox 2315 2479 2415 2528; x_wconf 91' lang='lat' dir='ltr'>tua</span> <span class='ocrx_word' id='word_1_341' title='bbox 2445 2473 2635 2543; x_wconf 74' lang='lat' dir='ltr'>ignea,</span> <span class='ocrx_word' id='word_1_342' title='bbox 2658 2477 2714 2526; x_wconf 91' lang='lat' dir='ltr'>et</span> <span class='ocrx_word' id='word_1_343' title='bbox 2735 2473 3025 2542; x_wconf 82' lang='lat' dir='ltr'>promissa</span> <span class='ocrx_word' id='word_1_344' title='bbox 3042 2477 3141 2527; x_wconf 89' lang='lat' dir='ltr'>tua</span> <span class='ocrx_word' id='word_1_345' title='bbox 3171 2474 3393 2529; x_wconf 89' lang='lat' dir='ltr'>creditu</span> <span class='ocrx_word' id='word_1_346' title='bbox 3420 2474 3574 2529; x_wconf 83' lang='lat' dir='ltr'>difﬁ-</span> 
     </span>
    </p>
   </div>
   <div class='ocr_carea' id='block_1_47' title="bbox 192 2552 1782 2633">
    <p class='ocr_par' dir='ltr' id='par_1_47' title="bbox 192 2552 1782 2632">
     <span class='ocr_line' id='line_1_47' title="bbox 192 2552 1782 2632; baseline -0.002 -21"><span class='ocrx_word' id='word_1_347' title='bbox 192 2556 362 2618; x_wconf 72' lang='grc' dir='ltr'>κνύειςο</span> <span class='ocrx_word' id='word_1_348' title='bbox 393 2558 457 2611; x_wconf 71' lang='grc' dir='ltr'>τὰ</span> <span class='ocrx_word' id='word_1_349' title='bbox 573 2556 717 2629; x_wconf 73' lang='grc' dir='ltr'>ματα</span> <span class='ocrx_word' id='word_1_350' title='bbox 749 2576 843 2609; x_wconf 90' lang='grc' dir='ltr'>σου</span> <span class='ocrx_word' id='word_1_351' title='bbox 872 2554 1185 2628; x_wconf 82' lang='grc' dir='ltr'>πύρινα,καὶ</span> <span class='ocrx_word' id='word_1_352' title='bbox 1212 2555 1280 2608; x_wconf 76' lang='grc' dir='ltr'>τὰ</span> <span class='ocrx_word' id='word_1_353' title='bbox 1310 2552 1697 2629; x_wconf 67' lang='grc' dir='ltr'>ἐπαγγέλματα</span> <span class='ocrx_word' id='word_1_354' title='bbox 1721 2574 1782 2608; x_wconf 88' lang='grc' dir='ltr'>σο</span> 
     </span>
    </p>
   </div>
   <div class='ocr_carea' id='block_1_48' title="bbox 1982 2552 3572 2633">
    <p class='ocr_par' dir='ltr' id='par_1_48' title="bbox 1986 2560 3572 2633">
     <span class='ocr_line' id='line_1_48' title="bbox 1986 2560 3572 2633; baseline 0.001 -15"><span class='ocrx_word' id='word_1_355' title='bbox 1986 2564 2081 2620; x_wconf 92' lang='lat' dir='ltr'>lia.</span> <span class='ocrx_word' id='word_1_356' title='bbox 2104 2564 2361 2620; x_wconf 89' lang='lat' dir='ltr'>Elisabet</span> <span class='ocrx_word' id='word_1_357' title='bbox 2392 2568 2623 2617; x_wconf 87' lang='lat' dir='ltr'>uterum</span> <span class='ocrx_word' id='word_1_358' title='bbox 2654 2560 2943 2631; x_wconf 87' lang='lat' dir='ltr'>gestabit;</span> <span class='ocrx_word' id='word_1_359' title='bbox 2978 2576 3083 2633; x_wconf 85' lang='lat' dir='ltr'>ego</span> <span class='ocrx_word' id='word_1_360' title='bbox 3115 2566 3277 2633; x_wconf 83' lang='lat' dir='ltr'>pater</span> <span class='ocrx_word' id='word_1_361' title='bbox 3306 2578 3434 2620; x_wconf 89' lang='lat' dir='ltr'>esse</span> <span class='ocrx_word' id='word_1_362' title='bbox 3475 2565 3572 2620; x_wconf 91' lang='lat' dir='ltr'>de-</span> 
     </span>
    </p>
   </div>
   <div class='ocr_carea' id='block_1_49' title="bbox 194 2640 1784 2724">
    <p class='ocr_par' dir='ltr' id='par_1_49' title="bbox 194 2640 1784 2722">
     <span class='ocr_line' id='line_1_49' title="bbox 194 2640 1784 2722; baseline -0.002 -23"><span class='ocrx_word' id='word_1_363' title='bbox 194 2643 441 2703; x_wconf 82' lang='grc' dir='ltr'>δύσπιστα.</span> <span class='ocrx_word' id='word_1_364' title='bbox 474 2641 768 2701; x_wconf 72' lang='grc' dir='ltr'>Έλισάὅετ</span> <span class='ocrx_word' id='word_1_365' title='bbox 816 2646 1171 2722; x_wconf 75' lang='grc' dir='ltr'>κυοφορήσει,</span> <span class='ocrx_word' id='word_1_366' title='bbox 1200 2642 1354 2717; x_wconf 79' lang='grc' dir='ltr'>κάγὼ</span> <span class='ocrx_word' id='word_1_367' title='bbox 1396 2644 1575 2717; x_wconf 74' lang='grc' dir='ltr'>πατὴρ</span> <span class='ocrx_word' id='word_1_368' title='bbox 1606 2640 1784 2699; x_wconf 84' lang='grc' dir='ltr'>ἀναδει</span> 
     </span>
    </p>
   </div>
   <div class='ocr_carea' id='block_1_50' title="bbox 1984 2640 3574 2724">
    <p class='ocr_par' dir='ltr' id='par_1_50' title="bbox 1984 2651 3574 2724">
     <span class='ocr_line' id='line_1_50' title="bbox 1984 2651 3574 2724; baseline -0.001 -15"><span class='ocrx_word' id='word_1_369' title='bbox 1984 2653 2230 2710; x_wconf 90' lang='lat' dir='ltr'>arabor?</span> <span class='ocrx_word' id='word_1_370' title='bbox 2259 2654 2402 2709; x_wconf 86' lang='lat' dir='ltr'>Cum</span> <span class='ocrx_word' id='word_1_371' title='bbox 2434 2651 2623 2706; x_wconf 89' lang='lat' dir='ltr'>vicina</span> <span class='ocrx_word' id='word_1_372' title='bbox 2650 2667 2827 2718; x_wconf 86' lang='lat' dir='ltr'>mors,</span> <span class='ocrx_word' id='word_1_373' title='bbox 2860 2654 3062 2705; x_wconf 89' lang='lat' dir='ltr'>tumne</span> <span class='ocrx_word' id='word_1_374' title='bbox 3093 2668 3237 2721; x_wconf 90' lang='lat' dir='ltr'>puer</span> <span class='ocrx_word' id='word_1_375' title='bbox 3265 2652 3574 2724; x_wconf 80' lang='lat' dir='ltr'>gignitur?</span> 
     </span>
    </p>
   </div>
   <div class='ocr_carea' id='block_1_51' title="bbox 194 2730 1784 2811">
    <p class='ocr_par' dir='ltr' id='par_1_51' title="bbox 194 2730 1784 2810">
     <span class='ocr_line' id='line_1_51' title="bbox 194 2730 1784 2810; baseline -0.002 -21"><span class='ocrx_word' id='word_1_376' title='bbox 194 2737 471 2810; x_wconf 74' lang='grc' dir='ltr'>χθήσομαι;</span> <span class='ocrx_word' id='word_1_377' title='bbox 503 2738 641 2789; x_wconf 56' lang='lat' dir='ltr'>&quot;Dte</span> <span class='ocrx_word' id='word_1_378' title='bbox 670 2735 895 2789; x_wconf 83' lang='grc' dir='ltr'>θανάτου</span> <span class='ocrx_word' id='word_1_379' title='bbox 922 2732 1178 2809; x_wconf 80' lang='grc' dir='ltr'>γειτονία,</span> <span class='ocrx_word' id='word_1_380' title='bbox 1207 2732 1331 2787; x_wconf 86' lang='grc' dir='ltr'>τότε</span> <span class='ocrx_word' id='word_1_381' title='bbox 1360 2730 1552 2794; x_wconf 88' lang='grc' dir='ltr'>παιδὸς</span> <span class='ocrx_word' id='word_1_382' title='bbox 1584 2753 1784 2809; x_wconf 80' lang='grc' dir='ltr'>φυτουρ</span> 
     </span>
    </p>
   </div>
   <div class='ocr_carea' id='block_1_52' title="bbox 1981 2730 3571 2811">
    <p class='ocr_par' dir='ltr' id='par_1_52' title="bbox 1981 2738 3571 2811">
     <span class='ocr_line' id='line_1_52' title="bbox 1981 2738 3571 2811; baseline -0.001 -12"><span class='ocrx_word' id='word_1_383' title='bbox 1981 2761 2071 2799; x_wconf 87' lang='lat' dir='ltr'>um</span> <span class='ocrx_word' id='word_1_384' title='bbox 2105 2748 2269 2798; x_wconf 70' lang='lat' dir='ltr'>aztate</span> <span class='ocrx_word' id='word_1_385' title='bbox 2298 2758 2438 2797; x_wconf 88' lang='lat' dir='ltr'>avus</span> <span class='ocrx_word' id='word_1_386' title='bbox 2458 2756 2587 2796; x_wconf 89' lang='lat' dir='ltr'>esse</span> <span class='ocrx_word' id='word_1_387' title='bbox 2609 2738 2851 2811; x_wconf 86' lang='lat' dir='ltr'>possim,</span> <span class='ocrx_word' id='word_1_388' title='bbox 2875 2743 3078 2794; x_wconf 91' lang='lat' dir='ltr'>tumne</span> <span class='ocrx_word' id='word_1_389' title='bbox 3097 2756 3187 2794; x_wconf 89' lang='lat' dir='ltr'>me</span> <span class='ocrx_word' id='word_1_390' title='bbox 3206 2744 3428 2811; x_wconf 89' lang='lat' dir='ltr'>patrem</span> <span class='ocrx_word' id='word_1_391' title='bbox 3454 2742 3571 2797; x_wconf 84' lang='lat' dir='ltr'>fore</span> 
     </span>
    </p>
   </div>
   <div class='ocr_carea' id='block_1_53' title="bbox 191 2819 1781 2905">
    <p class='ocr_par' dir='ltr' id='par_1_53' title="bbox 191 2819 1781 2901">
     <span class='ocr_line' id='line_1_53' title="bbox 191 2819 1781 2901; baseline -0.001 -23"><span class='ocrx_word' id='word_1_392' title='bbox 191 2825 295 2901; x_wconf 82' lang='grc' dir='ltr'>γία;</span> <span class='ocrx_word' id='word_1_393' title='bbox 323 2829 439 2880; x_wconf 84' lang='grc' dir='ltr'>Ὅτε</span> <span class='ocrx_word' id='word_1_394' title='bbox 467 2824 699 2886; x_wconf 83' lang='grc' dir='ltr'>πάππος</span> <span class='ocrx_word' id='word_1_395' title='bbox 727 2824 826 2892; x_wconf 84' lang='grc' dir='ltr'>τήν</span> <span class='ocrx_word' id='word_1_396' title='bbox 857 2821 1226 2893; x_wconf 72' lang='grc' dir='ltr'>ἠλικίαν,τότε</span> <span class='ocrx_word' id='word_1_397' title='bbox 1253 2823 1430 2897; x_wconf 79' lang='grc' dir='ltr'>πατὴρ</span> <span class='ocrx_word' id='word_1_398' title='bbox 1459 2823 1557 2890; x_wconf 81' lang='grc' dir='ltr'>τήν</span> <span class='ocrx_word' id='word_1_399' title='bbox 1582 2819 1781 2897; x_wconf 83' lang='grc' dir='ltr'>προσδο</span> 
     </span>
    </p>
   </div>
   <div class='ocr_carea' id='block_1_54' title="bbox 1978 2819 3568 2905">
    <p class='ocr_par' dir='ltr' id='par_1_54' title="bbox 1978 2827 3568 2901">
     <span class='ocr_line' id='line_1_54' title="bbox 1978 2827 3568 2901; baseline -0.001 -13"><span class='ocrx_word' id='word_1_400' title='bbox 1978 2828 2782 2901; x_wconf 70' lang='grc' dir='ltr'>ιεναιιάιιτῐιῩΝιιιιειεὶεοεηάἱ</span> <span class='ocrx_word' id='word_1_401' title='bbox 2806 2827 3257 2899; x_wconf 88' lang='lat' dir='ltr'>ratio:genitalia</span> <span class='ocrx_word' id='word_1_402' title='bbox 3283 2831 3568 2886; x_wconf 85' lang='lat' dir='ltr'>exstincta</span> 
     </span>
    </p>
   </div>
   <div class='ocr_carea' id='block_1_55' title="bbox 191 2906 1781 2990">
    <p class='ocr_par' dir='ltr' id='par_1_55' title="bbox 191 2906 1781 2990">
     <span class='ocr_line' id='line_1_55' title="bbox 191 2906 1781 2990; baseline -0.002 -22"><span class='ocrx_word' id='word_1_403' title='bbox 191 2915 323 2983; x_wconf 74' lang='grc' dir='ltr'>κίανς</span> <span class='ocrx_word' id='word_1_404' title='bbox 357 2914 511 2990; x_wconf 87' lang='grc' dir='ltr'>λόγος</span> <span class='ocrx_word' id='word_1_405' title='bbox 541 2914 689 2989; x_wconf 79' lang='grc' dir='ltr'>πρὸς</span> <span class='ocrx_word' id='word_1_406' title='bbox 720 2913 881 2988; x_wconf 89' lang='grc' dir='ltr'>γόνον</span> <span class='ocrx_word' id='word_1_407' title='bbox 912 2909 1104 2973; x_wconf 77' lang='grc' dir='ltr'>οὐδείς’</span> <span class='ocrx_word' id='word_1_408' title='bbox 1139 2906 1361 2980; x_wconf 66' lang='grc' dir='ltr'>ἔσϐἑσθη</span> <span class='ocrx_word' id='word_1_409' title='bbox 1413 2912 1479 2966; x_wconf 81' lang='grc' dir='ltr'>τὰ</span> <span class='ocrx_word' id='word_1_410' title='bbox 1527 2931 1781 2985; x_wconf 83' lang='grc' dir='ltr'>γεννητικ</span> 
     </span>
    </p>
   </div>
   <div class='ocr_carea' id='block_1_56' title="bbox 1978 2906 3568 2990">
    <p class='ocr_par' dir='ltr' id='par_1_56' title="bbox 1979 2918 3568 2990">
     <span class='ocr_line' id='line_1_56' title="bbox 1979 2918 3568 2990; baseline -0.003 -11"><span class='ocrx_word' id='word_1_411' title='bbox 1979 2926 2074 2979; x_wconf 80' lang='lat'>3|</span> <span class='ocrx_word' id='word_1_412' title='bbox 2111 2928 2270 2989; x_wconf 86' lang='lat' dir='ltr'>sunt,</span> <span class='ocrx_word' id='word_1_413' title='bbox 2304 2920 2518 2975; x_wconf 88' lang='lat' dir='ltr'>dormit</span> <span class='ocrx_word' id='word_1_414' title='bbox 2546 2919 2672 2988; x_wconf 89' lang='lat' dir='ltr'>jam</span> <span class='ocrx_word' id='word_1_415' title='bbox 2708 2921 2937 2985; x_wconf 80' lang='lat' dir='ltr'>natura,</span> <span class='ocrx_word' id='word_1_416' title='bbox 2973 2932 3078 2972; x_wconf 89' lang='lat' dir='ltr'>nec</span> <span class='ocrx_word' id='word_1_417' title='bbox 3110 2918 3344 2972; x_wconf 87' lang='lat' dir='ltr'>excitari</span> <span class='ocrx_word' id='word_1_418' title='bbox 3378 2924 3568 2990; x_wconf 87' lang='lat' dir='ltr'>potest</span> 
     </span>
    </p>
   </div>
   <div class='ocr_carea' id='block_1_57' title="bbox 196 2998 1786 3081">
    <p class='ocr_par' dir='ltr' id='par_1_57' title="bbox 196 2998 1780 3078">
     <span class='ocr_line' id='line_1_57' title="bbox 196 2998 1780 3078; baseline -0.002 -21"><span class='ocrx_word' id='word_1_419' title='bbox 196 3005 353 3077; x_wconf 73' lang='grc' dir='ltr'>μόρια,</span> <span class='ocrx_word' id='word_1_420' title='bbox 400 3000 733 3072; x_wconf 74' lang='grc' dir='ltr'>ἐκαθεύδησε</span> <span class='ocrx_word' id='word_1_421' title='bbox 781 2999 976 3056; x_wconf 86' lang='grc' dir='ltr'>λοιπὸν</span> <span class='ocrx_word' id='word_1_422' title='bbox 1017 3003 1051 3069; x_wconf 76' lang='grc' dir='ltr'><strong>ἡ</strong></span> <span class='ocrx_word' id='word_1_423' title='bbox 1092 3000 1271 3078; x_wconf 79' lang='grc' dir='ltr'>φύσις,</span> <span class='ocrx_word' id='word_1_424' title='bbox 1301 2998 1643 3062; x_wconf 83' lang='grc' dir='ltr'>ἀδιύπνιστος</span> <span class='ocrx_word' id='word_1_425' title='bbox 1675 3001 1780 3075; x_wconf 89' lang='grc' dir='ltr'>πρὸ</span> 
     </span>
    </p>
   </div>
   <div class='ocr_carea' id='block_1_58' title="bbox 1974 2998 3564 3081">
    <p class='ocr_par' dir='ltr' id='par_1_58' title="bbox 1974 3005 3564 3081">
     <span class='ocr_line' id='line_1_58' title="bbox 1974 3005 3564 3081; baseline -0.001 -15"><span class='ocrx_word' id='word_1_426' title='bbox 1974 3014 1995 3066; x_wconf 78' lang='grc'><strong>1</strong></span> <span class='ocrx_word' id='word_1_427' title='bbox 2028 3007 2665 3081; x_wconf 88' lang='lat' dir='ltr'>concupiscentiam,ad</span> <span class='ocrx_word' id='word_1_428' title='bbox 2690 3005 3040 3061; x_wconf 88' lang='lat' dir='ltr'>oblivionem</span> <span class='ocrx_word' id='word_1_429' title='bbox 3066 3007 3153 3061; x_wconf 91' lang='lat' dir='ltr'>sui</span> <span class='ocrx_word' id='word_1_430' title='bbox 3177 3007 3425 3063; x_wconf 84' lang='lat' dir='ltr'>devenit.</span> <span class='ocrx_word' id='word_1_431' title='bbox 3453 3013 3564 3081; x_wconf 82' lang='lat' dir='ltr'>Ego</span> 
     </span>
    </p>
   </div>
   <div class='ocr_carea' id='block_1_59' title="bbox 192 3089 1782 3173">
    <p class='ocr_par' dir='ltr' id='par_1_59' title="bbox 192 3089 1775 3167">
     <span class='ocr_line' id='line_1_59' title="bbox 192 3089 1775 3167; baseline -0.001 -21"><span class='ocrx_word' id='word_1_432' title='bbox 192 3092 334 3167; x_wconf 72' lang='grc' dir='ltr'>ὄρεξιν</span> <span class='ocrx_word' id='word_1_433' title='bbox 368 3096 531 3167; x_wconf 54' lang='grc' dir='ltr'>μένεϊ,</span> <span class='ocrx_word' id='word_1_434' title='bbox 585 3091 763 3162; x_wconf 82' lang='grc' dir='ltr'>λήθην</span> <span class='ocrx_word' id='word_1_435' title='bbox 818 3091 1014 3159; x_wconf 71' lang='grc' dir='ltr'>ἑαυτῆς</span> <span class='ocrx_word' id='word_1_436' title='bbox 1061 3090 1369 3164; x_wconf 68' lang='grc' dir='ltr'>εἰργάσατο.</span> <span class='ocrx_word' id='word_1_437' title='bbox 1413 3089 1573 3163; x_wconf 84' lang='grc' dir='ltr'>Καγὼ</span> <span class='ocrx_word' id='word_1_438' title='bbox 1603 3094 1681 3160; x_wconf 83' lang='grc' dir='ltr'>τῷ</span> <span class='ocrx_word' id='word_1_439' title='bbox 1704 3092 1775 3164; x_wconf 75' lang='grc' dir='ltr'>γή</span> 
     </span>
    </p>
   </div>
   <div class='ocr_carea' id='block_1_60' title="bbox 1975 3089 3565 3173">
    <p class='ocr_par' dir='ltr' id='par_1_60' title="bbox 1975 3097 3565 3166">
     <span class='ocr_line' id='line_1_60' title="bbox 1975 3097 3565 3166; baseline -0.002 -11"><span class='ocrx_word' id='word_1_440' title='bbox 1975 3118 2037 3157; x_wconf 65' lang='lat' dir='ltr'>rae</span> <span class='ocrx_word' id='word_1_441' title='bbox 2070 3102 2367 3156; x_wconf 89' lang='lat' dir='ltr'>senectute</span> <span class='ocrx_word' id='word_1_442' title='bbox 2390 3113 2596 3151; x_wconf 90' lang='lat' dir='ltr'>versus</span> <span class='ocrx_word' id='word_1_443' title='bbox 2618 3100 2828 3151; x_wconf 91' lang='lat' dir='ltr'>terram</span> <span class='ocrx_word' id='word_1_444' title='bbox 2854 3099 3127 3150; x_wconf 88' lang='lat' dir='ltr'>curvatus</span> <span class='ocrx_word' id='word_1_445' title='bbox 3150 3097 3428 3166; x_wconf 87' lang='lat' dir='ltr'>sum,jam</span> <span class='ocrx_word' id='word_1_446' title='bbox 3454 3097 3565 3152; x_wconf 92' lang='lat' dir='ltr'>sibi</span> 
     </span>
    </p>
   </div>
   <div class='ocr_carea' id='block_1_61' title="bbox 190 3173 1780 3260">
    <p class='ocr_par' dir='ltr' id='par_1_61' title="bbox 190 3173 1780 3260">
     <span class='ocr_line' id='line_1_61' title="bbox 190 3173 1780 3260; baseline -0.003 -24"><span class='ocrx_word' id='word_1_447' title='bbox 190 3188 370 3257; x_wconf 74' lang='grc' dir='ltr'>ρατιτῇ</span> <span class='ocrx_word' id='word_1_448' title='bbox 495 3176 887 3258; x_wconf 72' lang='grc' dir='ltr'>προσνένευκα,</span> <span class='ocrx_word' id='word_1_449' title='bbox 934 3179 1024 3233; x_wconf 83' lang='grc' dir='ltr'>καὶ</span> <span class='ocrx_word' id='word_1_450' title='bbox 1076 3173 1356 3235; x_wconf 74' lang='grc' dir='ltr'>Ἐλισάϐετ</span> <span class='ocrx_word' id='word_1_451' title='bbox 1406 3179 1539 3251; x_wconf 86' lang='grc' dir='ltr'>πρὸς</span> <span class='ocrx_word' id='word_1_452' title='bbox 1591 3178 1780 3251; x_wconf 68' lang='grc' dir='ltr'>ἱτοιμα</span> 
     </span>
    </p>
   </div>
   <div class='ocr_carea' id='block_1_62' title="bbox 1976 3173 3566 3260">
    <p class='ocr_par' dir='ltr' id='par_1_62' title="bbox 1976 3183 3566 3255">
     <span class='ocr_line' id='line_1_62' title="bbox 1976 3183 3566 3255; baseline -0.001 -12"><span class='ocrx_word' id='word_1_453' title='bbox 1976 3188 2178 3243; x_wconf 88' lang='lat' dir='ltr'>lisabet</span> <span class='ocrx_word' id='word_1_454' title='bbox 2208 3185 2483 3241; x_wconf 85' lang='lat' dir='ltr'>baculum</span> <span class='ocrx_word' id='word_1_455' title='bbox 2534 3183 2855 3255; x_wconf 88' lang='lat' dir='ltr'>apparavit.</span> <span class='ocrx_word' id='word_1_456' title='bbox 2897 3183 3082 3238; x_wconf 90' lang='lat' dir='ltr'>Semel</span> <span class='ocrx_word' id='word_1_457' title='bbox 3130 3183 3293 3238; x_wconf 89' lang='lat' dir='ltr'>arida</span> <span class='ocrx_word' id='word_1_458' title='bbox 3320 3186 3566 3243; x_wconf 86' lang='lat' dir='ltr'>Aaronis</span> 
     </span>
    </p>
   </div>
   <div class='ocr_carea' id='block_1_63' title="bbox 191 3251 1781 3350">
    <p class='ocr_par' dir='ltr' id='par_1_63' title="bbox 191 3251 1781 3348">
     <span class='ocr_line' id='line_1_63' title="bbox 191 3251 1781 3348; baseline 0 -25"><span class='ocrx_word' id='word_1_459' title='bbox 191 3251 283 3324; x_wconf 70' lang='grc' dir='ltr'>σίαν</span> <span class='ocrx_word' id='word_1_460' title='bbox 333 3251 627 3348; x_wconf 56' lang='grc' dir='ltr'>βαέτηρίαν</span> <span class='ocrx_word' id='word_1_461' title='bbox 687 3271 1048 3343; x_wconf 86' lang='grc' dir='ltr'>μεμισθωται.</span> <span class='ocrx_word' id='word_1_462' title='bbox 1099 3268 1276 3338; x_wconf 77' lang='grc' dir='ltr'>’Ἃπαξ</span> <span class='ocrx_word' id='word_1_463' title='bbox 1324 3270 1358 3337; x_wconf 82' lang='grc' dir='ltr'><strong>ἡ</strong></span> <span class='ocrx_word' id='word_1_464' title='bbox 1403 3268 1539 3343; x_wconf 78' lang='grc' dir='ltr'>ξηρὰ</span> <span class='ocrx_word' id='word_1_465' title='bbox 1584 3262 1781 3342; x_wconf 76' lang='grc' dir='ltr'>ῥάϐδος</span> 
     </span>
    </p>
   </div>
   <div class='ocr_carea' id='block_1_64' title="bbox 1972 3251 3562 3350">
    <p class='ocr_par' dir='ltr' id='par_1_64' title="bbox 1977 3251 3562 3350">
     <span class='ocr_line' id='line_1_64' title="bbox 1977 3251 3562 3350; baseline 0 -18"><span class='ocrx_word' id='word_1_466' title='bbox 1977 3294 2080 3350; x_wconf 89' lang='lat' dir='ltr'>rga</span> <span class='ocrx_word' id='word_1_467' title='bbox 2110 3276 2307 3331; x_wconf 86' lang='lat' dir='ltr'>ﬂoruit</span> <span class='ocrx_word' id='word_1_468' title='bbox 2341 3276 2403 3343; x_wconf 73' lang='grc' dir='ltr'>ιθ,</span> <span class='ocrx_word' id='word_1_469' title='bbox 2453 3251 2721 3329; x_wconf 40' lang='lat' dir='ltr'>sed-non</span> <span class='ocrx_word' id='word_1_470' title='bbox 2772 3272 3009 3343; x_wconf 90' lang='lat' dir='ltr'>pluries.</span> <span class='ocrx_word' id='word_1_471' title='bbox 3045 3274 3166 3338; x_wconf 89' lang='lat' dir='ltr'>Quo</span> <span class='ocrx_word' id='word_1_472' title='bbox 3218 3273 3386 3344; x_wconf 90' lang='lat' dir='ltr'>signo</span> <span class='ocrx_word' id='word_1_473' title='bbox 3418 3275 3562 3332; x_wconf 91' lang='lat' dir='ltr'>illud</span> 
     </span>
    </p>
   </div>
   <div class='ocr_carea' id='block_1_65' title="bbox 187 3354 1777 3437">
    <p class='ocr_par' dir='ltr' id='par_1_65' title="bbox 187 3354 1773 3437">
     <span class='ocr_line' id='line_1_65' title="bbox 187 3354 1773 3437; baseline -0.002 -24"><span class='ocrx_word' id='word_1_474' title='bbox 187 3364 265 3413; x_wconf 68' lang='grc' dir='ltr'>τοῦ</span> <span class='ocrx_word' id='word_1_475' title='bbox 291 3362 482 3437; x_wconf 79' lang='grc' dir='ltr'>’Δαρὼν</span> <span class='ocrx_word' id='word_1_476' title='bbox 505 3359 770 3429; x_wconf 73' lang='grc' dir='ltr'>ἤνθησεν,</span> <span class='ocrx_word' id='word_1_477' title='bbox 803 3356 932 3432; x_wconf 76' lang='grc' dir='ltr'>οὐχὶ</span> <span class='ocrx_word' id='word_1_478' title='bbox 967 3354 1025 3412; x_wconf 79' lang='grc' dir='ltr'>δὲ</span> <span class='ocrx_word' id='word_1_479' title='bbox 1053 3354 1345 3418; x_wconf 81' lang='grc' dir='ltr'>πολλάκις.</span> <span class='ocrx_word' id='word_1_480' title='bbox 1390 3358 1531 3411; x_wconf 81' lang='grc' dir='ltr'>Κατὰ</span> <span class='ocrx_word' id='word_1_481' title='bbox 1558 3356 1611 3411; x_wconf 83' lang='grc' dir='ltr'>τί</span> <span class='ocrx_word' id='word_1_482' title='bbox 1659 3358 1773 3430; x_wconf 87' lang='grc' dir='ltr'>γνώ</span> 
     </span>
    </p>
   </div>
   <div class='ocr_carea' id='block_1_66' title="bbox 1973 3354 3563 3437">
    <p class='ocr_par' dir='ltr' id='par_1_66' title="bbox 1973 3361 3563 3435">
     <span class='ocr_line' id='line_1_66' title="bbox 1973 3361 3563 3435; baseline -0.001 -13"><span class='ocrx_word' id='word_1_483' title='bbox 1973 3367 2104 3422; x_wconf 79' lang='lat' dir='ltr'>)rim</span> <span class='ocrx_word' id='word_1_484' title='bbox 2125 3367 2152 3421; x_wconf 83' lang='lat'>?</span> <span class='ocrx_word' id='word_1_485' title='bbox 2173 3367 2324 3421; x_wconf 90' lang='lat' dir='ltr'>Tum</span> <span class='ocrx_word' id='word_1_486' title='bbox 2356 3362 2599 3435; x_wconf 87' lang='lat' dir='ltr'>angelus</span> <span class='ocrx_word' id='word_1_487' title='bbox 2629 3361 2714 3416; x_wconf 89' lang='lat' dir='ltr'>illi</span> <span class='ocrx_word' id='word_1_488' title='bbox 2739 3378 2753 3416; x_wconf 90' lang='lat'>:</span> <span class='ocrx_word' id='word_1_489' title='bbox 2778 3361 2923 3424; x_wconf 89' lang='lat' dir='ltr'>Quid</span> <span class='ocrx_word' id='word_1_490' title='bbox 2956 3362 3217 3433; x_wconf 89' lang='lat' dir='ltr'>nugaris,</span> <span class='ocrx_word' id='word_1_491' title='bbox 3241 3363 3563 3420; x_wconf 83' lang='lat' dir='ltr'>Zacharia?</span> 
     </span>
    </p>
   </div>
   <div class='ocr_carea' id='block_1_67' title="bbox 190 3442 1780 3524">
    <p class='ocr_par' dir='ltr' id='par_1_67' title="bbox 190 3442 1780 3523">
     <span class='ocr_line' id='line_1_67' title="bbox 190 3442 1780 3523; baseline 0.001 -24"><span class='ocrx_word' id='word_1_492' title='bbox 190 3456 543 3519; x_wconf 72' lang='grc' dir='ltr'>σομαιτοῦτο;</span> <span class='ocrx_word' id='word_1_493' title='bbox 600 3451 666 3507; x_wconf 92' lang='lat'>’0</span> <span class='ocrx_word' id='word_1_494' title='bbox 711 3445 768 3502; x_wconf 74' lang='grc' dir='ltr'>δὶ</span> <span class='ocrx_word' id='word_1_495' title='bbox 814 3445 1040 3523; x_wconf 75' lang='grc' dir='ltr'>ἄγγελος</span> <span class='ocrx_word' id='word_1_496' title='bbox 1088 3446 1225 3521; x_wconf 89' lang='grc' dir='ltr'>πρὸς</span> <span class='ocrx_word' id='word_1_497' title='bbox 1273 3445 1455 3500; x_wconf 82' lang='grc' dir='ltr'>αὐτόν·</span> <span class='ocrx_word' id='word_1_498' title='bbox 1514 3445 1573 3499; x_wconf 83' lang='grc' dir='ltr'>Τί</span> <span class='ocrx_word' id='word_1_499' title='bbox 1606 3442 1780 3501; x_wconf 82' lang='grc' dir='ltr'>ἀδολε-</span> 
     </span>
    </p>
   </div>
   <div class='ocr_carea' id='block_1_68' title="bbox 1966 3442 3556 3524">
    <p class='ocr_par' dir='ltr' id='par_1_68' title="bbox 1966 3450 3556 3524">
     <span class='ocr_line' id='line_1_68' title="bbox 1966 3450 3556 3524; baseline -0.001 -13"><span class='ocrx_word' id='word_1_500' title='bbox 1966 3456 2233 3511; x_wconf 76' lang='lat' dir='ltr'>Lcerdotio</span> <span class='ocrx_word' id='word_1_501' title='bbox 2283 3453 2544 3524; x_wconf 88' lang='lat' dir='ltr'>fungeris</span> <span class='ocrx_word' id='word_1_502' title='bbox 2591 3457 2647 3508; x_wconf 87' lang='lat' dir='ltr'>et</span> <span class='ocrx_word' id='word_1_503' title='bbox 2688 3451 2974 3506; x_wconf 88' lang='lat' dir='ltr'>dubitas?</span> <span class='ocrx_word' id='word_1_504' title='bbox 3012 3450 3215 3506; x_wconf 88' lang='lat' dir='ltr'>Nonne</span> <span class='ocrx_word' id='word_1_505' title='bbox 3266 3454 3556 3509; x_wconf 84' lang='lat' dir='ltr'>Abraham</span> 
     </span>
    </p>
   </div>
   <div class='ocr_carea' id='block_1_69' title="bbox 191 3532 1781 3614">
    <p class='ocr_par' dir='ltr' id='par_1_69' title="bbox 191 3532 1781 3614">
     <span class='ocr_line' id='line_1_69' title="bbox 191 3532 1781 3614; baseline 0.005 -31"><span class='ocrx_word' id='word_1_506' title='bbox 191 3543 335 3611; x_wconf 73' lang='grc' dir='ltr'>σχεῖς,</span> <span class='ocrx_word' id='word_1_507' title='bbox 380 3539 657 3614; x_wconf 78' lang='grc' dir='ltr'>Ζαχαρία;</span> <span class='ocrx_word' id='word_1_508' title='bbox 707 3536 796 3591; x_wconf 80' lang='grc' dir='ltr'>καὶ</span> <span class='ocrx_word' id='word_1_509' title='bbox 843 3535 1156 3610; x_wconf 78' lang='grc' dir='ltr'>ἱερατεύεις,</span> <span class='ocrx_word' id='word_1_510' title='bbox 1204 3535 1294 3588; x_wconf 81' lang='grc' dir='ltr'>καὶ</span> <span class='ocrx_word' id='word_1_511' title='bbox 1343 3532 1648 3603; x_wconf 49' lang='grc' dir='ltr'>διατάξεις</span> <span class='ocrx_word' id='word_1_512' title='bbox 1708 3535 1781 3590; x_wconf 68' lang='lat' dir='ltr'>Mi</span> 
     </span>
    </p>
   </div>
   <div class='ocr_carea' id='block_1_70' title="bbox 1965 3532 3555 3614">
    <p class='ocr_par' dir='ltr' id='par_1_70' title="bbox 1965 3540 3555 3612">
     <span class='ocr_line' id='line_1_70' title="bbox 1965 3540 3555 3612; baseline -0.001 -13"><span class='ocrx_word' id='word_1_513' title='bbox 1965 3543 2365 3612; x_wconf 71' lang='lat' dir='ltr'>:ntenarius,et</span> <span class='ocrx_word' id='word_1_514' title='bbox 2384 3542 2539 3596; x_wconf 68' lang='lat' dir='ltr'>Sara:</span> <span class='ocrx_word' id='word_1_515' title='bbox 2554 3540 2723 3595; x_wconf 90' lang='lat' dir='ltr'>vulva</span> <span class='ocrx_word' id='word_1_516' title='bbox 2744 3540 3029 3595; x_wconf 84' lang='lat' dir='ltr'>exstincta</span> <span class='ocrx_word' id='word_1_517' title='bbox 3050 3541 3092 3574; x_wconf 80' lang='grc'>¹⁷</span> <span class='ocrx_word' id='word_1_518' title='bbox 3114 3541 3284 3595; x_wconf 90' lang='lat' dir='ltr'>erat?</span> <span class='ocrx_word' id='word_1_519' title='bbox 3312 3544 3397 3596; x_wconf 85' lang='lat' dir='ltr'>An</span> <span class='ocrx_word' id='word_1_520' title='bbox 3428 3543 3555 3598; x_wconf 90' lang='lat' dir='ltr'>ideo</span> 
     </span>
    </p>
   </div>
   <div class='ocr_carea' id='block_1_71' title="bbox 191 3622 1781 3703">
    <p class='ocr_par' dir='ltr' id='par_1_71' title="bbox 191 3622 1781 3703">
     <span class='ocr_line' id='line_1_71' title="bbox 191 3622 1781 3703; baseline 0.001 -27"><span class='ocrx_word' id='word_1_521' title='bbox 191 3624 269 3678; x_wconf 72' lang='grc' dir='ltr'>οὐκ</span> <span class='ocrx_word' id='word_1_522' title='bbox 291 3630 346 3694; x_wconf 69' lang='grc' dir='ltr'>ἦν</span> <span class='ocrx_word' id='word_1_523' title='bbox 398 3623 651 3703; x_wconf 71' lang='grc' dir='ltr'>Ἀϐραὰμ</span> <span class='ocrx_word' id='word_1_524' title='bbox 699 3625 1102 3695; x_wconf 72' lang='grc' dir='ltr'>ἑκατονταετής,</span> <span class='ocrx_word' id='word_1_525' title='bbox 1156 3623 1244 3679; x_wconf 78' lang='grc' dir='ltr'>καὶ</span> <span class='ocrx_word' id='word_1_526' title='bbox 1306 3622 1488 3699; x_wconf 72' lang='grc' dir='ltr'>Σάῤῥα</span> <span class='ocrx_word' id='word_1_527' title='bbox 1539 3624 1674 3698; x_wconf 85' lang='grc' dir='ltr'>πρὸς</span> <span class='ocrx_word' id='word_1_528' title='bbox 1707 3624 1781 3678; x_wconf 71' lang='grc' dir='ltr'>νε-</span> 
     </span>
    </p>
   </div>
   <div class='ocr_carea' id='block_1_72' title="bbox 1968 3622 3558 3703">
    <p class='ocr_par' dir='ltr' id='par_1_72' title="bbox 1968 3628 3558 3701">
     <span class='ocr_line' id='line_1_72' title="bbox 1968 3628 3558 3701; baseline 0.001 -17"><span class='ocrx_word' id='word_1_529' title='bbox 1968 3650 2109 3688; x_wconf 66' lang='grc' dir='ltr'>ιιευω</span> <span class='ocrx_word' id='word_1_530' title='bbox 2154 3633 2378 3686; x_wconf 86' lang='lat' dir='ltr'>lructus</span> <span class='ocrx_word' id='word_1_531' title='bbox 2424 3628 2717 3685; x_wconf 84' lang='lat' dir='ltr'>cohibitus</span> <span class='ocrx_word' id='word_1_532' title='bbox 2769 3628 2906 3683; x_wconf 87' lang='lat' dir='ltr'>est?</span> <span class='ocrx_word' id='word_1_533' title='bbox 2945 3628 3002 3683; x_wconf 91' lang='lat' dir='ltr'>Si</span> <span class='ocrx_word' id='word_1_534' title='bbox 3056 3646 3170 3683; x_wconf 92' lang='lat' dir='ltr'>non</span> <span class='ocrx_word' id='word_1_535' title='bbox 3220 3635 3558 3701; x_wconf 84' lang='lat' dir='ltr'>suppeteret</span> 
     </span>
    </p>
   </div>
   <div class='ocr_carea' id='block_1_73' title="bbox 188 3710 1778 3792">
    <p class='ocr_par' dir='ltr' id='par_1_73' title="bbox 188 3710 1778 3792">
     <span class='ocr_line' id='line_1_73' title="bbox 188 3710 1778 3792; baseline 0 -25"><span class='ocrx_word' id='word_1_536' title='bbox 188 3733 353 3787; x_wconf 75' lang='grc' dir='ltr'>κρωσιν</span> <span class='ocrx_word' id='word_1_537' title='bbox 383 3720 587 3792; x_wconf 74' lang='grc' dir='ltr'>μήτρας</span> <span class='ocrx_word' id='word_1_538' title='bbox 623 3712 1055 3791; x_wconf 73' lang='grc' dir='ltr'>ἀσχολουμένη;</span> <span class='ocrx_word' id='word_1_539' title='bbox 1114 3714 1203 3781; x_wconf 74' lang='grc' dir='ltr'>Μὴ</span> <span class='ocrx_word' id='word_1_540' title='bbox 1235 3710 1468 3768; x_wconf 81' lang='grc' dir='ltr'>ἔστειλεν</span> <span class='ocrx_word' id='word_1_541' title='bbox 1504 3714 1531 3767; x_wconf 82' lang='grc' dir='ltr'>ὁ</span> <span class='ocrx_word' id='word_1_542' title='bbox 1587 3712 1778 3767; x_wconf 65' lang='grc' dir='ltr'>τούτωι</span> 
     </span>
    </p>
   </div>
   <div class='ocr_carea' id='block_1_74' title="bbox 1962 3710 3552 3792">
    <p class='ocr_par' dir='ltr' id='par_1_74' title="bbox 1962 3716 3552 3790">
     <span class='ocr_line' id='line_1_74' title="bbox 1962 3716 3552 3790; baseline -0.002 -13"><span class='ocrx_word' id='word_1_543' title='bbox 1962 3720 2399 3790; x_wconf 78' lang='lat' dir='ltr'>Lemplum,jure</span> <span class='ocrx_word' id='word_1_544' title='bbox 2421 3718 2753 3784; x_wconf 88' lang='lat' dir='ltr'>dubitares;</span> <span class='ocrx_word' id='word_1_545' title='bbox 2780 3716 2932 3787; x_wconf 90' lang='lat' dir='ltr'>quod</span> <span class='ocrx_word' id='word_1_546' title='bbox 2958 3716 3007 3769; x_wconf 89' lang='lat' dir='ltr'>si</span> <span class='ocrx_word' id='word_1_547' title='bbox 3030 3717 3102 3771; x_wconf 88' lang='lat' dir='ltr'>ab</span> <span class='ocrx_word' id='word_1_548' title='bbox 3125 3716 3242 3772; x_wconf 91' lang='lat' dir='ltr'>illis</span> <span class='ocrx_word' id='word_1_549' title='bbox 3268 3718 3552 3788; x_wconf 83' lang='lat' dir='ltr'>originem</span> 
     </span>
    </p>
   </div>
   <div class='ocr_carea' id='block_1_75' title="bbox 188 3799 1778 3881">
    <p class='ocr_par' dir='ltr' id='par_1_75' title="bbox 188 3799 1768 3880">
     <span class='ocr_line' id='line_1_75' title="bbox 188 3799 1768 3880; baseline 0.002 -27"><span class='ocrx_word' id='word_1_550' title='bbox 188 3806 396 3875; x_wconf 70' lang='grc' dir='ltr'>καρπόςς</span> <span class='ocrx_word' id='word_1_551' title='bbox 428 3806 486 3862; x_wconf 79' lang='grc' dir='ltr'>Εἰ</span> <span class='ocrx_word' id='word_1_552' title='bbox 521 3808 597 3878; x_wconf 85' lang='grc' dir='ltr'>μή</span> <span class='ocrx_word' id='word_1_553' title='bbox 636 3804 783 3880; x_wconf 78' lang='grc' dir='ltr'>εἶχες</span> <span class='ocrx_word' id='word_1_554' title='bbox 817 3799 1208 3877; x_wconf 78' lang='grc' dir='ltr'>ὑποδείγματα,</span> <span class='ocrx_word' id='word_1_555' title='bbox 1257 3800 1439 3863; x_wconf 76' lang='grc' dir='ltr'>καλῶς</span> <span class='ocrx_word' id='word_1_556' title='bbox 1491 3799 1768 3863; x_wconf 67' lang='grc' dir='ltr'>ἐδίστασας</span> 
     </span>
    </p>
   </div>
   <div class='ocr_carea' id='block_1_76' title="bbox 1961 3799 3551 3881">
    <p class='ocr_par' dir='ltr' id='par_1_76' title="bbox 1961 3804 3551 3881">
     <span class='ocr_line' id='line_1_76' title="bbox 1961 3804 3551 3881; baseline -0.003 -15"><span class='ocrx_word' id='word_1_557' title='bbox 1961 3814 2278 3881; x_wconf 84' lang='lat' dir='ltr'>1cis,quare</span> <span class='ocrx_word' id='word_1_558' title='bbox 2299 3806 2575 3879; x_wconf 76' lang='lat' dir='ltr'>quaeillos</span> <span class='ocrx_word' id='word_1_559' title='bbox 2597 3809 2865 3876; x_wconf 89' lang='lat' dir='ltr'>spectant</span> <span class='ocrx_word' id='word_1_560' title='bbox 2896 3821 3010 3859; x_wconf 91' lang='lat' dir='ltr'>non</span> <span class='ocrx_word' id='word_1_561' title='bbox 3043 3804 3364 3876; x_wconf 87' lang='lat' dir='ltr'>recogitasl</span> <span class='ocrx_word' id='word_1_562' title='bbox 3400 3806 3551 3861; x_wconf 88' lang='lat' dir='ltr'>Gen-</span> 
     </span>
    </p>
   </div>
   <div class='ocr_carea' id='block_1_77' title="bbox 190 3888 1780 3967">
    <p class='ocr_par' dir='ltr' id='par_1_77' title="bbox 190 3888 1780 3967">
     <span class='ocr_line' id='line_1_77' title="bbox 190 3888 1780 3967; baseline 0.003 -25"><span class='ocrx_word' id='word_1_563' title='bbox 190 3890 222 3943; x_wconf 78' lang='grc' dir='ltr'>ιέ</span> <span class='ocrx_word' id='word_1_564' title='bbox 262 3890 311 3947; x_wconf 70' lang='grc' dir='ltr'>δὲ</span> <span class='ocrx_word' id='word_1_565' title='bbox 362 3893 408 3964; x_wconf 68' lang='grc' dir='ltr'>ἒξ</span> <span class='ocrx_word' id='word_1_566' title='bbox 452 3893 677 3951; x_wconf 78' lang='grc' dir='ltr'>ἐκείδων</span> <span class='ocrx_word' id='word_1_567' title='bbox 729 3892 952 3967; x_wconf 58' lang='grc' dir='ltr'>κατάγῃ,</span> <span class='ocrx_word' id='word_1_568' title='bbox 999 3891 1051 3946; x_wconf 90' lang='grc' dir='ltr'>τί</span> <span class='ocrx_word' id='word_1_569' title='bbox 1104 3892 1169 3945; x_wconf 75' lang='grc' dir='ltr'>τὰ</span> <span class='ocrx_word' id='word_1_570' title='bbox 1208 3890 1423 3946; x_wconf 66' lang='grc' dir='ltr'>ἐκείνων</span> <span class='ocrx_word' id='word_1_571' title='bbox 1475 3891 1536 3945; x_wconf 80' lang='grc' dir='ltr'>οὐ</span> <span class='ocrx_word' id='word_1_572' title='bbox 1578 3888 1780 3965; x_wconf 66' lang='grc' dir='ltr'>διανοῇ1</span> 
     </span>
    </p>
   </div>
   <div class='ocr_carea' id='block_1_78' title="bbox 1958 3888 3548 3967">
    <p class='ocr_par' dir='ltr' id='par_1_78' title="bbox 1958 3893 3548 3967">
     <span class='ocr_line' id='line_1_78' title="bbox 1958 3893 3548 3967; baseline -0.003 -12"><span class='ocrx_word' id='word_1_573' title='bbox 1958 3900 2024 3955; x_wconf 90' lang='lat' dir='ltr'>lis</span> <span class='ocrx_word' id='word_1_574' title='bbox 2052 3897 2345 3953; x_wconf 83' lang='lat' dir='ltr'>Abraham</span> <span class='ocrx_word' id='word_1_575' title='bbox 2378 3893 2625 3950; x_wconf 89' lang='lat' dir='ltr'>credidit</span> <span class='ocrx_word' id='word_1_576' title='bbox 2670 3894 2732 3962; x_wconf 75' lang='grc' dir='ltr'>ιδ,</span> <span class='ocrx_word' id='word_1_577' title='bbox 2764 3896 2821 3948; x_wconf 90' lang='lat' dir='ltr'>et</span> <span class='ocrx_word' id='word_1_578' title='bbox 2860 3898 2922 3947; x_wconf 90' lang='lat' dir='ltr'>tu</span> <span class='ocrx_word' id='word_1_579' title='bbox 2950 3894 3220 3949; x_wconf 88' lang='lat' dir='ltr'>sacerdos</span> <span class='ocrx_word' id='word_1_580' title='bbox 3253 3895 3548 3967; x_wconf 89' lang='lat' dir='ltr'>ambigis?</span> 
     </span>
    </p>
   </div>
   <div class='ocr_carea' id='block_1_79' title="bbox 186 3979 1776 4058">
    <p class='ocr_par' dir='ltr' id='par_1_79' title="bbox 186 3979 1776 4056">
     <span class='ocr_line' id='line_1_79' title="bbox 186 3979 1776 4056; baseline 0 -21"><span class='ocrx_word' id='word_1_581' title='bbox 186 3982 234 4036; x_wconf 89' lang='grc' dir='ltr'>Ὁ</span> <span class='ocrx_word' id='word_1_582' title='bbox 272 3981 458 4045; x_wconf 79' lang='grc' dir='ltr'>ἐθνικὸς</span> <span class='ocrx_word' id='word_1_583' title='bbox 508 3979 765 4056; x_wconf 72' lang='grc' dir='ltr'>’Δϐραὰμ</span> <span class='ocrx_word' id='word_1_584' title='bbox 815 3980 1107 4048; x_wconf 78' lang='grc' dir='ltr'>ἐπίστευσε,</span> <span class='ocrx_word' id='word_1_585' title='bbox 1152 3982 1241 4034; x_wconf 85' lang='grc' dir='ltr'>καὶ</span> <span class='ocrx_word' id='word_1_586' title='bbox 1295 3981 1323 4034; x_wconf 89' lang='lat'>6</span> <span class='ocrx_word' id='word_1_587' title='bbox 1374 3981 1642 4055; x_wconf 75' lang='grc' dir='ltr'>ἱερατικὸς</span> <span class='ocrx_word' id='word_1_588' title='bbox 1684 3982 1776 4054; x_wconf 82' lang='grc' dir='ltr'>ἀμ-</span> 
     </span>
    </p>
   </div>
   <div class='ocr_carea' id='block_1_80' title="bbox 1950 3979 3540 4058">
    <p class='ocr_par' dir='ltr' id='par_1_80' title="bbox 1950 3981 3540 4058">
     <span class='ocr_line' id='line_1_80' title="bbox 1950 3981 3540 4058; baseline -0.002 -14"><span class='ocrx_word' id='word_1_589' title='bbox 1950 3989 1998 4044; x_wconf 92' lang='lat' dir='ltr'>le</span> <span class='ocrx_word' id='word_1_590' title='bbox 2027 3989 2247 4058; x_wconf 89' lang='lat' dir='ltr'>absque</span> <span class='ocrx_word' id='word_1_591' title='bbox 2278 3986 2515 4039; x_wconf 91' lang='lat' dir='ltr'>incenso</span> <span class='ocrx_word' id='word_1_592' title='bbox 2558 3983 2781 4049; x_wconf 79' lang='lat' dir='ltr'>sufﬁtu,</span> <span class='ocrx_word' id='word_1_593' title='bbox 2817 3981 3094 4052; x_wconf 86' lang='lat' dir='ltr'>perﬂatus</span> <span class='ocrx_word' id='word_1_594' title='bbox 3141 3987 3248 4049; x_wconf 87' lang='lat' dir='ltr'>est,</span> <span class='ocrx_word' id='word_1_595' title='bbox 3286 3988 3340 4039; x_wconf 89' lang='lat' dir='ltr'>et</span> <span class='ocrx_word' id='word_1_596' title='bbox 3387 3988 3448 4038; x_wconf 87' lang='lat' dir='ltr'>tu</span> <span class='ocrx_word' id='word_1_597' title='bbox 3482 3986 3540 4041; x_wconf 92' lang='lat' dir='ltr'>in</span> 
     </span>
    </p>
   </div>
   <div class='ocr_carea' id='block_1_81' title="bbox 188 4064 1778 4146">
    <p class='ocr_par' dir='ltr' id='par_1_81' title="bbox 188 4064 1778 4143">
     <span class='ocr_line' id='line_1_81' title="bbox 188 4064 1778 4143; baseline 0.002 -21"><span class='ocrx_word' id='word_1_598' title='bbox 188 4064 470 4143; x_wconf 50' lang='grc' dir='ltr'>φιϐάλλειη</span> <span class='ocrx_word' id='word_1_599' title='bbox 520 4071 726 4127; x_wconf 77' lang='grc' dir='ltr'>ἐκεῖνος</span> <span class='ocrx_word' id='word_1_600' title='bbox 773 4070 924 4133; x_wconf 77' lang='grc' dir='ltr'>ἐκτὸς</span> <span class='ocrx_word' id='word_1_601' title='bbox 976 4070 1314 4141; x_wconf 78' lang='grc' dir='ltr'>θυμιάματος</span> <span class='ocrx_word' id='word_1_602' title='bbox 1362 4069 1649 4142; x_wconf 70' lang='grc' dir='ltr'>ἱμυρίσθη,</span> <span class='ocrx_word' id='word_1_603' title='bbox 1701 4071 1778 4125; x_wconf 59' lang='grc' dir='ltr'>καῖ</span> 
     </span>
    </p>
   </div>
   <div class='ocr_carea' id='block_1_82' title="bbox 1951 4064 3541 4146">
    <p class='ocr_par' dir='ltr' id='par_1_82' title="bbox 1951 4070 3541 4146">
     <span class='ocr_line' id='line_1_82' title="bbox 1951 4070 3541 4146; baseline -0.003 -13"><span class='ocrx_word' id='word_1_604' title='bbox 1951 4077 2067 4133; x_wconf 83' lang='lat' dir='ltr'>tari</span> <span class='ocrx_word' id='word_1_605' title='bbox 2128 4075 2443 4146; x_wconf 85' lang='lat' dir='ltr'>fumigatus</span> <span class='ocrx_word' id='word_1_606' title='bbox 2465 4072 2492 4125; x_wconf 87' lang='lat'>?</span> <span class='ocrx_word' id='word_1_607' title='bbox 2523 4072 2758 4127; x_wconf 69' lang='lat' dir='ltr'>Hazrede</span> <span class='ocrx_word' id='word_1_608' title='bbox 2790 4070 2885 4126; x_wconf 91' lang='lat' dir='ltr'>ille</span> <span class='ocrx_word' id='word_1_609' title='bbox 2920 4075 3154 4143; x_wconf 90' lang='lat' dir='ltr'>accepto</span> <span class='ocrx_word' id='word_1_610' title='bbox 3185 4073 3495 4130; x_wconf 87' lang='lat' dir='ltr'>exsultavit</span> <span class='ocrx_word' id='word_1_611' title='bbox 3528 4093 3541 4144; x_wconf 89' lang='lat'><strong>;</strong></span> 
     </span>
    </p>
   </div>
   <div class='ocr_carea' id='block_1_83' title="bbox 187 4156 1777 4237">
    <p class='ocr_par' dir='ltr' id='par_1_83' title="bbox 187 4156 1777 4234">
     <span class='ocr_line' id='line_1_83' title="bbox 187 4156 1777 4234; baseline 0.002 -24"><span class='ocrx_word' id='word_1_612' title='bbox 187 4156 234 4210; x_wconf 63' lang='lat' dir='ltr'>cr‘:</span> <span class='ocrx_word' id='word_1_613' title='bbox 272 4160 319 4213; x_wconf 72' lang='grc' dir='ltr'>ἐν</span> <span class='ocrx_word' id='word_1_614' title='bbox 364 4165 437 4233; x_wconf 76' lang='grc' dir='ltr'>τῷ</span> <span class='ocrx_word' id='word_1_615' title='bbox 482 4159 849 4234; x_wconf 82' lang='grc' dir='ltr'>θυσιαστηρίῳ</span> <span class='ocrx_word' id='word_1_616' title='bbox 884 4158 1248 4226; x_wconf 74' lang='grc' dir='ltr'>ὲκαπνίσθηςς</span> <span class='ocrx_word' id='word_1_617' title='bbox 1299 4159 1503 4221; x_wconf 75' lang='grc' dir='ltr'>ἆκεῖνος</span> <span class='ocrx_word' id='word_1_618' title='bbox 1531 4161 1621 4213; x_wconf 86' lang='grc' dir='ltr'>τὸν</span> <span class='ocrx_word' id='word_1_619' title='bbox 1649 4169 1777 4230; x_wconf 73' lang='grc' dir='ltr'>κλη-</span> 
     </span>
    </p>
   </div>
   <div class='ocr_carea' id='block_1_84' title="bbox 1954 4156 3544 4237">
    <p class='ocr_par' dir='ltr' id='par_1_84' title="bbox 1954 4160 3544 4237">
     <span class='ocr_line' id='line_1_84' title="bbox 1954 4160 3544 4237; baseline -0.001 -15"><span class='ocrx_word' id='word_1_620' title='bbox 1954 4187 1959 4222; x_wconf 85' lang='lat' dir='ltr'>l</span> <span class='ocrx_word' id='word_1_621' title='bbox 2018 4180 2434 4237; x_wconf 62' lang='lat' dir='ltr'>praecursorem</span> <span class='ocrx_word' id='word_1_622' title='bbox 2492 4162 2777 4217; x_wconf 86' lang='lat' dir='ltr'>Joannem</span> <span class='ocrx_word' id='word_1_623' title='bbox 2837 4160 2983 4216; x_wconf 89' lang='lat' dir='ltr'>nihil</span> <span class='ocrx_word' id='word_1_624' title='bbox 3013 4164 3249 4233; x_wconf 89' lang='lat' dir='ltr'>reputas</span> <span class='ocrx_word' id='word_1_625' title='bbox 3271 4162 3299 4216; x_wconf 91' lang='lat'>?</span> <span class='ocrx_word' id='word_1_626' title='bbox 3328 4162 3457 4234; x_wconf 88' lang='lat' dir='ltr'>Ipse</span> <span class='ocrx_word' id='word_1_627' title='bbox 3488 4169 3544 4220; x_wconf 90' lang='lat' dir='ltr'>te</span> 
     </span>
    </p>
   </div>
   <div class='ocr_carea' id='block_1_85' title="bbox 185 4245 1775 4326">
    <p class='ocr_par' dir='ltr' id='par_1_85' title="bbox 185 4245 1775 4326">
     <span class='ocr_line' id='line_1_85' title="bbox 185 4245 1775 4326; baseline 0.003 -27"><span class='ocrx_word' id='word_1_628' title='bbox 185 4248 380 4320; x_wconf 79' lang='grc' dir='ltr'>ρονόμον</span> <span class='ocrx_word' id='word_1_629' title='bbox 408 4248 708 4326; x_wconf 85' lang='grc' dir='ltr'>δεχόμενος</span> <span class='ocrx_word' id='word_1_630' title='bbox 737 4246 1071 4323; x_wconf 79' lang='grc' dir='ltr'>ἠγαλλιᾶτο,</span> <span class='ocrx_word' id='word_1_631' title='bbox 1103 4247 1191 4301; x_wconf 82' lang='grc' dir='ltr'>καὶ</span> <span class='ocrx_word' id='word_1_632' title='bbox 1224 4246 1286 4301; x_wconf 82' lang='grc' dir='ltr'>σὺ</span> <span class='ocrx_word' id='word_1_633' title='bbox 1328 4247 1420 4301; x_wconf 82' lang='grc' dir='ltr'>τδν</span> <span class='ocrx_word' id='word_1_634' title='bbox 1471 4245 1775 4324; x_wconf 71' lang='grc' dir='ltr'>πρόδρομοι</span> 
     </span>
    </p>
   </div>
   <div class='ocr_carea' id='block_1_86' title="bbox 1952 4245 3542 4326">
    <p class='ocr_par' dir='ltr' id='par_1_86' title="bbox 1952 4249 3542 4321">
     <span class='ocr_line' id='line_1_86' title="bbox 1952 4249 3542 4321; baseline -0.001 -10"><span class='ocrx_word' id='word_1_635' title='bbox 1952 4254 2276 4312; x_wconf 72' lang='grc' dir='ltr'>ιῐηηειὶοηε</span> <span class='ocrx_word' id='word_1_636' title='bbox 2328 4249 2600 4307; x_wconf 88' lang='lat' dir='ltr'>liberabit</span> <span class='ocrx_word' id='word_1_637' title='bbox 2632 4266 2644 4304; x_wconf 92' lang='lat'><strong>:</strong></span> <span class='ocrx_word' id='word_1_638' title='bbox 2697 4250 2821 4321; x_wconf 86' lang='lat' dir='ltr'>ipse</span> <span class='ocrx_word' id='word_1_639' title='bbox 2847 4255 2902 4303; x_wconf 89' lang='lat' dir='ltr'>te</span> <span class='ocrx_word' id='word_1_640' title='bbox 2933 4253 3097 4305; x_wconf 91' lang='lat' dir='ltr'>eruet</span> <span class='ocrx_word' id='word_1_641' title='bbox 3125 4267 3158 4305; x_wconf 92' lang='lat' dir='ltr'>a</span> <span class='ocrx_word' id='word_1_642' title='bbox 3188 4251 3494 4307; x_wconf 89' lang='lat' dir='ltr'>maledicto</span> <span class='ocrx_word' id='word_1_643' title='bbox 3530 4269 3542 4309; x_wconf 90' lang='lat'>:</span> 
     </span>
    </p>
   </div>
   <div class='ocr_carea' id='block_1_87' title="bbox 183 4332 1773 4416">
    <p class='ocr_par' dir='ltr' id='par_1_87' title="bbox 183 4332 1773 4413">
     <span class='ocr_line' id='line_1_87' title="bbox 183 4332 1773 4413; baseline 0.001 -24"><span class='ocrx_word' id='word_1_644' title='bbox 183 4332 397 4407; x_wconf 74' lang='grc' dir='ltr'>Ἰωάννην</span> <span class='ocrx_word' id='word_1_645' title='bbox 441 4340 515 4400; x_wconf 73' lang='grc' dir='ltr'>είς</span> <span class='ocrx_word' id='word_1_646' title='bbox 571 4336 728 4394; x_wconf 73' lang='grc' dir='ltr'>οὐδὲν</span> <span class='ocrx_word' id='word_1_647' title='bbox 775 4337 1005 4413; x_wconf 83' lang='grc' dir='ltr'>λογίζῃ;</span> <span class='ocrx_word' id='word_1_648' title='bbox 1055 4336 1227 4398; x_wconf 79' lang='grc' dir='ltr'>Αὐτός</span> <span class='ocrx_word' id='word_1_649' title='bbox 1269 4358 1326 4392; x_wconf 90' lang='grc' dir='ltr'>σε</span> <span class='ocrx_word' id='word_1_650' title='bbox 1372 4343 1468 4405; x_wconf 84' lang='grc' dir='ltr'>τῆς</span> <span class='ocrx_word' id='word_1_651' title='bbox 1498 4336 1773 4409; x_wconf 78' lang='grc' dir='ltr'>καταδίκηι</span> 
     </span>
    </p>
   </div>
   <div class='ocr_carea' id='block_1_88' title="bbox 1958 4332 3548 4416">
    <p class='ocr_par' dir='ltr' id='par_1_88' title="bbox 1962 4340 3548 4412">
     <span class='ocr_line' id='line_1_88' title="bbox 1962 4340 3548 4412; baseline -0.003 -11"><span class='ocrx_word' id='word_1_652' title='bbox 1962 4362 2023 4401; x_wconf 88' lang='lat' dir='ltr'>se</span> <span class='ocrx_word' id='word_1_653' title='bbox 2054 4343 2271 4400; x_wconf 89' lang='lat' dir='ltr'>clavem</span> <span class='ocrx_word' id='word_1_654' title='bbox 2306 4340 2517 4412; x_wconf 68' lang='lat' dir='ltr'>linguas</span> <span class='ocrx_word' id='word_1_655' title='bbox 2568 4342 2757 4411; x_wconf 85' lang='lat' dir='ltr'>gestat</span> <span class='ocrx_word' id='word_1_656' title='bbox 2787 4342 2901 4393; x_wconf 66' lang='lat' dir='ltr'>tum</span> <span class='ocrx_word' id='word_1_657' title='bbox 2944 4356 2955 4394; x_wconf 92' lang='lat'>:</span> <span class='ocrx_word' id='word_1_658' title='bbox 3011 4342 3228 4395; x_wconf 90' lang='lat' dir='ltr'>multos</span> <span class='ocrx_word' id='word_1_659' title='bbox 3258 4345 3548 4397; x_wconf 89' lang='lat' dir='ltr'>convertet</span> 
     </span>
    </p>
   </div>
   <div class='ocr_carea' id='block_1_89' title="bbox 184 4420 1774 4502">
    <p class='ocr_par' dir='ltr' id='par_1_89' title="bbox 184 4420 1774 4501">
     <span class='ocr_line' id='line_1_89' title="bbox 184 4420 1774 4501; baseline 0.004 -26"><span class='ocrx_word' id='word_1_660' title='bbox 184 4420 423 4496; x_wconf 72' lang='grc' dir='ltr'>ὲξελεῖται,</span> <span class='ocrx_word' id='word_1_661' title='bbox 468 4428 629 4489; x_wconf 75' lang='grc' dir='ltr'>αὐτός</span> <span class='ocrx_word' id='word_1_662' title='bbox 676 4447 736 4482; x_wconf 85' lang='grc' dir='ltr'>σε</span> <span class='ocrx_word' id='word_1_663' title='bbox 779 4433 881 4495; x_wconf 82' lang='grc' dir='ltr'>τῆς</span> <span class='ocrx_word' id='word_1_664' title='bbox 928 4426 1161 4501; x_wconf 79' lang='grc' dir='ltr'>κατάρας</span> <span class='ocrx_word' id='word_1_665' title='bbox 1212 4423 1577 4501; x_wconf 75' lang='grc' dir='ltr'>ἐλυτρώσατο·</span> <span class='ocrx_word' id='word_1_666' title='bbox 1629 4426 1774 4482; x_wconf 70' lang='grc' dir='ltr'>αὐτός</span> 
     </span>
    </p>
   </div>
   <div class='ocr_carea' id='block_1_90' title="bbox 1959 4420 3549 4502">
    <p class='ocr_par' dir='ltr' id='par_1_90' title="bbox 1959 4426 3549 4502">
     <span class='ocr_line' id='line_1_90' title="bbox 1959 4426 3549 4502; baseline -0.009 -14"><span class='ocrx_word' id='word_1_667' title='bbox 1959 4435 1970 4488; x_wconf 85' lang='grc' dir='ltr'>ι</span> <span class='ocrx_word' id='word_1_668' title='bbox 2004 4432 2315 4489; x_wconf 91' lang='lat' dir='ltr'>Dominum</span> <span class='ocrx_word' id='word_1_669' title='bbox 2349 4446 2362 4486; x_wconf 92' lang='lat'>:</span> <span class='ocrx_word' id='word_1_670' title='bbox 2400 4430 2525 4502; x_wconf 88' lang='lat' dir='ltr'>ipse</span> <span class='ocrx_word' id='word_1_671' title='bbox 2574 4428 2632 4483; x_wconf 89' lang='lat' dir='ltr'>in</span> <span class='ocrx_word' id='word_1_672' title='bbox 2686 4427 2897 4483; x_wconf 91' lang='lat' dir='ltr'>virtute</span> <span class='ocrx_word' id='word_1_673' title='bbox 2926 4426 3060 4482; x_wconf 84' lang='lat' dir='ltr'>Eliae</span> <span class='ocrx_word' id='word_1_674' title='bbox 3094 4429 3388 4499; x_wconf 72' lang='lat' dir='ltr'>prophetaa</span> <span class='ocrx_word' id='word_1_675' title='bbox 3423 4447 3549 4502; x_wconf 79' lang='lat' dir='ltr'>pro.</span> 
     </span>
    </p>
   </div>
   <div class='ocr_carea' id='block_1_91' title="bbox 184 4512 1774 4594">
    <p class='ocr_par' dir='ltr' id='par_1_91' title="bbox 184 4512 1774 4593">
     <span class='ocr_line' id='line_1_91' title="bbox 184 4512 1774 4593; baseline 0.003 -28"><span class='ocrx_word' id='word_1_676' title='bbox 184 4532 260 4567; x_wconf 81' lang='grc' dir='ltr'>σοι)</span> <span class='ocrx_word' id='word_1_677' title='bbox 306 4517 393 4584; x_wconf 72' lang='grc' dir='ltr'>τὴν</span> <span class='ocrx_word' id='word_1_678' title='bbox 442 4516 769 4593; x_wconf 82' lang='grc' dir='ltr'>γλωττιαίαν</span> <span class='ocrx_word' id='word_1_679' title='bbox 853 4512 1045 4570; x_wconf 79' lang='grc' dir='ltr'>κλεῖδα</span> <span class='ocrx_word' id='word_1_680' title='bbox 1105 4515 1375 4589; x_wconf 82' lang='grc' dir='ltr'>βαστάζει.</span> <span class='ocrx_word' id='word_1_681' title='bbox 1433 4513 1593 4577; x_wconf 82' lang='grc' dir='ltr'>αὐτὸς</span> <span class='ocrx_word' id='word_1_682' title='bbox 1649 4516 1774 4591; x_wconf 69' lang='grc' dir='ltr'>πρὸς</span> 
     </span>
    </p>
   </div>
   <div class='ocr_carea' id='block_1_92' title="bbox 1953 4512 3543 4594">
    <p class='ocr_par' dir='ltr' id='par_1_92' title="bbox 1953 4518 3543 4591">
     <span class='ocr_line' id='line_1_92' title="bbox 1953 4518 3543 4591; baseline -0.001 -13"><span class='ocrx_word' id='word_1_683' title='bbox 1953 4522 2162 4578; x_wconf 78' lang='lat' dir='ltr'>Jetabit</span> <span class='ocrx_word' id='word_1_684' title='bbox 2184 4523 2372 4587; x_wconf 63' lang='lat' dir='ltr'>1°,non</span> <span class='ocrx_word' id='word_1_685' title='bbox 2401 4520 2570 4591; x_wconf 91' lang='lat' dir='ltr'>igneo</span> <span class='ocrx_word' id='word_1_686' title='bbox 2594 4533 2767 4573; x_wconf 88' lang='lat' dir='ltr'>curru</span> <span class='ocrx_word' id='word_1_687' title='bbox 2788 4520 3012 4581; x_wconf 83' lang='lat' dir='ltr'>vectus,</span> <span class='ocrx_word' id='word_1_688' title='bbox 3040 4518 3141 4573; x_wconf 85' lang='lat' dir='ltr'>sed</span> <span class='ocrx_word' id='word_1_689' title='bbox 3163 4518 3543 4576; x_wconf 85' lang='lat' dir='ltr'>Jordanicum</span> 
     </span>
    </p>
   </div>
   <div class='ocr_carea' id='block_1_93' title="bbox 184 4600 1774 4684">
    <p class='ocr_par' dir='ltr' id='par_1_93' title="bbox 184 4600 1774 4678">
     <span class='ocr_line' id='line_1_93' title="bbox 184 4600 1774 4678; baseline 0.001 -20"><span class='ocrx_word' id='word_1_690' title='bbox 184 4602 347 4676; x_wconf 75' lang='grc' dir='ltr'>Κύριον</span> <span class='ocrx_word' id='word_1_691' title='bbox 373 4605 612 4669; x_wconf 74' lang='grc' dir='ltr'>πολλοὺς</span> <span class='ocrx_word' id='word_1_692' title='bbox 642 4605 969 4678; x_wconf 72' lang='grc' dir='ltr'>ἐπιστρέψει·</span> <span class='ocrx_word' id='word_1_693' title='bbox 1017 4603 1177 4665; x_wconf 74' lang='grc' dir='ltr'>αὐτὸς</span> <span class='ocrx_word' id='word_1_694' title='bbox 1223 4601 1274 4658; x_wconf 74' lang='grc' dir='ltr'>ἰν</span> <span class='ocrx_word' id='word_1_695' title='bbox 1306 4600 1547 4676; x_wconf 84' lang='grc' dir='ltr'>-δυνάμει</span> <span class='ocrx_word' id='word_1_696' title='bbox 1592 4604 1774 4660; x_wconf 86' lang='grc' dir='ltr'>Ἦλίοι</span> 
     </span>
    </p>
   </div>
   <div class='ocr_carea' id='block_1_94' title="bbox 1952 4600 3542 4684">
    <p class='ocr_par' dir='ltr' id='par_1_94' title="bbox 1952 4605 3542 4683">
     <span class='ocr_line' id='line_1_94' title="bbox 1952 4605 3542 4683; baseline 0 -18"><span class='ocrx_word' id='word_1_697' title='bbox 1952 4628 2233 4683; x_wconf 61' lang='lat' dir='ltr'>reparans</span> <span class='ocrx_word' id='word_1_698' title='bbox 2278 4608 2596 4673; x_wconf 86' lang='lat' dir='ltr'>lavacrum,</span> <span class='ocrx_word' id='word_1_699' title='bbox 2654 4609 2889 4678; x_wconf 88' lang='lat' dir='ltr'>propter</span> <span class='ocrx_word' id='word_1_700' title='bbox 2937 4605 3152 4661; x_wconf 90' lang='lat' dir='ltr'>multas</span> <span class='ocrx_word' id='word_1_701' title='bbox 3206 4611 3542 4678; x_wconf 90' lang='lat' dir='ltr'>pecatorum</span> 
     </span>
    </p>
   </div>
   <div class='ocr_carea' id='block_1_95' title="bbox 182 4691 1772 4773">
    <p class='ocr_par' dir='ltr' id='par_1_95' title="bbox 182 4691 1772 4773">
     <span class='ocr_line' id='line_1_95' title="bbox 182 4691 1772 4773; baseline 0.004 -31"><span class='ocrx_word' id='word_1_702' title='bbox 182 4695 260 4745; x_wconf 72' lang='grc' dir='ltr'>τοῦ</span> <span class='ocrx_word' id='word_1_703' title='bbox 295 4698 560 4773; x_wconf 69' lang='grc' dir='ltr'>προφήτου</span> <span class='ocrx_word' id='word_1_704' title='bbox 608 4694 1062 4769; x_wconf 84' lang='grc' dir='ltr'>προπορεύσεται,</span> <span class='ocrx_word' id='word_1_705' title='bbox 1100 4693 1162 4747; x_wconf 83' lang='grc' dir='ltr'>οὐ</span> <span class='ocrx_word' id='word_1_706' title='bbox 1219 4691 1443 4764; x_wconf 81' lang='grc' dir='ltr'>πύρινον</span> <span class='ocrx_word' id='word_1_707' title='bbox 1478 4697 1663 4756; x_wconf 80' lang='grc' dir='ltr'>σκεῦος</span> <span class='ocrx_word' id='word_1_708' title='bbox 1691 4694 1772 4769; x_wconf 69' lang='grc' dir='ltr'>ἀρε</span> 
     </span>
    </p>
   </div>
   <div class='ocr_carea' id='block_1_96' title="bbox 1954 4691 3544 4773">
    <p class='ocr_par' dir='ltr' id='par_1_96' title="bbox 1954 4693 3544 4767">
     <span class='ocr_line' id='line_1_96' title="bbox 1954 4693 3544 4767; baseline 0 -14"><span class='ocrx_word' id='word_1_709' title='bbox 1954 4698 2738 4767; x_wconf 60' lang='lat' dir='ltr'>prdes.Quamobremjussus</span> <span class='ocrx_word' id='word_1_710' title='bbox 2771 4711 2901 4749; x_wconf 91' lang='lat' dir='ltr'>sum</span> <span class='ocrx_word' id='word_1_711' title='bbox 2922 4693 3029 4749; x_wconf 90' lang='lat' dir='ltr'>tibi</span> <span class='ocrx_word' id='word_1_712' title='bbox 3055 4695 3280 4751; x_wconf 91' lang='lat' dir='ltr'>dicere:</span> <span class='ocrx_word' id='word_1_713' title='bbox 3306 4719 3333 4747; x_wconf 86' lang='lat'>«</span> <span class='ocrx_word' id='word_1_714' title='bbox 3362 4698 3544 4753; x_wconf 86' lang='lat' dir='ltr'>Exau-</span> 
     </span>
    </p>
   </div>
   <div class='ocr_carea' id='block_1_97' title="bbox 188 4780 1778 4858">
    <p class='ocr_par' dir='ltr' id='par_1_97' title="bbox 188 4780 1778 4858">
     <span class='ocr_line' id='line_1_97' title="bbox 188 4780 1778 4858; baseline 0.001 -23"><span class='ocrx_word' id='word_1_715' title='bbox 188 4790 491 4851; x_wconf 70' lang='grc' dir='ltr'>ματηλατῶν,</span> <span class='ocrx_word' id='word_1_716' title='bbox 522 4784 669 4839; x_wconf 80' lang='grc' dir='ltr'>ἀλλὰ</span> <span class='ocrx_word' id='word_1_717' title='bbox 696 4785 758 4839; x_wconf 80' lang='grc' dir='ltr'>τὸ</span> <span class='ocrx_word' id='word_1_718' title='bbox 805 4780 1127 4857; x_wconf 81' lang='grc' dir='ltr'>Ἰορδάνειον</span> <span class='ocrx_word' id='word_1_719' title='bbox 1178 4781 1406 4858; x_wconf 88' lang='grc' dir='ltr'>λουτρὸν</span> <span class='ocrx_word' id='word_1_720' title='bbox 1458 4781 1778 4856; x_wconf 79' lang='grc' dir='ltr'>εὐτρεπίζων</span> 
     </span>
    </p>
   </div>
   <div class='ocr_carea' id='block_1_98' title="bbox 1950 4780 3540 4858">
    <p class='ocr_par' dir='ltr' id='par_1_98' title="bbox 1950 4783 3540 4857">
     <span class='ocr_line' id='line_1_98' title="bbox 1950 4783 3540 4857; baseline 0 -15"><span class='ocrx_word' id='word_1_721' title='bbox 1950 4794 2018 4845; x_wconf 69' lang='lat' dir='ltr'>ita</span> <span class='ocrx_word' id='word_1_722' title='bbox 2047 4794 2136 4845; x_wconf 89' lang='lat' dir='ltr'>est</span> <span class='ocrx_word' id='word_1_723' title='bbox 2182 4787 2365 4843; x_wconf 87' lang='lat' dir='ltr'>oratio</span> <span class='ocrx_word' id='word_1_724' title='bbox 2408 4791 2511 4841; x_wconf 88' lang='lat' dir='ltr'>tua</span> <span class='ocrx_word' id='word_1_725' title='bbox 2532 4784 2617 4846; x_wconf 82' lang='lat'>‘-’°;</span> <span class='ocrx_word' id='word_1_726' title='bbox 2652 4806 2679 4834; x_wconf 86' lang='lat'>»</span> <span class='ocrx_word' id='word_1_727' title='bbox 2712 4784 2849 4854; x_wconf 87' lang='lat' dir='ltr'>quia</span> <span class='ocrx_word' id='word_1_728' title='bbox 2870 4783 3107 4840; x_wconf 88' lang='lat' dir='ltr'>advenit</span> <span class='ocrx_word' id='word_1_729' title='bbox 3136 4788 3369 4857; x_wconf 89' lang='lat' dir='ltr'>tempus</span> <span class='ocrx_word' id='word_1_730' title='bbox 3402 4786 3540 4842; x_wconf 91' lang='lat' dir='ltr'>olim</span> 
     </span>
    </p>
   </div>
   <div class='ocr_carea' id='block_1_99' title="bbox 186 4864 1776 4949">
    <p class='ocr_par' dir='ltr' id='par_1_99' title="bbox 186 4864 1776 4949">
     <span class='ocr_line' id='line_1_99' title="bbox 186 4864 1776 4949; baseline 0.004 -30"><span class='ocrx_word' id='word_1_731' title='bbox 186 4864 256 4921; x_wconf 76' lang='grc' dir='ltr'>διὰ</span> <span class='ocrx_word' id='word_1_732' title='bbox 301 4873 381 4926; x_wconf 82' lang='grc' dir='ltr'>τὸν</span> <span class='ocrx_word' id='word_1_733' title='bbox 430 4873 599 4929; x_wconf 74' lang='grc' dir='ltr'>πολὺν</span> <span class='ocrx_word' id='word_1_734' title='bbox 658 4873 826 4949; x_wconf 79' lang='grc' dir='ltr'>ῥύπον</span> <span class='ocrx_word' id='word_1_735' title='bbox 883 4877 993 4926; x_wconf 79' lang='grc' dir='ltr'>τῶν</span> <span class='ocrx_word' id='word_1_736' title='bbox 1054 4873 1353 4945; x_wconf 65' lang='grc' dir='ltr'>αμαρτιῶν.</span> <span class='ocrx_word' id='word_1_737' title='bbox 1414 4871 1507 4925; x_wconf 88' lang='grc' dir='ltr'>Διό</span> <span class='ocrx_word' id='word_1_738' title='bbox 1564 4892 1647 4926; x_wconf 88' lang='grc' dir='ltr'>σοι</span> <span class='ocrx_word' id='word_1_739' title='bbox 1696 4874 1776 4926; x_wconf 71' lang='grc' dir='ltr'>καὶ</span> 
     </span>
    </p>
   </div>
   <div class='ocr_carea' id='block_1_100' title="bbox 1952 4864 3542 4949">
    <p class='ocr_par' dir='ltr' id='par_1_100' title="bbox 1952 4870 3542 4944">
     <span class='ocr_line' id='line_1_100' title="bbox 1952 4870 3542 4944; baseline -0.001 -13"><span class='ocrx_word' id='word_1_740' title='bbox 1952 4876 2355 4932; x_wconf 64' lang='lat' dir='ltr'>rzenuntiatum</span> <span class='ocrx_word' id='word_1_741' title='bbox 2378 4892 2412 4929; x_wconf 93' lang='lat' dir='ltr'>a</span> <span class='ocrx_word' id='word_1_742' title='bbox 2441 4872 2763 4944; x_wconf 89' lang='lat' dir='ltr'>prophetis,</span> <span class='ocrx_word' id='word_1_743' title='bbox 2789 4888 2941 4925; x_wconf 90' lang='lat' dir='ltr'>nunc</span> <span class='ocrx_word' id='word_1_744' title='bbox 2970 4870 3279 4943; x_wconf 90' lang='lat' dir='ltr'>impletum</span> <span class='ocrx_word' id='word_1_745' title='bbox 3315 4892 3327 4929; x_wconf 92' lang='lat'>:</span> <span class='ocrx_word' id='word_1_746' title='bbox 3360 4896 3386 4923; x_wconf 84' lang='grc'>‹‹</span> <span class='ocrx_word' id='word_1_747' title='bbox 3419 4874 3542 4930; x_wconf 87' lang='lat' dir='ltr'>Vox</span> 
     </span>
    </p>
   </div>
   <div class='ocr_carea' id='block_1_101' title="bbox 186 4956 1776 5038">
    <p class='ocr_par' dir='ltr' id='par_1_101' title="bbox 186 4956 1776 5038">
     <span class='ocr_line' id='line_1_101' title="bbox 186 4956 1776 5038; baseline 0.004 -30"><span class='ocrx_word' id='word_1_748' title='bbox 186 4956 321 5012; x_wconf 66' lang='grc' dir='ltr'>εἷπεῖν</span> <span class='ocrx_word' id='word_1_749' title='bbox 366 4964 760 5038; x_wconf 74' lang='grc' dir='ltr'>προσετάχθηψ</span> <span class='ocrx_word' id='word_1_750' title='bbox 821 4985 849 5013; x_wconf 86' lang='grc'><strong>‹‹</strong></span> <span class='ocrx_word' id='word_1_751' title='bbox 899 4959 1239 5029; x_wconf 76' lang='grc' dir='ltr'>Εἷ¹σηκούσθη</span> <span class='ocrx_word' id='word_1_752' title='bbox 1291 4962 1327 5029; x_wconf 76' lang='grc' dir='ltr'><strong>ἡ</strong></span> <span class='ocrx_word' id='word_1_753' title='bbox 1379 4956 1561 5030; x_wconf 67' lang='grc' dir='ltr'>δέησίς</span> <span class='ocrx_word' id='word_1_754' title='bbox 1604 4982 1719 5015; x_wconf 86' lang='grc' dir='ltr'>σου·</span> <span class='ocrx_word' id='word_1_755' title='bbox 1754 4985 1776 5014; x_wconf 80' lang='grc' dir='ltr'>›ι</span> 
     </span>
    </p>
   </div>
   <div class='ocr_carea' id='block_1_102' title="bbox 1948 4956 3538 5038">
    <p class='ocr_par' dir='ltr' id='par_1_102' title="bbox 1952 4958 3538 5028">
     <span class='ocr_line' id='line_1_102' title="bbox 1952 4958 3538 5028; baseline 0 -8"><span class='ocrx_word' id='word_1_756' title='bbox 1952 4965 2204 5020; x_wconf 89' lang='lat' dir='ltr'>amantis</span> <span class='ocrx_word' id='word_1_757' title='bbox 2237 4963 2296 5018; x_wconf 91' lang='lat' dir='ltr'>in</span> <span class='ocrx_word' id='word_1_758' title='bbox 2342 4963 2570 5017; x_wconf 87' lang='lat' dir='ltr'>deserto</span> <span class='ocrx_word' id='word_1_759' title='bbox 2605 4979 2618 5015; x_wconf 93' lang='lat'>:</span> <span class='ocrx_word' id='word_1_760' title='bbox 2655 4960 2853 5015; x_wconf 88' lang='lat' dir='ltr'>Parate</span> <span class='ocrx_word' id='word_1_761' title='bbox 2883 4958 3034 5014; x_wconf 91' lang='lat' dir='ltr'>viam</span> <span class='ocrx_word' id='word_1_762' title='bbox 3067 4959 3320 5028; x_wconf 88' lang='lat' dir='ltr'>Domini,</span> <span class='ocrx_word' id='word_1_763' title='bbox 3353 4967 3538 5019; x_wconf 89' lang='lat' dir='ltr'>rectas</span> 
     </span>
    </p>
   </div>
   <div class='ocr_carea' id='block_1_103' title="bbox 186 5044 1776 5127">
    <p class='ocr_par' dir='ltr' id='par_1_103' title="bbox 186 5044 1776 5127">
     <span class='ocr_line' id='line_1_103' title="bbox 186 5044 1776 5127; baseline 0.005 -30"><span class='ocrx_word' id='word_1_764' title='bbox 186 5044 251 5099; x_wconf 78' lang='grc' dir='ltr'>δτι</span> <span class='ocrx_word' id='word_1_765' title='bbox 293 5047 488 5127; x_wconf 74' lang='grc' dir='ltr'>ἔφθασεν</span> <span class='ocrx_word' id='word_1_766' title='bbox 537 5054 565 5106; x_wconf 88' lang='lat'>6</span> <span class='ocrx_word' id='word_1_767' title='bbox 613 5051 799 5123; x_wconf 74' lang='grc' dir='ltr'>καιρὸς</span> <span class='ocrx_word' id='word_1_768' title='bbox 848 5052 875 5105; x_wconf 89' lang='lat'>6</span> <span class='ocrx_word' id='word_1_769' title='bbox 920 5048 1091 5104; x_wconf 78' lang='grc' dir='ltr'>πάλαι</span> <span class='ocrx_word' id='word_1_770' title='bbox 1123 5050 1513 5126; x_wconf 76' lang='grc' dir='ltr'>προφητευθεὶς</span> <span class='ocrx_word' id='word_1_771' title='bbox 1570 5050 1658 5104; x_wconf 81' lang='grc' dir='ltr'>καὶ</span> <span class='ocrx_word' id='word_1_772' title='bbox 1690 5056 1776 5105; x_wconf 81' lang='grc' dir='ltr'>νῦν</span> 
     </span>
    </p>
   </div>
   <div class='ocr_carea' id='block_1_104' title="bbox 1948 5044 3538 5127">
    <p class='ocr_par' dir='ltr' id='par_1_104' title="bbox 1948 5046 3538 5122">
     <span class='ocr_line' id='line_1_104' title="bbox 1948 5046 3538 5122; baseline 0.003 -17"><span class='ocrx_word' id='word_1_773' title='bbox 1948 5054 2063 5109; x_wconf 89' lang='lat' dir='ltr'>cite</span> <span class='ocrx_word' id='word_1_774' title='bbox 2088 5053 2327 5109; x_wconf 88' lang='lat' dir='ltr'>semitas</span> <span class='ocrx_word' id='word_1_775' title='bbox 2354 5052 2481 5122; x_wconf 82' lang='lat' dir='ltr'>ejus</span> <span class='ocrx_word' id='word_1_776' title='bbox 2503 5051 2604 5104; x_wconf 66' lang='lat'>2‘.»</span> <span class='ocrx_word' id='word_1_777' title='bbox 2629 5048 2752 5103; x_wconf 88' lang='lat' dir='ltr'>Non</span> <span class='ocrx_word' id='word_1_778' title='bbox 2773 5046 3158 5119; x_wconf 88' lang='lat' dir='ltr'>angelus,non</span> <span class='ocrx_word' id='word_1_779' title='bbox 3184 5049 3538 5122; x_wconf 85' lang='lat' dir='ltr'>legatus,sed</span> 
     </span>
    </p>
   </div>
   <div class='ocr_carea' id='block_1_105' title="bbox 186 5134 1776 5214">
    <p class='ocr_par' dir='ltr' id='par_1_105' title="bbox 186 5134 1776 5214">
     <span class='ocr_line' id='line_1_105' title="bbox 186 5134 1776 5214; baseline 0.003 -25"><span class='ocrx_word' id='word_1_780' title='bbox 186 5134 470 5211; x_wconf 75' lang='grc' dir='ltr'>πληρωθείς’</span> <span class='ocrx_word' id='word_1_781' title='bbox 503 5167 529 5192; x_wconf 84' lang='lat'><strong>«</strong></span> <span class='ocrx_word' id='word_1_782' title='bbox 570 5142 727 5208; x_wconf 82' lang='grc' dir='ltr'>Φωνὴ</span> <span class='ocrx_word' id='word_1_783' title='bbox 764 5142 998 5214; x_wconf 81' lang='grc' dir='ltr'>βοῶντος</span> <span class='ocrx_word' id='word_1_784' title='bbox 1039 5138 1090 5192; x_wconf 82' lang='grc' dir='ltr'>ἐν</span> <span class='ocrx_word' id='word_1_785' title='bbox 1139 5142 1208 5211; x_wconf 76' lang='grc' dir='ltr'>τῇ</span> <span class='ocrx_word' id='word_1_786' title='bbox 1259 5137 1472 5213; x_wconf 59' lang='grc' dir='ltr'>ἐρήμην</span> <span class='ocrx_word' id='word_1_787' title='bbox 1524 5140 1776 5212; x_wconf 85' lang='grc' dir='ltr'>Ἑτοιμά-</span> 
     </span>
    </p>
   </div>
   <div class='ocr_carea' id='block_1_106' title="bbox 1948 5134 3538 5214">
    <p class='ocr_par' dir='ltr' id='par_1_106' title="bbox 1948 5137 3538 5214">
     <span class='ocr_line' id='line_1_106' title="bbox 1948 5137 3538 5214; baseline 0 -16"><span class='ocrx_word' id='word_1_788' title='bbox 1948 5160 2017 5198; x_wconf 79' lang='grc' dir='ltr'>ιεε</span> <span class='ocrx_word' id='word_1_789' title='bbox 2049 5141 2334 5197; x_wconf 90' lang='lat' dir='ltr'>Dominus</span> <span class='ocrx_word' id='word_1_790' title='bbox 2382 5138 2572 5194; x_wconf 90' lang='lat' dir='ltr'>veniet</span> <span class='ocrx_word' id='word_1_791' title='bbox 2603 5143 2659 5193; x_wconf 90' lang='lat' dir='ltr'>et</span> <span class='ocrx_word' id='word_1_792' title='bbox 2707 5137 2956 5193; x_wconf 89' lang='lat' dir='ltr'>salvabit</span> <span class='ocrx_word' id='word_1_793' title='bbox 2987 5155 3111 5193; x_wconf 84' lang='lat' dir='ltr'>nos.</span> <span class='ocrx_word' id='word_1_794' title='bbox 3157 5141 3538 5214; x_wconf 88' lang='lat' dir='ltr'>Quapropter,</span> 
     </span>
    </p>
   </div>
   <div class='ocr_carea' id='block_1_107' title="bbox 190 5222 1780 5303">
    <p class='ocr_par' dir='ltr' id='par_1_107' title="bbox 190 5222 1779 5303">
     <span class='ocr_line' id='line_1_107' title="bbox 190 5222 1779 5303; baseline 0.003 -25"><span class='ocrx_word' id='word_1_795' title='bbox 190 5242 291 5279; x_wconf 80' lang='grc' dir='ltr'>σατε</span> <span class='ocrx_word' id='word_1_796' title='bbox 326 5230 414 5297; x_wconf 71' lang='grc' dir='ltr'>τήν</span> <span class='ocrx_word' id='word_1_797' title='bbox 473 5228 595 5284; x_wconf 79' lang='grc' dir='ltr'>ὁδὸν</span> <span class='ocrx_word' id='word_1_798' title='bbox 652 5228 874 5303; x_wconf 81' lang='grc' dir='ltr'>Κυρίου,</span> <span class='ocrx_word' id='word_1_799' title='bbox 930 5226 1135 5290; x_wconf 75' lang='grc' dir='ltr'>εὐθείας</span> <span class='ocrx_word' id='word_1_800' title='bbox 1185 5232 1392 5282; x_wconf 87' lang='grc' dir='ltr'>ποιεῖτε</span> <span class='ocrx_word' id='word_1_801' title='bbox 1436 5230 1528 5289; x_wconf 72' lang='grc' dir='ltr'>τὰς</span> <span class='ocrx_word' id='word_1_802' title='bbox 1560 5222 1779 5303; x_wconf 77' lang='grc' dir='ltr'>τρίϐους</span> 
     </span>
    </p>
   </div>
   <div class='ocr_carea' id='block_1_108' title="bbox 1951 5222 3541 5303">
    <p class='ocr_par' dir='ltr' id='par_1_108' title="bbox 1951 5228 3541 5301">
     <span class='ocr_line' id='line_1_108' title="bbox 1951 5228 3541 5301; baseline 0.001 -14"><span class='ocrx_word' id='word_1_803' title='bbox 1951 5232 2191 5297; x_wconf 76' lang='lat' dir='ltr'>icharia,</span> <span class='ocrx_word' id='word_1_804' title='bbox 2225 5234 2287 5285; x_wconf 91' lang='lat' dir='ltr'>tu</span> <span class='ocrx_word' id='word_1_805' title='bbox 2320 5234 2442 5285; x_wconf 86' lang='lat' dir='ltr'>esto</span> <span class='ocrx_word' id='word_1_806' title='bbox 2487 5231 2709 5295; x_wconf 86' lang='lat' dir='ltr'>mutus,</span> <span class='ocrx_word' id='word_1_807' title='bbox 2758 5231 3014 5298; x_wconf 87' lang='lat' dir='ltr'>accepto,</span> <span class='ocrx_word' id='word_1_808' title='bbox 3051 5228 3107 5282; x_wconf 93' lang='lat' dir='ltr'>in</span> <span class='ocrx_word' id='word_1_809' title='bbox 3143 5233 3541 5301; x_wconf 64' lang='lat' dir='ltr'>repugnantia:</span> 
     </span>
    </p>
   </div>
   <div class='ocr_carea' id='block_1_109' title="bbox 188 5311 1778 5395">
    <p class='ocr_par' dir='ltr' id='par_1_109' title="bbox 188 5311 1778 5395">
     <span class='ocr_line' id='line_1_109' title="bbox 188 5311 1778 5395; baseline 0.005 -31"><span class='ocrx_word' id='word_1_810' title='bbox 188 5312 341 5372; x_wconf 72' lang='grc' dir='ltr'>αὐτοῦ.</span> <span class='ocrx_word' id='word_1_811' title='bbox 395 5340 421 5369; x_wconf 85' lang='grc'><strong>››</strong></span> <span class='ocrx_word' id='word_1_812' title='bbox 470 5318 578 5373; x_wconf 80' lang='grc' dir='ltr'>Οὐκ</span> <span class='ocrx_word' id='word_1_813' title='bbox 622 5317 876 5395; x_wconf 80' lang='grc' dir='ltr'>ἄγγελος,</span> <span class='ocrx_word' id='word_1_814' title='bbox 929 5316 991 5371; x_wconf 82' lang='grc' dir='ltr'>οὐ</span> <span class='ocrx_word' id='word_1_815' title='bbox 1040 5311 1298 5392; x_wconf 69' lang='grc' dir='ltr'>πρὲσϐυς,</span> <span class='ocrx_word' id='word_1_816' title='bbox 1356 5315 1483 5372; x_wconf 81' lang='grc' dir='ltr'>ἀλλ’</span> <span class='ocrx_word' id='word_1_817' title='bbox 1532 5318 1690 5380; x_wconf 84' lang='grc' dir='ltr'>αὐτὸς</span> <span class='ocrx_word' id='word_1_818' title='bbox 1752 5319 1778 5372; x_wconf 88' lang='grc' dir='ltr'>ὁ</span> 
     </span>
    </p>
   </div>
   <div class='ocr_carea' id='block_1_110' title="bbox 1949 5311 3539 5395">
    <p class='ocr_par' dir='ltr' id='par_1_110' title="bbox 1952 5316 3539 5393">
     <span class='ocr_line' id='line_1_110' title="bbox 1952 5316 3539 5393; baseline 0.001 -17"><span class='ocrx_word' id='word_1_819' title='bbox 1952 5337 2151 5393; x_wconf 88' lang='lat' dir='ltr'>mpore</span> <span class='ocrx_word' id='word_1_820' title='bbox 2209 5319 2415 5374; x_wconf 89' lang='lat' dir='ltr'>merito</span> <span class='ocrx_word' id='word_1_821' title='bbox 2473 5316 2765 5389; x_wconf 90' lang='lat' dir='ltr'>supplicio</span> <span class='ocrx_word' id='word_1_822' title='bbox 2820 5333 2832 5371; x_wconf 89' lang='lat'>:</span> <span class='ocrx_word' id='word_1_823' title='bbox 2892 5333 2997 5387; x_wconf 89' lang='lat' dir='ltr'>ego</span> <span class='ocrx_word' id='word_1_824' title='bbox 3050 5333 3185 5372; x_wconf 93' lang='lat' dir='ltr'>vero</span> <span class='ocrx_word' id='word_1_825' title='bbox 3234 5318 3305 5373; x_wconf 91' lang='lat' dir='ltr'>ab</span> <span class='ocrx_word' id='word_1_826' title='bbox 3336 5319 3449 5375; x_wconf 92' lang='lat' dir='ltr'>olio</span> <span class='ocrx_word' id='word_1_827' title='bbox 3482 5322 3539 5377; x_wconf 90' lang='lat' dir='ltr'>in</span> 
     </span>
    </p>
   </div>
   <div class='ocr_carea' id='block_1_111' title="bbox 188 5402 1778 5484">
    <p class='ocr_par' dir='ltr' id='par_1_111' title="bbox 188 5402 1776 5483">
     <span class='ocr_line' id='line_1_111' title="bbox 188 5402 1776 5483; baseline 0.004 -29"><span class='ocrx_word' id='word_1_828' title='bbox 188 5402 350 5475; x_wconf 75' lang='grc' dir='ltr'>Κύριος</span> <span class='ocrx_word' id='word_1_829' title='bbox 398 5405 506 5480; x_wconf 71' lang='grc' dir='ltr'>ἥξει</span> <span class='ocrx_word' id='word_1_830' title='bbox 560 5408 649 5464; x_wconf 81' lang='grc' dir='ltr'>καὶ</span> <span class='ocrx_word' id='word_1_831' title='bbox 707 5409 868 5463; x_wconf 81' lang='grc' dir='ltr'>σώσει</span> <span class='ocrx_word' id='word_1_832' title='bbox 923 5407 1093 5480; x_wconf 75' lang='grc' dir='ltr'>ἡμᾶς.</span> <span class='ocrx_word' id='word_1_833' title='bbox 1154 5406 1252 5460; x_wconf 83' lang='grc' dir='ltr'>Διὰ</span> <span class='ocrx_word' id='word_1_834' title='bbox 1296 5412 1481 5479; x_wconf 80' lang='grc' dir='ltr'>τοῦτο,</span> <span class='ocrx_word' id='word_1_835' title='bbox 1514 5406 1776 5483; x_wconf 85' lang='grc' dir='ltr'>Ζαχαρία,</span> 
     </span>
    </p>
   </div>
   <div class='ocr_carea' id='block_1_112' title="bbox 1947 5402 3537 5484">
    <p class='ocr_par' dir='ltr' id='par_1_112' title="bbox 1951 5405 3537 5484">
     <span class='ocr_line' id='line_1_112' title="bbox 1951 5405 3537 5484; baseline 0.001 -18"><span class='ocrx_word' id='word_1_836' title='bbox 1951 5411 2071 5466; x_wconf 88' lang='lat' dir='ltr'>ium</span> <span class='ocrx_word' id='word_1_837' title='bbox 2104 5410 2298 5466; x_wconf 92' lang='lat' dir='ltr'>locum</span> <span class='ocrx_word' id='word_1_838' title='bbox 2330 5423 2527 5480; x_wconf 88' lang='lat' dir='ltr'>pergo,</span> <span class='ocrx_word' id='word_1_839' title='bbox 2551 5412 2607 5462; x_wconf 89' lang='lat' dir='ltr'>et</span> <span class='ocrx_word' id='word_1_840' title='bbox 2634 5405 2934 5477; x_wconf 85' lang='lat' dir='ltr'>Virginem</span> <span class='ocrx_word' id='word_1_841' title='bbox 2957 5412 3353 5466; x_wconf 87' lang='lat' dir='ltr'>conventurus</span> <span class='ocrx_word' id='word_1_842' title='bbox 3384 5427 3537 5484; x_wconf 89' lang='lat' dir='ltr'>sum,</span> 
     </span>
    </p>
   </div>
   <div class='ocr_carea' id='block_1_113' title="bbox 241 5625 1831 5705">
    <p class='ocr_par' dir='ltr' id='par_1_113' title="bbox 241 5625 1831 5705">
     <span class='ocr_line' id='line_1_113' title="bbox 241 5625 1831 5705; baseline -0.002 -12"><span class='ocrx_word' id='word_1_843' title='bbox 241 5625 480 5705; x_wconf 54' lang='grc' dir='ltr'>ζῐρᾳογι,</span> <span class='ocrx_word' id='word_1_844' title='bbox 508 5633 562 5698; x_wconf 83' lang='grc'>6,</span> <span class='ocrx_word' id='word_1_845' title='bbox 607 5633 662 5689; x_wconf 86' lang='grc'>’7.</span> <span class='ocrx_word' id='word_1_846' title='bbox 754 5634 800 5671; x_wconf 64' lang='grc'>1⁸</span> <span class='ocrx_word' id='word_1_847' title='bbox 828 5634 969 5691; x_wconf 85' lang='lat' dir='ltr'>Luc.</span> <span class='ocrx_word' id='word_1_848' title='bbox 1000 5650 1040 5705; x_wconf 83' lang='lat'>1,</span> <span class='ocrx_word' id='word_1_849' title='bbox 1114 5634 1299 5690; x_wconf 69' lang='lat'><strong>11-14.</strong></span> <span class='ocrx_word' id='word_1_850' title='bbox 1377 5634 1420 5670; x_wconf 79' lang='grc'>¹⁶</span> <span class='ocrx_word' id='word_1_851' title='bbox 1466 5633 1641 5691; x_wconf 92' lang='lat' dir='ltr'>Num.</span> <span class='ocrx_word' id='word_1_852' title='bbox 1688 5650 1831 5705; x_wconf 83' lang='lat' dir='ltr'>xvn,</span> 
     </span>
    </p>
   </div>
   <div class='ocr_carea' id='block_1_114' title="bbox 1948 5625 3538 5705">
    <p class='ocr_par' dir='ltr' id='par_1_114' title="bbox 2024 5628 3538 5703">
     <span class='ocr_line' id='line_1_114' title="bbox 2024 5628 3538 5703; baseline 0.001 -12"><span class='ocrx_word' id='word_1_853' title='bbox 2024 5636 2067 5670; x_wconf 73' lang='grc' dir='ltr'>ίτ</span> <span class='ocrx_word' id='word_1_854' title='bbox 2125 5632 2267 5691; x_wconf 88' lang='lat' dir='ltr'>Gen.</span> <span class='ocrx_word' id='word_1_855' title='bbox 2301 5647 2437 5703; x_wconf 85' lang='lat' dir='ltr'>xvn,</span> <span class='ocrx_word' id='word_1_856' title='bbox 2470 5632 2530 5686; x_wconf 89' lang='lat'>7.</span> <span class='ocrx_word' id='word_1_857' title='bbox 2564 5628 2608 5665; x_wconf 86' lang='grc'>¹⁸</span> <span class='ocrx_word' id='word_1_858' title='bbox 2650 5628 2795 5686; x_wconf 88' lang='lat' dir='ltr'>Gen.</span> <span class='ocrx_word' id='word_1_859' title='bbox 2826 5646 2918 5686; x_wconf 85' lang='lat' dir='ltr'>xv.</span> <span class='ocrx_word' id='word_1_860' title='bbox 2992 5630 3050 5687; x_wconf 86' lang='lat'>6.</span> <span class='ocrx_word' id='word_1_861' title='bbox 3129 5630 3177 5668; x_wconf 74' lang='grc' dir='ltr'>ιο</span> <span class='ocrx_word' id='word_1_862' title='bbox 3204 5630 3339 5688; x_wconf 86' lang='lat' dir='ltr'>Luc.</span> <span class='ocrx_word' id='word_1_863' title='bbox 3373 5647 3413 5699; x_wconf 85' lang='grc' dir='ltr'>ι,</span> <span class='ocrx_word' id='word_1_864' title='bbox 3449 5632 3538 5692; x_wconf 84' lang='lat'>17.</span> 
     </span>
    </p>
   </div>
   <div class='ocr_carea' id='block_1_115' title="bbox 188 5693 943 5777">
    <p class='ocr_par' dir='ltr' id='par_1_115' title="bbox 188 5693 943 5777">
     <span class='ocr_line' id='line_1_115' title="bbox 188 5693 943 5777; baseline 0.011 -22"><span class='ocrx_word' id='word_1_865' title='bbox 188 5693 230 5731; x_wconf 74' lang='grc' dir='ltr'>³ο</span> <span class='ocrx_word' id='word_1_866' title='bbox 246 5696 373 5759; x_wconf 81' lang='lat' dir='ltr'>ibid.</span> <span class='ocrx_word' id='word_1_867' title='bbox 402 5693 481 5760; x_wconf 75' lang='lat'>13&#39;.</span> <span class='ocrx_word' id='word_1_868' title='bbox 548 5693 599 5743; x_wconf 71' lang='grc' dir='ltr'><em>ἠ</em></span> <span class='ocrx_word' id='word_1_869' title='bbox 630 5705 736 5765; x_wconf 81' lang='lat' dir='ltr'>Isa.</span> <span class='ocrx_word' id='word_1_870' title='bbox 766 5723 857 5777; x_wconf 73' lang='grc' dir='ltr'>χι,</span> <span class='ocrx_word' id='word_1_871' title='bbox 889 5708 943 5763; x_wconf 78' lang='lat'>3.</span> 
     </span>
    </p>
   </div>
  </div>
