  <div class='ocr_page' id='page_1' title='image "/cluster/home/n/w/nwhite01/storage/ocr_20150623/28/hvd.32044052794351/462.png"; bbox 0 0 4026 6204; ppageno 0'>
   <div class='ocr_carea' id='block_1_1' title="bbox 270 451 397 512">
    <p class='ocr_par' dir='ltr' id='par_1_1' title="bbox 270 451 397 512">
     <span class='ocr_line' id='line_1_1' title="bbox 270 451 397 512; baseline 0 -1"><span class='ocrx_word' id='word_1_1' title='bbox 270 451 397 512; x_wconf 88' lang='grc'>913</span> 
     </span>
    </p>
   </div>
   <div class='ocr_carea' id='block_1_2' title="bbox 1196 448 2782 511">
    <p class='ocr_par' dir='ltr' id='par_1_2' title="bbox 1196 448 2782 511">
     <span class='ocr_line' id='line_1_2' title="bbox 1196 448 2782 511; baseline -0.002 -2"><span class='ocrx_word' id='word_1_2' title='bbox 1196 450 1460 511; x_wconf 80' lang='lat' dir='ltr'>SERMO</span> <span class='ocrx_word' id='word_1_3' title='bbox 1505 451 1580 511; x_wconf 84' lang='lat' dir='ltr'>IN</span> <span class='ocrx_word' id='word_1_4' title='bbox 1628 450 2344 511; x_wconf 79' lang='lat' dir='ltr'>ANNUNTIATIONEM</span> <span class='ocrx_word' id='word_1_5' title='bbox 2393 448 2782 509; x_wconf 66' lang='lat' dir='ltr'>DEIPARIE.</span> 
     </span>
    </p>
   </div>
   <div class='ocr_carea' id='block_1_3' title="bbox 3571 442 3690 503">
    <p class='ocr_par' dir='ltr' id='par_1_3' title="bbox 3571 442 3690 503">
     <span class='ocr_line' id='line_1_3' title="bbox 3571 442 3690 503; baseline -0.017 0"><span class='ocrx_word' id='word_1_6' title='bbox 3571 442 3690 503; x_wconf 76' lang='lat' dir='ltr'>9H</span> 
     </span>
    </p>
   </div>
   <div class='ocr_carea' id='block_1_4' title="bbox 273 575 1924 656">
    <p class='ocr_par' dir='ltr' id='par_1_4' title="bbox 273 576 1924 656">
     <span class='ocr_line' id='line_1_4' title="bbox 273 576 1924 656; baseline -0.001 -22"><span class='ocrx_word' id='word_1_7' title='bbox 273 584 454 651; x_wconf 78' lang='grc' dir='ltr'>ζωμα’</span> <span class='ocrx_word' id='word_1_8' title='bbox 516 579 577 633; x_wconf 75' lang='grc' dir='ltr'>σὺ</span> <span class='ocrx_word' id='word_1_9' title='bbox 635 586 736 648; x_wconf 82' lang='grc' dir='ltr'>τῆς</span> <span class='ocrx_word' id='word_1_10' title='bbox 797 578 1053 654; x_wconf 80' lang='grc' dir='ltr'>εὐλογίας</span> <span class='ocrx_word' id='word_1_11' title='bbox 1109 580 1170 633; x_wconf 85' lang='grc' dir='ltr'>τὸ</span> <span class='ocrx_word' id='word_1_12' title='bbox 1229 578 1605 656; x_wconf 78' lang='grc' dir='ltr'>φυτούργημα.</span> <span class='ocrx_word' id='word_1_13' title='bbox 1662 578 1735 633; x_wconf 81' lang='grc' dir='ltr'>Σὺ</span> <span class='ocrx_word' id='word_1_14' title='bbox 1780 576 1924 649; x_wconf 77' lang='grc' dir='ltr'>εὗρες</span> 
     </span>
    </p>
   </div>
   <div class='ocr_carea' id='block_1_5' title="bbox 2022 575 3688 656">
    <p class='ocr_par' dir='ltr' id='par_1_5' title="bbox 2041 575 3688 649">
     <span class='ocr_line' id='line_1_5' title="bbox 2041 575 3688 649; baseline -0.003 -14"><span class='ocrx_word' id='word_1_15' title='bbox 2041 581 2150 635; x_wconf 90' lang='lat' dir='ltr'>erit</span> <span class='ocrx_word' id='word_1_16' title='bbox 2169 597 2415 649; x_wconf 83' lang='lat' dir='ltr'>magnus</span> <span class='ocrx_word' id='word_1_17' title='bbox 2433 585 2489 635; x_wconf 90' lang='lat' dir='ltr'>et</span> <span class='ocrx_word' id='word_1_18' title='bbox 2512 579 2689 635; x_wconf 85' lang='lat' dir='ltr'>Filius</span> <span class='ocrx_word' id='word_1_19' title='bbox 2712 576 2998 633; x_wconf 86' lang='lat' dir='ltr'>Altissimi</span> <span class='ocrx_word' id='word_1_20' title='bbox 3015 575 3391 631; x_wconf 60' lang='lat' dir='ltr'>vocabitur“.</span> <span class='ocrx_word' id='word_1_21' title='bbox 3414 594 3441 627; x_wconf 71' lang='grc' dir='ltr'>ι</span> <span class='ocrx_word' id='word_1_22' title='bbox 3468 575 3688 630; x_wconf 89' lang='lat' dir='ltr'>Horum</span> 
     </span>
    </p>
   </div>
   <div class='ocr_carea' id='block_1_6' title="bbox 270 667 1921 744">
    <p class='ocr_par' dir='ltr' id='par_1_6' title="bbox 270 667 1921 744">
     <span class='ocr_line' id='line_1_6' title="bbox 270 667 1921 744; baseline -0.002 -21"><span class='ocrx_word' id='word_1_23' title='bbox 270 670 438 744; x_wconf 79' lang='grc' dir='ltr'>χάριν</span> <span class='ocrx_word' id='word_1_24' title='bbox 468 670 613 742; x_wconf 72' lang='grc' dir='ltr'>παρὰ</span> <span class='ocrx_word' id='word_1_25' title='bbox 641 673 719 739; x_wconf 84' lang='grc' dir='ltr'>τῷ</span> <span class='ocrx_word' id='word_1_26' title='bbox 750 673 865 739; x_wconf 80' lang='grc' dir='ltr'>Θεῷ</span> <span class='ocrx_word' id='word_1_27' title='bbox 910 670 1055 743; x_wconf 80' lang='grc' dir='ltr'>παρὰ</span> <span class='ocrx_word' id='word_1_28' title='bbox 1104 670 1275 728; x_wconf 84' lang='grc' dir='ltr'>πάσας</span> <span class='ocrx_word' id='word_1_29' title='bbox 1322 668 1417 728; x_wconf 73' lang='grc' dir='ltr'>τὰς</span> <span class='ocrx_word' id='word_1_30' title='bbox 1448 668 1761 741; x_wconf 69' lang='grc' dir='ltr'>παρθένους.</span> <span class='ocrx_word' id='word_1_31' title='bbox 1798 667 1921 738; x_wconf 84' lang='grc' dir='ltr'>Καὶ,</span> 
     </span>
    </p>
   </div>
   <div class='ocr_carea' id='block_1_7' title="bbox 271 753 1924 830">
    <p class='ocr_par' dir='ltr' id='par_1_7' title="bbox 271 753 1924 830">
     <span class='ocr_line' id='line_1_7' title="bbox 271 753 1924 830; baseline 0.004 -23"><span class='ocrx_word' id='word_1_32' title='bbox 271 782 301 807; x_wconf 77' lang='lat' dir='ltr'>u</span> <span class='ocrx_word' id='word_1_33' title='bbox 341 756 460 811; x_wconf 75' lang='grc' dir='ltr'>ἰδοῦ</span> <span class='ocrx_word' id='word_1_34' title='bbox 491 756 747 830; x_wconf 74' lang='grc' dir='ltr'>συλλήψῃ</span> <span class='ocrx_word' id='word_1_35' title='bbox 778 758 921 828; x_wconf 72' lang='grc' dir='ltr'>Υἱὸν,</span> <span class='ocrx_word' id='word_1_36' title='bbox 956 759 1044 811; x_wconf 80' lang='grc' dir='ltr'>καὶ</span> <span class='ocrx_word' id='word_1_37' title='bbox 1071 757 1323 818; x_wconf 69' lang='grc' dir='ltr'>καλέσεις</span> <span class='ocrx_word' id='word_1_38' title='bbox 1344 758 1405 811; x_wconf 85' lang='grc' dir='ltr'>τὸ</span> <span class='ocrx_word' id='word_1_39' title='bbox 1428 753 1599 829; x_wconf 76' lang='grc' dir='ltr'>ὄνομα</span> <span class='ocrx_word' id='word_1_40' title='bbox 1624 755 1788 811; x_wconf 71' lang='grc' dir='ltr'>αὐτοῦ</span> <span class='ocrx_word' id='word_1_41' title='bbox 1819 758 1924 825; x_wconf 84' lang='grc' dir='ltr'>Ἰη-</span> 
     </span>
    </p>
   </div>
   <div class='ocr_carea' id='block_1_8' title="bbox 268 844 1923 921">
    <p class='ocr_par' dir='ltr' id='par_1_8' title="bbox 268 844 1923 921">
     <span class='ocr_line' id='line_1_8' title="bbox 268 844 1923 921; baseline -0.001 -20"><span class='ocrx_word' id='word_1_42' title='bbox 268 851 417 903; x_wconf 83' lang='grc' dir='ltr'>σοῦν,</span> <span class='ocrx_word' id='word_1_43' title='bbox 452 845 622 909; x_wconf 82' lang='grc' dir='ltr'>Οὗτος</span> <span class='ocrx_word' id='word_1_44' title='bbox 675 844 819 901; x_wconf 66' lang='grc' dir='ltr'>ἔσται</span> <span class='ocrx_word' id='word_1_45' title='bbox 875 846 1058 921; x_wconf 69' lang='grc' dir='ltr'>μέγας,</span> <span class='ocrx_word' id='word_1_46' title='bbox 1109 846 1197 900; x_wconf 78' lang='grc' dir='ltr'>καὶ</span> <span class='ocrx_word' id='word_1_47' title='bbox 1248 847 1370 907; x_wconf 73' lang='grc' dir='ltr'>Υἱὸς</span> <span class='ocrx_word' id='word_1_48' title='bbox 1417 847 1664 919; x_wconf 80' lang='grc' dir='ltr'>Ὑψίττου</span> <span class='ocrx_word' id='word_1_49' title='bbox 1710 845 1923 915; x_wconf 77' lang='grc' dir='ltr'>κληθή-</span> 
     </span>
    </p>
   </div>
   <div class='ocr_carea' id='block_1_9' title="bbox 264 935 1920 1011">
    <p class='ocr_par' dir='ltr' id='par_1_9' title="bbox 264 935 1920 1011">
     <span class='ocr_line' id='line_1_9' title="bbox 264 935 1920 1011; baseline 0.001 -22"><span class='ocrx_word' id='word_1_50' title='bbox 264 956 439 992; x_wconf 83' lang='grc' dir='ltr'>σεται.</span> <span class='ocrx_word' id='word_1_51' title='bbox 478 961 504 986; x_wconf 77' lang='grc' dir='ltr'>υ</span> <span class='ocrx_word' id='word_1_52' title='bbox 548 935 764 989; x_wconf 78' lang='grc' dir='ltr'>Τούτων</span> <span class='ocrx_word' id='word_1_53' title='bbox 796 957 879 990; x_wconf 90' lang='grc' dir='ltr'>σοι</span> <span class='ocrx_word' id='word_1_54' title='bbox 926 941 1032 989; x_wconf 89' lang='grc' dir='ltr'>τῶν</span> <span class='ocrx_word' id='word_1_55' title='bbox 1075 935 1290 1009; x_wconf 80' lang='grc' dir='ltr'><strong>ἀγαθῶν</strong></span> <span class='ocrx_word' id='word_1_56' title='bbox 1325 936 1443 1004; x_wconf 74' lang='grc' dir='ltr'>ἥκω</span> <span class='ocrx_word' id='word_1_57' title='bbox 1479 938 1723 1007; x_wconf 77' lang='grc' dir='ltr'>μηνυτὴς</span> <span class='ocrx_word' id='word_1_58' title='bbox 1754 937 1920 1011; x_wconf 80' lang='grc' dir='ltr'>ὑπάρ-</span> 
     </span>
    </p>
   </div>
   <div class='ocr_carea' id='block_1_10' title="bbox 262 1022 1921 1101">
    <p class='ocr_par' dir='ltr' id='par_1_10' title="bbox 262 1022 1921 1101">
     <span class='ocr_line' id='line_1_10' title="bbox 262 1022 1921 1101; baseline 0 -24"><span class='ocrx_word' id='word_1_59' title='bbox 262 1044 407 1100; x_wconf 77' lang='grc' dir='ltr'>χων,</span> <span class='ocrx_word' id='word_1_60' title='bbox 471 1024 516 1078; x_wconf 76' lang='grc' dir='ltr'>εί</span> <span class='ocrx_word' id='word_1_61' title='bbox 574 1024 661 1078; x_wconf 84' lang='grc' dir='ltr'>καὶ</span> <span class='ocrx_word' id='word_1_62' title='bbox 695 1022 795 1094; x_wconf 79' lang='grc' dir='ltr'>ἔξω</span> <span class='ocrx_word' id='word_1_63' title='bbox 853 1025 1063 1101; x_wconf 78' lang='grc' dir='ltr'>φύσεως</span> <span class='ocrx_word' id='word_1_64' title='bbox 1118 1026 1185 1078; x_wconf 75' lang='grc' dir='ltr'>τὰ</span> <span class='ocrx_word' id='word_1_65' title='bbox 1245 1024 1533 1098; x_wconf 81' lang='grc' dir='ltr'>Λεγόμενα·</span> <span class='ocrx_word' id='word_1_66' title='bbox 1604 1023 1729 1078; x_wconf 88' lang='grc' dir='ltr'>ἀλλ’</span> <span class='ocrx_word' id='word_1_67' title='bbox 1770 1024 1921 1097; x_wconf 74' lang='grc' dir='ltr'>ὅμως</span> 
     </span>
    </p>
   </div>
   <div class='ocr_carea' id='block_1_11' title="bbox 260 1111 1920 1189">
    <p class='ocr_par' dir='ltr' id='par_1_11' title="bbox 260 1111 1920 1189">
     <span class='ocr_line' id='line_1_11' title="bbox 260 1111 1920 1189; baseline -0.001 -23"><span class='ocrx_word' id='word_1_68' title='bbox 260 1115 414 1186; x_wconf 78' lang='grc' dir='ltr'>παρᾶ</span> <span class='ocrx_word' id='word_1_69' title='bbox 438 1112 518 1185; x_wconf 79' lang='grc' dir='ltr'>τῷ</span> <span class='ocrx_word' id='word_1_70' title='bbox 552 1118 862 1189; x_wconf 74' lang='grc' dir='ltr'>φυσιουργῷ</span> <span class='ocrx_word' id='word_1_71' title='bbox 894 1113 1069 1181; x_wconf 79' lang='grc' dir='ltr'>πάσης</span> <span class='ocrx_word' id='word_1_72' title='bbox 1117 1120 1217 1182; x_wconf 82' lang='grc' dir='ltr'>τῆς</span> <span class='ocrx_word' id='word_1_73' title='bbox 1248 1112 1471 1175; x_wconf 82' lang='grc' dir='ltr'>κτίσεως</span> <span class='ocrx_word' id='word_1_74' title='bbox 1507 1111 1659 1167; x_wconf 72' lang='grc' dir='ltr'>οὐδὲν</span> <span class='ocrx_word' id='word_1_75' title='bbox 1700 1114 1920 1167; x_wconf 74' lang='grc' dir='ltr'>σκολιὸν</span> 
     </span>
    </p>
   </div>
   <div class='ocr_carea' id='block_1_12' title="bbox 259 1200 1920 1277">
    <p class='ocr_par' dir='ltr' id='par_1_12' title="bbox 259 1200 1920 1277">
     <span class='ocr_line' id='line_1_12' title="bbox 259 1200 1920 1277; baseline 0 -21"><span class='ocrx_word' id='word_1_76' title='bbox 259 1204 295 1271; x_wconf 76' lang='grc' dir='ltr'><strong>ἢ</strong></span> <span class='ocrx_word' id='word_1_77' title='bbox 332 1200 802 1277; x_wconf 81' lang='grc' dir='ltr'>στραγγαλιῶδες,</span> <span class='ocrx_word' id='word_1_78' title='bbox 837 1201 983 1256; x_wconf 83' lang='grc' dir='ltr'>ἀλλά</span> <span class='ocrx_word' id='word_1_79' title='bbox 1030 1201 1201 1255; x_wconf 84' lang='grc' dir='ltr'>πάντα</span> <span class='ocrx_word' id='word_1_80' title='bbox 1250 1202 1403 1265; x_wconf 72' lang='grc' dir='ltr'>εὐθέα</span> <span class='ocrx_word' id='word_1_81' title='bbox 1449 1204 1708 1277; x_wconf 83' lang='grc' dir='ltr'>καὶπρὸς</span> <span class='ocrx_word' id='word_1_82' title='bbox 1759 1202 1920 1277; x_wconf 78' lang='grc' dir='ltr'>εύχὲ-</span> 
     </span>
    </p>
   </div>
   <div class='ocr_carea' id='block_1_13' title="bbox 258 1289 1922 1367">
    <p class='ocr_par' dir='ltr' id='par_1_13' title="bbox 258 1289 1922 1367">
     <span class='ocr_line' id='line_1_13' title="bbox 258 1289 1922 1367; baseline 0.001 -23"><span class='ocrx_word' id='word_1_83' title='bbox 258 1312 410 1366; x_wconf 83' lang='grc' dir='ltr'>ρειαν</span> <span class='ocrx_word' id='word_1_84' title='bbox 448 1292 734 1367; x_wconf 73' lang='grc' dir='ltr'>βλέποντα.</span> <span class='ocrx_word' id='word_1_85' title='bbox 768 1297 853 1345; x_wconf 87' lang='grc' dir='ltr'>Ἐν</span> <span class='ocrx_word' id='word_1_86' title='bbox 888 1290 1106 1352; x_wconf 87' lang='grc' dir='ltr'>ταύταις</span> <span class='ocrx_word' id='word_1_87' title='bbox 1137 1296 1254 1353; x_wconf 82' lang='grc' dir='ltr'>ταῖς</span> <span class='ocrx_word' id='word_1_88' title='bbox 1308 1289 1647 1366; x_wconf 67' lang='grc' dir='ltr'>ἐπαγγελίαις</span> <span class='ocrx_word' id='word_1_89' title='bbox 1696 1294 1729 1359; x_wconf 75' lang='grc' dir='ltr'>ἡ</span> <span class='ocrx_word' id='word_1_90' title='bbox 1774 1297 1922 1367; x_wconf 81' lang='grc' dir='ltr'>Παρ-</span> 
     </span>
    </p>
   </div>
   <div class='ocr_carea' id='block_1_14' title="bbox 255 1378 1923 1455">
    <p class='ocr_par' dir='ltr' id='par_1_14' title="bbox 255 1378 1923 1455">
     <span class='ocr_line' id='line_1_14' title="bbox 255 1378 1923 1455; baseline -0.001 -23"><span class='ocrx_word' id='word_1_91' title='bbox 255 1380 417 1440; x_wconf 78' lang='grc' dir='ltr'>θὲνος</span> <span class='ocrx_word' id='word_1_92' title='bbox 478 1385 912 1454; x_wconf 74' lang='grc' dir='ltr'>σαγηνευθεῖσα,</span> <span class='ocrx_word' id='word_1_93' title='bbox 970 1379 1060 1433; x_wconf 82' lang='grc' dir='ltr'>καὶ</span> <span class='ocrx_word' id='word_1_94' title='bbox 1136 1380 1311 1449; x_wconf 85' lang='grc' dir='ltr'>πάσης</span> <span class='ocrx_word' id='word_1_95' title='bbox 1395 1378 1611 1455; x_wconf 78' lang='grc' dir='ltr'>φαύλης</span> <span class='ocrx_word' id='word_1_96' title='bbox 1689 1379 1923 1440; x_wconf 76' lang='grc' dir='ltr'>ἐπινοίας</span> 
     </span>
    </p>
   </div>
   <div class='ocr_carea' id='block_1_15' title="bbox 251 1467 1919 1544">
    <p class='ocr_par' dir='ltr' id='par_1_15' title="bbox 251 1467 1919 1544">
     <span class='ocr_line' id='line_1_15' title="bbox 251 1467 1919 1544; baseline 0.001 -23"><span class='ocrx_word' id='word_1_97' title='bbox 251 1467 666 1543; x_wconf 67' lang='grc' dir='ltr'>ἀπαλλαγεῖσα,</span> <span class='ocrx_word' id='word_1_98' title='bbox 720 1468 895 1523; x_wconf 72' lang='grc' dir='ltr'>οὐκετι</span> <span class='ocrx_word' id='word_1_99' title='bbox 948 1468 1023 1529; x_wconf 86' lang='grc' dir='ltr'>ὡς</span> <span class='ocrx_word' id='word_1_100' title='bbox 1074 1468 1514 1544; x_wconf 70' lang='grc' dir='ltr'>ἀπαρῥησίαστος</span> <span class='ocrx_word' id='word_1_101' title='bbox 1562 1468 1787 1539; x_wconf 80' lang='grc' dir='ltr'>ἐσιώπα,</span> <span class='ocrx_word' id='word_1_102' title='bbox 1832 1468 1919 1523; x_wconf 74' lang='grc' dir='ltr'>λέ-</span> 
     </span>
    </p>
   </div>
   <div class='ocr_carea' id='block_1_16' title="bbox 250 1555 1921 1633">
    <p class='ocr_par' dir='ltr' id='par_1_16' title="bbox 250 1555 1921 1633">
     <span class='ocr_line' id='line_1_16' title="bbox 250 1555 1921 1633; baseline -0.001 -22"><span class='ocrx_word' id='word_1_103' title='bbox 250 1578 435 1631; x_wconf 83' lang='grc' dir='ltr'>γουσα</span> <span class='ocrx_word' id='word_1_104' title='bbox 466 1558 602 1630; x_wconf 84' lang='grc' dir='ltr'>πρὸς</span> <span class='ocrx_word' id='word_1_105' title='bbox 629 1558 719 1612; x_wconf 87' lang='grc' dir='ltr'>τὸν</span> <span class='ocrx_word' id='word_1_106' title='bbox 750 1558 1001 1633; x_wconf 79' lang='grc' dir='ltr'>ἄγγελον.</span> <span class='ocrx_word' id='word_1_107' title='bbox 1044 1582 1071 1607; x_wconf 93' lang='grc'><strong>‹‹</strong></span> <span class='ocrx_word' id='word_1_108' title='bbox 1106 1562 1229 1618; x_wconf 90' lang='grc' dir='ltr'>Πῶς</span> <span class='ocrx_word' id='word_1_109' title='bbox 1275 1555 1417 1611; x_wconf 80' lang='grc' dir='ltr'>ἔσται</span> <span class='ocrx_word' id='word_1_110' title='bbox 1482 1579 1573 1628; x_wconf 86' lang='grc' dir='ltr'>μοι</span> <span class='ocrx_word' id='word_1_111' title='bbox 1623 1563 1805 1627; x_wconf 80' lang='grc' dir='ltr'>τοῦτο,</span> <span class='ocrx_word' id='word_1_112' title='bbox 1840 1556 1921 1611; x_wconf 78' lang='grc' dir='ltr'>δτι</span> 
     </span>
    </p>
   </div>
   <div class='ocr_carea' id='block_1_17' title="bbox 250 1644 1920 1721">
    <p class='ocr_par' dir='ltr' id='par_1_17' title="bbox 250 1644 1920 1721">
     <span class='ocr_line' id='line_1_17' title="bbox 250 1644 1920 1721; baseline 0 -22"><span class='ocrx_word' id='word_1_113' title='bbox 250 1644 430 1719; x_wconf 74' lang='grc' dir='ltr'>ἄνδρα</span> <span class='ocrx_word' id='word_1_114' title='bbox 463 1646 523 1700; x_wconf 82' lang='grc' dir='ltr'>οὐ</span> <span class='ocrx_word' id='word_1_115' title='bbox 554 1648 805 1721; x_wconf 80' lang='grc' dir='ltr'>γινώσκω</span> <span class='ocrx_word' id='word_1_116' title='bbox 840 1665 853 1715; x_wconf 88' lang='lat'><strong>;</strong></span> <span class='ocrx_word' id='word_1_117' title='bbox 882 1667 909 1697; x_wconf 69' lang='grc' dir='ltr'>ι</span> <span class='ocrx_word' id='word_1_118' title='bbox 948 1645 1012 1703; x_wconf 91' lang='grc' dir='ltr'>Τί</span> <span class='ocrx_word' id='word_1_119' title='bbox 1048 1667 1152 1717; x_wconf 84' lang='grc' dir='ltr'>μου</span> <span class='ocrx_word' id='word_1_120' title='bbox 1184 1647 1271 1700; x_wconf 87' lang='grc' dir='ltr'>καὶ</span> <span class='ocrx_word' id='word_1_121' title='bbox 1304 1647 1403 1713; x_wconf 69' lang='grc' dir='ltr'>τὴν</span> <span class='ocrx_word' id='word_1_122' title='bbox 1452 1644 1676 1721; x_wconf 78' lang='grc' dir='ltr'>καρδίαν</span> <span class='ocrx_word' id='word_1_123' title='bbox 1719 1652 1920 1719; x_wconf 78' lang='grc' dir='ltr'>θροεῖς,</span> 
     </span>
    </p>
   </div>
   <div class='ocr_carea' id='block_1_18' title="bbox 248 1734 1923 1808">
    <p class='ocr_par' dir='ltr' id='par_1_18' title="bbox 248 1734 1923 1808">
     <span class='ocr_line' id='line_1_18' title="bbox 248 1734 1923 1808; baseline 0.001 -21"><span class='ocrx_word' id='word_1_124' title='bbox 248 1736 340 1788; x_wconf 83' lang='grc' dir='ltr'>καὶ</span> <span class='ocrx_word' id='word_1_125' title='bbox 399 1736 503 1803; x_wconf 77' lang='grc' dir='ltr'>τήν</span> <span class='ocrx_word' id='word_1_126' title='bbox 555 1734 723 1803; x_wconf 76' lang='grc' dir='ltr'>ἀκοὴν</span> <span class='ocrx_word' id='word_1_127' title='bbox 774 1736 1091 1808; x_wconf 80' lang='grc' dir='ltr'>ξενοφωνεῖς</span> <span class='ocrx_word' id='word_1_128' title='bbox 1127 1754 1141 1802; x_wconf 86' lang='grc'>;</span> <span class='ocrx_word' id='word_1_129' title='bbox 1173 1736 1232 1788; x_wconf 89' lang='grc' dir='ltr'>Τί</span> <span class='ocrx_word' id='word_1_130' title='bbox 1276 1735 1336 1788; x_wconf 88' lang='grc' dir='ltr'>τὸ</span> <span class='ocrx_word' id='word_1_131' title='bbox 1386 1737 1460 1807; x_wconf 77' lang='grc' dir='ltr'>μή</span> <span class='ocrx_word' id='word_1_132' title='bbox 1516 1736 1771 1789; x_wconf 72' lang='grc' dir='ltr'>ἀκουσθὲν</span> <span class='ocrx_word' id='word_1_133' title='bbox 1820 1734 1923 1788; x_wconf 83' lang='grc' dir='ltr'>ἀπὸ</span> 
     </span>
    </p>
   </div>
   <div class='ocr_carea' id='block_1_19' title="bbox 244 1822 1924 1900">
    <p class='ocr_par' dir='ltr' id='par_1_19' title="bbox 244 1822 1924 1900">
     <span class='ocr_line' id='line_1_19' title="bbox 244 1822 1924 1900; baseline 0.001 -23"><span class='ocrx_word' id='word_1_134' title='bbox 244 1828 345 1900; x_wconf 75' lang='grc' dir='ltr'>τοῦ</span> <span class='ocrx_word' id='word_1_135' title='bbox 380 1823 585 1885; x_wconf 74' lang='grc' dir='ltr'>αἰῶνος</span> <span class='ocrx_word' id='word_1_136' title='bbox 614 1822 957 1900; x_wconf 70' lang='grc' dir='ltr'>διαγγέλλεις</span> <span class='ocrx_word' id='word_1_137' title='bbox 989 1845 1013 1878; x_wconf 90' lang='grc' dir='ltr'>ε</span> <span class='ocrx_word' id='word_1_138' title='bbox 1044 1823 1236 1897; x_wconf 82' lang='grc' dir='ltr'>ἔγκυος</span> <span class='ocrx_word' id='word_1_139' title='bbox 1265 1824 1651 1899; x_wconf 72' lang='grc' dir='ltr'>εύρεθήσομαι,</span> <span class='ocrx_word' id='word_1_140' title='bbox 1691 1826 1784 1878; x_wconf 85' lang='grc' dir='ltr'>καὶ</span> <span class='ocrx_word' id='word_1_141' title='bbox 1834 1826 1924 1879; x_wconf 90' lang='grc' dir='ltr'>ἀν-</span> 
     </span>
    </p>
   </div>
   <div class='ocr_carea' id='block_1_20' title="bbox 2034 665 3691 734">
    <p class='ocr_par' dir='ltr' id='par_1_20' title="bbox 2034 665 3691 734">
     <span class='ocr_line' id='line_1_20' title="bbox 2034 665 3691 734; baseline -0.004 -11"><span class='ocrx_word' id='word_1_142' title='bbox 2034 670 2141 723; x_wconf 84' lang='lat' dir='ltr'>tibi</span> <span class='ocrx_word' id='word_1_143' title='bbox 2175 670 2459 723; x_wconf 92' lang='lat' dir='ltr'>bonorum</span> <span class='ocrx_word' id='word_1_144' title='bbox 2493 669 2735 723; x_wconf 89' lang='lat' dir='ltr'>nuntius</span> <span class='ocrx_word' id='word_1_145' title='bbox 2786 667 3016 734; x_wconf 80' lang='lat' dir='ltr'>accedo,</span> <span class='ocrx_word' id='word_1_146' title='bbox 3054 665 3283 720; x_wconf 80' lang='lat' dir='ltr'>etiamsi</span> <span class='ocrx_word' id='word_1_147' title='bbox 3326 667 3488 719; x_wconf 81' lang='lat' dir='ltr'>extra</span> <span class='ocrx_word' id='word_1_148' title='bbox 3520 667 3691 718; x_wconf 87' lang='lat' dir='ltr'>natu-</span> 
     </span>
    </p>
   </div>
   <div class='ocr_carea' id='block_1_21' title="bbox 2036 752 3691 828">
    <p class='ocr_par' dir='ltr' id='par_1_21' title="bbox 2036 752 3691 828">
     <span class='ocr_line' id='line_1_21' title="bbox 2036 752 3691 828; baseline -0.002 -17"><span class='ocrx_word' id='word_1_149' title='bbox 2036 774 2161 813; x_wconf 89' lang='lat' dir='ltr'>ram</span> <span class='ocrx_word' id='word_1_150' title='bbox 2194 758 2313 812; x_wconf 90' lang='lat' dir='ltr'>sint</span> <span class='ocrx_word' id='word_1_151' title='bbox 2360 775 2486 828; x_wconf 72' lang='lat' dir='ltr'>qure</span> <span class='ocrx_word' id='word_1_152' title='bbox 2539 759 2669 811; x_wconf 88' lang='lat' dir='ltr'>dico</span> <span class='ocrx_word' id='word_1_153' title='bbox 2716 775 2727 823; x_wconf 90' lang='lat'><strong>;</strong></span> <span class='ocrx_word' id='word_1_154' title='bbox 2782 761 3040 811; x_wconf 85' lang='lat' dir='ltr'>attamen</span> <span class='ocrx_word' id='word_1_155' title='bbox 3093 772 3127 810; x_wconf 88' lang='lat' dir='ltr'>a</span> <span class='ocrx_word' id='word_1_156' title='bbox 3175 754 3476 809; x_wconf 83' lang='lat' dir='ltr'>conditore</span> <span class='ocrx_word' id='word_1_157' title='bbox 3510 752 3691 807; x_wconf 89' lang='lat' dir='ltr'>totius</span> 
     </span>
    </p>
   </div>
   <div class='ocr_carea' id='block_1_22' title="bbox 2037 841 3686 915">
    <p class='ocr_par' dir='ltr' id='par_1_22' title="bbox 2037 841 3686 915">
     <span class='ocr_line' id='line_1_22' title="bbox 2037 841 3686 915; baseline -0.004 -14"><span class='ocrx_word' id='word_1_158' title='bbox 2037 864 2228 902; x_wconf 86' lang='lat' dir='ltr'>rerum</span> <span class='ocrx_word' id='word_1_159' title='bbox 2264 852 2473 902; x_wconf 81' lang='lat' dir='ltr'>natura</span> <span class='ocrx_word' id='word_1_160' title='bbox 2492 847 2635 901; x_wconf 89' lang='lat' dir='ltr'>nihil</span> <span class='ocrx_word' id='word_1_161' title='bbox 2660 846 2988 915; x_wconf 85' lang='lat' dir='ltr'>obliquum,</span> <span class='ocrx_word' id='word_1_162' title='bbox 3014 843 3157 897; x_wconf 84' lang='lat' dir='ltr'>nihil</span> <span class='ocrx_word' id='word_1_163' title='bbox 3181 847 3549 907; x_wconf 81' lang='lat' dir='ltr'>tortuosum;</span> <span class='ocrx_word' id='word_1_164' title='bbox 3585 841 3686 896; x_wconf 89' lang='lat' dir='ltr'>sed</span> 
     </span>
    </p>
   </div>
   <div class='ocr_carea' id='block_1_23' title="bbox 2035 928 3685 1004">
    <p class='ocr_par' dir='ltr' id='par_1_23' title="bbox 2035 928 3685 1004">
     <span class='ocr_line' id='line_1_23' title="bbox 2035 928 3685 1004; baseline -0.003 -15"><span class='ocrx_word' id='word_1_165' title='bbox 2035 940 2191 990; x_wconf 90' lang='lat' dir='ltr'>recta</span> <span class='ocrx_word' id='word_1_166' title='bbox 2248 938 2463 1000; x_wconf 83' lang='lat' dir='ltr'>omnia,</span> <span class='ocrx_word' id='word_1_167' title='bbox 2512 942 2568 989; x_wconf 89' lang='lat' dir='ltr'>et</span> <span class='ocrx_word' id='word_1_168' title='bbox 2616 952 2852 989; x_wconf 82' lang='lat' dir='ltr'>suavem</span> <span class='ocrx_word' id='word_1_169' title='bbox 2908 939 3081 1004; x_wconf 91' lang='lat' dir='ltr'>atque</span> <span class='ocrx_word' id='word_1_170' title='bbox 3132 931 3373 1002; x_wconf 87' lang='lat' dir='ltr'>planum</span> <span class='ocrx_word' id='word_1_171' title='bbox 3422 928 3685 985; x_wconf 88' lang='lat' dir='ltr'>ordinem</span> 
     </span>
    </p>
   </div>
   <div class='ocr_carea' id='block_1_24' title="bbox 2050 1020 3683 1095">
    <p class='ocr_par' dir='ltr' id='par_1_24' title="bbox 2050 1020 3683 1095">
     <span class='ocr_line' id='line_1_24' title="bbox 2050 1020 3683 1095; baseline -0.002 -18"><span class='ocrx_word' id='word_1_172' title='bbox 2050 1026 2393 1095; x_wconf 76' lang='lat' dir='ltr'>spectantia.</span> <span class='ocrx_word' id='word_1_173' title='bbox 2438 1024 2535 1079; x_wconf 87' lang='lat' dir='ltr'>His</span> <span class='ocrx_word' id='word_1_174' title='bbox 2567 1030 2735 1095; x_wconf 90' lang='lat' dir='ltr'>capta</span> <span class='ocrx_word' id='word_1_175' title='bbox 2782 1022 3089 1094; x_wconf 83' lang='lat' dir='ltr'>promissis</span> <span class='ocrx_word' id='word_1_176' title='bbox 3140 1021 3327 1092; x_wconf 88' lang='lat' dir='ltr'>Virgo,</span> <span class='ocrx_word' id='word_1_177' title='bbox 3362 1020 3683 1089; x_wconf 89' lang='lat' dir='ltr'>omnnique</span> 
     </span>
    </p>
   </div>
   <div class='ocr_carea' id='block_1_25' title="bbox 2038 1108 3682 1185">
    <p class='ocr_par' dir='ltr' id='par_1_25' title="bbox 2038 1108 3682 1185">
     <span class='ocr_line' id='line_1_25' title="bbox 2038 1108 3682 1185; baseline -0.003 -17"><span class='ocrx_word' id='word_1_178' title='bbox 2038 1131 2215 1185; x_wconf 86' lang='lat' dir='ltr'>parva</span> <span class='ocrx_word' id='word_1_179' title='bbox 2263 1112 2594 1184; x_wconf 82' lang='lat' dir='ltr'>suspicione</span> <span class='ocrx_word' id='word_1_180' title='bbox 2632 1113 2899 1177; x_wconf 86' lang='lat' dir='ltr'>libarata,</span> <span class='ocrx_word' id='word_1_181' title='bbox 2936 1128 3051 1166; x_wconf 92' lang='lat' dir='ltr'>non</span> <span class='ocrx_word' id='word_1_182' title='bbox 3084 1112 3234 1163; x_wconf 87' lang='lat' dir='ltr'>ultra</span> <span class='ocrx_word' id='word_1_183' title='bbox 3268 1108 3435 1180; x_wconf 92' lang='lat' dir='ltr'>quasi</span> <span class='ocrx_word' id='word_1_184' title='bbox 3487 1109 3682 1163; x_wconf 78' lang='lat' dir='ltr'>difiisa</span> 
     </span>
    </p>
   </div>
   <div class='ocr_carea' id='block_1_26' title="bbox 2035 1196 3677 1273">
    <p class='ocr_par' dir='ltr' id='par_1_26' title="bbox 2035 1196 3677 1273">
     <span class='ocr_line' id='line_1_26' title="bbox 2035 1196 3677 1273; baseline -0.004 -16"><span class='ocrx_word' id='word_1_185' title='bbox 2035 1202 2238 1267; x_wconf 82' lang='lat' dir='ltr'>tacuit,</span> <span class='ocrx_word' id='word_1_186' title='bbox 2272 1204 2370 1257; x_wconf 82' lang='lat' dir='ltr'>sed</span> <span class='ocrx_word' id='word_1_187' title='bbox 2414 1203 2495 1256; x_wconf 88' lang='lat' dir='ltr'>ait</span> <span class='ocrx_word' id='word_1_188' title='bbox 2528 1202 2731 1273; x_wconf 83' lang='lat' dir='ltr'>angelo</span> <span class='ocrx_word' id='word_1_189' title='bbox 2768 1218 2779 1255; x_wconf 91' lang='lat'>:</span> <span class='ocrx_word' id='word_1_190' title='bbox 2831 1200 3130 1266; x_wconf 86' lang='lat' dir='ltr'>Quomodo</span> <span class='ocrx_word' id='word_1_191' title='bbox 3180 1199 3275 1252; x_wconf 84' lang='lat' dir='ltr'>ﬁet</span> <span class='ocrx_word' id='word_1_192' title='bbox 3326 1197 3467 1251; x_wconf 88' lang='lat' dir='ltr'>mihi</span> <span class='ocrx_word' id='word_1_193' title='bbox 3498 1196 3677 1266; x_wconf 87' lang='lat' dir='ltr'>istud,</span> 
     </span>
    </p>
   </div>
   <div class='ocr_carea' id='block_1_27' title="bbox 2036 1286 3678 1363">
    <p class='ocr_par' dir='ltr' id='par_1_27' title="bbox 2036 1286 3678 1363">
     <span class='ocr_line' id='line_1_27' title="bbox 2036 1286 3678 1363; baseline -0.005 -15"><span class='ocrx_word' id='word_1_194' title='bbox 2036 1292 2310 1363; x_wconf 82' lang='lat' dir='ltr'>quoniam</span> <span class='ocrx_word' id='word_1_195' title='bbox 2339 1292 2525 1346; x_wconf 88' lang='lat' dir='ltr'>virum</span> <span class='ocrx_word' id='word_1_196' title='bbox 2561 1308 2675 1345; x_wconf 91' lang='lat' dir='ltr'>non</span> <span class='ocrx_word' id='word_1_197' title='bbox 2707 1305 2995 1361; x_wconf 90' lang='lat' dir='ltr'>cognosco</span> <span class='ocrx_word' id='word_1_198' title='bbox 3020 1287 3109 1341; x_wconf 70' lang='lat'>’5‘?</span> <span class='ocrx_word' id='word_1_199' title='bbox 3133 1310 3160 1335; x_wconf 92' lang='grc'>››</span> <span class='ocrx_word' id='word_1_200' title='bbox 3191 1286 3337 1349; x_wconf 89' lang='lat' dir='ltr'>Quid</span> <span class='ocrx_word' id='word_1_201' title='bbox 3371 1302 3469 1339; x_wconf 91' lang='lat' dir='ltr'>cor</span> <span class='ocrx_word' id='word_1_202' title='bbox 3497 1289 3678 1340; x_wconf 89' lang='lat' dir='ltr'>terres</span> 
     </span>
    </p>
   </div>
   <div class='ocr_carea' id='block_1_28' title="bbox 2034 1373 3679 1451">
    <p class='ocr_par' dir='ltr' id='par_1_28' title="bbox 2034 1373 3679 1451">
     <span class='ocr_line' id='line_1_28' title="bbox 2034 1373 3679 1451; baseline -0.005 -15"><span class='ocrx_word' id='word_1_203' title='bbox 2034 1398 2253 1451; x_wconf 89' lang='lat' dir='ltr'>meum,</span> <span class='ocrx_word' id='word_1_204' title='bbox 2306 1398 2624 1451; x_wconf 83' lang='lat' dir='ltr'>auremque</span> <span class='ocrx_word' id='word_1_205' title='bbox 2657 1378 2890 1433; x_wconf 89' lang='lat' dir='ltr'>insolite</span> <span class='ocrx_word' id='word_1_206' title='bbox 2920 1394 3054 1433; x_wconf 89' lang='lat' dir='ltr'>voce</span> <span class='ocrx_word' id='word_1_207' title='bbox 3087 1376 3393 1431; x_wconf 82' lang='lat' dir='ltr'>attonitam</span> <span class='ocrx_word' id='word_1_208' title='bbox 3428 1374 3622 1429; x_wconf 89' lang='lat' dir='ltr'>reddis</span> <span class='ocrx_word' id='word_1_209' title='bbox 3651 1373 3679 1428; x_wconf 84' lang='lat'><strong>?</strong></span> 
     </span>
    </p>
   </div>
   <div class='ocr_carea' id='block_1_29' title="bbox 2033 1463 3674 1536">
    <p class='ocr_par' dir='ltr' id='par_1_29' title="bbox 2033 1463 3674 1536">
     <span class='ocr_line' id='line_1_29' title="bbox 2033 1463 3674 1536; baseline -0.005 -10"><span class='ocrx_word' id='word_1_210' title='bbox 2033 1472 2178 1536; x_wconf 89' lang='lat' dir='ltr'>Quid</span> <span class='ocrx_word' id='word_1_211' title='bbox 2232 1488 2351 1525; x_wconf 89' lang='lat' dir='ltr'>rem</span> <span class='ocrx_word' id='word_1_212' title='bbox 2396 1469 2709 1525; x_wconf 90' lang='lat' dir='ltr'>annuntias</span> <span class='ocrx_word' id='word_1_213' title='bbox 2763 1486 2797 1523; x_wconf 90' lang='lat' dir='ltr'>a</span> <span class='ocrx_word' id='word_1_214' title='bbox 2844 1466 3055 1523; x_wconf 76' lang='lat' dir='ltr'>saeculo</span> <span class='ocrx_word' id='word_1_215' title='bbox 3098 1463 3557 1533; x_wconf 54' lang='lat' dir='ltr'>noniauditam?</span> <span class='ocrx_word' id='word_1_216' title='bbox 3590 1471 3674 1517; x_wconf 78' lang='lat' dir='ltr'>An</span> 
     </span>
    </p>
   </div>
   <div class='ocr_carea' id='block_1_30' title="bbox 2033 1553 3677 1631">
    <p class='ocr_par' dir='ltr' id='par_1_30' title="bbox 2033 1553 3677 1631">
     <span class='ocr_line' id='line_1_30' title="bbox 2033 1553 3677 1631; baseline -0.007 -16"><span class='ocrx_word' id='word_1_217' title='bbox 2033 1576 2339 1631; x_wconf 76' lang='lat' dir='ltr'>praegnans</span> <span class='ocrx_word' id='word_1_218' title='bbox 2380 1560 2659 1624; x_wconf 89' lang='lat' dir='ltr'>inveniar,</span> <span class='ocrx_word' id='word_1_219' title='bbox 2714 1556 2855 1627; x_wconf 88' lang='lat' dir='ltr'>quin</span> <span class='ocrx_word' id='word_1_220' title='bbox 2904 1555 3008 1609; x_wconf 89' lang='lat' dir='ltr'>viri</span> <span class='ocrx_word' id='word_1_221' title='bbox 3064 1553 3527 1625; x_wconf 85' lang='lat' dir='ltr'>experimentum</span> <span class='ocrx_word' id='word_1_222' title='bbox 3578 1568 3677 1605; x_wconf 86' lang='lat' dir='ltr'>ca-</span> 
     </span>
    </p>
   </div>
   <div class='ocr_carea' id='block_1_31' title="bbox 2034 1641 3673 1722">
    <p class='ocr_par' dir='ltr' id='par_1_31' title="bbox 2034 1641 3673 1722">
     <span class='ocr_line' id='line_1_31' title="bbox 2034 1641 3673 1722; baseline -0.005 -18"><span class='ocrx_word' id='word_1_223' title='bbox 2034 1650 2189 1722; x_wconf 86' lang='lat' dir='ltr'>piam</span> <span class='ocrx_word' id='word_1_224' title='bbox 2208 1651 2235 1703; x_wconf 87' lang='lat'><strong><em>?</em></strong></span> <span class='ocrx_word' id='word_1_225' title='bbox 2266 1674 2286 1698; x_wconf 75' lang='grc' dir='ltr'>ι</span> <span class='ocrx_word' id='word_1_226' title='bbox 2316 1649 2615 1712; x_wconf 87' lang='lat' dir='ltr'>Quomodo</span> <span class='ocrx_word' id='word_1_227' title='bbox 2639 1648 2736 1702; x_wconf 82' lang='lat' dir='ltr'>ﬁet</span> <span class='ocrx_word' id='word_1_228' title='bbox 2758 1644 2901 1699; x_wconf 91' lang='lat' dir='ltr'>mihi</span> <span class='ocrx_word' id='word_1_229' title='bbox 2927 1644 3080 1699; x_wconf 88' lang='lat' dir='ltr'>istud</span> <span class='ocrx_word' id='word_1_230' title='bbox 3099 1644 3126 1697; x_wconf 75' lang='lat' dir='ltr'>‘I</span> <span class='ocrx_word' id='word_1_231' title='bbox 3155 1664 3180 1695; x_wconf 77' lang='grc' dir='ltr'>α</span> <span class='ocrx_word' id='word_1_232' title='bbox 3203 1642 3387 1696; x_wconf 84' lang='lat' dir='ltr'>Mater</span> <span class='ocrx_word' id='word_1_233' title='bbox 3407 1641 3673 1708; x_wconf 88' lang='lat' dir='ltr'>vocabor,</span> 
     </span>
    </p>
   </div>
   <div class='ocr_carea' id='block_1_32' title="bbox 2034 1731 3673 1808">
    <p class='ocr_par' dir='ltr' id='par_1_32' title="bbox 2034 1731 3673 1808">
     <span class='ocr_line' id='line_1_32' title="bbox 2034 1731 3673 1808; baseline -0.007 -14"><span class='ocrx_word' id='word_1_234' title='bbox 2034 1745 2090 1794; x_wconf 89' lang='lat' dir='ltr'>et</span> <span class='ocrx_word' id='word_1_235' title='bbox 2120 1739 2399 1793; x_wconf 88' lang='lat' dir='ltr'>maternis</span> <span class='ocrx_word' id='word_1_236' title='bbox 2434 1743 2637 1808; x_wconf 89' lang='lat' dir='ltr'>partus</span> <span class='ocrx_word' id='word_1_237' title='bbox 2669 1735 2971 1790; x_wconf 88' lang='lat' dir='ltr'>doloribus</span> <span class='ocrx_word' id='word_1_238' title='bbox 3002 1749 3204 1803; x_wconf 86' lang='lat' dir='ltr'>expers</span> <span class='ocrx_word' id='word_1_239' title='bbox 3264 1731 3407 1786; x_wconf 87' lang='lat' dir='ltr'>ero?</span> <span class='ocrx_word' id='word_1_240' title='bbox 3457 1752 3483 1779; x_wconf 86' lang='lat'>»</span> <span class='ocrx_word' id='word_1_241' title='bbox 3523 1732 3673 1792; x_wconf 86' lang='lat' dir='ltr'>Quo-</span> 
     </span>
    </p>
   </div>
   <div class='ocr_carea' id='block_1_33' title="bbox 2035 1819 3675 1892">
    <p class='ocr_par' dir='ltr' id='par_1_33' title="bbox 2035 1819 3675 1892">
     <span class='ocr_line' id='line_1_33' title="bbox 2035 1819 3675 1892; baseline -0.005 -9"><span class='ocrx_word' id='word_1_242' title='bbox 2035 1829 2207 1883; x_wconf 90' lang='lat' dir='ltr'>modo</span> <span class='ocrx_word' id='word_1_243' title='bbox 2240 1829 2337 1882; x_wconf 82' lang='lat' dir='ltr'>ﬁet</span> <span class='ocrx_word' id='word_1_244' title='bbox 2368 1827 2509 1880; x_wconf 89' lang='lat' dir='ltr'>mihi</span> <span class='ocrx_word' id='word_1_245' title='bbox 2542 1826 2699 1881; x_wconf 89' lang='lat' dir='ltr'>istud</span> <span class='ocrx_word' id='word_1_246' title='bbox 2736 1825 2762 1877; x_wconf 85' lang='lat'><strong>?</strong></span> <span class='ocrx_word' id='word_1_247' title='bbox 2790 1828 3099 1878; x_wconf 85' lang='lat' dir='ltr'>Mammam</span> <span class='ocrx_word' id='word_1_248' title='bbox 3144 1820 3430 1892; x_wconf 67' lang='lat' dir='ltr'>praebebo,</span> <span class='ocrx_word' id='word_1_249' title='bbox 3466 1819 3675 1889; x_wconf 83' lang='lat' dir='ltr'>pannis</span> 
     </span>
    </p>
   </div>
   <div class='ocr_carea' id='block_1_34' title="bbox 249 1897 1924 2018">
    <p class='ocr_par' dir='ltr' id='par_1_34' title="bbox 249 1897 1912 2018">
     <span class='ocr_line' id='line_1_34' title="bbox 249 1897 1912 1989; baseline 0 -22"><span class='ocrx_word' id='word_1_250' title='bbox 249 1897 384 1986; x_wconf 81' lang='grc' dir='ltr'>δρὸς</span> <span class='ocrx_word' id='word_1_251' title='bbox 419 1918 611 1989; x_wconf 86' lang='grc' dir='ltr'>πεῖραν</span> <span class='ocrx_word' id='word_1_252' title='bbox 645 1913 707 1968; x_wconf 90' lang='lat'>06</span> <span class='ocrx_word' id='word_1_253' title='bbox 744 1911 997 1985; x_wconf 78' lang='grc' dir='ltr'>λήψομαι</span> <span class='ocrx_word' id='word_1_254' title='bbox 1033 1932 1046 1981; x_wconf 91' lang='grc'>;</span> <span class='ocrx_word' id='word_1_255' title='bbox 1081 1938 1107 1965; x_wconf 87' lang='grc'>‹‹</span> <span class='ocrx_word' id='word_1_256' title='bbox 1144 1918 1265 1975; x_wconf 87' lang='grc' dir='ltr'>Πῶς</span> <span class='ocrx_word' id='word_1_257' title='bbox 1318 1911 1459 1967; x_wconf 78' lang='grc' dir='ltr'>ἔσται</span> <span class='ocrx_word' id='word_1_258' title='bbox 1502 1934 1593 1983; x_wconf 88' lang='grc' dir='ltr'>μοι</span> <span class='ocrx_word' id='word_1_259' title='bbox 1642 1918 1802 1967; x_wconf 88' lang='grc' dir='ltr'>τοῦτο</span> <span class='ocrx_word' id='word_1_260' title='bbox 1836 1932 1849 1982; x_wconf 84' lang='grc'><strong>;</strong></span> <span class='ocrx_word' id='word_1_261' title='bbox 1884 1938 1912 1967; x_wconf 83' lang='grc'><strong>››</strong></span> 
     </span>
     <span class='ocr_line' id='line_1_35' title="bbox 249 1999 1857 2018; baseline 0 0"><span class='ocrx_word' id='word_1_262' title='bbox 249 2008 293 2018; x_wconf 89' lang='grc'><strong>.-</strong></span> <span class='ocrx_word' id='word_1_263' title='bbox 320 2004 332 2018; x_wconf 87' lang='grc'><strong><em>,</em></strong></span> <span class='ocrx_word' id='word_1_264' title='bbox 527 2001 540 2018; x_wconf 81' lang='lat'>.</span> <span class='ocrx_word' id='word_1_265' title='bbox 732 2013 747 2018; x_wconf 73' lang='lat'>-</span> <span class='ocrx_word' id='word_1_266' title='bbox 779 2004 791 2018; x_wconf 86' lang='lat'>.</span> <span class='ocrx_word' id='word_1_267' title='bbox 1129 2002 1141 2018; x_wconf 66' lang='grc' dir='ltr'>ι</span> <span class='ocrx_word' id='word_1_268' title='bbox 1416 2008 1439 2017; x_wconf 77' lang='lat'>-</span> <span class='ocrx_word' id='word_1_269' title='bbox 1561 2002 1573 2018; x_wconf 64' lang='grc' dir='ltr'>ν</span> <span class='ocrx_word' id='word_1_270' title='bbox 1596 1999 1643 2018; x_wconf 63' lang='grc' dir='ltr'>κ,</span> <span class='ocrx_word' id='word_1_271' title='bbox 1805 2000 1857 2018; x_wconf 69' lang='grc' dir='ltr'>οι.</span> 
     </span>
    </p>
   </div>
   <div class='ocr_carea' id='block_1_35' title="bbox 2022 1897 3673 2018">
    <p class='ocr_par' dir='ltr' id='par_1_35' title="bbox 2032 1911 3673 2018">
     <span class='ocr_line' id='line_1_36' title="bbox 2032 1911 3673 1987; baseline -0.006 -14"><span class='ocrx_word' id='word_1_272' title='bbox 2032 1918 2341 1984; x_wconf 89' lang='lat' dir='ltr'>involvam,</span> <span class='ocrx_word' id='word_1_273' title='bbox 2394 1932 2639 1987; x_wconf 87' lang='lat' dir='ltr'>puerum</span> <span class='ocrx_word' id='word_1_274' title='bbox 2688 1913 2935 1981; x_wconf 87' lang='lat' dir='ltr'>lactabo,</span> <span class='ocrx_word' id='word_1_275' title='bbox 2969 1928 3073 1966; x_wconf 90' lang='lat' dir='ltr'>cur</span> <span class='ocrx_word' id='word_1_276' title='bbox 3124 1911 3276 1982; x_wconf 90' lang='lat' dir='ltr'>quod</span> <span class='ocrx_word' id='word_1_277' title='bbox 3328 1926 3419 1964; x_wconf 89' lang='lat' dir='ltr'>me</span> <span class='ocrx_word' id='word_1_278' title='bbox 3449 1912 3673 1981; x_wconf 86' lang='lat' dir='ltr'>spectat</span> 
     </span>
     <span class='ocr_line' id='line_1_37' title="bbox 2176 1998 3625 2018; baseline -0.005 -1"><span class='ocrx_word' id='word_1_279' title='bbox 2516 2004 2543 2018; x_wconf 56' lang='grc' dir='ltr'><strong>ί.</strong></span> <span class='ocrx_word' id='word_1_280' title='bbox 2864 2004 2879 2018; x_wconf 92' lang='grc'>.</span> <span class='ocrx_word' id='word_1_281' title='bbox 3535 2016 3625 2018; x_wconf 49' lang='grc' dir='ltr'>,η</span> 
     </span>
    </p>
   </div>
   <div class='ocr_carea' id='block_1_36' title="bbox 244 1999 1907 2077">
    <p class='ocr_par' dir='ltr' id='par_1_36' title="bbox 244 1999 1907 2077">
     <span class='ocr_line' id='line_1_38' title="bbox 244 1999 1907 2077; baseline 0.001 -20"><span class='ocrx_word' id='word_1_282' title='bbox 244 2004 455 2076; x_wconf 75' lang='grc' dir='ltr'>Μήτηρ</span> <span class='ocrx_word' id='word_1_283' title='bbox 517 2001 997 2074; x_wconf 80' lang='grc' dir='ltr'>ὀνομασθήσομαι,</span> <span class='ocrx_word' id='word_1_284' title='bbox 1056 2002 1145 2057; x_wconf 82' lang='grc' dir='ltr'>καὶ</span> <span class='ocrx_word' id='word_1_285' title='bbox 1202 2008 1480 2077; x_wconf 84' lang='grc' dir='ltr'>μητρικῶν</span> <span class='ocrx_word' id='word_1_286' title='bbox 1542 1999 1752 2056; x_wconf 79' lang='grc' dir='ltr'>ὠδίνων</span> <span class='ocrx_word' id='word_1_287' title='bbox 1805 2000 1907 2073; x_wconf 68' lang='grc' dir='ltr'>ἕξω</span> 
     </span>
    </p>
   </div>
   <div class='ocr_carea' id='block_1_37' title="bbox 242 2089 1907 2165">
    <p class='ocr_par' dir='ltr' id='par_1_37' title="bbox 242 2089 1907 2165">
     <span class='ocr_line' id='line_1_39' title="bbox 242 2089 1907 2165; baseline 0.002 -22"><span class='ocrx_word' id='word_1_288' title='bbox 242 2092 559 2165; x_wconf 66' lang='grc' dir='ltr'>γενήσομαι</span> <span class='ocrx_word' id='word_1_289' title='bbox 594 2111 607 2159; x_wconf 88' lang='grc'>;</span> <span class='ocrx_word' id='word_1_290' title='bbox 642 2116 670 2143; x_wconf 86' lang='grc'>‹‹</span> <span class='ocrx_word' id='word_1_291' title='bbox 725 2096 846 2152; x_wconf 85' lang='grc' dir='ltr'>Πῶς</span> <span class='ocrx_word' id='word_1_292' title='bbox 896 2089 1040 2146; x_wconf 77' lang='grc' dir='ltr'>ἔσται</span> <span class='ocrx_word' id='word_1_293' title='bbox 1096 2113 1188 2165; x_wconf 83' lang='grc' dir='ltr'>μοι</span> <span class='ocrx_word' id='word_1_294' title='bbox 1238 2096 1400 2147; x_wconf 88' lang='grc' dir='ltr'>τοῦτο</span> <span class='ocrx_word' id='word_1_295' title='bbox 1435 2112 1448 2161; x_wconf 87' lang='grc'><strong>;</strong></span> <span class='ocrx_word' id='word_1_296' title='bbox 1486 2116 1512 2143; x_wconf 89' lang='grc'><strong>››</strong></span> <span class='ocrx_word' id='word_1_297' title='bbox 1565 2094 1744 2161; x_wconf 85' lang='grc' dir='ltr'>Μαζὸν</span> <span class='ocrx_word' id='word_1_298' title='bbox 1787 2092 1907 2146; x_wconf 77' lang='grc' dir='ltr'>ἐπι-</span> 
     </span>
    </p>
   </div>
   <div class='ocr_carea' id='block_1_38' title="bbox 246 2176 1903 2257">
    <p class='ocr_par' dir='ltr' id='par_1_38' title="bbox 246 2176 1903 2257">
     <span class='ocr_line' id='line_1_40' title="bbox 246 2176 1903 2257; baseline 0.002 -24"><span class='ocrx_word' id='word_1_299' title='bbox 246 2176 441 2247; x_wconf 82' lang='grc' dir='ltr'>δώσω,</span> <span class='ocrx_word' id='word_1_300' title='bbox 475 2180 563 2233; x_wconf 78' lang='grc' dir='ltr'>καὶ</span> <span class='ocrx_word' id='word_1_301' title='bbox 617 2179 897 2255; x_wconf 85' lang='grc' dir='ltr'>σπάργανα</span> <span class='ocrx_word' id='word_1_302' title='bbox 946 2180 1239 2257; x_wconf 69' lang='grc' dir='ltr'>συσφίγξω,</span> <span class='ocrx_word' id='word_1_303' title='bbox 1290 2181 1378 2234; x_wconf 72' lang='grc' dir='ltr'>καὶ</span> <span class='ocrx_word' id='word_1_304' title='bbox 1428 2179 1593 2235; x_wconf 80' lang='grc' dir='ltr'>παῖδα</span> <span class='ocrx_word' id='word_1_305' title='bbox 1640 2181 1903 2256; x_wconf 87' lang='grc' dir='ltr'>γαλακτο-</span> 
     </span>
    </p>
   </div>
   <div class='ocr_carea' id='block_1_39' title="bbox 244 2268 1907 2345">
    <p class='ocr_par' dir='ltr' id='par_1_39' title="bbox 244 2268 1907 2345">
     <span class='ocr_line' id='line_1_41' title="bbox 244 2268 1907 2345; baseline 0.001 -24"><span class='ocrx_word' id='word_1_306' title='bbox 244 2270 637 2345; x_wconf 62' lang='grc' dir='ltr'>τροφτςσωριαί</span> <span class='ocrx_word' id='word_1_307' title='bbox 672 2269 722 2323; x_wconf 89' lang='grc' dir='ltr'>τί</span> <span class='ocrx_word' id='word_1_308' title='bbox 752 2271 815 2324; x_wconf 87' lang='grc' dir='ltr'>τὸ</span> <span class='ocrx_word' id='word_1_309' title='bbox 841 2269 891 2323; x_wconf 83' lang='grc' dir='ltr'>ὲν</span> <span class='ocrx_word' id='word_1_310' title='bbox 926 2270 1047 2342; x_wconf 72' lang='grc' dir='ltr'>ἐμοὶ</span> <span class='ocrx_word' id='word_1_311' title='bbox 1081 2270 1140 2323; x_wconf 91' lang='lat'>06</span> <span class='ocrx_word' id='word_1_312' title='bbox 1170 2271 1446 2345; x_wconf 84' lang='grc' dir='ltr'>γνώσομαι</span> <span class='ocrx_word' id='word_1_313' title='bbox 1483 2288 1496 2338; x_wconf 91' lang='grc'>;</span> <span class='ocrx_word' id='word_1_314' title='bbox 1534 2295 1559 2321; x_wconf 74' lang='grc' dir='ltr'>(ι</span> <span class='ocrx_word' id='word_1_315' title='bbox 1597 2275 1716 2331; x_wconf 89' lang='grc' dir='ltr'>Πῶς</span> <span class='ocrx_word' id='word_1_316' title='bbox 1763 2268 1907 2325; x_wconf 79' lang='grc' dir='ltr'>ἔσται</span> 
     </span>
    </p>
   </div>
   <div class='ocr_carea' id='block_1_40' title="bbox 246 2356 1906 2435">
    <p class='ocr_par' dir='ltr' id='par_1_40' title="bbox 246 2356 1906 2435">
     <span class='ocr_line' id='line_1_42' title="bbox 246 2356 1906 2435; baseline 0.002 -24"><span class='ocrx_word' id='word_1_317' title='bbox 246 2379 340 2430; x_wconf 85' lang='grc' dir='ltr'>μοι</span> <span class='ocrx_word' id='word_1_318' title='bbox 377 2362 546 2412; x_wconf 87' lang='lat'><strong>10610</strong></span> <span class='ocrx_word' id='word_1_319' title='bbox 585 2378 598 2427; x_wconf 89' lang='lat'><strong>;</strong></span> <span class='ocrx_word' id='word_1_320' title='bbox 634 2383 661 2409; x_wconf 82' lang='grc'>››</span> <span class='ocrx_word' id='word_1_321' title='bbox 694 2357 822 2433; x_wconf 77' lang='grc' dir='ltr'>λέγε</span> <span class='ocrx_word' id='word_1_322' title='bbox 855 2380 947 2430; x_wconf 89' lang='grc' dir='ltr'>μοι</span> <span class='ocrx_word' id='word_1_323' title='bbox 977 2361 1075 2428; x_wconf 77' lang='grc' dir='ltr'>τήν</span> <span class='ocrx_word' id='word_1_324' title='bbox 1110 2356 1342 2433; x_wconf 67' lang='grc' dir='ltr'>εὔλογον</span> <span class='ocrx_word' id='word_1_325' title='bbox 1372 2358 1568 2431; x_wconf 75' lang='grc' dir='ltr'>αἰτίαν,</span> <span class='ocrx_word' id='word_1_326' title='bbox 1595 2358 1688 2414; x_wconf 69' lang='grc' dir='ltr'>’ίνα</span> <span class='ocrx_word' id='word_1_327' title='bbox 1714 2361 1906 2435; x_wconf 88' lang='grc' dir='ltr'>γνώσω</span> 
     </span>
    </p>
   </div>
   <div class='ocr_carea' id='block_1_41' title="bbox 242 2441 1905 2524">
    <p class='ocr_par' dir='ltr' id='par_1_41' title="bbox 242 2441 1905 2524">
     <span class='ocr_line' id='line_1_43' title="bbox 242 2441 1905 2524; baseline 0.001 -26"><span class='ocrx_word' id='word_1_328' title='bbox 242 2446 341 2514; x_wconf 82' lang='grc' dir='ltr'>τήν</span> <span class='ocrx_word' id='word_1_329' title='bbox 380 2441 700 2522; x_wconf 76' lang='grc' dir='ltr'>ἀμφίϐολον</span> <span class='ocrx_word' id='word_1_330' title='bbox 728 2447 1042 2524; x_wconf 73' lang='grc' dir='ltr'>κυοφορίαν.</span> <span class='ocrx_word' id='word_1_331' title='bbox 1074 2447 1243 2502; x_wconf 75' lang='grc' dir='ltr'>Ξένον</span> <span class='ocrx_word' id='word_1_332' title='bbox 1270 2450 1367 2515; x_wconf 77' lang='grc' dir='ltr'>τῆς</span> <span class='ocrx_word' id='word_1_333' title='bbox 1399 2444 1539 2508; x_wconf 71' lang='grc' dir='ltr'>Εὔας</span> <span class='ocrx_word' id='word_1_334' title='bbox 1571 2451 1605 2517; x_wconf 80' lang='grc' dir='ltr'>ἡ</span> <span class='ocrx_word' id='word_1_335' title='bbox 1638 2447 1905 2523; x_wconf 75' lang='grc' dir='ltr'>γέννησις,</span> 
     </span>
    </p>
   </div>
   <div class='ocr_carea' id='block_1_42' title="bbox 245 2534 1907 2613">
    <p class='ocr_par' dir='ltr' id='par_1_42' title="bbox 245 2534 1907 2613">
     <span class='ocr_line' id='line_1_44' title="bbox 245 2534 1907 2613; baseline 0.002 -24"><span class='ocrx_word' id='word_1_336' title='bbox 245 2534 375 2589; x_wconf 89' lang='grc' dir='ltr'>ἀλλ’</span> <span class='ocrx_word' id='word_1_337' title='bbox 414 2535 567 2607; x_wconf 73' lang='grc' dir='ltr'>ὅμως</span> <span class='ocrx_word' id='word_1_338' title='bbox 628 2536 685 2591; x_wconf 84' lang='grc' dir='ltr'>ὲκ</span> <span class='ocrx_word' id='word_1_339' title='bbox 735 2541 831 2590; x_wconf 90' lang='lat'>106</span> <span class='ocrx_word' id='word_1_340' title='bbox 890 2534 1080 2613; x_wconf 85' lang='grc' dir='ltr'>ἀνδρὸς</span> <span class='ocrx_word' id='word_1_341' title='bbox 1138 2536 1305 2606; x_wconf 76' lang='grc' dir='ltr'>αὐτῆς</span> <span class='ocrx_word' id='word_1_342' title='bbox 1364 2534 1598 2613; x_wconf 77' lang='grc' dir='ltr'>ἐλήφθη·</span> <span class='ocrx_word' id='word_1_343' title='bbox 1646 2537 1734 2591; x_wconf 82' lang='grc' dir='ltr'>καὶ</span> <span class='ocrx_word' id='word_1_344' title='bbox 1779 2536 1907 2612; x_wconf 77' lang='grc' dir='ltr'>ἔσχε</span> 
     </span>
    </p>
   </div>
   <div class='ocr_carea' id='block_1_43' title="bbox 240 2622 1901 2703">
    <p class='ocr_par' dir='ltr' id='par_1_43' title="bbox 240 2622 1901 2703">
     <span class='ocr_line' id='line_1_45' title="bbox 240 2622 1901 2703; baseline 0.002 -25"><span class='ocrx_word' id='word_1_345' title='bbox 240 2625 302 2679; x_wconf 87' lang='grc' dir='ltr'>τὸ</span> <span class='ocrx_word' id='word_1_346' title='bbox 342 2625 528 2679; x_wconf 73' lang='grc' dir='ltr'>αἴτιον</span> <span class='ocrx_word' id='word_1_347' title='bbox 580 2624 696 2679; x_wconf 74' lang='grc' dir='ltr'>ὅθεν</span> <span class='ocrx_word' id='word_1_348' title='bbox 742 2625 1042 2702; x_wconf 77' lang='grc' dir='ltr'>ἐγνωρίσθη</span> <span class='ocrx_word' id='word_1_349' title='bbox 1074 2626 1137 2681; x_wconf 87' lang='grc' dir='ltr'>τὸ</span> <span class='ocrx_word' id='word_1_350' title='bbox 1187 2626 1428 2703; x_wconf 80' lang='grc' dir='ltr'>φύραμα,</span> <span class='ocrx_word' id='word_1_351' title='bbox 1460 2622 1542 2680; x_wconf 75' lang='grc' dir='ltr'>ὅτι</span> <span class='ocrx_word' id='word_1_352' title='bbox 1591 2626 1641 2697; x_wconf 79' lang='grc' dir='ltr'>ἐξ</span> <span class='ocrx_word' id='word_1_353' title='bbox 1672 2627 1837 2681; x_wconf 79' lang='grc' dir='ltr'>αὐτοῦ</span> <span class='ocrx_word' id='word_1_354' title='bbox 1868 2630 1901 2696; x_wconf 85' lang='grc' dir='ltr'>ἡ</span> 
     </span>
    </p>
   </div>
   <div class='ocr_carea' id='block_1_44' title="bbox 242 2712 1907 2789">
    <p class='ocr_par' dir='ltr' id='par_1_44' title="bbox 242 2712 1907 2789">
     <span class='ocr_line' id='line_1_46' title="bbox 242 2712 1907 2789; baseline 0.002 -23"><span class='ocrx_word' id='word_1_355' title='bbox 242 2712 395 2785; x_wconf 77' lang='grc' dir='ltr'>αὐτῷ</span> <span class='ocrx_word' id='word_1_356' title='bbox 434 2714 720 2789; x_wconf 71' lang='grc' dir='ltr'>ληφθεῖσα,</span> <span class='ocrx_word' id='word_1_357' title='bbox 768 2714 856 2768; x_wconf 82' lang='grc' dir='ltr'>καὶ</span> <span class='ocrx_word' id='word_1_358' title='bbox 893 2715 920 2767; x_wconf 89' lang='grc' dir='ltr'>ὁ</span> <span class='ocrx_word' id='word_1_359' title='bbox 952 2712 1091 2775; x_wconf 59' lang='grc' dir='ltr'>ἴδιος</span> <span class='ocrx_word' id='word_1_360' title='bbox 1134 2716 1213 2786; x_wconf 81' lang='grc' dir='ltr'>τῷ</span> <span class='ocrx_word' id='word_1_361' title='bbox 1261 2713 1381 2786; x_wconf 76' lang='grc' dir='ltr'>ἷδίῳ</span> <span class='ocrx_word' id='word_1_362' title='bbox 1430 2713 1789 2789; x_wconf 77' lang='grc' dir='ltr'>ἀνεπληρώθη</span> <span class='ocrx_word' id='word_1_363' title='bbox 1822 2715 1907 2769; x_wconf 81' lang='grc' dir='ltr'>τό·</span> 
     </span>
    </p>
   </div>
   <div class='ocr_carea' id='block_1_45' title="bbox 240 2800 1899 2879">
    <p class='ocr_par' dir='ltr' id='par_1_45' title="bbox 240 2800 1899 2879">
     <span class='ocr_line' id='line_1_47' title="bbox 240 2800 1899 2879; baseline 0.002 -24"><span class='ocrx_word' id='word_1_364' title='bbox 240 2823 342 2863; x_wconf 82' lang='grc' dir='ltr'>πος</span> <span class='ocrx_word' id='word_1_365' title='bbox 395 2802 879 2877; x_wconf 81' lang='grc' dir='ltr'>Ξένοπρεπεστέρα</span> <span class='ocrx_word' id='word_1_366' title='bbox 932 2800 988 2857; x_wconf 76' lang='grc' dir='ltr'>δὲ</span> <span class='ocrx_word' id='word_1_367' title='bbox 1024 2811 1124 2873; x_wconf 81' lang='grc' dir='ltr'>τῆς</span> <span class='ocrx_word' id='word_1_368' title='bbox 1176 2802 1313 2866; x_wconf 69' lang='grc' dir='ltr'>Εὔας</span> <span class='ocrx_word' id='word_1_369' title='bbox 1364 2807 1398 2873; x_wconf 79' lang='grc' dir='ltr'>ἡ</span> <span class='ocrx_word' id='word_1_370' title='bbox 1430 2809 1527 2859; x_wconf 89' lang='grc' dir='ltr'>τοῦ</span> <span class='ocrx_word' id='word_1_371' title='bbox 1573 2802 1748 2877; x_wconf 76' lang='grc' dir='ltr'>Ἀδὰμ</span> <span class='ocrx_word' id='word_1_372' title='bbox 1785 2807 1899 2879; x_wconf 73' lang='grc' dir='ltr'>γεν-</span> 
     </span>
    </p>
   </div>
   <div class='ocr_carea' id='block_1_46' title="bbox 240 2889 1903 2972">
    <p class='ocr_par' dir='ltr' id='par_1_46' title="bbox 240 2889 1903 2972">
     <span class='ocr_line' id='line_1_48' title="bbox 240 2889 1903 2972; baseline 0.002 -27"><span class='ocrx_word' id='word_1_373' title='bbox 240 2911 430 2959; x_wconf 87' lang='grc' dir='ltr'>νησις·</span> <span class='ocrx_word' id='word_1_374' title='bbox 483 2889 611 2946; x_wconf 86' lang='grc' dir='ltr'>ἀλλ’</span> <span class='ocrx_word' id='word_1_375' title='bbox 658 2891 810 2965; x_wconf 78' lang='grc' dir='ltr'>ὅμως</span> <span class='ocrx_word' id='word_1_376' title='bbox 861 2892 949 2946; x_wconf 86' lang='grc' dir='ltr'>καὶ</span> <span class='ocrx_word' id='word_1_377' title='bbox 997 2892 1130 2961; x_wconf 86' lang='grc' dir='ltr'>αύτή</span> <span class='ocrx_word' id='word_1_378' title='bbox 1181 2895 1687 2970; x_wconf 76' lang='grc' dir='ltr'>φανεροποιηθεῖσα,</span> <span class='ocrx_word' id='word_1_379' title='bbox 1721 2898 1903 2972; x_wconf 76' lang='grc' dir='ltr'>γραφῇ</span> 
     </span>
    </p>
   </div>
   <div class='ocr_carea' id='block_1_47' title="bbox 241 2977 1902 3059">
    <p class='ocr_par' dir='ltr' id='par_1_47' title="bbox 241 2977 1902 3059">
     <span class='ocr_line' id='line_1_49' title="bbox 241 2977 1902 3059; baseline 0.001 -25"><span class='ocrx_word' id='word_1_380' title='bbox 241 2977 555 3055; x_wconf 82' lang='grc' dir='ltr'>παρεδόθη,</span> <span class='ocrx_word' id='word_1_381' title='bbox 589 2981 677 3034; x_wconf 80' lang='grc' dir='ltr'>καὶ</span> <span class='ocrx_word' id='word_1_382' title='bbox 730 2985 847 3042; x_wconf 91' lang='grc' dir='ltr'>πῶς</span> <span class='ocrx_word' id='word_1_383' title='bbox 896 2988 1240 3056; x_wconf 78' lang='grc' dir='ltr'>παραχρῆμα</span> <span class='ocrx_word' id='word_1_384' title='bbox 1286 2983 1467 3057; x_wconf 70' lang='grc' dir='ltr'>γέγονε</span> <span class='ocrx_word' id='word_1_385' title='bbox 1516 2986 1695 3059; x_wconf 76' lang='grc' dir='ltr'>σαφῶς</span> <span class='ocrx_word' id='word_1_386' title='bbox 1738 2983 1902 3057; x_wconf 79' lang='grc' dir='ltr'>ἐγνω-</span> 
     </span>
    </p>
   </div>
   <div class='ocr_carea' id='block_1_48' title="bbox 242 3066 1901 3145">
    <p class='ocr_par' dir='ltr' id='par_1_48' title="bbox 242 3066 1901 3145">
     <span class='ocr_line' id='line_1_50' title="bbox 242 3066 1901 3145; baseline 0.003 -24"><span class='ocrx_word' id='word_1_387' title='bbox 242 3069 439 3138; x_wconf 73' lang='grc' dir='ltr'>ρίσθη,</span> <span class='ocrx_word' id='word_1_388' title='bbox 488 3067 570 3123; x_wconf 74' lang='grc' dir='ltr'>ὅτι</span> <span class='ocrx_word' id='word_1_389' title='bbox 620 3070 725 3123; x_wconf 84' lang='grc' dir='ltr'>ἀπὸ</span> <span class='ocrx_word' id='word_1_390' title='bbox 771 3076 871 3138; x_wconf 79' lang='grc' dir='ltr'>τῆς</span> <span class='ocrx_word' id='word_1_391' title='bbox 922 3076 1027 3142; x_wconf 79' lang='grc' dir='ltr'>γῆς</span> <span class='ocrx_word' id='word_1_392' title='bbox 1077 3074 1210 3144; x_wconf 90' lang='grc' dir='ltr'>χοῦν</span> <span class='ocrx_word' id='word_1_393' title='bbox 1263 3066 1446 3124; x_wconf 76' lang='grc' dir='ltr'>λαϐὼν</span> <span class='ocrx_word' id='word_1_394' title='bbox 1481 3072 1508 3124; x_wconf 86' lang='grc' dir='ltr'>ὁ</span> <span class='ocrx_word' id='word_1_395' title='bbox 1541 3068 1901 3145; x_wconf 84' lang='grc' dir='ltr'>δημιουργὸς,</span> 
     </span>
    </p>
   </div>
   <div class='ocr_carea' id='block_1_49' title="bbox 239 3155 1900 3233">
    <p class='ocr_par' dir='ltr' id='par_1_49' title="bbox 239 3155 1900 3233">
     <span class='ocr_line' id='line_1_51' title="bbox 239 3155 1900 3233; baseline 0.004 -22"><span class='ocrx_word' id='word_1_396' title='bbox 239 3158 557 3233; x_wconf 78' lang='grc' dir='ltr'>θεόμορφον</span> <span class='ocrx_word' id='word_1_397' title='bbox 622 3162 756 3227; x_wconf 83' lang='grc' dir='ltr'>ζῶον</span> <span class='ocrx_word' id='word_1_398' title='bbox 835 3158 1188 3213; x_wconf 80' lang='grc' dir='ltr'>κατεσκεύασε</span> <span class='ocrx_word' id='word_1_399' title='bbox 1256 3160 1348 3213; x_wconf 87' lang='grc' dir='ltr'>τὸν</span> <span class='ocrx_word' id='word_1_400' title='bbox 1419 3155 1847 3233; x_wconf 89' lang='grc' dir='ltr'>πρωτόπλαστον</span> <span class='ocrx_word' id='word_1_401' title='bbox 1888 3206 1900 3218; x_wconf 95' lang='grc'>.</span> 
     </span>
    </p>
   </div>
   <div class='ocr_carea' id='block_1_50' title="bbox 239 3248 1901 3325">
    <p class='ocr_par' dir='ltr' id='par_1_50' title="bbox 239 3248 1901 3325">
     <span class='ocr_line' id='line_1_52' title="bbox 239 3248 1901 3325; baseline 0.002 -24"><span class='ocrx_word' id='word_1_402' title='bbox 239 3248 323 3308; x_wconf 84' lang='grc' dir='ltr'>Ὠς</span> <span class='ocrx_word' id='word_1_403' title='bbox 360 3248 547 3301; x_wconf 75' lang='grc' dir='ltr'>ἐκεῖνα</span> <span class='ocrx_word' id='word_1_404' title='bbox 577 3248 853 3322; x_wconf 85' lang='grc' dir='ltr'>γνώριμα,</span> <span class='ocrx_word' id='word_1_405' title='bbox 905 3249 992 3301; x_wconf 85' lang='grc' dir='ltr'>καὶ</span> <span class='ocrx_word' id='word_1_406' title='bbox 1042 3252 1201 3302; x_wconf 87' lang='grc' dir='ltr'>τοῦτο</span> <span class='ocrx_word' id='word_1_407' title='bbox 1252 3251 1566 3325; x_wconf 72' lang='grc' dir='ltr'>σαφήνισον·</span> <span class='ocrx_word' id='word_1_408' title='bbox 1603 3248 1789 3319; x_wconf 74' lang='grc' dir='ltr'>ἐπειδὴ</span> <span class='ocrx_word' id='word_1_409' title='bbox 1840 3252 1901 3304; x_wconf 87' lang='grc' dir='ltr'>τὸ</span> 
     </span>
    </p>
   </div>
   <div class='ocr_carea' id='block_1_51' title="bbox 2026 1998 3668 2076">
    <p class='ocr_par' dir='ltr' id='par_1_51' title="bbox 2026 1998 3668 2076">
     <span class='ocr_line' id='line_1_53' title="bbox 2026 1998 3668 2076; baseline -0.005 -14"><span class='ocrx_word' id='word_1_410' title='bbox 2026 2025 2138 2062; x_wconf 89' lang='lat' dir='ltr'>non</span> <span class='ocrx_word' id='word_1_411' title='bbox 2173 2006 2491 2076; x_wconf 81' lang='lat' dir='ltr'>intelligam</span> <span class='ocrx_word' id='word_1_412' title='bbox 2516 2004 2543 2059; x_wconf 78' lang='lat' dir='ltr'>‘I</span> <span class='ocrx_word' id='word_1_413' title='bbox 2569 2026 2595 2054; x_wconf 83' lang='lat'>«</span> <span class='ocrx_word' id='word_1_414' title='bbox 2621 2004 2921 2070; x_wconf 83' lang='lat' dir='ltr'>Quomodo</span> <span class='ocrx_word' id='word_1_415' title='bbox 2944 2004 3042 2056; x_wconf 81' lang='lat' dir='ltr'>liet</span> <span class='ocrx_word' id='word_1_416' title='bbox 3071 2001 3211 2056; x_wconf 90' lang='lat' dir='ltr'>mihi</span> <span class='ocrx_word' id='word_1_417' title='bbox 3247 2000 3400 2055; x_wconf 89' lang='lat' dir='ltr'>istud</span> <span class='ocrx_word' id='word_1_418' title='bbox 3425 1998 3452 2053; x_wconf 75' lang='lat' dir='ltr'>‘I</span> <span class='ocrx_word' id='word_1_419' title='bbox 3474 2022 3500 2048; x_wconf 84' lang='grc'><strong>››</strong></span> <span class='ocrx_word' id='word_1_420' title='bbox 3528 2016 3668 2053; x_wconf 88' lang='lat' dir='ltr'>con-</span> 
     </span>
    </p>
   </div>
   <div class='ocr_carea' id='block_1_52' title="bbox 2019 2088 3661 2167">
    <p class='ocr_par' dir='ltr' id='par_1_52' title="bbox 2019 2088 3661 2167">
     <span class='ocr_line' id='line_1_54' title="bbox 2019 2088 3661 2167; baseline -0.005 -16"><span class='ocrx_word' id='word_1_421' title='bbox 2019 2102 2360 2152; x_wconf 87' lang='lat' dir='ltr'>sentaneam</span> <span class='ocrx_word' id='word_1_422' title='bbox 2394 2095 2586 2167; x_wconf 82' lang='lat' dir='ltr'>profer</span> <span class='ocrx_word' id='word_1_423' title='bbox 2608 2094 2745 2148; x_wconf 90' lang='lat' dir='ltr'>mihi</span> <span class='ocrx_word' id='word_1_424' title='bbox 2774 2108 3035 2156; x_wconf 88' lang='lat' dir='ltr'>causam,</span> <span class='ocrx_word' id='word_1_425' title='bbox 3062 2098 3126 2147; x_wconf 92' lang='lat' dir='ltr'>ut</span> <span class='ocrx_word' id='word_1_426' title='bbox 3154 2092 3465 2147; x_wconf 85' lang='lat' dir='ltr'>obscuram</span> <span class='ocrx_word' id='word_1_427' title='bbox 3498 2088 3661 2144; x_wconf 89' lang='lat' dir='ltr'>illam</span> 
     </span>
    </p>
   </div>
   <div class='ocr_carea' id='block_1_53' title="bbox 2019 2178 3665 2257">
    <p class='ocr_par' dir='ltr' id='par_1_53' title="bbox 2019 2178 3665 2257">
     <span class='ocr_line' id='line_1_55' title="bbox 2019 2178 3665 2257; baseline -0.005 -17"><span class='ocrx_word' id='word_1_428' title='bbox 2019 2186 2163 2241; x_wconf 83' lang='lat' dir='ltr'>uteri</span> <span class='ocrx_word' id='word_1_429' title='bbox 2196 2186 2579 2257; x_wconf 85' lang='lat' dir='ltr'>gestationem</span> <span class='ocrx_word' id='word_1_430' title='bbox 2606 2181 2947 2255; x_wconf 77' lang='lat' dir='ltr'>intelligam.</span> <span class='ocrx_word' id='word_1_431' title='bbox 2986 2179 3247 2235; x_wconf 89' lang='lat' dir='ltr'>Insolens</span> <span class='ocrx_word' id='word_1_432' title='bbox 3277 2178 3383 2233; x_wconf 84' lang='lat' dir='ltr'>fuit</span> <span class='ocrx_word' id='word_1_433' title='bbox 3414 2180 3537 2233; x_wconf 64' lang='lat' dir='ltr'>Eva:</span> <span class='ocrx_word' id='word_1_434' title='bbox 3570 2194 3665 2248; x_wconf 88' lang='lat' dir='ltr'>ge-</span> 
     </span>
    </p>
   </div>
   <div class='ocr_carea' id='block_1_54' title="bbox 2018 2269 3660 2343">
    <p class='ocr_par' dir='ltr' id='par_1_54' title="bbox 2018 2269 3660 2343">
     <span class='ocr_line' id='line_1_56' title="bbox 2018 2269 3660 2343; baseline -0.004 -14"><span class='ocrx_word' id='word_1_435' title='bbox 2018 2275 2526 2343; x_wconf 87' lang='lat' dir='ltr'>neratio,attamen</span> <span class='ocrx_word' id='word_1_436' title='bbox 2545 2289 2613 2327; x_wconf 83' lang='lat' dir='ltr'>ex</span> <span class='ocrx_word' id='word_1_437' title='bbox 2633 2273 2753 2326; x_wconf 90' lang='lat' dir='ltr'>viro</span> <span class='ocrx_word' id='word_1_438' title='bbox 2775 2271 2876 2325; x_wconf 88' lang='lat' dir='ltr'>illa</span> <span class='ocrx_word' id='word_1_439' title='bbox 2897 2275 3132 2341; x_wconf 88' lang='lat' dir='ltr'>sumpta</span> <span class='ocrx_word' id='word_1_440' title='bbox 3154 2269 3346 2323; x_wconf 64' lang='lat' dir='ltr'>fuit“:</span> <span class='ocrx_word' id='word_1_441' title='bbox 3368 2284 3660 2338; x_wconf 88' lang='lat' dir='ltr'>causaque</span> 
     </span>
    </p>
   </div>
   <div class='ocr_carea' id='block_1_55' title="bbox 2018 2361 3660 2435">
    <p class='ocr_par' dir='ltr' id='par_1_55' title="bbox 2018 2361 3660 2435">
     <span class='ocr_line' id='line_1_57' title="bbox 2018 2361 3660 2435; baseline -0.004 -17"><span class='ocrx_word' id='word_1_442' title='bbox 2018 2364 2129 2419; x_wconf 88' lang='lat' dir='ltr'>fuit</span> <span class='ocrx_word' id='word_1_443' title='bbox 2150 2381 2267 2435; x_wconf 90' lang='lat' dir='ltr'>qua</span> <span class='ocrx_word' id='word_1_444' title='bbox 2287 2362 2577 2433; x_wconf 88' lang='lat' dir='ltr'>ejusmodi</span> <span class='ocrx_word' id='word_1_445' title='bbox 2602 2378 2808 2417; x_wconf 80' lang='lat' dir='ltr'>massae</span> <span class='ocrx_word' id='word_1_446' title='bbox 2842 2361 2987 2414; x_wconf 90' lang='lat' dir='ltr'>ratio</span> <span class='ocrx_word' id='word_1_447' title='bbox 3018 2362 3486 2430; x_wconf 87' lang='lat' dir='ltr'>cognosceretur,</span> <span class='ocrx_word' id='word_1_448' title='bbox 3513 2375 3660 2429; x_wconf 91' lang='lat' dir='ltr'>quo-</span> 
     </span>
    </p>
   </div>
   <div class='ocr_carea' id='block_1_56' title="bbox 2018 2448 3662 2521">
    <p class='ocr_par' dir='ltr' id='par_1_56' title="bbox 2018 2448 3662 2521">
     <span class='ocr_line' id='line_1_58' title="bbox 2018 2448 3662 2521; baseline -0.002 -15"><span class='ocrx_word' id='word_1_449' title='bbox 2018 2453 2173 2507; x_wconf 90' lang='lat' dir='ltr'>niam</span> <span class='ocrx_word' id='word_1_450' title='bbox 2212 2452 2432 2507; x_wconf 88' lang='lat' dir='ltr'>scilicet</span> <span class='ocrx_word' id='word_1_451' title='bbox 2452 2468 2520 2505; x_wconf 82' lang='lat' dir='ltr'>ex</span> <span class='ocrx_word' id='word_1_452' title='bbox 2545 2451 2665 2515; x_wconf 88' lang='lat' dir='ltr'>illo,</span> <span class='ocrx_word' id='word_1_453' title='bbox 2686 2467 2813 2521; x_wconf 72' lang='lat' dir='ltr'>quas</span> <span class='ocrx_word' id='word_1_454' title='bbox 2840 2466 2939 2519; x_wconf 89' lang='lat' dir='ltr'>pro</span> <span class='ocrx_word' id='word_1_455' title='bbox 2959 2448 3079 2515; x_wconf 90' lang='lat' dir='ltr'>illo,</span> <span class='ocrx_word' id='word_1_456' title='bbox 3105 2453 3341 2520; x_wconf 90' lang='lat' dir='ltr'>sumpta</span> <span class='ocrx_word' id='word_1_457' title='bbox 3361 2452 3451 2503; x_wconf 90' lang='lat' dir='ltr'>est</span> <span class='ocrx_word' id='word_1_458' title='bbox 3483 2465 3495 2503; x_wconf 88' lang='lat'><strong>:</strong></span> <span class='ocrx_word' id='word_1_459' title='bbox 3531 2464 3662 2518; x_wconf 92' lang='lat' dir='ltr'>pro-</span> 
     </span>
    </p>
   </div>
   <div class='ocr_carea' id='block_1_57' title="bbox 2018 2536 3661 2613">
    <p class='ocr_par' dir='ltr' id='par_1_57' title="bbox 2018 2536 3661 2613">
     <span class='ocr_line' id='line_1_59' title="bbox 2018 2536 3661 2613; baseline -0.004 -17"><span class='ocrx_word' id='word_1_460' title='bbox 2018 2542 2300 2613; x_wconf 90' lang='lat' dir='ltr'>priusque</span> <span class='ocrx_word' id='word_1_461' title='bbox 2334 2540 2495 2595; x_wconf 90' lang='lat' dir='ltr'>locus</span> <span class='ocrx_word' id='word_1_462' title='bbox 2528 2540 2761 2611; x_wconf 87' lang='lat' dir='ltr'>propria</span> <span class='ocrx_word' id='word_1_463' title='bbox 2796 2538 2921 2593; x_wconf 90' lang='lat' dir='ltr'>loco</span> <span class='ocrx_word' id='word_1_464' title='bbox 2955 2536 3213 2609; x_wconf 88' lang='lat' dir='ltr'>repletus</span> <span class='ocrx_word' id='word_1_465' title='bbox 3253 2541 3360 2591; x_wconf 87' lang='lat' dir='ltr'>est.</span> <span class='ocrx_word' id='word_1_466' title='bbox 3398 2536 3661 2591; x_wconf 88' lang='lat' dir='ltr'>Insolen-</span> 
     </span>
    </p>
   </div>
   <div class='ocr_carea' id='block_1_58' title="bbox 1973 2626 3661 2701">
    <p class='ocr_par' dir='ltr' id='par_1_58' title="bbox 1973 2626 3661 2701">
     <span class='ocr_line' id='line_1_60' title="bbox 1973 2626 3661 2701; baseline -0.004 -16"><span class='ocrx_word' id='word_1_467' title='bbox 1973 2629 2131 2685; x_wconf 62' lang='lat' dir='ltr'>&#39;tior</span> <span class='ocrx_word' id='word_1_468' title='bbox 2167 2632 2292 2685; x_wconf 61' lang='lat' dir='ltr'>Eva:</span> <span class='ocrx_word' id='word_1_469' title='bbox 2340 2628 2711 2701; x_wconf 88' lang='lat' dir='ltr'>generatione</span> <span class='ocrx_word' id='word_1_470' title='bbox 2759 2628 2963 2680; x_wconf 83' lang='lat' dir='ltr'>Adami</span> <span class='ocrx_word' id='word_1_471' title='bbox 3020 2626 3353 2698; x_wconf 85' lang='lat' dir='ltr'>generatio;</span> <span class='ocrx_word' id='word_1_472' title='bbox 3405 2630 3661 2679; x_wconf 86' lang='lat' dir='ltr'>attamen</span> 
     </span>
    </p>
   </div>
   <div class='ocr_carea' id='block_1_59' title="bbox 2016 2715 3664 2789">
    <p class='ocr_par' dir='ltr' id='par_1_59' title="bbox 2016 2715 3664 2789">
     <span class='ocr_line' id='line_1_61' title="bbox 2016 2715 3664 2789; baseline -0.002 -16"><span class='ocrx_word' id='word_1_473' title='bbox 2016 2719 2116 2775; x_wconf 84' lang='lat' dir='ltr'>illa</span> <span class='ocrx_word' id='word_1_474' title='bbox 2146 2720 2358 2789; x_wconf 89' lang='lat' dir='ltr'>scripto</span> <span class='ocrx_word' id='word_1_475' title='bbox 2389 2717 2603 2773; x_wconf 90' lang='lat' dir='ltr'>tradita</span> <span class='ocrx_word' id='word_1_476' title='bbox 2635 2734 2699 2772; x_wconf 89' lang='lat' dir='ltr'>ac</span> <span class='ocrx_word' id='word_1_477' title='bbox 2739 2721 3007 2771; x_wconf 86' lang='lat' dir='ltr'>enarrata</span> <span class='ocrx_word' id='word_1_478' title='bbox 3061 2715 3188 2783; x_wconf 79' lang='lat' dir='ltr'>fuit,</span> <span class='ocrx_word' id='word_1_479' title='bbox 3222 2719 3544 2784; x_wconf 89' lang='lat' dir='ltr'>notumque</span> <span class='ocrx_word' id='word_1_480' title='bbox 3575 2718 3664 2769; x_wconf 90' lang='lat' dir='ltr'>est</span> 
     </span>
    </p>
   </div>
   <div class='ocr_carea' id='block_1_60' title="bbox 2017 2802 3662 2880">
    <p class='ocr_par' dir='ltr' id='par_1_60' title="bbox 2017 2802 3662 2880">
     <span class='ocr_line' id='line_1_62' title="bbox 2017 2802 3662 2880; baseline -0.004 -16"><span class='ocrx_word' id='word_1_481' title='bbox 2017 2827 2132 2880; x_wconf 90' lang='lat' dir='ltr'>qua</span> <span class='ocrx_word' id='word_1_482' title='bbox 2164 2809 2385 2863; x_wconf 87' lang='lat' dir='ltr'>ratione</span> <span class='ocrx_word' id='word_1_483' title='bbox 2417 2812 2650 2877; x_wconf 87' lang='lat' dir='ltr'>repente</span> <span class='ocrx_word' id='word_1_484' title='bbox 2698 2808 2847 2860; x_wconf 82' lang='lat' dir='ltr'>facta</span> <span class='ocrx_word' id='word_1_485' title='bbox 2896 2805 2992 2859; x_wconf 89' lang='lat' dir='ltr'>sit.</span> <span class='ocrx_word' id='word_1_486' title='bbox 3049 2805 3123 2858; x_wconf 93' lang='lat' dir='ltr'>De</span> <span class='ocrx_word' id='word_1_487' title='bbox 3172 2808 3406 2873; x_wconf 90' lang='lat' dir='ltr'>accepto</span> <span class='ocrx_word' id='word_1_488' title='bbox 3437 2802 3662 2858; x_wconf 87' lang='lat' dir='ltr'>scilicet</span> 
     </span>
    </p>
   </div>
   <div class='ocr_carea' id='block_1_61' title="bbox 2017 2892 3659 2963">
    <p class='ocr_par' dir='ltr' id='par_1_61' title="bbox 2017 2892 3659 2963">
     <span class='ocr_line' id='line_1_63' title="bbox 2017 2892 3659 2963; baseline -0.004 -10"><span class='ocrx_word' id='word_1_489' title='bbox 2017 2899 2156 2953; x_wconf 86' lang='lat' dir='ltr'>limo</span> <span class='ocrx_word' id='word_1_490' title='bbox 2190 2904 2350 2952; x_wconf 78' lang='lat' dir='ltr'>terrae</span> <span class='ocrx_word' id='word_1_491' title='bbox 2382 2898 2634 2963; x_wconf 85' lang='lat' dir='ltr'>Creator,</span> <span class='ocrx_word' id='word_1_492' title='bbox 2686 2893 2904 2949; x_wconf 87' lang='lat' dir='ltr'>animal</span> <span class='ocrx_word' id='word_1_493' title='bbox 2946 2894 3246 2958; x_wconf 83' lang='lat' dir='ltr'>deiforme,</span> <span class='ocrx_word' id='word_1_494' title='bbox 3292 2892 3659 2963; x_wconf 70' lang='lat' dir='ltr'>praeparavit,</span> 
     </span>
    </p>
   </div>
   <div class='ocr_carea' id='block_1_62' title="bbox 2016 2981 3660 3058">
    <p class='ocr_par' dir='ltr' id='par_1_62' title="bbox 2016 2981 3660 3058">
     <span class='ocr_line' id='line_1_64' title="bbox 2016 2981 3660 3058; baseline -0.005 -15"><span class='ocrx_word' id='word_1_495' title='bbox 2016 3004 2225 3058; x_wconf 91' lang='lat' dir='ltr'>nempe</span> <span class='ocrx_word' id='word_1_496' title='bbox 2257 2986 2512 3058; x_wconf 92' lang='lat' dir='ltr'>primum</span> <span class='ocrx_word' id='word_1_497' title='bbox 2548 2989 2870 3055; x_wconf 87' lang='lat' dir='ltr'>parentem.</span> <span class='ocrx_word' id='word_1_498' title='bbox 2904 2987 2977 3037; x_wconf 91' lang='lat' dir='ltr'>Ut</span> <span class='ocrx_word' id='word_1_499' title='bbox 3029 2981 3127 3036; x_wconf 86' lang='lat' dir='ltr'>illa</span> <span class='ocrx_word' id='word_1_500' title='bbox 3175 2987 3309 3036; x_wconf 89' lang='lat' dir='ltr'>nota</span> <span class='ocrx_word' id='word_1_501' title='bbox 3357 2986 3516 3046; x_wconf 90' lang='lat' dir='ltr'>sunt,</span> <span class='ocrx_word' id='word_1_502' title='bbox 3551 2981 3660 3036; x_wconf 86' lang='lat' dir='ltr'>hoc</span> 
     </span>
    </p>
   </div>
   <div class='ocr_carea' id='block_1_63' title="bbox 2016 3070 3661 3144">
    <p class='ocr_par' dir='ltr' id='par_1_63' title="bbox 2016 3070 3661 3144">
     <span class='ocr_line' id='line_1_65' title="bbox 2016 3070 3661 3144; baseline -0.004 -12"><span class='ocrx_word' id='word_1_503' title='bbox 2016 3080 2154 3132; x_wconf 89' lang='lat' dir='ltr'>item</span> <span class='ocrx_word' id='word_1_504' title='bbox 2203 3074 2431 3130; x_wconf 90' lang='lat' dir='ltr'>declara</span> <span class='ocrx_word' id='word_1_505' title='bbox 2479 3073 2643 3138; x_wconf 90' lang='lat' dir='ltr'>mihi,</span> <span class='ocrx_word' id='word_1_506' title='bbox 2696 3072 3172 3144; x_wconf 85' lang='lat' dir='ltr'>quandoquidem</span> <span class='ocrx_word' id='word_1_507' title='bbox 3208 3071 3264 3125; x_wconf 90' lang='lat' dir='ltr'>id</span> <span class='ocrx_word' id='word_1_508' title='bbox 3314 3070 3468 3141; x_wconf 92' lang='lat' dir='ltr'>quod</span> <span class='ocrx_word' id='word_1_509' title='bbox 3528 3074 3661 3125; x_wconf 89' lang='lat' dir='ltr'>ante</span> 
     </span>
    </p>
   </div>
   <div class='ocr_carea' id='block_1_64' title="bbox 2014 3159 3662 3234">
    <p class='ocr_par' dir='ltr' id='par_1_64' title="bbox 2014 3159 3662 3234">
     <span class='ocr_line' id='line_1_66' title="bbox 2014 3159 3662 3234; baseline -0.003 -14"><span class='ocrx_word' id='word_1_510' title='bbox 2014 3165 2210 3221; x_wconf 85' lang='lat' dir='ltr'>dixisti</span> <span class='ocrx_word' id='word_1_511' title='bbox 2264 3164 2430 3234; x_wconf 86' lang='lat' dir='ltr'>mihi,</span> <span class='ocrx_word' id='word_1_512' title='bbox 2464 3163 2564 3217; x_wconf 88' lang='lat' dir='ltr'>illa</span> <span class='ocrx_word' id='word_1_513' title='bbox 2617 3163 2733 3217; x_wconf 90' lang='lat' dir='ltr'>alia</span> <span class='ocrx_word' id='word_1_514' title='bbox 2766 3161 2937 3231; x_wconf 86' lang='lat' dir='ltr'>longe</span> <span class='ocrx_word' id='word_1_515' title='bbox 2980 3166 3216 3231; x_wconf 83' lang='lat' dir='ltr'>superat</span> <span class='ocrx_word' id='word_1_516' title='bbox 3252 3176 3263 3212; x_wconf 87' lang='lat'>:</span> <span class='ocrx_word' id='word_1_517' title='bbox 3302 3179 3328 3210; x_wconf 74' lang='grc' dir='ltr'>α</span> <span class='ocrx_word' id='word_1_518' title='bbox 3361 3159 3662 3222; x_wconf 91' lang='lat' dir='ltr'>Quomodo</span> 
     </span>
    </p>
   </div>
   <div class='ocr_carea' id='block_1_65' title="bbox 2013 3248 3662 3323">
    <p class='ocr_par' dir='ltr' id='par_1_65' title="bbox 2013 3248 3662 3323">
     <span class='ocr_line' id='line_1_67' title="bbox 2013 3248 3662 3323; baseline -0.005 -15"><span class='ocrx_word' id='word_1_519' title='bbox 2013 3256 2123 3309; x_wconf 92' lang='lat' dir='ltr'>erit</span> <span class='ocrx_word' id='word_1_520' title='bbox 2146 3254 2288 3308; x_wconf 90' lang='lat' dir='ltr'>mihi</span> <span class='ocrx_word' id='word_1_521' title='bbox 2326 3254 2506 3319; x_wconf 90' lang='lat' dir='ltr'>istud,</span> <span class='ocrx_word' id='word_1_522' title='bbox 2540 3253 2815 3323; x_wconf 79' lang='lat' dir='ltr'>quoniam</span> <span class='ocrx_word' id='word_1_523' title='bbox 2848 3250 3037 3303; x_wconf 80' lang='lat' dir='ltr'>virum</span> <span class='ocrx_word' id='word_1_524' title='bbox 3087 3265 3201 3302; x_wconf 92' lang='lat' dir='ltr'>non</span> <span class='ocrx_word' id='word_1_525' title='bbox 3241 3263 3527 3318; x_wconf 89' lang='lat' dir='ltr'>cognosco</span> <span class='ocrx_word' id='word_1_526' title='bbox 3558 3248 3585 3301; x_wconf 77' lang='lat'><strong><em>7</em></strong></span> <span class='ocrx_word' id='word_1_527' title='bbox 3634 3270 3662 3297; x_wconf 84' lang='lat'>»</span> 
     </span>
    </p>
   </div>
   <div class='ocr_carea' id='block_1_66' title="bbox 237 3318 1924 3413">
    <p class='ocr_par' dir='ltr' id='par_1_66' title="bbox 237 3318 1897 3413">
     <span class='ocr_line' id='line_1_68' title="bbox 237 3318 1897 3413; baseline 0.002 -25"><span class='ocrx_word' id='word_1_528' title='bbox 237 3334 558 3411; x_wconf 77' lang='grc' dir='ltr'>προλεχθέν</span> <span class='ocrx_word' id='word_1_529' title='bbox 592 3318 706 3407; x_wconf 24' lang='grc' dir='ltr'>νμοι</span> <span class='ocrx_word' id='word_1_530' title='bbox 756 3318 901 3411; x_wconf 84' lang='grc' dir='ltr'>παρά</span> <span class='ocrx_word' id='word_1_531' title='bbox 951 3334 1048 3390; x_wconf 81' lang='grc' dir='ltr'>σοῦ</span> <span class='ocrx_word' id='word_1_532' title='bbox 1101 3318 1487 3411; x_wconf 81' lang='grc' dir='ltr'>ὁπερηκόντισε</span> <span class='ocrx_word' id='word_1_533' title='bbox 1514 3339 1581 3391; x_wconf 84' lang='grc' dir='ltr'>τὰ</span> <span class='ocrx_word' id='word_1_534' title='bbox 1620 3318 1897 3413; x_wconf 68' lang='grc' dir='ltr'>λεχθέντα·</span> 
     </span>
    </p>
   </div>
   <div class='ocr_carea' id='block_1_67' title="bbox 2022 3318 3663 3413">
    <p class='ocr_par' dir='ltr' id='par_1_67' title="bbox 2022 3318 3663 3411">
     <span class='ocr_line' id='line_1_69' title="bbox 2022 3318 3663 3411; baseline -0.004 -14"><span class='ocrx_word' id='word_1_535' title='bbox 2022 3344 2161 3398; x_wconf 85' lang='lat' dir='ltr'>Tum</span> <span class='ocrx_word' id='word_1_536' title='bbox 2186 3340 2417 3397; x_wconf 88' lang='lat' dir='ltr'>Gabriel</span> <span class='ocrx_word' id='word_1_537' title='bbox 2442 3341 2511 3395; x_wconf 90' lang='lat' dir='ltr'>ad</span> <span class='ocrx_word' id='word_1_538' title='bbox 2536 3318 2831 3411; x_wconf 58' lang='lat' dir='ltr'>Virginem</span> <span class='ocrx_word' id='word_1_539' title='bbox 2852 3355 2863 3393; x_wconf 93' lang='lat'>:</span> <span class='ocrx_word' id='word_1_540' title='bbox 2888 3336 3188 3403; x_wconf 86' lang='lat' dir='ltr'>Quomodo</span> <span class='ocrx_word' id='word_1_541' title='bbox 3210 3336 3321 3391; x_wconf 85' lang='lat' dir='ltr'>erit</span> <span class='ocrx_word' id='word_1_542' title='bbox 3340 3335 3443 3389; x_wconf 89' lang='lat' dir='ltr'>tibi</span> <span class='ocrx_word' id='word_1_543' title='bbox 3464 3334 3619 3390; x_wconf 89' lang='lat' dir='ltr'>istud</span> <span class='ocrx_word' id='word_1_544' title='bbox 3635 3335 3663 3390; x_wconf 67' lang='grc' dir='ltr'><strong><em>Ἰ</em></strong></span> 
     </span>
    </p>
   </div>
   <div class='ocr_carea' id='block_1_68' title="bbox 246 3422 1899 3501">
    <p class='ocr_par' dir='ltr' id='par_1_68' title="bbox 246 3422 1899 3501">
     <span class='ocr_line' id='line_1_70' title="bbox 246 3422 1899 3501; baseline 0.002 -26"><span class='ocrx_word' id='word_1_545' title='bbox 246 3448 265 3475; x_wconf 80' lang='grc' dir='ltr'>ε</span> <span class='ocrx_word' id='word_1_546' title='bbox 299 3429 436 3485; x_wconf 82' lang='grc' dir='ltr'>Πῶς</span> <span class='ocrx_word' id='word_1_547' title='bbox 470 3422 616 3479; x_wconf 78' lang='grc' dir='ltr'>ἔσται</span> <span class='ocrx_word' id='word_1_548' title='bbox 670 3446 762 3496; x_wconf 88' lang='grc' dir='ltr'>μοι</span> <span class='ocrx_word' id='word_1_549' title='bbox 809 3430 992 3494; x_wconf 83' lang='grc' dir='ltr'>τοῦτο,</span> <span class='ocrx_word' id='word_1_550' title='bbox 1050 3425 1164 3480; x_wconf 78' lang='grc' dir='ltr'>ἐπεὶ</span> <span class='ocrx_word' id='word_1_551' title='bbox 1214 3424 1379 3501; x_wconf 81' lang='grc' dir='ltr'>ἄνδρα</span> <span class='ocrx_word' id='word_1_552' title='bbox 1428 3425 1489 3482; x_wconf 87' lang='lat'>06</span> <span class='ocrx_word' id='word_1_553' title='bbox 1536 3428 1786 3501; x_wconf 88' lang='grc' dir='ltr'>γινώσκω</span> <span class='ocrx_word' id='word_1_554' title='bbox 1822 3447 1835 3495; x_wconf 90' lang='grc'>;</span> <span class='ocrx_word' id='word_1_555' title='bbox 1870 3453 1899 3479; x_wconf 73' lang='grc' dir='ltr'>ι)</span> 
     </span>
    </p>
   </div>
   <div class='ocr_carea' id='block_1_69' title="bbox 236 3508 1899 3589">
    <p class='ocr_par' dir='ltr' id='par_1_69' title="bbox 236 3508 1899 3589">
     <span class='ocr_line' id='line_1_71' title="bbox 236 3508 1899 3589; baseline 0.002 -22"><span class='ocrx_word' id='word_1_556' title='bbox 236 3514 294 3567; x_wconf 71' lang='grc' dir='ltr'>Ὀ</span> <span class='ocrx_word' id='word_1_557' title='bbox 347 3510 417 3567; x_wconf 73' lang='grc' dir='ltr'>δὲ</span> <span class='ocrx_word' id='word_1_558' title='bbox 468 3508 713 3587; x_wconf 75' lang='grc' dir='ltr'>Γαϐριὴλ</span> <span class='ocrx_word' id='word_1_559' title='bbox 754 3515 890 3588; x_wconf 88' lang='grc' dir='ltr'>πρὸς</span> <span class='ocrx_word' id='word_1_560' title='bbox 938 3515 1037 3583; x_wconf 82' lang='grc' dir='ltr'>τὴν</span> <span class='ocrx_word' id='word_1_561' title='bbox 1090 3514 1396 3589; x_wconf 84' lang='grc' dir='ltr'>Παρθένον·</span> <span class='ocrx_word' id='word_1_562' title='bbox 1450 3520 1573 3577; x_wconf 89' lang='grc' dir='ltr'>Πῶς</span> <span class='ocrx_word' id='word_1_563' title='bbox 1622 3515 1768 3570; x_wconf 77' lang='grc' dir='ltr'>ἔσται</span> <span class='ocrx_word' id='word_1_564' title='bbox 1816 3538 1899 3572; x_wconf 87' lang='grc' dir='ltr'>σοι</span> 
     </span>
    </p>
   </div>
   <div class='ocr_carea' id='block_1_70' title="bbox 239 3602 1899 3679">
    <p class='ocr_par' dir='ltr' id='par_1_70' title="bbox 239 3602 1899 3679">
     <span class='ocr_line' id='line_1_72' title="bbox 239 3602 1899 3679; baseline 0.002 -23"><span class='ocrx_word' id='word_1_565' title='bbox 239 3607 408 3657; x_wconf 82' lang='lat'><strong>10610</strong></span> <span class='ocrx_word' id='word_1_566' title='bbox 442 3621 457 3669; x_wconf 83' lang='lat'><strong>;</strong></span> <span class='ocrx_word' id='word_1_567' title='bbox 493 3607 625 3677; x_wconf 84' lang='grc' dir='ltr'>Παρ’</span> <span class='ocrx_word' id='word_1_568' title='bbox 664 3602 799 3675; x_wconf 82' lang='grc' dir='ltr'>ἐμοῦ</span> <span class='ocrx_word' id='word_1_569' title='bbox 847 3605 937 3657; x_wconf 87' lang='grc' dir='ltr'>τὸν</span> <span class='ocrx_word' id='word_1_570' title='bbox 986 3604 1187 3679; x_wconf 88' lang='grc' dir='ltr'>τρόπον</span> <span class='ocrx_word' id='word_1_571' title='bbox 1236 3610 1437 3673; x_wconf 82' lang='grc' dir='ltr'>ζητεῖς,</span> <span class='ocrx_word' id='word_1_572' title='bbox 1484 3607 1741 3679; x_wconf 80' lang='grc' dir='ltr'>Παρθένε,</span> <span class='ocrx_word' id='word_1_573' title='bbox 1794 3628 1899 3678; x_wconf 85' lang='grc' dir='ltr'>μα-</span> 
     </span>
    </p>
   </div>
   <div class='ocr_carea' id='block_1_71' title="bbox 240 3688 1896 3763">
    <p class='ocr_par' dir='ltr' id='par_1_71' title="bbox 240 3688 1896 3763">
     <span class='ocr_line' id='line_1_73' title="bbox 240 3688 1896 3763; baseline 0.002 -18"><span class='ocrx_word' id='word_1_574' title='bbox 240 3696 349 3754; x_wconf 80' lang='grc' dir='ltr'>θεῖν</span> <span class='ocrx_word' id='word_1_575' title='bbox 394 3691 539 3759; x_wconf 80' lang='grc' dir='ltr'>;Μή</span> <span class='ocrx_word' id='word_1_576' title='bbox 581 3688 800 3746; x_wconf 83' lang='grc' dir='ltr'>δύναται</span> <span class='ocrx_word' id='word_1_577' title='bbox 846 3689 1047 3754; x_wconf 80' lang='grc' dir='ltr'>δοῦλος</span> <span class='ocrx_word' id='word_1_578' title='bbox 1096 3693 1295 3747; x_wconf 88' lang='grc' dir='ltr'>σκοπὸν</span> <span class='ocrx_word' id='word_1_579' title='bbox 1343 3690 1536 3748; x_wconf 70' lang='grc' dir='ltr'>εἰδέναι</span> <span class='ocrx_word' id='word_1_580' title='bbox 1590 3691 1896 3763; x_wconf 81' lang='grc' dir='ltr'>δεσπότου;</span> 
     </span>
    </p>
   </div>
   <div class='ocr_carea' id='block_1_72' title="bbox 238 3777 1891 3858">
    <p class='ocr_par' dir='ltr' id='par_1_72' title="bbox 238 3777 1891 3858">
     <span class='ocr_line' id='line_1_74' title="bbox 238 3777 1891 3858; baseline 0.003 -25"><span class='ocrx_word' id='word_1_581' title='bbox 238 3785 363 3841; x_wconf 84' lang='grc' dir='ltr'>Πῶς</span> <span class='ocrx_word' id='word_1_582' title='bbox 420 3777 567 3834; x_wconf 80' lang='grc' dir='ltr'>ἔσται</span> <span class='ocrx_word' id='word_1_583' title='bbox 620 3801 704 3835; x_wconf 88' lang='grc' dir='ltr'>σοι</span> <span class='ocrx_word' id='word_1_584' title='bbox 752 3786 912 3835; x_wconf 87' lang='lat'><strong>10610</strong></span> <span class='ocrx_word' id='word_1_585' title='bbox 948 3800 961 3850; x_wconf 89' lang='lat'><strong>;</strong></span> <span class='ocrx_word' id='word_1_586' title='bbox 999 3783 1262 3851; x_wconf 77' lang='grc' dir='ltr'>Μηνυτής</span> <span class='ocrx_word' id='word_1_587' title='bbox 1296 3781 1627 3854; x_wconf 81' lang='grc' dir='ltr'>ἀπεστάλην,</span> <span class='ocrx_word' id='word_1_588' title='bbox 1670 3783 1777 3858; x_wconf 81' lang='grc' dir='ltr'>οὐχ</span> <span class='ocrx_word' id='word_1_589' title='bbox 1807 3784 1891 3857; x_wconf 67' lang='grc' dir='ltr'>ερ-</span> 
     </span>
    </p>
   </div>
   <div class='ocr_carea' id='block_1_73' title="bbox 240 3868 1898 3946">
    <p class='ocr_par' dir='ltr' id='par_1_73' title="bbox 240 3868 1898 3946">
     <span class='ocr_line' id='line_1_75' title="bbox 240 3868 1898 3946; baseline 0.002 -24"><span class='ocrx_word' id='word_1_590' title='bbox 240 3870 545 3940; x_wconf 78' lang='grc' dir='ltr'>μηνευτής.</span> <span class='ocrx_word' id='word_1_591' title='bbox 580 3893 607 3919; x_wconf 92' lang='grc'>‹‹</span> <span class='ocrx_word' id='word_1_592' title='bbox 640 3869 727 3931; x_wconf 89' lang='grc' dir='ltr'>Τίς</span> <span class='ocrx_word' id='word_1_593' title='bbox 768 3868 904 3945; x_wconf 80' lang='grc' dir='ltr'>ἔγνω</span> <span class='ocrx_word' id='word_1_594' title='bbox 934 3874 1054 3924; x_wconf 91' lang='grc' dir='ltr'>νοῦν</span> <span class='ocrx_word' id='word_1_595' title='bbox 1104 3870 1301 3946; x_wconf 85' lang='grc' dir='ltr'>Κυρίου</span> <span class='ocrx_word' id='word_1_596' title='bbox 1338 3889 1351 3939; x_wconf 90' lang='lat'><strong>;</strong></span> <span class='ocrx_word' id='word_1_597' title='bbox 1384 3873 1419 3939; x_wconf 74' lang='grc' dir='ltr'><strong>ἢ</strong></span> <span class='ocrx_word' id='word_1_598' title='bbox 1452 3870 1531 3933; x_wconf 91' lang='grc' dir='ltr'>τίς</span> <span class='ocrx_word' id='word_1_599' title='bbox 1585 3868 1898 3944; x_wconf 74' lang='grc' dir='ltr'>σύμϐουλος</span> 
     </span>
    </p>
   </div>
   <div class='ocr_carea' id='block_1_74' title="bbox 233 3956 1893 4032">
    <p class='ocr_par' dir='ltr' id='par_1_74' title="bbox 233 3956 1893 4032">
     <span class='ocr_line' id='line_1_76' title="bbox 233 3956 1893 4032; baseline 0.003 -21"><span class='ocrx_word' id='word_1_600' title='bbox 233 3956 405 4012; x_wconf 68' lang='grc' dir='ltr'>αὐτοῦ</span> <span class='ocrx_word' id='word_1_601' title='bbox 438 3956 647 4032; x_wconf 74' lang='grc' dir='ltr'>ἆγένετο</span> <span class='ocrx_word' id='word_1_602' title='bbox 683 3977 695 4025; x_wconf 89' lang='grc'><strong>;</strong></span> <span class='ocrx_word' id='word_1_603' title='bbox 733 3984 760 4009; x_wconf 88' lang='grc'>››</span> <span class='ocrx_word' id='word_1_604' title='bbox 795 3960 861 4013; x_wconf 77' lang='grc' dir='ltr'>Ἀ</span> <span class='ocrx_word' id='word_1_605' title='bbox 893 3959 1076 4013; x_wconf 87' lang='grc' dir='ltr'>ἀκούω</span> <span class='ocrx_word' id='word_1_606' title='bbox 1102 3957 1281 4029; x_wconf 87' lang='grc' dir='ltr'>λαλῶ,</span> <span class='ocrx_word' id='word_1_607' title='bbox 1306 3957 1459 4013; x_wconf 75' lang='grc' dir='ltr'>οὐδὲν</span> <span class='ocrx_word' id='word_1_608' title='bbox 1487 3957 1629 4013; x_wconf 76' lang='grc' dir='ltr'>’ίδιον</span> <span class='ocrx_word' id='word_1_609' title='bbox 1649 3961 1893 4016; x_wconf 80' lang='grc' dir='ltr'>πλάττω.</span> 
     </span>
    </p>
   </div>
   <div class='ocr_carea' id='block_1_75' title="bbox 230 4045 1894 4121">
    <p class='ocr_par' dir='ltr' id='par_1_75' title="bbox 230 4045 1894 4121">
     <span class='ocr_line' id='line_1_77' title="bbox 230 4045 1894 4121; baseline 0.004 -22"><span class='ocrx_word' id='word_1_610' title='bbox 230 4050 356 4107; x_wconf 88' lang='grc' dir='ltr'>Πῶς</span> <span class='ocrx_word' id='word_1_611' title='bbox 419 4045 565 4099; x_wconf 77' lang='grc' dir='ltr'>ἔσται</span> <span class='ocrx_word' id='word_1_612' title='bbox 617 4066 701 4100; x_wconf 86' lang='grc' dir='ltr'>σοι</span> <span class='ocrx_word' id='word_1_613' title='bbox 748 4051 951 4116; x_wconf 86' lang='grc' dir='ltr'>τοῦτο;</span> <span class='ocrx_word' id='word_1_614' title='bbox 984 4048 1053 4102; x_wconf 85' lang='grc' dir='ltr'>Τὸ</span> <span class='ocrx_word' id='word_1_615' title='bbox 1101 4052 1215 4109; x_wconf 91' lang='grc' dir='ltr'>πῶς</span> <span class='ocrx_word' id='word_1_616' title='bbox 1264 4048 1351 4102; x_wconf 79' lang='grc' dir='ltr'>ἐπὶ</span> <span class='ocrx_word' id='word_1_617' title='bbox 1402 4054 1534 4103; x_wconf 84' lang='grc' dir='ltr'>Θεοῦ</span> <span class='ocrx_word' id='word_1_618' title='bbox 1595 4050 1670 4121; x_wconf 77' lang='grc' dir='ltr'>μὴ</span> <span class='ocrx_word' id='word_1_619' title='bbox 1725 4052 1894 4119; x_wconf 79' lang='grc' dir='ltr'>ζήτει.</span> 
     </span>
    </p>
   </div>
   <div class='ocr_carea' id='block_1_76' title="bbox 231 4132 1894 4213">
    <p class='ocr_par' dir='ltr' id='par_1_76' title="bbox 231 4132 1894 4213">
     <span class='ocr_line' id='line_1_78' title="bbox 231 4132 1894 4213; baseline 0.004 -26"><span class='ocrx_word' id='word_1_620' title='bbox 231 4138 356 4195; x_wconf 88' lang='grc' dir='ltr'>Πῶς</span> <span class='ocrx_word' id='word_1_621' title='bbox 424 4132 572 4188; x_wconf 81' lang='grc' dir='ltr'>ἔσται</span> <span class='ocrx_word' id='word_1_622' title='bbox 648 4156 730 4189; x_wconf 90' lang='grc' dir='ltr'>σοι</span> <span class='ocrx_word' id='word_1_623' title='bbox 790 4140 993 4203; x_wconf 82' lang='lat'><strong>10610;</strong></span> <span class='ocrx_word' id='word_1_624' title='bbox 1052 4142 1139 4198; x_wconf 67' lang='grc' dir='ltr'>Ὠς</span> <span class='ocrx_word' id='word_1_625' title='bbox 1219 4134 1439 4197; x_wconf 76' lang='grc' dir='ltr'>Ἠσαίας</span> <span class='ocrx_word' id='word_1_626' title='bbox 1514 4138 1894 4213; x_wconf 86' lang='grc' dir='ltr'>προηγόρευσε</span> 
     </span>
    </p>
   </div>
   <div class='ocr_carea' id='block_1_77' title="bbox 232 4221 1780 4301">
    <p class='ocr_par' dir='ltr' id='par_1_77' title="bbox 232 4221 1780 4301">
     <span class='ocr_line' id='line_1_79' title="bbox 232 4221 1780 4301; baseline 0.001 -25"><span class='ocrx_word' id='word_1_627' title='bbox 232 4226 483 4299; x_wconf 73' lang='grc' dir='ltr'>φάσκων·</span> <span class='ocrx_word' id='word_1_628' title='bbox 519 4221 717 4278; x_wconf 76' lang='grc' dir='ltr'>«Ἰδοὺ</span> <span class='ocrx_word' id='word_1_629' title='bbox 775 4227 809 4293; x_wconf 79' lang='grc' dir='ltr'>ἡ</span> <span class='ocrx_word' id='word_1_630' title='bbox 871 4225 1144 4300; x_wconf 67' lang='grc' dir='ltr'>Ιῐαρθὲνος</span> <span class='ocrx_word' id='word_1_631' title='bbox 1204 4224 1255 4279; x_wconf 69' lang='grc' dir='ltr'>ἰν</span> <span class='ocrx_word' id='word_1_632' title='bbox 1314 4226 1503 4301; x_wconf 81' lang='grc' dir='ltr'>γαστρὶ</span> <span class='ocrx_word' id='word_1_633' title='bbox 1560 4223 1687 4295; x_wconf 75' lang='grc' dir='ltr'>ἕξει⁹</span> <span class='ocrx_word' id='word_1_634' title='bbox 1753 4252 1780 4277; x_wconf 88' lang='grc'><strong>››</strong></span> 
     </span>
    </p>
   </div>
   <div class='ocr_carea' id='block_1_78' title="bbox 231 4308 1893 4388">
    <p class='ocr_par' dir='ltr' id='par_1_78' title="bbox 231 4308 1893 4388">
     <span class='ocr_line' id='line_1_80' title="bbox 231 4308 1893 4388; baseline 0.003 -23"><span class='ocrx_word' id='word_1_635' title='bbox 231 4308 370 4383; x_wconf 68' lang='grc' dir='ltr'>ἕξειν</span> <span class='ocrx_word' id='word_1_636' title='bbox 403 4332 461 4366; x_wconf 81' lang='grc' dir='ltr'>σε</span> <span class='ocrx_word' id='word_1_637' title='bbox 506 4312 927 4388; x_wconf 79' lang='grc' dir='ltr'>προηγόρευσεν,</span> <span class='ocrx_word' id='word_1_638' title='bbox 975 4313 1081 4388; x_wconf 75' lang='grc' dir='ltr'>ἐγὼ</span> <span class='ocrx_word' id='word_1_639' title='bbox 1131 4311 1187 4368; x_wconf 69' lang='grc' dir='ltr'>δε</span> <span class='ocrx_word' id='word_1_640' title='bbox 1219 4312 1366 4388; x_wconf 70' lang='grc' dir='ltr'>λέγω</span> <span class='ocrx_word' id='word_1_641' title='bbox 1399 4335 1503 4385; x_wconf 92' lang='grc' dir='ltr'>σοι,</span> <span class='ocrx_word' id='word_1_642' title='bbox 1538 4314 1621 4370; x_wconf 77' lang='grc' dir='ltr'>ὅτι</span> <span class='ocrx_word' id='word_1_643' title='bbox 1656 4339 1684 4366; x_wconf 90' lang='grc'><em>‹‹</em></span> <span class='ocrx_word' id='word_1_644' title='bbox 1725 4315 1893 4388; x_wconf 71' lang='grc' dir='ltr'>τέξεις</span> 
     </span>
    </p>
   </div>
   <div class='ocr_carea' id='block_1_79' title="bbox 234 4396 1714 4475">
    <p class='ocr_par' dir='ltr' id='par_1_79' title="bbox 234 4396 1714 4475">
     <span class='ocr_line' id='line_1_81' title="bbox 234 4396 1714 4475; baseline 0.001 -22"><span class='ocrx_word' id='word_1_645' title='bbox 234 4400 350 4453; x_wconf 72' lang='grc' dir='ltr'>υἱὸν</span> <span class='ocrx_word' id='word_1_646' title='bbox 404 4399 496 4453; x_wconf 75' lang='grc' dir='ltr'>καὶ</span> <span class='ocrx_word' id='word_1_647' title='bbox 552 4400 799 4463; x_wconf 66' lang='grc' dir='ltr'>καλεσεις</span> <span class='ocrx_word' id='word_1_648' title='bbox 854 4403 916 4455; x_wconf 88' lang='grc' dir='ltr'>τὸ</span> <span class='ocrx_word' id='word_1_649' title='bbox 974 4396 1150 4475; x_wconf 74' lang='grc' dir='ltr'>ὄνομα</span> <span class='ocrx_word' id='word_1_650' title='bbox 1206 4402 1370 4456; x_wconf 83' lang='grc' dir='ltr'>αὐτοῦ</span> <span class='ocrx_word' id='word_1_651' title='bbox 1429 4403 1653 4468; x_wconf 82' lang='grc' dir='ltr'>Ἰησοῦν·</span> <span class='ocrx_word' id='word_1_652' title='bbox 1688 4429 1714 4456; x_wconf 86' lang='grc'><strong>››</strong></span> 
     </span>
    </p>
   </div>
   <div class='ocr_carea' id='block_1_80' title="bbox 235 4486 1562 4564">
    <p class='ocr_par' dir='ltr' id='par_1_80' title="bbox 235 4486 1562 4564">
     <span class='ocr_line' id='line_1_82' title="bbox 235 4486 1562 4564; baseline 0.004 -21"><span class='ocrx_word' id='word_1_653' title='bbox 235 4490 268 4557; x_wconf 77' lang='grc' dir='ltr'>ἡ</span> <span class='ocrx_word' id='word_1_654' title='bbox 303 4486 435 4557; x_wconf 77' lang='grc' dir='ltr'>δόξα</span> <span class='ocrx_word' id='word_1_655' title='bbox 468 4488 543 4552; x_wconf 82' lang='grc' dir='ltr'>είς</span> <span class='ocrx_word' id='word_1_656' title='bbox 576 4489 703 4553; x_wconf 80' lang='grc' dir='ltr'>τοὺς</span> <span class='ocrx_word' id='word_1_657' title='bbox 732 4489 930 4552; x_wconf 71' lang='grc' dir='ltr'>αἰῶνας</span> <span class='ocrx_word' id='word_1_658' title='bbox 962 4494 1065 4546; x_wconf 85' lang='grc' dir='ltr'>τῶν</span> <span class='ocrx_word' id='word_1_659' title='bbox 1100 4490 1337 4547; x_wconf 71' lang='grc' dir='ltr'>αἰώνων.</span> <span class='ocrx_word' id='word_1_660' title='bbox 1372 4492 1562 4564; x_wconf 74' lang='grc' dir='ltr'>Ἀμήν.</span> 
     </span>
    </p>
   </div>
   <div class='ocr_carea' id='block_1_81' title="bbox 305 4658 1840 4732">
    <p class='ocr_par' dir='ltr' id='par_1_81' title="bbox 305 4658 1840 4732">
     <span class='ocr_line' id='line_1_83' title="bbox 305 4658 1840 4732; baseline 0.003 -19"><span class='ocrx_word' id='word_1_661' title='bbox 305 4659 351 4694; x_wconf 72' lang='grc'><strong>²⁸</strong></span> <span class='ocrx_word' id='word_1_662' title='bbox 385 4658 528 4714; x_wconf 88' lang='lat' dir='ltr'>Luc.</span> <span class='ocrx_word' id='word_1_663' title='bbox 562 4676 602 4729; x_wconf 79' lang='grc' dir='ltr'>ι,</span> <span class='ocrx_word' id='word_1_664' title='bbox 632 4659 722 4730; x_wconf 87' lang='grc'>30,</span> <span class='ocrx_word' id='word_1_665' title='bbox 755 4659 844 4714; x_wconf 88' lang='grc'>31.</span> <span class='ocrx_word' id='word_1_666' title='bbox 958 4661 1004 4695; x_wconf 69' lang='grc'>2⁸</span> <span class='ocrx_word' id='word_1_667' title='bbox 1034 4660 1176 4715; x_wconf 91' lang='lat' dir='ltr'>ibid.</span> <span class='ocrx_word' id='word_1_668' title='bbox 1206 4662 1292 4717; x_wconf 84' lang='grc'>34.</span> <span class='ocrx_word' id='word_1_669' title='bbox 1407 4662 1451 4697; x_wconf 80' lang='grc'>²⁶</span> <span class='ocrx_word' id='word_1_670' title='bbox 1481 4662 1623 4718; x_wconf 89' lang='lat' dir='ltr'>Gen.</span> <span class='ocrx_word' id='word_1_671' title='bbox 1657 4680 1719 4732; x_wconf 81' lang='grc' dir='ltr'>ιι,</span> <span class='ocrx_word' id='word_1_672' title='bbox 1750 4664 1840 4719; x_wconf 88' lang='lat'>23.</span> 
     </span>
    </p>
   </div>
   <div class='ocr_carea' id='block_1_82' title="bbox 2010 3425 3663 3501">
    <p class='ocr_par' dir='ltr' id='par_1_82' title="bbox 2010 3425 3663 3501">
     <span class='ocr_line' id='line_1_84' title="bbox 2010 3425 3663 3501; baseline -0.003 -15"><span class='ocrx_word' id='word_1_673' title='bbox 2010 3449 2043 3486; x_wconf 87' lang='lat' dir='ltr'>a</span> <span class='ocrx_word' id='word_1_674' title='bbox 2076 3449 2185 3501; x_wconf 90' lang='lat' dir='ltr'>me,</span> <span class='ocrx_word' id='word_1_675' title='bbox 2218 3431 2413 3501; x_wconf 89' lang='lat' dir='ltr'>Virgo,</span> <span class='ocrx_word' id='word_1_676' title='bbox 2448 3431 2689 3485; x_wconf 90' lang='lat' dir='ltr'>modum</span> <span class='ocrx_word' id='word_1_677' title='bbox 2740 3427 2953 3499; x_wconf 63' lang='lat' dir='ltr'>quaeris</span> <span class='ocrx_word' id='word_1_678' title='bbox 2999 3425 3306 3482; x_wconf 87' lang='lat' dir='ltr'>ediscere?</span> <span class='ocrx_word' id='word_1_679' title='bbox 3354 3426 3437 3479; x_wconf 89' lang='lat' dir='ltr'>An</span> <span class='ocrx_word' id='word_1_680' title='bbox 3472 3430 3663 3497; x_wconf 83' lang='lat' dir='ltr'>potest</span> 
     </span>
    </p>
   </div>
   <div class='ocr_carea' id='block_1_83' title="bbox 2010 3514 3659 3590">
    <p class='ocr_par' dir='ltr' id='par_1_83' title="bbox 2010 3514 3659 3590">
     <span class='ocr_line' id='line_1_85' title="bbox 2010 3514 3659 3590; baseline -0.004 -15"><span class='ocrx_word' id='word_1_681' title='bbox 2010 3537 2213 3576; x_wconf 84' lang='lat' dir='ltr'>servus</span> <span class='ocrx_word' id='word_1_682' title='bbox 2245 3536 2486 3590; x_wconf 89' lang='lat' dir='ltr'>scopum</span> <span class='ocrx_word' id='word_1_683' title='bbox 2514 3535 2687 3573; x_wconf 89' lang='lat' dir='ltr'>nosse</span> <span class='ocrx_word' id='word_1_684' title='bbox 2734 3516 2958 3573; x_wconf 90' lang='lat' dir='ltr'>domini</span> <span class='ocrx_word' id='word_1_685' title='bbox 3007 3515 3147 3570; x_wconf 86' lang='lat' dir='ltr'>sui?</span> <span class='ocrx_word' id='word_1_686' title='bbox 3197 3515 3496 3580; x_wconf 90' lang='lat' dir='ltr'>Quomodo</span> <span class='ocrx_word' id='word_1_687' title='bbox 3549 3514 3659 3569; x_wconf 88' lang='lat' dir='ltr'>erit</span> 
     </span>
    </p>
   </div>
   <div class='ocr_carea' id='block_1_84' title="bbox 2008 3602 3660 3675">
    <p class='ocr_par' dir='ltr' id='par_1_84' title="bbox 2008 3602 3660 3675">
     <span class='ocr_line' id='line_1_86' title="bbox 2008 3602 3660 3675; baseline -0.005 -10"><span class='ocrx_word' id='word_1_688' title='bbox 2008 3611 2113 3665; x_wconf 92' lang='lat' dir='ltr'>tibi</span> <span class='ocrx_word' id='word_1_689' title='bbox 2141 3608 2325 3663; x_wconf 79' lang='lat' dir='ltr'>illud?</span> <span class='ocrx_word' id='word_1_690' title='bbox 2348 3608 2741 3673; x_wconf 86' lang='lat' dir='ltr'>Nuntius,non</span> <span class='ocrx_word' id='word_1_691' title='bbox 2767 3605 3301 3675; x_wconf 81' lang='lat' dir='ltr'>interpres,missus</span> <span class='ocrx_word' id='word_1_692' title='bbox 3323 3602 3660 3663; x_wconf 76' lang='lat' dir='ltr'>sum.«Quis</span> 
     </span>
    </p>
   </div>
   <div class='ocr_carea' id='block_1_85' title="bbox 2012 3691 3660 3764">
    <p class='ocr_par' dir='ltr' id='par_1_85' title="bbox 2012 3691 3660 3764">
     <span class='ocr_line' id='line_1_87' title="bbox 2012 3691 3660 3764; baseline -0.004 -11"><span class='ocrx_word' id='word_1_693' title='bbox 2012 3698 2170 3753; x_wconf 87' lang='lat' dir='ltr'>novit</span> <span class='ocrx_word' id='word_1_694' title='bbox 2201 3702 2455 3752; x_wconf 91' lang='lat' dir='ltr'>mentem</span> <span class='ocrx_word' id='word_1_695' title='bbox 2490 3696 2741 3759; x_wconf 89' lang='lat' dir='ltr'>Domini,</span> <span class='ocrx_word' id='word_1_696' title='bbox 2776 3699 2878 3748; x_wconf 89' lang='lat' dir='ltr'>aut</span> <span class='ocrx_word' id='word_1_697' title='bbox 2926 3692 3057 3764; x_wconf 88' lang='lat' dir='ltr'>quis</span> <span class='ocrx_word' id='word_1_698' title='bbox 3107 3691 3478 3747; x_wconf 86' lang='lat' dir='ltr'>consiliarius</span> <span class='ocrx_word' id='word_1_699' title='bbox 3530 3692 3660 3759; x_wconf 77' lang='lat' dir='ltr'>eius</span> 
     </span>
    </p>
   </div>
   <div class='ocr_carea' id='block_1_86' title="bbox 2012 3780 3657 3854">
    <p class='ocr_par' dir='ltr' id='par_1_86' title="bbox 2012 3780 3657 3854">
     <span class='ocr_line' id='line_1_88' title="bbox 2012 3780 3657 3854; baseline -0.004 -14"><span class='ocrx_word' id='word_1_700' title='bbox 2012 3786 2120 3841; x_wconf 88' lang='lat' dir='ltr'>fuit</span> <span class='ocrx_word' id='word_1_701' title='bbox 2148 3788 2190 3820; x_wconf 78' lang='grc'>²⁷</span> <span class='ocrx_word' id='word_1_702' title='bbox 2220 3786 2248 3840; x_wconf 84' lang='lat'>‘?</span> <span class='ocrx_word' id='word_1_703' title='bbox 2284 3808 2309 3834; x_wconf 86' lang='grc'>››</span> <span class='ocrx_word' id='word_1_704' title='bbox 2345 3787 2481 3849; x_wconf 66' lang='lat' dir='ltr'>Quae</span> <span class='ocrx_word' id='word_1_705' title='bbox 2512 3784 2685 3839; x_wconf 90' lang='lat' dir='ltr'>audio</span> <span class='ocrx_word' id='word_1_706' title='bbox 2736 3782 2967 3854; x_wconf 90' lang='lat' dir='ltr'>loquor,</span> <span class='ocrx_word' id='word_1_707' title='bbox 3008 3780 3153 3835; x_wconf 88' lang='lat' dir='ltr'>nihil</span> <span class='ocrx_word' id='word_1_708' title='bbox 3186 3798 3219 3835; x_wconf 88' lang='lat' dir='ltr'>a</span> <span class='ocrx_word' id='word_1_709' title='bbox 3246 3798 3337 3836; x_wconf 87' lang='lat' dir='ltr'>me</span> <span class='ocrx_word' id='word_1_710' title='bbox 3368 3780 3657 3850; x_wconf 83' lang='lat' dir='ltr'>conﬁngo.</span> 
     </span>
    </p>
   </div>
   <div class='ocr_carea' id='block_1_87' title="bbox 2008 3870 3658 3941">
    <p class='ocr_par' dir='ltr' id='par_1_87' title="bbox 2008 3870 3658 3941">
     <span class='ocr_line' id='line_1_89' title="bbox 2008 3870 3658 3941; baseline -0.004 -12"><span class='ocrx_word' id='word_1_711' title='bbox 2008 3876 2309 3940; x_wconf 90' lang='lat' dir='ltr'>Quomodo</span> <span class='ocrx_word' id='word_1_712' title='bbox 2340 3874 2448 3928; x_wconf 89' lang='lat' dir='ltr'>erit</span> <span class='ocrx_word' id='word_1_713' title='bbox 2478 3873 2581 3927; x_wconf 90' lang='lat' dir='ltr'>tibi</span> <span class='ocrx_word' id='word_1_714' title='bbox 2624 3872 2781 3926; x_wconf 88' lang='lat' dir='ltr'>istud</span> <span class='ocrx_word' id='word_1_715' title='bbox 2816 3870 2842 3924; x_wconf 84' lang='lat'><strong>?</strong></span> <span class='ocrx_word' id='word_1_716' title='bbox 2891 3870 3051 3941; x_wconf 81' lang='lat' dir='ltr'>Apud</span> <span class='ocrx_word' id='word_1_717' title='bbox 3098 3870 3278 3924; x_wconf 89' lang='lat' dir='ltr'>Deum</span> <span class='ocrx_word' id='word_1_718' title='bbox 3310 3885 3380 3923; x_wconf 88' lang='lat' dir='ltr'>ne</span> <span class='ocrx_word' id='word_1_719' title='bbox 3430 3885 3658 3938; x_wconf 64' lang='lat' dir='ltr'>quaeras</span> 
     </span>
    </p>
   </div>
   <div class='ocr_carea' id='block_1_88' title="bbox 2008 3956 3668 4034">
    <p class='ocr_par' dir='ltr' id='par_1_88' title="bbox 2008 3956 3668 4034">
     <span class='ocr_line' id='line_1_90' title="bbox 2008 3956 3668 4034; baseline -0.004 -16"><span class='ocrx_word' id='word_1_720' title='bbox 2008 3964 2319 4034; x_wconf 87' lang='lat' dir='ltr'>quomodo.</span> <span class='ocrx_word' id='word_1_721' title='bbox 2345 3961 2644 4024; x_wconf 91' lang='lat' dir='ltr'>Quomodo</span> <span class='ocrx_word' id='word_1_722' title='bbox 2674 3958 2781 4012; x_wconf 87' lang='lat' dir='ltr'>erit</span> <span class='ocrx_word' id='word_1_723' title='bbox 2802 3958 2906 4012; x_wconf 94' lang='lat' dir='ltr'>tibi</span> <span class='ocrx_word' id='word_1_724' title='bbox 2930 3958 3085 4011; x_wconf 91' lang='lat' dir='ltr'>istud</span> <span class='ocrx_word' id='word_1_725' title='bbox 3104 3956 3129 4009; x_wconf 82' lang='lat'>‘?</span> <span class='ocrx_word' id='word_1_726' title='bbox 3146 3956 3668 4020; x_wconf 83' lang='lat' dir='ltr'>Quemadmodum&#39;</span> 
     </span>
    </p>
   </div>
   <div class='ocr_carea' id='block_1_89' title="bbox 2008 4044 3651 4121">
    <p class='ocr_par' dir='ltr' id='par_1_89' title="bbox 2008 4044 3651 4121">
     <span class='ocr_line' id='line_1_91' title="bbox 2008 4044 3651 4121; baseline -0.003 -16"><span class='ocrx_word' id='word_1_727' title='bbox 2008 4050 2188 4106; x_wconf 84' lang='lat' dir='ltr'>Isaias</span> <span class='ocrx_word' id='word_1_728' title='bbox 2223 4048 2636 4121; x_wconf 79' lang='lat' dir='ltr'>pramuntiavit</span> <span class='ocrx_word' id='word_1_729' title='bbox 2666 4047 2867 4101; x_wconf 87' lang='lat' dir='ltr'>dicens</span> <span class='ocrx_word' id='word_1_730' title='bbox 2910 4063 2922 4101; x_wconf 90' lang='lat'><strong>:</strong></span> <span class='ocrx_word' id='word_1_731' title='bbox 2962 4067 2987 4095; x_wconf 82' lang='lat'><strong>«</strong></span> <span class='ocrx_word' id='word_1_732' title='bbox 3020 4046 3160 4100; x_wconf 88' lang='lat' dir='ltr'>Ecce</span> <span class='ocrx_word' id='word_1_733' title='bbox 3192 4044 3367 4115; x_wconf 91' lang='lat' dir='ltr'>Virgo</span> <span class='ocrx_word' id='word_1_734' title='bbox 3399 4044 3457 4099; x_wconf 92' lang='lat' dir='ltr'>in</span> <span class='ocrx_word' id='word_1_735' title='bbox 3488 4049 3651 4100; x_wconf 85' lang='lat' dir='ltr'>utero</span> 
     </span>
    </p>
   </div>
   <div class='ocr_carea' id='block_1_90' title="bbox 2005 4133 3655 4204">
    <p class='ocr_par' dir='ltr' id='par_1_90' title="bbox 2005 4133 3655 4204">
     <span class='ocr_line' id='line_1_92' title="bbox 2005 4133 3655 4204; baseline -0.005 -10"><span class='ocrx_word' id='word_1_736' title='bbox 2005 4139 2242 4194; x_wconf 89' lang='lat' dir='ltr'>habebit</span> <span class='ocrx_word' id='word_1_737' title='bbox 2273 4139 2317 4172; x_wconf 77' lang='grc'><strong>²⁸</strong></span> <span class='ocrx_word' id='word_1_738' title='bbox 2342 4154 2354 4192; x_wconf 90' lang='lat'>:</span> <span class='ocrx_word' id='word_1_739' title='bbox 2383 4160 2410 4186; x_wconf 89' lang='grc'>››</span> <span class='ocrx_word' id='word_1_740' title='bbox 2437 4143 2491 4191; x_wconf 89' lang='lat' dir='ltr'>te</span> <span class='ocrx_word' id='word_1_741' title='bbox 2514 4137 2570 4190; x_wconf 89' lang='lat' dir='ltr'>in</span> <span class='ocrx_word' id='word_1_742' title='bbox 2598 4141 2760 4191; x_wconf 89' lang='lat' dir='ltr'>utero</span> <span class='ocrx_word' id='word_1_743' title='bbox 2778 4135 3113 4190; x_wconf 87' lang='lat' dir='ltr'>habituram</span> <span class='ocrx_word' id='word_1_744' title='bbox 3134 4133 3528 4204; x_wconf 75' lang='lat' dir='ltr'>prmdixit,ego</span> <span class='ocrx_word' id='word_1_745' title='bbox 3546 4149 3655 4187; x_wconf 88' lang='lat' dir='ltr'>au-</span> 
     </span>
    </p>
   </div>
   <div class='ocr_carea' id='block_1_91' title="bbox 1832 4220 3654 4296">
    <p class='ocr_par' dir='ltr' id='par_1_91' title="bbox 1832 4220 3654 4296">
     <span class='ocr_line' id='line_1_93' title="bbox 1832 4220 3654 4296; baseline -0.004 -14"><span class='ocrx_word' id='word_1_746' title='bbox 1832 4228 1894 4282; x_wconf 85' lang='grc' dir='ltr'>τὸ</span> <span class='ocrx_word' id='word_1_747' title='bbox 2002 4233 2119 4282; x_wconf 89' lang='lat' dir='ltr'>tem</span> <span class='ocrx_word' id='word_1_748' title='bbox 2152 4228 2280 4281; x_wconf 91' lang='lat' dir='ltr'>dico</span> <span class='ocrx_word' id='word_1_749' title='bbox 2312 4227 2441 4293; x_wconf 91' lang='lat' dir='ltr'>tibi,</span> <span class='ocrx_word' id='word_1_750' title='bbox 2472 4225 2625 4296; x_wconf 90' lang='lat' dir='ltr'>quod</span> <span class='ocrx_word' id='word_1_751' title='bbox 2663 4247 2689 4273; x_wconf 84' lang='lat'><strong>«</strong></span> <span class='ocrx_word' id='word_1_752' title='bbox 2722 4225 2913 4295; x_wconf 88' lang='lat' dir='ltr'>paries</span> <span class='ocrx_word' id='word_1_753' title='bbox 2946 4222 3154 4289; x_wconf 85' lang='lat' dir='ltr'>ﬁlium,</span> <span class='ocrx_word' id='word_1_754' title='bbox 3190 4228 3247 4278; x_wconf 92' lang='lat' dir='ltr'>et</span> <span class='ocrx_word' id='word_1_755' title='bbox 3284 4220 3519 4277; x_wconf 89' lang='lat' dir='ltr'>vocabis</span> <span class='ocrx_word' id='word_1_756' title='bbox 3551 4237 3654 4276; x_wconf 91' lang='lat' dir='ltr'>no-</span> 
     </span>
    </p>
   </div>
   <div class='ocr_carea' id='block_1_92' title="bbox 2004 4310 3654 4387">
    <p class='ocr_par' dir='ltr' id='par_1_92' title="bbox 2004 4310 3654 4387">
     <span class='ocr_line' id='line_1_94' title="bbox 2004 4310 3654 4387; baseline -0.004 -15"><span class='ocrx_word' id='word_1_757' title='bbox 2004 4334 2135 4373; x_wconf 91' lang='lat' dir='ltr'>men</span> <span class='ocrx_word' id='word_1_758' title='bbox 2161 4318 2288 4387; x_wconf 81' lang='lat' dir='ltr'>ejus</span> <span class='ocrx_word' id='word_1_759' title='bbox 2304 4316 2505 4371; x_wconf 86' lang='lat' dir='ltr'>Jesum</span> <span class='ocrx_word' id='word_1_760' title='bbox 2531 4333 2543 4370; x_wconf 91' lang='lat'>:</span> <span class='ocrx_word' id='word_1_761' title='bbox 2575 4338 2601 4363; x_wconf 82' lang='lat' dir='ltr'>n</span> <span class='ocrx_word' id='word_1_762' title='bbox 2626 4313 2737 4385; x_wconf 90' lang='lat' dir='ltr'>ipsi</span> <span class='ocrx_word' id='word_1_763' title='bbox 2763 4312 2947 4385; x_wconf 90' lang='lat' dir='ltr'>gloria</span> <span class='ocrx_word' id='word_1_764' title='bbox 2968 4312 3027 4366; x_wconf 91' lang='lat' dir='ltr'>in</span> <span class='ocrx_word' id='word_1_765' title='bbox 3050 4314 3265 4367; x_wconf 73' lang='lat' dir='ltr'>saecula</span> <span class='ocrx_word' id='word_1_766' title='bbox 3285 4310 3654 4367; x_wconf 66' lang='lat' dir='ltr'>saeculorum.</span> 
     </span>
    </p>
   </div>
   <div class='ocr_carea' id='block_1_93' title="bbox 1749 4404 2207 4476">
    <p class='ocr_par' dir='ltr' id='par_1_93' title="bbox 1749 4404 2207 4476">
     <span class='ocr_line' id='line_1_95' title="bbox 1749 4404 2207 4476; baseline 0.002 -18"><span class='ocrx_word' id='word_1_767' title='bbox 1749 4404 1896 4476; x_wconf 85' lang='grc' dir='ltr'>αύτῷ</span> <span class='ocrx_word' id='word_1_768' title='bbox 2004 4409 2207 4462; x_wconf 87' lang='lat' dir='ltr'>Amen.</span> 
     </span>
    </p>
   </div>
   <div class='ocr_carea' id='block_1_94' title="bbox 1927 4499 1975 4562">
    <p class='ocr_par' dir='ltr' id='par_1_94' title="bbox 1927 4499 1975 4562">
     <span class='ocr_line' id='line_1_96' title="bbox 1927 4499 1975 4562; baseline 0 0"><span class='ocrx_word' id='word_1_769' title='bbox 1927 4499 1975 4562; x_wconf 94' lang='lat' dir='ltr'><strong>D</strong></span> 
     </span>
    </p>
   </div>
   <div class='ocr_carea' id='block_1_95' title="bbox 1955 4666 2388 4733">
    <p class='ocr_par' dir='ltr' id='par_1_95' title="bbox 1955 4666 2388 4733">
     <span class='ocr_line' id='line_1_97' title="bbox 1955 4666 2388 4733; baseline -0.005 -12"><span class='ocrx_word' id='word_1_770' title='bbox 1955 4666 1999 4701; x_wconf 72' lang='grc'>³⁷</span> <span class='ocrx_word' id='word_1_771' title='bbox 2032 4666 2142 4721; x_wconf 88' lang='lat' dir='ltr'>Isa.</span> <span class='ocrx_word' id='word_1_772' title='bbox 2179 4682 2270 4733; x_wconf 76' lang='lat' dir='ltr'>XL,</span> <span class='ocrx_word' id='word_1_773' title='bbox 2303 4666 2388 4720; x_wconf 89' lang='grc'>13.</span> 
     </span>
    </p>
   </div>
   <div class='ocr_carea' id='block_1_96' title="bbox 2502 4662 2939 4731">
    <p class='ocr_par' dir='ltr' id='par_1_96' title="bbox 2502 4662 2939 4731">
     <span class='ocr_line' id='line_1_98' title="bbox 2502 4662 2939 4731; baseline -0.005 -14"><span class='ocrx_word' id='word_1_774' title='bbox 2502 4663 2545 4698; x_wconf 85' lang='grc'>²⁸</span> <span class='ocrx_word' id='word_1_775' title='bbox 2577 4663 2687 4719; x_wconf 89' lang='lat' dir='ltr'>Isa.</span> <span class='ocrx_word' id='word_1_776' title='bbox 2720 4678 2819 4731; x_wconf 86' lang='lat' dir='ltr'>v11,</span> <span class='ocrx_word' id='word_1_777' title='bbox 2852 4662 2939 4715; x_wconf 83' lang='grc'>14.</span> 
     </span>
    </p>
   </div>
   <div class='ocr_carea' id='block_1_97' title="bbox 534 4946 3361 5013">
    <p class='ocr_par' dir='ltr' id='par_1_97' title="bbox 534 4946 3361 5013">
     <span class='ocr_line' id='line_1_99' title="bbox 534 4946 3361 5013; baseline 0.001 -9"><span class='ocrx_word' id='word_1_778' title='bbox 534 4946 615 5005; x_wconf 89' lang='grc' dir='ltr'>ΙΝ</span> <span class='ocrx_word' id='word_1_779' title='bbox 660 4946 1095 5007; x_wconf 77' lang='lat' dir='ltr'>SERMONEM</span> <span class='ocrx_word' id='word_1_780' title='bbox 1140 4948 1242 5008; x_wconf 83' lang='lat' dir='ltr'>DE</span> <span class='ocrx_word' id='word_1_781' title='bbox 1288 4951 1935 5013; x_wconf 78' lang='lat' dir='ltr'>ANNUNTIATIONE</span> <span class='ocrx_word' id='word_1_782' title='bbox 1982 4952 2513 5013; x_wconf 55' lang='lat' dir='ltr'>SANGTISSIMIE</span> <span class='ocrx_word' id='word_1_783' title='bbox 2556 4951 2925 5010; x_wconf 63' lang='lat' dir='ltr'>DEIPARIE</span> <span class='ocrx_word' id='word_1_784' title='bbox 2968 4949 3361 5010; x_wconf 84' lang='lat' dir='ltr'>MONITUM.</span> 
     </span>
    </p>
   </div>
   <div class='ocr_carea' id='block_1_98' title="bbox 313 5080 3661 5158">
    <p class='ocr_par' dir='ltr' id='par_1_98' title="bbox 313 5080 3661 5158">
     <span class='ocr_line' id='line_1_100' title="bbox 313 5080 3661 5158; baseline 0.002 -23"><span class='ocrx_word' id='word_1_785' title='bbox 313 5080 582 5150; x_wconf 84' lang='lat' dir='ltr'>Spurium</span> <span class='ocrx_word' id='word_1_786' title='bbox 633 5096 747 5137; x_wconf 83' lang='lat' dir='ltr'>esse</span> <span class='ocrx_word' id='word_1_787' title='bbox 792 5080 939 5136; x_wconf 85' lang='lat' dir='ltr'>hunc</span> <span class='ocrx_word' id='word_1_788' title='bbox 980 5098 1283 5139; x_wconf 74' lang='lat' dir='ltr'>sermonem</span> <span class='ocrx_word' id='word_1_789' title='bbox 1329 5099 1491 5141; x_wconf 80' lang='lat' dir='ltr'>nemo</span> <span class='ocrx_word' id='word_1_790' title='bbox 1528 5087 1651 5157; x_wconf 86' lang='lat' dir='ltr'>jam</span> <span class='ocrx_word' id='word_1_791' title='bbox 1692 5086 1939 5143; x_wconf 80' lang='lat' dir='ltr'>eruditus</span> <span class='ocrx_word' id='word_1_792' title='bbox 1966 5104 2079 5143; x_wconf 86' lang='lat' dir='ltr'>non</span> <span class='ocrx_word' id='word_1_793' title='bbox 2098 5088 2341 5158; x_wconf 78' lang='lat' dir='ltr'>judicat,</span> <span class='ocrx_word' id='word_1_794' title='bbox 2381 5102 2506 5142; x_wconf 84' lang='lat' dir='ltr'>cum</span> <span class='ocrx_word' id='word_1_795' title='bbox 2533 5086 2647 5142; x_wconf 85' lang='lat' dir='ltr'>sole</span> <span class='ocrx_word' id='word_1_796' title='bbox 2672 5086 2888 5140; x_wconf 88' lang='lat' dir='ltr'>clarior</span> <span class='ocrx_word' id='word_1_797' title='bbox 2915 5100 3022 5140; x_wconf 76' lang='lat' dir='ltr'>sese</span> <span class='ocrx_word' id='word_1_798' title='bbox 3046 5084 3241 5156; x_wconf 79' lang='lat' dir='ltr'>prodat</span> <span class='ocrx_word' id='word_1_799' title='bbox 3271 5084 3403 5157; x_wconf 85' lang='lat' dir='ltr'>styli</span> <span class='ocrx_word' id='word_1_800' title='bbox 3433 5084 3661 5155; x_wconf 83' lang='lat' dir='ltr'>hujusce</span> 
     </span>
    </p>
   </div>
   <div class='ocr_carea' id='block_1_99' title="bbox 242 5170 3657 5246">
    <p class='ocr_par' dir='ltr' id='par_1_99' title="bbox 242 5170 3657 5246">
     <span class='ocr_line' id='line_1_101' title="bbox 242 5170 3657 5246; baseline 0.002 -24"><span class='ocrx_word' id='word_1_801' title='bbox 242 5170 310 5223; x_wconf 86' lang='lat' dir='ltr'>ab</span> <span class='ocrx_word' id='word_1_802' title='bbox 356 5170 736 5225; x_wconf 81' lang='lat' dir='ltr'>Athanasiano</span> <span class='ocrx_word' id='word_1_803' title='bbox 783 5170 1181 5241; x_wconf 78' lang='lat' dir='ltr'>discrepantia.</span> <span class='ocrx_word' id='word_1_804' title='bbox 1232 5174 1530 5228; x_wconf 83' lang='lat' dir='ltr'>Athanasii</span> <span class='ocrx_word' id='word_1_805' title='bbox 1573 5176 1724 5229; x_wconf 80' lang='lat' dir='ltr'>enim</span> <span class='ocrx_word' id='word_1_806' title='bbox 1771 5178 1947 5232; x_wconf 82' lang='lat' dir='ltr'>oratio</span> <span class='ocrx_word' id='word_1_807' title='bbox 1994 5177 2172 5231; x_wconf 82' lang='lat' dir='ltr'>nitida</span> <span class='ocrx_word' id='word_1_808' title='bbox 2217 5191 2464 5246; x_wconf 86' lang='lat' dir='ltr'>puraque</span> <span class='ocrx_word' id='word_1_809' title='bbox 2508 5178 2585 5229; x_wconf 87' lang='lat' dir='ltr'>est</span> <span class='ocrx_word' id='word_1_810' title='bbox 2632 5192 2651 5228; x_wconf 89' lang='lat'><strong><em>:</em></strong></span> <span class='ocrx_word' id='word_1_811' title='bbox 2698 5182 2891 5227; x_wconf 80' lang='lat' dir='ltr'>contra</span> <span class='ocrx_word' id='word_1_812' title='bbox 2935 5189 3059 5228; x_wconf 85' lang='lat' dir='ltr'>vero</span> <span class='ocrx_word' id='word_1_813' title='bbox 3108 5174 3331 5239; x_wconf 73' lang='lat' dir='ltr'>huiusce</span> <span class='ocrx_word' id='word_1_814' title='bbox 3372 5176 3657 5244; x_wconf 83' lang='lat' dir='ltr'>scriptoris</span> 
     </span>
    </p>
   </div>
   <div class='ocr_carea' id='block_1_100' title="bbox 246 5258 3659 5334">
    <p class='ocr_par' dir='ltr' id='par_1_100' title="bbox 246 5258 3659 5334">
     <span class='ocr_line' id='line_1_102' title="bbox 246 5258 3659 5334; baseline 0.002 -24"><span class='ocrx_word' id='word_1_815' title='bbox 246 5258 323 5311; x_wconf 84' lang='lat' dir='ltr'>ita</span> <span class='ocrx_word' id='word_1_816' title='bbox 352 5258 623 5328; x_wconf 76' lang='lat' dir='ltr'>perplexa</span> <span class='ocrx_word' id='word_1_817' title='bbox 653 5262 703 5313; x_wconf 86' lang='lat' dir='ltr'>et</span> <span class='ocrx_word' id='word_1_818' title='bbox 730 5260 984 5325; x_wconf 87' lang='lat' dir='ltr'>obscura,</span> <span class='ocrx_word' id='word_1_819' title='bbox 1010 5264 1069 5313; x_wconf 86' lang='lat' dir='ltr'>ut</span> <span class='ocrx_word' id='word_1_820' title='bbox 1097 5261 1191 5314; x_wconf 75' lang='lat' dir='ltr'>vix</span> <span class='ocrx_word' id='word_1_821' title='bbox 1224 5262 1569 5332; x_wconf 85' lang='lat' dir='ltr'>intelligatur</span> <span class='ocrx_word' id='word_1_822' title='bbox 1601 5279 1612 5318; x_wconf 90' lang='lat'>:</span> <span class='ocrx_word' id='word_1_823' title='bbox 1648 5263 1788 5333; x_wconf 84' lang='lat' dir='ltr'>quod</span> <span class='ocrx_word' id='word_1_824' title='bbox 1817 5274 1914 5333; x_wconf 85' lang='lat' dir='ltr'>est,</span> <span class='ocrx_word' id='word_1_825' title='bbox 1956 5268 2037 5319; x_wconf 85' lang='lat' dir='ltr'>ait</span> <span class='ocrx_word' id='word_1_826' title='bbox 2068 5267 2273 5320; x_wconf 82' lang='lat' dir='ltr'>Tullius</span> <span class='ocrx_word' id='word_1_827' title='bbox 2305 5265 2511 5334; x_wconf 58' lang='lat'>(30“),</span> <span class='ocrx_word' id='word_1_828' title='bbox 2547 5264 2605 5318; x_wconf 85' lang='lat' dir='ltr'>in</span> <span class='ocrx_word' id='word_1_829' title='bbox 2633 5263 2879 5317; x_wconf 83' lang='lat' dir='ltr'>ora-tione</span> <span class='ocrx_word' id='word_1_830' title='bbox 2912 5264 3105 5317; x_wconf 86' lang='lat' dir='ltr'>vitium</span> <span class='ocrx_word' id='word_1_831' title='bbox 3138 5264 3219 5317; x_wconf 83' lang='lat' dir='ltr'>vel</span> <span class='ocrx_word' id='word_1_832' title='bbox 3248 5263 3659 5317; x_wconf 74' lang='lat' dir='ltr'>maximumAd</span> 
     </span>
    </p>
   </div>
   <div class='ocr_carea' id='block_1_101' title="bbox 243 5344 3659 5423">
    <p class='ocr_par' dir='ltr' id='par_1_101' title="bbox 243 5344 3659 5423">
     <span class='ocr_line' id='line_1_103' title="bbox 243 5344 3659 5423; baseline 0.001 -23"><span class='ocrx_word' id='word_1_833' title='bbox 243 5344 360 5400; x_wconf 70' lang='lat' dir='ltr'>haec</span> <span class='ocrx_word' id='word_1_834' title='bbox 400 5360 564 5416; x_wconf 73' lang='lat' dir='ltr'>nugae</span> <span class='ocrx_word' id='word_1_835' title='bbox 595 5346 683 5399; x_wconf 85' lang='lat' dir='ltr'>hic</span> <span class='ocrx_word' id='word_1_836' title='bbox 710 5350 1025 5417; x_wconf 78' lang='lat' dir='ltr'>comparent</span> <span class='ocrx_word' id='word_1_837' title='bbox 1070 5352 1385 5417; x_wconf 57' lang='lat' dir='ltr'>permultm,</span> <span class='ocrx_word' id='word_1_838' title='bbox 1419 5353 1605 5421; x_wconf 78' lang='lat' dir='ltr'>sagaci</span> <span class='ocrx_word' id='word_1_839' title='bbox 1651 5353 1837 5421; x_wconf 77' lang='lat' dir='ltr'>quovis</span> <span class='ocrx_word' id='word_1_840' title='bbox 1886 5354 2119 5419; x_wconf 84' lang='lat' dir='ltr'>homine,</span> <span class='ocrx_word' id='word_1_841' title='bbox 2152 5371 2218 5409; x_wconf 84' lang='lat' dir='ltr'>ne</span> <span class='ocrx_word' id='word_1_842' title='bbox 2246 5353 2426 5408; x_wconf 67' lang='lat' dir='ltr'>dicam</span> <span class='ocrx_word' id='word_1_843' title='bbox 2456 5352 2760 5407; x_wconf 83' lang='lat' dir='ltr'>Athanasio</span> <span class='ocrx_word' id='word_1_844' title='bbox 2786 5352 3069 5423; x_wconf 52' lang='lat' dir='ltr'>indigam,</span> <span class='ocrx_word' id='word_1_845' title='bbox 3113 5361 3173 5405; x_wconf 84' lang='lat' dir='ltr'>ut</span> <span class='ocrx_word' id='word_1_846' title='bbox 3201 5356 3276 5406; x_wconf 86' lang='lat' dir='ltr'>est</span> <span class='ocrx_word' id='word_1_847' title='bbox 3326 5354 3515 5421; x_wconf 84' lang='lat' dir='ltr'>inepta</span> <span class='ocrx_word' id='word_1_848' title='bbox 3550 5349 3659 5405; x_wconf 85' lang='lat' dir='ltr'>illa</span> 
     </span>
    </p>
   </div>
   <div class='ocr_carea' id='block_1_102' title="bbox 245 5433 1963 5508">
    <p class='ocr_par' dir='ltr' id='par_1_102' title="bbox 245 5433 1963 5508">
     <span class='ocr_line' id='line_1_104' title="bbox 245 5433 1963 5508; baseline 0.006 -21"><span class='ocrx_word' id='word_1_849' title='bbox 245 5434 576 5504; x_wconf 67' lang='lat' dir='ltr'>etymologia</span> <span class='ocrx_word' id='word_1_850' title='bbox 631 5436 777 5489; x_wconf 77' lang='lat' dir='ltr'>vocis</span> <span class='ocrx_word' id='word_1_851' title='bbox 832 5433 1006 5501; x_wconf 81' lang='grc' dir='ltr'>οὐσία,</span> <span class='ocrx_word' id='word_1_852' title='bbox 1059 5436 1132 5489; x_wconf 92' lang='lat' dir='ltr'>ab</span> <span class='ocrx_word' id='word_1_853' title='bbox 1181 5435 1309 5505; x_wconf 78' lang='grc' dir='ltr'>ἷσία,</span> <span class='ocrx_word' id='word_1_854' title='bbox 1366 5443 1417 5493; x_wconf 83' lang='lat' dir='ltr'>et</span> <span class='ocrx_word' id='word_1_855' title='bbox 1460 5442 1574 5495; x_wconf 86' lang='lat' dir='ltr'>alia</span> <span class='ocrx_word' id='word_1_856' title='bbox 1620 5441 1887 5508; x_wconf 79' lang='lat' dir='ltr'>eiusmodi</span> <span class='ocrx_word' id='word_1_857' title='bbox 1944 5460 1963 5497; x_wconf 91' lang='lat'><strong><em>:</em></strong></span> 
     </span>
    </p>
   </div>
   <div class='ocr_carea' id='block_1_103' title="bbox 2024 5440 3653 5514">
    <p class='ocr_par' dir='ltr' id='par_1_103' title="bbox 2024 5440 3653 5514">
     <span class='ocr_line' id='line_1_105' title="bbox 2024 5440 3653 5514; baseline -0.001 -19"><span class='ocrx_word' id='word_1_858' title='bbox 2024 5458 2279 5514; x_wconf 76' lang='lat' dir='ltr'>vocesque</span> <span class='ocrx_word' id='word_1_859' title='bbox 2326 5443 2631 5511; x_wconf 83' lang='lat' dir='ltr'>complures</span> <span class='ocrx_word' id='word_1_860' title='bbox 2665 5440 2966 5495; x_wconf 70' lang='lat' dir='ltr'>Athanasio</span> <span class='ocrx_word' id='word_1_861' title='bbox 3018 5442 3233 5508; x_wconf 70' lang='lat' dir='ltr'>ignota’,</span> <span class='ocrx_word' id='word_1_862' title='bbox 3277 5445 3337 5494; x_wconf 85' lang='lat' dir='ltr'>ut</span> <span class='ocrx_word' id='word_1_863' title='bbox 3364 5445 3489 5494; x_wconf 83' lang='lat' dir='ltr'>sunt</span> <span class='ocrx_word' id='word_1_864' title='bbox 3521 5441 3653 5505; x_wconf 59' lang='lat' dir='ltr'>ille,</span> 
     </span>
    </p>
   </div>
   <div class='ocr_carea' id='block_1_104' title="bbox 247 5516 1924 5601">
    <p class='ocr_par' dir='ltr' id='par_1_104' title="bbox 247 5516 1924 5600">
     <span class='ocr_line' id='line_1_106' title="bbox 247 5516 1924 5600; baseline 0.005 -31"><span class='ocrx_word' id='word_1_865' title='bbox 247 5516 674 5588; x_wconf 73' lang='grc' dir='ltr'>Θεοϋπόστατος,</span> <span class='ocrx_word' id='word_1_866' title='bbox 708 5518 1285 5593; x_wconf 80' lang='grc' dir='ltr'>ἀνθρωποϋπόστατος,</span> <span class='ocrx_word' id='word_1_867' title='bbox 1347 5522 1602 5597; x_wconf 80' lang='grc' dir='ltr'>ἀρχίθεος</span> <span class='ocrx_word' id='word_1_868' title='bbox 1643 5530 1694 5581; x_wconf 78' lang='lat' dir='ltr'>et</span> <span class='ocrx_word' id='word_1_869' title='bbox 1741 5524 1924 5600; x_wconf 66' lang='grc' dir='ltr'>ὑπεράε</span> 
     </span>
    </p>
   </div>
   <div class='ocr_carea' id='block_1_105' title="bbox 2022 5516 3654 5601">
    <p class='ocr_par' dir='ltr' id='par_1_105' title="bbox 2022 5524 3654 5597">
     <span class='ocr_line' id='line_1_107' title="bbox 2022 5524 3654 5597; baseline 0 -18"><span class='ocrx_word' id='word_1_870' title='bbox 2022 5547 2092 5593; x_wconf 64' lang='grc' dir='ltr'>υς,</span> <span class='ocrx_word' id='word_1_871' title='bbox 2123 5537 2173 5583; x_wconf 86' lang='lat' dir='ltr'>et</span> <span class='ocrx_word' id='word_1_872' title='bbox 2202 5529 2335 5584; x_wconf 65' lang='lat' dir='ltr'>aliae</span> <span class='ocrx_word' id='word_1_873' title='bbox 2364 5544 2496 5597; x_wconf 68' lang='lat' dir='ltr'>quas</span> <span class='ocrx_word' id='word_1_874' title='bbox 2537 5529 2668 5581; x_wconf 81' lang='lat' dir='ltr'>bene</span> <span class='ocrx_word' id='word_1_875' title='bbox 2695 5526 2918 5591; x_wconf 85' lang='lat' dir='ltr'>multas,</span> <span class='ocrx_word' id='word_1_876' title='bbox 2963 5541 3064 5596; x_wconf 86' lang='lat' dir='ltr'>pro</span> <span class='ocrx_word' id='word_1_877' title='bbox 3096 5526 3356 5580; x_wconf 76' lang='lat' dir='ltr'>brevitate</span> <span class='ocrx_word' id='word_1_878' title='bbox 3384 5524 3654 5596; x_wconf 85' lang='lat' dir='ltr'>opusculi,</span> 
     </span>
    </p>
   </div>
   <div class='ocr_carea' id='block_1_106' title="bbox 248 5606 3655 5687">
    <p class='ocr_par' dir='ltr' id='par_1_106' title="bbox 248 5606 3655 5687">
     <span class='ocr_line' id='line_1_108' title="bbox 248 5606 3655 5687; baseline 0.003 -26"><span class='ocrx_word' id='word_1_879' title='bbox 248 5606 352 5663; x_wconf 82' lang='lat' dir='ltr'>huc</span> <span class='ocrx_word' id='word_1_880' title='bbox 392 5610 626 5664; x_wconf 83' lang='lat' dir='ltr'>contulit</span> <span class='ocrx_word' id='word_1_881' title='bbox 666 5611 902 5681; x_wconf 80' lang='lat' dir='ltr'>scriptor</span> <span class='ocrx_word' id='word_1_882' title='bbox 948 5611 1050 5667; x_wconf 83' lang='lat' dir='ltr'>iste</span> <span class='ocrx_word' id='word_1_883' title='bbox 1068 5628 1087 5672; x_wconf 85' lang='lat'><strong><em>;</em></strong></span> <span class='ocrx_word' id='word_1_884' title='bbox 1138 5620 1198 5667; x_wconf 83' lang='lat' dir='ltr'>ut</span> <span class='ocrx_word' id='word_1_885' title='bbox 1246 5614 1568 5684; x_wconf 79' lang='lat' dir='ltr'>inferiorem</span> <span class='ocrx_word' id='word_1_886' title='bbox 1613 5618 1833 5672; x_wconf 77' lang='lat' dir='ltr'>omnino</span> <span class='ocrx_word' id='word_1_887' title='bbox 1876 5616 2223 5674; x_wconf 60' lang='lat' dir='ltr'>Gracitatem</span> <span class='ocrx_word' id='word_1_888' title='bbox 2264 5617 2532 5675; x_wconf 83' lang='lat' dir='ltr'>redoleat.</span> <span class='ocrx_word' id='word_1_889' title='bbox 2565 5618 2629 5671; x_wconf 83' lang='lat' dir='ltr'>Et</span> <span class='ocrx_word' id='word_1_890' title='bbox 2677 5633 2810 5672; x_wconf 83' lang='lat' dir='ltr'>sane</span> <span class='ocrx_word' id='word_1_891' title='bbox 2838 5632 2955 5687; x_wconf 72' lang='lat' dir='ltr'>quae</span> <span class='ocrx_word' id='word_1_892' title='bbox 2985 5615 3049 5671; x_wconf 78' lang='lat' dir='ltr'>de</span> <span class='ocrx_word' id='word_1_893' title='bbox 3080 5616 3293 5672; x_wconf 85' lang='lat' dir='ltr'>Christi</span> <span class='ocrx_word' id='word_1_894' title='bbox 3348 5616 3655 5687; x_wconf 77' lang='lat' dir='ltr'>hypostasi-</span> 
     </span>
    </p>
   </div>
   <div class='ocr_carea' id='block_1_107' title="bbox 323 5756 889 5829">
    <p class='ocr_par' dir='ltr' id='par_1_107' title="bbox 323 5756 889 5829">
     <span class='ocr_line' id='line_1_109' title="bbox 323 5756 889 5829; baseline 0.002 -16"><span class='ocrx_word' id='word_1_895' title='bbox 323 5756 515 5829; x_wconf 72' lang='lat'>(30“‘)</span> <span class='ocrx_word' id='word_1_896' title='bbox 543 5758 622 5815; x_wconf 74' lang='lat' dir='ltr'>Dc</span> <span class='ocrx_word' id='word_1_897' title='bbox 646 5762 889 5819; x_wconf 72' lang='lat' dir='ltr'>oratore.</span> 
     </span>
    </p>
   </div>
  </div>
