4026 6204
244 386 367 447 917

1161 378 1428 444 SERMO
1473 379 1551 441 ΙΝ
1595 378 2309 442 ANNUNTIATIONEM
2359 378 2747 440 DEIPARE.

3538 377 3658 438 9i8

232 518 435 562 tionem.
464 514 571 559 Hoc
597 514 741 571 igitur
769 512 913 559 modo
942 513 1151 557 divinum
1185 512 1529 557 incarnationis
1560 511 1841 569 mysterium
1874 510 2204 569 prmdicantes,
2237 510 2566 555 bmreticorum
2595 508 2925 565 blasphemiae
2954 507 3276 571 repudiamus.
3304 508 3351 551 in
3379 507 3547 571 quibus
3574 507 3644 571 ip-

236 592 327 624 sos
358 569 678 631 relinquentes
699 576 977 620 transimus.
1008 589 1027 617 )
1059 576 1168 619 Hzec
1197 580 1379 619 auctor.
1411 574 1506 619 Sed
1535 587 1771 630 quosnam
1800 574 2047 617 hmreticos
2071 578 2223 629 urget,
2255 586 2428 627 qumso,
2453 572 2545 616 nisi
2575 571 2950 617 Monothelitas?
2981 569 3180 623 Quinam
3223 582 3347 631 vero
3388 569 3472 631 vel
3505 570 3653 613 Atha-

232 641 362 686 nasii
391 629 623 695 tempore.
646 639 892 682 veletiam
926 643 1032 681 ante
1063 638 1249 681 fuerunt
1279 637 1498 687 haeretici,
1529 629 1605 691 qui
1635 637 1694 681 de
1723 648 1816 679 una
1843 637 1889 679 in
1919 635 2113 679 Christo
2142 636 2432 691 operatione,
2462 643 2509 678 et
2549 635 2689 678 unica
2729 634 2969 677 voiuntate
3016 631 3138 676 adeo
3180 630 3402 687 explicita
3421 629 3655 695 disputa-

234 705 348 755 rint,
377 710 427 746 ut
454 692 748 745 incumberet
777 700 1048 744 Athanasio
1079 709 1173 742 tam
1204 706 1376 742 exacta
1403 697 1672 741 deﬁnitione
1692 698 1801 740 illos
1825 709 2029 753 arguere
2049 700 2069 739 ?
2101 698 2270 753 Sicque
2303 697 2439 752 plane
2462 698 2564 753 jam
2599 696 2818 752 liquidum
2871 702 2945 739 est
2983 695 3202 738 convinci
3250 706 3310 737 ex
3358 692 3461 737 suis
3502 692 3654 748 ipsius

233 765 405 811 verbis
430 772 692 815 auctorem,
723 775 781 807 ea
811 762 1070 818 scripsisse
1101 768 1208 817 post
1236 768 1456 804 exortam
1485 760 1898 805 Monothelitarum
1933 760 2165 803 hmresim.

290 828 432 873 Vili.
458 826 779 879 Quamobrem
811 837 872 867 ex
915 815 982 867 eo
1032 815 1147 866 mihi
1178 836 1257 866 rec
1275 822 1449 866 .ntandi
1481 822 1787 878 palimodiam
1816 835 1939 865 onus
1960 821 2198 871 incumbit,
2224 819 2349 874 quod
2378 819 2423 862 in
2453 819 2576 862 notis
2605 818 2663 861 ad
2698 820 2964 862 Romanum
3007 816 3400 872 Martyrologium
3430 815 3650 879 dixerim,

235 878 492 932 homiliam
524 888 655 931 illam
685 885 1016 931 ascribendam
1046 898 1159 929 esse
1182 885 1366 939 Cyrillo
1394 884 1728 928 Alexandrino
1760 884 1917 940 potius
1945 896 2084 939 quam
2117 882 2385 926 Athanasio
2420 897 2428 922 :
2458 893 2565 924 cum
2592 881 2775 923 nonnisi
2800 880 3002 923 auctori.
3030 880 3107 934 qui
3136 880 3307 923 vixerit
3351 885 3457 929 post
3495 878 3652 933 prodi-

238 955 345 994 tam
372 950 788 995 Monothelitarum
820 948 1037 991 haeresim
1067 947 1242 991 ascribi
1266 948 1373 1002 jure
1403 946 1587 997 valeat;
1608 939 1789 989 tantum
1816 947 1953 989 abest
1976 951 2024 987 ut
2051 944 2316 988 concedam
2343 955 2451 986 eam
2480 956 2590 987 esse
2616 942 2886 986 Athanasio
2917 941 3227 984 tribuendam.
3262 940 3356 984 Sed
3486 940 3531 982 in
3577 940 3651 984 his

229 1013 384 1056 rebus
412 1011 570 1056 dubiis
596 1011 879 1064 conjectum
910 1010 971 1053 sit
1002 1009 1152 1057 locus,
1183 1001 1407 1057 dicerem,
1438 1008 1500 1051 ob
1528 1007 1883 1051 similitudinem
1914 1006 2136 1055 nominis,
2167 1018 2277 1050 esse
2307 1005 2554 1049 Anastasii
2604 1005 2759 1059 potius
2814 1016 2959 1058 quam
3017 1002 3271 1046 Athanasii
3324 1001 3651 1057 scriptionem,

226 1073 379 1117 illius.
411 1074 622 1129 inquam.
655 1071 900 1117 Anastasii
924 1071 1138 1128 episc0pi
1168 1071 1262 1114 Ant
1274 1071 1460 1114 iocbeni
1487 1070 1741 1113 sanctitate
1769 1076 1815 1113 et
1843 1068 2108 1115 eruditione
2131 1067 2386 1111 clarissimi
2410 1080 2422 1121 ;
2451 1068 2592 1123 cujus
2620 1065 2796 1129 nobilis
2818 1126 2828 1129 Α
2845 1065 3017 1129 ingenii
3066 1064 3293 1109 nonnulla
3346 1072 3656 1129 monumenta

227 1125 511 1192 supersunt.
542 1135 653 1179 Hmc
680 1134 887 1190 quidem.
918 1125 1014 1189 qua»
1041 1125 1100 1177 de
1130 1131 1395 1177 Athanasio
1426 1132 1552 1176 dicta
1581 1137 1704 1179 sunt,
1739 1130 1862 1175 haud
1896 1130 2140 1174 afﬁrmare
2169 1143 2245 1192 me
2271 1135 2384 1185 puto
2411 1141 2521 1172 cum
2548 1126 3093 1192 Ecclesigdetrimento
3123 1139 3253 1192 :_non
3281 1125 3405 1192 enim
3461 1138 3521 1170 ex
3577 1126 3653 1171 his

220 1187 477 1254 jacturam
508 1197 650 1241 sentit
671 1187 784 1253 quae,
815 1187 1018 1240 cum‘sit
1046 1197 1267 1238 columna
1294 1198 1342 1237 et
1370 1193 1724 1237 ﬁrmamentum
1756 1192 1987 1244 veritatis,
2018 1192 2184 1249 procul
2207 1191 2524 1254 abhorreant
2551 1191 2705 1254 instar
2720 1190 2910 1254 {Esopi
2927 1188 3188 1234 Corniculm
3218 1187 3421 1233 ascititia
3463 1192 3654 1244 quierat,

223 1252 347 1305 cum
378 1260 624 1316 pulchrior
646 1252 737 1304 sua
764 1259 943 1315 fulgeat
971 1258 1181 1314 simplex
1212 1255 1393 1301 veritas
1416 1255 1639 1301 nuditate.
1673 1256 1811 1308 Vale,
1841 1255 2002 1307 freter,
2032 1254 2216 1316 hasque
2243 1253 2407 1316 accipe
2422 1252 2621 1316 litteras
2650 1252 2941 1297 defensionis
2969 1256 3132 1303 testes,
3162 1258 3306 1307 atque
3332 1262 3444 1295 meae
3467 1261 3588 1306 erga
3607 1255 3653 1295 te

220 1313 573 1367 benevolentia:
601 1328 651 1367 et
672 1313 984 1367 observantiae
1014 1313 1224 1365 obsides.
1254 1318 1416 1362 Romae
1448 1317 1648 1363 Kalend.
1681 1316 1992 1369 Novembris,
2022 1327 2147 1360 anno
2176 1315 2364 1361 Domini
2395 1313 2519 1363 1592.

1911 1462 1982 1474 .-

2765 1375 2948 1422 Casum
2970 1377 3247 1422 Baaomos.

1418 1542 1543 1593 ΤΟΥ
1579 1538 1667 1593 EN
1706 1542 1936 1594 ΑΓΙΟΙΣ
1975 1539 2241 1594 ΠΑΤΡΟΣ
2282 1538 2477 1594 ΗΜΩΝ

1588 1659 2317 1756 ΑΘΑΝΑΣΙΟΥ

806 1807 1141 1884 Κηρυκτικὸν
1174 1806 1250 1870 εἷς
1278 1806 1371 1863 τὸν
1421 1803 1808 1884 εὖαγγελισμὸν
1836 1806 1938 1874 τῆς
1970 1803 2259 1880 ὑπεραγίας
2289 1802 2588 1875 Δεσποίνης
2619 1804 2777 1877 ἡμῶν
2812 1801 3099 1859 Θεοτόκου.

1350 1996 1442 2090 s.
1515 1996 1612 2089 P.
1685 1994 1795 2089 N.
1868 1924 2549 2089 XTHANASII

882 2147 1066 2204 Sermo
1091 2147 1150 2203 in
1180 2147 1673 2204 Annuutiationem
1698 2145 2067 2203 sanctissima
2100 2146 2346 2201 Dominae
2366 2152 2569 2203 nostra:
2597 2145 2847 2217 Deiparw
2876 2142 3012 2217 (32).

303 2372 357 2426 1.
391 2368 535 2431 Τοὺς
566 2366 742 2431 θείους
775 2368 1133 2444 ἱεροκήρυκας
1181 2368 1248 2421 οὐ
1290 2368 1425 2440 πρὸς
1469 2369 1568 2436 τήν
1619 2365 1888 2422 ἀσθένειαν
1917 2369 1971 2435 Α

215 2465 334 2528 τῆς
368 2456 681 2532 ἀκροάσεως
714 2453 795 2511 δεῖ
825 2451 1176 2512 ἀποϐλέπειν·
1215 2454 1360 2512 ἀλλὰ
1401 2458 1539 2533 πρὸς
1585 2458 1684 2526 τήν
1735 2455 1896 2510 ἀπαι-

217 2545 516 2619 τουμένην
563 2542 816 2617 δύναμιν,
866 2544 955 2599 καὶ
1007 2545 1278 2614 ὑπόθεσιν,
1329 2544 1418 2600 καὶ
1446 2544 1644 2612 αἰτίαν,
1693 2547 1753 2615 ἣν
1782 2544 1897 2599 ἐπι-

223 2639 608 2711 θεωροῦντας,
685 2637 927 2710 προσῆκε
993 2635 1485 2710 καταστοχάζεσθαι
1555 2638 1653 2688 τοῦ
1721 2633 1898 2706 κηρύ-

218 2745 470 2801 γματος.
516 2724 607 2777 Διὸ
638 2722 727 2777 καὶ
759 2726 848 2775 νῦν
882 2721 970 2776 ἐπὶ
1003 2723 1063 2776 τὸ
1111 2724 1370 2798 κήρυγμα
1395 2726 1494 2778 τοῦ
1526 2724 1670 2777 θείου
1720 2722 1897 2798 Εὐαγ-

214 2812 435 2890 γελίου
492 2818 591 2881 τῆς
639 2810 904 2867 Θεοτόκου
955 2811 1042 2865 καὶ
1092 2812 1318 2887 Μητρὸς
1363 2810 1460 2866 τοῦ
1500 2817 1634 2867 Θεοῦ
1663 2811 1895 2881 ἥκοντας

213 2903 418 2974 ἡμᾶς,
460 2901 551 2954 καὶ
599 2904 758 2954 τοῦτο
814 2898 1117 2970 μέλλοντας
1166 2899 1550 2976 ἀνακηρύττειν
1602 2901 1739 2974 πρὸς
1770 2922 1897 2955 συν-

205 2988 452 3046 έλευσιν
670 2995 768 3057 τῆς
821 2989 1036 3063 ὶορτῆς,
1085 2988 1315 3063 ἀνάγκη,
1362 2991 1483 3053 καθ’
1525 2988 1774 3044 ὑπόθεσιν
1806 2989 1895 3044 καὶ

214 3077 412 3132 αῗτίαν
460 3083 563 3145 τῆς
602 3075 837 3149 ἆσάρκου
886 3076 976 3131 καὶ
1029 3074 1286 3152 ὑπερθέου
1337 3075 1585 3153 Τριάδος,
1631 3079 1728 3146 τὴν
1765 3077 1898 3154 σάρ-

211 3187 406 3222 κωσιν
453 3170 554 3221 τοῦ
604 3165 720 3227 ἑνὸς
767 3172 869 3234 τῆς
922 3164 1070 3241 ἁγίας
1116 3164 1342 3242 Τριάδος
1388 3165 1713 3230 ἀνατιθέναι.
1774 3168 1893 3221 Ἐὰν

213 3256 329 3333 γὰρ
358 3256 445 3328 μή
480 3251 943 3328 προδιαστελῆται
972 3257 1110 3327 (33“’)
1142 3255 1208 3309 τά
1239 3254 1360 3330 περὶ
1392 3253 1644 3327 Τριάδος,
1678 3256 1743 3310 τὰ
1771 3255 1894 3332 περὶ

211 3350 320 3400 τοῦ
358 3342 486 3406 ἐνὸς
524 3344 886 3415 σαρκωθέντος
934 3347 1054 3406 πῶς
1094 3341 1436 3417 ἐξέλθωμεν;
1496 3345 1699 3399 Οὐκοῦν
1752 3342 1894 3415 δέον,

218 3433 442 3490 ἐκεῖθεν
507 3431 936 3508 ἕπαναγαγόντας
991 3433 1081 3488 τὸν
1137 3430 1329 3508 λόγον,
1405 3434 1758 3509 μετέρχεσθαι
1817 3433 1894 3496 εἷς

217 3523 287 3578 τὰ
318 3522 472 3577 κατᾶ
531 3523 627 3591 τὴν
682 3521 968 3593 σάρκωσιν,
1017 3521 1108 3575 καὶ
1154 3521 1327 3584 οὓτως
1357 3521 1423 3577 τὰ
1450 3524 1585 3577 κατὰ
1610 3522 1703 3577 τὸν
1736 3522 1894 3597 εὐαγ-

218 3607 510 3687 γελισμὸν
559 3609 839 3665 ἐπακούειν
895 3612 1029 3684 (34).
1076 3610 1179 3666 Καὶ
1227 3609 1488 3688 πρότερον
1537 3610 1893 3683 ἐπισημαινό-

222 3722 423 3775 μενοι,
476 3699 1060 3772 ὑπαναμιμνήσκομεν,
1124 3698 1206 3754 ὅτι
1267 3700 1364 3774 μία
1413 3704 1521 3755 τῶν
1560 3697 1889 3755 δεσποτικῶν
1924 3735 1971 3800 Β

217 3790 432 3863 πρώτη
489 3807 549 3841 τε
587 3787 675 3842 καὶ
722 3786 1022 3850 πάνσεπτος
1068 3788 1252 3864 ἑορτὴ,
1302 3789 1437 3842 κατά
1485 3789 1584 3857 τήν
1612 3792 1716 3843 τῶν
1749 3808 1887 3864 πρα-

216 3878 465 3955 γμάτων
517 3876 663 3946 τάξιν
710 3876 799 3930 καὶ
844 3876 1081 3947 σύνταξιν
1130 3880 1237 3932 τῶν
1289 3875 1656 3949 ὑποκειμένων
1696 3877 1889 3938 ἐντοῖς

212 3969 366 4024 κατὰ
427 3966 658 4041 Χριστὸν
715 3966 1096 4041 κηρύγμασιν,
1173 3966 1535 4042 ὑπάρχουσα,
1594 3970 1689 4021 τοῦ
1746 3965 1889 4030 θείου

222 4053 645 4131 εὖαγγελισμοῦ
690 4055 869 4123 κλητὴ
902 4053 1031 4129 ἀγία
1060 4056 1260 4131 ἡμέρα,
1294 4056 1417 4127 περὶ
1447 4062 1546 4124 τῆς
1579 4055 1629 4126 ἐξ
1661 4055 1891 4130 οὐρανοῦ

222 4138 591 4204 καταϐάσεως
641 4147 738 4198 τοῦ
782 4144 910 4198 Υὶοῦ
957 4149 1054 4198 τοῦ
1102 4148 1236 4200 Θεοῦ
1283 4143 1660 4213 κατασκευάζει
1698 4144 1761 4198 τὸ
1791 4145 1891 4213 κή-

218 4253 423 4311 ρυγμα
454 4276 466 4289 .
527 4232 629 4285 Καὶ
687 4232 789 4307 γὰρ
837 4230 1165 4287 κατελθόντα
1211 4231 1369 4288 αὐτὸν
1401 4232 1460 4287 ἐκ
1502 4236 1609 4287 τῶν
1651 4232 1889 4308 οὐρανῶν

220 4318 602 4393 πιστεύομεν,
677 4322 854 4381 καθὼς
923 4320 1013 4375 καὶ
1076 4316 1368 4377 ἀνελθόντα
1425 4318 1889 4396 διομολογοῦμεν.

222 4414 365 4467 Δέον
427 4407 631 4481 τοίνυν,
670 4407 1112 4482 ἐπειλημμένους
1168 4414 1266 4464 τοῦ
1322 4409 1466 4464 θείου
1515 4409 1890 4485 κηρύγματος,

222 4499 441 4555 ἐκεῖθεν
501 4494 771 4572 ἄρξασθαι,
833 4497 952 4552 ὅθεν
1007 4499 1095 4552 καὶ
1150 4494 1557 4553 διαστέλλεσθαι
1610 4496 1891 4569 δυνήσεται

220 4588 297 4644 τὰ
328 4584 631 4662 λεγόμενα.

300 4680 365 4733 2.
403 4673 735 4747 Πιστεῦομεν
783 4679 1074 4751 τοιγαροῦν
1124 4674 1200 4739 εἷς
1250 4674 1481 4753 Πατέρα,
1509 4676 1597 4731 καὶ
1628 4675 1773 4749 Υίὸν,
1804 4675 1893 4730 καὶ

224 4764 401 4842 ἃγίον
434 4769 679 4837 Πνεῦμα,
720 4761 922 4840 Τριάδα
948 4764 1313 4835 ὑποστάσεων,
1346 4763 1704 4820 ἀδιάσπαστον
1737 4765 1893 4842 ἐχόν-

223 4876 344 4911 των
398 4854 503 4921 τὴν
560 4848 837 4926 διαίρεσιν,
887 4853 976 4907 καὶ
1018 4854 1118 4921 τήν
1165 4848 1353 4908 ἕνωσιν
1402 4853 1726 4931 ἀσύγχυτον.
1760 4851 1896 4908 Οὐδὲ

223 4944 338 5021 γὰρ
371 4942 513 4996 κατὰ
561 4942 793 5011 τοπικὴν
846 4938 1120 4996 διάστασιν
1165 4944 1261 5010 τήν
1295 4940 1552 5018 διαίρεσιν
1584 4947 1690 4998 τῶν
1725 4942 1893 5019 ἁγίων

222 5036 404 5107 τριῶν
448 5035 757 5107 θεαρχικῶν
801 5030 1143 5086 ὑποστάσειυν
1195 5026 1584 5107 πρεσϐεύομεν,
1618 5029 1742 5087 οίδέ
1770 5053 1896 5108 συγ-

2075 2368 2120 2422 1.
2150 2367 2324 2423 Divos
2345 2383 2647 2423 sacrarum
2670 2383 2864 2423 rerum
2886 2382 3208 2440 praecones,
3232 2384 3348 2425 non
3400 2366 3654 2424 inﬁrmi-

2004 2461 2183 2511 tatem
2218 2457 2549 2512 auditorum
2582 2460 2847 2528 spectare
2877 2461 3143 2528 Oportet;
3180 2457 3281 2512 sed
3310 2456 3652 2529 requisitam

2003 2545 2145 2613 vim,
2177 2548 2589 2618 argumentum
2620 2554 2677 2599 et
2728 2561 3006 2600 causam:
3068 2562 3244 2616 quam
3307 2562 3424 2616 pra:
3470 2545 3655 2601 oculis

2005 2633 2305 2700 habentes,
2339 2634 2409 2688 de
2441 2634 2848 2706 praedicatione
2880 2633 3273 2703 conjecturam
3304 2634 3493 2690 facere
3523 2650 3654 2690 con-

2005 2722 2182 2779 venit.
2218 2725 2403 2789 Quare
2434 2722 2610 2778 etiam
2642 2738 2799 2777 nunc
2831 2723 2900 2777 ad
2948 2721 3417 2794 praedicationem
3466 2723 3652 2778 divini

2006 2812 2297 2884 Evangelii
2330 2812 2401 2868 de
2435 2812 2697 2883 Deipara,
2723 2827 2788 2866 ac
2820 2815 3006 2866 matre
3048 2811 3148 2866 Dei
3198 2827 3304 2866 nos
3352 2811 3653 2866 conferen-

2005 2906 2113 2970 tes,
2147 2899 2545 2956 concionaturi
2573 2901 2646 2955 ad
2677 2904 3028 2955 conventum
3064 2898 3393 2955 festivitatis
3449 2899 3653 2970 hujus,

2007 2988 2403 3046 necessarium
2444 2993 2533 3044 est
2579 2993 2645 3044 ut
2691 2989 2748 3043 in
2801 2992 3150 3060 argumenta
3198 2988 3550 3060 incorporea
3602 2995 3657 3043 et

2004 3078 2385 3134 divinissimae
2406 3075 3208 3142 Trinitatis,incarnationem
3235 3075 3409 3132 unius
3429 3093 3499 3132 ex
3524 3077 3657 3132 Per—

2005 3168 2167 3225 sonis
2197 3168 2462 3238 ejusdem
2492 3166 2796 3222 Trinitatis
2827 3165 2885 3221 in
2919 3165 3179 3222 medium
3231 3182 3650 3237 pr0ponamus.

2004 3257 2124 3313 Nisi
2147 3257 2303 3312 enim
2327 3255 2598 3311 distincte
2625 3256 2696 3310 de
2717 3255 3004 3309 Trinitate
3047 3258 3244 3310 actum
3299 3254 3492 3321 fuerit,
3522 3271 3653 3326 qua)

2006 3347 2077 3401 ad
2103 3362 2281 3402 unam
2306 3360 2612 3415 personam
2636 3345 3001 3399 incarnatam
3023 3344 3339 3414 pertinent,
3365 3344 3657 3416 quomodo

2004 3435 2249 3507 expendi
2300 3432 2617 3506 poterunt?
2664 3432 3049 3496 Quamobrem
3103 3448 3209 3505 par
3256 3436 3347 3488 est
3388 3435 3452 3487 ut
3520 3432 3656 3489 inde

2004 3525 2520 3590 orsi,transeamus
2536 3524 2605 3579 ad
2629 3539 2697 3578 ea
2712 3538 2838 3594 quin
2856 3521 3326 3578 Incarnationem
3361 3525 3657 3593 spectant,

2003 3618 2179 3686 atque
2207 3614 2288 3669 ita
2317 3613 2388 3668 de
2419 3611 2877 3667 Annuntiatione
2908 3615 3335 3682 consequenter
3361 3609 3536 3665 verba
3569 3609 3650 3664 fa-

2003 3702 2248 3758 ciamus.
2279 3706 2360 3756 Ac
2390 3701 2645 3772 primum
2681 3698 2915 3770 quidem
2948 3698 3093 3752 illud
3131 3696 3425 3752 memoriae
3459 3695 3645 3765 subji-

2000 3791 2272 3846 ciendum
2305 3789 2598 3853 duximus,
2634 3803 2810 3842 unam
2844 3802 2912 3842 ex
2942 3785 3260 3842 Dominicis
3319 3782 3645 3840 festivitati-

1998 3879 2129 3945 bus,
2164 3878 2414 3933 maxime
2441 3876 2852 3943 venerandam,
2903 3878 2960 3930 et
3006 3873 3255 3946 primam
3307 3871 3510 3927 ordine
3559 3889 3646 3928 re-

1998 3985 2127 4023 rum
2156 3967 2694 4039 pertractandarum
2716 3964 2775 4018 in
2803 3962 3315 4035 praedicationibus
3335 3977 3465 4029 quae
3485 3960 3648 4016 Chri-

2000 4061 2157 4112 stum
2183 4054 2523 4126 respiciunt,
2549 4069 2675 4125 quae
2700 4051 2907 4106 divinae
2924 4049 3399 4106 Annuntiationis
3446 4052 3649 4105 sancta

2000 4146 2125 4201 dies
2172 4146 2566 4215 nuncupatur,
2626 4142 2975 4197 descensum
3035 4138 3165 4195 Filii
3221 4139 3325 4195 Dei
3380 4154 3449 4194 ex
3505 4138 3648 4194 cmlo

2001 4233 2365 4290 denuntiare.
2400 4231 2515 4287 Nos
2545 4230 2702 4287 enim
2760 4245 2895 4285 eum
2947 4229 3018 4284 de
3076 4226 3218 4284 coelo
3277 4227 3650 4284 descendisse

2001 4323 2319 4388 credimus,
2355 4328 2419 4375 ut
2448 4325 2505 4375 et
2560 4319 2832 4375 eumdem
2892 4318 3228 4374 ascendisse
3283 4317 3643 4373 conﬁtemur.

2000 4415 2237 4484 Oportet
2266 4410 2447 4483 igitur
2476 4424 2584 4464 nos
2623 4407 2821 4464 divina
2868 4406 3278 4479 praedicatione
3320 4405 3644 4474 institutos,

2001 4501 2138 4556 inde
2167 4499 2343 4555 ordiri
2377 4513 2730 4563 sermonem,
2765 4496 2921 4551 unde
2953 4512 3080 4567 quae
3110 4493 3522 4568 pertractanda
3546 4511 3649 4550 no-

2003 4591 2094 4647 bis
2122 4593 2279 4656 sunt,
2313 4587 2493 4660 probe
2523 4583 2806 4659 distingui
2840 4588 3139 4658 poterunt.

2076 4679 2224 4736 335
2258 4679 2312 4731 2.
2338 4675 2643 4732 Credimus
2674 4674 2872 4747 itaque
2895 4673 2956 4729 in
2984 4677 3240 4738 Patrem,
3270 4676 3328 4728 et
3354 4670 3653 4742 Filium,et

2003 4767 2284 4839 Spiritum
2328 4772 2617 4829 sanctum,
2666 4763 3012 4818 Trinitatem
3052 4761 3480 4835 hypostasium,
3523 4777 3651 4833 quas

2005 4855 2444 4913 distinctionem
2467 4852 2619 4908 inter
2641 4868 2702 4908 se
2723 4851 2942 4907 habent
2965 4848 3457 4915 indissolubilem,
3492 4854 3547 4906 et
3568 4849 3653 4904 in-

2004 4944 2309 5002 confusam
2334 4941 2631 4998 unionem.
2666 4943 2790 4995 Non
2814 4939 2969 4995 enim
2992 4939 3316 4996 secundum
3345 4937 3654 4994 intervalla

2007 5035 2290 5097 locorum,
2339 5027 2776 5086 distinctionem
2818 5027 2999 5083 trium
3048 5031 3386 5084 sanctarum
3429 5026 3651 5082 divina—

228 5121 482 5199 χυτικὴν
512 5122 611 5190 τήν
658 5116 875 5175 ἕνωσιν·
930 5118 1055 5175 ἀλλ’
1104 5118 1419 5175 ἀδιάστατον
1461 5122 1560 5190 τὴν
1612 5101 1950 5196 διαίρεσιν,(

2009 5137 2252 5192 rumque
2287 5116 2696 5193 hypostasium
2722 5115 3328 5189 praedicamusmeque
3348 5116 3653 5173 confusam

225 5210 333 5267 καὶ
380 5207 692 5286 ἀσύγχυτον
741 5211 840 5279 τήν
880 5205 1095 5281 ἕνωσιν,
1143 5206 1200 5263 ἓν
1232 5204 1406 5283 ὄνομα
1433 5211 1516 5279 τὸ,
1551 5211 1702 5282 Θεὸς,
1734 5205 1892 5285 ἕχον-

226 5320 302 5355 τα
355 5300 473 5372 (35)
520 5298 655 5352 κατὰ
706 5296 832 5371 μίαν
886 5295 1092 5372 μονάδα
1140 5299 1462 5360 συστάσεως.
1507 5298 1654 5355 Ἐπεὶ
1685 5297 1773 5352 καὶ
1804 5294 1901 5352 ἕνα

336 5423 429 5489 32)
462 5422 696 5479 Titulus
726 5423 786 5479 in
815 5421 992 5479 Basil.
1030 5425 1090 5478 et
1128 5422 1279 5479 Felc.
1326 5424 1398 5480 6:
1449 5427 1552 5476 Τοῦ
1596 5421 1745 5476 ὁσίου
1794 5442 1895 5476 πα-

231 5491 374 5570 τρὸς
406 5495 569 5564 ἡμῶν
626 5495 805 5550 Ἀθαν.
857 5494 986 5569 ἀρχ.
1039 5491 1215 5563 Ἀλεξ.
1274 5494 1619 5569 κηρυκτικόν,
1671 5500 1781 5551 etc.
1834 5495 1898 5550 In

235 5564 499 5634 Anolic,
537 5583 712 5622 vero:
768 5569 873 5620 Τοῦ
931 5563 1081 5620 ὁσίου
1110 5585 1236 5621 πατ.
1268 5566 1371 5634 ἡμ.
1407 5568 1520 5624 Ἀθ.
1553 5564 1898 5634 πατριάρχαυ

235 5572 479 5622 Δηοιίς.
537 5583 671 5622 vero
699 5584 712 5621 :
768 5572 873 5620 Τοῦ
931 5572 1081 5620 ὁσίου
1110 5585 1236 5621 πατ.
1268 5572 1371 5639 ἠμ.
1407 5572 1520 5624 Ἀθ.
1553 5572 1831 5642 πατριάρχ

236 5632 772 5713 ’Δλξξανδρείαςᾲείς
811 5636 902 5713 τὸν
935 5634 1388 5713 εὐαγγελισμόνηΔ

321 5708 436 5781 (33)
466 5707 621 5768 Edit.
650 5708 927 5771 Geminei.
960 5707 1105 5781 sola,
1136 5707 1577 5785 πρόσονὲλιυσιν.

2004 5209 2319 5277 unionem;
2354 5207 2453 5262 sed
2487 5205 2922 5262 distinctionem
2957 5204 3083 5262 sine
3117 5203 3239 5260 ulla
3267 5204 3567 5277 distantia,
3599 5210 3657 5260 et

2003 5298 2374 5355 inconfusam
2407 5296 2707 5362 unionem,
2738 5293 2832 5349 cui
2874 5311 3086 5351 nomen
3118 5310 3301 5349 unum
3335 5297 3444 5363 est,
3477 5294 3653 5365 Deus,

2078 5422 2218 5492 (33")
2278 5422 2339 5478 F.
2399 5415 2779 5495 προδιασταΛῇ
2836 5416 2950 5487 καί,
3008 5418 3098 5474 vel
3154 5412 3653 5493 προδιαστὲλληται

2006 5498 2046 5548 Ε
2148 5536 2160 5549 .

2038 5511 2556 5638 AD(1§4)'E1ta‘atOtietv.
2588 5567 2667 5638 De
2698 5561 2855 5638 vocis
2903 5561 3083 5633 hujus
3130 5560 3307 5619 variis
3354 5558 3650 5632 significa—

2006 5634 2272 5694 tionibus
2301 5634 2541 5692 consule
2572 5634 2972 5692 Onomasticon.

2080 5709 2192 5783 (35)
2226 5710 2283 5766 F.
2317 5701 2570 5782 ἔχουσαν.
