2051 3109
7 0 18 30 ξ
47 0 353 30 "."‘;
379 0 383 1 ⁷
407 0 414 1 ί
446 0 456 1 ί

167 176 224 207 921

628 180 761 211 SERMO
781 179 821 210 IN
844 177 1202 209 ANNUNTIATIONEM
1223 178 1418 210 ΠΕῙΡΔΒΛΕ.

1812 180 1873 212 922

164 242 204 273 είς
220 253 245 277 ο,
261 242 307 270 καὶ
332 242 496 280 πλεονασμῷ
521 243 572 272 τοῦ
602 245 769 283 υστοιχείου,
786 244 864 272 οὐσία
878 243 994 281 διερμη-

1051 246 1096 273 est
1106 245 1281 278 substantia,
1298 245 1421 274 diversis
1444 247 1541 274 tamen
1562 245 1800 282 proprietatibus,
1816 245 1873 274 ῐσία

163 287 280 322 νεύεται,
296 288 334 319 ὡς
350 288 417 315 οὗσά
430 299 472 320 τις
487 290 632 324 συστατική
650 289 836 328 ὕπαρξις,τῶν
854 289 883 317 ἐκ
897 288 993 317 πλειό-

166 342 220 358 νων
237 331 281 358 ἐπὶ
299 332 360 368 μίαν
383 332 487 369 μονάδα
512 333 632 371 ἑχόντων
657 334 688 361 τὸ
713 333 857 371 ἄθροισμα.
873 333 922 360 Καὶ
947 332 992 360 οὕ-

164 386 221 407 τως
245 376 282 407 είς
305 376 351 404 τὸν
379 378 438 405 κατ’
466 377 556 406 εῒκόνα
580 380 648 406 Θεοῦ
676 378 823 415 γενόμενον
851 378 992 415 ἄνθρωπον

166 417 369 452 ἀποϐλέποντες
385 422 453 458 (39),
480 421 666 459 χανονίζομεν,
691 422 732 450 ὅτι
757 424 774 457 ἡ
795 422 920 452 σύστασις
940 423 994 449 τῶν

165 464 229 501 περὶ
245 464 327 492 αὐτοῦ
344 464 513 502 ἲδιωμάτων,
529 468 596 494 κατὰ
617 467 666 501 τήν
692 467 774 494 αὐτοῦ
798 466 922 504 ὕπαρξιν,
947 466 993 493 οὖ-

166 508 211 535 σία
226 510 464 547 προσαγορεύεται,
489 511 526 541 ὡς
552 510 618 538 οὖσα
643 511 793 548 περίληψις
807 511 852 538 καὶ
874 512 992 549 περιοχή

164 555 220 580 τῶν
238 551 385 588 πλειόνων,
410 554 497 582 έπὶὲν
521 555 640 594 ἐχόντων
663 556 694 583 τὸ
721 556 822 583 ἓαυτῶν
847 555 992 593 ἄθροισμα.

166 597 216 625 Καὶ
232 598 285 635 γὰρ
300 599 331 626 τὸ
353 599 460 627 κτιστὸν
488 600 553 627 εἶναι
577 601 623 627 τὸν
651 600 803 638 ἄνθρωπον,
830 601 862 628 τὸ
889 601 991 638 νοερὸν,

162 641 197 669 τὸ
212 641 334 680 λογικὸν,
350 643 381 671 τὸ
395 643 531 682 ἔμψυχον,
546 645 578 672 τὸ
594 646 760 681 σωματικὸν,
776 645 807 672 τὸ
832 645 993 680 παθητικὸν,

162 686 195 714 τὸ
212 686 334 724 ῥευστὸν,
349 688 379 715 τὸ
405 689 545 726 χρονικὸν,
571 690 603 716 τὸ
626 689 738 724 θνητὸν,
752 690 784 716 τὸ
808 690 948 727 γεννητὸν,
962 689 993 716 τὸ

163 730 296 770 φθαρτόν,
307 731 338 759 τὸ
352 731 493 769 αὐξητικὸν
499 733 540 768 ,τὸ
550 734 676 771 τρεπτὸν,
687 733 719 761 τὰ
731 733 913 761 ἀλλοιωτικὸν
925 734 993 770 (40),

162 774 195 802 τὸ
211 775 345 813 λυπηρὸν,
357 777 402 804 χαί
418 776 470 816 ὅφα
486 776 557 805 ἄλλα
572 780 684 806 τοιαῦτα
698 778 766 806 κατὰ
789 777 933 815 ἀναλογίαν
948 777 993 804 καὶ

163 818 331 857 ἐκλογισμὸν
360 820 456 856 ἐπίσης
480 821 524 849 ἐπὶ
552 823 598 849 τὸν
627 821 767 859 ἄνθρωπον
797 819 993 858 λαμϐανόμενα

162 864 234 891 κατὰ
248 865 280 892 τὸ
295 864 363 901 ἴσον,
380 865 436 893 ἴσία
460 865 577 904 λέγεται,
592 867 637 894 καὶ
652 868 741 904 τροπῇ
757 867 802 894 καὶ
827 866 993 903 πλεονασμῷ

160 910 216 936 τῶν
234 909 393 947 στοιχείων,
408 909 485 938 οὐσία
499 911 740 949 προσαγορεύεται,
761 911 900 939 κάντεῦθεν
916 910 989 947 πλή-

160 962 246 989 ρωμα
272 956 323 987 τῆς
346 952 554 991 ἀνθρωπότητος
583 955 769 993 ἑρμηνεύεται,
799 956 830 983 τὸ
858 954 988 991 συμπλη-

160 999 226 1035 ροῦν
252 997 337 1032 αὐτῆς
351 998 382 1025 τὸ
409 999 558 1037 ἄθροισμα,
585 999 653 1027 κατᾶ
679 1000 710 1027 τὸ
734 998 879 1036 μοναδικὸν
902 999 986 1034 αὐτῆς

158 1051 245 1077 cum
253 1052 299 1078 μα.

1049 289 1167 324 dicitur,
1184 292 1217 317 ut
1232 292 1260 317 et
1275 289 1334 316 όσία
1349 293 1376 318 et
1393 289 1452 325 μία.
1467 291 1499 318 Et
1514 298 1580 318 cum
1598 289 1652 316 ίσία
1681 291 1873 327 etymologica

1048 334 1174 370 dicatur,
1191 335 1377 362 conversione
1388 336 1435 361 τοῦ
1454 345 1461 361 ι
1476 335 1505 362 in
1522 345 1546 370 ο,
1563 343 1595 363 ac
1608 335 1713 363 deinde
1723 335 1873 365 additione

1048 378 1151 406 littera
1167 389 1191 411 υ,
1209 378 1285 405 οὐσία
1301 379 1437 412 efﬁcitur,
1453 379 1538 415 quasi
1554 380 1602 412 sit,
1627 380 1705 407 velut
1735 383 1873 408 constans

1049 423 1182 458 quaedam
1195 423 1487 458 exsistentia,rerum,
1500 432 1563 459 qua.-
1577 432 1610 451 ex
1622 424 1722 452 multis
1734 424 1762 452 in
1779 425 1874 452 unita-

1048 469 1106 495 tem
1123 467 1299 495 coalescunt.
1316 471 1409 504 Atque
1423 468 1463 495 ita
1473 468 1622 496 hominem
1634 468 1663 495 in
1677 468 1727 496 Dei
1745 469 1874 505 imagine

1049 511 1158 539 factum
1171 514 1348 548 spectantes,
1361 513 1531 540 deﬁnimus:
1546 514 1624 548 quod
1639 513 1750 541 scilicet
1766 514 1873 541 consti-

1048 555 1122 583 tutio
1138 557 1201 591 ejus
1217 557 1440 592 proprietatum,
1456 557 1618 584 secundum
1643 557 1707 592 ejus
1732 558 1873 585 exsisten-

1048 601 1132 633 tiam,
1148 601 1275 629 essentia
1287 601 1565 637 appelletur,utpote
1575 610 1638 637 qua:
1651 602 1690 629 sit
1713 602 1873 637 complexio

1049 648 1077 673 et
1093 645 1312 680 comprehensio
1336 645 1509 679 multorum,
1534 654 1597 681 quae
1622 646 1651 673 in
1678 654 1771 673 unum
1797 647 1873 675 836

1048 688 1226 716 coalescunt.
1243 690 1315 718 Nam
1332 691 1410 725 quod
1427 692 1542 717 creatus
1558 690 1597 718 sit
1611 690 1708 723 homo,
1725 691 1800 725 quod
1830 691 1875 718 in-

1050 733 1197 769 telligens,
1213 734 1290 769 quod
1316 734 1479 768 rationalis,
1505 735 1582 770 quod
1607 735 1767 768 animatus,
1798 736 1873 771 quod

1049 777 1219 813 corporalis,
1237 779 1314 814 quod
1331 779 1471 814 patibilis,
1488 779 1566 815 quod
1582 779 1689 814 ﬂuxus,
1706 780 1782 815 quod
1798 782 1872 807 tem-

1048 822 1168 858 poralis,
1185 823 1262 858 quod
1279 823 1423 857 mortalis,
1452 823 1529 859 quod
1555 824 1682 859 genitus,
1708 824 1786 859 quod
1811 832 1873 851 cor-

1048 867 1208 903 ruptibilis,
1224 868 1301 903 quod
1316 867 1497 903 vegetabilis,
1509 868 1586 904 quod
1597 868 1763 903 mutationi,
1779 869 1875 896 varie-

1046 911 1100 938 tati
1116 912 1144 938 et
1158 910 1284 939 tristitiae
1309 911 1347 939 sit
1375 911 1528 945 obnoxius,
1557 914 1644 947 atque
1673 911 1719 940 his
1744 912 1873 941 similia;

1048 963 1112 991 quae
1123 955 1223 983 habita
1238 956 1351 983 ratione
1367 958 1454 991 atque
1478 956 1675 992 proportione,
1700 956 1730 984 in
1755 956 1873 984 homine

1044 1000 1208 1028 secundum
1220 1000 1426 1036 aequalitatem,
1437 999 1493 1026 ἰσία
1508 1000 1575 1036 [hoc
1586 1002 1631 1028 est
1648 1000 1812 1036 aequalitas]
1829 1001 1873 1028 di-

1044 1046 1172 1078 cuntur;
1199 1045 1426 1080 mutationeque
1440 1053 1473 1072 ac
1498 1045 1668 1080 pleonasmo
1694 1045 1871 1075 litterarum,

157 1085 239 1113 οὐσία
253 1089 373 1115 vocatur
388 1096 394 1115 :
412 1091 500 1125 atque
514 1089 583 1117 hinc
600 1089 749 1125 plenitudo
764 1090 901 1117 humanas
917 1092 1028 1117 natura
1043 1089 1214 1125 explicatur,
1231 1090 1308 1125 quod
1324 1089 1388 1124 ejus
1404 1090 1651 1118 coacervationem
1664 1090 1802 1126 complet,
1823 1099 1869 1118 se~

161 1132 295 1160 cundum
312 1132 430 1160 unicam
444 1134 508 1169 ejus
523 1134 774 1162 constitutionem.

200 1177 228 1204 4.
245 1177 290 1204 'Ev
307 1176 348 1207 οἷς
363 1177 563 1214 σημειούμεθα,
579 1178 620 1206 ὅτι
648 1179 724 1215 οὖρὶν
746 1179 850 1206 τούτων
873 1179 932 1206 καθ’
947 1178 996 1205 αὐ-

160 1220 194 1248 τὸ
212 1220 290 1248 οὐσία
305 1220 413 1259 λέγεται
437 1224 491 1249 τῶν
515 1224 584 1250 κατὰ
601 1223 648 1250 τὸν
674 1222 815 1260 ἄνθρωπον
839 1222 994 1259 ἰδιωμάτων

163 1264 381 1302 ἀθροιζομένων.
397 1265 435 1293 οὗ
452 1267 506 1303 μήν
530 1277 556 1294 τι
581 1267 685 1295 τούτων
711 1267 858 1298 ὑπόστασις
875 1266 995 1304 λέγεται·

165 1308 240 1337 ἀλλὰ
254 1312 354 1340 κοινῶς
369 1310 428 1347 μὶν,
445 1312 502 1338 οἷον
527 1310 672 1343 ἀπολύτως
699 1311 743 1339 ἐπὶ
764 1312 869 1339 πάντων
886 1311 996 1350 συναγό-

166 1364 246 1390 μενα,
273 1354 351 1382 οὐσία
375 1354 480 1393 λέγεται
503 1358 557 1383 τῶν
591 1357 660 1384 κατὰ
681 1357 730 1384 τὸν
754 1355 896 1395 ἄνθρωπον
920 1354 997 1383 ἰδιω-

166 1398 261 1435 μάτων
276 1399 307 1426 τὸ
323 1397 468 1436 ἄθροισμα⁸
487 1398 563 1431 ἰδίως
585 1399 614 1428 δὲ
636 1400 681 1429 καὶ
707 1401 748 1440 ἐφ’
766 1401 823 1432 ἰνὸς
839 1400 995 1431 ὑπόστασις.

162 1443 245 1470 Ὅταν
275 1443 322 1479 μὶν
347 1442 391 1470 οὖν
419 1446 518 1475 κοινῶς
538 1444 582 1472 ἐπὶ
606 1444 720 1472 πολλῶν
749 1448 832 1473 ταῦτα
850 1446 996 1483 θεωρῆται,

165 1486 244 1515 οὐσία
258 1488 497 1526 προσαγορεύεται·
516 1488 579 1517 ὅταν
595 1488 623 1517 δὲ
647 1490 693 1517 καὶ
710 1489 755 1517 ἐπὶ
779 1489 825 1517 ἕνα
844 1489 922 1521 ἰδίως
937 1500 998 1517 συν-

164 1532 280 1570 άγηται,
310 1532 457 1564 ὑπόστασις
485 1533 688 1570 έξονομάζεται.
718 1535 770 1562 Καὶ
798 1534 889 1572 ὥσπερ
916 1533 999 1562 πάλιν

164 1575 204 1607 εἷς
218 1576 266 1604 τὸν
284 1577 342 1604 κατ’
359 1576 449 1605 εἰκόνα
463 1578 507 1605 καὶ
524 1578 656 1614 ὁμοίωσιν
680 1582 752 1607 Θεοῦ
790 1579 935 1617 γενόμενον
951 1579 996 1606 ἄν-

166 1621 278 1658 θρωπον
294 1618 508 1658 ἀποϐλέποντες,
528 1622 585 1659 ἅμα
608 1625 704 1650 τοῦτον
727 1625 789 1650 νοῦν
813 1624 869 1660 (41)
887 1623 931 1650 χαὶ
947 1623 994 1651 λό-

161 1675 210 1703 γον
234 1665 279 1692 καὶ
309 1667 417 1702 πνεῦμα
444 1667 616 1704 καθορῶμεν,
643 1667 687 1695 καὶ
713 1666 789 1695 esse
806 1667 909 1695 τούτων
925 1667 993 1704 πρό-

161 1719 242 1747 τερον
273 1708 336 1738 οὔτε
359 1710 481 1748 ὕστερον,
504 1711 577 1739 ἆΛλὰ
604 1712 672 1739 κατά
693 1712 775 1739 ταύτὸ
800 1712 924 1746 συνέστη,
944 1713 990 1740 καὶ

161 1751 208 1781 ἵνά
226 1754 274 1791 μὶν
297 1754 455 1792 λεγόμενον,
479 1754 576 1793 τριάδα
600 1754 629 1783 Si
644 1756 801 1793 νοούμενον,
823 1756 860 1787 ὡς
875 1757 931 1784 οῖον
947 1757 991 1784 καὶ

162 1799 209 1826 τὸν
235 1800 285 1826 νοῦ
310 1800 357 1835 μὲν
382 1798 539 1838 ἀγέννητον,
565 1801 691 1838 γεννητὸν
718 1800 747 1828 δὲ
768 1802 815 1829 τὸν
836 1801 931 1839 λόγον,
946 1802 991 1829 καὶ

163 1844 261 1870 τοῦτον
290 1844 358 1871 κατὰ
385 1843 479 1882 καιρὸν
511 1843 724 1882 μελανοώμενον⁷
755 1845 800 1873 ιαὶ
824 1845 992 1884 έγγραφόμε-

162 1898 219 1922 νον,
233 1887 279 1915 καὶ
305 1886 553 1925 ἀποστελλόμενον·
570 1889 658 1921 οὕτως
681 1890 725 1917 καὶ
752 1889 796 1917 ἐπὶ
820 1892 869 1917 τοῦ
883 1890 990 1918 πάντων

163 1926 242 1967 Θεοῦ,
258 1933 304 1959 τὸν
318 1932 366 1968 μὶν
382 1934 490 1970 Πατέρα
505 1933 543 1964 ὡς
565 1936 627 1961 νοῦν
651 1934 808 1972 ἀγέννητον,
822 1935 867 1962 τὸν
884 1933 913 1962 δὶ
928 1935 989 1962 Υἰὸν

163 1977 203 2007 ὡς
219 1976 308 2014 Λόγον
325 1977 467 2015 γεννητὸν,
487 1977 532 2006 καὶ
557 1980 653 2006 τοῦτον
676 1978 926 2015 ἀποστελλόμενον,
941 1990 989 2006 κα-

161 2021 196 2048 τὰ
210 2021 305 2059 καιρὸν
322 2020 445 2053 εὐδοκίας
468 2025 518 2050 τοῦ
542 2025 676 2059 πατριιοῦ
699 2023 865 2060 θελήματος,
882 2023 937 2061 οὐχ
951 2024 988 2055 ὡς

162 2065 332 2104 προφορικὸν
346 2066 415 2094 κατᾶ
428 2067 521 2104 καιρὸν
536 2067 581 2095 καὶ
597 2067 697 2105 χρόνον
718 2067 786 2106 πρὸς
809 2068 903 2105 χρείαν
918 2068 989 2096 ἀπο-

162 2112 343 2147 γιννώμενον,
372 2109 436 2138 ἀλλ’
463 2112 500 2142 ὡς
527 2111 726 2149 ὑποπατικόν,
750 2113 796 2140 καὶ
824 2112 989 2150 αὐτόχρημα

161 2156 243 2182 τοῦτο
272 2152 348 2190 ὄντα,
376 2156 465 2187 καθὼς
492 2155 539 2183 καί
565 2157 716 2195 γεγέννοιται
739 2158 807 2195 (42).
829 2157 916 2192 ’Ἀπαξ
937 2158 988 2195 γὰρ

160 2199 301 2237 γεννηθεὶς
333 2198 363 2227 ἐκ
389 2202 439 2227 τοῦ
468 2201 585 2238 ΙΙατρὸς,
617 2201 762 2233 ὑπόστασίς
789 2201 843 2229 lem
865 2222 873 2235 ,
899 2201 988 2230 στάσιν

159 2242 309 2271 ἀδιάλυτον
333 2242 419 2281 ἔχων,
445 2244 487 2283 ὑφ’
509 2245 546 2273 ὢν
573 2245 617 2273 καὶ
643 2246 711 2273 εἶναι
734 2245 846 2285 πέφυκε.
872 2245 911 2275 Τδ
936 2246 987 2284 γὰρ

1087 1180 1112 1206 4.
1124 1179 1156 1207 In
1172 1179 1280 1214 quibus
1295 1181 1469 1207 annotamus
1485 1179 1596 1208 nullam
1612 1188 1712 1208 earum
1742 1182 1871 1217 proprie'

1050 1225 1144 1251 tatum
1156 1231 1220 1259 quas
1231 1223 1260 1250 in
1272 1223 1729 1252 hominecoalescuntsecundum
1738 1234 1769 1253 se
1780 1225 1870 1251 οὐσίαν

1049 1268 1157 1301 vocari,
1169 1276 1222 1295 nec
1234 1268 1395 1303 quidquam
1408 1268 1523 1302 horum,
1542 1268 1704 1299 ὑπόστασιςξ
1732 1270 1782 1298 sed
1808 1279 1873 1297 con-

1046 1313 1174 1348 junctim
1184 1314 1212 1340 et
1222 1313 1359 1340 omnibus
1371 1313 1489 1346 coactis,
1507 1314 1686 1341 coacervatio
1711 1315 1871 1350 proprieta-

1050 1359 1112 1384 tum
1128 1357 1266 1390 hominis,
1283 1356 1369 1392 οὐσία,
1387 1365 1438 1384 seu
1455 1358 1583 1385 essentia
1611 1357 1728 1391 dicitur,
1755 1359 1870 1393 proprie

1049 1409 1116 1428 vero
1133 1403 1221 1437 atque
1233 1401 1261 1428 in
1271 1410 1329 1428 uno
1341 1400 1497 1435 ὑπόστασις,
1510 1410 1560 1429 seu
1578 1402 1779 1430 subsistentia.
1798 1404 1869 1429 Cum

1050 1446 1150 1481 itaque
1158 1448 1186 1473 et
1196 1454 1353 1473 commune
1367 1446 1401 1473 de
1410 1446 1511 1473 multis
1523 1446 1583 1474 hac
1592 1447 1766 1483 cogitanlur,
1792 1445 1869 1473 οὐσία

1051 1498 1101 1518 seu
1117 1491 1243 1518 essentia
1259 1492 1465 1526 nuncupatur;
1481 1498 1548 1518 cum
1565 1493 1661 1518 autem
1679 1491 1714 1518 de
1730 1499 1787 1519 uno
1804 1500 1870 1526 pro-

1050 1535 1113 1570 prie
1128 1534 1316 1571 colliguntur,
1328 1533 1483 1569 ὑπόστασις,
1501 1543 1552 1562 seu
1568 1535 1759 1563 subsistentia
1782 1535 1872 1563 nomi-

1051 1582 1148 1606 natur.
1164 1580 1198 1606 Et
1213 1579 1289 1607 sicut
1305 1579 1421 1610 iterum,
1438 1580 1555 1615 quando
1570 1579 1717 1607 hominem
1741 1580 1775 1607 ad
1802 1580 1873 1607 imu-

1050 1623 1148 1658 ginem
1164 1626 1192 1650 et
1207 1623 1431 1651 similitudinem
1448 1623 1499 1651 Dei
1523 1624 1633 1651 factum
1663 1623 1872 1660 conspicimus,

1048 1675 1105 1695 una
1119 1670 1259 1702 mentem,
1270 1669 1391 1697 verbum
1408 1670 1435 1696 et
1451 1669 1587 1704 spiritum
1610 1669 1870 1705 apprehendimus,

1048 1719 1100 1740 nec
1115 1712 1220 1739 horum
1236 1712 1398 1748 quidquam
1413 1712 1457 1740 vel
1474 1713 1556 1748 prius
1571 1713 1614 1740 vel
1637 1714 1793 1749 posterius,
1820 1715 1870 1741 sed

1047 1757 1155 1792 pariter
1169 1756 1346 1789 consistunt,
1363 1760 1451 1793 atque
1466 1765 1558 1785 unum
1574 1757 1692 1793 quidem
1718 1758 1867 1791 dicuntur,

1047 1801 1096 1829 sed
1114 1801 1274 1829 trinitatem
1286 1809 1350 1829 esse
1363 1802 1579 1838 quodammodo
1591 1803 1770 1838 cogitamus:
1781 1805 1868 1838 atque

1047 1848 1173 1873 mentem
1184 1846 1301 1881 quidem
1315 1846 1612 1882 ingenitam,verbum
1622 1848 1719 1874 autem
1727 1847 1868 1882 genitum,

1046 1889 1203 1925 ipsumque
1219 1897 1271 1925 pro
1285 1891 1342 1917 tem
1349 1898 1416 1924 pore
1431 1892 1595 1917 atramento
1611 1891 1773 1923 exaratum,
1797 1890 1869 1916 scri-

1045 1937 1128 1970 ptum
1138 1942 1171 1961 ac
1180 1934 1304 1961 missum
1314 1946 1321 1967 ;
1331 1934 1370 1961 ita
1381 1942 1495 1969 quoque
1506 1933 1571 1961 etin
1582 1934 1784 1961 universorum
1795 1934 1863 1968 Deo,

1045 1980 1160 2007 Patrem
1186 1977 1270 2013 quasi
1296 1980 1423 2005 mentem
1451 1977 1626 2013 ingenitum,
1653 1977 1756 2005 Filium
1777 1979 1865 2013 quasi

1044 2023 1171 2050 Verbum
1184 2022 1326 2058 genitum,
1339 2022 1497 2058 ipsumque
1515 2021 1651 2055 missum,
1667 2029 1724 2057 quo
1738 2024 1868 2058 tempore

1043 2067 1154 2104 placuit
1163 2068 1289 2103 paternus
1300 2066 1457 2100 voluntati;
1471 2074 1528 2093 non
1538 2066 1623 2102 quasi
1643 2066 1801 2102 prolatum,
1812 2067 1868 2094 ali-

1044 2119 1102 2147 quo
1117 2112 1249 2146 tempore
1264 2112 1293 2137 et
1309 2112 1468 2143 momento,
1484 2110 1520 2137 ad
1536 2110 1695 2145 quemdam
1712 2118 1799 2138 usum
1815 2118 1867 2146 ge-

1043 2155 1137 2182 nitum
1151 2154 1200 2187 sit,
1212 2154 1261 2181 sed
1273 2154 1358 2189 quasi
1371 2153 1548 2188 subsistens,
1561 2162 1593 2181 ac
1607 2162 1658 2190 per
1668 2162 1699 2181 se
1725 2154 1863 2187 existens,

1042 2199 1291 2234 quemadmodum
1307 2201 1335 2226 et
1350 2200 1452 2226 natum
1467 2201 1520 2226 est.
1537 2198 1631 2226 Semel
1646 2206 1775 2234 namque
1786 2199 1867 2234 geni-

1043 2245 1090 2271 tus
1100 2251 1134 2271 ex
1149 2243 1232 2271 Patre
1258 2243 1423 2279 hypostasis
1443 2245 1499 2277 est,
1523 2242 1729 2270 indissolutam
1757 2242 1868 2270 habens

159 2286 309 2319 ὑπόστασις
323 2289 380 2315 κατ’
394 2287 574 2327 έτυμολογίαν
591 2288 795 2327 διερμηνεύεται
816 2290 986 2322 ὑπό-στασις.

1047 2288 1255 2321 sxsistentiam,
1273 2288 1327 2315 sub
1344 2287 1380 2315 iis
1395 2296 1459 2323 quae
1473 2295 1538 2315 esse
1552 2287 1647 2323 ipsius
1671 2287 1865 2315 constituunt.

159 2332 211 2361 Καὶ
224 2332 275 2370 γὰρ
291 2332 329 2364 ὡς
342 2335 402 2364 νοῦς
419 2333 434 2360 ὁ
450 2334 556 2371 Πατὴρ,
576 2335 635 2362 κατ’
658 2334 745 2362 αἰτίαν
770 2337 818 2362 τοῦ
843 2334 986 2373 γεννητοῦ,

159 2376 201 2408 ὡς
215 2377 344 2414 γεννητὸν
359 2377 480 2407 τὸνμΥὶὸν
496 2377 538 2405 ἐπ’
560 2378 640 2406 αὐτὸν
665 2378 734 2417 ἔχει.
750 2380 797 2407 Διὸ
816 2379 861 2407 καὶ
877 2380 891 2407 ὁ
907 2379 985 2418 εὐαγ-

158 2419 290 2459 γελιστὴς
318 2421 375 2449 ἀντὶ
397 2420 448 2449 τοῦ
464 2434 478 2448 ι(
505 2422 556 2451 ὑπὸ
573 2435 587 2449 ››
601 2423 633 2451 τὸ
648 2435 662 2449 ‹‹
687 2424 755 2461 πρὸς
780 2436 795 2450 υ
820 2424 985 2464 ἀναγέγραφε

159 2464 262 2502 λέγων·
278 2477 292 2491 «
311 2466 353 2493 Ἐν
371 2465 445 2504 ἀρχῇ
468 2466 502 2502 ἦν
518 2467 533 2495 ὁ
548 2466 645 2505 Λόγος.
661 2468 706 2495 καὶ
732 2468 746 2495 6
762 2467 848 2506 Λόγος
864 2469 896 2503 ἧν
915 2469 984 2506 πρὸς

157 2509 206 2537 τὸν
230 2509 305 2546 Θεὸν,
330 2510 375 2538 καὶ
399 2510 464 2542 Θεὸς
488 2512 521 2545 ἦν
547 2512 561 2539 ὁ
587 2511 688 2550 Λόγος,
704 2523 719 2538 ι)
740 2512 842 2540 οὐκοῦν
859 2512 985 2541 ἰσοδύνα-

161 2553 213 2592 μόν
243 2554 318 2591 ἐστι,
347 2555 392 2582 καὶ
415 2556 474 2583 καθ’
501 2554 529 2583 ’ὲν
556 2557 756 2594 σημαινόμενον
787 2557 983 2596 έπαναστρέφον

156 2599 201 2635 16,
219 2598 282 2634 ὑπὸ,
299 2599 344 2626 καὶ
358 2599 439 2637 πρὸς,
453 2600 521 2628 κατὰ
542 2600 668 2638 πρόθεσιν
687 2604 735 2629 τοῦ
749 2601 881 2638 ὀνόματος
895 2613 985 2640 προσ-

158 2642 282 2680 κείμενα.

193 2724 215 2742 ³¹
230 2724 316 2753 Joan.
334 2732 354 2758 ι,
370 2724 397 2753 4.

194 2768 252 2805 (39)
269 2768 446 2809 Apgliqanus
460 2769 657 2809 solag,_quem
673 2773 808 2809 sequitur
822 2773 890 2801 edit.
903 2773 984 2809 Pari-

157 2802 263 2871 εἱθᾶῗέ
285 2802 498 2836 ἀποολέποντις.
526 2802 602 2835 Εάἰῖ.
631 2802 745 2837 Comm.
773 2810 802 2837 et
830 2809 891 2844 alii,
920 2807 985 2846 βλέ-

157 2850 195 2868 πο
261 2860 269 2868 .

193 2876 253 2913 (40)
266 2875 392 2913 Anglic»,
408 2874 440 2903 τὸ
455 2873 620 2907 ἀλλοιωτόν.

1043 2333 1116 2361 Nam
1132 2333 1308 2369 hypostasis.
1325 2333 1487 2359 secundum
1504 2331 1721 2369 etymologiam,
1738 2331 1865 2366 explica-

1040 2379 1089 2405 tur
1104 2377 1342 2405 subexsistentia.
1359 2376 1510 2412 Siquidem
1528 2378 1621 2410 Pater,
1639 2378 1740 2411 utpote
1769 2384 1863 2410 mens,

1040 2423 1185 2457 quatenus
1197 2424 1241 2450 est
1250 2421 1340 2458 geniti
1352 2429 1449 2456 causa,
1460 2421 1542 2456 quasi
1554 2421 1685 2456 genitum
1708 2420 1813 2448 Filium
1833 2420 1863 2448 in

1040 2474 1071 2494 se
1082 2466 1178 2494 habet.
1189 2466 1385 2499 Quamobrem
1395 2465 1583 2502 evangelista,
1601 2465 1690 2501 hujus
1704 2465 1783 2493 vocis
1791 2465 1853 2493 loco
1861 2488 1867 2499 ,

1041 2509 1092 2537 ὑπό
1108 2511 1148 2545 [id
1161 2513 1205 2538 est
1216 2521 1231 2535 «
1244 2510 1299 2538 sub
1312 2521 1322 2535 ι
1339 2509 1422 2546 ]πρός
1447 2510 1487 2544 [id
1497 2512 1540 2537 est
1549 2510 1660 2546 «spudl
1669 2521 1682 2534 »ι
1691 2509 1866 2546 conscripsit

1040 2555 1140 2583 dicens
1152 2564 1158 2583 :
1170 2566 1184 2580 «
1198 2556 1227 2582 ln
1247 2554 1391 2591 principio
1399 2554 1606 2587 eratVerbum,
1625 2556 1655 2582 et
1667 2553 1795 2582 Verbum
1806 2558 1869 2582 erat

1039 2600 1116 2636 apud
1128 2600 1232 2634 Deum,
1248 2601 1277 2626 et
1287 2600 1360 2626 Deus
1372 2601 1434 2627 erat
1443 2598 1573 2627 Verbum
1594 2599 1629 2632 δί,
1638 2610 1652 2624 ››
1676 2599 1755 2626 Idem
1769 2599 1867 2635 itaque

1039 2644 1095 2672 sibi
1110 2643 1182 2679 vult,
1198 2646 1227 2671 et
1241 2644 1276 2671 ad
1294 2652 1383 2671 unam
1407 2643 1600 2679 eamdemque
1619 2643 1864 2680 signiﬁcationem

1039 2689 1125 2723 radit,
1141 2687 1203 2722 ὑπό,
1218 2690 1247 2717 et
1260 2687 1339 2725 πρός,
1356 2696 1421 2716 cum
1439 2688 1550 2716 nomini
1562 2688 1721 2716 adduntur.

1070 2768 1130 2811 £41)
1147 2769 1189 2796 Ita
1203 2767 1331 2804 Anglio.,
1348 2770 1434 2796 recte.
1451 2767 1528 2796 Editi
1550 2776 1629 2801 vero,
1655 2766 1711 2803 ἅμα
1739 2768 1787 2793 τοῦ
1815 2766 1861 2792 τὸν

1038 2814 1112 2832 νουν.

1075 2840 1130 2877 (42)
1145 2839 1269 2876 Anglia,
1286 2838 1453 2877 γεγέννηται.
