2051 3109
1431 42 1434 44 η
1449 0 1531 41 δι”-ἰὼ,
1598 0 1654 58 \l
1659 0 1747 54 1!?!
1751 0 1908 61 ly;:";i’?=!
1926 0 2013 60 53:"!
2019 0 2039 39 ξι.

174 195 234 227 925
631 195 764 228 SEBMO
784 196 825 228 IN
847 195 1203 228 ANNUNTIATIONEM
1226 194 1421 226 DEIPARJE.
1816 193 1876 224 926

174 260 206 288 οὗ
229 259 298 288 κατᾶ
325 260 356 288 τὸ
384 260 441 297 ἅμα
465 263 516 296 τῆς
544 260 703 300 σφραγῖδος.
727 261 788 290 Ἐπὶ
805 262 852 298 μὶν
866 261 918 299 γὰρ
947 264 996 296 τῆς

1054 263 1144 291 totum
1157 261 1356 297 imprimimus
1368 259 1616 296 sigillum.Sigillo
1626 260 1790 294 enim,cum
1802 258 1876 287 mul-

174 303 334 344 σφραγῖδος,
351 304 408 341 ἃμα
423 315 453 332 τε
464 305 517 343 πρὸ
532 305 645 333 πολλῶν
660 305 705 333 καὶ
725 305 751 333 ἐν
768 305 886 337 πολλοῖς
901 308 999 343 κηροῖς

174 347 285 377 δύναται
310 349 486 386 ἀναφέρεσθαι
509 350 540 377 τὸ
566 349 723 387 ἐκτύπωμα·
750 350 794 378 ἰπὶ
819 349 848 377 δὲ
861 353 910 385 τῆς
926 350 998 382 θείας

174 395 337 431 σαρκώσεως
363 393 417 431 οὐχ
440 394 507 431 ἅμα,
537 393 609 422 ἀλλὰ
632 395 690 422 κατ’
715 393 825 430 αὔξησιν
849 395 880 422 τὸ
895 393 999 422 τέλειον

174 437 379 476 δογματίζεται.
404 440 490 466 Τοῦτο
518 437 540 465 δ’
563 438 592 466 ἂν
617 438 662 466 καί
678 438 841 467 διανοεῖσθαι
857 438 939 466 πάλιν
956 437 999 465 δύ-

172 493 264 517 νηται,
293 482 331 514 ὡς
355 481 378 509 εἴ
401 493 443 514 τις
468 481 529 521 ἔχοι
556 483 712 518 λεπτότητα
732 485 790 518 νοῦ,
817 484 862 511 καὶ
890 481 999 510 δύναται

173 526 292 555 εἰσδῦναι
320 528 387 554 κατὰ
414 527 511 565 βάθους
534 530 581 555 τοῦ
606 529 726 566 ψυχικοῦ
751 528 930 565 σπειρομένου
945 527 998 554 σώ-

175 582 271 608 ματος.
288 571 332 598 καὶ
349 570 464 599 συνιδεῖν
481 571 624 611 ἀφραστως
648 573 692 599 καὶ
709 572 915 609 ἀιεκλαλήτως,
940 574 998 603 πῶς

173 615 230 643 ἐκεῖ
256 615 440 652 ἐμπίπτοντος
461 618 510 643 τοῦ
534 616 651 654 γονίμου
676 617 841 653 σπέρματος,
856 617 933 655 ευθυς
951 616 997 653 μὲν

175 660 219 688 ἐπί
246 671 274 688 τι
301 660 396 698 μόριον
425 661 576 699 συντρέχει,
605 661 673 689 κατὰ
702 661 798 698 μικρὸν
829 660 858 689 δὲ
881 661 926 689 καὶ
941 661 999 689 κατ’

175 703 295 733 ἇπίδοσιν
312 705 361 739 τήν
377 704 487 740 αὔξησιν
509 704 652 742 λαμϐάνει.
677 705 747 735 Οὐδὲ
759 706 811 744 γὰρ
835 705 898 734 οὐδὲ
918 706 998 734 τοῦτο

174 749 219 777 ἐπὶ
234 751 289 776 τῶν
303 750 362 782 καθ’
386 751 459 786 ἡμᾶς
485 749 619 786 λιπιλεῖται⁷
644 750 717 785 πλὴν
744 750 785 778 ὅτι
809 750 939 789 φαντασίᾳ
963 751 999 781 ὡς

175 793 330 833 ὗπὲμφασις
354 793 456 831 γίνεται
483 793 632 830 ἀλαλήτως
666 795 710 822 καὶ
746 794 896 834 ἀφράστως·
927 794 1000 822 ἀλλὰ

173 841 232 866 κατ’
261 838 370 874 αῧξησιν
398 839 445 875 μὶν
471 838 516 866 οὖν
541 840 559 874 ἡ
583 840 642 871 θεία
664 841 712 867 106
746 839 836 877 Λόγου
864 839 999 878 σάρκωσις

171 882 285 920 γίνεται,
303 882 352 910 οὐκ
366 881 492 918 αὔξοντος
505 885 555 911 106
570 884 643 911 θείου
659 885 845 922 χαρακτῆρος,
866 882 928 911 οὐδὲ
945 884 998 920 μὴν

173 927 363 964 συναύξοντος·
386 926 450 955 ἀλλ’
468 927 636 964 ἐπαυξούσης
663 931 712 963 τῆς
745 928 871 966 ἐμψύχου
900 929 998 967 σαρκὸς

172 972 232 1004 καθ’
248 970 314 999 δλον
340 972 372 999 τὸ
396 971 548 1011 πλήρωμα,
573 973 632 1000 καθ’
652 972 667 1000 8
682 974 824 1011 ἄνθρωπος
839 971 998 1008 ιξιδιάζεται

171 1016 218 1044 καὶ
243 1020 428 1055 κυοφορεῖται.
451 1017 500 1044 Διά
522 1019 603 1045 τοῦτο
627 1017 790 1054 ἐννεαμηνος
805 1028 884 1054 νομῳ
894 1016 998 1056 ἀνθρω-

174 1060 257 1095 πίνης
286 1061 443 1100 κυοφορίας,
472 1062 612 1089 κάντείιθεν
640 1062 837 1093 Θεοῦπόστατος
866 1060 997 1100 δογματι-

174 1108 248 1140 ζεται
271 1106 288 1140 ἡ
314 1108 430 1142 Χριστοῦ
454 1106 599 1143 σάρκωσις,
623 1107 667 1134 καὶ
693 1105 820 1143 οὐδαμῶς
853 1106 997 1144 ἀνθρωπο-

172 1149 337 1181 ὓπόστατος·
361 1149 455 1185 ἐπειδὴ
477 1151 545 1178 κατὰ
571 1151 617 1178 τὸν
645 1152 716 1179 θεῖον
732 1155 892 1189 χαρακτῆρα
906 1151 938 1178 τὸ
954 1151 998 1178 ἀν-

172 1195 311 1232 θρώπινον
336 1196 432 1233 σχῆμα
456 1196 505 1230 τὴν
529 1195 619 1223 στάσιν
644 1196 740 1223 ἑαυτοῦ
763 1194 913 1231 ἀνεδέξατο,
940 1196 999 1223 καθ’

172 1237 271 1267 ἕνωσιν
301 1239 348 1275 μὶν
374 1239 412 1270 ὡς
439 1240 591 1276 πνεύματος
616 1240 684 1277 πρὸς
707 1241 810 1278 ψυχήν.
839 1240 916 1267 οὕτω
945 1240 997 1277 γὰρ

174 1281 226 1311 δύο
249 1281 280 1311 τέ
305 1283 360 1311 ἐστι
381 1284 425 1311 καὶ
450 1283 504 1321 οὐχ
523 1282 550 1311 ἵν
575 1285 589 1311 ὁ
612 1285 739 1322 Χριστὸς,
764 1284 808 1312 καὶ
821 1285 858 1315 εἶς
873 1284 917 1312 καὶ
933 1284 997 1322 οὐχὶ

172 1326 233 1355 δύο⁶
250 1328 296 1355 καὶ
325 1326 374 1355 δύο
400 1328 447 1364 μὶν
471 1328 516 1356 καὶ
541 1328 594 1366 οὐχ
619 1328 646 1356 ἔν
668 1328 723 1356 ἐστι
747 1329 814 1356 κατᾶ
827 1330 874 1360 τὰς
890 1328 938 1356 δύο
951 1329 998 1368 φύ-

172 1382 241 1407 σεις,
257 1371 302 1399 καί
324 1373 362 1403 εἷς
387 1372 433 1400 καὶ
456 1373 521 1411 οὑχὶ
546 1371 594 1400 δύο
613 1373 680 1400 κατὰ
695 1374 743 1408 τήν
761 1373 823 1410 μίαν
840 1373 995 1401 ὑπόστασιν.

171 1417 220 1444 Διὸ
235 1417 281 1444 καὶ
296 1416 344 1444 δύο
361 1417 408 1453 μὲν
423 1416 564 1454 θελήματα
580 1418 707 1456 λέγομεν,
724 1417 768 1445 καὶ
785 1417 848 1455 οὐχὶ
865 1416 910 1445 δύε
933 1417 996 1449 τοὺς

170 1462 315 1498 θάλοντας,
340 1462 384 1489 καὶ
407 1460 455 1489 δύο
476 1462 608 1500 ἐνεργείας
629 1462 673 1490 καὶ
699 1462 764 1500 οὐχὶ
780 1461 827 1489 δύο
841 1462 905 1494 τοὺς
922 1462 997 1499 ἐνερ-

169 1508 296 1544 γοῦντας.
309 1505 389 1534 Ἀλλ’
398 1505 448 1534 ἕνα
464 1506 511 1542 μὲν
527 1506 641 1535 θέλοντα
655 1508 722 1534 κατά
736 1507 785 1542 τὴν
804 1507 866 1543 μίαν
885 1507 998 1534 ὑπόστα-

172 1560 225 1585 σιν,
241 1549 290 1578 δύο
306 1549 335 1578 ὃὶ
350 1549 491 1587 θελήματα
506 1551 550 1578 καὶ
567 1549 615 1579 δύο
636 1550 781 1589 ἐνεργείας,
797 1552 864 1579 κατὰ
879 1551 926 1585 τήν
942 1553 996 1579 τῶν

169 1594 278 1634 φύσεων
295 1594 460 1633 ἶδιολογίαν.

205 1684 233 1713 7.
251 1684 295 1711 Ἐν
310 1684 418 1715 τούτοις
432 1683 477 1711 οὗν
495 1682 719 1720 διακηρύττοντες
734 1684 765 1711 τὸ
787 1686 857 1716 θεῖον
870 1686 920 1718 τῆς
935 1694 998 1722 σαρ-

167 1729 283 1759 κώσιως
307 1727 351 1756 καὶ
381 1727 610 1766 ἐνανθρωπήσεως
646 1729 806 1767 μυστήριον,
837 1726 997 1756 ἀποϐαλλό-

171 1779 243 1810 μιθα
270 1773 320 1804 τὰς
342 1775 396 1800 τῶν
420 1773 562 1811 αἱρετικῶν
589 1771 777 1812 βλασφημίας,
807 1773 864 1800 καθ’
895 1771 925 1804 ἅς
953 1773 998 1800 καὶ

172 1815 386 1857 βιϐυθισμένους
408 1817 506 1848 αὐτοὺς
521 1817 781 1854 καταλιμπάνοντες,
809 1817 999 1855 μετερχόμεθα

170 1862 210 1894 εἷς
234 1863 268 1890 τὰ
292 1862 365 1899 παρᾶ
384 1864 433 1889 τοῦ
458 1861 649 1900 εὐαγγελιποῦ
678 1862 910 1899 καθιστορούμενα
936 1863 998 1901 περὶ

167 1909 217 1935 106
234 1906 431 1945 εὐαγγελισμοῦ
446 1906 647 1941 τῆςθεοτόκου
662 1906 706 1934 καὶ
723 1907 833 1945 Μητρὸς
846 1909 895 1934 τοῦ
919 1906 996 1934 Θεοῦ·

168 1951 216 1979 καὶ
240 1951 278 1982 ὡς
300 1949 358 1988 ἔχει
384 1950 542 1986 συντάξεως,
568 1949 786 1987 διεξοδικώτερον
816 1951 996 1988 ἀκουσόμεθα.

170 1994 367 2031 Σημειούμεθα
391 1992 424 2028 δὴ
449 1993 507 2030 οὖν,
532 1993 573 2021 ὅτι
598 1995 665 2021 κατὰ
686 1994 779 2032 καιρὸν
802 1993 924 2026 εὐδοκίας
949 1997 998 2022 106

166 2041 302 2077 πατρικοῦ
326 2038 391 2074 Θελή
397 2049 481 2075 ματος
507 2037 551 2066 ἐπὶ
577 2038 775 2075 συμπληρώσει
800 2041 852 2066 τῶν
875 2037 998 2076 ἑϐδομή-

165 2093 250 2111 κοντα
265 2081 425 2120 ἑϐδομάδων
441 2083 543 2118 Δανιὴλ
556 2085 605 2110 106
626 2085 781 2123 προφήτου,
799 2084 866 2120 μετᾶ
879 2084 910 2111 τὸ
924 2083 998 2111 οἷκο-

170 2126 327 2165 δομηϐῆναι
353 2126 543 2164 Ἰερουσαλὴμ,
560 2127 586 2154 ἐν
600 2129 640 2164 τῷ
654 2127 812 2166 ἐπιστρέψαι
826 2128 876 2163 τήν
893 2128 999 2166 αἰχμα-

175 2171 280 2200 λωσίαν
309 2170 398 2199 Ἰούδα
427 2172 479 2199 ἀπὸ
507 2169 678 2207 Βαϐυλῶνος,
700 2171 744 2200 διὰ
773 2171 914 2207 Σαλαθιῆλ
953 2171 998 2200 καὶ

170 2217 264 2252 Ἰησοῦ
291 2218 339 2243 106
362 2214 496 2250 Ἰωσεδὲκ,
523 2215 673 2254 ἀρχιερέων
688 2216 750 2244 τότε
765 2217 916 2255 γινομένων
932 2216 1000 2244 κατᾶ

168 2262 221 2296 τήν
250 2260 449 2298 συμπλήρωσιν
474 2262 527 2287 τῶν
549 2260 729 2296 τετρακοσίων
746 2260 904 2296 ἐνενήκοντα
920 2260 997 2295 ἐτῶν,

170 2308 230 2351 κατ’
250 2305 401 2351 ἐφημερίσιν
427 2304 569 2343 ἱεραρχίας
597 2305 690 2351 αυτοῦ,
719 2304 829 2351 εἰσῆλθε
861 2305 997 2351 Ζαχαρίας
1014 2318 1036 2351 D

171 2350 209 2381 εἰς
233 2350 279 2377 τὸν
300 2350 363 2377 ναὸν
387 2351 435 2377 106
463 2351 529 2377 Θεοῦ
550 2350 689 2386 θυμιάσαν
705 2350 749 2378 καὶ
766 2348 844 2389 ὤφθη
861 2350 933 2387 αᾶὶτῷ
949 2349 997 2389 ἅγ-

169 2393 253 2431 γελος
281 2393 381 2432 Κυρίου
405 2393 436 2422 ἐκ
459 2392 551 2430 δεξιῶν
575 2397 624 2422 τοῦ
639 2394 842 2433 Θυσιαστηρίου,
856 2395 901 2422 καί
917 2395 996 2433 εὐαγ-

170 2438 306 2477 γελίζεται
335 2438 409 2474 αὐτῷ
433 2439 495 2476 περὶ
526 2439 650 2467 Ἰωάννου
678 2441 728 2467 τοῦ
756 2438 816 2466 υἱοῦ
836 2439 928 2475 αὐτοῦ,
959 2440 997 2471 ὡς

170 2482 343 2521 συλλήψεται
359 2480 501 2511 Ἐλισάϐετ
515 2484 532 2519 ἡ
552 2484 619 2521 γυνὴ
645 2484 738 2520 αὐτοῦ,
759 2483 804 2511 καὶ
828 2484 929 2520 τέξεται
950 2484 996 2512 τὸν

169 2529 322 2562 Bamin
347 2527 393 2555 καὶ
413 2526 572 2566 πρόδρομον
593 2530 641 2555 106
666 2530 794 2566 Χριστοῦ.
821 2528 870 2556 Καὶ
891 2527 924 2563 δή
948 2532 997 2564 τῆς

169 2572 335 2609 συλλήψεως
358 2572 520 2610 γενομένης,
535 2574 574 2608 τῷ
591 2573 659 2609 μηνὶ
675 2575 714 2608 τῷ
729 2570 799 2609 ἕκτῳ
819 2576 870 2608 τῆς
897 2573 922 2600 ἐν
945 2584 997 2611 γα-

168 2616 229 2654 στρὶ
243 2615 401 2655 κυοφορίας.
419 2613 574 2650 Ἐλισάϐετ,
593 2616 817 2652 ἐξαποστέλλεται
833 2617 847 2644 6
864 2618 998 2656 ἀρχάγγε-

170 2660 220 2692 λος
255 2658 378 2699 Γαὸριὴλ
416 2660 490 2698 παρὰ
520 2662 598 2694 Θεοῦ,
627 2660 665 2692 εἰς
693 2661 813 2699 Ναζαρὶτ
842 2661 924 2690 πόλιν
947 2666 997 2697 τῆς

170 2703 321 2736 Γαλιλαίας
345 2705 413 2742 πρὸς
437 2705 486 2739 τήν
509 2705 644 2742 Παρθένον
660 2706 784 2742 Μαριάμ.
804 2706 853 2735 Καὶ
869 2706 997 2735 εἰσελθὼν

169 2750 241 2789 πρὸς
265 2749 349 2784 αὐτὴν
375 2749 390 2777 ὁ
418 2747 541 2787 ἄγγελος,
580 2750 716 2786 ἠσπάζετο
754 2750 855 2786 ταύτην
885 2750 994 2789 λέγων.

207 2857 232 2876 ιι
244 2856 315 2885 an.
328 2856 350 2893 i,
364 2855 412 2885 ss.

1053 307 1093 334 tis
1107 308 1174 334 ante
1188 306 1379 342 temporibus,
1395 308 1457 333 tum
1483 305 1512 333 in
1539 304 1638 332 multis
1663 304 1737 332 ceris
1753 303 1875 340 exprimi

1054 354 1149 388 potest
1166 352 1260 388 imago
1274 360 1280 378 :
1292 352 1321 378 in
1337 350 1436 378 divina
1451 359 1517 378 vero
1535 350 1746 382 lncarnatione,
1763 357 1820 377 non
1836 350 1875 376 si-

1055 396 1183 427 mu1,sed
1196 396 1322 431 quodam
1337 397 1514 423 incremento
1531 403 1576 422 res
1592 395 1717 430 perfecte
1727 395 1874 421 educetur.

1054 441 1120 473 Quae
1135 449 1182 468 res
1197 441 1286 477 probe
1300 440 1421 475 intelligi
1438 442 1538 475 queat;
1551 439 1574 466 si
1587 440 1652 474 quis
1667 439 1773 466 mentis
1785 438 1877 466 subti-

1053 484 1134 513 litate
1150 485 1299 521 praeditus,
1316 486 1458 521 profunde
1479 485 1571 520 possit
1596 487 1745 519 penetrare
1761 483 1797 510 ad
1813 491 1875 510 cor-

1054 538 1110 565 pus
1125 529 1245 557 animale
1262 538 1355 565 nuper
1368 533 1477 560 satum,
1494 531 1580 564 atque
1597 528 1654 555 illic
1671 536 1730 555 rem
1747 527 1876 555 ineffabi-

1054 573 1111 601 lem
1127 573 1417 610 inexplicabilemque
1428 572 1630 607 contemplari,
1643 572 1788 607 quomodo
1799 571 1875 599 scili-

1054 621 1099 647 cet
1109 618 1259 646 desidente
1270 618 1329 645 illic
1339 618 1457 654 genitali
1470 618 1591 649 semine,
1604 616 1702 644 statim
1715 617 1832 652 quidem
1844 616 1873 643 in

1054 663 1227 699 particulam
1253 663 1408 698 quamdam
1433 662 1583 694 coalescit;
1610 661 1750 697 paulatim
1766 669 1832 688 vero
1847 662 1875 688 et

1054 716 1106 744 per
1120 707 1316 735 accessionem
1332 707 1545 735 incrementum
1561 707 1676 741 accipit.
1688 705 1784 740 Neque
1796 704 1874 732 enim

1054 752 1125 780 illud
1151 752 1249 788 ipsum
1271 752 1348 788 apud
1373 760 1426 779 nos
1442 751 1497 778 dici
1515 753 1622 785 potest;
1646 758 1745 777 verum
1771 749 1875 784 imagi-

1055 797 1152 824 nando
1166 798 1280 824 tantum
1301 796 1409 831 aliquid
1436 795 1601 831 percipitur,
1617 795 1668 823 sed
1691 793 1876 822 inetl'abiliter

1054 844 1143 876 atque
1151 840 1392 868 inenarrabiliter.
1402 841 1499 874 itaque
1511 848 1576 867 cum
1588 839 1686 874 aliquo
1696 839 1875 866 incremento

1055 885 1153 913 divina
1162 885 1247 913 Verbi
1266 885 1427 913 Incarnatio
1443 884 1577 917 efficitur,
1591 893 1647 911 non
1665 884 1741 919 quod
1758 883 1875 911 divinus

1055 930 1205 958 character
1224 931 1366 965 augeatur
1380 928 1422 956 vel
1447 931 1627 960 concrescat;
1654 929 1702 955 sed
1727 930 1875 955 crescente

1054 973 1173 1002 animali
1185 982 1272 1002 carne
1282 973 1442 1001 secundum
1456 981 1572 1000 omnem
1590 972 1874 1008 plenitudinem,qua

1052 1019 1140 1047 homo
1156 1019 1273 1055 propria
1284 1021 1386 1046 natura
1397 1019 1499 1047 crescit
1510 1019 1579 1045 dum
1597 1018 1624 1046 in
1637 1020 1719 1045 utero
1731 1018 1873 1053 gestetur.

1053 1064 1247 1097 Quamobrem
1259 1063 1321 1099 lege
1332 1063 1494 1093 hominum.
1506 1071 1607 1090 novem
1621 1062 1767 1090 mensium
1778 1061 1874 1097 spatio

1052 1110 1193 1144 gestetur,
1204 1110 1291 1143 atque
1306 1108 1409 1135 exinde
1421 1108 1527 1135 Christi
1546 1107 1707 1134 [ncarnatio
1719 1106 1767 1134 Dei
1784 1106 1874 1142 hypo-

1052 1152 1145 1180 stasin
1158 1152 1264 1180 habere
1274 1152 1388 1184 dicitur,
1403 1154 1430 1178 et
1444 1152 1610 1179 nullatenus
1627 1151 1771 1178 hominis:
1785 1159 1875 1187 quan-

1052 1196 1293 1233 doquidemjuxta
1303 1196 1434 1224 divinum
1442 1197 1636 1223 charactcrcm
1644 1196 1774 1223 humana
1781 1195 1875 1223 forma

1052 1241 1253 1270 exsistentiam
1276 1249 1361 1268 suam
1390 1241 1511 1276 accepit,
1542 1242 1704 1268 secundum
1735 1240 1872 1269 unionem

1052 1286 1135 1322 quasi
1147 1285 1269 1321 spiritus
1285 1285 1320 1313 ad
1332 1285 1473 1312 animam.
1486 1286 1524 1312 Ea
1539 1286 1616 1312 enim
1634 1286 1743 1312 ratione
1757 1285 1814 1312 duo
1830 1286 1875 1312 est

1050 1330 1183 1357 Christus
1198 1332 1226 1357 et
1241 1338 1298 1357 non
1315 1338 1459 1362 unum,au
1476 1329 1562 1356 simul
1581 1338 1671 1355 unum
1687 1333 1714 1356 et
1730 1337 1786 1356 non
1804 1329 1872 1356 duo.

1052 1375 1113 1402 Duo
1124 1374 1243 1410 quidem
1255 1376 1300 1401 est
1314 1376 1342 1401 et
1353 1382 1407 1400 non
1425 1382 1515 1400 unum
1531 1373 1691 1400 secundum
1705 1373 1777 1399 duas
1789 1375 1873 1399 natu-

1051 1427 1113 1452 ras;
1131 1427 1222 1446 unum
1239 1426 1304 1445 vero
1319 1420 1348 1445 et
1361 1426 1417 1445 non
1430 1418 1487 1444 duo
1504 1418 1665 1445 secundum
1678 1425 1766 1444 unam
1782 1416 1872 1452 hypo-

1051 1463 1155 1491 stasin.
1167 1462 1362 1494 Quamobrem
1385 1463 1459 1489 duas
1483 1462 1608 1489 dicimus
1625 1462 1798 1494 voluntates,
1815 1468 1873 1487 non

1052 1507 1126 1535 duos
1141 1507 1285 1540 volentes;
1298 1507 1372 1534 duas
1388 1507 1580 1542 operationes,
1594 1515 1648 1534 non
1667 1506 1740 1533 dnos
1755 1513 1875 1541 operan-

1051 1553 1106 1579 tes.
1124 1552 1179 1579 Sed
1197 1560 1288 1579 unum
1310 1551 1397 1587 quidc
1411 1559 1427 1577 n
1445 1551 1587 1578 volentem
1608 1550 1767 1578 secundum
1785 1557 1873 1577 unam

1051 1595 1233 1631 hypostasin,
1251 1596 1325 1623 duas
1348 1598 1443 1622 autem
1461 1595 1622 1623 voluntates
1637 1598 1665 1623 et
1680 1595 1752 1622 duas
1773 1601 1874 1630 opera-

1012 1633 1034 1667 C
1052 1640 1147 1668 tiones
1162 1639 1243 1676 juxta
1258 1643 1429 1667 naturarum
1447 1640 1661 1675 proprietatem.

1087 1685 1114 1712 7.
1127 1684 1177 1712 His
1192 1684 1282 1720 igitur
1292 1684 1422 1711 divinum
1444 1684 1634 1720 praedicantes
1646 1684 1817 1720 mysterium
1830 1684 1876 1711 In-

1053 1729 1241 1761 carnationis,
1262 1729 1419 1765 abjicimus
1450 1729 1651 1756 haereticorum
1678 1727 1877 1764 blasphemiae

1054 1774 1161 1809 quibus
1177 1773 1243 1802 illos
1259 1774 1409 1802 demersos
1435 1773 1645 1809 relinquentes,
1662 1773 1697 1800 ad
1723 1773 1877 1800 historiam

1053 1818 1237 1854 evangelista:
1260 1818 1483 1854 pertransimus,
1497 1827 1555 1852 qua
1578 1820 1676 1845 narrat
1693 1818 1741 1844 ille
1757 1819 1876 1844 Annuu-

1053 1862 1205 1890 tiationem
1221 1862 1349 1898 Deiparae
1363 1866 1391 1889 et
1414 1862 1462 1889 Dei
1482 1862 1592 1894 Matris,
1607 1865 1635 1888 et
1661 1864 1692 1888 ut
1716 1869 1760 1888 res
1775 1860 1877 1887 ordine

1053 1915 1085 1935 se
1102 1907 1189 1934 habet
1212 1907 1384 1943 explicatius
1410 1907 1575 1933 audiamus.
1596 1906 1652 1932 Hoc
1676 1905 1877 1941 signiﬁcamus

1053 1952 1161 1988 igitur:
1179 1959 1235 1987 quo
1258 1954 1389 1986 tempore
1407 1954 1531 1986 paterna:
1548 1949 1687 1976 voluntati
1715 1949 1824 1984 placuit
1848 1948 1878 1975 in

1053 1996 1305 2024 consummatione
1321 1995 1452 2030 septuagi
1459 1998 1507 2021 nta
1524 1994 1739 2022 hebdomadum
1752 1993 1878 2021 Danielis

1053 2041 1201 2077 prophetae
1217 2042 1282 2076 post
1295 2039 1537 2067 instaurationem
1552 2039 1751 2073 Jerosolymas.
1768 2038 1796 2064 in
1814 2037 1879 2064 red-

1052 2086 1095 2113 itu
1111 2085 1192 2112 Judss
1213 2092 1247 2111 ex
1271 2084 1436 2119 captivitate
1463 2083 1645 2119 Babylonica,
1663 2091 1712 2117 per
1736 2081 1878 2109 Salathie-

1053 2129 1110 2158 lem
1127 2131 1155 2157 et
1169 2129 1269 2156 Jesum
1297 2128 1389 2155 {ilium
1415 2128 1537 2155 Josedec
1563 2130 1632 2154 tunc
1657 2127 1832 2158 sacerdotes,
1849 2126 1878 2153 in

1053 2173 1307 2202 consummatione
1321 2173 1397 2200 838
1414 2172 1698 2207 quadringentorum
1720 2170 1879 2206 nonaginta

1053 2226 1213 2251 annorum;
1225 2217 1379 2245 Zacharias
1390 2218 1552 2244 secundum
1564 2216 1654 2243 vicem
1666 2215 1819 2243 sacerdotii
1832 2215 1878 2243 sui

1053 2264 1205 2299 ingressus
1225 2265 1270 2290 est
1292 2262 1322 2289 in
1346 2261 1487 2297 templum
1506 2261 1554 2288 Dei
1579 2261 1613 2288 ad
1642 2261 1791 2288 incensum
1809 2259 1878 2288 οπε-

1053 2308 1187 2340 rendum,
1198 2306 1390 2342 apparuitque
1407 2306 1448 2332 illi
1466 2305 1588 2341 angelus
1599 2305 1712 2333 Domini
1730 2305 1764 2331 ad
1782 2305 1879 2332 dexte-

1054 2361 1116 2380 ram
1133 2351 1245 2384 altaris,
1259 2351 1502 2385 annnntiavitque
1518 2350 1558 2377 illi
1571 2351 1606 2377 de
1616 2350 1727 2377 Joanne
1739 2349 1799 2376 [ilio
1815 2357 1878 2383 suo,

1052 2389 1108 2433 quo
1124 2399 1298 2432 conceptura
1312 2397 1389 2423 esset
1405 2404 1477 2422 uxor
1487 2404 1541 2422 sua
1558 2395 1692 2426 Elisabet,
1705 2397 1732 2421 et
1750 2394 1877 2429 paritura

1052 2441 1215 2477 Baptistam
1231 2443 1260 2468 et
1279 2448 1487 2476 prsacursorem
1503 2439 1620 2466 Christi.
1638 2440 1677 2465 Ac
1692 2438 1880 2473 conceptione

1053 2489 1180 2522 peracta,
1192 2493 1293 2513 mense
1308 2487 1387 2512 sexto
1405 2484 1580 2519 praegnantis
1595 2483 1732 2516 Elisabet,
1752 2482 1880 2509 mittitur

1052 2530 1248 2565 archangelus
1264 2528 1380 2556 Gabriel
1396 2538 1411 2555 a
1428 2529 1484 2555 Deo
1500 2528 1528 2554 in
1546 2528 1646 2554 urbem
1664 2527 1784 2554 Nazaret
1798 2526 1879 2554 Gali-

1053 2574 1110 2602 laate
1126 2574 1161 2602 ad
1177 2573 1319 2609 virginem
1340 2572 1471 2600 Mariam.
1485 2572 1517 2598 Et
1539 2572 1688 2606 ingressus
1704 2569 1827 2606 angelus
1842 2570 1879 2598 ad

1052 2618 1133 2647 illam
1148 2617 1287 2646 salutavit
1300 2625 1374 2649 eam,
1387 2617 1487 2643 dicens
1500 2625 1524 2643 zu
1537 2618 1605 2647 Ave,
1615 2615 1707 2650 gratia
1721 2615 1815 2650 plena,
1827 2614 1880 2642 Do-

1052 2663 1152 2691 minus
1163 2662 1299 2690 tecum“.
1313 2674 1322 2686 ι
1337 2661 1430 2689 Etiam
1449 2661 1494 2688 hic
1506 2660 1767 2687 animadvertimus
1780 2667 1877 2686 vocem

1052 2708 1133 2736 illam
1149 2706 1245 2743 angeli
1262 2706 1425 2734 secundum
1450 2706 1641 2741 prolationem
1667 2704 1789 2740 spiritus
1814 2703 1876 2731 soni

1051 2753 1109 2786 sui,
1124 2751 1368 2788 significationem
1388 2751 1504 2786 habere,
1521 2758 1574 2778 nec
1589 2752 1686 2777 tamen
1701 2749 1796 2785 ipsam
1811 2754 1876 2775 esse
