  <div class='ocr_page' id='page_1' title='image "/cluster/home/n/w/nwhite01/storage/ocr_20150623/28/hvd.32044052794351/469.png"; bbox 0 0 4102 6218; ppageno 0'>
   <div class='ocr_carea' id='block_1_1' title="bbox 360 361 475 421">
    <p class='ocr_par' dir='ltr' id='par_1_1' title="bbox 360 361 475 421">
     <span class='ocr_line' id='line_1_1' title="bbox 360 361 475 421; baseline -0.009 0"><span class='ocrx_word' id='word_1_1' title='bbox 360 361 475 421; x_wconf 78' lang='lat'><strong>921</strong></span> 
     </span>
    </p>
   </div>
   <div class='ocr_carea' id='block_1_2' title="bbox 1528 364 2605 429">
    <p class='ocr_par' dir='ltr' id='par_1_2' title="bbox 1528 364 2605 429">
     <span class='ocr_line' id='line_1_2' title="bbox 1528 364 2605 429; baseline -0.002 -2"><span class='ocrx_word' id='word_1_2' title='bbox 1528 367 1593 427; x_wconf 92' lang='lat' dir='ltr'><strong>S.</strong></span> <span class='ocrx_word' id='word_1_3' title='bbox 1639 366 2164 429; x_wconf 85' lang='lat' dir='ltr'><strong>ATHANASIUS.</strong></span> <span class='ocrx_word' id='word_1_4' title='bbox 2188 397 2267 411; x_wconf 94' lang='lat'><strong><em>—</em></strong></span> <span class='ocrx_word' id='word_1_5' title='bbox 2295 364 2605 426; x_wconf 80' lang='lat' dir='ltr'><strong>SPURIA.</strong></span> 
     </span>
    </p>
   </div>
   <div class='ocr_carea' id='block_1_3' title="bbox 3647 362 3769 423">
    <p class='ocr_par' dir='ltr' id='par_1_3' title="bbox 3647 362 3769 423">
     <span class='ocr_line' id='line_1_3' title="bbox 3647 362 3769 423; baseline 0 -1"><span class='ocrx_word' id='word_1_6' title='bbox 3647 362 3769 423; x_wconf 72' lang='lat'><strong>928</strong></span> 
     </span>
    </p>
   </div>
   <div class='ocr_carea' id='block_1_4' title="bbox 362 491 2014 571">
    <p class='ocr_par' dir='ltr' id='par_1_4' title="bbox 362 494 2005 570">
     <span class='ocr_line' id='line_1_4' title="bbox 362 494 2005 570; baseline 0.002 -20"><span class='ocrx_word' id='word_1_7' title='bbox 362 494 489 550; x_wconf 86' lang='lat' dir='ltr'><strong>Filii</strong></span> <span class='ocrx_word' id='word_1_8' title='bbox 537 495 900 566; x_wconf 85' lang='lat' dir='ltr'><strong>hypostasin,</strong></span> <span class='ocrx_word' id='word_1_9' title='bbox 933 513 1121 568; x_wconf 89' lang='lat' dir='ltr'><strong>neque</strong></span> <span class='ocrx_word' id='word_1_10' title='bbox 1166 498 1352 570; x_wconf 90' lang='lat' dir='ltr'><strong>ipsam</strong></span> <span class='ocrx_word' id='word_1_11' title='bbox 1384 514 1513 554; x_wconf 90' lang='lat' dir='ltr'><strong>esse</strong></span> <span class='ocrx_word' id='word_1_12' title='bbox 1545 515 1671 570; x_wconf 70' lang='lat' dir='ltr'><strong>quae</strong></span> <span class='ocrx_word' id='word_1_13' title='bbox 1720 498 1872 554; x_wconf 82' lang='lat' dir='ltr'><strong>facta</strong></span> <span class='ocrx_word' id='word_1_14' title='bbox 1916 503 2005 554; x_wconf 87' lang='lat' dir='ltr'><strong>est</strong></span> 
     </span>
    </p>
   </div>
   <div class='ocr_carea' id='block_1_5' title="bbox 2126 491 3769 571">
    <p class='ocr_par' dir='ltr' id='par_1_5' title="bbox 2126 491 3769 571">
     <span class='ocr_line' id='line_1_5' title="bbox 2126 491 3769 571; baseline 0 -24"><span class='ocrx_word' id='word_1_15' title='bbox 2126 522 2142 547; x_wconf 88' lang='grc' dir='ltr'>ι</span> <span class='ocrx_word' id='word_1_16' title='bbox 2174 501 2357 571; x_wconf 83' lang='grc' dir='ltr'>Χαῖρε,</span> <span class='ocrx_word' id='word_1_17' title='bbox 2389 494 2826 570; x_wconf 72' lang='grc' dir='ltr'><strong>κεχαριτωμένη,</strong></span> <span class='ocrx_word' id='word_1_18' title='bbox 2879 496 2907 549; x_wconf 87' lang='lat'><strong>6</strong></span> <span class='ocrx_word' id='word_1_19' title='bbox 2940 494 3134 568; x_wconf 79' lang='grc' dir='ltr'>Κύριος</span> <span class='ocrx_word' id='word_1_20' title='bbox 3186 492 3319 567; x_wconf 81' lang='grc' dir='ltr'>μετὰ</span> <span class='ocrx_word' id='word_1_21' title='bbox 3369 496 3487 550; x_wconf 88' lang='grc' dir='ltr'>σοῦ.</span> <span class='ocrx_word' id='word_1_22' title='bbox 3540 515 3570 544; x_wconf 85' lang='lat'><strong>»</strong></span> <span class='ocrx_word' id='word_1_23' title='bbox 3627 491 3769 547; x_wconf 79' lang='grc' dir='ltr'>Κάν-</span> 
     </span>
    </p>
   </div>
   <div class='ocr_carea' id='block_1_6' title="bbox 364 585 2002 658">
    <p class='ocr_par' dir='ltr' id='par_1_6' title="bbox 364 585 2002 658">
     <span class='ocr_line' id='line_1_6' title="bbox 364 585 2002 658; baseline 0.002 -21"><span class='ocrx_word' id='word_1_24' title='bbox 364 599 534 638; x_wconf 77' lang='lat' dir='ltr'><strong>caro:</strong></span> <span class='ocrx_word' id='word_1_25' title='bbox 565 585 665 637; x_wconf 89' lang='lat' dir='ltr'><strong>sed</strong></span> <span class='ocrx_word' id='word_1_26' title='bbox 715 585 784 637; x_wconf 88' lang='lat' dir='ltr'><strong>ad</strong></span> <span class='ocrx_word' id='word_1_27' title='bbox 820 602 946 639; x_wconf 88' lang='lat' dir='ltr'><strong>eam</strong></span> <span class='ocrx_word' id='word_1_28' title='bbox 992 602 1215 655; x_wconf 90' lang='lat' dir='ltr'><strong>vocem,</strong></span> <span class='ocrx_word' id='word_1_29' title='bbox 1240 587 1407 643; x_wconf 81' lang='lat' dir='ltr'><strong>Verbi</strong></span> <span class='ocrx_word' id='word_1_30' title='bbox 1439 591 1495 641; x_wconf 89' lang='lat' dir='ltr'><strong>et</strong></span> <span class='ocrx_word' id='word_1_31' title='bbox 1527 587 1621 642; x_wconf 88' lang='lat' dir='ltr'><strong>Dei</strong></span> <span class='ocrx_word' id='word_1_32' title='bbox 1655 587 2002 658; x_wconf 73' lang='lat' dir='ltr'><strong>proprietas,</strong></span> 
     </span>
    </p>
   </div>
   <div class='ocr_carea' id='block_1_7' title="bbox 367 673 2010 747">
    <p class='ocr_par' dir='ltr' id='par_1_7' title="bbox 367 673 2010 747">
     <span class='ocr_line' id='line_1_7' title="bbox 367 673 2010 747; baseline 0.004 -22"><span class='ocrx_word' id='word_1_33' title='bbox 367 689 492 743; x_wconf 71' lang='lat' dir='ltr'><strong>qua:</strong></span> <span class='ocrx_word' id='word_1_34' title='bbox 528 673 643 727; x_wconf 89' lang='lat' dir='ltr'><strong>alia</strong></span> <span class='ocrx_word' id='word_1_35' title='bbox 674 683 759 727; x_wconf 87' lang='lat' dir='ltr'><strong>est</strong></span> <span class='ocrx_word' id='word_1_36' title='bbox 792 674 1116 729; x_wconf 87' lang='lat' dir='ltr'><strong>secundum</strong></span> <span class='ocrx_word' id='word_1_37' title='bbox 1146 675 1508 747; x_wconf 80' lang='lat' dir='ltr'><strong>bypostasin,</strong></span> <span class='ocrx_word' id='word_1_38' title='bbox 1537 676 1736 731; x_wconf 78' lang='lat' dir='ltr'><strong>statim</strong></span> <span class='ocrx_word' id='word_1_39' title='bbox 1770 679 2010 731; x_wconf 90' lang='lat' dir='ltr'><strong>descen-</strong></span> 
     </span>
    </p>
   </div>
   <div class='ocr_carea' id='block_1_8' title="bbox 365 760 2008 837">
    <p class='ocr_par' dir='ltr' id='par_1_8' title="bbox 365 760 2008 837">
     <span class='ocr_line' id='line_1_8' title="bbox 365 760 2008 837; baseline 0.003 -24"><span class='ocrx_word' id='word_1_40' title='bbox 365 760 450 814; x_wconf 90' lang='lat' dir='ltr'><strong>dit</strong></span> <span class='ocrx_word' id='word_1_41' title='bbox 497 762 554 815; x_wconf 92' lang='lat' dir='ltr'><strong>in</strong></span> <span class='ocrx_word' id='word_1_42' title='bbox 608 768 834 815; x_wconf 78' lang='lat' dir='ltr'><strong>uterum</strong></span> <span class='ocrx_word' id='word_1_43' title='bbox 881 762 1183 833; x_wconf 88' lang='lat' dir='ltr'><strong>Virginis:</strong></span> <span class='ocrx_word' id='word_1_44' title='bbox 1223 764 1755 835; x_wconf 87' lang='lat' dir='ltr'><strong>blasphemantque</strong></span> <span class='ocrx_word' id='word_1_45' title='bbox 1811 765 1849 818; x_wconf 91' lang='lat' dir='ltr'><strong>ii</strong></span> <span class='ocrx_word' id='word_1_46' title='bbox 1908 765 2008 837; x_wconf 90' lang='lat' dir='ltr'><strong>qui</strong></span> 
     </span>
    </p>
   </div>
   <div class='ocr_carea' id='block_1_9' title="bbox 366 851 2009 926">
    <p class='ocr_par' dir='ltr' id='par_1_9' title="bbox 366 851 2009 926">
     <span class='ocr_line' id='line_1_9' title="bbox 366 851 2009 926; baseline 0.004 -24"><span class='ocrx_word' id='word_1_47' title='bbox 366 851 548 919; x_wconf 88' lang='lat' dir='ltr'><strong>aiunt,</strong></span> <span class='ocrx_word' id='word_1_48' title='bbox 584 852 772 921; x_wconf 83' lang='lat' dir='ltr'><strong>ipsam</strong></span> <span class='ocrx_word' id='word_1_49' title='bbox 822 852 1153 921; x_wconf 82' lang='lat' dir='ltr'><strong>archangeli</strong></span> <span class='ocrx_word' id='word_1_50' title='bbox 1187 870 1404 922; x_wconf 90' lang='lat' dir='ltr'><strong>vocem,</strong></span> <span class='ocrx_word' id='word_1_51' title='bbox 1438 853 1615 908; x_wconf 85' lang='lat' dir='ltr'><strong>fuisse</strong></span> <span class='ocrx_word' id='word_1_52' title='bbox 1664 853 2009 926; x_wconf 84' lang='lat' dir='ltr'><strong>bypostasin</strong></span> 
     </span>
    </p>
   </div>
   <div class='ocr_carea' id='block_1_10' title="bbox 360 939 2010 1015">
    <p class='ocr_par' dir='ltr' id='par_1_10' title="bbox 360 939 2010 1015">
     <span class='ocr_line' id='line_1_10' title="bbox 360 939 2010 1015; baseline 0.003 -23"><span class='ocrx_word' id='word_1_53' title='bbox 360 940 453 993; x_wconf 86' lang='lat' dir='ltr'><strong>Dei</strong></span> <span class='ocrx_word' id='word_1_54' title='bbox 482 939 668 993; x_wconf 81' lang='lat' dir='ltr'><strong>Verbi.</strong></span> <span class='ocrx_word' id='word_1_55' title='bbox 698 940 945 1011; x_wconf 88' lang='lat' dir='ltr'><strong>Ideoque</strong></span> <span class='ocrx_word' id='word_1_56' title='bbox 974 940 1346 1011; x_wconf 56' lang='lat' dir='ltr'><strong>blasphemia</strong></span> <span class='ocrx_word' id='word_1_57' title='bbox 1379 943 1809 998; x_wconf 76' lang='lat' dir='ltr'><strong>damnationem</strong></span> <span class='ocrx_word' id='word_1_58' title='bbox 1842 960 2010 1015; x_wconf 86' lang='lat' dir='ltr'><strong>repu-</strong></span> 
     </span>
    </p>
   </div>
   <div class='ocr_carea' id='block_1_11' title="bbox 361 1027 1302 1095">
    <p class='ocr_par' dir='ltr' id='par_1_11' title="bbox 361 1027 1302 1095">
     <span class='ocr_line' id='line_1_11' title="bbox 361 1027 1302 1095; baseline 0.005 -15"><span class='ocrx_word' id='word_1_59' title='bbox 361 1027 611 1095; x_wconf 88' lang='lat' dir='ltr'><strong>diantes,</strong></span> <span class='ocrx_word' id='word_1_60' title='bbox 647 1028 835 1082; x_wconf 90' lang='lat' dir='ltr'><strong>locum</strong></span> <span class='ocrx_word' id='word_1_61' title='bbox 872 1030 1302 1085; x_wconf 87' lang='lat' dir='ltr'><strong>annotavimus.</strong></span> 
     </span>
    </p>
   </div>
   <div class='ocr_carea' id='block_1_12' title="bbox 2114 582 3767 659">
    <p class='ocr_par' dir='ltr' id='par_1_12' title="bbox 2114 582 3767 659">
     <span class='ocr_line' id='line_1_12' title="bbox 2114 582 3767 659; baseline -0.003 -19"><span class='ocrx_word' id='word_1_62' title='bbox 2114 588 2283 640; x_wconf 87' lang='grc' dir='ltr'>ταῦθα</span> <span class='ocrx_word' id='word_1_63' title='bbox 2312 583 2474 639; x_wconf 81' lang='grc' dir='ltr'>πάλιν</span> <span class='ocrx_word' id='word_1_64' title='bbox 2509 588 2839 659; x_wconf 74' lang='grc' dir='ltr'><strong>θεωροῦμεν,</strong></span> <span class='ocrx_word' id='word_1_65' title='bbox 2871 585 2953 638; x_wconf 78' lang='grc' dir='ltr'>’ὁτι</span> <span class='ocrx_word' id='word_1_66' title='bbox 3001 586 3036 652; x_wconf 77' lang='grc' dir='ltr'>ὴ</span> <span class='ocrx_word' id='word_1_67' title='bbox 3098 584 3191 656; x_wconf 74' lang='grc' dir='ltr'>μὶν</span> <span class='ocrx_word' id='word_1_68' title='bbox 3245 583 3398 659; x_wconf 83' lang='grc' dir='ltr'><strong>φωνὴ</strong></span> <span class='ocrx_word' id='word_1_69' title='bbox 3456 586 3553 636; x_wconf 88' lang='grc' dir='ltr'><strong>τοῦ</strong></span> <span class='ocrx_word' id='word_1_70' title='bbox 3606 582 3767 657; x_wconf 74' lang='grc' dir='ltr'>ἀγγέ-</span> 
     </span>
    </p>
   </div>
   <div class='ocr_carea' id='block_1_13' title="bbox 2119 671 3765 751">
    <p class='ocr_par' dir='ltr' id='par_1_13' title="bbox 2119 671 3765 751">
     <span class='ocr_line' id='line_1_13' title="bbox 2119 671 3765 751; baseline -0.003 -21"><span class='ocrx_word' id='word_1_71' title='bbox 2119 673 2241 743; x_wconf 89' lang='grc' dir='ltr'>λου,</span> <span class='ocrx_word' id='word_1_72' title='bbox 2309 675 2443 730; x_wconf 84' lang='grc' dir='ltr'><strong>κατὰ</strong></span> <span class='ocrx_word' id='word_1_73' title='bbox 2502 674 2782 751; x_wconf 73' lang='grc' dir='ltr'><strong>προφορὰν</strong></span> <span class='ocrx_word' id='word_1_74' title='bbox 2842 673 3147 746; x_wconf 81' lang='grc' dir='ltr'>πνεύματος</span> <span class='ocrx_word' id='word_1_75' title='bbox 3206 672 3544 748; x_wconf 75' lang='grc' dir='ltr'>ἀπηχήσεως</span> <span class='ocrx_word' id='word_1_76' title='bbox 3602 671 3765 726; x_wconf 84' lang='grc' dir='ltr'>αὑτοῦ</span> 
     </span>
    </p>
   </div>
   <div class='ocr_carea' id='block_1_14' title="bbox 2119 760 3766 839">
    <p class='ocr_par' dir='ltr' id='par_1_14' title="bbox 2119 760 3766 839">
     <span class='ocr_line' id='line_1_14' title="bbox 2119 760 3766 839; baseline -0.003 -21"><span class='ocrx_word' id='word_1_77' title='bbox 2119 761 2607 839; x_wconf 65' lang='grc' dir='ltr'><strong>διερμηνευομένη,</strong></span> <span class='ocrx_word' id='word_1_78' title='bbox 2638 762 2737 817; x_wconf 83' lang='grc' dir='ltr'><strong>οὐκ</strong></span> <span class='ocrx_word' id='word_1_79' title='bbox 2762 762 2897 830; x_wconf 81' lang='grc' dir='ltr'><strong>αὑτή</strong></span> <span class='ocrx_word' id='word_1_80' title='bbox 2931 760 2988 817; x_wconf 71' lang='grc' dir='ltr'>δὲ</span> <span class='ocrx_word' id='word_1_81' title='bbox 3013 763 3078 831; x_wconf 82' lang='grc' dir='ltr'>ἧν</span> <span class='ocrx_word' id='word_1_82' title='bbox 3121 764 3155 831; x_wconf 74' lang='grc' dir='ltr'>ἡ</span> <span class='ocrx_word' id='word_1_83' title='bbox 3206 766 3301 815; x_wconf 87' lang='grc' dir='ltr'><strong>τοῦ</strong></span> <span class='ocrx_word' id='word_1_84' title='bbox 3352 762 3479 814; x_wconf 74' lang='grc' dir='ltr'>Υἱοῦ</span> <span class='ocrx_word' id='word_1_85' title='bbox 3528 760 3766 814; x_wconf 88' lang='grc' dir='ltr'>ὑπόστα-</span> 
     </span>
    </p>
   </div>
   <div class='ocr_carea' id='block_1_15' title="bbox 2120 849 3761 926">
    <p class='ocr_par' dir='ltr' id='par_1_15' title="bbox 2120 849 3761 926">
     <span class='ocr_line' id='line_1_15' title="bbox 2120 849 3761 926; baseline -0.003 -19"><span class='ocrx_word' id='word_1_86' title='bbox 2120 875 2223 920; x_wconf 87' lang='grc' dir='ltr'>σις,</span> <span class='ocrx_word' id='word_1_87' title='bbox 2285 850 2409 907; x_wconf 77' lang='grc' dir='ltr'>οὑδὲ</span> <span class='ocrx_word' id='word_1_88' title='bbox 2466 852 2600 921; x_wconf 76' lang='grc' dir='ltr'>αὐτὴ</span> <span class='ocrx_word' id='word_1_89' title='bbox 2653 853 2843 925; x_wconf 83' lang='grc' dir='ltr'>γὲγονε</span> <span class='ocrx_word' id='word_1_90' title='bbox 2884 852 3031 926; x_wconf 80' lang='grc' dir='ltr'>σάρξ’</span> <span class='ocrx_word' id='word_1_91' title='bbox 3079 849 3224 906; x_wconf 84' lang='grc' dir='ltr'>ἀλλὰ</span> <span class='ocrx_word' id='word_1_92' title='bbox 3271 851 3386 905; x_wconf 86' lang='grc' dir='ltr'>κατ’</span> <span class='ocrx_word' id='word_1_93' title='bbox 3440 849 3605 917; x_wconf 72' lang='grc' dir='ltr'>αὐτὴν</span> <span class='ocrx_word' id='word_1_94' title='bbox 3663 849 3761 916; x_wconf 80' lang='grc' dir='ltr'>τήν</span> 
     </span>
    </p>
   </div>
   <div class='ocr_carea' id='block_1_16' title="bbox 2118 936 3765 1022">
    <p class='ocr_par' dir='ltr' id='par_1_16' title="bbox 2118 936 3765 1022">
     <span class='ocr_line' id='line_1_16' title="bbox 2118 936 3765 1022; baseline -0.003 -26"><span class='ocrx_word' id='word_1_95' title='bbox 2118 944 2322 1022; x_wconf 72' lang='grc' dir='ltr'>φωνὴν,</span> <span class='ocrx_word' id='word_1_96' title='bbox 2367 941 2519 1017; x_wconf 82' lang='grc' dir='ltr'>ἑτέρα</span> <span class='ocrx_word' id='word_1_97' title='bbox 2571 941 2701 996; x_wconf 81' lang='grc' dir='ltr'>οὖσα</span> <span class='ocrx_word' id='word_1_98' title='bbox 2754 941 2890 994; x_wconf 83' lang='grc' dir='ltr'><strong>κατά</strong></span> <span class='ocrx_word' id='word_1_99' title='bbox 2935 941 3035 1008; x_wconf 77' lang='grc' dir='ltr'><strong>τήν</strong></span> <span class='ocrx_word' id='word_1_100' title='bbox 3097 939 3383 994; x_wconf 84' lang='grc' dir='ltr'><strong>ὑπόστασιν</strong></span> <span class='ocrx_word' id='word_1_101' title='bbox 3429 936 3638 1009; x_wconf 78' lang='grc' dir='ltr'>ἰδιότης</span> <span class='ocrx_word' id='word_1_102' title='bbox 3668 941 3765 992; x_wconf 88' lang='grc' dir='ltr'><strong>τοῦ</strong></span> 
     </span>
    </p>
   </div>
   <div class='ocr_carea' id='block_1_17' title="bbox 2119 1027 3765 1106">
    <p class='ocr_par' dir='ltr' id='par_1_17' title="bbox 2119 1027 3765 1106">
     <span class='ocr_line' id='line_1_17' title="bbox 2119 1027 3765 1106; baseline -0.003 -21"><span class='ocrx_word' id='word_1_103' title='bbox 2119 1030 2299 1105; x_wconf 83' lang='grc' dir='ltr'>Λόγου</span> <span class='ocrx_word' id='word_1_104' title='bbox 2348 1030 2435 1085; x_wconf 80' lang='grc' dir='ltr'><strong>καὶ</strong></span> <span class='ocrx_word' id='word_1_105' title='bbox 2485 1034 2617 1086; x_wconf 87' lang='grc' dir='ltr'>Θεοῦ</span> <span class='ocrx_word' id='word_1_106' title='bbox 2668 1030 2780 1102; x_wconf 79' lang='grc' dir='ltr'>ἅμα</span> <span class='ocrx_word' id='word_1_107' title='bbox 2828 1029 3178 1106; x_wconf 71' lang='grc' dir='ltr'>έπειροίτησεν</span> <span class='ocrx_word' id='word_1_108' title='bbox 3233 1028 3284 1083; x_wconf 86' lang='grc' dir='ltr'>έν</span> <span class='ocrx_word' id='word_1_109' title='bbox 3325 1032 3393 1101; x_wconf 79' lang='grc' dir='ltr'>τῇ</span> <span class='ocrx_word' id='word_1_110' title='bbox 3425 1027 3612 1098; x_wconf 80' lang='grc' dir='ltr'>κοιλίᾳ</span> <span class='ocrx_word' id='word_1_111' title='bbox 3663 1033 3765 1095; x_wconf 84' lang='grc' dir='ltr'><strong>τῆς</strong></span> 
     </span>
    </p>
   </div>
   <div class='ocr_carea' id='block_1_18' title="bbox 356 1114 3766 1197">
    <p class='ocr_par' dir='ltr' id='par_1_18' title="bbox 356 1114 3766 1197">
     <span class='ocr_line' id='line_1_18' title="bbox 356 1114 3766 1197; baseline 0.001 -29"><span class='ocrx_word' id='word_1_112' title='bbox 356 1114 646 1188; x_wconf 70' lang='grc' dir='ltr'>Παρθένου.</span> <span class='ocrx_word' id='word_1_113' title='bbox 684 1115 785 1168; x_wconf 77' lang='grc' dir='ltr'>Καὶ</span> <span class='ocrx_word' id='word_1_114' title='bbox 824 1114 1236 1193; x_wconf 66' lang='grc' dir='ltr'>βλασφημοῦσιν</span> <span class='ocrx_word' id='word_1_115' title='bbox 1266 1119 1315 1171; x_wconf 74' lang='lat' dir='ltr'><strong>oi</strong></span> <span class='ocrx_word' id='word_1_116' title='bbox 1348 1116 1620 1191; x_wconf 80' lang='grc' dir='ltr'>λέγοντες,</span> <span class='ocrx_word' id='word_1_117' title='bbox 1650 1117 1733 1172; x_wconf 78' lang='grc' dir='ltr'>ὅτι</span> <span class='ocrx_word' id='word_1_118' title='bbox 1765 1119 1898 1188; x_wconf 81' lang='grc' dir='ltr'><strong>αὐτή</strong></span> <span class='ocrx_word' id='word_1_119' title='bbox 1934 1122 1968 1189; x_wconf 80' lang='grc' dir='ltr'>ἠ</span> <span class='ocrx_word' id='word_1_120' title='bbox 2002 1120 2153 1197; x_wconf 72' lang='grc' dir='ltr'>φωνὴ</span> <span class='ocrx_word' id='word_1_121' title='bbox 2178 1123 2275 1173; x_wconf 89' lang='grc' dir='ltr'><strong>τοῦ</strong></span> <span class='ocrx_word' id='word_1_122' title='bbox 2309 1117 2665 1195; x_wconf 70' lang='grc' dir='ltr'><strong>ἀρχαγγέλου</strong></span> <span class='ocrx_word' id='word_1_123' title='bbox 2712 1122 2776 1187; x_wconf 77' lang='grc' dir='ltr'>ἦν</span> <span class='ocrx_word' id='word_1_124' title='bbox 2810 1121 2845 1189; x_wconf 78' lang='grc' dir='ltr'>ἡ</span> <span class='ocrx_word' id='word_1_125' title='bbox 2886 1118 3177 1180; x_wconf 78' lang='grc' dir='ltr'><strong>ὑπόστασις</strong></span> <span class='ocrx_word' id='word_1_126' title='bbox 3228 1121 3326 1173; x_wconf 85' lang='grc' dir='ltr'><strong>τοῦ</strong></span> <span class='ocrx_word' id='word_1_127' title='bbox 3383 1121 3517 1171; x_wconf 88' lang='grc' dir='ltr'>Θεοῦ</span> <span class='ocrx_word' id='word_1_128' title='bbox 3566 1115 3766 1191; x_wconf 88' lang='grc' dir='ltr'>Λόγου.</span> 
     </span>
    </p>
   </div>
   <div class='ocr_carea' id='block_1_19' title="bbox 353 1203 2831 1286">
    <p class='ocr_par' dir='ltr' id='par_1_19' title="bbox 353 1203 2831 1286">
     <span class='ocr_line' id='line_1_19' title="bbox 353 1203 2831 1286; baseline 0.002 -30"><span class='ocrx_word' id='word_1_129' title='bbox 353 1205 444 1257; x_wconf 85' lang='grc' dir='ltr'><strong>Διὸ</strong></span> <span class='ocrx_word' id='word_1_130' title='bbox 478 1203 564 1256; x_wconf 75' lang='grc' dir='ltr'><strong>γαί</strong></span> <span class='ocrx_word' id='word_1_131' title='bbox 600 1204 817 1273; x_wconf 57' lang='grc' dir='ltr'>ἐσημειυ</span> <span class='ocrx_word' id='word_1_132' title='bbox 844 1206 1050 1277; x_wconf 77' lang='grc' dir='ltr'>σάμεθα</span> <span class='ocrx_word' id='word_1_133' title='bbox 1076 1206 1167 1259; x_wconf 82' lang='grc' dir='ltr'>τὸν</span> <span class='ocrx_word' id='word_1_134' title='bbox 1194 1207 1381 1275; x_wconf 84' lang='grc' dir='ltr'>τόπον,</span> <span class='ocrx_word' id='word_1_135' title='bbox 1418 1204 1862 1280; x_wconf 72' lang='grc' dir='ltr'>ἀποϐαλλόμενοι</span> <span class='ocrx_word' id='word_1_136' title='bbox 1891 1215 1991 1277; x_wconf 87' lang='grc' dir='ltr'><strong>τῆς</strong></span> <span class='ocrx_word' id='word_1_137' title='bbox 2026 1208 2344 1286; x_wconf 72' lang='grc' dir='ltr'>βλαφημίας</span> <span class='ocrx_word' id='word_1_138' title='bbox 2368 1210 2467 1277; x_wconf 78' lang='grc' dir='ltr'>τήν</span> <span class='ocrx_word' id='word_1_139' title='bbox 2498 1208 2831 1281; x_wconf 80' lang='grc' dir='ltr'>κατάκρισιν.</span> 
     </span>
    </p>
   </div>
   <div class='ocr_carea' id='block_1_20' title="bbox 416 1294 2003 1371">
    <p class='ocr_par' dir='ltr' id='par_1_20' title="bbox 416 1294 2003 1371">
     <span class='ocr_line' id='line_1_20' title="bbox 416 1294 2003 1371; baseline 0.004 -26"><span class='ocrx_word' id='word_1_140' title='bbox 416 1294 468 1345; x_wconf 88' lang='grc'><strong>8.</strong></span> <span class='ocrx_word' id='word_1_141' title='bbox 502 1300 638 1347; x_wconf 87' lang='lat' dir='ltr'><strong>Cum</strong></span> <span class='ocrx_word' id='word_1_142' title='bbox 663 1294 889 1348; x_wconf 79' lang='lat' dir='ltr'><strong>diversa</strong></span> <span class='ocrx_word' id='word_1_143' title='bbox 923 1296 1099 1366; x_wconf 84' lang='lat' dir='ltr'><strong>igitur</strong></span> <span class='ocrx_word' id='word_1_144' title='bbox 1130 1302 1283 1351; x_wconf 84' lang='lat' dir='ltr'>esset</span> <span class='ocrx_word' id='word_1_145' title='bbox 1314 1316 1346 1352; x_wconf 87' lang='lat' dir='ltr'><strong>a</strong></span> <span class='ocrx_word' id='word_1_146' title='bbox 1367 1315 1503 1353; x_wconf 91' lang='lat' dir='ltr'><strong>voce</strong></span> <span class='ocrx_word' id='word_1_147' title='bbox 1534 1298 1864 1371; x_wconf 82' lang='lat' dir='ltr'><strong>archangeli</strong></span> <span class='ocrx_word' id='word_1_148' title='bbox 1898 1300 2003 1370; x_wconf 82' lang='lat' dir='ltr'><strong>hy-</strong></span> 
     </span>
    </p>
   </div>
   <div class='ocr_carea' id='block_1_21' title="bbox 353 1382 2001 1459">
    <p class='ocr_par' dir='ltr' id='par_1_21' title="bbox 353 1382 2001 1459">
     <span class='ocr_line' id='line_1_21' title="bbox 353 1382 2001 1459; baseline 0.004 -23"><span class='ocrx_word' id='word_1_149' title='bbox 353 1383 603 1453; x_wconf 82' lang='lat' dir='ltr'><strong>postasis</strong></span> <span class='ocrx_word' id='word_1_150' title='bbox 629 1382 799 1436; x_wconf 81' lang='lat' dir='ltr'><strong>Verbi</strong></span> <span class='ocrx_word' id='word_1_151' title='bbox 824 1388 880 1437; x_wconf 92' lang='lat' dir='ltr'><strong>et</strong></span> <span class='ocrx_word' id='word_1_152' title='bbox 915 1383 1037 1438; x_wconf 84' lang='lat' dir='ltr'><strong>Filii</strong></span> <span class='ocrx_word' id='word_1_153' title='bbox 1067 1385 1181 1449; x_wconf 87' lang='lat' dir='ltr'><strong>Dei,</strong></span> <span class='ocrx_word' id='word_1_154' title='bbox 1208 1387 1423 1457; x_wconf 88' lang='lat' dir='ltr'><strong>apertis</strong></span> <span class='ocrx_word' id='word_1_155' title='bbox 1447 1387 1609 1459; x_wconf 91' lang='lat' dir='ltr'><strong>prius</strong></span> <span class='ocrx_word' id='word_1_156' title='bbox 1635 1405 1735 1459; x_wconf 89' lang='lat' dir='ltr'><strong>per</strong></span> <span class='ocrx_word' id='word_1_157' title='bbox 1756 1387 2001 1443; x_wconf 88' lang='lat' dir='ltr'><strong>archan-</strong></span> 
     </span>
    </p>
   </div>
   <div class='ocr_carea' id='block_1_22' title="bbox 358 1471 2002 1543">
    <p class='ocr_par' dir='ltr' id='par_1_22' title="bbox 358 1471 2002 1543">
     <span class='ocr_line' id='line_1_22' title="bbox 358 1471 2002 1543; baseline 0.003 -18"><span class='ocrx_word' id='word_1_158' title='bbox 358 1471 468 1542; x_wconf 86' lang='lat' dir='ltr'><strong>geli</strong></span> <span class='ocrx_word' id='word_1_159' title='bbox 500 1489 693 1525; x_wconf 88' lang='lat' dir='ltr'><strong>vocem</strong></span> <span class='ocrx_word' id='word_1_160' title='bbox 722 1472 973 1543; x_wconf 83' lang='lat' dir='ltr'><strong>Virginis</strong></span> <span class='ocrx_word' id='word_1_161' title='bbox 1002 1474 1266 1537; x_wconf 85' lang='lat' dir='ltr'><strong>auribus.</strong></span> <span class='ocrx_word' id='word_1_162' title='bbox 1290 1476 1487 1530; x_wconf 82' lang='lat' dir='ltr'><strong>statim</strong></span> <span class='ocrx_word' id='word_1_163' title='bbox 1519 1476 1577 1530; x_wconf 93' lang='lat' dir='ltr'><strong>in</strong></span> <span class='ocrx_word' id='word_1_164' title='bbox 1608 1475 1768 1531; x_wconf 89' lang='lat' dir='ltr'><strong>illam</strong></span> <span class='ocrx_word' id='word_1_165' title='bbox 1801 1476 2002 1532; x_wconf 85' lang='lat' dir='ltr'><strong>introi-</strong></span> 
     </span>
    </p>
   </div>
   <div class='ocr_carea' id='block_1_23' title="bbox 359 1560 2005 1633">
    <p class='ocr_par' dir='ltr' id='par_1_23' title="bbox 359 1560 2005 1633">
     <span class='ocr_line' id='line_1_23' title="bbox 359 1560 2005 1633; baseline 0.005 -21"><span class='ocrx_word' id='word_1_166' title='bbox 359 1560 439 1613; x_wconf 87' lang='lat' dir='ltr'><strong>vit</strong></span> <span class='ocrx_word' id='word_1_167' title='bbox 471 1561 665 1614; x_wconf 83' lang='lat' dir='ltr'><strong>divina</strong></span> <span class='ocrx_word' id='word_1_168' title='bbox 698 1561 821 1615; x_wconf 84' lang='lat' dir='ltr'><strong>Filii</strong></span> <span class='ocrx_word' id='word_1_169' title='bbox 856 1562 1206 1633; x_wconf 87' lang='lat' dir='ltr'><strong>hypostasis.</strong></span> <span class='ocrx_word' id='word_1_170' title='bbox 1240 1566 1363 1630; x_wconf 87' lang='lat' dir='ltr'><strong>Qua</strong></span> <span class='ocrx_word' id='word_1_171' title='bbox 1410 1565 1633 1621; x_wconf 87' lang='lat' dir='ltr'><strong>ratione</strong></span> <span class='ocrx_word' id='word_1_172' title='bbox 1681 1572 1900 1631; x_wconf 89' lang='lat' dir='ltr'><strong>autem,</strong></span> <span class='ocrx_word' id='word_1_173' title='bbox 1933 1582 2005 1622; x_wconf 88' lang='lat' dir='ltr'><strong>ne</strong></span> 
     </span>
    </p>
   </div>
   <div class='ocr_carea' id='block_1_24' title="bbox 359 1650 2003 1727">
    <p class='ocr_par' dir='ltr' id='par_1_24' title="bbox 359 1650 2003 1727">
     <span class='ocr_line' id='line_1_24' title="bbox 359 1650 2003 1727; baseline 0.005 -25"><span class='ocrx_word' id='word_1_174' title='bbox 359 1650 485 1719; x_wconf 88' lang='lat' dir='ltr'><strong>ipsa</strong></span> <span class='ocrx_word' id='word_1_175' title='bbox 519 1651 754 1720; x_wconf 87' lang='lat' dir='ltr'><strong>quidem</strong></span> <span class='ocrx_word' id='word_1_176' title='bbox 779 1651 953 1721; x_wconf 85' lang='lat' dir='ltr'><strong>Virgo</strong></span> <span class='ocrx_word' id='word_1_177' title='bbox 977 1653 1246 1723; x_wconf 81' lang='lat' dir='ltr'><strong>cognovit</strong></span> <span class='ocrx_word' id='word_1_178' title='bbox 1269 1672 1281 1710; x_wconf 90' lang='lat'>:</span> <span class='ocrx_word' id='word_1_179' title='bbox 1308 1655 1465 1709; x_wconf 90' lang='lat' dir='ltr'><strong>novit</strong></span> <span class='ocrx_word' id='word_1_180' title='bbox 1494 1672 1626 1710; x_wconf 91' lang='lat' dir='ltr'><strong>vero</strong></span> <span class='ocrx_word' id='word_1_181' title='bbox 1647 1655 1745 1726; x_wconf 89' lang='lat' dir='ltr'><strong>qui</strong></span> <span class='ocrx_word' id='word_1_182' title='bbox 1778 1655 2003 1727; x_wconf 87' lang='lat' dir='ltr'><strong>ingres-</strong></span> 
     </span>
    </p>
   </div>
   <div class='ocr_carea' id='block_1_25' title="bbox 356 1741 2005 1816">
    <p class='ocr_par' dir='ltr' id='par_1_25' title="bbox 356 1741 2005 1816">
     <span class='ocr_line' id='line_1_25' title="bbox 356 1741 2005 1816; baseline 0.004 -22"><span class='ocrx_word' id='word_1_183' title='bbox 356 1756 458 1794; x_wconf 85' lang='lat' dir='ltr'><strong>sus</strong></span> <span class='ocrx_word' id='word_1_184' title='bbox 491 1744 578 1793; x_wconf 86' lang='lat' dir='ltr'><strong>est</strong></span> <span class='ocrx_word' id='word_1_185' title='bbox 609 1757 722 1809; x_wconf 85' lang='lat' dir='ltr'><strong>qua</strong></span> <span class='ocrx_word' id='word_1_186' title='bbox 755 1741 974 1795; x_wconf 87' lang='lat' dir='ltr'><strong>ratione</strong></span> <span class='ocrx_word' id='word_1_187' title='bbox 1022 1741 1098 1795; x_wconf 85' lang='lat' dir='ltr'><strong>sit</strong></span> <span class='ocrx_word' id='word_1_188' title='bbox 1147 1742 1465 1813; x_wconf 86' lang='lat' dir='ltr'><strong>ingressus.</strong></span> <span class='ocrx_word' id='word_1_189' title='bbox 1498 1744 1685 1807; x_wconf 87' lang='lat' dir='ltr'><strong>Quare</strong></span> <span class='ocrx_word' id='word_1_190' title='bbox 1733 1749 1796 1800; x_wconf 88' lang='lat' dir='ltr'><strong>ut</strong></span> <span class='ocrx_word' id='word_1_191' title='bbox 1840 1744 2005 1816; x_wconf 87' lang='lat' dir='ltr'><strong>igno-</strong></span> 
     </span>
    </p>
   </div>
   <div class='ocr_carea' id='block_1_26' title="bbox 356 1828 2001 1903">
    <p class='ocr_par' dir='ltr' id='par_1_26' title="bbox 356 1828 2001 1903">
     <span class='ocr_line' id='line_1_26' title="bbox 356 1828 2001 1903; baseline 0.004 -22"><span class='ocrx_word' id='word_1_192' title='bbox 356 1845 493 1882; x_wconf 85' lang='lat' dir='ltr'><strong>rans</strong></span> <span class='ocrx_word' id='word_1_193' title='bbox 540 1828 797 1898; x_wconf 74' lang='lat' dir='ltr'><strong>mysterii</strong></span> <span class='ocrx_word' id='word_1_194' title='bbox 848 1837 1138 1896; x_wconf 83' lang='lat' dir='ltr'><strong>eventum,</strong></span> <span class='ocrx_word' id='word_1_195' title='bbox 1172 1833 1369 1887; x_wconf 80' lang='lat' dir='ltr'><strong>statim</strong></span> <span class='ocrx_word' id='word_1_196' title='bbox 1402 1834 1747 1903; x_wconf 88' lang='lat' dir='ltr'><strong>perturbata</strong></span> <span class='ocrx_word' id='word_1_197' title='bbox 1794 1839 1884 1889; x_wconf 85' lang='lat' dir='ltr'><strong>est</strong></span> <span class='ocrx_word' id='word_1_198' title='bbox 1932 1833 2001 1888; x_wconf 90' lang='lat' dir='ltr'><strong>ad</strong></span> 
     </span>
    </p>
   </div>
   <div class='ocr_carea' id='block_1_27' title="bbox 356 1918 2083 2013">
    <p class='ocr_par' dir='ltr' id='par_1_27' title="bbox 356 1918 2083 2013">
     <span class='ocr_line' id='line_1_27' title="bbox 356 1918 2083 2013; baseline 0.002 -41"><span class='ocrx_word' id='word_1_199' title='bbox 356 1934 686 1972; x_wconf 86' lang='lat' dir='ltr'><strong>sermonem</strong></span> <span class='ocrx_word' id='word_1_200' title='bbox 721 1918 911 1989; x_wconf 83' lang='lat' dir='ltr'><strong>angeli</strong></span> <span class='ocrx_word' id='word_1_201' title='bbox 940 1919 1186 1974; x_wconf 85' lang='lat' dir='ltr'><strong>dicentis</strong></span> <span class='ocrx_word' id='word_1_202' title='bbox 1213 1938 1270 1976; x_wconf 77' lang='lat' dir='ltr'><strong>:u</strong></span> <span class='ocrx_word' id='word_1_203' title='bbox 1296 1923 1431 1991; x_wconf 82' lang='lat' dir='ltr'><strong>Ave,</strong></span> <span class='ocrx_word' id='word_1_204' title='bbox 1458 1922 1647 1993; x_wconf 90' lang='lat' dir='ltr'><strong>gratia</strong></span> <span class='ocrx_word' id='word_1_205' title='bbox 1679 1922 1868 1993; x_wconf 86' lang='lat' dir='ltr'><strong>plena,</strong></span> <span class='ocrx_word' id='word_1_206' title='bbox 1892 1928 2004 1976; x_wconf 92' lang='lat' dir='ltr'><strong>Do-</strong></span> <span class='ocrx_word' id='word_1_207' title='bbox 2035 1948 2083 2013; x_wconf 83' lang='lat' dir='ltr'><strong>B</strong></span> 
     </span>
    </p>
   </div>
   <div class='ocr_carea' id='block_1_28' title="bbox 358 2009 2004 2081">
    <p class='ocr_par' dir='ltr' id='par_1_28' title="bbox 358 2009 2004 2081">
     <span class='ocr_line' id='line_1_28' title="bbox 358 2009 2004 2081; baseline 0.004 -21"><span class='ocrx_word' id='word_1_208' title='bbox 358 2023 472 2060; x_wconf 80' lang='lat' dir='ltr'><strong>min</strong></span> <span class='ocrx_word' id='word_1_209' title='bbox 488 2024 553 2061; x_wconf 86' lang='lat' dir='ltr'><strong>us</strong></span> <span class='ocrx_word' id='word_1_210' title='bbox 577 2012 767 2059; x_wconf 81' lang='lat' dir='ltr'><strong>tecum</strong></span> <span class='ocrx_word' id='word_1_211' title='bbox 788 2026 799 2074; x_wconf 91' lang='lat'><strong>;</strong></span> <span class='ocrx_word' id='word_1_212' title='bbox 820 2030 847 2056; x_wconf 90' lang='grc'><strong>››</strong></span> <span class='ocrx_word' id='word_1_213' title='bbox 862 2012 916 2062; x_wconf 89' lang='lat' dir='ltr'><strong>et</strong></span> <span class='ocrx_word' id='word_1_214' title='bbox 938 2009 1228 2079; x_wconf 84' lang='lat' dir='ltr'><strong>cogitabat</strong></span> <span class='ocrx_word' id='word_1_215' title='bbox 1252 2009 1443 2081; x_wconf 88' lang='lat' dir='ltr'><strong>qualis</strong></span> <span class='ocrx_word' id='word_1_216' title='bbox 1464 2016 1620 2066; x_wconf 88' lang='lat' dir='ltr'><strong>esset</strong></span> <span class='ocrx_word' id='word_1_217' title='bbox 1641 2011 1761 2066; x_wconf 66' lang='lat' dir='ltr'><strong>haec</strong></span> <span class='ocrx_word' id='word_1_218' title='bbox 1784 2010 2004 2066; x_wconf 87' lang='lat' dir='ltr'><strong>saluta-</strong></span> 
     </span>
    </p>
   </div>
   <div class='ocr_carea' id='block_1_29' title="bbox 357 2094 2002 2170">
    <p class='ocr_par' dir='ltr' id='par_1_29' title="bbox 357 2094 2002 2170">
     <span class='ocr_line' id='line_1_29' title="bbox 357 2094 2002 2170; baseline 0.006 -23"><span class='ocrx_word' id='word_1_219' title='bbox 357 2094 438 2148; x_wconf 86' lang='lat' dir='ltr'><strong>tio</strong></span> <span class='ocrx_word' id='word_1_220' title='bbox 461 2096 523 2157; x_wconf 77' lang='grc'>³⁵,</span> <span class='ocrx_word' id='word_1_221' title='bbox 551 2114 730 2166; x_wconf 90' lang='lat' dir='ltr'><strong>quare</strong></span> <span class='ocrx_word' id='word_1_222' title='bbox 754 2098 1113 2166; x_wconf 88' lang='lat' dir='ltr'><strong>respondens</strong></span> <span class='ocrx_word' id='word_1_223' title='bbox 1135 2098 1523 2170; x_wconf 85' lang='lat' dir='ltr'><strong>archangelus</strong></span> <span class='ocrx_word' id='word_1_224' title='bbox 1544 2100 1692 2156; x_wconf 84' lang='lat' dir='ltr'><strong>dixit</strong></span> <span class='ocrx_word' id='word_1_225' title='bbox 1711 2101 1781 2156; x_wconf 90' lang='lat' dir='ltr'><strong>ad</strong></span> <span class='ocrx_word' id='word_1_226' title='bbox 1803 2100 1963 2155; x_wconf 87' lang='lat' dir='ltr'><strong>illam</strong></span> <span class='ocrx_word' id='word_1_227' title='bbox 1988 2116 2002 2157; x_wconf 85' lang='lat'><strong>:</strong></span> 
     </span>
    </p>
   </div>
   <div class='ocr_carea' id='block_1_30' title="bbox 365 2183 2003 2261">
    <p class='ocr_par' dir='ltr' id='par_1_30' title="bbox 365 2183 2003 2261">
     <span class='ocr_line' id='line_1_30' title="bbox 365 2183 2003 2261; baseline 0.003 -22"><span class='ocrx_word' id='word_1_228' title='bbox 365 2205 391 2233; x_wconf 77' lang='grc' dir='ltr'><strong>α</strong></span> <span class='ocrx_word' id='word_1_229' title='bbox 428 2185 507 2239; x_wconf 84' lang='lat' dir='ltr'><strong>Nc</strong></span> <span class='ocrx_word' id='word_1_230' title='bbox 548 2183 774 2249; x_wconf 83' lang='lat' dir='ltr'><strong>timeas,</strong></span> <span class='ocrx_word' id='word_1_231' title='bbox 802 2186 1001 2249; x_wconf 87' lang='lat' dir='ltr'><strong>Maria,</strong></span> <span class='ocrx_word' id='word_1_232' title='bbox 1028 2187 1302 2242; x_wconf 87' lang='lat' dir='ltr'><strong>invenisti</strong></span> <span class='ocrx_word' id='word_1_233' title='bbox 1349 2188 1506 2243; x_wconf 89' lang='lat' dir='ltr'><strong>enim</strong></span> <span class='ocrx_word' id='word_1_234' title='bbox 1551 2189 1800 2260; x_wconf 86' lang='lat' dir='ltr'><strong>gratiam</strong></span> <span class='ocrx_word' id='word_1_235' title='bbox 1848 2189 2003 2261; x_wconf 88' lang='lat' dir='ltr'><strong>apud</strong></span> 
     </span>
    </p>
   </div>
   <div class='ocr_carea' id='block_1_31' title="bbox 362 2274 2003 2350">
    <p class='ocr_par' dir='ltr' id='par_1_31' title="bbox 362 2274 2003 2350">
     <span class='ocr_line' id='line_1_31' title="bbox 362 2274 2003 2350; baseline 0.003 -23"><span class='ocrx_word' id='word_1_236' title='bbox 362 2274 566 2328; x_wconf 89' lang='lat' dir='ltr'><strong>Deum.</strong></span> <span class='ocrx_word' id='word_1_237' title='bbox 595 2275 660 2327; x_wconf 86' lang='lat' dir='ltr'><strong>Et</strong></span> <span class='ocrx_word' id='word_1_238' title='bbox 690 2291 818 2329; x_wconf 88' lang='lat' dir='ltr'><strong>ecce</strong></span> <span class='ocrx_word' id='word_1_239' title='bbox 849 2276 1142 2346; x_wconf 90' lang='lat' dir='ltr'><strong>concipies</strong></span> <span class='ocrx_word' id='word_1_240' title='bbox 1179 2276 1235 2329; x_wconf 90' lang='lat' dir='ltr'><strong>in</strong></span> <span class='ocrx_word' id='word_1_241' title='bbox 1278 2281 1463 2343; x_wconf 91' lang='lat' dir='ltr'><strong>utero,</strong></span> <span class='ocrx_word' id='word_1_242' title='bbox 1488 2282 1545 2331; x_wconf 89' lang='lat' dir='ltr'><strong>et</strong></span> <span class='ocrx_word' id='word_1_243' title='bbox 1576 2278 1765 2350; x_wconf 90' lang='lat' dir='ltr'><strong>paries</strong></span> <span class='ocrx_word' id='word_1_244' title='bbox 1797 2277 2003 2343; x_wconf 84' lang='lat' dir='ltr'><strong>filium,</strong></span> 
     </span>
    </p>
   </div>
   <div class='ocr_carea' id='block_1_32' title="bbox 2182 1295 3764 1374">
    <p class='ocr_par' dir='ltr' id='par_1_32' title="bbox 2182 1295 3764 1374">
     <span class='ocr_line' id='line_1_32' title="bbox 2182 1295 3764 1374; baseline -0.004 -20"><span class='ocrx_word' id='word_1_245' title='bbox 2182 1302 2234 1354; x_wconf 89' lang='lat'><strong>8.</strong></span> <span class='ocrx_word' id='word_1_246' title='bbox 2289 1297 2474 1370; x_wconf 76' lang='grc' dir='ltr'>Ἑτέρα</span> <span class='ocrx_word' id='word_1_247' title='bbox 2523 1297 2704 1352; x_wconf 75' lang='grc' dir='ltr'>τοίνυν</span> <span class='ocrx_word' id='word_1_248' title='bbox 2750 1300 2895 1373; x_wconf 83' lang='grc' dir='ltr'><strong>παρά</strong></span> <span class='ocrx_word' id='word_1_249' title='bbox 2943 1300 3040 1367; x_wconf 73' lang='grc' dir='ltr'>τὴν</span> <span class='ocrx_word' id='word_1_250' title='bbox 3100 1297 3287 1374; x_wconf 77' lang='grc' dir='ltr'>φωνὴν</span> <span class='ocrx_word' id='word_1_251' title='bbox 3332 1298 3430 1349; x_wconf 91' lang='grc' dir='ltr'><strong>τοῦ</strong></span> <span class='ocrx_word' id='word_1_252' title='bbox 3482 1295 3764 1369; x_wconf 77' lang='grc' dir='ltr'>ἀρχαγγέ-</span> 
     </span>
    </p>
   </div>
   <div class='ocr_carea' id='block_1_33' title="bbox 2112 1384 3764 1459">
    <p class='ocr_par' dir='ltr' id='par_1_33' title="bbox 2112 1384 3764 1459">
     <span class='ocr_line' id='line_1_33' title="bbox 2112 1384 3764 1459; baseline -0.002 -19"><span class='ocrx_word' id='word_1_253' title='bbox 2112 1384 2212 1440; x_wconf 91' lang='grc' dir='ltr'><strong>λου</strong></span> <span class='ocrx_word' id='word_1_254' title='bbox 2245 1384 2375 1440; x_wconf 78' lang='grc' dir='ltr'>οῦσα</span> <span class='ocrx_word' id='word_1_255' title='bbox 2404 1389 2438 1455; x_wconf 82' lang='grc' dir='ltr'>ἡ</span> <span class='ocrx_word' id='word_1_256' title='bbox 2473 1385 2761 1447; x_wconf 82' lang='grc' dir='ltr'><strong>ὑπόστασις</strong></span> <span class='ocrx_word' id='word_1_257' title='bbox 2790 1390 2886 1441; x_wconf 80' lang='grc' dir='ltr'><strong>τοῦ</strong></span> <span class='ocrx_word' id='word_1_258' title='bbox 2919 1385 3098 1459; x_wconf 82' lang='grc' dir='ltr'>Λόγου</span> <span class='ocrx_word' id='word_1_259' title='bbox 3147 1385 3235 1440; x_wconf 85' lang='grc' dir='ltr'><strong>καὶ</strong></span> <span class='ocrx_word' id='word_1_260' title='bbox 3288 1384 3415 1437; x_wconf 71' lang='grc' dir='ltr'>Υἱοῦ</span> <span class='ocrx_word' id='word_1_261' title='bbox 3459 1387 3556 1438; x_wconf 86' lang='grc' dir='ltr'><strong>τοῦ</strong></span> <span class='ocrx_word' id='word_1_262' title='bbox 3606 1387 3764 1453; x_wconf 89' lang='grc' dir='ltr'>Θεοῦ,</span> 
     </span>
    </p>
   </div>
   <div class='ocr_carea' id='block_1_34' title="bbox 2113 1472 3764 1551">
    <p class='ocr_par' dir='ltr' id='par_1_34' title="bbox 2113 1472 3764 1551">
     <span class='ocr_line' id='line_1_34' title="bbox 2113 1472 3764 1551; baseline -0.002 -22"><span class='ocrx_word' id='word_1_263' title='bbox 2113 1477 2245 1547; x_wconf 85' lang='grc' dir='ltr'>ἅμα,</span> <span class='ocrx_word' id='word_1_264' title='bbox 2297 1475 2370 1536; x_wconf 85' lang='grc' dir='ltr'>ὡς</span> <span class='ocrx_word' id='word_1_265' title='bbox 2412 1472 2925 1551; x_wconf 77' lang='grc' dir='ltr'>προδιανοιχθείσης</span> <span class='ocrx_word' id='word_1_266' title='bbox 2972 1482 3073 1543; x_wconf 88' lang='grc' dir='ltr'><strong>τῆς</strong></span> <span class='ocrx_word' id='word_1_267' title='bbox 3128 1476 3296 1542; x_wconf 88' lang='grc' dir='ltr'>ἀκοῆς</span> <span class='ocrx_word' id='word_1_268' title='bbox 3349 1475 3448 1541; x_wconf 78' lang='grc' dir='ltr'><strong>τῆς</strong></span> <span class='ocrx_word' id='word_1_269' title='bbox 3484 1472 3764 1547; x_wconf 74' lang='grc' dir='ltr'>Παρθένου</span> 
     </span>
    </p>
   </div>
   <div class='ocr_carea' id='block_1_35' title="bbox 2114 1561 3759 1642">
    <p class='ocr_par' dir='ltr' id='par_1_35' title="bbox 2114 1561 3759 1642">
     <span class='ocr_line' id='line_1_35' title="bbox 2114 1561 3759 1642; baseline 0 -23"><span class='ocrx_word' id='word_1_270' title='bbox 2114 1561 2202 1619; x_wconf 82' lang='grc' dir='ltr'>διὰ</span> <span class='ocrx_word' id='word_1_271' title='bbox 2245 1571 2346 1634; x_wconf 92' lang='grc' dir='ltr'><strong>τῆς</strong></span> <span class='ocrx_word' id='word_1_272' title='bbox 2404 1564 2816 1639; x_wconf 85' lang='grc' dir='ltr'>ἀρχαγγελικῆς</span> <span class='ocrx_word' id='word_1_273' title='bbox 2878 1570 3084 1642; x_wconf 73' lang='grc' dir='ltr'>φωνῆς,</span> <span class='ocrx_word' id='word_1_274' title='bbox 3138 1561 3383 1631; x_wconf 74' lang='grc' dir='ltr'>εἰσῆλθεν</span> <span class='ocrx_word' id='word_1_275' title='bbox 3419 1562 3493 1623; x_wconf 80' lang='grc' dir='ltr'><strong>είς</strong></span> <span class='ocrx_word' id='word_1_276' title='bbox 3527 1561 3692 1629; x_wconf 82' lang='grc' dir='ltr'>αὑτὴν</span> <span class='ocrx_word' id='word_1_277' title='bbox 3724 1564 3759 1619; x_wconf 69' lang='grc' dir='ltr'>ἢ</span> 
     </span>
    </p>
   </div>
   <div class='ocr_carea' id='block_1_36' title="bbox 2112 1650 3765 1725">
    <p class='ocr_par' dir='ltr' id='par_1_36' title="bbox 2112 1650 3765 1725">
     <span class='ocr_line' id='line_1_36' title="bbox 2112 1650 3765 1725; baseline -0.002 -17"><span class='ocrx_word' id='word_1_278' title='bbox 2112 1654 2227 1708; x_wconf 90' lang='grc' dir='ltr'>θεία</span> <span class='ocrx_word' id='word_1_279' title='bbox 2280 1657 2376 1708; x_wconf 88' lang='grc' dir='ltr'><strong>τοῦ</strong></span> <span class='ocrx_word' id='word_1_280' title='bbox 2425 1654 2551 1707; x_wconf 71' lang='grc' dir='ltr'>Υίοῦ</span> <span class='ocrx_word' id='word_1_281' title='bbox 2601 1653 2908 1714; x_wconf 80' lang='grc' dir='ltr'>ὑπόστασις.</span> <span class='ocrx_word' id='word_1_282' title='bbox 2963 1658 3048 1715; x_wconf 85' lang='grc' dir='ltr'>Ὡς</span> <span class='ocrx_word' id='word_1_283' title='bbox 3096 1652 3232 1720; x_wconf 78' lang='grc' dir='ltr'><strong>αὐτή</strong></span> <span class='ocrx_word' id='word_1_284' title='bbox 3285 1652 3380 1724; x_wconf 74' lang='grc' dir='ltr'><strong>μὲν</strong></span> <span class='ocrx_word' id='word_1_285' title='bbox 3419 1653 3454 1719; x_wconf 77' lang='grc' dir='ltr'>ἡ</span> <span class='ocrx_word' id='word_1_286' title='bbox 3489 1650 3765 1725; x_wconf 80' lang='grc' dir='ltr'>ΙΙαρθὲνος</span> 
     </span>
    </p>
   </div>
   <div class='ocr_carea' id='block_1_37' title="bbox 2114 1737 3762 1815">
    <p class='ocr_par' dir='ltr' id='par_1_37' title="bbox 2114 1737 3762 1815">
     <span class='ocr_line' id='line_1_37' title="bbox 2114 1737 3762 1815; baseline -0.004 -18"><span class='ocrx_word' id='word_1_287' title='bbox 2114 1741 2212 1797; x_wconf 80' lang='grc' dir='ltr'><strong>οὐκ</strong></span> <span class='ocrx_word' id='word_1_288' title='bbox 2243 1740 2405 1797; x_wconf 75' lang='grc' dir='ltr'>οἶδεν·</span> <span class='ocrx_word' id='word_1_289' title='bbox 2440 1739 2555 1796; x_wconf 76' lang='grc' dir='ltr'>οἵδε</span> <span class='ocrx_word' id='word_1_290' title='bbox 2587 1738 2644 1797; x_wconf 74' lang='grc' dir='ltr'><strong>δὲ</strong></span> <span class='ocrx_word' id='word_1_291' title='bbox 2674 1742 2701 1797; x_wconf 97' lang='lat'><strong>6</strong></span> <span class='ocrx_word' id='word_1_292' title='bbox 2733 1741 3015 1815; x_wconf 79' lang='grc' dir='ltr'>εἰσελθὼν,</span> <span class='ocrx_word' id='word_1_293' title='bbox 3047 1741 3197 1801; x_wconf 79' lang='grc' dir='ltr'>ὃπως</span> <span class='ocrx_word' id='word_1_294' title='bbox 3230 1737 3467 1807; x_wconf 70' lang='grc' dir='ltr'>εἰσῆλθε.</span> <span class='ocrx_word' id='word_1_295' title='bbox 3517 1738 3618 1793; x_wconf 85' lang='grc' dir='ltr'><strong>Λιὸ</strong></span> <span class='ocrx_word' id='word_1_296' title='bbox 3648 1738 3762 1810; x_wconf 79' lang='lat' dir='ltr'><strong>xui,</strong></span> 
     </span>
    </p>
   </div>
   <div class='ocr_carea' id='block_1_38' title="bbox 2114 1823 3765 1903">
    <p class='ocr_par' dir='ltr' id='par_1_38' title="bbox 2114 1823 3765 1903">
     <span class='ocr_line' id='line_1_38' title="bbox 2114 1823 3765 1903; baseline -0.004 -18"><span class='ocrx_word' id='word_1_297' title='bbox 2114 1832 2188 1892; x_wconf 86' lang='grc' dir='ltr'><strong>ὡς</strong></span> <span class='ocrx_word' id='word_1_298' title='bbox 2247 1833 2320 1903; x_wconf 81' lang='grc' dir='ltr'>μὴ</span> <span class='ocrx_word' id='word_1_299' title='bbox 2374 1828 2547 1885; x_wconf 71' lang='grc' dir='ltr'>εἰδυῖα</span> <span class='ocrx_word' id='word_1_300' title='bbox 2592 1836 2689 1885; x_wconf 90' lang='grc' dir='ltr'><strong>τοῦ</strong></span> <span class='ocrx_word' id='word_1_301' title='bbox 2742 1830 3043 1903; x_wconf 80' lang='grc' dir='ltr'>μυστηρίου</span> <span class='ocrx_word' id='word_1_302' title='bbox 3090 1830 3189 1897; x_wconf 80' lang='grc' dir='ltr'>τήν</span> <span class='ocrx_word' id='word_1_303' title='bbox 3240 1823 3474 1895; x_wconf 72' lang='grc' dir='ltr'>ἔκϐασιν,</span> <span class='ocrx_word' id='word_1_304' title='bbox 3535 1827 3648 1900; x_wconf 73' lang='grc' dir='ltr'>ἅμα</span> <span class='ocrx_word' id='word_1_305' title='bbox 3678 1824 3765 1880; x_wconf 88' lang='grc' dir='ltr'>δι-</span> 
     </span>
    </p>
   </div>
   <div class='ocr_carea' id='block_1_39' title="bbox 2114 1916 3761 1995">
    <p class='ocr_par' dir='ltr' id='par_1_39' title="bbox 2114 1916 3761 1995">
     <span class='ocr_line' id='line_1_39' title="bbox 2114 1916 3761 1995; baseline -0.003 -20"><span class='ocrx_word' id='word_1_306' title='bbox 2114 1919 2387 1995; x_wconf 79' lang='grc' dir='ltr'>εταράχθη</span> <span class='ocrx_word' id='word_1_307' title='bbox 2416 1918 2502 1973; x_wconf 80' lang='grc' dir='ltr'><strong>ἐπὶ</strong></span> <span class='ocrx_word' id='word_1_308' title='bbox 2532 1924 2610 1991; x_wconf 82' lang='grc' dir='ltr'>τῷ</span> <span class='ocrx_word' id='word_1_309' title='bbox 2639 1917 2790 1994; x_wconf 84' lang='grc' dir='ltr'>λόγῳ</span> <span class='ocrx_word' id='word_1_310' title='bbox 2818 1923 2915 1973; x_wconf 85' lang='grc' dir='ltr'><strong>τοῦ</strong></span> <span class='ocrx_word' id='word_1_311' title='bbox 2947 1916 3187 1994; x_wconf 79' lang='grc' dir='ltr'>ἀγγέλου</span> <span class='ocrx_word' id='word_1_312' title='bbox 3218 1916 3488 1986; x_wconf 76' lang='grc' dir='ltr'>εἰπόντος,</span> <span class='ocrx_word' id='word_1_313' title='bbox 3516 1940 3545 1968; x_wconf 87' lang='grc'><em>‹‹</em></span> <span class='ocrx_word' id='word_1_314' title='bbox 3573 1917 3761 1991; x_wconf 79' lang='grc' dir='ltr'>Χαῖρε,</span> 
     </span>
    </p>
   </div>
   <div class='ocr_carea' id='block_1_40' title="bbox 2115 2003 3766 2085">
    <p class='ocr_par' dir='ltr' id='par_1_40' title="bbox 2115 2003 3766 2085">
     <span class='ocr_line' id='line_1_40' title="bbox 2115 2003 3766 2085; baseline -0.003 -22"><span class='ocrx_word' id='word_1_315' title='bbox 2115 2008 2554 2085; x_wconf 67' lang='grc' dir='ltr'>κεχαριτωμένη,</span> <span class='ocrx_word' id='word_1_316' title='bbox 2583 2009 2611 2063; x_wconf 89' lang='lat'><strong>6</strong></span> <span class='ocrx_word' id='word_1_317' title='bbox 2646 2008 2844 2083; x_wconf 81' lang='grc' dir='ltr'>Κύριος</span> <span class='ocrx_word' id='word_1_318' title='bbox 2878 2008 3012 2081; x_wconf 82' lang='grc' dir='ltr'>μετὰ</span> <span class='ocrx_word' id='word_1_319' title='bbox 3051 2010 3167 2077; x_wconf 91' lang='grc' dir='ltr'>σοῦ,</span> <span class='ocrx_word' id='word_1_320' title='bbox 3218 2029 3247 2057; x_wconf 74' lang='lat' dir='ltr'><strong>n</strong></span> <span class='ocrx_word' id='word_1_321' title='bbox 3286 2006 3376 2061; x_wconf 97' lang='lat' dir='ltr'><strong>xui</strong></span> <span class='ocrx_word' id='word_1_322' title='bbox 3408 2003 3766 2080; x_wconf 77' lang='grc' dir='ltr'>διελογίζετο,</span> 
     </span>
    </p>
   </div>
   <div class='ocr_carea' id='block_1_41' title="bbox 2114 2088 3768 2169">
    <p class='ocr_par' dir='ltr' id='par_1_41' title="bbox 2114 2088 3768 2169">
     <span class='ocr_line' id='line_1_41' title="bbox 2114 2088 3768 2169; baseline -0.004 -17"><span class='ocrx_word' id='word_1_323' title='bbox 2114 2099 2359 2160; x_wconf 82' lang='grc' dir='ltr'>ποταπὸς</span> <span class='ocrx_word' id='word_1_324' title='bbox 2410 2095 2492 2168; x_wconf 64' lang='grc' dir='ltr'><strong>εἰῇ</strong></span> <span class='ocrx_word' id='word_1_325' title='bbox 2545 2098 2573 2152; x_wconf 91' lang='lat'><strong>6</strong></span> <span class='ocrx_word' id='word_1_326' title='bbox 2619 2098 2902 2169; x_wconf 81' lang='grc' dir='ltr'>ἀσπασμὸς</span> <span class='ocrx_word' id='word_1_327' title='bbox 2949 2094 3128 2158; x_wconf 77' lang='grc' dir='ltr'>οὗτος·</span> <span class='ocrx_word' id='word_1_328' title='bbox 3178 2096 3298 2159; x_wconf 78' lang='grc' dir='ltr'>’ὅθεν</span> <span class='ocrx_word' id='word_1_329' title='bbox 3342 2094 3433 2148; x_wconf 86' lang='lat' dir='ltr'><strong>xui</strong></span> <span class='ocrx_word' id='word_1_330' title='bbox 3475 2088 3768 2149; x_wconf 71' lang='grc' dir='ltr'>ὑπολαϐὼν</span> 
     </span>
    </p>
   </div>
   <div class='ocr_carea' id='block_1_42' title="bbox 2116 2178 3763 2264">
    <p class='ocr_par' dir='ltr' id='par_1_42' title="bbox 2116 2178 3763 2264">
     <span class='ocr_line' id='line_1_42' title="bbox 2116 2178 3763 2264; baseline -0.005 -22"><span class='ocrx_word' id='word_1_331' title='bbox 2116 2188 2143 2242; x_wconf 97' lang='lat'><strong>6</strong></span> <span class='ocrx_word' id='word_1_332' title='bbox 2174 2184 2539 2264; x_wconf 76' lang='grc' dir='ltr'>ἀρχάγγελος,</span> <span class='ocrx_word' id='word_1_333' title='bbox 2568 2186 2683 2241; x_wconf 73' lang='grc' dir='ltr'>εἶπε</span> <span class='ocrx_word' id='word_1_334' title='bbox 2711 2187 2847 2262; x_wconf 85' lang='grc' dir='ltr'>πρὸς</span> <span class='ocrx_word' id='word_1_335' title='bbox 2880 2184 3069 2256; x_wconf 59' lang='grc' dir='ltr'>αὑτήν</span> <span class='ocrx_word' id='word_1_336' title='bbox 3117 2210 3137 2236; x_wconf 79' lang='grc' dir='ltr'><strong>ε</strong></span> <span class='ocrx_word' id='word_1_337' title='bbox 3175 2185 3263 2251; x_wconf 77' lang='grc' dir='ltr'><strong>Μὴ</strong></span> <span class='ocrx_word' id='word_1_338' title='bbox 3295 2178 3488 2261; x_wconf 75' lang='grc' dir='ltr'>φοϐοῦ,</span> <span class='ocrx_word' id='word_1_339' title='bbox 3518 2182 3763 2257; x_wconf 76' lang='grc' dir='ltr'>Μαριάμ·</span> 
     </span>
    </p>
   </div>
   <div class='ocr_carea' id='block_1_43' title="bbox 2116 2269 3764 2351">
    <p class='ocr_par' dir='ltr' id='par_1_43' title="bbox 2116 2269 3764 2351">
     <span class='ocr_line' id='line_1_43' title="bbox 2116 2269 3764 2351; baseline -0.004 -21"><span class='ocrx_word' id='word_1_340' title='bbox 2116 2275 2266 2349; x_wconf 84' lang='grc' dir='ltr'>εὗρες</span> <span class='ocrx_word' id='word_1_341' title='bbox 2298 2277 2400 2351; x_wconf 80' lang='grc' dir='ltr'><strong>γὰρ</strong></span> <span class='ocrx_word' id='word_1_342' title='bbox 2433 2276 2593 2351; x_wconf 84' lang='grc' dir='ltr'>χάριν</span> <span class='ocrx_word' id='word_1_343' title='bbox 2643 2276 2789 2350; x_wconf 74' lang='grc' dir='ltr'>παρὰ</span> <span class='ocrx_word' id='word_1_344' title='bbox 2832 2278 2911 2346; x_wconf 83' lang='grc' dir='ltr'>τῷ</span> <span class='ocrx_word' id='word_1_345' title='bbox 2959 2277 3094 2346; x_wconf 84' lang='grc' dir='ltr'>Θεῷ,</span> <span class='ocrx_word' id='word_1_346' title='bbox 3145 2273 3246 2331; x_wconf 89' lang='grc' dir='ltr'>Καὶ</span> <span class='ocrx_word' id='word_1_347' title='bbox 3283 2270 3401 2326; x_wconf 73' lang='grc' dir='ltr'>ἰδοὺ</span> <span class='ocrx_word' id='word_1_348' title='bbox 3424 2269 3682 2344; x_wconf 75' lang='grc' dir='ltr'>συλλήψῃ</span> <span class='ocrx_word' id='word_1_349' title='bbox 3713 2270 3764 2325; x_wconf 73' lang='grc' dir='ltr'>ἐν</span> 
     </span>
    </p>
   </div>
   <div class='ocr_carea' id='block_1_44' title="bbox 358 2360 2014 2442">
    <p class='ocr_par' dir='ltr' id='par_1_44' title="bbox 358 2364 2007 2438">
     <span class='ocr_line' id='line_1_44' title="bbox 358 2364 2007 2438; baseline 0.002 -21"><span class='ocrx_word' id='word_1_350' title='bbox 358 2367 414 2417; x_wconf 91' lang='lat' dir='ltr'><strong>et</strong></span> <span class='ocrx_word' id='word_1_351' title='bbox 444 2364 678 2417; x_wconf 85' lang='lat' dir='ltr'><strong>vocabis</strong></span> <span class='ocrx_word' id='word_1_352' title='bbox 713 2381 920 2419; x_wconf 90' lang='lat' dir='ltr'><strong>nomen</strong></span> <span class='ocrx_word' id='word_1_353' title='bbox 954 2367 1082 2435; x_wconf 86' lang='lat' dir='ltr'><strong>ejus</strong></span> <span class='ocrx_word' id='word_1_354' title='bbox 1110 2364 1334 2420; x_wconf 88' lang='lat' dir='ltr'><strong>Jesum.</strong></span> <span class='ocrx_word' id='word_1_355' title='bbox 1367 2367 1470 2421; x_wconf 89' lang='lat' dir='ltr'><strong>Hic</strong></span> <span class='ocrx_word' id='word_1_356' title='bbox 1501 2368 1610 2422; x_wconf 89' lang='lat' dir='ltr'><strong>erit</strong></span> <span class='ocrx_word' id='word_1_357' title='bbox 1644 2384 1916 2438; x_wconf 87' lang='lat' dir='ltr'><strong>magnus,</strong></span> <span class='ocrx_word' id='word_1_358' title='bbox 1951 2371 2007 2422; x_wconf 89' lang='lat' dir='ltr'><strong>et</strong></span> 
     </span>
    </p>
   </div>
   <div class='ocr_carea' id='block_1_45' title="bbox 2126 2360 3765 2442">
    <p class='ocr_par' dir='ltr' id='par_1_45' title="bbox 2126 2360 3765 2442">
     <span class='ocr_line' id='line_1_45' title="bbox 2126 2360 3765 2442; baseline -0.004 -22"><span class='ocrx_word' id='word_1_359' title='bbox 2126 2366 2324 2442; x_wconf 76' lang='grc' dir='ltr'>γαστρὶ,</span> <span class='ocrx_word' id='word_1_360' title='bbox 2383 2363 2473 2419; x_wconf 89' lang='lat' dir='ltr'><strong>xui</strong></span> <span class='ocrx_word' id='word_1_361' title='bbox 2517 2364 2639 2438; x_wconf 74' lang='grc' dir='ltr'>τέξῃ</span> <span class='ocrx_word' id='word_1_362' title='bbox 2684 2364 2824 2435; x_wconf 76' lang='grc' dir='ltr'>υἱὸν,</span> <span class='ocrx_word' id='word_1_363' title='bbox 2873 2364 2963 2418; x_wconf 86' lang='grc' dir='ltr'><strong>καὶ</strong></span> <span class='ocrx_word' id='word_1_364' title='bbox 3012 2362 3261 2425; x_wconf 73' lang='grc' dir='ltr'>καλέσεις</span> <span class='ocrx_word' id='word_1_365' title='bbox 3301 2362 3364 2417; x_wconf 81' lang='grc' dir='ltr'>τὸ</span> <span class='ocrx_word' id='word_1_366' title='bbox 3394 2360 3570 2434; x_wconf 74' lang='grc' dir='ltr'>ὄνομα</span> <span class='ocrx_word' id='word_1_367' title='bbox 3600 2360 3765 2414; x_wconf 80' lang='grc' dir='ltr'>αὑτοῦ</span> 
     </span>
    </p>
   </div>
   <div class='ocr_carea' id='block_1_46' title="bbox 360 2450 2006 2512">
    <p class='ocr_par' dir='ltr' id='par_1_46' title="bbox 360 2450 2006 2512">
     <span class='ocr_line' id='line_1_46' title="bbox 360 2450 2006 2512; baseline 0.003 -6"><span class='ocrx_word' id='word_1_368' title='bbox 360 2450 537 2506; x_wconf 87' lang='lat' dir='ltr'><strong>Filius</strong></span> <span class='ocrx_word' id='word_1_369' title='bbox 589 2452 875 2506; x_wconf 83' lang='lat' dir='ltr'><strong>Altissimi</strong></span> <span class='ocrx_word' id='word_1_370' title='bbox 923 2454 1243 2508; x_wconf 81' lang='lat' dir='ltr'><strong>vocabitur.</strong></span> <span class='ocrx_word' id='word_1_371' title='bbox 1280 2454 1346 2508; x_wconf 83' lang='lat' dir='ltr'><strong>Et</strong></span> <span class='ocrx_word' id='word_1_372' title='bbox 1378 2454 1537 2510; x_wconf 87' lang='lat' dir='ltr'><strong>dabit</strong></span> <span class='ocrx_word' id='word_1_373' title='bbox 1585 2455 1669 2509; x_wconf 90' lang='lat' dir='ltr'><strong>illi</strong></span> <span class='ocrx_word' id='word_1_374' title='bbox 1721 2456 2006 2512; x_wconf 89' lang='lat' dir='ltr'><strong>Dominus</strong></span> 
     </span>
    </p>
   </div>
   <div class='ocr_carea' id='block_1_47' title="bbox 359 2540 2003 2616">
    <p class='ocr_par' dir='ltr' id='par_1_47' title="bbox 359 2540 2003 2616">
     <span class='ocr_line' id='line_1_47' title="bbox 359 2540 2003 2616; baseline 0.002 -21"><span class='ocrx_word' id='word_1_375' title='bbox 359 2540 512 2595; x_wconf 89' lang='lat' dir='ltr'><strong>Deus</strong></span> <span class='ocrx_word' id='word_1_376' title='bbox 560 2541 835 2595; x_wconf 87' lang='lat' dir='ltr'><strong>thronum</strong></span> <span class='ocrx_word' id='word_1_377' title='bbox 886 2542 1062 2596; x_wconf 86' lang='lat' dir='ltr'><strong>David</strong></span> <span class='ocrx_word' id='word_1_378' title='bbox 1112 2543 1292 2613; x_wconf 91' lang='lat' dir='ltr'><strong>patris</strong></span> <span class='ocrx_word' id='word_1_379' title='bbox 1340 2544 1489 2614; x_wconf 77' lang='lat' dir='ltr'><strong>ejus,</strong></span> <span class='ocrx_word' id='word_1_380' title='bbox 1522 2549 1579 2600; x_wconf 92' lang='lat' dir='ltr'><strong>et</strong></span> <span class='ocrx_word' id='word_1_381' title='bbox 1627 2545 1889 2616; x_wconf 86' lang='lat' dir='ltr'><strong>regnabit</strong></span> <span class='ocrx_word' id='word_1_382' title='bbox 1946 2546 2003 2599; x_wconf 88' lang='lat' dir='ltr'><strong>in</strong></span> 
     </span>
    </p>
   </div>
   <div class='ocr_carea' id='block_1_48' title="bbox 362 2630 2005 2702">
    <p class='ocr_par' dir='ltr' id='par_1_48' title="bbox 362 2630 2005 2702">
     <span class='ocr_line' id='line_1_48' title="bbox 362 2630 2005 2702; baseline 0.003 -20"><span class='ocrx_word' id='word_1_383' title='bbox 362 2630 536 2682; x_wconf 88' lang='lat' dir='ltr'><strong>domo</strong></span> <span class='ocrx_word' id='word_1_384' title='bbox 567 2630 743 2684; x_wconf 88' lang='lat' dir='ltr'><strong>Jacob</strong></span> <span class='ocrx_word' id='word_1_385' title='bbox 788 2630 845 2683; x_wconf 90' lang='lat' dir='ltr'><strong>in</strong></span> <span class='ocrx_word' id='word_1_386' title='bbox 894 2630 1125 2699; x_wconf 66' lang='lat' dir='ltr'><strong>saecula,</strong></span> <span class='ocrx_word' id='word_1_387' title='bbox 1159 2636 1216 2687; x_wconf 91' lang='lat' dir='ltr'><strong>et</strong></span> <span class='ocrx_word' id='word_1_388' title='bbox 1247 2632 1405 2702; x_wconf 89' lang='lat' dir='ltr'><strong>regni</strong></span> <span class='ocrx_word' id='word_1_389' title='bbox 1457 2635 1585 2701; x_wconf 88' lang='lat' dir='ltr'><strong>ejus</strong></span> <span class='ocrx_word' id='word_1_390' title='bbox 1637 2650 1747 2687; x_wconf 92' lang='lat' dir='ltr'><strong>non</strong></span> <span class='ocrx_word' id='word_1_391' title='bbox 1801 2634 1911 2687; x_wconf 84' lang='lat' dir='ltr'><strong>erit</strong></span> <span class='ocrx_word' id='word_1_392' title='bbox 1939 2634 2005 2687; x_wconf 83' lang='lat' dir='ltr'><strong>ii-</strong></span> 
     </span>
    </p>
   </div>
   <div class='ocr_carea' id='block_1_49' title="bbox 364 2717 2005 2793">
    <p class='ocr_par' dir='ltr' id='par_1_49' title="bbox 364 2717 2005 2793">
     <span class='ocr_line' id='line_1_49' title="bbox 364 2717 2005 2793; baseline 0.003 -22"><span class='ocrx_word' id='word_1_393' title='bbox 364 2717 455 2771; x_wconf 92' lang='lat' dir='ltr'><strong>nis</strong></span> <span class='ocrx_word' id='word_1_394' title='bbox 478 2719 541 2769; x_wconf 72' lang='grc'><strong>³6.</strong></span> <span class='ocrx_word' id='word_1_395' title='bbox 574 2741 597 2764; x_wconf 91' lang='grc'><strong>››</strong></span> <span class='ocrx_word' id='word_1_396' title='bbox 631 2720 711 2772; x_wconf 86' lang='lat' dir='ltr'><strong>Ad</strong></span> <span class='ocrx_word' id='word_1_397' title='bbox 749 2719 867 2773; x_wconf 54' lang='lat' dir='ltr'><strong>hac</strong></span> <span class='ocrx_word' id='word_1_398' title='bbox 900 2720 1036 2773; x_wconf 89' lang='lat' dir='ltr'><strong>item</strong></span> <span class='ocrx_word' id='word_1_399' title='bbox 1070 2721 1241 2774; x_wconf 91' lang='lat' dir='ltr'><strong>verba</strong></span> <span class='ocrx_word' id='word_1_400' title='bbox 1292 2720 1450 2775; x_wconf 89' lang='lat' dir='ltr'><strong>stetit</strong></span> <span class='ocrx_word' id='word_1_401' title='bbox 1501 2721 1776 2776; x_wconf 57' lang='lat' dir='ltr'><strong>haesitans</strong></span> <span class='ocrx_word' id='word_1_402' title='bbox 1806 2722 2005 2793; x_wconf 90' lang='lat' dir='ltr'><strong>Virgo,</strong></span> 
     </span>
    </p>
   </div>
   <div class='ocr_carea' id='block_1_50' title="bbox 367 2809 2009 2882">
    <p class='ocr_par' dir='ltr' id='par_1_50' title="bbox 367 2809 2009 2882">
     <span class='ocr_line' id='line_1_50' title="bbox 367 2809 2009 2882; baseline 0.004 -24"><span class='ocrx_word' id='word_1_403' title='bbox 367 2811 567 2876; x_wconf 84' lang='lat' dir='ltr'><strong>utpote</strong></span> <span class='ocrx_word' id='word_1_404' title='bbox 608 2809 677 2860; x_wconf 86' lang='lat' dir='ltr'><strong>ad</strong></span> <span class='ocrx_word' id='word_1_405' title='bbox 728 2813 994 2862; x_wconf 85' lang='lat' dir='ltr'><strong>naturam</strong></span> <span class='ocrx_word' id='word_1_406' title='bbox 1026 2809 1364 2881; x_wconf 83' lang='lat' dir='ltr'><strong>respiciens,</strong></span> <span class='ocrx_word' id='word_1_407' title='bbox 1398 2814 1453 2864; x_wconf 90' lang='lat' dir='ltr'><strong>et</strong></span> <span class='ocrx_word' id='word_1_408' title='bbox 1501 2811 1570 2864; x_wconf 91' lang='lat' dir='ltr'><strong>de</strong></span> <span class='ocrx_word' id='word_1_409' title='bbox 1616 2811 1868 2882; x_wconf 88' lang='lat' dir='ltr'><strong>Josepho</strong></span> <span class='ocrx_word' id='word_1_410' title='bbox 1915 2812 2009 2865; x_wconf 91' lang='lat' dir='ltr'><strong>cui</strong></span> 
     </span>
    </p>
   </div>
   <div class='ocr_carea' id='block_1_51' title="bbox 364 2896 2005 2971">
    <p class='ocr_par' dir='ltr' id='par_1_51' title="bbox 364 2896 2005 2971">
     <span class='ocr_line' id='line_1_51' title="bbox 364 2896 2005 2971; baseline 0.003 -22"><span class='ocrx_word' id='word_1_411' title='bbox 364 2896 714 2965; x_wconf 82' lang='lat' dir='ltr'><strong>desponsata</strong></span> <span class='ocrx_word' id='word_1_412' title='bbox 746 2902 869 2950; x_wconf 87' lang='lat' dir='ltr'><strong>erat</strong></span> <span class='ocrx_word' id='word_1_413' title='bbox 910 2897 1194 2969; x_wconf 81' lang='lat' dir='ltr'><strong>cogitans,</strong></span> <span class='ocrx_word' id='word_1_414' title='bbox 1228 2898 1552 2970; x_wconf 91' lang='lat' dir='ltr'><strong>angeloque</strong></span> <span class='ocrx_word' id='word_1_415' title='bbox 1602 2901 1685 2955; x_wconf 91' lang='lat' dir='ltr'><strong>sic</strong></span> <span class='ocrx_word' id='word_1_416' title='bbox 1734 2899 1961 2971; x_wconf 87' lang='lat' dir='ltr'><strong>reponit</strong></span> <span class='ocrx_word' id='word_1_417' title='bbox 1992 2915 2005 2954; x_wconf 91' lang='lat'>:</span> 
     </span>
    </p>
   </div>
   <div class='ocr_carea' id='block_1_52' title="bbox 366 2986 2011 3059">
    <p class='ocr_par' dir='ltr' id='par_1_52' title="bbox 366 2986 2011 3059">
     <span class='ocr_line' id='line_1_52' title="bbox 366 2986 2011 3059; baseline 0.005 -26"><span class='ocrx_word' id='word_1_418' title='bbox 366 2987 724 3049; x_wconf 79' lang='lat' dir='ltr'><strong>«Quomodo</strong></span> <span class='ocrx_word' id='word_1_419' title='bbox 775 2986 872 3040; x_wconf 83' lang='lat' dir='ltr'><strong>iiet</strong></span> <span class='ocrx_word' id='word_1_420' title='bbox 929 2986 1070 3040; x_wconf 91' lang='lat' dir='ltr'><strong>mihi</strong></span> <span class='ocrx_word' id='word_1_421' title='bbox 1125 2987 1300 3055; x_wconf 82' lang='lat' dir='ltr'><strong>istud,</strong></span> <span class='ocrx_word' id='word_1_422' title='bbox 1337 2989 1610 3059; x_wconf 88' lang='lat' dir='ltr'><strong>quoniam</strong></span> <span class='ocrx_word' id='word_1_423' title='bbox 1644 2989 1833 3043; x_wconf 90' lang='lat' dir='ltr'><strong>virum</strong></span> <span class='ocrx_word' id='word_1_424' title='bbox 1895 3004 2011 3043; x_wconf 87' lang='lat' dir='ltr'><strong>non</strong></span> 
     </span>
    </p>
   </div>
   <div class='ocr_carea' id='block_1_53' title="bbox 366 3075 2010 3150">
    <p class='ocr_par' dir='ltr' id='par_1_53' title="bbox 366 3075 2010 3150">
     <span class='ocr_line' id='line_1_53' title="bbox 366 3075 2010 3150; baseline 0.004 -23"><span class='ocrx_word' id='word_1_425' title='bbox 366 3090 649 3145; x_wconf 85' lang='lat' dir='ltr'><strong>cognosco</strong></span> <span class='ocrx_word' id='word_1_426' title='bbox 676 3075 761 3127; x_wconf 69' lang='lat'><strong>37‘?</strong></span> <span class='ocrx_word' id='word_1_427' title='bbox 785 3097 811 3122; x_wconf 87' lang='grc'><strong>››</strong></span> <span class='ocrx_word' id='word_1_428' title='bbox 835 3075 1340 3146; x_wconf 89' lang='lat' dir='ltr'><strong>Quandoquidem,</strong></span> <span class='ocrx_word' id='word_1_429' title='bbox 1370 3078 1471 3147; x_wconf 88' lang='lat' dir='ltr'><strong>ait,</strong></span> <span class='ocrx_word' id='word_1_430' title='bbox 1504 3095 1535 3132; x_wconf 97' lang='lat' dir='ltr'><strong>o</strong></span> <span class='ocrx_word' id='word_1_431' title='bbox 1567 3077 1788 3150; x_wconf 88' lang='lat' dir='ltr'><strong>angele,</strong></span> <span class='ocrx_word' id='word_1_432' title='bbox 1823 3079 2010 3133; x_wconf 88' lang='lat' dir='ltr'><strong>virum</strong></span> 
     </span>
    </p>
   </div>
   <div class='ocr_carea' id='block_1_54' title="bbox 377 3164 2011 3237">
    <p class='ocr_par' dir='ltr' id='par_1_54' title="bbox 377 3164 2011 3237">
     <span class='ocr_line' id='line_1_54' title="bbox 377 3164 2011 3237; baseline 0.004 -22"><span class='ocrx_word' id='word_1_433' title='bbox 377 3178 490 3215; x_wconf 91' lang='lat' dir='ltr'><strong>non</strong></span> <span class='ocrx_word' id='word_1_434' title='bbox 526 3179 825 3231; x_wconf 83' lang='lat' dir='ltr'><strong>cognosco,</strong></span> <span class='ocrx_word' id='word_1_435' title='bbox 857 3168 918 3217; x_wconf 89' lang='lat' dir='ltr'><strong>tu</strong></span> <span class='ocrx_word' id='word_1_436' title='bbox 946 3180 1077 3218; x_wconf 79' lang='lat' dir='ltr'><strong>vero</strong></span> <span class='ocrx_word' id='word_1_437' title='bbox 1112 3181 1211 3235; x_wconf 90' lang='lat' dir='ltr'><strong>per</strong></span> <span class='ocrx_word' id='word_1_438' title='bbox 1237 3164 1403 3232; x_wconf 89' lang='lat' dir='ltr'><strong>illud,</strong></span> <span class='ocrx_word' id='word_1_439' title='bbox 1434 3183 1587 3233; x_wconf 91' lang='lat' dir='ltr'><strong>ecce,</strong></span> <span class='ocrx_word' id='word_1_440' title='bbox 1610 3168 1762 3237; x_wconf 91' lang='lat' dir='ltr'><strong>quod</strong></span> <span class='ocrx_word' id='word_1_441' title='bbox 1794 3172 1884 3222; x_wconf 85' lang='lat' dir='ltr'><strong>est</strong></span> <span class='ocrx_word' id='word_1_442' title='bbox 1913 3169 2011 3223; x_wconf 86' lang='lat' dir='ltr'><strong>ud-</strong></span> 
     </span>
    </p>
   </div>
   <div class='ocr_carea' id='block_1_55' title="bbox 376 3251 2009 3327">
    <p class='ocr_par' dir='ltr' id='par_1_55' title="bbox 376 3251 2009 3327">
     <span class='ocr_line' id='line_1_55' title="bbox 376 3251 2009 3327; baseline 0.004 -23"><span class='ocrx_word' id='word_1_443' title='bbox 376 3251 639 3304; x_wconf 87' lang='lat' dir='ltr'><strong>verbium</strong></span> <span class='ocrx_word' id='word_1_444' title='bbox 702 3251 1165 3322; x_wconf 86' lang='lat' dir='ltr'><strong>demonstrandi,</strong></span> <span class='ocrx_word' id='word_1_445' title='bbox 1217 3255 1376 3308; x_wconf 85' lang='lat' dir='ltr'><strong>ais.«</strong></span> <span class='ocrx_word' id='word_1_446' title='bbox 1421 3255 1564 3309; x_wconf 85' lang='lat' dir='ltr'><strong>Ecce</strong></span> <span class='ocrx_word' id='word_1_447' title='bbox 1623 3255 1935 3327; x_wconf 84' lang='lat' dir='ltr'><strong>concipies,</strong></span> <span class='ocrx_word' id='word_1_448' title='bbox 1988 3277 2009 3303; x_wconf 76' lang='grc' dir='ltr'><strong>ι</strong></span> 
     </span>
    </p>
   </div>
   <div class='ocr_carea' id='block_1_56' title="bbox 2117 2446 3767 2528">
    <p class='ocr_par' dir='ltr' id='par_1_56' title="bbox 2117 2446 3767 2528">
     <span class='ocr_line' id='line_1_56' title="bbox 2117 2446 3767 2528; baseline -0.005 -17"><span class='ocrx_word' id='word_1_449' title='bbox 2117 2456 2349 2525; x_wconf 86' lang='grc' dir='ltr'>Ἰησοῦν.</span> <span class='ocrx_word' id='word_1_450' title='bbox 2399 2454 2568 2516; x_wconf 83' lang='grc' dir='ltr'>Οὗτος</span> <span class='ocrx_word' id='word_1_451' title='bbox 2616 2450 2760 2508; x_wconf 80' lang='grc' dir='ltr'>ἔσται</span> <span class='ocrx_word' id='word_1_452' title='bbox 2815 2453 3006 2528; x_wconf 84' lang='grc' dir='ltr'>μέγας,</span> <span class='ocrx_word' id='word_1_453' title='bbox 3053 2452 3142 2507; x_wconf 85' lang='grc' dir='ltr'><strong>καὶ</strong></span> <span class='ocrx_word' id='word_1_454' title='bbox 3186 2451 3308 2513; x_wconf 73' lang='grc' dir='ltr'>Υἱὸς</span> <span class='ocrx_word' id='word_1_455' title='bbox 3339 2450 3595 2524; x_wconf 79' lang='grc' dir='ltr'>Ὑψίστου</span> <span class='ocrx_word' id='word_1_456' title='bbox 3626 2446 3767 2518; x_wconf 82' lang='grc' dir='ltr'>κλη-</span> 
     </span>
    </p>
   </div>
   <div class='ocr_carea' id='block_1_57' title="bbox 2118 2537 3765 2615">
    <p class='ocr_par' dir='ltr' id='par_1_57' title="bbox 2118 2537 3765 2615">
     <span class='ocr_line' id='line_1_57' title="bbox 2118 2537 3765 2615; baseline -0.004 -18"><span class='ocrx_word' id='word_1_457' title='bbox 2118 2545 2359 2613; x_wconf 78' lang='grc' dir='ltr'>θήσεται,</span> <span class='ocrx_word' id='word_1_458' title='bbox 2410 2542 2499 2597; x_wconf 84' lang='grc' dir='ltr'><strong>καὶ</strong></span> <span class='ocrx_word' id='word_1_459' title='bbox 2558 2538 2717 2596; x_wconf 85' lang='grc' dir='ltr'>δώσει</span> <span class='ocrx_word' id='word_1_460' title='bbox 2767 2541 2915 2613; x_wconf 80' lang='grc' dir='ltr'><strong>αὐτῷ</strong></span> <span class='ocrx_word' id='word_1_461' title='bbox 2964 2540 3159 2615; x_wconf 73' lang='grc' dir='ltr'>Κύριος</span> <span class='ocrx_word' id='word_1_462' title='bbox 3210 2541 3238 2595; x_wconf 92' lang='lat'><strong>6</strong></span> <span class='ocrx_word' id='word_1_463' title='bbox 3299 2540 3430 2601; x_wconf 83' lang='grc' dir='ltr'>Θεὸς</span> <span class='ocrx_word' id='word_1_464' title='bbox 3459 2540 3549 2593; x_wconf 85' lang='grc' dir='ltr'><strong>τὸν</strong></span> <span class='ocrx_word' id='word_1_465' title='bbox 3581 2537 3765 2613; x_wconf 85' lang='grc' dir='ltr'>θρόνον</span> 
     </span>
    </p>
   </div>
   <div class='ocr_carea' id='block_1_58' title="bbox 2119 2627 3766 2706">
    <p class='ocr_par' dir='ltr' id='par_1_58' title="bbox 2119 2627 3766 2706">
     <span class='ocr_line' id='line_1_58' title="bbox 2119 2627 3766 2706; baseline -0.005 -19"><span class='ocrx_word' id='word_1_466' title='bbox 2119 2627 2283 2687; x_wconf 78' lang='grc' dir='ltr'>Δαϐὶδ</span> <span class='ocrx_word' id='word_1_467' title='bbox 2313 2636 2410 2687; x_wconf 85' lang='grc' dir='ltr'><strong>τοῦ</strong></span> <span class='ocrx_word' id='word_1_468' title='bbox 2441 2631 2644 2706; x_wconf 84' lang='grc' dir='ltr'>πατρὸς</span> <span class='ocrx_word' id='word_1_469' title='bbox 2676 2630 2862 2699; x_wconf 84' lang='grc' dir='ltr'>αὐτοῦ,</span> <span class='ocrx_word' id='word_1_470' title='bbox 2902 2630 2992 2685; x_wconf 84' lang='grc' dir='ltr'><strong>καὶ</strong></span> <span class='ocrx_word' id='word_1_471' title='bbox 3025 2628 3332 2706; x_wconf 74' lang='grc' dir='ltr'>βασιλεύσει</span> <span class='ocrx_word' id='word_1_472' title='bbox 3366 2628 3455 2683; x_wconf 79' lang='grc' dir='ltr'><strong>ἐπὶ</strong></span> <span class='ocrx_word' id='word_1_473' title='bbox 3494 2629 3584 2682; x_wconf 86' lang='grc' dir='ltr'>τὸν</span> <span class='ocrx_word' id='word_1_474' title='bbox 3620 2628 3766 2681; x_wconf 77' lang='grc' dir='ltr'>οἷκον</span> 
     </span>
    </p>
   </div>
   <div class='ocr_carea' id='block_1_59' title="bbox 2116 2715 3766 2793">
    <p class='ocr_par' dir='ltr' id='par_1_59' title="bbox 2116 2715 3766 2793">
     <span class='ocr_line' id='line_1_59' title="bbox 2116 2715 3766 2793; baseline -0.005 -16"><span class='ocrx_word' id='word_1_475' title='bbox 2116 2718 2313 2779; x_wconf 82' lang='grc' dir='ltr'>Ἰακὼὸ</span> <span class='ocrx_word' id='word_1_476' title='bbox 2344 2721 2421 2783; x_wconf 78' lang='grc' dir='ltr'><strong>είς</strong></span> <span class='ocrx_word' id='word_1_477' title='bbox 2468 2726 2595 2782; x_wconf 88' lang='grc' dir='ltr'>τοὺς</span> <span class='ocrx_word' id='word_1_478' title='bbox 2647 2720 2867 2787; x_wconf 81' lang='grc' dir='ltr'>αἰῶνας,</span> <span class='ocrx_word' id='word_1_479' title='bbox 2906 2719 2995 2774; x_wconf 85' lang='grc' dir='ltr'><strong>καὶ</strong></span> <span class='ocrx_word' id='word_1_480' title='bbox 3024 2726 3124 2788; x_wconf 88' lang='grc' dir='ltr'><strong>τῆς</strong></span> <span class='ocrx_word' id='word_1_481' title='bbox 3158 2717 3437 2793; x_wconf 82' lang='grc' dir='ltr'>βασιλείας</span> <span class='ocrx_word' id='word_1_482' title='bbox 3468 2717 3633 2771; x_wconf 78' lang='grc' dir='ltr'>αὑτοῦ</span> <span class='ocrx_word' id='word_1_483' title='bbox 3670 2715 3766 2770; x_wconf 77' lang='grc' dir='ltr'>οὐκ</span> 
     </span>
    </p>
   </div>
   <div class='ocr_carea' id='block_1_60' title="bbox 2120 2803 3767 2885">
    <p class='ocr_par' dir='ltr' id='par_1_60' title="bbox 2120 2803 3767 2885">
     <span class='ocr_line' id='line_1_60' title="bbox 2120 2803 3767 2885; baseline -0.004 -19"><span class='ocrx_word' id='word_1_484' title='bbox 2120 2810 2262 2866; x_wconf 73' lang='grc' dir='ltr'>ἔσται</span> <span class='ocrx_word' id='word_1_485' title='bbox 2311 2809 2492 2872; x_wconf 83' lang='grc' dir='ltr'>τέλος·</span> <span class='ocrx_word' id='word_1_486' title='bbox 2550 2835 2575 2860; x_wconf 77' lang='grc' dir='ltr'>ι)</span> <span class='ocrx_word' id='word_1_487' title='bbox 2627 2807 2801 2867; x_wconf 85' lang='grc' dir='ltr'>Ἀλλὰ</span> <span class='ocrx_word' id='word_1_488' title='bbox 2847 2808 2946 2885; x_wconf 78' lang='grc' dir='ltr'><strong>γὰρ</strong></span> <span class='ocrx_word' id='word_1_489' title='bbox 2995 2808 3085 2863; x_wconf 86' lang='grc' dir='ltr'><strong>καὶ</strong></span> <span class='ocrx_word' id='word_1_490' title='bbox 3126 2808 3264 2884; x_wconf 89' lang='grc' dir='ltr'>πρὸς</span> <span class='ocrx_word' id='word_1_491' title='bbox 3292 2812 3461 2862; x_wconf 91' lang='grc' dir='ltr'>ταῦτα</span> <span class='ocrx_word' id='word_1_492' title='bbox 3491 2804 3613 2876; x_wconf 80' lang='grc' dir='ltr'>ἔστη</span> <span class='ocrx_word' id='word_1_493' title='bbox 3652 2803 3767 2859; x_wconf 84' lang='grc' dir='ltr'>δια-</span> 
     </span>
    </p>
   </div>
   <div class='ocr_carea' id='block_1_61' title="bbox 2119 2890 3769 2975">
    <p class='ocr_par' dir='ltr' id='par_1_61' title="bbox 2119 2890 3769 2975">
     <span class='ocr_line' id='line_1_61' title="bbox 2119 2890 3769 2975; baseline -0.003 -21"><span class='ocrx_word' id='word_1_494' title='bbox 2119 2904 2362 2975; x_wconf 86' lang='grc' dir='ltr'>ποροῦσα</span> <span class='ocrx_word' id='word_1_495' title='bbox 2390 2902 2425 2968; x_wconf 84' lang='grc' dir='ltr'>ὴ</span> <span class='ocrx_word' id='word_1_496' title='bbox 2465 2897 2753 2975; x_wconf 86' lang='grc' dir='ltr'>[Ιαρθένος,</span> <span class='ocrx_word' id='word_1_497' title='bbox 2782 2899 2871 2953; x_wconf 86' lang='lat' dir='ltr'><strong>xui</strong></span> <span class='ocrx_word' id='word_1_498' title='bbox 2905 2898 2979 2960; x_wconf 86' lang='grc' dir='ltr'>ὡς</span> <span class='ocrx_word' id='word_1_499' title='bbox 3011 2899 3148 2971; x_wconf 86' lang='grc' dir='ltr'>πρὸς</span> <span class='ocrx_word' id='word_1_500' title='bbox 3185 2898 3283 2965; x_wconf 77' lang='grc' dir='ltr'>τὴν</span> <span class='ocrx_word' id='word_1_501' title='bbox 3313 2895 3467 2974; x_wconf 74' lang='grc' dir='ltr'>φύσιν</span> <span class='ocrx_word' id='word_1_502' title='bbox 3531 2890 3769 2951; x_wconf 73' lang='grc' dir='ltr'>ἀποϐλέ-</span> 
     </span>
    </p>
   </div>
   <div class='ocr_carea' id='block_1_62' title="bbox 2120 2984 3766 3062">
    <p class='ocr_par' dir='ltr' id='par_1_62' title="bbox 2120 2984 3766 3062">
     <span class='ocr_line' id='line_1_62' title="bbox 2120 2984 3766 3062; baseline -0.003 -20"><span class='ocrx_word' id='word_1_503' title='bbox 2120 3010 2313 3060; x_wconf 86' lang='grc' dir='ltr'>πουσα,</span> <span class='ocrx_word' id='word_1_504' title='bbox 2364 2987 2452 3042; x_wconf 87' lang='grc' dir='ltr'><strong>καὶ</strong></span> <span class='ocrx_word' id='word_1_505' title='bbox 2498 2988 2632 3043; x_wconf 80' lang='grc' dir='ltr'><strong>κατὰ</strong></span> <span class='ocrx_word' id='word_1_506' title='bbox 2678 2989 2767 3042; x_wconf 86' lang='grc' dir='ltr'>τὸν</span> <span class='ocrx_word' id='word_1_507' title='bbox 2819 2988 3021 3062; x_wconf 76' lang='grc' dir='ltr'>Ἰωσὴφ</span> <span class='ocrx_word' id='word_1_508' title='bbox 3071 2984 3521 3059; x_wconf 80' lang='grc' dir='ltr'>διαλογιζομένη,</span> <span class='ocrx_word' id='word_1_509' title='bbox 3552 2985 3664 3037; x_wconf 86' lang='grc' dir='ltr'>ἀνθ’</span> <span class='ocrx_word' id='word_1_510' title='bbox 3692 2984 3766 3037; x_wconf 85' lang='grc' dir='ltr'><strong>ὧν</strong></span> 
     </span>
    </p>
   </div>
   <div class='ocr_carea' id='block_1_63' title="bbox 2128 3072 3766 3151">
    <p class='ocr_par' dir='ltr' id='par_1_63' title="bbox 2128 3072 3766 3151">
     <span class='ocr_line' id='line_1_63' title="bbox 2128 3072 3766 3151; baseline -0.004 -19"><span class='ocrx_word' id='word_1_511' title='bbox 2128 3078 2573 3151; x_wconf 81' lang='grc' dir='ltr'>μεμνηστευμὲνη</span> <span class='ocrx_word' id='word_1_512' title='bbox 2628 3075 2773 3147; x_wconf 84' lang='grc' dir='ltr'>αὐτῷ</span> <span class='ocrx_word' id='word_1_513' title='bbox 2836 3076 2923 3145; x_wconf 75' lang='grc' dir='ltr'>ἦν,</span> <span class='ocrx_word' id='word_1_514' title='bbox 2992 3073 3434 3151; x_wconf 80' lang='grc' dir='ltr'>ἀνταποκρίνεται</span> <span class='ocrx_word' id='word_1_515' title='bbox 3489 3073 3621 3148; x_wconf 84' lang='grc' dir='ltr'>πρὸς</span> <span class='ocrx_word' id='word_1_516' title='bbox 3672 3072 3766 3126; x_wconf 86' lang='grc' dir='ltr'>τὸν</span> 
     </span>
    </p>
   </div>
   <div class='ocr_carea' id='block_1_64' title="bbox 2124 3161 3772 3242">
    <p class='ocr_par' dir='ltr' id='par_1_64' title="bbox 2124 3161 3772 3242">
     <span class='ocr_line' id='line_1_64' title="bbox 2124 3161 3772 3242; baseline -0.004 -22"><span class='ocrx_word' id='word_1_517' title='bbox 2124 3163 2373 3242; x_wconf 77' lang='grc' dir='ltr'>ἄγγελον,</span> <span class='ocrx_word' id='word_1_518' title='bbox 2405 3166 2494 3221; x_wconf 89' lang='grc' dir='ltr'><strong>καί</strong></span> <span class='ocrx_word' id='word_1_519' title='bbox 2524 3186 2656 3241; x_wconf 82' lang='grc' dir='ltr'>φησι</span> <span class='ocrx_word' id='word_1_520' title='bbox 2681 3184 2693 3195; x_wconf 90' lang='grc'><strong>·</strong></span> <span class='ocrx_word' id='word_1_521' title='bbox 2729 3187 2750 3213; x_wconf 73' lang='grc' dir='ltr'><strong>ι</strong></span> <span class='ocrx_word' id='word_1_522' title='bbox 2785 3169 2910 3227; x_wconf 68' lang='lat' dir='ltr'><strong>Ilii):</strong></span> <span class='ocrx_word' id='word_1_523' title='bbox 2960 3163 3105 3219; x_wconf 83' lang='grc' dir='ltr'>ἔσται</span> <span class='ocrx_word' id='word_1_524' title='bbox 3140 3184 3233 3237; x_wconf 87' lang='grc' dir='ltr'><strong>μοι</strong></span> <span class='ocrx_word' id='word_1_525' title='bbox 3279 3161 3463 3233; x_wconf 83' lang='grc' dir='ltr'>τοῦτο,</span> <span class='ocrx_word' id='word_1_526' title='bbox 3512 3161 3624 3217; x_wconf 75' lang='grc' dir='ltr'>ἐπεὶ</span> <span class='ocrx_word' id='word_1_527' title='bbox 3677 3162 3772 3215; x_wconf 80' lang='grc' dir='ltr'><strong>ἄν·</strong></span> 
     </span>
    </p>
   </div>
   <div class='ocr_carea' id='block_1_65' title="bbox 2126 3249 3770 3330">
    <p class='ocr_par' dir='ltr' id='par_1_65' title="bbox 2126 3249 3770 3330">
     <span class='ocr_line' id='line_1_65' title="bbox 2126 3249 3770 3330; baseline -0.003 -21"><span class='ocrx_word' id='word_1_528' title='bbox 2126 3253 2224 3330; x_wconf 89' lang='grc' dir='ltr'><strong>δρα</strong></span> <span class='ocrx_word' id='word_1_529' title='bbox 2276 3254 2337 3309; x_wconf 84' lang='grc' dir='ltr'><strong>οὑ</strong></span> <span class='ocrx_word' id='word_1_530' title='bbox 2394 3254 2686 3330; x_wconf 84' lang='grc' dir='ltr'>γινώσκω;</span> <span class='ocrx_word' id='word_1_531' title='bbox 2752 3278 2777 3304; x_wconf 87' lang='grc'><strong>››</strong></span> <span class='ocrx_word' id='word_1_532' title='bbox 2831 3253 2929 3307; x_wconf 85' lang='grc' dir='ltr'>Καὶ</span> <span class='ocrx_word' id='word_1_533' title='bbox 2963 3252 3203 3326; x_wconf 75' lang='grc' dir='ltr'>ἐπείπερ,</span> <span class='ocrx_word' id='word_1_534' title='bbox 3255 3252 3517 3329; x_wconf 77' lang='grc' dir='ltr'>φησὶν,ὧ</span> <span class='ocrx_word' id='word_1_535' title='bbox 3548 3249 3770 3326; x_wconf 78' lang='grc' dir='ltr'>ἄγγελε,</span> 
     </span>
    </p>
   </div>
   <div class='ocr_carea' id='block_1_66' title="bbox 374 3316 2014 3419">
    <p class='ocr_par' dir='ltr' id='par_1_66' title="bbox 374 3316 2011 3414">
     <span class='ocr_line' id='line_1_66' title="bbox 374 3316 2011 3414; baseline 0.005 -23"><span class='ocrx_word' id='word_1_536' title='bbox 374 3340 539 3409; x_wconf 88' lang='lat' dir='ltr'><strong>quasi</strong></span> <span class='ocrx_word' id='word_1_537' title='bbox 575 3345 805 3410; x_wconf 86' lang='lat' dir='ltr'><strong>tempus</strong></span> <span class='ocrx_word' id='word_1_538' title='bbox 858 3342 1066 3409; x_wconf 89' lang='lat' dir='ltr'><strong>instet;</strong></span> <span class='ocrx_word' id='word_1_539' title='bbox 1101 3316 1304 3414; x_wconf 81' lang='lat' dir='ltr'><strong>ignoro</strong></span> <span class='ocrx_word' id='word_1_540' title='bbox 1348 3346 1636 3414; x_wconf 90' lang='lat' dir='ltr'><strong>quomodo</strong></span> <span class='ocrx_word' id='word_1_541' title='bbox 1688 3316 1846 3400; x_wconf 77' lang='lat' dir='ltr'><strong>istud</strong></span> <span class='ocrx_word' id='word_1_542' title='bbox 1896 3316 2011 3399; x_wconf 71' lang='lat' dir='ltr'><strong>fiet.</strong></span> 
     </span>
    </p>
   </div>
   <div class='ocr_carea' id='block_1_67' title="bbox 2126 3316 3771 3419">
    <p class='ocr_par' dir='ltr' id='par_1_67' title="bbox 2130 3316 3771 3419">
     <span class='ocr_line' id='line_1_67' title="bbox 2130 3316 3771 3419; baseline -0.003 -21"><span class='ocrx_word' id='word_1_543' title='bbox 2130 3316 2296 3419; x_wconf 52' lang='grc' dir='ltr'>ἄνδρα</span> <span class='ocrx_word' id='word_1_544' title='bbox 2350 3316 2419 3397; x_wconf 50' lang='grc' dir='ltr'>οὐ,</span> <span class='ocrx_word' id='word_1_545' title='bbox 2469 3316 2742 3418; x_wconf 76' lang='grc' dir='ltr'>γινώσκω,</span> <span class='ocrx_word' id='word_1_546' title='bbox 2802 3341 2864 3395; x_wconf 81' lang='grc' dir='ltr'><strong>σὺ</strong></span> <span class='ocrx_word' id='word_1_547' title='bbox 2922 3339 2978 3396; x_wconf 65' lang='grc' dir='ltr'>δὲ</span> <span class='ocrx_word' id='word_1_548' title='bbox 3034 3341 3121 3396; x_wconf 76' lang='grc' dir='ltr'>διὰ</span> <span class='ocrx_word' id='word_1_549' title='bbox 3153 3316 3466 3413; x_wconf 31' lang='grc' dir='ltr'>’τοῦζυίδοῖῃ</span> <span class='ocrx_word' id='word_1_550' title='bbox 3501 3316 3771 3395; x_wconf 70' lang='grc' dir='ltr'>δεικτικοῦ</span> 
     </span>
    </p>
   </div>
   <div class='ocr_carea' id='block_1_68' title="bbox 372 3428 2013 3504">
    <p class='ocr_par' dir='ltr' id='par_1_68' title="bbox 372 3428 2013 3504">
     <span class='ocr_line' id='line_1_68' title="bbox 372 3428 2013 3504; baseline 0.004 -23"><span class='ocrx_word' id='word_1_551' title='bbox 372 3428 506 3496; x_wconf 89' lang='lat' dir='ltr'><strong>Sed,</strong></span> <span class='ocrx_word' id='word_1_552' title='bbox 553 3445 582 3481; x_wconf 95' lang='grc' dir='ltr'><strong>ο</strong></span> <span class='ocrx_word' id='word_1_553' title='bbox 636 3429 857 3499; x_wconf 86' lang='lat' dir='ltr'><strong>angele,</strong></span> <span class='ocrx_word' id='word_1_554' title='bbox 908 3435 993 3496; x_wconf 87' lang='lat' dir='ltr'><strong>tu,</strong></span> <span class='ocrx_word' id='word_1_555' title='bbox 1043 3431 1240 3499; x_wconf 84' lang='lat' dir='ltr'><strong>dicito,</strong></span> <span class='ocrx_word' id='word_1_556' title='bbox 1274 3436 1337 3485; x_wconf 89' lang='lat' dir='ltr'><strong>tu</strong></span> <span class='ocrx_word' id='word_1_557' title='bbox 1382 3432 1782 3504; x_wconf 90' lang='lat' dir='ltr'><strong>interpretare,</strong></span> <span class='ocrx_word' id='word_1_558' title='bbox 1807 3455 1834 3481; x_wconf 83' lang='lat'><strong>«</strong></span> <span class='ocrx_word' id='word_1_559' title='bbox 1869 3448 2013 3503; x_wconf 90' lang='lat' dir='ltr'><strong>quo-</strong></span> 
     </span>
    </p>
   </div>
   <div class='ocr_carea' id='block_1_69' title="bbox 370 3518 2017 3594">
    <p class='ocr_par' dir='ltr' id='par_1_69' title="bbox 370 3518 2017 3594">
     <span class='ocr_line' id='line_1_69' title="bbox 370 3518 2017 3594; baseline 0.001 -23"><span class='ocrx_word' id='word_1_560' title='bbox 370 3518 541 3571; x_wconf 92' lang='lat' dir='ltr'><strong>modo</strong></span> <span class='ocrx_word' id='word_1_561' title='bbox 575 3520 669 3572; x_wconf 79' lang='lat' dir='ltr'><strong>ﬁet</strong></span> <span class='ocrx_word' id='word_1_562' title='bbox 701 3518 877 3572; x_wconf 87' lang='lat' dir='ltr'><strong>istud.</strong></span> <span class='ocrx_word' id='word_1_563' title='bbox 905 3541 931 3567; x_wconf 87' lang='grc'><strong>››</strong></span> <span class='ocrx_word' id='word_1_564' title='bbox 958 3519 1338 3592; x_wconf 81' lang='lat' dir='ltr'><strong>Respondens</strong></span> <span class='ocrx_word' id='word_1_565' title='bbox 1360 3526 1553 3576; x_wconf 86' lang='lat' dir='ltr'><strong>autem</strong></span> <span class='ocrx_word' id='word_1_566' title='bbox 1582 3523 1848 3594; x_wconf 87' lang='lat' dir='ltr'><strong>angelus,</strong></span> <span class='ocrx_word' id='word_1_567' title='bbox 1872 3520 2017 3574; x_wconf 88' lang='lat' dir='ltr'><strong>dixit</strong></span> 
     </span>
    </p>
   </div>
   <div class='ocr_carea' id='block_1_70' title="bbox 370 3606 2017 3681">
    <p class='ocr_par' dir='ltr' id='par_1_70' title="bbox 370 3606 2017 3681">
     <span class='ocr_line' id='line_1_70' title="bbox 370 3606 2017 3681; baseline 0.001 -20"><span class='ocrx_word' id='word_1_568' title='bbox 370 3606 418 3661; x_wconf 91' lang='lat' dir='ltr'><strong>ei</strong></span> <span class='ocrx_word' id='word_1_569' title='bbox 447 3625 458 3659; x_wconf 89' lang='lat'><strong>:</strong></span> <span class='ocrx_word' id='word_1_570' title='bbox 490 3630 509 3655; x_wconf 85' lang='grc'><em>‹‹</em></span> <span class='ocrx_word' id='word_1_571' title='bbox 539 3606 790 3677; x_wconf 87' lang='lat' dir='ltr'><strong>Spiritus</strong></span> <span class='ocrx_word' id='word_1_572' title='bbox 838 3613 1077 3663; x_wconf 86' lang='lat' dir='ltr'><strong>sanctus</strong></span> <span class='ocrx_word' id='word_1_573' title='bbox 1126 3610 1499 3681; x_wconf 88' lang='lat' dir='ltr'><strong>superveniet</strong></span> <span class='ocrx_word' id='word_1_574' title='bbox 1545 3610 1604 3664; x_wconf 91' lang='lat' dir='ltr'><strong>in</strong></span> <span class='ocrx_word' id='word_1_575' title='bbox 1637 3615 1713 3680; x_wconf 90' lang='lat' dir='ltr'><strong>te,</strong></span> <span class='ocrx_word' id='word_1_576' title='bbox 1747 3618 1801 3665; x_wconf 89' lang='lat' dir='ltr'><strong>et</strong></span> <span class='ocrx_word' id='word_1_577' title='bbox 1833 3610 2017 3664; x_wconf 82' lang='lat' dir='ltr'><strong>virtus</strong></span> 
     </span>
    </p>
   </div>
   <div class='ocr_carea' id='block_1_71' title="bbox 376 3695 2017 3768">
    <p class='ocr_par' dir='ltr' id='par_1_71' title="bbox 376 3695 2017 3768">
     <span class='ocr_line' id='line_1_71' title="bbox 376 3695 2017 3768; baseline 0.002 -19"><span class='ocrx_word' id='word_1_578' title='bbox 376 3695 662 3750; x_wconf 80' lang='lat' dir='ltr'><strong>Altissimi</strong></span> <span class='ocrx_word' id='word_1_579' title='bbox 698 3698 1070 3751; x_wconf 88' lang='lat' dir='ltr'><strong>obumbrabit</strong></span> <span class='ocrx_word' id='word_1_580' title='bbox 1108 3698 1209 3753; x_wconf 90' lang='lat' dir='ltr'><strong>tibi</strong></span> <span class='ocrx_word' id='word_1_581' title='bbox 1234 3699 1294 3754; x_wconf 76' lang='grc'><strong>³⁸.</strong></span> <span class='ocrx_word' id='word_1_582' title='bbox 1326 3723 1346 3751; x_wconf 79' lang='grc' dir='ltr'><strong>ι</strong></span> <span class='ocrx_word' id='word_1_583' title='bbox 1387 3698 1514 3753; x_wconf 64' lang='lat' dir='ltr'><strong>Haec</strong></span> <span class='ocrx_word' id='word_1_584' title='bbox 1545 3704 1653 3768; x_wconf 89' lang='lat' dir='ltr'><strong>est,</strong></span> <span class='ocrx_word' id='word_1_585' title='bbox 1687 3701 1787 3768; x_wconf 90' lang='lat' dir='ltr'><strong>ait,</strong></span> <span class='ocrx_word' id='word_1_586' title='bbox 1821 3699 2017 3754; x_wconf 88' lang='lat' dir='ltr'><strong>conci-</strong></span> 
     </span>
    </p>
   </div>
   <div class='ocr_carea' id='block_1_72' title="bbox 380 3785 2019 3860">
    <p class='ocr_par' dir='ltr' id='par_1_72' title="bbox 380 3785 2019 3860">
     <span class='ocr_line' id='line_1_72' title="bbox 380 3785 2019 3860; baseline 0.002 -23"><span class='ocrx_word' id='word_1_587' title='bbox 380 3785 573 3855; x_wconf 90' lang='lat' dir='ltr'><strong>piendi</strong></span> <span class='ocrx_word' id='word_1_588' title='bbox 610 3786 755 3839; x_wconf 89' lang='lat' dir='ltr'><strong>ratio</strong></span> <span class='ocrx_word' id='word_1_589' title='bbox 783 3803 792 3839; x_wconf 91' lang='lat'>:</span> <span class='ocrx_word' id='word_1_590' title='bbox 821 3786 899 3839; x_wconf 87' lang='lat' dir='ltr'><strong>ita</strong></span> <span class='ocrx_word' id='word_1_591' title='bbox 929 3786 1219 3858; x_wconf 92' lang='lat' dir='ltr'><strong>concipies</strong></span> <span class='ocrx_word' id='word_1_592' title='bbox 1249 3787 1306 3841; x_wconf 91' lang='lat' dir='ltr'><strong>in</strong></span> <span class='ocrx_word' id='word_1_593' title='bbox 1341 3793 1527 3844; x_wconf 90' lang='lat' dir='ltr'><strong>utero.</strong></span> <span class='ocrx_word' id='word_1_594' title='bbox 1560 3789 1783 3860; x_wconf 88' lang='lat' dir='ltr'><strong>Spiritu</strong></span> <span class='ocrx_word' id='word_1_595' title='bbox 1815 3792 2019 3843; x_wconf 91' lang='lat' dir='ltr'><strong>sancto</strong></span> 
     </span>
    </p>
   </div>
   <div class='ocr_carea' id='block_1_73' title="bbox 376 3872 2020 3945">
    <p class='ocr_par' dir='ltr' id='par_1_73' title="bbox 376 3872 2020 3945">
     <span class='ocr_line' id='line_1_73' title="bbox 376 3872 2020 3945; baseline 0.003 -20"><span class='ocrx_word' id='word_1_596' title='bbox 376 3872 433 3926; x_wconf 92' lang='lat' dir='ltr'><strong>in</strong></span> <span class='ocrx_word' id='word_1_597' title='bbox 468 3879 522 3927; x_wconf 93' lang='lat' dir='ltr'><strong>te</strong></span> <span class='ocrx_word' id='word_1_598' title='bbox 546 3874 1009 3945; x_wconf 76' lang='lat' dir='ltr'><strong>superveniente,</strong></span> <span class='ocrx_word' id='word_1_599' title='bbox 1044 3881 1099 3930; x_wconf 93' lang='lat' dir='ltr'><strong>et</strong></span> <span class='ocrx_word' id='word_1_600' title='bbox 1138 3876 1349 3932; x_wconf 88' lang='lat' dir='ltr'><strong>virtute</strong></span> <span class='ocrx_word' id='word_1_601' title='bbox 1376 3877 1661 3932; x_wconf 83' lang='lat' dir='ltr'><strong>Altissimi</strong></span> <span class='ocrx_word' id='word_1_602' title='bbox 1712 3884 1766 3932; x_wconf 83' lang='lat' dir='ltr'><strong>te</strong></span> <span class='ocrx_word' id='word_1_603' title='bbox 1813 3877 2020 3931; x_wconf 91' lang='lat' dir='ltr'><strong>obum-</strong></span> 
     </span>
    </p>
   </div>
   <div class='ocr_carea' id='block_1_74' title="bbox 376 3964 2019 4037">
    <p class='ocr_par' dir='ltr' id='par_1_74' title="bbox 376 3964 2019 4037">
     <span class='ocr_line' id='line_1_74' title="bbox 376 3964 2019 4037; baseline 0.002 -21"><span class='ocrx_word' id='word_1_604' title='bbox 376 3964 598 4017; x_wconf 89' lang='lat' dir='ltr'><strong>brante.</strong></span> <span class='ocrx_word' id='word_1_605' title='bbox 626 3988 649 4010; x_wconf 88' lang='grc'><em>‹‹</em></span> <span class='ocrx_word' id='word_1_606' title='bbox 691 3966 955 4032; x_wconf 68' lang='lat' dir='ltr'><strong>Ideoque,</strong></span> <span class='ocrx_word' id='word_1_607' title='bbox 989 3965 1087 4033; x_wconf 89' lang='lat' dir='ltr'><strong>ait,</strong></span> <span class='ocrx_word' id='word_1_608' title='bbox 1119 3970 1176 4020; x_wconf 90' lang='lat' dir='ltr'><strong>et</strong></span> <span class='ocrx_word' id='word_1_609' title='bbox 1218 3967 1371 4037; x_wconf 91' lang='lat' dir='ltr'><strong>quod</strong></span> <span class='ocrx_word' id='word_1_610' title='bbox 1424 3972 1698 4022; x_wconf 89' lang='lat' dir='ltr'><strong>nascetur</strong></span> <span class='ocrx_word' id='word_1_611' title='bbox 1726 3972 2019 4033; x_wconf 88' lang='lat' dir='ltr'><strong>sanctum,</strong></span> 
     </span>
    </p>
   </div>
   <div class='ocr_carea' id='block_1_75' title="bbox 378 4052 2023 4111">
    <p class='ocr_par' dir='ltr' id='par_1_75' title="bbox 378 4052 2023 4111">
     <span class='ocr_line' id='line_1_75' title="bbox 378 4052 2023 4111; baseline 0.003 -7"><span class='ocrx_word' id='word_1_612' title='bbox 378 4052 555 4105; x_wconf 43' lang='lat' dir='ltr'><strong>li‘ilius</strong></span> <span class='ocrx_word' id='word_1_613' title='bbox 577 4052 863 4107; x_wconf 80' lang='lat' dir='ltr'><strong>Altissimi</strong></span> <span class='ocrx_word' id='word_1_614' title='bbox 888 4054 1191 4109; x_wconf 87' lang='lat' dir='ltr'><strong>vocabitur</strong></span> <span class='ocrx_word' id='word_1_615' title='bbox 1210 4056 1305 4110; x_wconf 67' lang='grc'><strong>³9.»</strong></span> <span class='ocrx_word' id='word_1_616' title='bbox 1338 4055 1440 4110; x_wconf 90' lang='lat' dir='ltr'><strong>Illa</strong></span> <span class='ocrx_word' id='word_1_617' title='bbox 1460 4072 1593 4111; x_wconf 89' lang='lat' dir='ltr'><strong>vero</strong></span> <span class='ocrx_word' id='word_1_618' title='bbox 1625 4055 1815 4110; x_wconf 88' lang='lat' dir='ltr'><strong>adhuc</strong></span> <span class='ocrx_word' id='word_1_619' title='bbox 1846 4055 2023 4110; x_wconf 67' lang='lat' dir='ltr'><strong>hinsi-</strong></span> 
     </span>
    </p>
   </div>
   <div class='ocr_carea' id='block_1_76' title="bbox 377 4141 2023 4214">
    <p class='ocr_par' dir='ltr' id='par_1_76' title="bbox 377 4141 2023 4214">
     <span class='ocr_line' id='line_1_76' title="bbox 377 4141 2023 4214; baseline 0.007 -23"><span class='ocrx_word' id='word_1_620' title='bbox 377 4145 752 4203; x_wconf 83' lang='lat' dir='ltr'><strong>tans,verum</strong></span> <span class='ocrx_word' id='word_1_621' title='bbox 798 4141 908 4196; x_wconf 89' lang='lat' dir='ltr'><strong>sibi</strong></span> <span class='ocrx_word' id='word_1_622' title='bbox 951 4142 1071 4197; x_wconf 68' lang='lat' dir='ltr'><strong>haec</strong></span> <span class='ocrx_word' id='word_1_623' title='bbox 1102 4148 1332 4214; x_wconf 88' lang='lat' dir='ltr'><strong>optans,</strong></span> <span class='ocrx_word' id='word_1_624' title='bbox 1367 4146 1537 4200; x_wconf 75' lang='lat' dir='ltr'><strong>aitzu</strong></span> <span class='ocrx_word' id='word_1_625' title='bbox 1572 4146 1696 4199; x_wconf 89' lang='lat' dir='ltr'><strong>Fiat</strong></span> <span class='ocrx_word' id='word_1_626' title='bbox 1744 4144 1887 4199; x_wconf 90' lang='lat' dir='ltr'><strong>mihi</strong></span> <span class='ocrx_word' id='word_1_627' title='bbox 1937 4162 2023 4201; x_wconf 88' lang='lat' dir='ltr'><strong>se-</strong></span> 
     </span>
    </p>
   </div>
   <div class='ocr_carea' id='block_1_77' title="bbox 379 4229 2023 4290">
    <p class='ocr_par' dir='ltr' id='par_1_77' title="bbox 379 4229 2023 4290">
     <span class='ocr_line' id='line_1_77' title="bbox 379 4229 2023 4290; baseline 0.006 -10"><span class='ocrx_word' id='word_1_628' title='bbox 379 4229 635 4281; x_wconf 87' lang='lat' dir='ltr'><strong>cundum</strong></span> <span class='ocrx_word' id='word_1_629' title='bbox 668 4230 906 4284; x_wconf 87' lang='lat' dir='ltr'><strong>verbum</strong></span> <span class='ocrx_word' id='word_1_630' title='bbox 956 4237 1123 4286; x_wconf 89' lang='lat' dir='ltr'><strong>tuum</strong></span> <span class='ocrx_word' id='word_1_631' title='bbox 1146 4234 1209 4287; x_wconf 72' lang='lat'><strong>‘0.</strong></span> <span class='ocrx_word' id='word_1_632' title='bbox 1240 4255 1267 4280; x_wconf 60' lang='grc' dir='ltr'><strong>»κ</strong></span> <span class='ocrx_word' id='word_1_633' title='bbox 1298 4235 1359 4287; x_wconf 82' lang='lat' dir='ltr'><strong>Et</strong></span> <span class='ocrx_word' id='word_1_634' title='bbox 1412 4234 1683 4290; x_wconf 81' lang='lat' dir='ltr'><strong>discessit</strong></span> <span class='ocrx_word' id='word_1_635' title='bbox 1715 4237 1786 4290; x_wconf 89' lang='lat' dir='ltr'><strong>ab</strong></span> <span class='ocrx_word' id='word_1_636' title='bbox 1818 4251 1885 4289; x_wconf 89' lang='lat' dir='ltr'><strong>ea</strong></span> <span class='ocrx_word' id='word_1_637' title='bbox 1915 4251 2023 4290; x_wconf 90' lang='lat' dir='ltr'><strong>an-</strong></span> 
     </span>
    </p>
   </div>
   <div class='ocr_carea' id='block_1_78' title="bbox 382 4317 2025 4395">
    <p class='ocr_par' dir='ltr' id='par_1_78' title="bbox 382 4317 2025 4395">
     <span class='ocr_line' id='line_1_78' title="bbox 382 4317 2025 4395; baseline 0.006 -26"><span class='ocrx_word' id='word_1_638' title='bbox 382 4317 567 4386; x_wconf 80' lang='lat' dir='ltr'><strong>gelus.</strong></span> <span class='ocrx_word' id='word_1_639' title='bbox 597 4319 738 4372; x_wconf 81' lang='lat' dir='ltr'><strong>Nam</strong></span> <span class='ocrx_word' id='word_1_640' title='bbox 772 4319 1127 4391; x_wconf 86' lang='lat' dir='ltr'><strong>evangelista</strong></span> <span class='ocrx_word' id='word_1_641' title='bbox 1174 4322 1465 4393; x_wconf 76' lang='lat' dir='ltr'><strong>signiﬁcat</strong></span> <span class='ocrx_word' id='word_1_642' title='bbox 1513 4323 1785 4395; x_wconf 85' lang='lat' dir='ltr'><strong>angelum</strong></span> <span class='ocrx_word' id='word_1_643' title='bbox 1837 4327 1908 4378; x_wconf 86' lang='lat' dir='ltr'><strong>ab</strong></span> <span class='ocrx_word' id='word_1_644' title='bbox 1958 4341 2025 4379; x_wconf 89' lang='lat' dir='ltr'><strong>ea</strong></span> 
     </span>
    </p>
   </div>
   <div class='ocr_carea' id='block_1_79' title="bbox 383 4407 2024 4483">
    <p class='ocr_par' dir='ltr' id='par_1_79' title="bbox 383 4407 2024 4483">
     <span class='ocr_line' id='line_1_79' title="bbox 383 4407 2024 4483; baseline 0.005 -22"><span class='ocrx_word' id='word_1_645' title='bbox 383 4407 745 4473; x_wconf 87' lang='lat' dir='ltr'><strong>discessisse,</strong></span> <span class='ocrx_word' id='word_1_646' title='bbox 783 4426 851 4463; x_wconf 91' lang='lat' dir='ltr'><strong>ne</strong></span> <span class='ocrx_word' id='word_1_647' title='bbox 878 4409 1241 4466; x_wconf 85' lang='lat' dir='ltr'><strong>occasionem</strong></span> <span class='ocrx_word' id='word_1_648' title='bbox 1290 4411 1364 4465; x_wconf 91' lang='lat' dir='ltr'><strong>iis</strong></span> <span class='ocrx_word' id='word_1_649' title='bbox 1414 4411 1783 4483; x_wconf 81' lang='lat' dir='ltr'><strong>relinqueret,</strong></span> <span class='ocrx_word' id='word_1_650' title='bbox 1807 4414 1902 4483; x_wconf 86' lang='lat' dir='ltr'><strong>qui</strong></span> <span class='ocrx_word' id='word_1_651' title='bbox 1936 4414 2024 4469; x_wconf 83' lang='lat' dir='ltr'><strong>di-</strong></span> 
     </span>
    </p>
   </div>
   <div class='ocr_carea' id='block_1_80' title="bbox 383 4496 2025 4571">
    <p class='ocr_par' dir='ltr' id='par_1_80' title="bbox 383 4496 2025 4571">
     <span class='ocr_line' id='line_1_80' title="bbox 383 4496 2025 4571; baseline 0.004 -20"><span class='ocrx_word' id='word_1_652' title='bbox 383 4514 509 4551; x_wconf 87' lang='lat' dir='ltr'><strong>cere</strong></span> <span class='ocrx_word' id='word_1_653' title='bbox 539 4496 767 4562; x_wconf 86' lang='lat' dir='ltr'><strong>vellent,</strong></span> <span class='ocrx_word' id='word_1_654' title='bbox 797 4499 987 4569; x_wconf 90' lang='lat' dir='ltr'><strong>ipsum</strong></span> <span class='ocrx_word' id='word_1_655' title='bbox 1012 4498 1283 4571; x_wconf 89' lang='lat' dir='ltr'><strong>angelum</strong></span> <span class='ocrx_word' id='word_1_656' title='bbox 1316 4500 1373 4553; x_wconf 91' lang='lat' dir='ltr'><strong>in</strong></span> <span class='ocrx_word' id='word_1_657' title='bbox 1396 4500 1632 4571; x_wconf 90' lang='lat' dir='ltr'><strong>Virgine</strong></span> <span class='ocrx_word' id='word_1_658' title='bbox 1662 4502 2025 4558; x_wconf 87' lang='lat' dir='ltr'><strong>habitantem</strong></span> 
     </span>
    </p>
   </div>
   <div class='ocr_carea' id='block_1_81' title="bbox 384 4586 2024 4660">
    <p class='ocr_par' dir='ltr' id='par_1_81' title="bbox 384 4586 2024 4660">
     <span class='ocr_line' id='line_1_81' title="bbox 384 4586 2024 4660; baseline 0.005 -21"><span class='ocrx_word' id='word_1_659' title='bbox 384 4586 751 4640; x_wconf 82' lang='lat' dir='ltr'><strong>incarnatum</strong></span> <span class='ocrx_word' id='word_1_660' title='bbox 808 4588 1009 4655; x_wconf 87' lang='lat' dir='ltr'><strong>fuisse,</strong></span> <span class='ocrx_word' id='word_1_661' title='bbox 1040 4594 1141 4644; x_wconf 88' lang='lat' dir='ltr'><strong>aut</strong></span> <span class='ocrx_word' id='word_1_662' title='bbox 1170 4589 1408 4644; x_wconf 89' lang='lat' dir='ltr'><strong>verbum</strong></span> <span class='ocrx_word' id='word_1_663' title='bbox 1458 4590 1648 4660; x_wconf 86' lang='lat' dir='ltr'><strong>angeli</strong></span> <span class='ocrx_word' id='word_1_664' title='bbox 1700 4594 2024 4647; x_wconf 85' lang='lat' dir='ltr'><strong>secundum</strong></span> 
     </span>
    </p>
   </div>
   <div class='ocr_carea' id='block_1_82' title="bbox 2122 3427 3773 3508">
    <p class='ocr_par' dir='ltr' id='par_1_82' title="bbox 2122 3427 3773 3508">
     <span class='ocr_line' id='line_1_82' title="bbox 2122 3427 3773 3508; baseline -0.004 -21"><span class='ocrx_word' id='word_1_665' title='bbox 2122 3434 2532 3508; x_wconf 81' lang='grc' dir='ltr'>προσρήματος,</span> <span class='ocrx_word' id='word_1_666' title='bbox 2583 3429 2781 3506; x_wconf 70' lang='grc' dir='ltr'>λέγεις,</span> <span class='ocrx_word' id='word_1_667' title='bbox 2846 3452 2873 3483; x_wconf 80' lang='grc' dir='ltr'><strong>ε</strong></span> <span class='ocrx_word' id='word_1_668' title='bbox 2928 3427 3067 3487; x_wconf 78' lang='grc' dir='ltr'>Ἰδοὺ</span> <span class='ocrx_word' id='word_1_669' title='bbox 3115 3428 3395 3503; x_wconf 74' lang='grc' dir='ltr'>συλλήψῃ,</span> <span class='ocrx_word' id='word_1_670' title='bbox 3428 3453 3455 3479; x_wconf 80' lang='lat' dir='ltr'><strong>n</strong></span> <span class='ocrx_word' id='word_1_671' title='bbox 3514 3428 3590 3490; x_wconf 85' lang='grc' dir='ltr'>ὡς</span> <span class='ocrx_word' id='word_1_672' title='bbox 3637 3429 3773 3482; x_wconf 80' lang='grc' dir='ltr'><strong>κατά</strong></span> 
     </span>
    </p>
   </div>
   <div class='ocr_carea' id='block_1_83' title="bbox 2124 3515 3770 3597">
    <p class='ocr_par' dir='ltr' id='par_1_83' title="bbox 2124 3515 3770 3597">
     <span class='ocr_line' id='line_1_83' title="bbox 2124 3515 3770 3597; baseline -0.003 -22"><span class='ocrx_word' id='word_1_673' title='bbox 2124 3522 2325 3597; x_wconf 88' lang='grc' dir='ltr'>χρόνον</span> <span class='ocrx_word' id='word_1_674' title='bbox 2386 3519 2666 3575; x_wconf 78' lang='grc' dir='ltr'>ένεστῶτα’</span> <span class='ocrx_word' id='word_1_675' title='bbox 2720 3539 2835 3581; x_wconf 89' lang='grc' dir='ltr'><strong>πως</strong></span> <span class='ocrx_word' id='word_1_676' title='bbox 2884 3517 3052 3588; x_wconf 80' lang='grc' dir='ltr'>ἔσται,</span> <span class='ocrx_word' id='word_1_677' title='bbox 3080 3517 3179 3573; x_wconf 82' lang='grc' dir='ltr'><strong>οὑκ</strong></span> <span class='ocrx_word' id='word_1_678' title='bbox 3207 3515 3345 3574; x_wconf 71' lang='grc' dir='ltr'>οἶδα.</span> <span class='ocrx_word' id='word_1_679' title='bbox 3376 3515 3534 3573; x_wconf 76' lang='grc' dir='ltr'>Ἀλλ’</span> <span class='ocrx_word' id='word_1_680' title='bbox 3556 3517 3695 3584; x_wconf 54' lang='lat' dir='ltr'><strong>sint,</strong></span> <span class='ocrx_word' id='word_1_681' title='bbox 3727 3517 3770 3570; x_wconf 83' lang='grc' dir='ltr'><strong>ὧ</strong></span> 
     </span>
    </p>
   </div>
   <div class='ocr_carea' id='block_1_84' title="bbox 2128 3606 3771 3686">
    <p class='ocr_par' dir='ltr' id='par_1_84' title="bbox 2128 3606 3771 3686">
     <span class='ocr_line' id='line_1_84' title="bbox 2128 3606 3771 3686; baseline -0.003 -22"><span class='ocrx_word' id='word_1_682' title='bbox 2128 3608 2432 3686; x_wconf 79' lang='grc' dir='ltr'>ἂγγελε,καὶ</span> <span class='ocrx_word' id='word_1_683' title='bbox 2465 3607 2907 3683; x_wconf 71' lang='grc' dir='ltr'>διερμήνευσον,‹‹</span> <span class='ocrx_word' id='word_1_684' title='bbox 2928 3612 3044 3669; x_wconf 84' lang='grc' dir='ltr'><strong>πῶς</strong></span> <span class='ocrx_word' id='word_1_685' title='bbox 3069 3606 3214 3662; x_wconf 80' lang='grc' dir='ltr'>ἔσται</span> <span class='ocrx_word' id='word_1_686' title='bbox 3237 3611 3423 3675; x_wconf 76' lang='grc' dir='ltr'>τοῦτος</span> <span class='ocrx_word' id='word_1_687' title='bbox 3460 3630 3489 3659; x_wconf 85' lang='grc'><strong>››</strong></span> <span class='ocrx_word' id='word_1_688' title='bbox 3515 3608 3771 3677; x_wconf 84' lang='grc' dir='ltr'>’Δποκρι-</span> 
     </span>
    </p>
   </div>
   <div class='ocr_carea' id='block_1_85' title="bbox 2128 3694 3773 3774">
    <p class='ocr_par' dir='ltr' id='par_1_85' title="bbox 2128 3694 3773 3774">
     <span class='ocr_line' id='line_1_85' title="bbox 2128 3694 3773 3774; baseline -0.002 -21"><span class='ocrx_word' id='word_1_689' title='bbox 2128 3698 2235 3759; x_wconf 82' lang='grc' dir='ltr'>θεὶς</span> <span class='ocrx_word' id='word_1_690' title='bbox 2291 3696 2349 3753; x_wconf 69' lang='grc' dir='ltr'>δὲ</span> <span class='ocrx_word' id='word_1_691' title='bbox 2403 3699 2431 3753; x_wconf 91' lang='lat'><strong>6</strong></span> <span class='ocrx_word' id='word_1_692' title='bbox 2490 3697 2742 3774; x_wconf 81' lang='grc' dir='ltr'>ἅγγελος,</span> <span class='ocrx_word' id='word_1_693' title='bbox 2795 3699 2939 3751; x_wconf 78' lang='grc' dir='ltr'>εἶπεν</span> <span class='ocrx_word' id='word_1_694' title='bbox 2970 3695 3124 3770; x_wconf 77' lang='grc' dir='ltr'>αὑτῇ·</span> <span class='ocrx_word' id='word_1_695' title='bbox 3163 3699 3449 3768; x_wconf 84' lang='grc' dir='ltr'>«Πνεῦμα</span> <span class='ocrx_word' id='word_1_696' title='bbox 3480 3697 3628 3771; x_wconf 78' lang='grc' dir='ltr'>ἅγιον</span> <span class='ocrx_word' id='word_1_697' title='bbox 3680 3694 3773 3750; x_wconf 74' lang='grc' dir='ltr'><strong>ἰπ-</strong></span> 
     </span>
    </p>
   </div>
   <div class='ocr_carea' id='block_1_86' title="bbox 2131 3783 3779 3859">
    <p class='ocr_par' dir='ltr' id='par_1_86' title="bbox 2131 3783 3779 3859">
     <span class='ocr_line' id='line_1_86' title="bbox 2131 3783 3779 3859; baseline -0.002 -18"><span class='ocrx_word' id='word_1_698' title='bbox 2131 3787 2403 3842; x_wconf 78' lang='grc' dir='ltr'>ελεὺσεται</span> <span class='ocrx_word' id='word_1_699' title='bbox 2463 3787 2550 3841; x_wconf 72' lang='grc' dir='ltr'><strong>ἐπὶ</strong></span> <span class='ocrx_word' id='word_1_700' title='bbox 2607 3787 2684 3856; x_wconf 66' lang='grc' dir='ltr'><strong>σἐ,</strong></span> <span class='ocrx_word' id='word_1_701' title='bbox 2743 3786 2832 3840; x_wconf 85' lang='lat' dir='ltr'><strong>xui</strong></span> <span class='ocrx_word' id='word_1_702' title='bbox 2893 3783 3119 3857; x_wconf 70' lang='grc' dir='ltr'>δύναμις</span> <span class='ocrx_word' id='word_1_703' title='bbox 3178 3784 3428 3859; x_wconf 83' lang='grc' dir='ltr'>Ὑψίστου</span> <span class='ocrx_word' id='word_1_704' title='bbox 3478 3784 3779 3839; x_wconf 70' lang='grc' dir='ltr'>ἅπισκιάσει</span> 
     </span>
    </p>
   </div>
   <div class='ocr_carea' id='block_1_87' title="bbox 2131 3872 3781 3953">
    <p class='ocr_par' dir='ltr' id='par_1_87' title="bbox 2131 3872 3781 3953">
     <span class='ocr_line' id='line_1_87' title="bbox 2131 3872 3781 3953; baseline -0.002 -23"><span class='ocrx_word' id='word_1_705' title='bbox 2131 3897 2236 3931; x_wconf 86' lang='grc' dir='ltr'>σοι.</span> <span class='ocrx_word' id='word_1_706' title='bbox 2293 3900 2319 3926; x_wconf 92' lang='grc'><strong>››</strong></span> <span class='ocrx_word' id='word_1_707' title='bbox 2366 3876 2555 3945; x_wconf 76' lang='grc' dir='ltr'>Οὗτος,</span> <span class='ocrx_word' id='word_1_708' title='bbox 2607 3875 2769 3953; x_wconf 80' lang='grc' dir='ltr'>φησὶν</span> <span class='ocrx_word' id='word_1_709' title='bbox 2803 3876 2831 3931; x_wconf 88' lang='lat'><strong>6</strong></span> <span class='ocrx_word' id='word_1_710' title='bbox 2860 3874 3061 3951; x_wconf 61' lang='grc' dir='ltr'>τρόπος</span> <span class='ocrx_word' id='word_1_711' title='bbox 3089 3877 3187 3940; x_wconf 73' lang='grc' dir='ltr'><strong>τῆς</strong></span> <span class='ocrx_word' id='word_1_712' title='bbox 3222 3873 3574 3945; x_wconf 72' lang='grc' dir='ltr'>συλλήψεως,</span> <span class='ocrx_word' id='word_1_713' title='bbox 3610 3872 3781 3933; x_wconf 75' lang='grc' dir='ltr'>οὕτως</span> 
     </span>
    </p>
   </div>
   <div class='ocr_carea' id='block_1_88' title="bbox 2132 3962 3779 4040">
    <p class='ocr_par' dir='ltr' id='par_1_88' title="bbox 2132 3962 3779 4040">
     <span class='ocr_line' id='line_1_88' title="bbox 2132 3962 3779 4040; baseline -0.002 -21"><span class='ocrx_word' id='word_1_714' title='bbox 2132 3964 2389 4040; x_wconf 74' lang='grc' dir='ltr'>συλλήψῃ</span> <span class='ocrx_word' id='word_1_715' title='bbox 2446 3964 2496 4019; x_wconf 84' lang='grc' dir='ltr'>ἐν</span> <span class='ocrx_word' id='word_1_716' title='bbox 2557 3964 2768 4039; x_wconf 85' lang='grc' dir='ltr'>γαστρὶ,</span> <span class='ocrx_word' id='word_1_717' title='bbox 2833 3963 3145 4036; x_wconf 76' lang='grc' dir='ltr'>ΙΙνε·3ματος</span> <span class='ocrx_word' id='word_1_718' title='bbox 3197 3962 3348 4039; x_wconf 80' lang='grc' dir='ltr'>ἁγίου</span> <span class='ocrx_word' id='word_1_719' title='bbox 3408 3962 3779 4037; x_wconf 77' lang='grc' dir='ltr'>ἐπερχομένου</span> 
     </span>
    </p>
   </div>
   <div class='ocr_carea' id='block_1_89' title="bbox 2131 4051 3776 4127">
    <p class='ocr_par' dir='ltr' id='par_1_89' title="bbox 2131 4051 3776 4127">
     <span class='ocr_line' id='line_1_89' title="bbox 2131 4051 3776 4127; baseline -0.003 -18"><span class='ocrx_word' id='word_1_720' title='bbox 2131 4076 2239 4127; x_wconf 91' lang='grc' dir='ltr'>σοι,</span> <span class='ocrx_word' id='word_1_721' title='bbox 2270 4055 2360 4109; x_wconf 86' lang='lat' dir='ltr'><strong>xui</strong></span> <span class='ocrx_word' id='word_1_722' title='bbox 2393 4052 2671 4127; x_wconf 85' lang='grc' dir='ltr'>δυνάμεως</span> <span class='ocrx_word' id='word_1_723' title='bbox 2702 4053 2951 4127; x_wconf 80' lang='grc' dir='ltr'>Ὑψίστου</span> <span class='ocrx_word' id='word_1_724' title='bbox 2985 4051 3401 4121; x_wconf 72' lang='grc' dir='ltr'>ἆπισκιαζούστ,ς</span> <span class='ocrx_word' id='word_1_725' title='bbox 3434 4073 3539 4107; x_wconf 92' lang='grc' dir='ltr'>σοι.</span> <span class='ocrx_word' id='word_1_726' title='bbox 3603 4075 3629 4103; x_wconf 83' lang='grc'><strong>‹‹</strong></span> <span class='ocrx_word' id='word_1_727' title='bbox 3664 4051 3776 4122; x_wconf 73' lang='grc' dir='ltr'>Διό,</span> 
     </span>
    </p>
   </div>
   <div class='ocr_carea' id='block_1_90' title="bbox 2133 4139 3857 4223">
    <p class='ocr_par' dir='ltr' id='par_1_90' title="bbox 2133 4139 3857 4223">
     <span class='ocr_line' id='line_1_90' title="bbox 2133 4139 3857 4223; baseline -0.003 -24"><span class='ocrx_word' id='word_1_728' title='bbox 2133 4145 2289 4223; x_wconf 77' lang='grc' dir='ltr'>φησὶ,</span> <span class='ocrx_word' id='word_1_729' title='bbox 2338 4143 2425 4198; x_wconf 81' lang='lat' dir='ltr'><strong>xui</strong></span> <span class='ocrx_word' id='word_1_730' title='bbox 2481 4143 2544 4198; x_wconf 86' lang='grc' dir='ltr'>τὸ</span> <span class='ocrx_word' id='word_1_731' title='bbox 2602 4144 2932 4217; x_wconf 84' lang='grc' dir='ltr'>γεννώμενον</span> <span class='ocrx_word' id='word_1_732' title='bbox 2987 4143 3134 4217; x_wconf 76' lang='grc' dir='ltr'>ἅγιον</span> <span class='ocrx_word' id='word_1_733' title='bbox 3186 4142 3307 4202; x_wconf 70' lang='grc' dir='ltr'>Υἱὸς</span> <span class='ocrx_word' id='word_1_734' title='bbox 3353 4141 3602 4214; x_wconf 81' lang='grc' dir='ltr'>Ὑψίστου</span> <span class='ocrx_word' id='word_1_735' title='bbox 3633 4139 3778 4210; x_wconf 82' lang='grc' dir='ltr'>κλη-</span> <span class='ocrx_word' id='word_1_736' title='bbox 3850 4146 3857 4151; x_wconf 83' lang='grc'><em>’</em></span> 
     </span>
    </p>
   </div>
   <div class='ocr_carea' id='block_1_91' title="bbox 2134 4228 3780 4305">
    <p class='ocr_par' dir='ltr' id='par_1_91' title="bbox 2134 4228 3780 4305">
     <span class='ocr_line' id='line_1_91' title="bbox 2134 4228 3780 4305; baseline -0.002 -18"><span class='ocrx_word' id='word_1_737' title='bbox 2134 4236 2373 4304; x_wconf 81' lang='grc' dir='ltr'>θήσεται.</span> <span class='ocrx_word' id='word_1_738' title='bbox 2431 4258 2450 4282; x_wconf 76' lang='grc' dir='ltr'><strong><em>ι</em></strong></span> <span class='ocrx_word' id='word_1_739' title='bbox 2501 4238 2561 4287; x_wconf 76' lang='grc' dir='ltr'><strong><em>Ἠ</em></strong></span> <span class='ocrx_word' id='word_1_740' title='bbox 2611 4229 2667 4286; x_wconf 76' lang='grc' dir='ltr'>δὲ</span> <span class='ocrx_word' id='word_1_741' title='bbox 2696 4231 2784 4286; x_wconf 86' lang='lat' dir='ltr'><strong>xui</strong></span> <span class='ocrx_word' id='word_1_742' title='bbox 2818 4228 2895 4285; x_wconf 82' lang='grc' dir='ltr'>ἔτι</span> <span class='ocrx_word' id='word_1_743' title='bbox 2931 4228 3288 4303; x_wconf 80' lang='grc' dir='ltr'>διαποροῦσα,</span> <span class='ocrx_word' id='word_1_744' title='bbox 3333 4229 3479 4297; x_wconf 66' lang='grc' dir='ltr'>πλὴν</span> <span class='ocrx_word' id='word_1_745' title='bbox 3515 4228 3780 4305; x_wconf 73' lang='grc' dir='ltr'>έπευχου-</span> 
     </span>
    </p>
   </div>
   <div class='ocr_carea' id='block_1_92' title="bbox 2138 4317 3782 4398">
    <p class='ocr_par' dir='ltr' id='par_1_92' title="bbox 2138 4317 3782 4398">
     <span class='ocr_line' id='line_1_92' title="bbox 2138 4317 3782 4398; baseline -0.005 -21"><span class='ocrx_word' id='word_1_746' title='bbox 2138 4325 2272 4396; x_wconf 80' lang='grc' dir='ltr'>μένη</span> <span class='ocrx_word' id='word_1_747' title='bbox 2308 4321 2488 4396; x_wconf 66' lang='grc' dir='ltr'>ἑαυτῇ,</span> <span class='ocrx_word' id='word_1_748' title='bbox 2521 4320 2673 4398; x_wconf 83' lang='grc' dir='ltr'>φησί·</span> <span class='ocrx_word' id='word_1_749' title='bbox 2711 4344 2737 4372; x_wconf 90' lang='grc'><strong>‹‹</strong></span> <span class='ocrx_word' id='word_1_750' title='bbox 2766 4319 2982 4375; x_wconf 81' lang='grc' dir='ltr'>Γένοιτό</span> <span class='ocrx_word' id='word_1_751' title='bbox 3018 4339 3110 4392; x_wconf 86' lang='grc' dir='ltr'><strong>μοι</strong></span> <span class='ocrx_word' id='word_1_752' title='bbox 3142 4319 3277 4373; x_wconf 84' lang='grc' dir='ltr'><strong>κατὰ</strong></span> <span class='ocrx_word' id='word_1_753' title='bbox 3303 4319 3365 4372; x_wconf 85' lang='grc' dir='ltr'>τὸ</span> <span class='ocrx_word' id='word_1_754' title='bbox 3419 4317 3570 4393; x_wconf 73' lang='grc' dir='ltr'>ῥῆμά</span> <span class='ocrx_word' id='word_1_755' title='bbox 3600 4338 3717 4373; x_wconf 86' lang='grc' dir='ltr'>σου.</span> <span class='ocrx_word' id='word_1_756' title='bbox 3751 4339 3782 4368; x_wconf 71' lang='grc' dir='ltr'><strong>η</strong></span> 
     </span>
    </p>
   </div>
   <div class='ocr_carea' id='block_1_93' title="bbox 2135 4405 3781 4483">
    <p class='ocr_par' dir='ltr' id='par_1_93' title="bbox 2135 4405 3781 4483">
     <span class='ocr_line' id='line_1_93' title="bbox 2135 4405 3781 4483; baseline -0.005 -16"><span class='ocrx_word' id='word_1_757' title='bbox 2135 4413 2239 4468; x_wconf 85' lang='grc' dir='ltr'><strong>Καὶ</strong></span> <span class='ocrx_word' id='word_1_758' title='bbox 2290 4409 2531 4479; x_wconf 76' lang='grc' dir='ltr'>ἀπῆλθεν</span> <span class='ocrx_word' id='word_1_759' title='bbox 2592 4410 2682 4463; x_wconf 83' lang='grc' dir='ltr'>ἀπ’</span> <span class='ocrx_word' id='word_1_760' title='bbox 2735 4409 2901 4478; x_wconf 80' lang='grc' dir='ltr'>αὐτῆς</span> <span class='ocrx_word' id='word_1_761' title='bbox 2952 4409 2980 4463; x_wconf 91' lang='grc' dir='ltr'>ὁ</span> <span class='ocrx_word' id='word_1_762' title='bbox 3028 4406 3291 4483; x_wconf 80' lang='grc' dir='ltr'>ἅγγελος.</span> <span class='ocrx_word' id='word_1_763' title='bbox 3333 4405 3781 4479; x_wconf 85' lang='grc' dir='ltr'>Ἐπισημαίνεται</span> 
     </span>
    </p>
   </div>
   <div class='ocr_carea' id='block_1_94' title="bbox 2137 4494 3783 4576">
    <p class='ocr_par' dir='ltr' id='par_1_94' title="bbox 2137 4494 3783 4576">
     <span class='ocr_line' id='line_1_94' title="bbox 2137 4494 3783 4576; baseline -0.004 -22"><span class='ocrx_word' id='word_1_764' title='bbox 2137 4502 2238 4576; x_wconf 82' lang='grc' dir='ltr'><strong>γὰρ</strong></span> <span class='ocrx_word' id='word_1_765' title='bbox 2295 4504 2455 4554; x_wconf 83' lang='grc' dir='ltr'>τοῦτο</span> <span class='ocrx_word' id='word_1_766' title='bbox 2509 4499 2537 4553; x_wconf 87' lang='lat'><strong>6</strong></span> <span class='ocrx_word' id='word_1_767' title='bbox 2587 4495 2992 4573; x_wconf 56' lang='grc' dir='ltr'>εὐαγγελιστῂ,</span> <span class='ocrx_word' id='word_1_768' title='bbox 3044 4496 3125 4552; x_wconf 78' lang='grc' dir='ltr'>ὅτι</span> <span class='ocrx_word' id='word_1_769' title='bbox 3158 4494 3399 4565; x_wconf 80' lang='grc' dir='ltr'>ἀπῆλθεν</span> <span class='ocrx_word' id='word_1_770' title='bbox 3432 4495 3523 4549; x_wconf 83' lang='grc' dir='ltr'>ἀπ’</span> <span class='ocrx_word' id='word_1_771' title='bbox 3553 4494 3722 4562; x_wconf 79' lang='grc' dir='ltr'>αὐτῆς</span> <span class='ocrx_word' id='word_1_772' title='bbox 3752 4495 3783 4549; x_wconf 88' lang='lat'><strong>6</strong></span> 
     </span>
    </p>
   </div>
   <div class='ocr_carea' id='block_1_95' title="bbox 2137 4580 3783 4665">
    <p class='ocr_par' dir='ltr' id='par_1_95' title="bbox 2137 4580 3783 4665">
     <span class='ocr_line' id='line_1_95' title="bbox 2137 4580 3783 4665; baseline -0.005 -21"><span class='ocrx_word' id='word_1_773' title='bbox 2137 4588 2392 4665; x_wconf 74' lang='grc' dir='ltr'>ἅγγελος,</span> <span class='ocrx_word' id='word_1_774' title='bbox 2442 4586 2535 4642; x_wconf 80' lang='lat' dir='ltr'><strong>&#39;ivu</strong></span> <span class='ocrx_word' id='word_1_775' title='bbox 2594 4587 2668 4660; x_wconf 80' lang='grc' dir='ltr'>μή</span> <span class='ocrx_word' id='word_1_776' title='bbox 2714 4585 3012 4660; x_wconf 81' lang='grc' dir='ltr'>καταλείψῃ</span> <span class='ocrx_word' id='word_1_777' title='bbox 3065 4586 3318 4662; x_wconf 75' lang='grc' dir='ltr'>ἀφορμὴν</span> <span class='ocrx_word' id='word_1_778' title='bbox 3375 4589 3495 4646; x_wconf 86' lang='grc' dir='ltr'>τοῖς</span> <span class='ocrx_word' id='word_1_779' title='bbox 3535 4580 3783 4647; x_wconf 77' lang='grc' dir='ltr'>ἐθέλουσι</span> 
     </span>
    </p>
   </div>
   <div class='ocr_carea' id='block_1_96' title="bbox 380 4651 2014 4754">
    <p class='ocr_par' dir='ltr' id='par_1_96' title="bbox 380 4675 2014 4750">
     <span class='ocr_line' id='line_1_96' title="bbox 380 4675 2014 4750; baseline 0.006 -22"><span class='ocrx_word' id='word_1_780' title='bbox 380 4675 759 4745; x_wconf 76' lang='lat' dir='ltr'><strong>prolationem</strong></span> <span class='ocrx_word' id='word_1_781' title='bbox 794 4678 942 4743; x_wconf 92' lang='lat' dir='ltr'><strong>soni,</strong></span> <span class='ocrx_word' id='word_1_782' title='bbox 977 4677 1440 4733; x_wconf 87' lang='lat' dir='ltr'><strong>Incarnationem</strong></span> <span class='ocrx_word' id='word_1_783' title='bbox 1474 4684 1779 4750; x_wconf 86' lang='lat' dir='ltr'><strong>operatum</strong></span> <span class='ocrx_word' id='word_1_784' title='bbox 1823 4681 2014 4737; x_wconf 82' lang='lat' dir='ltr'><strong>fuisse.</strong></span> 
     </span>
    </p>
   </div>
   <div class='ocr_carea' id='block_1_97' title="bbox 2126 4651 3786 4754">
    <p class='ocr_par' dir='ltr' id='par_1_97' title="bbox 2137 4651 3786 4754">
     <span class='ocr_line' id='line_1_97' title="bbox 2137 4651 3786 4754; baseline -0.005 -22"><span class='ocrx_word' id='word_1_785' title='bbox 2137 4651 2332 4754; x_wconf 73' lang='grc' dir='ltr'>λέγειν,</span> <span class='ocrx_word' id='word_1_786' title='bbox 2366 4651 2449 4731; x_wconf 66' lang='grc' dir='ltr'><strong>ότι</strong></span> <span class='ocrx_word' id='word_1_787' title='bbox 2483 4651 2699 4737; x_wconf 37' lang='grc' dir='ltr'>αὑτός-ὁ</span> <span class='ocrx_word' id='word_1_788' title='bbox 2731 4651 2962 4751; x_wconf 78' lang='grc' dir='ltr'>ἄγγελος</span> <span class='ocrx_word' id='word_1_789' title='bbox 2989 4651 3284 4744; x_wconf 67' lang='grc' dir='ltr'>ένοικήσας</span> <span class='ocrx_word' id='word_1_790' title='bbox 3317 4672 3368 4727; x_wconf 80' lang='grc' dir='ltr'>έν</span> <span class='ocrx_word' id='word_1_791' title='bbox 3410 4676 3479 4746; x_wconf 80' lang='grc' dir='ltr'>τῇ</span> <span class='ocrx_word' id='word_1_792' title='bbox 3527 4672 3786 4747; x_wconf 78' lang='grc' dir='ltr'>Παρθένῳ</span> 
     </span>
    </p>
   </div>
   <div class='ocr_carea' id='block_1_98' title="bbox 377 4765 2026 4840">
    <p class='ocr_par' dir='ltr' id='par_1_98' title="bbox 377 4765 2026 4840">
     <span class='ocr_line' id='line_1_98' title="bbox 377 4765 2026 4840; baseline 0.005 -23"><span class='ocrx_word' id='word_1_793' title='bbox 377 4766 483 4819; x_wconf 87' lang='lat' dir='ltr'><strong>Sed</strong></span> <span class='ocrx_word' id='word_1_794' title='bbox 520 4765 759 4831; x_wconf 82' lang='lat' dir='ltr'><strong>indicat,</strong></span> <span class='ocrx_word' id='word_1_795' title='bbox 795 4766 1144 4821; x_wconf 88' lang='lat' dir='ltr'><strong>abscedente</strong></span> <span class='ocrx_word' id='word_1_796' title='bbox 1184 4766 1388 4839; x_wconf 87' lang='lat' dir='ltr'><strong>angelo</strong></span> <span class='ocrx_word' id='word_1_797' title='bbox 1421 4768 1704 4840; x_wconf 90' lang='lat' dir='ltr'><strong>Spiritum</strong></span> <span class='ocrx_word' id='word_1_798' title='bbox 1754 4775 2026 4827; x_wconf 86' lang='lat' dir='ltr'><strong>sanctum</strong></span> 
     </span>
    </p>
   </div>
   <div class='ocr_carea' id='block_1_99' title="bbox 380 4854 2027 4928">
    <p class='ocr_par' dir='ltr' id='par_1_99' title="bbox 380 4854 2027 4928">
     <span class='ocr_line' id='line_1_99' title="bbox 380 4854 2027 4928; baseline 0.005 -21"><span class='ocrx_word' id='word_1_799' title='bbox 380 4854 438 4907; x_wconf 92' lang='lat' dir='ltr'><strong>in</strong></span> <span class='ocrx_word' id='word_1_800' title='bbox 494 4855 791 4925; x_wconf 85' lang='lat' dir='ltr'><strong>Virginem</strong></span> <span class='ocrx_word' id='word_1_801' title='bbox 854 4856 1282 4928; x_wconf 85' lang='lat' dir='ltr'><strong>supervenisse,</strong></span> <span class='ocrx_word' id='word_1_802' title='bbox 1314 4862 1371 4911; x_wconf 88' lang='lat' dir='ltr'><strong>et</strong></span> <span class='ocrx_word' id='word_1_803' title='bbox 1415 4858 1688 4913; x_wconf 89' lang='lat' dir='ltr'><strong>virtutem</strong></span> <span class='ocrx_word' id='word_1_804' title='bbox 1740 4858 2027 4915; x_wconf 86' lang='lat' dir='ltr'><strong>Altissimi</strong></span> 
     </span>
    </p>
   </div>
   <div class='ocr_carea' id='block_1_100' title="bbox 385 4944 2032 5019">
    <p class='ocr_par' dir='ltr' id='par_1_100' title="bbox 385 4944 2032 5019">
     <span class='ocr_line' id='line_1_100' title="bbox 385 4944 2032 5019; baseline 0.004 -21"><span class='ocrx_word' id='word_1_805' title='bbox 385 4944 769 4999; x_wconf 77' lang='lat' dir='ltr'><strong>obumbrnsse</strong></span> <span class='ocrx_word' id='word_1_806' title='bbox 800 4944 880 4999; x_wconf 90' lang='lat' dir='ltr'><strong>illi</strong></span> <span class='ocrx_word' id='word_1_807' title='bbox 917 4963 928 5000; x_wconf 92' lang='lat'><strong>:</strong></span> <span class='ocrx_word' id='word_1_808' title='bbox 964 4950 1137 5017; x_wconf 88' lang='lat' dir='ltr'><strong>atque</strong></span> <span class='ocrx_word' id='word_1_809' title='bbox 1167 4945 1248 5001; x_wconf 87' lang='lat' dir='ltr'><strong>ita</strong></span> <span class='ocrx_word' id='word_1_810' title='bbox 1276 4946 1513 5002; x_wconf 90' lang='lat' dir='ltr'><strong>demum</strong></span> <span class='ocrx_word' id='word_1_811' title='bbox 1546 4947 1898 5019; x_wconf 90' lang='lat' dir='ltr'><strong>completum</strong></span> <span class='ocrx_word' id='word_1_812' title='bbox 1942 4955 2032 5005; x_wconf 91' lang='lat' dir='ltr'><strong>est</strong></span> 
     </span>
    </p>
   </div>
   <div class='ocr_carea' id='block_1_101' title="bbox 385 5034 2029 5104">
    <p class='ocr_par' dir='ltr' id='par_1_101' title="bbox 385 5034 2029 5104">
     <span class='ocr_line' id='line_1_101' title="bbox 385 5034 2029 5104; baseline 0.005 -19"><span class='ocrx_word' id='word_1_813' title='bbox 385 5049 615 5087; x_wconf 89' lang='lat' dir='ltr'><strong>sacrum</strong></span> <span class='ocrx_word' id='word_1_814' title='bbox 653 5034 1048 5104; x_wconf 88' lang='lat' dir='ltr'><strong>puerperium.</strong></span> <span class='ocrx_word' id='word_1_815' title='bbox 1090 5034 1312 5097; x_wconf 85' lang='lat' dir='ltr'><strong>Quibus</strong></span> <span class='ocrx_word' id='word_1_816' title='bbox 1341 5041 1431 5092; x_wconf 85' lang='lat' dir='ltr'><strong>est</strong></span> <span class='ocrx_word' id='word_1_817' title='bbox 1459 5037 1671 5093; x_wconf 86' lang='lat' dir='ltr'><strong>iterum</strong></span> <span class='ocrx_word' id='word_1_818' title='bbox 1704 5039 2029 5095; x_wconf 85' lang='lat' dir='ltr'><strong>necessario</strong></span> 
     </span>
    </p>
   </div>
   <div class='ocr_carea' id='block_1_102' title="bbox 386 5123 2031 5196">
    <p class='ocr_par' dir='ltr' id='par_1_102' title="bbox 386 5123 2031 5196">
     <span class='ocr_line' id='line_1_102' title="bbox 386 5123 2031 5196; baseline 0.004 -21"><span class='ocrx_word' id='word_1_819' title='bbox 386 5123 799 5185; x_wconf 87' lang='lat' dir='ltr'><strong>insistendum,</strong></span> <span class='ocrx_word' id='word_1_820' title='bbox 823 5139 887 5177; x_wconf 89' lang='lat' dir='ltr'><strong>ac</strong></span> <span class='ocrx_word' id='word_1_821' title='bbox 912 5123 1400 5180; x_wconf 90' lang='lat' dir='ltr'><strong>considerandum</strong></span> <span class='ocrx_word' id='word_1_822' title='bbox 1426 5143 1541 5196; x_wconf 90' lang='lat' dir='ltr'><strong>qua</strong></span> <span class='ocrx_word' id='word_1_823' title='bbox 1563 5126 1786 5182; x_wconf 90' lang='lat' dir='ltr'><strong>ratione</strong></span> <span class='ocrx_word' id='word_1_824' title='bbox 1808 5128 1878 5182; x_wconf 92' lang='lat' dir='ltr'><strong>ad</strong></span> <span class='ocrx_word' id='word_1_825' title='bbox 1903 5127 2031 5181; x_wconf 87' lang='lat' dir='ltr'><strong>Vir-</strong></span> 
     </span>
    </p>
   </div>
   <div class='ocr_carea' id='block_1_103' title="bbox 384 5210 2035 5286">
    <p class='ocr_par' dir='ltr' id='par_1_103' title="bbox 384 5210 2035 5286">
     <span class='ocr_line' id='line_1_103' title="bbox 384 5210 2035 5286; baseline 0.004 -22"><span class='ocrx_word' id='word_1_826' title='bbox 384 5213 577 5283; x_wconf 88' lang='lat' dir='ltr'><strong>ginem</strong></span> <span class='ocrx_word' id='word_1_827' title='bbox 612 5212 831 5265; x_wconf 90' lang='lat' dir='ltr'><strong>dictum</strong></span> <span class='ocrx_word' id='word_1_828' title='bbox 886 5210 963 5265; x_wconf 90' lang='lat' dir='ltr'><strong>sit</strong></span> <span class='ocrx_word' id='word_1_829' title='bbox 995 5228 1060 5264; x_wconf 66' lang='grc' dir='ltr'><strong>εκ</strong></span> <span class='ocrx_word' id='word_1_830' title='bbox 1094 5212 1347 5283; x_wconf 85' lang='lat' dir='ltr'><strong>Spiritus</strong></span> <span class='ocrx_word' id='word_1_831' title='bbox 1391 5223 1632 5269; x_wconf 85' lang='lat' dir='ltr'><strong>sanctus</strong></span> <span class='ocrx_word' id='word_1_832' title='bbox 1665 5216 2035 5286; x_wconf 89' lang='lat' dir='ltr'><strong>superveniet</strong></span> 
     </span>
    </p>
   </div>
   <div class='ocr_carea' id='block_1_104' title="bbox 385 5300 2033 5375">
    <p class='ocr_par' dir='ltr' id='par_1_104' title="bbox 385 5300 2033 5375">
     <span class='ocr_line' id='line_1_104' title="bbox 385 5300 2033 5375; baseline 0.003 -21"><span class='ocrx_word' id='word_1_833' title='bbox 385 5302 442 5354; x_wconf 90' lang='lat' dir='ltr'><strong>in</strong></span> <span class='ocrx_word' id='word_1_834' title='bbox 469 5304 543 5364; x_wconf 89' lang='lat' dir='ltr'><strong>te,</strong></span> <span class='ocrx_word' id='word_1_835' title='bbox 564 5304 619 5354; x_wconf 89' lang='lat' dir='ltr'><strong>et</strong></span> <span class='ocrx_word' id='word_1_836' title='bbox 642 5302 825 5354; x_wconf 86' lang='lat' dir='ltr'><strong>virtus</strong></span> <span class='ocrx_word' id='word_1_837' title='bbox 845 5300 1126 5356; x_wconf 82' lang='lat' dir='ltr'><strong>Altissimi</strong></span> <span class='ocrx_word' id='word_1_838' title='bbox 1152 5303 1526 5358; x_wconf 89' lang='lat' dir='ltr'><strong>obumbrabit</strong></span> <span class='ocrx_word' id='word_1_839' title='bbox 1548 5303 1672 5359; x_wconf 90' lang='lat' dir='ltr'><strong>tibi.</strong></span> <span class='ocrx_word' id='word_1_840' title='bbox 1704 5326 1730 5352; x_wconf 81' lang='lat'>»</span> <span class='ocrx_word' id='word_1_841' title='bbox 1754 5303 2033 5375; x_wconf 90' lang='lat' dir='ltr'><strong>Nunquid</strong></span> 
     </span>
    </p>
   </div>
   <div class='ocr_carea' id='block_1_105' title="bbox 385 5390 2033 5464">
    <p class='ocr_par' dir='ltr' id='par_1_105' title="bbox 385 5390 2033 5464">
     <span class='ocr_line' id='line_1_105' title="bbox 385 5390 2033 5464; baseline 0.002 -19"><span class='ocrx_word' id='word_1_842' title='bbox 385 5390 585 5445; x_wconf 90' lang='lat' dir='ltr'><strong>eodem</strong></span> <span class='ocrx_word' id='word_1_843' title='bbox 627 5391 799 5443; x_wconf 90' lang='lat' dir='ltr'><strong>modo</strong></span> <span class='ocrx_word' id='word_1_844' title='bbox 855 5406 971 5460; x_wconf 89' lang='lat' dir='ltr'><strong>quo</strong></span> <span class='ocrx_word' id='word_1_845' title='bbox 1022 5390 1093 5445; x_wconf 91' lang='lat' dir='ltr'><strong>ad</strong></span> <span class='ocrx_word' id='word_1_846' title='bbox 1144 5391 1441 5462; x_wconf 90' lang='lat' dir='ltr'><strong>apostolos</strong></span> <span class='ocrx_word' id='word_1_847' title='bbox 1498 5393 1690 5447; x_wconf 88' lang='lat' dir='ltr'><strong>aiebat</strong></span> <span class='ocrx_word' id='word_1_848' title='bbox 1747 5391 2033 5464; x_wconf 77' lang='lat' dir='ltr'><strong>Christus,</strong></span> 
     </span>
    </p>
   </div>
   <div class='ocr_carea' id='block_1_106' title="bbox 392 5479 2037 5548">
    <p class='ocr_par' dir='ltr' id='par_1_106' title="bbox 392 5479 2037 5548">
     <span class='ocr_line' id='line_1_106' title="bbox 392 5479 2037 5548; baseline 0.004 -17"><span class='ocrx_word' id='word_1_849' title='bbox 392 5499 419 5531; x_wconf 78' lang='grc' dir='ltr'><strong>ε</strong></span> <span class='ocrx_word' id='word_1_850' title='bbox 452 5479 564 5533; x_wconf 88' lang='lat' dir='ltr'><strong>Vos</strong></span> <span class='ocrx_word' id='word_1_851' title='bbox 606 5484 799 5533; x_wconf 86' lang='lat' dir='ltr'><strong>autem</strong></span> <span class='ocrx_word' id='word_1_852' title='bbox 851 5480 1045 5534; x_wconf 88' lang='lat' dir='ltr'><strong>sedete</strong></span> <span class='ocrx_word' id='word_1_853' title='bbox 1094 5480 1152 5533; x_wconf 90' lang='lat' dir='ltr'><strong>in</strong></span> <span class='ocrx_word' id='word_1_854' title='bbox 1197 5480 1426 5536; x_wconf 86' lang='lat' dir='ltr'><strong>civitate</strong></span> <span class='ocrx_word' id='word_1_855' title='bbox 1472 5479 1821 5548; x_wconf 87' lang='lat' dir='ltr'><strong>Jerusalem,</strong></span> <span class='ocrx_word' id='word_1_856' title='bbox 1855 5481 2037 5537; x_wconf 82' lang='lat' dir='ltr'><strong>donec</strong></span> 
     </span>
    </p>
   </div>
   <div class='ocr_carea' id='block_1_107' title="bbox 456 5593 1157 5667">
    <p class='ocr_par' dir='ltr' id='par_1_107' title="bbox 456 5593 1157 5667">
     <span class='ocr_line' id='line_1_107' title="bbox 456 5593 1157 5667; baseline 0.003 -18"><span class='ocrx_word' id='word_1_857' title='bbox 456 5595 595 5664; x_wconf 73' lang='lat'><strong>(43&quot;)</strong></span> <span class='ocrx_word' id='word_1_858' title='bbox 628 5595 817 5667; x_wconf 87' lang='lat' dir='ltr'><strong>Vulg.,</strong></span> <span class='ocrx_word' id='word_1_859' title='bbox 848 5593 964 5653; x_wconf 84' lang='grc' dir='ltr'>τόν.</span> <span class='ocrx_word' id='word_1_860' title='bbox 1000 5596 1157 5653; x_wconf 78' lang='grc' dir='ltr'>Εῡιτ.</span> 
     </span>
    </p>
   </div>
   <div class='ocr_carea' id='block_1_108' title="bbox 2138 4760 3789 4842">
    <p class='ocr_par' dir='ltr' id='par_1_108' title="bbox 2138 4760 3789 4842">
     <span class='ocr_line' id='line_1_108' title="bbox 2138 4760 3789 4842; baseline -0.004 -21"><span class='ocrx_word' id='word_1_861' title='bbox 2138 4767 2439 4842; x_wconf 79' lang='grc' dir='ltr'>έσαρκώθη,</span> <span class='ocrx_word' id='word_1_862' title='bbox 2501 4761 2625 4820; x_wconf 72' lang='grc' dir='ltr'>οὐδὲ</span> <span class='ocrx_word' id='word_1_863' title='bbox 2680 4764 2764 4819; x_wconf 80' lang='grc' dir='ltr'>ὅτι</span> <span class='ocrx_word' id='word_1_864' title='bbox 2816 4764 2845 4817; x_wconf 88' lang='lat'><strong>6</strong></span> <span class='ocrx_word' id='word_1_865' title='bbox 2901 4761 3064 4839; x_wconf 91' lang='grc' dir='ltr'>λόγος</span> <span class='ocrx_word' id='word_1_866' title='bbox 3120 4761 3286 4817; x_wconf 79' lang='grc' dir='ltr'>αὑτοῦ</span> <span class='ocrx_word' id='word_1_867' title='bbox 3343 4763 3479 4816; x_wconf 79' lang='grc' dir='ltr'><strong>κατὰ</strong></span> <span class='ocrx_word' id='word_1_868' title='bbox 3506 4760 3789 4838; x_wconf 75' lang='grc' dir='ltr'>προφορὰν</span> 
     </span>
    </p>
   </div>
   <div class='ocr_carea' id='block_1_109' title="bbox 2140 4848 3787 4930">
    <p class='ocr_par' dir='ltr' id='par_1_109' title="bbox 2140 4848 3787 4930">
     <span class='ocr_line' id='line_1_109' title="bbox 2140 4848 3787 4930; baseline -0.003 -20"><span class='ocrx_word' id='word_1_869' title='bbox 2140 4856 2479 4930; x_wconf 77' lang='grc' dir='ltr'>ἀπηχήσεως</span> <span class='ocrx_word' id='word_1_870' title='bbox 2537 4854 2806 4928; x_wconf 66' lang='grc' dir='ltr'>ἱνήργησε</span> <span class='ocrx_word' id='word_1_871' title='bbox 2858 4853 2957 4921; x_wconf 80' lang='grc' dir='ltr'>τήν</span> <span class='ocrx_word' id='word_1_872' title='bbox 3009 4851 3453 4927; x_wconf 71' lang='grc' dir='ltr'>ἰνανθρώπησιν·</span> <span class='ocrx_word' id='word_1_873' title='bbox 3514 4848 3640 4905; x_wconf 72' lang='grc' dir='ltr'>ἀλλ’</span> <span class='ocrx_word' id='word_1_874' title='bbox 3700 4851 3787 4905; x_wconf 81' lang='grc' dir='ltr'>’ὁτι</span> 
     </span>
    </p>
   </div>
   <div class='ocr_carea' id='block_1_110' title="bbox 2140 4940 3789 5018">
    <p class='ocr_par' dir='ltr' id='par_1_110' title="bbox 2140 4940 3789 5018">
     <span class='ocr_line' id='line_1_110' title="bbox 2140 4940 3789 5018; baseline -0.003 -20"><span class='ocrx_word' id='word_1_875' title='bbox 2140 4944 2472 5005; x_wconf 81' lang='grc' dir='ltr'>ἀπελθόντος</span> <span class='ocrx_word' id='word_1_876' title='bbox 2501 4947 2599 4998; x_wconf 88' lang='grc' dir='ltr'><strong>τοῦ</strong></span> <span class='ocrx_word' id='word_1_877' title='bbox 2630 4940 2863 5018; x_wconf 78' lang='grc' dir='ltr'>ἀγγέλου</span> <span class='ocrx_word' id='word_1_878' title='bbox 2896 4940 3128 5012; x_wconf 72' lang='grc' dir='ltr'>ἐπῆλθεν</span> <span class='ocrx_word' id='word_1_879' title='bbox 3158 4940 3245 4996; x_wconf 75' lang='grc' dir='ltr'><strong>ἐπὶ</strong></span> <span class='ocrx_word' id='word_1_880' title='bbox 3274 4941 3374 5008; x_wconf 77' lang='grc' dir='ltr'><strong>τῆν</strong></span> <span class='ocrx_word' id='word_1_881' title='bbox 3428 4940 3696 5011; x_wconf 89' lang='grc' dir='ltr'>Παρθένον</span> <span class='ocrx_word' id='word_1_882' title='bbox 3724 4940 3789 4993; x_wconf 82' lang='grc' dir='ltr'><strong>τὸ</strong></span> 
     </span>
    </p>
   </div>
   <div class='ocr_carea' id='block_1_111' title="bbox 2141 5026 3795 5109">
    <p class='ocr_par' dir='ltr' id='par_1_111' title="bbox 2141 5026 3795 5109">
     <span class='ocr_line' id='line_1_111' title="bbox 2141 5026 3795 5109; baseline -0.004 -22"><span class='ocrx_word' id='word_1_883' title='bbox 2141 5033 2292 5109; x_wconf 75' lang='grc' dir='ltr'>ἆγιον</span> <span class='ocrx_word' id='word_1_884' title='bbox 2350 5036 2588 5105; x_wconf 83' lang='grc' dir='ltr'>Πνεῦμα,</span> <span class='ocrx_word' id='word_1_885' title='bbox 2646 5030 2734 5086; x_wconf 85' lang='lat' dir='ltr'><strong>xui</strong></span> <span class='ocrx_word' id='word_1_886' title='bbox 2778 5029 3088 5086; x_wconf 65' lang='grc' dir='ltr'>ἐπεσκίασεν</span> <span class='ocrx_word' id='word_1_887' title='bbox 3138 5028 3274 5103; x_wconf 75' lang='grc' dir='ltr'>αὐτῇ</span> <span class='ocrx_word' id='word_1_888' title='bbox 3319 5031 3353 5098; x_wconf 79' lang='grc' dir='ltr'>ἠ</span> <span class='ocrx_word' id='word_1_889' title='bbox 3388 5026 3614 5101; x_wconf 77' lang='grc' dir='ltr'>δύναμις</span> <span class='ocrx_word' id='word_1_890' title='bbox 3646 5026 3795 5101; x_wconf 82' lang='grc' dir='ltr'>Ὑψί-</span> 
     </span>
    </p>
   </div>
   <div class='ocr_carea' id='block_1_112' title="bbox 2142 5117 3789 5196">
    <p class='ocr_par' dir='ltr' id='par_1_112' title="bbox 2142 5117 3789 5196">
     <span class='ocr_line' id='line_1_112' title="bbox 2142 5117 3789 5196; baseline -0.002 -19"><span class='ocrx_word' id='word_1_891' title='bbox 2142 5141 2288 5178; x_wconf 82' lang='grc' dir='ltr'>στου’</span> <span class='ocrx_word' id='word_1_892' title='bbox 2323 5120 2411 5177; x_wconf 84' lang='grc' dir='ltr'><strong>καὶ</strong></span> <span class='ocrx_word' id='word_1_893' title='bbox 2446 5120 2617 5183; x_wconf 76' lang='grc' dir='ltr'>οὕτως</span> <span class='ocrx_word' id='word_1_894' title='bbox 2647 5120 2864 5196; x_wconf 72' lang='grc' dir='ltr'>ὕστερον</span> <span class='ocrx_word' id='word_1_895' title='bbox 2893 5117 3146 5190; x_wconf 67' lang='grc' dir='ltr'>ἐτελέσθη</span> <span class='ocrx_word' id='word_1_896' title='bbox 3177 5120 3241 5174; x_wconf 83' lang='grc' dir='ltr'>τὸ</span> <span class='ocrx_word' id='word_1_897' title='bbox 3271 5120 3541 5193; x_wconf 80' lang='grc' dir='ltr'>σωτήριον</span> <span class='ocrx_word' id='word_1_898' title='bbox 3575 5117 3789 5190; x_wconf 78' lang='grc' dir='ltr'>κύημα.</span> 
     </span>
    </p>
   </div>
   <div class='ocr_carea' id='block_1_113' title="bbox 2144 5206 3790 5287">
    <p class='ocr_par' dir='ltr' id='par_1_113' title="bbox 2144 5206 3790 5287">
     <span class='ocr_line' id='line_1_113' title="bbox 2144 5206 3790 5287; baseline -0.004 -21"><span class='ocrx_word' id='word_1_899' title='bbox 2144 5212 2301 5287; x_wconf 68' lang='grc' dir='ltr'>’Υπὲρ</span> <span class='ocrx_word' id='word_1_900' title='bbox 2330 5212 2402 5265; x_wconf 84' lang='grc' dir='ltr'>ὧν</span> <span class='ocrx_word' id='word_1_901' title='bbox 2435 5209 2523 5265; x_wconf 87' lang='lat' dir='ltr'><strong>xui</strong></span> <span class='ocrx_word' id='word_1_902' title='bbox 2557 5208 2708 5272; x_wconf 77' lang='grc' dir='ltr'>αὖθις</span> <span class='ocrx_word' id='word_1_903' title='bbox 2740 5210 2851 5284; x_wconf 76' lang='grc' dir='ltr'><strong>χρὴ</strong></span> <span class='ocrx_word' id='word_1_904' title='bbox 2884 5209 3018 5263; x_wconf 82' lang='grc' dir='ltr'><strong>κατά</strong></span> <span class='ocrx_word' id='word_1_905' title='bbox 3047 5208 3109 5263; x_wconf 85' lang='grc' dir='ltr'>τὸ</span> <span class='ocrx_word' id='word_1_906' title='bbox 3142 5210 3277 5282; x_wconf 77' lang='grc'><strong>(43”)</strong></span> <span class='ocrx_word' id='word_1_907' title='bbox 3326 5208 3613 5282; x_wconf 83' lang='grc' dir='ltr'>ἀναγκαῖον</span> <span class='ocrx_word' id='word_1_908' title='bbox 3668 5206 3790 5260; x_wconf 68' lang='lat' dir='ltr'><strong>lm-</strong></span> 
     </span>
    </p>
   </div>
   <div class='ocr_carea' id='block_1_114' title="bbox 2144 5295 3796 5372">
    <p class='ocr_par' dir='ltr' id='par_1_114' title="bbox 2144 5295 3796 5372">
     <span class='ocr_line' id='line_1_114' title="bbox 2144 5295 3796 5372; baseline -0.004 -16"><span class='ocrx_word' id='word_1_909' title='bbox 2144 5308 2357 5370; x_wconf 85' lang='grc' dir='ltr'>στῆσαι,</span> <span class='ocrx_word' id='word_1_910' title='bbox 2391 5299 2478 5354; x_wconf 82' lang='lat' dir='ltr'><strong>xui</strong></span> <span class='ocrx_word' id='word_1_911' title='bbox 2512 5299 2913 5370; x_wconf 77' lang='grc' dir='ltr'>ἐπισκέψασθαι,</span> <span class='ocrx_word' id='word_1_912' title='bbox 2958 5301 3075 5359; x_wconf 82' lang='grc' dir='ltr'><strong>πῶς</strong></span> <span class='ocrx_word' id='word_1_913' title='bbox 3110 5295 3320 5372; x_wconf 76' lang='grc' dir='ltr'>εἷ’ρηται</span> <span class='ocrx_word' id='word_1_914' title='bbox 3350 5297 3485 5369; x_wconf 85' lang='grc' dir='ltr'>πρὸς</span> <span class='ocrx_word' id='word_1_915' title='bbox 3515 5298 3614 5365; x_wconf 71' lang='grc' dir='ltr'>τὴν</span> <span class='ocrx_word' id='word_1_916' title='bbox 3642 5302 3796 5369; x_wconf 83' lang='grc' dir='ltr'>Παρ-</span> 
     </span>
    </p>
   </div>
   <div class='ocr_carea' id='block_1_115' title="bbox 2145 5382 3798 5464">
    <p class='ocr_par' dir='ltr' id='par_1_115' title="bbox 2145 5382 3798 5464">
     <span class='ocr_line' id='line_1_115' title="bbox 2145 5382 3798 5464; baseline -0.002 -20"><span class='ocrx_word' id='word_1_917' title='bbox 2145 5389 2313 5445; x_wconf 72' lang='grc' dir='ltr'>θένονο</span> <span class='ocrx_word' id='word_1_918' title='bbox 2377 5412 2405 5439; x_wconf 91' lang='grc'><strong>‹‹</strong></span> <span class='ocrx_word' id='word_1_919' title='bbox 2457 5392 2674 5461; x_wconf 85' lang='grc' dir='ltr'>Πνεῦμα</span> <span class='ocrx_word' id='word_1_920' title='bbox 2731 5390 2879 5464; x_wconf 82' lang='grc' dir='ltr'>ἅγιον</span> <span class='ocrx_word' id='word_1_921' title='bbox 2937 5385 3281 5442; x_wconf 80' lang='grc' dir='ltr'>ἐπελεύσεται</span> <span class='ocrx_word' id='word_1_922' title='bbox 3330 5385 3417 5440; x_wconf 69' lang='grc' dir='ltr'><strong>ἐπὶ</strong></span> <span class='ocrx_word' id='word_1_923' title='bbox 3469 5384 3548 5452; x_wconf 65' lang='lat' dir='ltr'><strong>ei,</strong></span> <span class='ocrx_word' id='word_1_924' title='bbox 3579 5384 3668 5439; x_wconf 89' lang='lat' dir='ltr'><strong>xui</strong></span> <span class='ocrx_word' id='word_1_925' title='bbox 3704 5382 3798 5440; x_wconf 71' lang='lat'><strong>6&#39;5-</strong></span> 
     </span>
    </p>
   </div>
   <div class='ocr_carea' id='block_1_116' title="bbox 2145 5473 3802 5552">
    <p class='ocr_par' dir='ltr' id='par_1_116' title="bbox 2145 5473 3802 5552">
     <span class='ocr_line' id='line_1_116' title="bbox 2145 5473 3802 5552; baseline -0.003 -19"><span class='ocrx_word' id='word_1_926' title='bbox 2145 5500 2305 5552; x_wconf 90' lang='grc' dir='ltr'>ναμις</span> <span class='ocrx_word' id='word_1_927' title='bbox 2356 5478 2605 5552; x_wconf 80' lang='grc' dir='ltr'>Ὑψίστου</span> <span class='ocrx_word' id='word_1_928' title='bbox 2651 5477 2946 5533; x_wconf 71' lang='grc' dir='ltr'>ἆπισκιάσει</span> <span class='ocrx_word' id='word_1_929' title='bbox 2998 5497 3103 5533; x_wconf 91' lang='grc' dir='ltr'>σοι.</span> <span class='ocrx_word' id='word_1_930' title='bbox 3164 5499 3191 5527; x_wconf 88' lang='grc'><strong>››</strong></span> <span class='ocrx_word' id='word_1_931' title='bbox 3251 5477 3393 5552; x_wconf 77' lang='grc' dir='ltr'>Ἀρα</span> <span class='ocrx_word' id='word_1_932' title='bbox 3447 5475 3551 5551; x_wconf 74' lang='grc' dir='ltr'><strong>γὰρ</strong></span> <span class='ocrx_word' id='word_1_933' title='bbox 3611 5473 3802 5551; x_wconf 81' lang='grc' dir='ltr'>ὥσπερ</span> 
     </span>
    </p>
   </div>
   <div class='ocr_carea' id='block_1_117' title="bbox 455 5693 2014 5765">
    <p class='ocr_par' dir='ltr' id='par_1_117' title="bbox 455 5695 2014 5765">
     <span class='ocr_line' id='line_1_117' title="bbox 455 5695 2014 5765; baseline 0.003 -13"><span class='ocrx_word' id='word_1_934' title='bbox 455 5697 499 5732; x_wconf 81' lang='grc'><strong>⁸⁸</strong></span> <span class='ocrx_word' id='word_1_935' title='bbox 530 5697 667 5753; x_wconf 90' lang='lat' dir='ltr'><strong>Luc.</strong></span> <span class='ocrx_word' id='word_1_936' title='bbox 700 5714 739 5765; x_wconf 85' lang='grc' dir='ltr'><strong>ι,</strong></span> <span class='ocrx_word' id='word_1_937' title='bbox 770 5698 868 5765; x_wconf 82' lang='grc'><strong>28,</strong></span> <span class='ocrx_word' id='word_1_938' title='bbox 898 5698 987 5753; x_wconf 79' lang='lat'><strong>29.</strong></span> <span class='ocrx_word' id='word_1_939' title='bbox 1064 5696 1108 5732; x_wconf 75' lang='grc'><strong><em>⁸⁵</em></strong></span> <span class='ocrx_word' id='word_1_940' title='bbox 1139 5695 1281 5752; x_wconf 86' lang='lat' dir='ltr'><strong>ibid.</strong></span> <span class='ocrx_word' id='word_1_941' title='bbox 1315 5695 1500 5755; x_wconf 84' lang='lat'><strong>30-33.</strong></span> <span class='ocrx_word' id='word_1_942' title='bbox 1582 5697 1625 5735; x_wconf 82' lang='grc'><strong>³⁷</strong></span> <span class='ocrx_word' id='word_1_943' title='bbox 1655 5696 1795 5756; x_wconf 87' lang='lat' dir='ltr'><strong>ibid.</strong></span> <span class='ocrx_word' id='word_1_944' title='bbox 1827 5698 1917 5756; x_wconf 70' lang='grc'><strong>34⁸</strong></span> <span class='ocrx_word' id='word_1_945' title='bbox 1992 5698 2014 5733; x_wconf 81' lang='grc'><strong><em>⁸</em></strong></span> 
     </span>
    </p>
   </div>
   <div class='ocr_carea' id='block_1_118' title="bbox 2126 5693 3034 5765">
    <p class='ocr_par' dir='ltr' id='par_1_118' title="bbox 2126 5693 3034 5755">
     <span class='ocr_line' id='line_1_118' title="bbox 2126 5693 3034 5755; baseline 0.001 -2"><span class='ocrx_word' id='word_1_946' title='bbox 2126 5696 2207 5755; x_wconf 76' lang='lat' dir='ltr'><strong>id.</strong></span> <span class='ocrx_word' id='word_1_947' title='bbox 2238 5697 2327 5753; x_wconf 86' lang='lat'><strong>35.</strong></span> <span class='ocrx_word' id='word_1_948' title='bbox 2402 5697 2449 5733; x_wconf 74' lang='lat'><strong>”</strong></span> <span class='ocrx_word' id='word_1_949' title='bbox 2476 5695 2619 5753; x_wconf 88' lang='lat' dir='ltr'><strong>ibid.</strong></span> <span class='ocrx_word' id='word_1_950' title='bbox 2697 5696 2744 5733; x_wconf 65' lang='grc' dir='ltr'><strong>ἰθ</strong></span> <span class='ocrx_word' id='word_1_951' title='bbox 2772 5694 2915 5753; x_wconf 87' lang='lat' dir='ltr'><strong>ibid.</strong></span> <span class='ocrx_word' id='word_1_952' title='bbox 2942 5693 3034 5754; x_wconf 81' lang='lat'><strong>38.</strong></span> 
     </span>
    </p>
   </div>
  </div>
