2051 3109
161 150 222 181 929
636 148 769 182 SERMO
791 148 830 182 ΙΝ
853 150 1211 183 ANNUNTIATIONEM
1233 151 1428 185 DEIPARE.
1807 160 1868 191 930

161 217 207 244 καὶ
235 216 304 255 πρὸς
332 215 395 248 τοὺς
418 216 587 248 ἀποστόλους
614 216 690 255 ἔλεγε
712 218 839 255 Χριστὸς,
856 229 871 244 ι(
894 218 984 254 Ὑμεῖς

1048 220 1206 248 ιΠάυΒωίΠί
1222 221 1328 249 virtute
1343 229 1376 249 ex
1393 221 1450 249 alto
1461 222 1494 256 ‘l,
1508 233 1518 248 ι
1533 222 1641 258 Spiritu
1654 226 1754 253 sancto
1770 226 1799 254 in
1814 235 1866 256 vos

162 260 192 289 δὶ
227 261 353 288 καθίσατε
388 260 414 288 ἐν
452 263 487 297 τῇ
525 260 606 289 πόλει
643 261 848 299 Ἰερουσαλήμ,
874 260 926 293 ἕως
955 261 986 289 οὗ

161 304 308 341 ἐνδύσησθε
332 304 446 342 δύναμιν
470 305 496 341 ἐξ
516 305 611 342 ὕψους,
630 318 644 331 ››
657 305 818 337 ἐπελθόντος
841 309 892 333 τοῦ
908 306 988 343 ἁγίου

160 350 322 387 ΙῙνεύματος
351 349 391 389 ἐφ’
418 350 488 387 ὑμᾶς
505 360 512 386 ;
528 350 624 386 ἐπίσης
650 351 701 389 γὰρ
726 352 743 386 ἡ
761 350 921 389 ἐπαγγελία,
942 351 987 378 καὶ

161 394 192 422 lx
205 397 255 422 τοῦ
270 393 329 422 ἴσου
343 394 446 431 τρόπου
472 392 655 431 λαμϐάνεσθαι
681 394 802 430 δύναται,
818 395 927 433 ἐπείπερ
942 395 987 423 καὶ

161 439 275 467 ἐνταῦθα
298 438 412 476 δύναμιν
438 439 464 475 ιε
488 439 614 476 Ὑψίστου
642 439 831 472 ἐπελεύσεσθαι
855 440 899 467 ἐπὶ
923 440 986 471 τοὺς

161 484 332 515 ἀποστόλους
345 484 390 512 καὶ
413 484 572 521 Ιινεύματος
597 484 675 522 ἁγίου
690 485 848 523 παρουσίαν.
866 484 900 513 Τί
916 485 961 512 οῦν
978 495 985 520 ;

1042 264 1285 299 superveniente?
1308 266 1439 301 Equalis
1455 266 1564 303 quippe
1587 270 1632 295 est
1657 270 1823 306 promissio,
1839 275 1867 299 et

1043 308 1104 343 pari
1121 308 1233 337 ratione
1248 310 1340 345 accipi
1365 312 1471 346 potest,
1483 312 1721 348 quandoquidem
1737 313 1785 341 hic
1796 324 1866 351 quo-

1042 361 1099 388 que
1115 353 1232 387 dicitur,
1245 354 1381 382 virtutem
1396 363 1429 382 ex
1440 355 1590 385 Altissimo
1607 357 1635 383 in
1652 359 1799 392 apostolos
1816 361 1866 387 ad-

1041 399 1207 431 venturam,
1217 406 1269 425 nec
1280 407 1337 426 non
1350 399 1474 435 Spiritus
1486 401 1576 427 sancti
1590 403 1783 436 praesentiam.
1793 405 1866 436 Quid

1042 441 1151 476 igitur?
1167 442 1242 470 889
1259 442 1333 470 Num
1350 443 1426 471 sicut
1440 445 1579 479 apostolis
1596 446 1714 480 spiritus
1732 450 1758 474 et
1775 448 1867 476 virtus

1040 486 1184 514 Altissimi
1201 488 1391 522 promittitur,
1408 488 1449 516 ita
1465 498 1581 525 quoque
1600 491 1731 526 Virgini?

161 529 214 567 ἄρα
226 530 265 560 ὡς
279 529 348 567 πρὸς
362 528 426 560 τοὺς
441 528 611 560 ἀποστόλους
623 530 653 557 τὸ
670 532 780 566 Πνεῦμα
794 529 838 557 καὶ
854 531 871 564 ἡ
886 528 999 574 δύναμις
1010 532 1059 558 τοῦ
1075 530 1200 567 Ὑψίστου
1216 530 1395 569 ἐπήγγελται,
1407 532 1494 563 οὕτως
1505 534 1548 560 καὶ
1565 535 1631 570 πρὸς
1642 536 1690 568 τήν
1710 538 1845 574 Παρθένον
1859 548 1866 573 ;

197 575 223 603 9.
241 574 290 601 Καὶ
315 574 338 601 εἰ
365 574 412 610 μὶν
437 574 524 605 οὕτως
543 574 633 611 ὥσπερ
657 574 702 601 καὶ
726 573 764 605 εἱς
780 574 843 605 τοὺς
870 572 986 602 ἀποστό-

161 618 238 649 λους.
262 618 307 646 xui
332 619 349 653 ἡ
375 617 490 655 δύναμις
515 620 564 646 τοῦ
588 618 715 655 Ὑψίστου
739 618 784 646 καὶ
808 619 825 653 ἡ
847 618 988 650 ὲπέλευσις

158 665 209 690 τοῦ
239 662 398 699 Πνεῦμα-τος
425 664 526 701 γεγονε,
553 663 598 690 καὶ
628 662 653 690 ἒν
675 665 735 694 τοῖς
759 663 923 694 ἀποστόλοις
953 663 987 690 οὗ

159 711 392 748 παρηκολούθησε
406 712 549 750 σάρκωσις,
567 711 664 748 δῆλον,
676 711 717 739 ὅτι
733 713 816 749 (45”’)
833 710 895 740 οὔτε
911 711 937 739 ἐν
952 714 988 749 τῇ

159 756 295 795 Παρθένῳ
308 757 327 791 ἡ
350 755 462 793 δύναμις
485 756 638 794 ἐσαρκώθη,
655 756 717 784 οὕτε
730 757 762 784 τὸ
788 759 898 793 Ῑῐνεῦμα
912 756 988 792 ἰνην-

159 801 327 838 Θρώπησεν,
353 801 376 828 εί
406 802 451 829 καὶ
479 801 559 833 αὐτὸς
586 802 600 829 ὁ
628 801 699 832 ’Υἱὸς
721 800 789 829 κατὰ
817 800 989 840 κοινολογίαν

159 850 302 889 θεολογίας
331 850 437 888 λέγεται
467 849 582 887 δύναμις
609 850 738 888 Ὑψίστου
755 872 761 878 .
792 851 870 879 Ἀλλ’
898 850 988 887 ὥσπερ

160 895 189 923 ἂν
210 897 269 926 τοῖς
284 894 449 926 ἀποστόλοις
464 896 481 930 ἡ
507 894 622 931 δύναμις
646 895 715 933 πρὸς
730 895 761 922 τὸ
777 894 905 922 δύνασθαι
920 895 989 923 κατὰ
1005 905 1027 937 Β

158 939 252 975 πάσης
281 940 469 976 ἀντικειμάνης
498 938 640 976 δυνάμεως
670 938 787 977 ἐγένετο,
817 938 862 966 καὶ
893 940 911 975 ἡ
941 939 988 967 ἑπ-

160 983 267 1015 ἑλευσις
281 985 330 1012 τοῦ
341 982 500 1020 Πνεύματος
511 983 571 1016 καθ’
582 982 634 1011 ὅλα
647 984 682 1011 τὰ
696 982 836 1014 οὒσιωδῶς
852 983 990 1021 προσόντα

159 1022 245 1070 ideo,
262 1033 405 1072 ινεργοῦσα
433 1032 459 1060 ἐν
490 1032 553 1060 πᾶσι
585 1032 724 1069 σημείοις,
751 1032 795 1061 καὶ
823 1032 928 1071 τὲρασι,
944 1032 988 1060 καὶ

160 1076 303 1115 δυνάμεσι,
329 1078 397 1115 πρὸς
423 1075 568 1115 βεϐαίωσιν
593 1077 638 1105 καὶ
658 1077 787 1105 πίστωσιν
804 1080 854 1112 τῆς
870 1076 990 1116 Χριστοῦ

159 1127 336 1166 ἆπαγγελίας·
363 1126 434 1154 οὕτω
457 1127 502 1154 καὶ
527 1126 571 1154 ἐπὶ
595 1125 629 1164 τῇ
651 1127 781 1164 Ιῐαρθὲνῳ
806 1127 824 1161 ἢ
850 1126 990 1157 ἐπέλευσις

159 1174 211 1200 τοῦ
227 1172 387 1208 Ῑινεόματος
412 1171 531 1209 ἐγένετο,
546 1171 572 1199 ἐν
598 1174 663 1199 πᾶσι
678 1173 735 1202 τοῖς
754 1169 894 1202 οὐσιωδῶς
909 1181 992 1209 προσ-

161 1219 238 1245 οῦσιν
254 1216 326 1253 αὗτῷ
340 1216 409 1244 κατὰ
431 1217 481 1251 τήν
505 1216 644 1254 θεαρχίαν,
661 1216 741 1253 χάριν
758 1215 901 1253 ἐμποιοῦν,
923 1216 991 1253 πρὸς

159 1270 194 1298 τὸ
216 1268 243 1297 ἐν
268 1272 333 1297 πᾶσι
359 1269 465 1307 χαίρειν
495 1268 589 1304 αὐτήν.
615 1269 743 1306 Ἐπείπερ
768 1268 813 1296 καὶ
838 1267 883 1296 διὰ
908 1271 990 1296 τοῦτο

160 1312 372 1352 κεχαριτωμένη
397 1313 627 1351 προσωνομάσθη,
651 1311 696 1340 διὰ
718 1313 750 1340 τὸ
773 1313 799 1340 ἐν
822 1314 919 1344 πάσαις
936 1314 990 1351 χά-

163 1369 221 1396 ρισι
235 1361 295 1390 ταῖς
313 1357 357 1386 διὰ
371 1360 420 1385 τοῦ
445 1357 604 1394 ιινεύματος
627 1357 817 1394 ιμπεπλῆσσαι
833 1357 928 1393 αὐτήν·
945 1358 990 1385 καὶ

163 1406 282 1444 δύναμιν
306 1406 430 1444 Ὑψίςτου
467 1406 631 1441 ἐπισκιάζειν
658 1406 726 1443 αὐτῇ
743 1429 752 1442 ,
781 1406 826 1433 καί
862 1405 935 1444 ἔχειν
963 1405 989 1434 ἐν

162 1452 246 1480 παντὶ
270 1451 365 1489 χρόνῳ
388 1453 427 1487 τῷ
449 1451 517 1478 κατά
539 1451 588 1485 τὴν
614 1449 763 1488 σύλληψιν,
783 1450 947 1479 πεπίστευκα
962 1449 991 1478 δὲ

163 1497 208 1525 ’ὁτι
232 1496 277 1524 καὶ
304 1495 371 1533 μετὰ
397 1496 447 1530 τήν
463 1494 612 1532 σύλληψιν.
636 1494 704 1523 οὐδὶ
718 1496 769 1533 γὰρ
793 1496 861 1533 πρὸς
884 1495 989 1533 καιρὸν,

163 1546 203 1577 ὡς
224 1545 365 1581 πείθομαι,
384 1546 464 1572 τοῦτο
486 1544 589 1582 ἐγένετο
613 1543 639 1572 ἐν
655 1546 689 1581 τῇ
721 1544 861 1582 Παρθένῳ,
888 1543 950 1572 ἀλλ’
965 1544 991 1571 ἐν

1078 576 1104 603 9.
1113 576 1193 608 Quod
1201 576 1274 611 si,ut
1283 577 1312 605 in
1323 578 1752 614 apostolis,virtusAltissimiet
1761 584 1867 611 adven-

1043 621 1091 647 tus
1102 620 1226 656 Spiritus
1238 622 1331 649 sancti
1346 622 1411 656 l‘uit,
1420 625 1448 650 et
1459 623 1487 650 in
1502 625 1640 659 apostolis
1653 634 1709 652 non
1722 629 1763 653 est
1775 628 1870 656 incar-

1044 664 1123 692 natio
1134 665 1302 699 subsecuta,
1314 675 1366 694 nec
1380 666 1409 694 in
1421 667 1540 703 Virgine
1558 669 1644 703 igitur
1659 670 1749 698 virtus
1766 675 1809 699 est
1825 673 1873 699 in-

1043 712 1172 745 carnata,
1183 718 1277 746 neque
1289 711 1415 746 Spiritus
1427 711 1513 739 homo
1527 714 1619 740 l'uctus
1632 717 1686 747 est,
1699 716 1812 743 etiamsi
1826 717 1873 744 Fi-

1043 752 1101 780 lius
1113 753 1271 790 ipsejuxta
1286 763 1471 784 communem
1487 757 1640 793 theologizo
1653 768 1738 787 usum
1755 761 1871 789 dicatur

1042 797 1135 825 virtus
1142 798 1294 826 Altissimi.
1304 799 1358 827 Sed
1367 800 1479 828 sicutin
1490 802 1636 837 apostolos
1646 803 1709 831 ideo
1717 804 1809 833 virtus
1818 807 1869 833 ad-

1042 841 1231 876 venit,utvim
1241 842 1281 870 illi
1292 843 1537 872 haberentcontru
1545 855 1559 872 0
1566 854 1660 873 mnein
1672 848 1868 877 adversariam

1043 887 1346 923 potestatem,l‘uitque
1353 888 1493 916 adventus
1501 890 1627 924 Spiritus
1638 893 1767 920 secundu
1774 902 1799 920 m
1811 902 1871 921 om~

1044 930 1092 957 nia
1103 938 1166 965 ques
1178 931 1409 959 substantialiter
1421 933 1450 961 in
1463 941 1495 960 eo
1510 938 1588 967 sunt,
1600 943 1723 970 operans
1734 937 1762 964 in
1776 939 1871 965 omni-

1044 974 1100 1002 bus
1110 975 1204 1011 signis
1211 977 1238 1003 et
1246 976 1386 1012 prodigiis
1395 980 1423 1005 et
1430 978 1588 1005 virtutibus
1596 980 1629 1006 ad
1639 981 1870 1010 confirmandam

1044 1020 1073 1046 et
1083 1020 1271 1047 asserendam
1281 1020 1389 1048 Christi
1402 1023 1643 1058 promissionem;
1657 1025 1695 1051 ita
1705 1028 1732 1052 et
1743 1025 1772 1052 in
1782 1026 1872 1062 Virgi-

1045 1071 1081 1090 ne
1093 1063 1146 1090 t‘uit
1158 1064 1301 1092 adventus
1316 1065 1443 1101 Spiritus
1458 1068 1637 1100 sancti,cum
1651 1070 1789 1097 omnibus
1806 1080 1869 1106 quas

1045 1107 1315 1136 substantialiterin
1327 1117 1360 1137 eo
1371 1112 1442 1137 sunt.
1454 1112 1563 1138 ratione
1576 1112 1662 1139 divini
1676 1114 1867 1151 principatus,

1045 1152 1169 1188 gratiam
1187 1152 1227 1179 illi
1244 1152 1387 1186 tribuens.
1401 1154 1477 1182 utin
1498 1157 1634 1183 omnibus
1651 1157 1699 1184 illa
1716 1160 1867 1194 gauderet.

1046 1196 1196 1232 Siquidem
1213 1205 1245 1224 eo
1260 1197 1355 1233 gratia
1370 1198 1455 1234 plena
1470 1203 1570 1227 vocata
1585 1203 1714 1237 estquod
1731 1205 1869 1231 ouznibus

1046 1248 1097 1276 per
1116 1240 1257 1276 Spiritum
1283 1242 1386 1276 gratiis
1402 1243 1510 1279 repleta
1536 1248 1622 1278 esset,
1636 1249 1662 1272 et
1683 1248 1758 1281 quod
1776 1248 1870 1276 virtus

1045 1283 1190 1312 Altissimi
1203 1286 1393 1314 obumbraret
1406 1287 1461 1324 ipsi
1474 1301 1480 1320 ς
1497 1289 1633 1324 quodque
1644 1291 1671 1317 id
1685 1291 1802 1319 haberet
1813 1295 1871 1321 toto

1045 1329 1244 1364 conceptionis
1269 1333 1410 1367 tempore,
1434 1332 1503 1366 imo,
1523 1337 1552 1359 ut
1577 1335 1672 1366 credo,
1691 1336 1778 1363 etiam
1807 1340 1872 1372 post

1045 1374 1275 1409 conceptionem.
1288 1375 1385 1411 Neque
1410 1376 1488 1403 enim
1518 1378 1643 1405 arbitror
1658 1380 1692 1405 ad
1711 1382 1826 1415 tempus
1842 1382 1871 1408 in

1044 1417 1163 1454 Virgine
1174 1418 1283 1446 factum
1294 1419 1366 1447 illud
1376 1422 1506 1453 esse,sed
1519 1423 1596 1448 omni
1608 1425 1746 1458 tempore,
1756 1427 1784 1451 et
1795 1428 1870 1457 tum.

1046 1462 1155 1497 etjam,
1166 1465 1195 1490 et
1209 1463 1238 1490 in
1251 1467 1425 1499 perpetuum
1441 1464 1529 1492 habet
1540 1466 1626 1502 Virgo
1642 1467 1867 1496 obumbrantem

1045 1506 1100 1534 sibi
1117 1506 1253 1534 virtutem
1269 1507 1423 1542 Altissimi,
1440 1511 1468 1536 et
1484 1510 1623 1545 Spiritum
1642 1511 1669 1538 in
1687 1520 1717 1539 se
1733 1521 1871 1548 superve-

1046 1551 1190 1585 nientem;
1220 1551 1359 1579 nimirum
1387 1556 1418 1580 ut
1442 1555 1536 1590 gratia
1564 1555 1648 1590 plunu
1674 1561 1799 1584 maneat.
1813 1559 1873 1585 Hoo

163 1590 246 1618 παντὶ
269 1591 366 1627 καιρῷ,
388 1589 432 1616 καὶ
456 1589 528 1622 τότε,
550 1589 595 1616 καὶ
609 1591 668 1624 νῦν,
686 1589 731 1616 xui
747 1588 786 1620 εἰς
811 1589 842 1616 τὸ
870 1587 990 1623 διηνεκὲς

1048 1596 1124 1624 enim
1141 1598 1224 1631 pacto
1240 1605 1274 1624 ea
1294 1597 1328 1625 de
1353 1606 1383 1625 re
1407 1598 1570 1634 cogitamus
1589 1609 1594 1626 :
1612 1601 1700 1627 Erant
1724 1602 1748 1628 ei
1775 1603 1875 1630 omnia

164 1634 372 1669 ἐπισκιάζουσαν
389 1633 456 1670 αὐτῇ
472 1631 574 1671 ἔχουσα
587 1634 637 1668 τήν
659 1632 772 1670 δύναμιν
798 1635 846 1660 τοῦ
869 1633 992 1670 Ὑψίστου

163 1684 182 1718 ἠ
202 1683 344 1719 Ηαρθένος,
369 1682 414 1710 καὶ
438 1683 487 1717 τὴν
513 1681 651 1710 ἑπέλευσιν
674 1684 722 1709 τοῦ
742 1682 820 1720 ἁγίου
837 1681 993 1719 Πνεύματος

167 1727 357 1766 ἰπερχομένην
382 1726 450 1764 αὐτῇ
474 1736 481 1743 ·
502 1726 547 1754 ’ίνα
569 1726 777 1765 κεχαριτωμένη
810 1726 875 1764 μένῃ
893 1749 899 1755 .
916 1727 993 1754 Οὕτω

166 1777 221 1815 γὰρ
248 1775 429 1813 διανοούμεθα
456 1776 518 1814 περὶ
545 1775 643 1803 τούτου
665 1785 671 1791 ·
702 1777 785 1804 Ἦσαν
813 1776 882 1812 αὑτῇ
909 1775 994 1803 πάντα

166 1822 379 1860 κεχαριτωμίυα
405 1819 450 1848 διὰ
471 1823 521 1849 τοῦ
545 1820 701 1857 Πνεύματος
724 1820 769 1848 καὶ
794 1824 846 1856 τῆς
859 1823 908 1848 τοῦ
922 1820 994 1858 Ὑψί-

167 1878 232 1894 στου
247 1865 401 1904 δυνάμεως·
425 1866 470 1893 καὶ
494 1865 559 1903 οὐχ,
575 1865 612 1897 ὡς
637 1865 663 1893 οἱ
687 1865 818 1903 αἱρετικοί
840 1875 926 1904 φασιψ
952 1865 993 1893 ὅτι

167 1915 288 1954 ἰνὲργειά
302 1925 344 1946 τις
360 1915 434 1953 παρὰ
456 1917 505 1942 τοῦ
526 1914 684 1951 Πνεῦματος
709 1913 815 1952 ἐγένετο
830 1914 856 1942 ἐν
872 1916 906 1951 τῇ
922 1917 993 1952 Παρ-

167 1961 248 1997 θένῳ,
272 1961 322 1987 τοῦ
346 1958 503 1994 τελεσθῆναι
528 1959 577 1993 τὴν
606 1969 752 1997 σαρκωσιν.
784 1957 835 1985 Κᾶν
858 1958 908 1996 γὰρ
932 1959 994 1986 ἄνευ

167 2007 283 2043 σπορᾶς,
299 2004 354 2042 οὐχ
368 2003 440 2031 οὕτω
455 2003 555 2042 φαμὲν,
570 2002 612 2030 ὅτι
635 2004 703 2030 κατὰ
726 2003 776 2037 τὴν
795 2001 924 2041 διαίρεσιν
940 2005 994 2030 τῶν

168 2049 349 2087 χαρισμάτων
365 2050 416 2075 τοῦ
441 2047 596 2084 Πνεύματος
621 2046 791 2085 διαιροῦντος
817 2046 883 2083 ἰδίᾳ,
906 2047 994 2078 καθὼς

172 2097 312 2135 βοῦλεται,
329 2096 478 2132 διεπλάσθη
504 2097 579 2135 σὰρξ,
605 2096 677 2133 παρὰ
699 2097 749 2130 τήν
778 2095 921 2123 ὑπόστασιν
944 2096 994 2130 τὴν

169 2145 354 2181 ιξιδιάζουσαν
375 2147 424 2173 τοῦ
449 2145 513 2172 Υἱοῦ
535 2146 584 2171 τοῦ
609 2146 687 2180 Θεοῦ,
705 2144 742 2180 μή
767 2144 874 2181 γένοιτο
892 2143 898 2171 l
915 2145 995 2170 τοῦτο

169 2190 221 2228 γὰρ
236 2190 269 2218 τὸ
293 2189 365 2217 οὕτω
388 2192 494 2228 φρονεῖν
521 2188 631 2216 Παύλου
655 2190 704 2216 τοῦ
729 2187 910 2224 Σαμοσατὲως
927 2186 995 2224 ἐστὶ,

167 2238 214 2267 xui
227 2241 281 2266 τῶν
297 2238 402 2266 λοιπῶν
427 2238 578 2276 αὶρετικῶν·
602 2236 664 2265 ἀλλ’
688 2236 760 2265 οὕτω
786 2236 904 2274 λὲγομεν
928 2236 997 2264 κατὰ

167 2289 219 2323 τήν
244 2290 297 2316 τῶν
323 2286 475 2325 ὀρθοδόξων
499 2285 644 2324 δογμάτων
670 2286 820 2323 ὀρθότητα,
847 2285 887 2313 ὅτι
918 2284 994 2313 δυνά-

171 2343 246 2370 μεως
274 2332 319 2360 xui
349 2332 506 2368 Πνεύματος
543 2330 666 2366 ἐπλήσθη
696 2331 713 2365 ἡ
744 2331 891 2368 Παρθάνος.
923 2330 996 2368 Πρὸς

168 2377 306 2414 ἀγιασμὸν
337 2377 429 2413 μεντοι
461 2379 512 2411 τῆς
542 2376 639 2413 σαρκὸς
667 2375 762 2411 αὐτῆς,
791 2377 836 2403 καὶ
869 2376 937 2412 πρὸς
964 2375 996 2403 τὸ

169 2425 299 2454 δύνασθαι
315 2426 404 2464 φέρειν
420 2426 451 2453 τὸ
467 2426 601 2462 σωτήριον
617 2423 668 2459 κύη
675 2435 723 2461 μα,
739 2423 826 2455 οὕτως
839 2423 997 2456 ἀκολούθως

168 2470 239 2506 αὐτῇ
263 2471 281 2505 ἡ
306 2470 362 2497 θεία
386 2471 434 2497 τοῦ
458 2469 551 2506 Λόγου
576 2469 731 2503 ὑπόστασις,
757 2468 946 2504 ἐνσκηνώσασα
970 2468 996 2495 ἐν

171 2519 252 2556 αὐτῇ,
270 2519 410 2556 ἐσαρκώθη
437 2518 482 2545 xui
507 2517 727 2555 ἐνηνθρώπησεν·
759 2517 790 2544 οὐ
817 2516 929 2554 δυνάμει
952 2517 997 2545 καὶ

171 2564 303 2602 ἐνεργείᾳ,
319 2563 382 2591 ἀλλ’
399 2563 554 2597 ὑποστάσει,
570 2563 627 2589 καθ’
652 2561 720 2589 ὅλον
741 2562 773 2589 τὸ
793 2561 934 2599 πλήρωμα
947 2565 998 2597 τῆς

169 2613 313 2648 θεότητος,
333 2612 400 2647 αὐτὴ
417 2613 435 2647 ἡ
460 2611 588 2650 ἀργίθεος
612 2611 657 2638 καὶ
685 2611 851 2648 ὑπεράρχιος
871 2611 919 2638 τοῦ
938 2612 999 2638 Γίοῦ

170 2656 221 2685 τοῦ
249 2660 316 2685 Θεοῦ
354 2657 498 2687 ὑπόστασις
538 2655 677 2694 ἔσαρκώθη
707 2655 751 2683 καὶ
781 2655 975 2692 ἐνηνθρώπησε
992 2678 999 2684 .

171 2705 386 2744 Προαπεδείχθη
401 2706 464 2744 γὰρ,
486 2705 527 2733 ὅτι
550 2704 604 2743 οὐχ
627 2704 784 2738 ὑπόστασις,
800 2703 863 2732 ἀλλ’
879 2704 969 2743 ὥσπερ
981 2706 999 2740 ἡ

171 2751 254 2779 οὐσία
264 2751 309 2778 καὶ
322 2752 340 2786 ἡ
357 2750 475 2787 ἐξουσία,
487 2750 534 2777 καὶ
552 2749 686 2787 βασιλεία,
702 2749 747 2777 xui
766 2748 800 2776 τὰ
816 2748 889 2776 ἄλλα
903 2748 1000 2785 πάντα,

169 2799 190 2828 ἃ
218 2801 288 2828 κατὰ
314 2798 455 2838 θεολογίαν
483 2798 665 2836 προτεθειται,
692 2797 747 2836 οὐχ
774 2797 918 2829 ὑπόστασις
942 2795 1002 2826 ἰκα-

210 2848 232 2867 “
249 2848 317 2877 an.
333 2856 413 2883 xxxv,
430 2849 476 2878 A9.

209 2893 298 2932 (43")
309 2892 410 2931 νωεη
426 2891 564 2926 suam.
579 2893 657 2924 Enn.

1048 1640 1141 1676 gratia
1157 1640 1241 1676 plena
1261 1650 1312 1677 per
1333 1642 1475 1678 Spiritum
1492 1648 1637 1676 sanctum,
1655 1648 1682 1672 et
1707 1655 1756 1680 per
1781 1647 1873 1674 virtu-

1047 1686 1107 1712 tem
1135 1684 1288 1713 Altissimi.
1313 1686 1429 1722 Neque,
1457 1690 1488 1714 ut
1512 1688 1593 1714 aiunt
1618 1689 1754 1723 haeretici,
1772 1691 1872 1727 aliqua

1048 1727 1167 1766 ἐνάργεια
1181 1737 1198 1756 a
1212 1729 1320 1766 Spiritu
1342 1733 1444 1759 sancto
1469 1732 1543 1759 facta
1571 1736 1615 1760 est
1639 1733 1667 1761 in
1694 1734 1822 1770 Virgine,
1841 1739 1874 1764 ut

1047 1773 1242 1809 compleretur
1256 1775 1426 1803 incarnatio.
1439 1776 1498 1803 Etsi
1516 1778 1592 1804 enim
1615 1779 1724 1813 absque
1747 1781 1869 1814 semine,

1048 1826 1105 1846 non
1118 1818 1245 1846 dicimus
1259 1821 1369 1852 tamen,
1379 1828 1429 1856 per
1443 1820 1614 1849 divisionem
1631 1824 1791 1856 gratiarum
1807 1825 1871 1859 Spi-

1049 1863 1122 1890 ritus
1133 1863 1290 1891 dividentis
1299 1864 1426 1900 singulis
1435 1869 1518 1900 prout
1529 1866 1599 1897 vult,
1607 1867 1788 1894 elforiiiatnm
1801 1869 1872 1895 l'uis-

1049 1915 1080 1934 se
1088 1915 1205 1935 csrnem
1215 1908 1292 1935 circa
1300 1908 1448 1944 propriam
1459 1909 1521 1936 Filii
1534 1910 1581 1936 Dei
1592 1910 1771 1946 hypostusin,
1781 1912 1872 1939 absitl

1049 1951 1199 1986 Ejusmodi
1210 1952 1288 1979 enim
1301 1953 1455 1986 sententia,
1470 1953 1551 1980 Pauli
1567 1955 1748 1982 Samosateni
1766 1959 1793 1983 et
1808 1956 1874 1983 reli-

1050 2003 1175 2032 quorum
1199 1996 1403 2024 haereticorum
1420 2000 1479 2030 est;
1496 1999 1543 2025 sed
1563 1999 1601 2025 ita
1617 1999 1743 2026 dicimus
1770 2008 1874 2028 secun-

1050 2040 1120 2067 dum
1145 2040 1372 2068 orthodoxorum
1397 2041 1566 2078 dogmatum
1594 2044 1751 2078 puritatem
1767 2053 1772 2071 2
1791 2046 1873 2077 Quod

1048 2083 1156 2112 virtute
1174 2087 1203 2112 et
1221 2085 1330 2120 Spiritu
1351 2089 1452 2114 sancto
1468 2087 1576 2122 repleta
1592 2088 1630 2114 sit
1646 2088 1738 2123 Virgo,
1752 2097 1818 2116 cum
1836 2089 1874 2116 ad

1050 2128 1310 2157 sanctiﬁcationem
1325 2130 1422 2157 carnis
1438 2139 1507 2161 suis.
1520 2134 1580 2158 tum
1601 2136 1629 2158 ut
1646 2136 1745 2167 posset
1760 2136 1874 2168 gestare

1050 2172 1207 2201 salutarem
1225 2174 1325 2201 fetum.
1338 2174 1395 2202 Hoc
1407 2178 1490 2210 pacto
1503 2176 1592 2210 igitur
1604 2177 1665 2211 ipsa
1677 2177 1774 2204 divina
1786 2177 1875 2205 Verbi

1050 2217 1229 2254 hypostasis,
1241 2218 1270 2245 in
1288 2218 1405 2254 Virgine
1424 2219 1604 2253 inhabitans,
1618 2222 1768 2249 incarnata
1788 2224 1833 2249 est
1847 2224 1878 2249 et

1010 2271 1033 2304 Β
1050 2262 1263 2290 humanitatem
1275 2263 1438 2299 assumpsit
1451 2273 1457 2292 :
1469 2272 1525 2292 non
1538 2266 1644 2293 virtute
1659 2269 1686 2293 et
1697 2267 1877 2300 operatione,

1052 2307 1102 2334 sed
1119 2308 1449 2344 hypostasi,secundum
1465 2311 1555 2336 totam
1574 2311 1784 2345 plenitudinem
1801 2311 1877 2338 Divi-

1053 2351 1234 2388 nitatis,ipsa
1245 2361 1307 2388 quas
1322 2352 1359 2380 ab
1375 2352 1457 2380 initio
1473 2357 1500 2380 et
1518 2354 1592 2380 ultra
1609 2354 1725 2381 initium
1740 2355 1816 2383 Deus
1832 2358 1878 2384 est

1053 2396 1116 2425 Filii
1126 2397 1175 2424 Dei
1185 2396 1514 2433 hypostasis,incarnatn
1524 2403 1562 2425 est
1574 2402 1602 2425 et
1611 2400 1822 2427 humanitatem
1831 2409 1877 2428 as-

1053 2442 1189 2477 sumpsit.
1207 2442 1348 2477 Superius
1363 2442 1440 2469 enim
1458 2444 1611 2477 probatum
1632 2444 1694 2475 fuit,
1707 2445 1782 2479 quod
1800 2446 1878 2472 sicut

1053 2486 1228 2519 substantia,
1243 2486 1380 2521 potentia,
1393 2489 1422 2513 et
1438 2494 1558 2522 regnum
1576 2490 1602 2513 et
1620 2488 1674 2515 alia
1690 2489 1798 2521 omnia,
1811 2497 1875 2524 quia

1050 2531 1134 2565 juxta
1143 2529 1318 2565 theologiam
1329 2530 1374 2557 his
1383 2531 1662 2566 adduntuuysingulu
1673 2533 1878 2568 lllL‘C,iI’lt]uillD,

1055 2583 1112 2602 non
1123 2573 1291 2610 hypostasis
1300 2574 1446 2607 dicuntur,
1455 2576 1502 2602 sed
1514 2575 1589 2602 circa
1600 2576 1766 2611 hypostusin
1777 2586 1880 2605 secun-

1055 2619 1125 2646 dum
1137 2618 1332 2646 substantiam
1344 2619 1494 2653 speciatim
1508 2621 1749 2654 interpretantur;
1762 2622 1801 2648 sic
1812 2631 1879 2658 ope-

1055 2663 1129 2691 ratio
1141 2666 1170 2690 et
1180 2663 1271 2690 virtus
1285 2663 1362 2691 circa
1378 2663 1548 2699 hyposlasin
1562 2665 1797 2693 substantialiter
1807 2667 1879 2694 refe-

1055 2708 1517 2743 runturetincommunequidem
1527 2709 1561 2735 ad
1571 2718 1808 2745 unamquamque
1816 2719 1882 2738 ssn-

1056 2755 1170 2781 ctarum
1181 2752 1271 2779 trium
1279 2752 1444 2780 divinarum
1460 2753 1609 2789 hypostasi
1616 2763 1629 2781 u
1637 2763 1674 2787 m,
1683 2754 1796 2790 proprie
1807 2759 1875 2782 item

1056 2798 1093 2826 ad
1105 2805 1194 2825 unam
1209 2795 1275 2825 Filii
1284 2796 1533 2831 Dei,incarnatam
1546 2801 1573 2825 et
1584 2798 1732 2826 hominem
1745 2800 1861 2827 tactam.
