4102 6218
343 378 458 438 935
1504 370 1567 431 S.
1614 366 2131 431 ATHANASIUS.
2165 400 2239 410 --
2272 368 2581 431 SPURIA.
3635 371 3756 430 936

346 508 601 580 Spiritus
634 504 841 575 ejus“;
880 526 905 551 »
939 501 1029 557 his
1056 503 1360 558 manifeste
1391 501 1689 556 declarans
1713 517 1773 555 se
1806 498 1978 554 Deum

2108 516 2194 567 με,
2254 497 2343 550 καὶ
2397 498 2459 551 τὸ
2520 502 2739 570 Ιινεῦμα
2792 497 3042 552 αὐτοῦ’»
3094 502 3332 574 φανερῶς
3394 493 3484 551 διὰ
3540 496 3754 552 τούτων

346 612 496 660 esse,
528 595 628 665 qui
661 594 795 648 fecit
826 590 1036 646 cmlum
1068 597 1125 645 et
1177 598 1411 660 terram,
1469 591 1585 644 ait:
1652 608 1672 636 ι
1710 590 1775 642 Et
1831 604 1978 642 nunc

2096 583 2415 657 παραδείξας
2474 587 2683 654 ἑαυτὸν,
2736 586 2819 641 ὅτι
2869 586 3028 648 αὐτὸς
3080 587 3107 640 ὁ
3158 587 3287 647 Θεὸς
3325 588 3353 639 6
3400 607 3635 655 ποιησας
3662 588 3755 641 τὸν

347 684 632 741 Dominus
665 682 827 736 misit
854 686 1020 735 meet
1043 680 1295 750 Spiritus
1318 681 1468 749 ejus.
1500 700 1527 729 »
1564 679 1628 733 Et
1659 694 1760 749 per
1779 677 1990 731 Zacha-

348 774 494 828 riam
530 770 645 826 ait:
680 792 707 820 ‹‹
743 769 943 824 Gaude
964 774 1019 822 et
1048 768 1262 834 laetare,
1287 768 1405 822 filia
1436 768 1596 827 Sion,
1629 766 1768 837 quia
1796 764 1985 830 venio,

348 867 406 916 et
434 860 709 915 habitabo
730 859 788 912 in
825 857 1012 912 medio
1035 858 1141 922 tui,
1166 863 1222 911 et
1248 856 1581 925 confugient
1609 860 1811 925 gentes
1836 852 1984 907 mul-

341 955 413 1006 tae
447 951 519 1005 ad
552 949 866 1003 Dominum
900 947 958 1000 in
991 945 1094 1000 illa
1116 946 1241 1001 die:
1273 951 1330 1000 et
1362 960 1678 1016 cognosces
1709 942 1847 1014 quia
1877 946 1984 996 Do-

342 1039 540 1094 minus
574 1036 733 1092 misit
766 1052 856 1090 me
888 1035 957 1090 ad
983 1039 1039 1089 te
1062 1035 1123 1088 ‘0.
1160 1057 1189 1083 ››
1224 1035 1360 1088 Inde
1392 1033 1537 1104 ipse,
1573 1032 1913 1086 incarnatus
1930 1034 1986 1084 et

336 1128 512 1183 homo
545 1129 752 1193 factus,
787 1139 914 1179 sese
961 1124 1268 1179 conﬁtetur
1318 1124 1481 1177 aiens
1511 1139 1523 1177 :
1557 1122 1770 1175 Missus
1800 1136 1985 1174 suma

336 1218 528 1283 Patre,
560 1221 635 1283 et,
669 1214 830 1268 misit
862 1229 953 1268 me
985 1217 1172 1280 Pater,
1206 1208 1981 1283 idipsumquemultistesti-

332 1308 543 1362 ﬁcatur
573 1304 783 1359 verbis.
821 1305 1021 1373 Itaque
1052 1319 1165 1356 non
1201 1306 1265 1355 ut
1296 1301 1469 1355 homo
1501 1300 1720 1354 missus
1752 1297 1982 1363 est,sed

332 1400 398 1449 ut
428 1394 579 1448 Deus
602 1397 657 1447 et
676 1391 982 1455 Dominus,
1011 1388 1206 1456 Filius,
1231 1406 1265 1443 a
1294 1388 1539 1443 Domino
1572 1387 1773 1441 Patre:
1810 1384 1982 1457 quale

330 1483 477 1538 illud
508 1485 633 1537 est:
694 1502 721 1530 ‹‹
762 1480 913 1534 Pluit
949 1480 1226 1533 Dominus
1260 1494 1293 1532 a
1326 1477 1568 1531 Domino
1595 1477 1662 1529 ⁸1.
1718 1496 1745 1524 ‹‹
1798 1481 1842 1527 Α
1879 1479 1981 1530 Do-

332 1572 492 1627 mino
523 1571 741 1625 dictum
773 1573 879 1623 est.
907 1567 1127 1622 Etillud
1155 1583 1167 1620 :
1202 1590 1229 1616 ‹‹
1254 1566 1407 1621 Dixit
1427 1566 1711 1621 Dominus
1739 1563 1978 1618 Domino

332 1660 536 1717 meo“
574 1681 602 1708 »
636 1657 864 1727 Accipit
920 1661 1115 1711 autem
1175 1656 1232 1709 in
1284 1654 1446 1710 hisce
1475 1653 1668 1708 verbis
1696 1652 1975 1708 thronum

332 1749 530 1815 David,
565 1747 663 1818 qui
716 1751 1023 1801 enarratur
1052 1760 1180 1799 esse
1203 1742 1581 1814 corporaliter
1612 1745 1774 1813 pater
1805 1740 1971 1810 ejus:

330 1860 361 1891 ε(
392 1839 460 1892 Et
490 1836 755 1907 regnabit
786 1835 845 1889 in
901 1835 1071 1889 domo
1125 1833 1303 1889 Jacob
1358 1832 1418 1887 in
1459 1831 1693 1901 saecula,
1726 1835 1782 1885 et
1812 1828 1972 1900 regni

2089 1846 2180 1882 πεν
2243 1829 2271 1883 ὁ
2330 1829 2525 1904 Κύριος
2581 1835 2661 1903 τῷ
2720 1831 2902 1905 Κυρίῳ
2955 1852 3081 1904 μου.
3134 1856 3163 1883 ››

328 1928 465 1997 ejus
498 1942 612 1980 non
632 1924 740 1980 erit
769 1922 904 1978 finis
925 1924 987 1978 ⁵³.
1024 1946 1051 1974 ››

2099 674 2321 749 οὐρανὸν
2379 676 2469 729 καὶ
2522 678 2620 744 τήν
2680 683 2781 751 γῆν
2831 673 2997 751 λέγειν
3049 700 3076 727 ‹‹
3130 675 3228 729 Καὶ
3275 680 3367 729 νῦν
3398 673 3593 751 Κύριος
3654 675 3756 730 ἀπ-

2098 760 2322 817 έσταλκὲ
2365 784 2449 836 με,
2481 764 2571 818 καὶ
2600 764 2662 818 τὸ
2695 769 2921 836 Πνεῦμα
2950 764 3134 818 αὑτοῦ.
3173 789 3198 815 ››
3232 764 3331 819 Καὶ
3365 762 3455 818 διὰ
3485 765 3755 840 Ζαχαρίου

2097 848 2297 925 λέγων.
2334 876 2359 907 (ι
2391 853 2597 930 Τὲρπου
2627 854 2717 909 xui
2753 853 3063 933 εὐφραίνου,
3101 854 3328 930 θύγατερ
3364 855 3530 921 Σιὼν,
3563 854 3643 909 ὅτι
3672 853 3756 930 ἕρ-

2094 960 2271 1015 χομαι
2301 944 2410 1015 (48)
2446 942 2535 997 καὶ
2586 944 2994 1014 κατασκηνώσω
3055 942 3106 997 ἰν
3144 942 3291 1015 μέσῳ
3322 964 3441 1014 σου,
3473 943 3562 998 καὶ
3592 965 3753 998 κατα-

2095 1030 2375 1107 φεύξονται
2432 1030 2555 1103 ἔθνη
2611 1030 2803 1087 πολλᾶ
2860 1031 2947 1086 ἐπὶ
2976 1032 3169 1105 Κύριον
3204 1030 3255 1085 ἰν
3282 1036 3351 1105 τῇ
3382 1032 3567 1106 ἡμέρᾳ
3619 1031 3752 1087 εκεί-

2092 1137 2175 1191 νῃ·
2231 1120 2319 1173 καὶ
2364 1119 2659 1195 ἐπιγνώσῃ,
2707 1120 2789 1175 ὅτι
2844 1120 3040 1196 Κύριος
3090 1118 3448 1190 ἐξαπέσταλκέ
3500 1142 3567 1194 με
3617 1123 3753 1197 πρὸς

2091 1208 2169 1264 σε.
2205 1232 2232 1259 ››
2293 1209 2565 1273 Ἐντεῦθεν
2617 1210 2705 1265 καὶ
2762 1209 2921 1271 αὐτὸς
2976 1211 3004 1264 6
3035 1208 3332 1284 σαρκωθεὶς
3362 1209 3453 1263 καὶ
3484 1209 3751 1286 ὲνανθρω-

2091 1298 2267 1366 πήσας
2323 1294 2648 1374 διομολογεῖ
2715 1298 2875 1353 αὐτὸν
2937 1296 3141 1373 λέγων·
3200 1297 3548 1369 Ἀπεστάλην
3606 1300 3753 1375 παρὰ

2088 1389 2185 1440 τοῦ
2225 1386 2462 1461 ΙΙατρός’
2510 1389 2601 1442 καὶ
2651 1386 2983 1444 Ἀπέσταλκὲ
3039 1408 3104 1461 με
3157 1389 3185 1441 6
3250 1389 3465 1461 Πατὴρ,
3521 1388 3589 1442 τὰ
3618 1387 3753 1443 αὐτὰ

2091 1473 2142 1527 ἂν
2205 1473 2445 1537 πολλαῖς
2507 1475 2724 1551 ῥήσεσιν
2773 1476 3180 1552 ἐπιμαρτυρῶν.
3241 1476 3450 1534 Οὐκοῦν
3511 1476 3619 1552 οὐχ
3675 1477 3752 1539 ὡς

2088 1559 2371 1635 ἄνθρωπος
2402 1564 2704 1634 ἀπεστάλη,
2738 1564 2863 1621 ἀλλ’
2902 1566 2976 1627 ὡς
3009 1566 3163 1633 Θεὸς,
3193 1565 3284 1620 καὶ
3335 1565 3560 1638 Κύριος,
3622 1567 3748 1629 Υἱὸς

2086 1651 2232 1727 παρὰ
2264 1652 2465 1727 Κυρίου
2492 1658 2588 1709 τοῦ
2621 1655 2855 1729 ΙΙατρὸς,
2889 1654 2966 1716 ὡς
2994 1653 3085 1708 καὶ
3117 1656 3200 1726 τὸ,
3234 1678 3263 1706 ί(
3301 1648 3523 1729 Ἐὗρεξε
3551 1654 3749 1725 Κύριος

2084 1741 2229 1816 παρά
2286 1741 2506 1815 Κυρίου,
2568 1768 2594 1795 ››
2644 1743 2790 1817 παρά
2838 1742 3042 1819 Κυρίου
3091 1748 3285 1797 κεῖται·
3333 1742 3423 1797 καὶ
3453 1743 3539 1814 τὸ,
3591 1768 3621 1795 ‹‹
3652 1743 3749 1798 Ei-

3213 1838 3293 1886 Λα
3300 1826 3491 1903 μϐἀνει
3544 1828 3602 1886 δὲ
3648 1833 3745 1886 κάν

2085 1916 2302 1980 τούτοις
2349 1920 2439 1975 τὸν
2473 1919 2662 1997 θρόνον
2698 1915 2890 1990 Δαϐὶδ,
2913 1924 3010 1976 τοῦ
3033 1924 3359 1994 σωματικῶς
3387 1919 3749 1995 γενεαλογουο

330 2016 493 2087 μενου
523 2014 725 2087 πατρὸς
756 2009 938 2065 αὐτοῦ·
977 2033 1004 2062 ‹‹
1038 2010 1135 2065 Καὶ
1170 2007 1477 2084 βασιλεύσει
1506 2006 1594 2063 ἐπὶ
1622 2006 1712 2062 τὸν
1748 2005 1894 2061 οἶκον
1928 2001 2122 2061 Ἰακὼϐ
2156 2006 2233 2069 εἷς
2261 2008 2388 2071 τοὺς
2431 2010 2652 2080 αἰῶνας,
2686 2011 2775 2064 καὶ
2799 2016 2900 2079 τῆς
2934 2009 3212 2085 βασιλείας
3243 2008 3408 2065 αὐτοῦ
3459 2009 3559 2064 οὐκ
3596 2007 3741 2065 ἔσται

325 2086 508 2147 τέλος.

402 2177 487 2231 13.
522 2172 821 2246 Intelligas
842 2172 1011 2228 velim
1047 2188 1377 2227 sermonem
1410 2170 1851 2239 doctrinamque
1871 2168 1979 2223 hac

331 2266 391 2321 in
425 2262 759 2320 narratione
787 2262 1186 2317 constitutam:
1223 2260 1423 2316 omnia
1452 2259 1609 2315 enim
1640 2256 1981 2314 concutiunt

330 2360 387 2411 et
419 2350 1151 2427 perscrutanturhaeretici,
1172 2367 1238 2405 ac
1255 2365 1389 2404 cum
1421 2346 1980 2403 simulationeinter-

328 2448 575 2516 rogant:
611 2441 762 2496 Num
795 2439 937 2495 illud
963 2438 1426 2496 incarnationem
1460 2436 1671 2492 Christi
1696 2436 1976 2490 subsecu-

326 2537 454 2587 tum
488 2531 698 2597 fuerit;
734 2547 808 2585 an
868 2527 1093 2584 scilicet
1150 2527 1437 2598 acceperit
1486 2526 1768 2580 thronum
1801 2523 1974 2578 David

332 2621 514 2691 patris
545 2620 660 2684 sui,
693 2623 750 2673 et
772 2617 1099 2689 regnaverit
1146 2616 1205 2670 in
1236 2617 1409 2670 domo
1440 2615 1619 2669 Jacob
1651 2614 1708 2667 in
1742 2612 1970 2667 saecula.

331 2710 554 2774 Quibus
585 2709 668 2763 ita
688 2706 1262 2778 respondemus,cum
1289 2705 1539 2776 quadam
1573 2702 1977 2758 observatione

327 2796 825 2854 considerandum
856 2810 1005 2860 esse,
1039 2794 1312 2865 angelum
1357 2792 1456 2848 ubi
1487 2792 1589 2859 ait,
1634 2815 1653 2840 ι
1692 2795 1758 2845 Et
1814 2788 1977 2844 dabit

325 2886 410 2941 illi
450 2886 731 2941 Dominus
762 2883 1040 2939 thronum
1066 2883 1242 2937 David
1266 2883 1330 2950 “,
1367 2903 1395 2931 ››
1420 2896 1793 2952 nequaquam
1817 2877 1977 2933 addi-

329 2976 508 3040 disse,
543 2980 608 3029 ut
637 2973 1012 3029 confirmaret
1032 2976 1089 3027 et
1107 2971 1501 3026 corroboraret
1524 2988 1537 3036 ;
1561 2970 1663 3025 sed
1687 2967 1973 3036 absolute,

332 3088 352 3113 ι
389 3069 446 3119 et
474 3062 1177 3132 dabit.»Hincoportetex
1207 3060 1279 3114 iis
1303 3077 1429 3131 quae
1455 3076 1516 3115 re
1542 3066 1599 3114 et
1629 3075 1800 3129 opere
1817 3073 1973 3111 com-

331 3153 486 3223 pleta
502 3157 660 3220 sunt,
677 3149 1082 3205 difﬁcultatem
1103 3149 1338 3205 solvere.
1370 3149 1513 3205 Nam
1532 3147 1737 3214 illud,«
1754 3146 1971 3213 dabit,»

2162 2169 2245 2225 13.
2281 2168 2379 2223 Καὶ
2435 2168 2683 2225 κατανόει
2731 2166 2898 2243 λόγον
2952 2169 3042 2224 καὶ
3075 2166 3257 2245 δόγμα
3283 2171 3746 2247 συνυφιστάμενον

2084 2255 2155 2330 τῇ
2187 2255 2436 2333 ἐξηγήσει
2466 2257 2653 2331 ταύτῃ.
2686 2262 2916 2328 Ζητοῦσι
2946 2259 3047 2333 γὰρ
3100 2257 3567 2334 παρασαλεύοντες
3624 2258 3743 2332 (49)

2084 2348 2255 2401 πάντα
2310 2348 2361 2401 οἱ
2411 2347 2695 2423 αἱρετικοῖ,
2745 2346 2833 2401 καὶ
2885 2344 3214 2420 διερωτῶσιν
3298 2346 3739 2420 ὑποκρινόμενον

2084 2435 2151 2491 Ei
2202 2439 2363 2490 τοῦτο
2413 2434 2870 2510 παρηκολούθησε
2918 2437 2985 2508 τῇ
3028 2435 3294 2509 σαρκώσει
3325 2437 3580 2508 Χριστοῦ*
3616 2432 3741 2503 ἤτοι

2087 2519 2354 2585 λαϐόντος
2405 2525 2494 2577 τὸν
2553 2522 2741 2597 θρόνον
2799 2517 2963 2577 Δαϐἰδ
3019 2526 3117 2577 τοῦ
3177 2523 3382 2593 πατρὸς
3412 2521 3600 2594 αὐτοῦ,
3651 2522 3740 2577 καὶ

2090 2611 2505 2687 βασιλεύσαντος
2554 2611 2641 2666 ἐπὶ
2688 2612 2779 2666 τὸν
2830 2612 2977 2666 οἷκον
3022 2606 3216 2666 Ἰακὼὸ
3250 2609 3324 2673 εἷς
3354 2610 3481 2673 τοὺς
3516 2610 3736 2673 αἰῶνας·

2087 2702 2232 2777 ΙΙρὸς
2265 2700 2358 2763 οῦς
2388 2700 2839 2776 ἆπογρινόμενοι,
2871 2701 3069 2778 φαμὶν,
3102 2701 3185 2754 δτι
3216 2701 3331 2772 μετ’
3356 2698 3737 2776 ἐπιτηρήσεως

2085 2789 2167 2845 δεῖ
2196 2790 2505 2866 προσέχειν,
2539 2778 2643 2860 δτῐ,
2676 2788 2922 2851 εἰπόντος
2952 2793 3049 2844 τοῦ
3081 2787 3334 2864 ἀγτὲλου,
3384 2812 3412 2841 ‹‹
3443 2789 3542 2844 Καὶ
3575 2787 3736 2845 δώσει

2084 2879 2231 2950 αὐτῷ
2290 2878 2482 2953 Κύριος
2527 2880 2619 2933 τὸν
2672 2878 2861 2954 θρόνον
2914 2872 3104 2949 Δαϐἰδ,
3138 2901 3166 2929 ››
3200 2877 3299 2932 οὐκ
3328 2876 3735 2951 ἐπεσημήνατο,

2086 2967 2166 3047 ἐφ’
2224 2967 2269 3040 ᾧ
2324 2967 2571 3040 στηρίξαι
2624 2969 2658 3036 ἢ
2715 2962 3029 3043 βεϐαιῶσαι·
3082 2965 3210 3021 ἀλλ’
3242 2964 3534 3028 ἀπολύτως
3566 2967 3735 3043 λέγει,

2088 3082 2115 3107 ‹‹
2173 3059 2261 3112 καὶ
2311 3055 2491 3113 δώσει.
2544 3081 2573 3109 ››
2624 3056 2910 3111 Κᾶντεῦθεν
2955 3057 3067 3133 χρὴ
3104 3054 3162 3110 ἐκ
3189 3060 3297 3111 τῶν
3325 3062 3439 3110 κατ’
3464 3056 3732 3131 ἀνέργειαν

2086 3145 2545 3201 ἀποτελεσθέντων
2579 3145 2928 3201 ἐπιλύσασθαι
2958 3146 3022 3200 τὸ
3065 3144 3293 3220 ἄπορον·
3327 3144 3409 3199 ὅτι
3461 3145 3523 3199 τὸ
3558 3170 3577 3195 ε
3633 3142 3738 3199 δώ-

326 3240 551 3295 dictum
586 3237 785 3303 est,ita
816 3243 877 3291 ut
906 3235 1271 3291 transtulerit
1299 3252 1535 3307 regnum
1569 3235 1734 3303 illud,
1764 3240 1827 3289 ut
1853 3234 1978 3305 ipse

2090 3258 2170 3290 σει
2203 3259 2231 3287 n
2264 3233 2494 3312 εἷ’ρηται,
2530 3235 2610 3313 ἐφ’
2638 3237 2683 3307 ᾧ
2717 3241 3043 3307 μεταστῆσαι
3076 3239 3264 3289 τοῦτον
3291 3236 3381 3288 τὸν
3415 3234 3626 3309 θρόνον,
3656 3234 3733 3296 ὡς

335 3327 600 3382 Christus
658 3326 729 3379 ad
785 3325 1018 3379 Judaeos
1078 3323 1323 3394 loquens
1376 3324 1798 3395 interpretatus
1836 3329 1967 3379 est:

328 3438 356 3467 ‹‹
396 3416 526 3470 ldeo
559 3414 853 3470 auferetur
908 3431 941 3467 a
981 3412 1144 3467 vobis
1178 3429 1442 3484 regnum,
1477 3418 1532 3467 et
1562 3412 1794 3467 dabitur
1814 3412 1970 3484 genti

325 3503 564 3561 facienti
597 3503 821 3558 fructus
852 3503 980 3571 ejus
1001 3502 1112 3555 ⁵⁸.»
1161 3502 1360 3572 Itaque
1411 3506 1647 3572 accepto
1705 3501 1972 3557 Christus

327 3611 510 3666 regno
541 3591 796 3658 Davidis,
858 3590 1161 3646 transtulit
1218 3589 1362 3644 illud
1422 3590 1697 3661 deditque
1756 3591 1972 3646 sanctis

334 3683 803 3739 Christianorum
864 3680 1121 3752 regibus,
1155 3683 1220 3734 ut
1247 3684 1602 3735 converteret
1632 3696 1730 3735 eos
1760 3681 1829 3735 ad
1864 3681 1972 3735 do-

330 3790 492 3828 mum
519 3766 718 3839 Jacob,
754 3778 810 3825 et
839 3769 1095 3825 traderet
1130 3767 1291 3824 illam
1322 3768 1381 3823 in
1414 3769 1793 3840 opprobrium
1824 3774 1881 3825 et
1912 3770 1971 3825 in

328 3861 738 3934 direptionem.
773 3860 999 3931 Regnat
1052 3857 1111 3912 in
1160 3857 1521 3913 Christianos
1553 3859 1610 3913 in
1645 3859 1876 3925 saecula,
1917 3864 1974 3915 et

327 3950 494 4023 regni
523 3950 648 4021 ejus
682 3966 795 4003 non
836 3946 945 4002 erit
1002 3946 1157 4000 finis.
1217 3945 1407 4016 Neque
1439 3949 1595 4003 enim
1628 3946 1726 4002 alii
1758 3947 1972 4020 populo

330 4040 698 4110 relinquetur
719 4038 888 4107 juxta
915 4035 1169 4091 visiones
1200 4035 1455 4091 Danielis
1486 4037 1778 4108 prophetae
1804 4056 1816 4105 ;
1870 4039 1970 4094 sed

330 4127 651 4198 praedicant
679 4124 1015 4196 (prophetae)
1043 4125 1237 4194 ipsum
1269 4124 1563 4180 Christum
1598 4142 1790 4199 regem
1821 4143 1973 4196 esse,

329 4217 796 4286 perseverantem
815 4228 998 4282 usque
1013 4212 1084 4267 ad
1104 4213 1425 4268 secundum
1442 4232 1616 4269 suum
1631 4217 1970 4273 adventum:

328 4320 444 4376 quo
475 4307 735 4372 tempore
758 4316 889 4354 cum
914 4300 1155 4369 venerit,
1187 4317 1287 4356 rex
1310 4303 1568 4358 manebit
1597 4303 1654 4358 in
1678 4305 1975 4376 saecula,et

332 4388 493 4461 regni
516 4390 645 4460 ejus
669 4405 783 4442 non
810 4387 921 4443 erit
937 4388 1094 4444 ﬁnis.
1112 4392 1253 4443 Cum
1268 4389 1423 4444 enim
1456 4396 1630 4447 natus
1651 4408 1718 4447 ex
1737 4392 1974 4467 Virgine

329 4478 515 4535 omnia
544 4476 919 4549 compleverit
948 4494 1072 4547 quas
1104 4482 1368 4550 spectant
1404 4481 1785 4537 meonomiam
1820 4500 1970 4539 mor-

2078 3326 2167 3381 xui
2217 3325 2374 3387 αὐτὸς
2423 3327 2451 3379 6
2502 3324 2726 3399 Χριστὸς
2779 3321 3149 3397 διερμηνεύων
3202 3319 3359 3397 ἔλεγε
3406 3324 3544 3399 πρὸς
3595 3324 3735 3377 Ἰου-

2081 3412 2285 3477 δαίους-
2341 3438 2367 3465 ‹‹
2419 3415 2515 3468 Διὰ
2559 3417 2720 3467 τοῦτο
2760 3412 3050 3487 ἀρθήσεται
3083 3411 3173 3490 ἀφ’
3205 3412 3354 3483 ὑμῶν
3387 3414 3422 3482 ἡ
3460 3410 3731 3485 βασιλεία,

2079 3505 2169 3559 καὶ
2228 3501 2513 3573 δοθήσεται
2567 3500 2699 3557 ἔθνει
2756 3505 3001 3556 ποιοῦντι
3045 3498 3175 3562 τοὺς
3202 3501 3443 3575 καρποὺς
3473 3500 3663 3570 αὐτῆς.
3697 3524 3726 3554 υ

2080 3592 2283 3647 Οὐκοῦν
2316 3587 2499 3647 λαϐὼν
2533 3593 2560 3645 6
2593 3591 2829 3664 Χριστὸς
2850 3589 2942 3643 τὸν
2973 3588 3162 3663 θρόνον
3183 3584 3371 3659 Δαϐὶδ,
3411 3590 3725 3663 μετιστησεν

2078 3683 2238 3738 αὐτὸν
2293 3682 2383 3737 καὶ
2442 3678 2610 3736 ἔδωκε
2664 3686 2781 3742 τοῖς
2832 3679 3006 3754 ἁγίοις
3053 3680 3384 3755 Χριστιανῶν
3421 3677 3724 3755 βασιλεῦσι,

2079 3773 2472 3847 ὶπαναστρὲψαι
2519 3769 2742 3831 τούτους
2789 3767 2876 3823 ἐπὶ
2925 3769 3015 3823 τὸν
3062 3770 3210 3822 οἷκον
3250 3763 3470 3823 Ἰακώ6’
3503 3767 3593 3822 καὶ
3624 3789 3730 3823 πα-

2082 3858 2280 3938 ραδοὺς
2312 3859 2468 3915 αὐτὸν
2498 3858 2571 3920 εἷς
2603 3855 2930 3930 ὀνειδισμὸν,
2962 3856 3050 3911 xul
3080 3856 3164 3918 εἷς
3196 3853 3519 3932 διαρπαγὴν,
3576 3857 3731 3931 βασι-

2082 3951 2227 4006 λεύει
2278 3948 2329 4004 ἐν
2386 3951 2731 4024 Χριστιανοῖς
2782 3946 2855 4008 εἷς
2902 3945 3027 4007 τοὺς
3059 3945 3283 4014 αἰῶνας,
3314 3944 3404 3999 καὶ
3436 3947 3537 4013 τῆς
3570 3946 3725 4020 βασι-

2082 4038 2231 4101 λείας
2289 4037 2453 4093 αύτοῦ
2501 4037 2600 4092 οὐκ
2646 4032 2790 4091 ἔσται
2827 4033 3007 4096 τέλος·
3069 4031 3195 4088 οὐδὲ
3242 4033 3345 4109 γὰρ
3394 4030 3512 4105 λαῷ
3560 4033 3730 4108 ἑτέρῳ

2084 4125 2560 4205 ὑπολειφθήσεται,
2591 4126 2727 4179 κατὰ
2773 4125 2868 4185 τὰς
2900 4122 3111 4199 ὁράσεις
3145 4120 3367 4191 Λαπιὴλ
3396 4125 3493 4177 τοῦ
3512 4124 3732 4200 προφή-

2079 4214 2334 4272 του·ἀλλ’
2363 4212 2821 4289 ἀνακηρύττουσιν
2855 4212 3011 4267 αὐτὸν
3045 4211 3273 4287 Χριστὸν
3312 4208 3539 4286 βασιλέα
3569 4211 3729 4279 εἶναι,

2082 4306 2240 4363 αὐτὸν
2300 4302 2494 4380 διαρκῆ
2553 4303 2716 4379 μέχρι
2754 4305 2851 4371 τῆς
2903 4298 3152 4377 δευτίρας
3197 4299 3361 4355 αὐτοῦ
3410 4300 3733 4375 παρουσίας,

2081 4396 2197 4452 καθ’
2225 4397 2288 4465 ἣν
2343 4393 2722 4466 ἐλευσόμενος,
2760 4392 2903 4464 μὲνει
2951 4388 3204 4466 βασιλεὺς
3238 4389 3314 4452 είς
3344 4387 3470 4451 τοὺς
3498 4389 3720 4451 αἰῶνας.

2080 4486 2171 4541 καὶ
2226 4490 2326 4553 τῆς
2382 4479 2658 4559 βασιλείας
2716 4480 2879 4535 αὐτοῦ
2935 4477 3034 4533 οὐκ
3089 4475 3234 4533 ἔσται
3294 4475 3474 4539 τέλος.
3518 4477 3582 4533 ΕΙ
3630 4479 3731 4555 γὰρ

327 4567 407 4623 tis
437 4571 494 4621 et
525 4565 735 4635 erucis,
770 4570 829 4621 et
848 4570 979 4637 post
1009 4566 1491 4622 resurrectionem
1526 4568 1769 4626 dixerit:
1801 4573 1975 4629 cData

2089 4572 2361 4649 γεννηθεὶς
2419 4571 2479 4626 ἐκ
2529 4577 2630 4640 τῆς
2686 4570 2984 4643 Παρθένου,
3033 4568 3122 4623 καὶ
3172 4568 3345 4621 πάντα
3389 4565 3614 4629 τελὲσας
3667 4566 3735 4621 τὰ

330 4658 420 4710 est
451 4654 595 4710 mihi
621 4654 813 4710 omnis
865 4659 1120 4725 potestas
1168 4655 1226 4709 in
1277 4654 1417 4710 cmlo
1475 4660 1531 4712 et
1561 4657 1617 4711 in
1650 4662 1804 4714 terra
1824 4661 1867 4694 ⁵⁶
1901 4679 1913 4729 ;
1948 4684 1976 4711 ››

321 4745 446 4815 jam
481 4743 617 4798 inde
651 4743 935 4815 regnavit,
969 4747 1027 4798 et
1072 4742 1537 4800 Christianorum
1572 4763 1667 4801 rex
1694 4749 1976 4818 praedica-

326 4838 443 4887 tur:
461 4832 962 4903 quemadmodum
978 4831 1144 4885 initio
1159 4848 1396 4903 precum
1413 4840 1615 4889 mutuo
1629 4838 1979 4910 compellan-

328 4928 440 4989 tes,
462 4920 714 4976 clamare
727 4920 915 4976 solent
930 4938 942 4974 :
957 4920 1499 4987 Venite,adoremus
1519 4928 1575 4979 et
1605 4927 1979 4996 procidamus

337 5027 531 5065 coram
568 5008 798 5064 Christo
831 5009 981 5081 Rege
1014 5014 1231 5065 nostro.
1257 5011 1324 5066 Et
1372 5017 1651 5069 venturus
1676 5016 1731 5070 in
1768 5035 1979 5089 magno

329 5103 385 5154 et
415 5098 631 5154 illustri
662 5098 917 5153 secundo
949 5098 1197 5153 adventu
1231 5116 1357 5170 suo,
1389 5100 1508 5172 ipse
1566 5108 1826 5161 manebit
1886 5126 1983 5163 rex

330 5189 388 5242 in
422 5186 651 5254 saecula,
676 5191 732 5243 et
754 5188 917 5259 regni
950 5188 1077 5257 ejus
1109 5205 1223 5243 non
1256 5190 1366 5244 erit
1408 5190 1561 5248 finis.
1597 5193 1900 5266 Siquidem
1934 5200 1983 5255 is

403 5368 448 5405 ιθ
500 5369 1319 5443 188..κινιιι,15.η⁸ίξγΖαοι].
1380 5389 1441 5441 ιι,
1506 5375 1591 5443 10,
1654 5377 1739 5433 11.
1795 5379 1838 5415 ⁸¹
1901 5383 2043 5436 Gen.

331 5442 374 5478 ⁸⁸
430 5439 634 5497 Matth.
671 5441 904 5509 “1,43.
982 5441 1026 5475 ⁵⁸
1082 5442 1287 5498 Matth.
1320 5439 1520 5513 xxviii,
1578 5439 1664 5502 18.

332 5622 520 5752 (1θὲίέῗῖ
552 5618 992 5695 Αη81ίοαη.,ὅτι
1056 5619 1174 5677 ἰδοὺ
1231 5619 1489 5698 ἔρχομαι,
1553 5628 1614 5682 In
1673 5627 1828 5702 aliis,
1861 5626 1979 5685 ἴδοις

2086 4664 2222 4719 κατὰ
2272 4664 2370 4730 τήν
2430 4658 2739 4733 οἰκονομίαν
2796 4656 2893 4713 τοῦ
2943 4658 3172 4722 θανάτου
3219 4657 3308 4711 xui
3348 4661 3446 4711 τοῦ
3478 4660 3732 4730 σταυροῦ,

2085 4752 2312 4813 ἀναστάς
2358 4769 2540 4828 φησιν·
2596 4774 2625 4801 (ς
2673 4745 2865 4817 Ἐδόθη
2924 4768 3014 4820 μοι
3046 4752 3189 4801 πᾶσα
3220 4745 3430 4817 ἐξουσία
3458 4744 3511 4800 ἐν
3570 4744 3733 4820 ούρα-

2085 4847 2163 4914 νῶ
2190 4838 2279 4896 xui
2310 4838 2396 4893 ἐπὶ
2427 4846 2555 4914 γῆς·
2603 4862 2631 4889 ››
2676 4834 2786 4907 ἤδη
2842 4834 3040 4891 ἐκεῖθεν
3086 4830 3419 4905 ἐϐασίλευσε,
3466 4832 3555 4888 καὶ
3607 4833 3734 4887 ἀνα-

2086 4931 2408 5007 κηρύττεται
2462 4930 2793 5002 Χριστιανῶν
2865 4922 3139 5001 βασιλεύς·
3194 4924 3267 4985 ὡς
3329 4922 3416 4977 xui
3474 4928 3588 4977 κατ’
3644 4922 3737 4996 ἆρ-

2089 5019 2192 5095 χάς
2236 5023 2341 5073 τῶν
2392 5016 2569 5091 εὐχῶν
2629 5012 3063 5089 συγκαλούμενοι
3118 5009 3426 5082 ἀλλήλους,
3503 5009 3733 5085 ἀνακρά-

2093 5113 2241 5177 ζουσι
2304 5105 2573 5180 λέγοντες
2633 5108 2812 5171 Δεῦτε,
2863 5103 3346 5177 προσκυνήσωμεν,
3374 5100 3463 5153 καὶ
3495 5100 3741 5175 προσπὲο

2092 5218 2271 5269 σωμεν
2318 5194 2464 5266 αὐτῷ
2512 5197 2726 5269 Χριστῷ
2770 5197 2849 5263 τῷ
2904 5189 3118 5267 βασιλεῖ
3160 5191 3339 5263 ἡμῶν.
3375 5190 3469 5243 Καὶ
3505 5187 3741 5263 ἐρχόμε-

2101 5396 2217 5450 xix,
2273 5378 2363 5433 24.
2437 5377 2482 5411 ⁸³
2513 5374 2665 5431 Psal.
2698 5391 2813 5443 cxx,
2872 5375 2923 5427 1.
2999 5372 3043 5407 ⁸³
3075 5372 3211 5427 Luc.
3247 5387 3287 5441 Ι,
3319 5370 3407 5424 32.
3494 5369 3540 5405 ⁵⁸
3596 5368 3737 5424 ibid.

2161 5629 2626 5704 (49)_Angliean.,
2675 5622 3159 5704 παρακελεύοντες.
3244 5625 3426 5693 Quem
3506 5623 3744 5682 secutus

2086 5701 2351 5764 Nannius
2380 5701 2491 5762 est-
