2051 3109
172 172 232 203 937
628 169 762 201 SERMO
785 170 824 200 IN
848 169 1205 201 ANNUNTIATIONEM
1227 170 1421 201 DEIPAR/E.
1818 175 1877 206 938

173 250 221 270 νος
234 239 303 266 κατὰ
329 238 379 272 τήν
408 237 529 276 μεγάλην
557 236 602 264 καὶ
633 236 751 275 ἐπιφανῆ
775 236 858 263 αὐτοῦ
878 235 1002 274 δευτέραν

1070 244 1121 272 pse
1136 236 1186 273 qui
1215 245 1250 265 ex
1271 237 1391 274 Virgine
1419 239 1508 266 natus
1530 239 1585 273 est,
1614 246 1664 266 rex
1683 242 1738 274 est,
1768 243 1796 268 et
1820 241 1883 276 ipse

172 282 334 321 παρουσίαν,
349 281 429 313 αὐτὸς
447 282 519 318 μένει
537 280 664 319 βασιλεὺς
679 281 717 312 εἷς
743 280 808 311 τοὺς
836 280 944 314 αἰῶνας,
959 280 1004 307 καὶ

173 329 225 361 τῆς
241 326 380 365 βασιλείας
396 325 478 354 αὐτοῦ
502 326 552 353 οὐκ
573 324 645 353 ἔσται
670 324 760 357 τέλος.
776 325 825 352 Καὶ
851 324 909 353 έπεὶ
925 324 1004 356 αὐτὸς

177 371 306 410 βασιλευς
322 371 391 399 ἐστιν
408 371 423 398 ὁ
439 370 468 398 ἐκ
482 372 532 403 τῆς
559 369 696 409 Παρθένου
720 369 870 409 γεννηθεὶς,
886 369 931 397 καὶ
956 369 1006 397 αὐ-

1062 281 1204 309 Dominus
1220 281 1305 310 Deus.
1324 282 1453 318 Ejusque
1464 283 1568 319 gratia,
1586 291 1649 319 qua:
1661 284 1759 320 ipsum
1769 286 1883 321 genuit,

1060 326 1179 362 Regina,
1198 326 1319 355 Domina
1342 329 1371 355 et
1387 327 1509 363 Deipara
1531 328 1646 364 proprie
1670 337 1702 356 ac
1727 337 1792 357 vere
1815 338 1887 366 pre:-

1062 370 1187 398 dicatur.

174 417 223 448 τὸς
240 416 339 454 Κύριος
354 416 368 443 ὁ
385 414 458 446 Θεός.
484 415 523 443 Δι’
545 415 625 442 αὐτὸν
648 414 693 443 καὶ
714 416 732 450 ἡ
752 413 868 442 τεκοῦσα
891 414 971 442 αὐτὸν
997 413 1151 453 βασίλισσα,
1167 414 1212 442 καὶ
1237 414 1320 453 Κυρία
1343 414 1388 443 καὶ
1412 415 1554 451 Θεοτόκος,
1580 416 1681 454 κυρίως
1705 417 1749 444 καὶ
1776 417 1887 453 ἀληθῶς

178 460 381 499 δογματίζεται.

215 520 259 548 14.
289 518 339 546 Καὶ
363 518 544 558 έφαρμόζεται
573 517 713 545 κάντεῦθεν
745 517 834 555 λέγειν
865 518 902 548 ὡς
937 517 1005 555 πρὸς

178 563 264 599 αὐτὴν
280 563 438 602 ἀφορῶντας
451 564 536 599 ἡμᾶς,
552 562 597 590 καὶ
624 563 692 599 πρὸς
714 561 794 590 αὐτὸν
818 562 864 590 τὸν
880 561 907 597 ἐξ
923 561 1007 596 αὐτῆς

176 608 309 646 τεχθέντα
330 607 499 646 σαρκοιρόρον
526 607 587 634 new
611 606 706 640 αὐτῆς.
733 609 786 634 Νῦν
801 620 814 632 (ι
832 606 951 644 παρέστη
978 606 1008 633 ἐκ

179 652 274 688 δεξιῶν
298 663 346 680 σου
370 652 397 680 ἐν
421 653 565 689 ἱματισμῷ
590 650 743 689 διαχρύσῳ,
768 648 1006 689 περιϐεϐλημένη,

177 697 393 734 πεποικιλμένη.
421 708 433 723 ι
460 696 510 724 Καὶ
532 696 582 734 γὰρ
606 696 674 724 καθὰ
696 696 763 733 γι)νή
789 694 972 733 ἐχρημάτισεν
989 695 1006 729 ἡ

181 741 338 780 βασίλισσα,
353 741 398 769 καὶ
420 740 517 778 Κυρία,
532 741 578 768 καὶ
602 741 703 779 Μήτηρ
727 742 776 768 τοῦ
801 742 878 775 Θεοῦ,
895 739 963 767 κατὰ
977 739 1007 766 τὸ

176 789 331 826 γυναικεῖον
345 786 430 821 αὐτῆς
445 789 553 824 σχῆμα,
575 785 619 813 καὶ
644 787 690 812 νῦν
715 784 753 817 ὡς
771 784 916 822 βασίλισσα
939 793 1008 821 παρ-

181 832 312 868 ισταμένη
330 830 359 858 ὲκ
373 829 465 866 δεξιῶν
487 831 536 857 τοῦ
560 826 758 866 παμϐασιλέως
782 829 846 856 Υἱοῦ
871 828 965 863 αὐτῆς,
981 827 1007 855 ἐν

180 878 324 914 ἱματισμῷ
347 875 489 914 διαχρύσῳ
513 879 564 910 τῆς
588 875 748 915 ἀφθαρσίας,
773 872 1008 912 περιϐεϐλημένη,

180 921 396 958 πεποικιλμένη,
412 920 606 959 ἱερολογεῖται·
624 920 680 947 ἀνθ’
704 920 740 947 ὧν
758 918 830 956 μηδὲ
847 920 907 951 καθ’
921 918 1008 946 ἁπλό-

180 977 251 1002 τητα
279 966 462 1003 πνευματικήν
476 987 484 1000 ,
505 965 551 992 καὶ
575 965 632 992 οἷον
656 964 770 1003 ἄσαρκον
792 963 838 991 καὶ
863 964 1008 1000 ἀσώματον

180 1010 356 1049 παρίσταται,
381 1009 454 1038 ἀλλὰ
477 1007 700 1048 περιϐεϐλημένη
723 1009 770 1046 μὲν
794 1008 862 1037 κατὰ
875 1009 924 1043 τὴν
941 1018 1009 1036 παν-

182 1055 334 1093 αγεστάτην
362 1053 445 1088 αὐτῆς
475 1055 560 1092 σάρκα
588 1054 638 1088 τὴν
666 1053 814 1092 ἀφθαρσίαν
838 1053 884 1081 καὶ
909 1053 1008 1081 ἀθανα-

183 1100 241 1128 σίαν
255 1122 262 1135 ,
288 1099 333 1126 καὶ
359 1097 559 1136 πεποικιλμένη
584 1099 653 1126 κατὰ
674 1099 709 1125 τὰ
732 1097 905 1135 έπερείδοντα
925 1097 1009 1133 αὐτῆς

181 1145 232 1179 τὴν
258 1144 344 1181 σάρκα
369 1143 559 1181 παναγιώτατα
583 1142 658 1171 ὀστᾶ.
681 1142 732 1172 Καὶ
757 1142 808 1180 γὰρ
833 1142 878 1170 καὶ
902 1142 932 1170 έκ
953 1144 1007 1170 τῶν

183 1191 292 1227 σαρκῶν
322 1188 407 1223 αὐτῆς
436 1187 481 1215 καὶ
510 1187 540 1215 ἔκ
567 1190 621 1215 τῶν
651 1187 750 1215 ὀστέων
779 1187 862 1222 αὐτῆς
879 1208 886 1220 ,
915 1187 952 1218 ὡς
980 1186 1010 1214 έκ

181 1235 233 1261 τοῦ
247 1232 334 1261 πάλαι
357 1231 458 1268 ’Λδαμ,
483 1232 498 1259 ὸ
521 1232 581 1263 νέος
607 1230 703 1269 Ἀδὰμ,
719 1233 775 1259 κατ’
803 1231 1010 1269 ἀντιπρόσωπον

182 1277 291 1308 πλάσας
306 1277 393 1313 έαοτῷ
416 1277 465 1311 τήν
490 1277 529 1307 ὡς
551 1276 671 1314 πλευρὰν
696 1275 840 1314 σάρκωσιν,
861 1276 935 1315 φέρει
960 1276 1009 1304 αὐς

181 1322 234 1356 τὴν
256 1322 313 1358 (50)
338 1321 376 1353 εἰς
400 1321 431 1349 τὸ
456 1319 597 1356 διηνεκές.
623 1320 673 1348 Καὶ
697 1320 814 1352 ἐντεῦθεν
836 1321 854 1355 ἡ
874 1320 920 1348 νέα
942 1319 1009 1356 Εὕα,

184 1367 288 1404 Μήτηρ
300 1369 349 1401 τῆς
365 1368 438 1401 ζωῆς
463 1365 663 1402 ὀνομαζομένη,
681 1364 754 1402 μένει
774 1362 1009 1402 περιϐεϐλημένη,

182 1409 407 1447 πεποικιλμένη,
432 1410 469 1441 είς
492 1410 619 1448 ἀπαρχήν
648 1412 720 1445 ζωῆς
746 1409 878 1437 ἀθανάτου
902 1409 1008 1437 πάντων

182 1459 238 1484 τῶν
256 1456 377 1491 ζώντων.
393 1454 521 1491 Εἴπωμεν
535 1454 621 1482 τοίννν
646 1455 691 1482 καὶ
715 1454 791 1486 αὖθις
809 1454 854 1482 καὶ
869 1455 952 1482 πάΛιν
965 1455 1010 1481 καὶ

184 1501 227 1528 ἀεὶ
241 1499 287 1527 καὶ
303 1498 349 1527 διὰ
362 1505 475 1533 παντὸς,
485 1499 522 1530 ὡς
538 1498 607 1537 πρὸς
620 1498 700 1526 αὐτὸν
716 1499 761 1526 τὸν
780 1498 893 1536 βασιλέα
909 1498 1009 1536 Κύριον

183 1544 230 1572 καὶ
246 1544 322 1578 Θεὸν,
338 1544 466 1581 καὶπρὸς
491 1543 574 1578 αὐτὴν
598 1544 648 1578 τήν
675 1542 833 1581 βασίλισσαν
859 1542 958 1581 Κυρίαν
982 1553 1011 1570 τε

184 1589 232 1617 καὶ
249 1589 379 1617 Θεοτόκον
400 1586 614 1623 ἀποϐλέποντες,
630 1588 736 1623 κινήσει
755 1587 867 1626 θεωρίας
881 1589 930 1615 τοῦ
944 1587 1012 1615 κατὰ

184 1635 249 1661 νοῦν
265 1634 347 1670 ἡμῶν
372 1631 528 1670 διορατικοῦ
550 1631 705 1671 ὀφθαλμοῦ·
721 1644 736 1658 ‹‹
752 1632 874 1670 Παρέστη
890 1633 908 1667 ἠ
936 1631 1011 1670 βασί-
1027 1635 1049 1668 C

184 1678 268 1706 λισσα
283 1677 313 1705 ἐκ
327 1676 420 1714 δεξιῶν
443 1687 491 1704 σου
516 1676 541 1704 έν
563 1677 704 1714 ἱματισμῷ
727 1675 880 1715 διαχρύσῳ,
902 1673 1012 1715 περιϐε‹

185 1719 331 1758 ϐλημένη,
355 1721 568 1759 πεποικιλμένη.
585 1733 599 1747 ››
615 1721 665 1749 Καὶ
689 1720 723 1755 δὴ
749 1720 874 1755 ἄκουσον,
900 1720 1012 1759 θύγατερ

186 1764 272 1795 Δαϐἰδ
294 1766 339 1793 καὶ
364 1763 500 1803 Ἀϐραὰμ,
524 1765 568 1793 καὶ
590 1766 685 1793 κλῖνον
703 1766 735 1793 τὸ
759 1764 805 1797 οῦς
829 1776 876 1793 σου
900 1765 938 1797 εἷς
962 1766 1012 1800 τήν

186 1811 281 1846 δέησιν
298 1812 389 1847 ἡμῶν,
417 1811 463 1838 καὶ
493 1811 531 1847 μή
561 1809 677 1847 ὲπιλάθῃ
705 1812 753 1838 τοῦ
776 1808 845 1837 λαοῦ
866 1821 926 1845 σου,
944 1809 1014 1847 μηδὲ

186 1858 271 1892 ἡμῶν
286 1857 333 1883 τοῦ
349 1854 426 1883 οἷ’κου
449 1854 557 1893 Πατρός
578 1865 636 1884 σου.
657 1855 774 1893 Πατέρες
796 1855 846 1893 γάρ
870 1866 917 1883 σου
933 1854 1012 1891 έσμὶν

186 1900 257 1928 κατὰ
282 1900 332 1934 τήν
357 1898 505 1937 ἀναλογίαν
534 1900 601 1935 (51),
625 1899 670 1927 καὶ
700 1899 819 1937 θυγάτηρ
844 1900 925 1935 ἡμῶν
947 1900 1015 1927 κατὰ

189 1945 242 1979 τήν
256 1943 284 1980 ἐξ
299 1945 379 1980 ἡμῶν
396 1944 532 1982 γέννησιν.
557 1944 602 1971 καί
627 1943 729 1980 πρέπον
749 1943 792 1970 σοί
807 1942 877 1971 ἐστιν
901 1943 938 1975 ὡς
955 1947 1015 1979 Μη-

187 1988 255 2026 τέρα
278 1991 327 2016 τοῦ
351 1990 418 2017 Θεοῦ
443 1988 604 2028 γενομένην,
622 1988 779 2026 βασίλισσαν
800 1999 830 2016 τε
844 1988 889 2017 καὶ
906 1988 1015 2026 Κυρίαν,

187 2035 235 2062 καὶ
251 2033 394 2061 δέσποιναν
423 2032 459 2061 δι’
473 2033 554 2061 αὐτὸν
567 2033 614 2061 τὸν
635 2033 664 2060 ἐκ
686 2035 735 2060 σοῦ
748 2033 878 2070 τεχθέντα
904 2033 1017 2071 βασιλέα

187 2079 235 2106 καὶ
267 2078 375 2116 Κύριον,
405 2077 450 2105 καὶ
478 2078 552 2113 Θεὸν,
582 2076 627 2105 καὶ
651 2075 797 2113 δεσπότην,
824 2077 1016 2114 μνημονεύειν,

189 2124 367 2160 παρεστῶσαν
390 2121 434 2149 ἐπὶ
460 2121 508 2150 τοῦ
532 2123 599 2159 ἡμῖν
628 2122 675 2158 μὲν
701 2119 829 2161 φοϐεροῦ,
845 2123 888 2149 σοὶ
912 2121 941 2149 δὲ
956 2132 1017 2160 τερ-

188 2169 271 2203 πνοῦ,
300 2167 346 2194 καὶ
374 2166 461 2198 πάσας
487 2167 656 2205 παρέχοντος
681 2166 805 2205 χάριτας·
835 2166 890 2194 ἀνθ’
913 2166 949 2194 ὧν
972 2167 1016 2194 καὶ

189 2211 402 2249 κεχαριτωμένη
419 2210 595 2247 ὦνομάσθης,
611 2211 649 2241 ὡς
665 2211 753 2246 πάσης
769 2214 856 2248 χαρᾶς
876 2211 1018 2242 ἀνάπλεως

189 2254 394 2293 ἀναδειγιθεῖσα,
424 2253 468 2283 διὰ
494 2258 544 2290 τῆς
573 2254 617 2282 ἐπὶ
645 2256 674 2282 σέ
697 2257 745 2283 τοῦ
769 2255 845 2293 ἁγίου
861 2255 1017 2292 Πνεύματος

191 2299 369 2331 ἐπελεύσεως.
396 2300 443 2327 Διὸ
468 2299 512 2327 καὶ
535 2300 567 2327 τὸ
593 2299 738 2337 πρόσωπόν
765 2310 812 2327 σου
833 2300 1017 2332 λιτανεύοντες

191 2345 219 2373 οἱ
234 2343 365 2372 πλούσιοι
379 2346 427 2372 τοῦ
443 2343 511 2371 λαοῦ
526 2343 757 2381 πεπλουτισμένοι
779 2344 910 2372 τοιούτων
926 2343 1017 2372 καλῶν

192 2388 238 2416 καὶ
267 2390 459 2425 πνευματικῶν
483 2389 688 2425 θεωρημάτων,
717 2388 779 2426 περὶ
809 2390 858 2416 σοῦ
888 2389 995 2427 βοῶμεν
1012 2398 1019 2405 ⁸

193 2434 340 2469 Μνήσθητι
356 2434 449 2469 ἡμῶν,
465 2432 580 2471 παναγία
599 2432 726 2470 Παρθένε,
748 2432 794 2460 καὶ
820 2432 887 2470 μετὰ
905 2433 936 2461 τὸ
961 2444 1021 2471 γεν-

191 2482 274 2514 νῆσαι
290 2477 420 2513 παρθένος
437 2477 560 2515 μείνασα,
588 2477 633 2506 καὶ
657 2476 765 2509 ἀντίδος
791 2478 858 2514 ἡμῖν
883 2478 941 2505 ἀντὶ
965 2476 1019 2505 τῶν

194 2524 301 2560 μικρῶν
317 2521 421 2550 τούτων
438 2522 539 2561 λογίων
555 2521 674 2560 μεγάλας
696 2522 744 2553 τὰς
768 2520 871 2560 δωρεὰς
896 2522 949 2550 ἀπὸ
973 2524 1021 2550 τοῦ

192 2566 317 2595 πλούτου
339 2569 393 2594 τῶν
416 2567 594 2605 χαρισμάτων
615 2577 683 2602 σου,
707 2567 927 2605 κεχαριτωμένη·
956 2567 1021 2605 ὑπὲρ

192 2611 243 2648 ὧν,
267 2610 313 2638 καὶ
337 2611 375 2643 ὡς
398 2611 583 2649 ὑποκειμένων
606 2610 651 2639 καὶ
675 2613 839 2640 συστατικῶν
867 2610 1023 2650 διαφωνῶν,

230 2723 253 2742 ⁵⁷
268 2723 347 2752 Psal.
365 2731 441 2758 ιιι-Ν,
460 2723 502 2752 10.
540 2723 563 2742 ⁵⁸
577 2723 649 2752 ibid.
666 2725 709 2752 11.

230 2839 288 2876 (50)
305 2840 348 2868 Ita
363 2838 476 2876 Anglic.
493 2839 570 2868 Editi
584 2848 652 2869 vero
667 2843 697 2869 et
712 2840 771 2875 alii,
786 2839 875 2870 αὐτόν.

338 2903 471 2934 Panos.
497 2904 553 2936 Gn.
574 2904 714 2936 XXVIII.

1098 518 1141 545 14.
1158 518 1291 555 Hincquc
1301 519 1383 547 decet
1397 527 1451 547 nos
1465 527 1529 547 eam
1542 520 1743 556 respicientes,
1760 529 1812 549 nec
1828 530 1885 550 non

1061 571 1096 590 ex
1110 570 1144 590 en
1167 562 1298 598 genitum
1323 563 1501 591 cnrnifernm
1532 564 1636 597 filium,
1667 565 1781 593 dicere:
1803 566 1886 594 Nune

1065 618 1075 631 ι
1094 607 1187 635 astitit
1201 616 1218 634 ο
1233 608 1342 636 dextris
1359 608 1417 635 tuis
1429 608 1458 636 in
1474 609 1580 636 vestitu
1597 610 1747 643 deaurato,
1764 610 1886 639 circum-

1063 651 1179 684 amicta,
1192 652 1375 680 circumdata
1390 653 1528 681 varietate
1542 654 1574 680 ⁵⁷.
1593 665 1606 677 υ
1623 654 1658 681 Ut
1672 654 1750 682 enim
1767 654 1886 689 femina,

1063 696 1174 732 Regina
1193 699 1238 724 est
1252 699 1340 732 atque
1357 698 1478 726 Domina
1493 700 1521 725 et
1536 698 1627 725 Mater
1644 698 1710 726 Dei:
1725 700 1842 735 jamque
1856 702 1888 728 ut

1063 741 1165 777 regina
1188 741 1264 769 342
1291 744 1391 769 astans
1406 750 1422 770 ο,
1438 742 1547 770 dextris
1573 743 1705 771 omnium
1730 745 1807 780 regis
1823 743 1888 772 Filii

1063 784 1121 819 sui,
1135 785 1164 813 in
1180 785 1286 813 vestitu
1298 786 1437 814 deaurato
1455 787 1682 823 incorruptionis
1694 791 1722 815 et
1736 788 1887 817 immorta-

1064 830 1167 864 litatis,
1184 830 1416 865 circumamicta,
1431 832 1571 859 varietate
1588 832 1778 868 circumdata,
1796 833 1888 862 sacris

1064 874 1160 902 verbis
1175 874 1358 909 celebratur;
1386 884 1443 903 non
1459 876 1577 912 quidem
1596 878 1757 905 secundum
1775 878 1888 914 simpli-

1064 918 1181 947 citatem
1198 919 1383 955 spiritualem
1400 923 1429 948 et
1443 921 1528 957 quasi
1545 921 1609 949 sine
1624 931 1711 949 carne
1726 925 1754 949 et
1768 931 1888 958 corpore

1064 965 1152 998 astat,
1169 964 1219 992 sed
1236 963 1467 999 circumamicta,
1484 966 1647 994 secundum
1664 975 1747 994 suam
1765 967 1887 995 sanctis-

1063 1008 1169 1036 simam
1186 1017 1313 1043 carnem,
1331 1009 1549 1046 incorruptione
1565 1013 1593 1038 et
1614 1010 1845 1044 immortalitate,
1859 1014 1888 1040 et

1063 1053 1244 1081 circumdata
1257 1054 1407 1087 varietate,
1420 1055 1583 1083 secundum
1601 1064 1668 1083 ossa
1683 1057 1747 1090 eius
1763 1056 1887 1085 sanctis-

1063 1098 1140 1126 sima
1155 1106 1218 1134 quea
1235 1106 1352 1127 carnem
1364 1099 1458 1135 ipsius
1476 1099 1609 1127 t‘ulciunt.
1624 1100 1737 1129 Etenim
1749 1109 1782 1129 ex
1797 1102 1890 1129 carni-

1064 1143 1120 1171 bus
1135 1144 1163 1171 et
1182 1142 1299 1171 ossibus
1314 1144 1389 1179 ejus,
1407 1144 1493 1180 quasi
1508 1153 1542 1172 ex
1553 1145 1642 1173 veteri
1657 1146 1779 1178 Adamo,
1795 1154 1888 1174 novus

1063 1187 1156 1215 Adam
1172 1187 1407 1216 Incarnationem
1423 1188 1478 1216 sibi
1495 1189 1579 1225 quasi
1591 1192 1701 1217 costam
1718 1190 1888 1225 etl'ormavit,

1064 1233 1218 1268 gestatque
1234 1231 1312 1260 illam
1324 1234 1354 1260 in
1371 1235 1555 1269 perpetuum.
1568 1236 1660 1270 Atque
1672 1235 1739 1261 hinc
1755 1237 1799 1262 est
1810 1235 1888 1271 quod

1065 1284 1139 1304 nova
1163 1279 1228 1310 Eva,
1245 1276 1338 1304 Mater
1362 1278 1428 1305 vitae
1443 1280 1620 1313 nuncupata,
1648 1281 1745 1306 manet
1761 1279 1890 1306 circum-

1065 1320 1172 1348 amicta
1183 1322 1212 1348 et
1236 1320 1418 1348 circumdata
1438 1321 1587 1355 varietate,
1612 1323 1645 1349 ad
1664 1323 1809 1358 primitias
1825 1323 1888 1350 vitae

1061 1364 1237 1393 immortalis
1249 1365 1382 1393 omnium
1396 1366 1567 1394 viventium.
1580 1368 1716 1394 Dicamus
1728 1367 1816 1402 igitur
1831 1367 1887 1394 ite—

1066 1418 1130 1437 rum
1147 1413 1231 1445 atque
1248 1410 1354 1438 iterum
1368 1419 1484 1446 semper
1494 1413 1521 1438 et
1537 1411 1565 1438 in
1579 1414 1760 1447 perpetuum,
1773 1420 1840 1439 cum
1853 1412 1888 1439 ad

1065 1454 1163 1490 ipsum
1179 1454 1284 1491 Regem
1310 1455 1468 1483 Dominum
1483 1458 1511 1483 et
1535 1455 1637 1489 Deum,
1661 1459 1724 1483 tum
1741 1456 1776 1483 ad
1793 1457 1888 1492 ipsam

1065 1499 1215 1535 Reginam,
1240 1499 1391 1528 Dominam
1407 1502 1437 1528 et
1461 1500 1614 1536 Deiparam
1640 1501 1840 1536 respicientes,
1855 1509 1890 1529 ex

1066 1546 1147 1571 motu
1157 1544 1284 1580 quodam
1297 1545 1553 1581 contemplationis
1565 1545 1725 1581 spirituulis
1736 1554 1769 1573 ac
1781 1544 1890 1582 perspi-

1066 1590 1142 1616 cacis
1154 1588 1229 1616 oculi
1246 1588 1352 1617 nostri:
1373 1599 1386 1615 ι
1400 1590 1500 1617 Astitit
1510 1590 1619 1625 Regina
1630 1599 1646 1617 a
1661 1591 1770 1618 dextris
1782 1590 1843 1618 tuis
1857 1590 1887 1618 in

1067 1632 1174 1661 vestitu
1189 1633 1339 1667 deaurato,
1365 1633 1595 1666 circumamicta,
1612 1634 1750 1662 varietate
1766 1635 1891 1663 circum-

1067 1677 1145 1705 data.
1156 1687 1166 1703 ι
1180 1678 1279 1713 Etjam
1287 1678 1366 1711 audi,
1376 1677 1436 1706 filia
1443 1678 1533 1706 David
1543 1682 1571 1706 et
1579 1679 1736 1712 Abraham,
1744 1682 1772 1707 et
1782 1679 1892 1708 inclina

1068 1729 1169 1749 aurem
1186 1724 1266 1750 tuam
1281 1723 1318 1750 ad
1334 1722 1580 1759 supplicationem
1601 1726 1743 1758 nostram,
1765 1732 1800 1752 ne
1817 1724 1891 1752 obli-

1067 1766 1189 1794 viscaris
1198 1766 1297 1803 populi
1308 1767 1362 1799 tui,
1374 1776 1467 1804 neque
1476 1770 1611 1796 nostrum
1622 1768 1671 1804 qui
1683 1769 1788 1796 domus
1798 1769 1893 1797 Patris

1069 1819 1174 1839 sumus
1185 1811 1228 1839 tui
1239 1811 1272 1839 ⁵⁸.
1283 1811 1384 1840 Patres
1394 1820 1522 1849 namque
1534 1813 1576 1840 tui
1588 1821 1691 1840 sumus
1704 1813 1830 1848 quadam
1847 1821 1891 1840 ra-

1068 1855 1158 1890 tione,
1174 1858 1203 1883 et
1218 1856 1278 1883 lilia
1293 1859 1394 1885 nostra
1411 1859 1443 1884 tu
1459 1865 1490 1885 es
1505 1865 1555 1893 per
1571 1857 1786 1892 generationem
1809 1858 1891 1885 tuam

1069 1908 1103 1928 ex
1114 1900 1209 1928 nobis:
1222 1901 1361 1937 decetque
1371 1903 1408 1934 te,
1419 1904 1519 1937 utpote
1530 1901 1577 1929 [‘ei
1592 1902 1722 1934 Matrem,
1737 1901 1889 1937 Reginam,

1070 1944 1223 1973 Dominam
1240 1947 1269 1973 et
1295 1945 1408 1979 heram,
1432 1947 1550 1981 propter
1575 1946 1692 1981 Regem,
1722 1945 1890 1982 Dominum,

1071 1991 1160 2017 Deum
1177 1991 1205 2016 et
1220 1989 1323 2016 herum
1339 1997 1373 2017 ex
1392 1992 1420 2017 te
1436 1992 1547 2023 natum,
1574 1993 1707 2017 nostrum
1733 1989 1890 2025 recordari,

1070 2035 1217 2060 astantem
1233 2033 1275 2060 illi
1291 2033 1340 2069 qui
1352 2033 1491 2061 terribilis
1505 2034 1598 2067 nobis,
1611 2034 1822 2069 tibijucundus
1837 2036 1892 2069 est,

1072 2085 1234 2113 omnesque
1249 2077 1301 2105 tibi
1317 2077 1441 2114 largitur
1455 2078 1564 2114 gratias
1577 2087 1583 2111 ;
1602 2079 1679 2105 unde
1694 2078 1788 2113 gratia
1807 2078 1895 2114 plena

1072 2124 1237 2158 nuncupata
1255 2130 1297 2157 es,
1318 2123 1403 2158 quasi
1425 2122 1506 2150 omni
1530 2122 1630 2150 laetitia
1655 2123 1750 2159 plena,
1778 2126 1898 2160 propter

1072 2166 1229 2194 adventum
1240 2166 1364 2202 Spiritus
1375 2167 1468 2195 sancti
1479 2167 1508 2195 in
1523 2169 1560 2195 te.
1574 2168 1767 2199 Quamobrem
1782 2168 1896 2196 vultum

1071 2212 1156 2238 tuum
1181 2211 1372 2246 deprecamur
1396 2219 1500 2239 omnes
1525 2212 1630 2240 divites
1651 2212 1755 2248 plebis,
1788 2212 1897 2241 talibus

1073 2254 1156 2282 ditati
1169 2255 1253 2283 bonis
1264 2264 1297 2283 ac
1313 2255 1516 2292 spiritualibus
1533 2257 1845 2291 contemplationibus:
1862 2257 1898 2286 ad

1072 2302 1100 2327 te
1115 2299 1293 2328 clamamus:
1311 2300 1472 2328 Recordare
1483 2301 1585 2332 nostri,
1600 2301 1791 2329 sanctissima
1803 2301 1898 2337 Virgo,
1927 2307 1931 2313 '

1074 2353 1140 2380 qua:
1156 2347 1222 2381 post
1238 2347 1354 2381 partum
1365 2344 1444 2381 virgo
1456 2346 1658 2381 permansisti,
1670 2348 1697 2373 et
1709 2346 1803 2373 tribue
1813 2346 1900 2374 nobis

1076 2397 1128 2425 pro
1143 2389 1256 2425 exiguis
1272 2389 1319 2417 his
1331 2389 1527 2425 sermonibus,
1539 2398 1646 2425 magna
1658 2390 1734 2418 dona
1746 2398 1780 2417 ex
1791 2390 1900 2419 divitiis

1075 2433 1238 2468 gratiarum
1267 2436 1396 2467 tuarum,
1426 2434 1551 2470 ogrstia
1575 2434 1680 2470 plena:
1712 2443 1763 2470 pro
1780 2435 1900 2471 quibus,

1077 2478 1162 2514 quasi
1187 2478 1263 2506 veris
1279 2480 1308 2506 et
1323 2478 1506 2506 celebrandis
1530 2478 1679 2511 laudibus,
1696 2479 1749 2506 tibi
1767 2479 1802 2506 ad
1819 2487 1902 2508 enco-

1077 2523 1182 2558 mium,
1199 2522 1224 2550 si
1240 2531 1299 2559 qua
1310 2522 1413 2557 virtus,
1428 2522 1453 2551 si
1469 2531 1525 2558 qua
1539 2523 1613 2557 laus,
1631 2532 1647 2551 a
1663 2524 1757 2559 nobis,
1775 2532 1827 2552 nec
1843 2533 1901 2553 non

1078 2567 1113 2596 ab
1128 2567 1208 2595 omni
1227 2569 1362 2595 creatura
1386 2567 1515 2604 hymnus
1539 2569 1669 2603 ofl‘crtur,
1691 2569 1784 2605 gratia
1800 2568 1902 2606 plenaa,

1083 2612 1221 2647 Domina),
1238 2611 1288 2640 Dei
1304 2612 1388 2640 Matri
1404 2614 1433 2640 et
1446 2621 1519 2641 arcae
1534 2613 1784 2642 sanctiﬁcationis.

1113 2841 1170 2878 (51)
1188 2843 1219 2869 In
1236 2840 1366 2878 margine
1381 2840 1494 2878 Anglic.
1507 2841 1622 2878 legitur,
1639 2842 1708 2876 [orte
1719 2837 1902 2878 γενεαλογίαν.

1724 2902 1763 2931 30
