4026 6204
3147 142 4008 244 ἡ

402 387 520 448 939
1597 388 1660 448 S.
1709 386 2227 448 A'I‘HANASIUS.
2260 421 2334 434 —
2365 389 2629 451 DUBIA.
3697 393 3822 452 960

402 519 764 598 διαφερόντως
799 539 880 572 σοι
913 519 1046 594 πρὸς
1080 517 1373 594 ἐγκώμιον,
1404 517 1456 574 εἷ’
1479 541 1560 580 τις
1593 518 1782 596 ἀρετὴ,
1818 517 1906 573 καὶ
1958 514 2011 570 εἷ’
2052 538 2132 580 τις
2185 515 2424 593 ἔπαινος,
2455 521 2781 598 προσαγεταί
2827 542 2913 576 σοι
2964 523 3091 597 παρ’
3139 524 3300 595 ἡμῶν
3349 520 3438 576 καὶ
3487 523 3666 592 πάσης
3717 528 3825 602 τῆς

397 611 623 671 κτίσεως
658 608 843 682 ὕμνος,
875 611 943 673 τῆ
974 609 1414 684 κεχαριτωμένη,
1447 613 1513 682 τῇ
1549 608 1723 684 Κυρίᾳ
1754 610 1889 680 (52),
1911 609 1979 680 τῇ
2015 608 2194 683 Μητρὶ
2226 614 2321 663 τοῦ
2353 613 2506 679 Θεοῦ,
2539 610 2625 664 καὶ
2658 606 2881 684 κιϐωτῷ
2907 615 3005 666 τοῦ
3038 611 3385 688 ἁγιάσματος.

475 703 560 757 15.
593 702 737 756 Ecce
759 701 884 770 jam
937 717 972 754 a
1007 701 1278 772 praesenti
1321 704 1581 772 tempore
1628 704 1683 754 et
1715 699 1878 754 initio
1912 697 2021 754 diei

2236 700 2322 755 45.
2359 696 2498 754 Ἰδοὺ
2549 697 2615 768 δὴ
2661 699 2750 754 καὶ
2800 699 2904 755 ἀπὸ
2961 705 3058 754 τοῦ
3115 705 3205 754 νῦν
3259 701 3348 755 καὶ
3397 700 3576 777 ἀρχῆς
3604 704 3817 775 ἡμέρας

399 791 566 862 quasi
601 788 892 862 primitias
923 788 1167 843 encomii
1203 789 1307 843 tibi
1338 788 1723 861 archangelus
1754 787 2019 843 contexui

2159 787 2233 848 ὡς
2293 789 2548 864 ἀπαρχὴν
2599 787 2876 864 ἰγκωμίου
2908 832 2922 857 ,
2955 788 3358 866 προσεπλέξατό
3407 811 3491 845 σοι
3549 792 3666 843 κατ’
3713 792 3814 846 ἐπ-

399 879 707 935 clamando
733 895 745 933 :
773 903 797 926 α
834 880 967 944 Ave,
999 877 1186 950 gratia
1208 877 1400 949 plena,
1425 878 1702 934 Dominus
1728 883 1920 933 tecum
1944 877 2022 931 “.2

2159 877 2372 950 ώνυμον
2424 877 2698 952 ἐγκώμιον
2731 879 2758 932 6
2792 878 3131 955 ἀρχάγγελος
3166 880 3329 954 βοῶν·
3370 902 3396 933 e
3424 881 3610 954 Χαῖρε,
3643 901 3812 956 κεχα-

395 973 634 1024 Beatam
669 971 724 1022 te
755 967 959 1021 dicunt
989 983 1193 1022 omnes
1217 967 1643 1040 generationes.
1675 969 1754 1022 Ac
1786 967 2022 1038 primum

2157 965 2457 1042 ριτωμὲνη,
2516 969 2543 1022 6
2602 967 2801 1044 Κύριος
2863 969 2998 1041 μετὰ
3052 973 3170 1026 σοῦ.
3226 990 3253 1022 ι
3313 967 3690 1043 Μακαρίζουσί
3750 992 3812 1026 σε

395 1074 599 1113 omnes
621 1055 884 1111 caelestes
909 1054 1248 1127 angelorum
1277 1055 1698 1122 bierarcbize,et
1719 1073 1844 1128 quae
1869 1074 2022 1129 supei

2154 1061 2316 1110 πᾶσαι
2365 1057 2419 1110 αἱ
2469 1055 2664 1131 γενεαὶ,
2697 1056 2786 1110 καὶ
2835 1057 3098 1133 πρότερον
3130 1059 3184 1111 αἱ
3225 1058 3342 1112 κατ’
3376 1057 3604 1132 οὐρανὸν
3638 1065 3805 1113 πᾶσαι

395 1151 609 1203 terram
623 1149 784 1214 sunt,
800 1145 1195 1200 bierarcliicas
1216 1163 1426 1200 manus
1441 1144 1857 1214 attollentes,te
1874 1147 2022 1201 bene

2151 1148 2256 1198 τῶν
2291 1143 2530 1222 ἀγγέλων
2557 1146 2870 1221 τετραρχίαι
2903 1148 3037 1219 (53),
3068 1146 3162 1200 καὶ
3207 1150 3316 1201 τῶν
3345 1146 3431 1202 ἰπὶ
3461 1153 3584 1222 γῆς,
3620 1148 3805 1222 ἱεραρο

391 1237 596 1291 dicunt
626 1252 752 1306 quae
793 1233 849 1288 in
885 1233 1042 1289 cmlis
1067 1250 1128 1289 es
1163 1234 1489 1300 benedicta,
1514 1239 1571 1290 et
1603 1235 1658 1289 in
1690 1239 1844 1290 terra
1873 1236 2022 1291 beati

2151 1233 2313 1309 χικᾶς
2363 1239 2552 1310 χεῖρας
2606 1233 2946 1308 ἐπαίρουσαι,
2997 1233 3288 1311 εὖλογοῦσί
3319 1257 3375 1290 σε
3423 1237 3522 1305 τὴν
3555 1235 3605 1290 ἐν
3639 1235 3804 1313 οὖρα-

389 1324 749 1395 praedicaris.
785 1348 809 1372 ‹‹
846 1323 1158 1378 Benedicta
1190 1327 1248 1377 tu
1299 1323 1357 1378 in
1393 1323 1741 1380 mulieribus
1781 1327 1837 1379 et
1865 1324 2022 1379 bene

2149 1327 2264 1384 νοῖς
2294 1322 2695 1399 εὖλογημένην,
2726 1325 2818 1378 καὶ
2866 1323 2955 1378 ἐπὶ
3005 1331 3110 1399 γῆς
3165 1327 3599 1401 μακαριζομένῃ.
3633 1351 3659 1377 ‹‹
3694 1327 3799 1381 E6-

391 1414 582 1469 dictus
615 1413 843 1468 fructus
871 1412 1089 1468 ventris
1123 1413 1207 1467 tui
1229 1413 1294 1469 δί’.
1329 1436 1356 1462 ››
1389 1413 1694 1484 Ejusmodi
1725 1418 1779 1469 te
1810 1413 2016 1469 benedi

2150 1408 2464 1487 λογημὲνην
2495 1412 2559 1467 σὺ
2608 1412 2660 1468 ὲν
2710 1413 2943 1488 γυναιξὶ,
2995 1413 3086 1467 καὶ
3132 1411 3504 1490 εὐλογημένος
3537 1415 3564 1470 6
3592 1417 3802 1488 καρπὸς

389 1502 705 1568 ctionibus,
741 1502 929 1574 prima
955 1502 1282 1556 bierarcbia
1309 1502 1675 1568 thronorum,
1709 1502 2022 1573 cherubim

2144 1506 2243 1570 τῆς
2271 1501 2482 1564 κοιλίας
2515 1523 2631 1559 σου.
2667 1525 2696 1552 ››
2724 1504 2964 1559 Τοιαῦτα
2995 1503 3029 1572 ἠ
3065 1505 3257 1577 πρώτη
3307 1508 3419 1558 τῶν
3463 1505 3667 1577 θρόνων
3699 1525 3799 1582 χε-

388 1596 447 1648 et
477 1592 794 1664 serapbim,
828 1589 930 1664 qui
952 1590 1296 1646 inflammati
1321 1591 1711 1663 appellantur,
1737 1592 2013 1647 dicuntur

2147 1585 2349 1664 ρουϐίμ
2401 1612 2457 1646 τε
2505 1591 2596 1646 καὶ
2643 1591 2881 1670 σεραφὶμ
2926 1592 3179 1668 ἳεραρχία
3230 1591 3557 1668 ἐμπρηστῶν
3601 1595 3801 1649 ἀνακα-

389 1698 500 1753 que
531 1698 660 1736 esse
693 1679 993 1753 plenitudo
1034 1679 1386 1751 cognitionis
1425 1680 1524 1735 Dei
1559 1686 1615 1735 et
1659 1681 1851 1752 Regis,
1885 1678 2022 1736 cele-

2145 1677 2450 1753 λουμὲνων,
2481 1681 2515 1749 ἢ
2549 1679 2762 1750 πλῆθος
2793 1681 3050 1757 γνώσεως
3099 1683 3340 1756 γενέσθαι
3387 1686 3486 1736 τοῦ
3532 1687 3665 1737 Θεοῦ
3702 1685 3796 1738 καί

383 1770 516 1825 brat
546 1771 775 1826 dicens:
815 1769 1128 1826 Benedicta
1156 1773 1217 1824 tu
1265 1770 1321 1824 in
1357 1769 1728 1836 mulieribus,
1761 1776 1818 1825 et
1864 1770 2022 1826 bene-

2146 1768 2433 1844 βασιλὲως,
2466 1768 2788 1846 εὖλογοῦσαι
2823 1769 3060 1846 λέγουσι·
3097 1769 3349 1845 Μακαρία
3387 1771 3450 1826 σὺ
3484 1771 3538 1826 ἐν
3563 1774 3796 1846 γυναιξέ,

383 1861 575 1916 dictus
606 1869 802 1916 venter
848 1865 1007 1926 tuus,
1051 1860 1150 1932 qui
1200 1860 1382 1916 Deum
1417 1861 1690 1933 gestavit,
1740 1865 1798 1916 et
1827 1861 2022 1932 ubera,

2139 1858 2226 1913 καὶ
2262 1859 2500 1934 μακαρία
2545 1861 2579 1929 ἡ
2613 1857 2798 1914 κοιλία
2846 1880 2940 1914 σου
2989 1861 3116 1914 Θεὸν
3167 1860 3491 1936 βαστάσασα,
3542 1862 3630 1916 καὶ
3687 1884 3790 1934 μα-

381 1967 511 2022 quaa
539 1950 733 2005 infans
764 1950 887 2022 ipse
921 1951 1096 2005 suxit.
1121 1951 1388 2005 Secunda
1411 1950 1739 2005 hierarchia
1763 1951 2022 2006 domina-

2137 1947 2253 2011 σθοῖ
2290 1993 2304 2018 ,
2365 1947 2460 2010 οὓς
2516 1940 2676 2010 αὖτὸς
2752 1949 3018 2019 νηπιάσας
3085 1947 3342 2019 ἐθήλασεν
3380 1993 3393 2006 .
3451 1955 3512 2003 Ἦ
3571 1949 3794 2027 δευτέρα

377 2019 629 2110 tionum,
661 2019 968 2104 virtutum,
1001 2044 1058 2094 et
1108 2042 1488 2109 potestatum,
1522 2038 1594 2092 ad
1626 2043 1681 2093 te
1709 2039 2022 2111 respiciens

2137 2037 2390 2113 ἱεραρχία
2433 2042 2538 2092 τῶν
2589 2039 2927 2112 κυριοτήτων
2985 2037 3072 2092 καὶ
3133 2034 3438 2111 δυνάμεων,
3493 2040 3586 2093 καὶ
3643 2038 3792 2109 ἐξουο

378 2128 616 2198 clamat,
651 2133 820 2198 prout
851 2126 1078 2182 scilicet
1107 2128 1314 2182 didicit
1344 2145 1376 2182 a
1407 2126 1748 2183 sublimiore
1779 2134 1834 2183 et
1865 2131 2028 2200 prius

376 2217 611 2272 initiata
641 2216 1011 2272 bierarebia:
1042 2216 1356 2271 Benedicta
1384 2221 1446 2272 tu
1479 2217 1538 2271 in
1571 2216 1939 2285 mulieribus,
1973 2223 2029 2272 et

376 2305 716 2362 benedictus
733 2310 934 2361 venter
953 2310 1112 2371 tuus,
1129 2305 1228 2376 qui
1251 2305 1434 2360 Deum
1453 2305 1760 2373 continuit,
1776 2310 1830 2360 et
1848 2306 2028 2361 ubera

378 2411 506 2466 quae
555 2394 892 2451 nutrierunt
937 2398 1118 2450 Deum
1171 2393 1452 2450 infantem
1503 2395 1744 2450 factum.
1794 2395 2025 2451 Similia

375 2500 632 2556 quoque,
651 2485 823 2540 tertia
849 2483 1304 2555 principatuum,
1329 2483 1669 2554 angelorum
1693 2489 1746 2537 et
1778 2483 2023 2539 archan-

371 2572 636 2644 gelorum
668 2572 1017 2642 hierarchia,
1061 2574 1230 2642 jussa
1271 2589 1304 2626 a
1349 2573 1616 2627 mittente
1667 2578 1778 2627 er
1815 2579 1876 2628 ut
1923 2590 2026 2644 per

367 2677 556 2716 unum
614 2661 1034 2732 archangelum
1094 2660 1446 2726 Gabrielem,
1509 2662 2021 2733 magniﬁcentissi-

367 2765 556 2820 mum,
589 2754 645 2806 et
680 2749 864 2804 multa
903 2748 1389 2821 complectentem
1441 2749 1727 2821 hymnum
1761 2751 2018 2806 concele-

367 2839 518 2909 bret,
544 2855 779 2911 semper
803 2837 1052 2893 clamat:
1089 2862 1114 2887 ‹‹
1142 2846 1276 2905 Ave,
1300 2838 1487 2910 gratia
1521 2837 1710 2908 plena,
1738 2839 2020 2894 Dominus

367 2931 582 2983 tecum.
611 2949 639 2977 ››
662 2928 746 2983 Ab
779 2926 852 2980 iis
883 2927 1093 2991 edocti,
1128 2943 1234 2982 nos
1257 2925 1354 2996 qui
1385 2931 1629 2982 terrena
1653 2943 1860 2982 sumus
1895 2927 2018 2982 hie-

370 3017 637 3084 rarchite,
690 3016 1070 3070 exultationes
1109 3015 1201 3070 Dei
1254 3016 1309 3068 in
1341 3020 1580 3086 gutture
1630 3017 1898 3087 ferentes,
1931 3016 2019 3072 vel

369 3106 604 3160 easdem
638 3105 890 3159 mutuati
938 3121 1126 3171 voces,
1161 3109 1218 3158 te
1263 3103 1589 3160 exaltamus
1619 3105 1773 3160 343
1807 3121 2021 3177 magna

374 3197 432 3249 et
461 3193 581 3249 alta
620 3209 756 3249 voce
789 3198 1098 3248 canentes:
1155 3216 1181 3241 ‹‹
1213 3194 1348 3260 Ave,
1379 3194 1566 3264 gratia
1599 3193 1788 3264 plena,
1824 3194 2019 3248 Domi~

374 3298 487 3337 nus
517 3287 733 3337 tecum.
771 3305 797 3330 »
834 3283 1126 3336 lntercede
1159 3299 1260 3353 pro
1292 3282 1462 3337 nobis
1491 3282 1739 3337 Domina
1769 3283 2014 3352 ethera,

2138 2132 2266 2181 σιῶν
2300 2128 2435 2202 πρὸς
2469 2129 2526 2180 σὲ
2555 2122 2955 2182 ἀναϐλέπουσαι
2991 2127 3213 2201 βοῶσιν,
3247 2127 3321 2188 ὡς
3349 2129 3612 2199 μαθοῦσαι
3647 2129 3794 2202 παρᾶ

2133 2223 2232 2285 τῆς
2267 2215 2606 2292 ὑψηλοτέρας
2639 2215 2812 2270 αὐτῶν
2845 2216 2937 2270 καὶ
2988 2214 3432 2290 προτελουμὲνης
3475 2218 3786 2293 ἱεραρχίας·

2135 2303 2494 2379 Εὐλογημένη
2542 2303 2604 2358 σὺ
2645 2303 2696 2358 ἐν
2746 2303 2979 2378 γυναιξὶ,
3011 2304 3100 2358 καὶ
3151 2304 3498 2380 εὐλογημένη
3534 2308 3569 2374 ἡ
3600 2307 3792 2360 κοιλία

2136 2414 2252 2463 σου,
2312 2396 2346 2463 ἠ
2406 2393 2533 2447 Θεὸν
2593 2395 2923 2468 χωρήσασα,
2981 2393 3070 2447 καὶ
3138 2393 3334 2465 μασθοὶ
3392 2392 3442 2447 οἲ
3503 2392 3788 2468 ἐξέθρεψαν

2133 2483 2260 2538 Θεὸν
2320 2479 2534 2536 παιδίον
2596 2481 2909 2557 γενόμενον.
2970 2486 3204 2536 Τοιαῦτα
3259 2482 3348 2536 καὶ
3396 2481 3625 2555 ἠτρίτη
3677 2489 3784 2538 τῶν

2131 2573 2339 2646 ἀρχῶν,
2388 2569 2638 2646 ἀγγέλων
2687 2591 2746 2625 τε
2787 2570 2876 2624 καὶ
2925 2569 3284 2646 ἀρχαγγὲλων
3325 2571 3602 2647 ἱεραρχία,
3634 2593 3785 2629 me-

2133 2658 2398 2734 λευσμένη
2457 2660 2545 2714 καὶ
2605 2659 3039 2735 ἐπιτετραμμὲνη
3094 2660 3240 2734 παρά
3284 2665 3379 2715 τοῦ
3425 2660 3783 2715 ἀποστείλανο

2130 2771 2220 2811 τος
2275 2754 2407 2804 Θεοῦ
2443 2793 2455 2817 ,
2517 2749 2592 2811 ὡς
2649 2746 2718 2802 δι’
2779 2749 2894 2811 ἑνὸς
2971 2747 3324 2824 ἀρχαγγέλου
3380 2747 3477 2803 τοῦ
3533 2747 3780 2824 Γαϐριὴλ

2131 2834 2321 2910 ἐκϐοᾷν
2376 2840 2490 2911 (5i)
2545 2837 2636 2892 τὸν
2697 2836 3228 2916 ἐκφαντορικώτατον
3284 2839 3372 2892 καὶ
3429 2838 3778 2913 περιληπτι-

2128 2930 2370 2983 κώτατον
2403 2927 2593 3000 ὕμνον,
2627 2926 2708 2982 ἀεὶ
2739 2926 3039 3002 ἀνακράζεισ
3069 2950 3096 2978 ‹‹
3117 2928 3302 3001 Χαῖρε,
3335 2930 3779 3002 κεχαριτωμένη,

2130 3020 2158 3072 6
2192 3018 2384 3091 Κύριος
2439 3017 2572 3088 μετὰ
2617 3020 2733 3072 σοῦ.
2770 3039 2798 3067 n
2832 3015 2967 3072 Ἀπὸ
3017 3014 3224 3070 τούτων
3272 3015 3360 3070 καὶ
3414 3017 3466 3069 οἱ
3512 3019 3652 3070 κατᾶ
3679 3020 3779 3086 τήν

2128 3106 2215 3161 ἐπὶ
2263 3113 2364 3182 γῆς
2412 3104 2692 3180 ἱεραρχίαν
2740 3104 2835 3166 τὰς
2888 3104 3121 3178 ὑψώσεις
3165 3108 3262 3160 τοῦ
3309 3108 3443 3159 Θεοῦ
3477 3104 3528 3158 ὲν
3571 3110 3653 3177 τῷ
3684 3106 3779 3160 λα-

2130 3217 2281 3272 ρυγγι
2314 3196 2588 3273 φέροντες,
2643 3194 2900 3266 μαθόντες
2949 3191 2983 3261 ἢ
3030 3189 3395 3264 δανειζόμενοι
3446 3193 3542 3254 τὰς
3575 3197 3780 3271 φωνᾶς,

2128 3286 2432 3358 ἀνυψοῦμεν
2472 3279 2681 3357 μεγάλῃ
2729 3282 2819 3336 καὶ
2869 3278 3171 3354 διαπρυσίῳ
3201 3285 3268 3346 τῆ
3312 3286 3466 3358 φωνῇ
3501 3281 3776 3356 λέγοντες·

369 3371 592 3443 Regina
622 3375 675 3425 et
707 3370 891 3424 Mater
941 3370 1064 3439 Dei,
1111 3371 1250 3442 quia
1281 3386 1349 3425 ex
1379 3371 1547 3426 nobis
1597 3376 1724 3427 orta
1755 3388 1816 3428 es
1843 3377 1926 3439 tu,
1961 3379 2019 3430 et

2131 3399 2160 3426 ‹‹
2220 3378 2384 3448 Χαῖρε
2420 3419 2432 3439 ,
2489 3371 2906 3447 κεχαριτωμὲνη
2944 3416 2957 3442 ,
3013 3371 3042 3424 6
3099 3369 3293 3445 Κύριος
3355 3371 3490 3443 μετὰ
3549 3377 3687 3428 σοῦ.
3749 3397 3778 3423 si

371 3461 469 3532 qui
522 3477 589 3515 ex
636 3463 691 3514 te
738 3459 971 3531 genitus
1025 3475 1257 3514 carnem
1308 3462 1498 3530 gestat
1567 3464 1719 3514 Deus
1773 3465 2010 3518 noster:

2131 3457 2410 3536 Ιῐρέσϐιυε,
2472 3459 2664 3534 Κυρία,
2719 3459 2807 3513 καὶ
2867 3457 3158 3526 δεσποινα,
3223 3458 3511 3532 βασίλισσά
3568 3481 3629 3514 τε
3688 3463 3778 3514 καί

368 3566 544 3622 quem
579 3551 742 3604 decet
769 3547 952 3619 gloria
982 3553 1037 3602 et
1069 3547 1520 3620 magniﬁcentia,
1563 3550 1874 3621 omnisque
1908 3551 2009 3607 ho-

2131 3556 2324 3625 Μῆτηρ
2380 3552 2535 3612 Θεοῦ,
2569 3547 2697 3621 ὑπὲρ
2757 3548 2940 3618 ἡμῶν·
2988 3546 3071 3602 ὅτι
3103 3547 3153 3617 ἐξ
3211 3548 3371 3620 ἡμῶν
3433 3547 3498 3600 ei»
3538 3569 3597 3602 τε
3627 3549 3718 3602 καὶ
3746 3550 3774 3602 6

365 3655 493 3708 nor,
528 3637 788 3693 adoratio
821 3641 878 3692 et
923 3637 1242 3708 gratiarum
1297 3637 1468 3703 actio,
1502 3653 1635 3691 cum
1669 3637 1834 3694 Patre
1882 3640 2009 3711 eius

2131 3642 2181 3696 ἑκ
2212 3645 2305 3695 σοῦ
2347 3637 2558 3713 τεχθεὶς
2608 3637 2944 3712 σαρκοφόρος
2995 3637 3125 3698 Θεὸς
3173 3637 3332 3709 ἡμῶν
3368 3654 3381 3666 ·
3416 3635 3462 3708 ᾧ
3509 3638 3706 3710 πρέπει
3736 3640 3771 3706 ἦ

360 3727 530 3783 initio
559 3731 812 3793 carente,
854 3731 909 3779 et
941 3730 1164 3792 sancto,
1217 3727 1367 3782 bono
1405 3725 1750 3798 viviﬁcoque
1781 3728 2004 3800 Spiritu

2131 3729 2244 3801 δόξα
2300 3727 2388 3783 καὶ
2419 3729 2452 3796 ἠ
2491 3724 2929 3802 μεγαλοπρέπεια
2961 3769 2975 3794 ,
3006 3726 3150 3779 πᾶσά
3194 3746 3251 3780 τε
3293 3726 3429 3796 τιμή
3472 3726 3565 3779 καὶ
3595 3733 3766 3795 προσ.

357 3832 515 3872 nunc
547 3821 603 3871 et
636 3832 868 3886 semper
897 3819 952 3869 et
983 3816 1039 3868 in
1074 3815 1288 3870 siecula
1319 3814 1690 3871 seculorum.
1725 3819 1930 3874 Arnen.

2131 3820 2338 3888 ιῦνησθς
2391 3816 2480 3871 καὶ
2530 3814 2866 3890 εὐχαριστία,
2900 3815 2991 3868 σὺν
3043 3819 3122 3885 τῷ
3172 3813 3394 3889 ἀνάρχῳ
3443 3813 3611 3869 αὐτοῦ
3655 3821 3768 3870 lla-

353 3904 464 3981 τρὶ,
494 3903 585 3958 καὶ
615 3908 693 3975 τῷ
721 3905 884 3979 ἁγίῳ,
913 3904 1001 3957 καὶ
1034 3903 1238 3978 ἀγαθῷ,
1271 3902 1359 3958 καὶ
1395 3907 1651 3976 ζωοποιῷ
1680 3904 1974 3979 Πνεῦματι.
2007 3907 2095 3964 νῦν
2127 3910 2218 3963 καὶ
2251 3906 2351 3976 ἀεῖ,
2384 3905 2470 3961 καὶ
2505 3904 2578 3967 εἷς
2607 3903 2736 3966 τοὺς
2767 3904 2966 3966 αἰῶνας
2996 3904 3104 3958 τῶν
3136 3902 3369 3959 αἰώνων.
3405 3903 3611 3975 Ἀμήν,

430 4014 472 4048 ⁵⁷
507 4013 640 4068 Luc.
672 4031 710 4080 ι,
741 4013 832 4068 28.

394 4120 542 4203 ..(52)
572 4119 802 4203 Αῐξειὶε.
946 4117 1256 4203 Κυρίᾳ,ᾼτῇ,
1291 4116 2006 4203 βασιλίσσῃιτῇνδεσποίνγρ
2435 4117 2729 4203 ἱεραρχίαέ.
2800 4191 2811 4202 .
2924 4189 2960 4203 ν
3007 4189 3018 4199 .

394 4120 542 4242 _(5§2
572 4119 802 4208 An'glic.
946 4119 1136 4190 Κυρίᾳ,
1168 4121 1256 4209 τῆῚ
1291 4119 1700 4245 ξασιλίσσῃιτῇ
1735 4119 2006 4207 δεσποίνγρ

352 4191 1049 4333 ἓῃῃᾯῇϊξῇᾘξῂ.
1105 4198 1161 4246 et
1216 4192 1289 4246 l'e
1317 4207 1366 4246 c.
1427 4193 1462 4246 6
1487 4231 1500 4257 ,
1559 4211 1626 4264 τῃ
1687 4192 1878 4268 Κυρίᾳ,
1936 4215 2006 4268 τῃ

2191 4123 2304 4192 (53)
2339 4121 2398 4178 F.
2435 4119 2584 4194 ἱεραρ
2637 4119 2729 4173 ίαι.

2189 4195 2304 4267 (54)
2339 4193 2566 4265 Anglic.
2589 4137 2731 4266 ἴῦοᾷν
2767 4189 3132 4263 simpliciter.

399 4279 671 4333 ασιΛισσῃ,
700 4281 766 4333 τῃ
803 4279 1008 4332 tun-cpt.

793 4441 866 4496 IN
907 4441 1308 4498 SERMONEM
1350 4442 1440 4498 DE
1481 4443 1732 4513 CENSU,
1775 4445 1908 4501 SEU
1949 4444 2475 4503 DESCRIPTIONE
2513 4443 2840 4499 DEIPARE
2882 4440 3307 4498 ADMONITIO.

423 4551 575 4604 Hunc
619 4549 912 4605 Athanasii
965 4565 1076 4606 esse
1118 4551 1334 4621 putavit
1383 4550 1555 4605 Lucas
1612 4552 1944 4620 Holslenius,
1977 4555 2075 4626 qui
2124 4553 2530 4625 ineptissimum
2586 4549 2754 4605 illum
2816 4549 3136 4620 Dialogum,
3175 4546 3470 4616 Josephum
3533 4549 3685 4603 inter
3714 4552 3768 4602 et

348 4638 569 4694 beatam
629 4638 926 4708 Virginem,
981 4641 1077 4710 qui
1125 4656 1277 4694 num.
1335 4639 1370 4691 6
1403 4639 1632 4711 tegitur,
1667 4641 2076 4712 interpolatoris
2132 4643 2375 4714 alicujus
2403 4639 2647 4696 audacia
2701 4639 2963 4694 additum
3017 4639 3193 4708 fuisse
3243 4638 3578 4708 suspicatur,
3611 4638 3768 4708 cujus

341 4729 593 4799 opinioni
618 4729 920 4800 suffragari
962 4731 1104 4799 forte
1154 4727 1449 4782 videantur
1501 4730 1835 4798 Lipomanus
1863 4740 1917 4785 et
1962 4732 2181 4799 Surius,
2215 4733 2312 4802 qui
2357 4730 2504 4785 hunc
2559 4731 2861 4785 tractatum
2893 4729 2948 4782 in
3012 4729 3160 4781 Vitis
3186 4731 3529 4790 sanctorum,
3562 4728 3767 4780 omisso

337 4819 563 4888 Dialogo
611 4817 843 4874 edulere.
881 4818 982 4873 Sed
1026 4835 1150 4873 cum
1184 4815 1452 4888 Dialogus
1484 4817 1581 4872 ille
1632 4821 1690 4874 in
1721 4824 2109 4893 manuscriptis
2152 4821 2405 4877 omnibus
2454 4833 2580 4890 qua:
2609 4819 2878 4888 inspicere
2926 4817 3089 4871 licuit
3137 4818 3471 4884 compareat,
3524 4829 3764 4884 quorum

337 4907 560 4978 quidam
621 4911 745 4962 sunt
797 4926 898 4962 nec
949 4908 1172 4963 circiter
1227 4923 1522 4977 annorum,
1553 4907 1904 4964 arbitramur
1963 4911 2030 4966 ab
2075 4911 2192 4982 ipso
2238 4910 2406 4965 Surio
2450 4911 2502 4964 et
2551 4908 2872 4978 Lipomano,
2907 4909 3093 4976 utpote
3141 4904 3461 4965 ridiculum,
3495 4911 3763 4959 resectum

334 4998 524 5067 fuisse.
561 4997 792 5052 Etiamsi
835 5014 1003 5068 porro
1051 4997 1141 5052 hic
1191 4999 1453 5066 Dialogus
1508 4998 1779 5052 ascititius
1831 5003 1989 5069 esset,
2046 5000 2229 5055 multa
2289 4999 2404 5054 alia
2432 5003 2777 5068 superessent
2809 4991 3020 5054 νοθείας
3079 4996 3259 5066 signa.
3320 4994 3584 5046 Primum
3611 4997 3762 5047 enim

335 5085 572 5140 multum
621 5085 884 5142 abhorret
932 5088 1028 5141 hoc
1079 5087 1410 5156 Opus-culum
1443 5086 1510 5141 ab
1554 5085 1846 5143 Athanasii
1875 5089 1976 5143 illa
2024 5092 2295 5157 gravitate
2323 5092 2380 5143 et
2409 5087 2545 5158 styli
2577 5083 2832 5158 ἐνεργείᾳ.
2875 5085 2938 5139 2ο
2973 5085 3168 5145 Multa.
3195 5098 3295 5155 pro
3329 5082 3604 5154 Opusculi
3636 5083 3759 5136 bre-

335 5175 530 5241 vitate,
566 5176 780 5229 insueta
815 5175 1082 5231 vocabula
1133 5176 1225 5230 hic
1259 5184 1499 5245 exstant,
1551 5181 1608 5231 ut
1637 5185 1717 5232 est
1751 5177 1898 5232 illud
1927 5197 2019 5230 κυν

2137 5180 2461 5244 ωσσοῦντας,
2511 5175 2655 5230 illud
2694 5174 2822 5230 item
2857 5173 3024 5240 μαζὸς
3057 5171 3358 5246 ἀγιόριζος,
3404 5167 3550 5244 γάλα
3582 5169 3758 5244 Enop-

337 5259 479 5337 ῥυὲς,
530 5267 579 5317 et
609 5257 964 5338 φλεϐοσυλία.
1003 5267 1128 5320 Item
1160 5283 1312 5319 num.
1347 5267 1402 5328 7,
1432 5273 1720 5335 postquam
1770 5266 1981 5321 dictum
2025 5269 2135 5336 fuit
2163 5267 2437 5322 stabulum
2475 5264 2990 5320 Bethlehemiticum
3024 5272 3213 5335 typum
3240 5275 3432 5331 gerere
3477 5260 3752 5327 Ecclesia,

328 5353 522 5424 paucis
574 5353 878 5422 interjcctis
935 5355 1048 5408 hzec
1107 5355 1401 5424 legtmtur:
1460 5351 1663 5423 Θρὸνος
1723 5355 1756 5421 ἡ
1813 5353 2017 5428 Παροέν

2158 5361 2422 5430 κρατῆρες
2475 5351 2526 5406 οἱ
2591 5352 2779 5423 μαζοῖ,
2839 5346 3164 5406 ἁναϐόλαιον
3219 5352 3254 5419 ἡ
3320 5347 3750 5423 ἑνανθρώπησις,

332 5439 648 5515 ῥιπιστῆρες
697 5441 764 5494 τὰ
793 5435 1091 5516 χερουϐἶμ,
1147 5439 1325 5501 δίσκος
1374 5440 1436 5495 τὸ
1469 5441 1621 5514 ἅγιον
1684 5447 1922 5516 Πνεῦμα,
1957 5445 1984 5498 6
2019 5450 2022 5458 “

2136 5445 2207 5520 ὴρ
2249 5440 2690 5514 δισκοκάλυμμα.
2753 5442 2888 5510 Quae
2935 5442 3239 5511 nugatoria
3287 5455 3399 5496 esse
3444 5455 3614 5494 nemo
3645 5453 3754 5493 non

325 5534 608 5601 fateatur;
638 5533 759 5602 quis
791 5534 939 5587 enim
983 5535 1126 5602 ferat
1159 5531 1426 5603 Spiritum
1476 5531 1643 5596 disco,
1687 5533 1906 5589 Patrem
1939 5534 2079 5591 disci
2123 5534 2380 5607 operculo
2424 5533 2686 5603 conferri,
2740 5533 2836 5586 ubi
2863 5532 3059 5600 angeli
3085 5530 3458 5594 sacerdotum,
3504 5537 3754 5600 pastores

322 5620 681 5676 diaconorum
710 5621 893 5692 ofﬁcio
920 5626 1252 5694 funguntur,
1303 5625 1365 5676 ut
1394 5620 1595 5676 ibidem
1641 5621 1865 5679 dicitur.
1900 5625 1994 5680 llis
2021 5625 2086 5682 de
2121 5625 2300 5682 causis
2333 5625 2620 5681 homilt’am
2667 5625 2833 5679 istam
2861 5637 3138 5677 censemus
3166 5620 3474 5676 Athanasio
3523 5616 3752 5687 abjudi-

335 5715 505 5779 vitam
535 5717 794 5785 oportere.
830 5715 1225 5786 Przefationem
1252 5729 1414 5786 porro
1445 5714 1718 5770 Holstenii
1743 5715 2093 5786 subiicimus.
