4026 6204
233 400 339 462 941
1116 385 1382 448 SERMO
1428 386 1505 446 IN
1554 350 2265 445 ANNUN'TIATIONEM
2311 382 2699 444 summa.
3486 381 3606 443 9A2

292 552 563 617 Przefatio
593 551 917 612 HOLS'raun
948 546 1012 607 in
1046 552 1284 624 septem
1318 544 1614 606 bomilias
1647 563 1789 621 quae
1823 561 1947 603 non
1980 548 2459 624 consequenter,
2484 543 2604 624 sed
2626 540 2812 624 juxta
2842 559 3053 624 rerum
3084 547 3146 602 et
3177 542 3534 619 argumenti

784 628 1067 689 ordinem
1098 622 1355 686 inferius
1388 626 1610 704 positae
1644 631 1812 685 sunt.
1843 625 2004 684 Sunt
2032 630 2243 685 autem
2277 622 2552 685 homiliae
2595 622 2960 702 hujusmodi
2995 640 3008 681 :

288 788 326 844 Ι.
356 788 409 842 1η
439 781 849 853 descriptionem
877 779 990 835 sive
1011 792 1233 832 censum
1266 775 1429 830 beatae
1464 775 1726 844 Virginis.

291 877 351 932 Ιῐ.
382 876 437 928 In
474 870 615 927 illud
649 868 853 924 Matth.
876 884 991 933 χχι,
1021 870 1077 937 2,
1110 869 1193 921 Ite
1221 867 1279 920 in
1310 865 1620 929 castellum,
1657 862 1795 935 quod
1824 866 2015 918 contra
2043 878 2134 918 vos
2164 871 2259 919 est.

289 964 371 1019 Ill.
403 961 461 1017 lu
495 959 635 1014 illud
670 959 843 1013 Lucae
872 974 985 1024 xix,
1015 957 1107 1022 26,
1140 958 1320 1011 Eunt:
1348 962 1535 1009 autem
1566 952 1688 1020 illo,
1721 951 2114 1008 subtemebant
2140 954 2481 1008 vestimenta.

287 1052 368 1110 IV.
400 1053 457 1107 In
487 1049 543 1104 S.
576 1048 830 1121 quintam
856 1046 1078 1115 feriam,
1109 1054 1161 1100 cl
1187 1043 1561 1115 proditionem
1587 1041 1762 1097 Judz.

286 1142 347 1194 V.
373 1143 431 1196 In
458 1140 517 1194 5.
556 1138 788 1203 Pascha,
820 1138 876 1189 et
903 1137 965 1189 in
995 1149 1180 1190 recens
1210 1133 1581 1196 illuminatos,
1610 1130 1842 1186 Sabbato
1872 1132 1932 1186 in
1972 1130 2144 1186 Albis.

284 1230 367 1286 Vl.
398 1230 451 1284 Ia
480 1243 681 1283 aecum
709 1242 744 1280 a
772 1225 1093 1291 natiuitate,
1125 1222 1295 1278 Joan.
1327 1238 1404 1277 Ix.

284 1319 390 1374 VII.
421 1322 485 1374 In
516 1316 612 1372 SS.
648 1317 837 1371 Patres
870 1322 923 1369 et
950 1313 1259 1385 prophetas,
1290 1315 1343 1366 et
1372 1309 1742 1365 venerandam
1774 1310 2092 1375 Ecclesium,
2119 1317 2503 1382 psalmumque
2533 1311 2874 1366 tricesimum
2906 1318 3180 1381 quartum.

1392 1568 1604 1626 LUCAS
1641 1567 2061 1627 HOLSTBNIUS
2099 1567 2402 1626 LECTORI.

282 1698 408 1748 Cum
441 1692 557 1747 divi
594 1690 893 1748 Athanasii
925 1705 1099 1761 opera
1127 1686 1325 1742 recudi
1352 1703 1385 1741 a
1416 1684 1800 1758 typographis
1831 1685 2119 1755 audirem,
2149 1702 2268 1740 rem
2306 1702 2399 1740 me
2432 1686 2725 1741 facturum
2752 1686 3076 1741 existimavi
3117 1690 3172 1741 et
3219 1686 3451 1757 publico
3491 1687 3613 1742 uti-

225 1783 338 1853 lem,
386 1798 485 1837 nec
527 1780 703 1836 bonis
730 1779 1036 1850 doctisque
1068 1778 1381 1845 ingratam,
1417 1774 1466 1829 si
1500 1781 1707 1830 cratera
1736 1774 2099 1830 sanctissimi
2134 1775 2322 1830 Patris
2354 1771 2614 1827 ἀνέκδοτα
2644 1775 3071 1846 conquirerem,
3105 1781 3160 1830 et
3192 1775 3248 1829 in
3282 1775 3469 1831 lucem
3504 1777 3613 1833 hac

226 1873 496 1927 occasione
528 1871 944 1943 producerem.
980 1866 1195 1938 Collegi
1228 1882 1365 1937 ergo
1398 1882 1574 1937 opera
1601 1864 1989 1919 tumultuaria
2032 1881 2100 1920 ex
2149 1864 2634 1920 Christianissimi
2683 1865 2851 1937 Regis
2901 1865 3272 1931 bibliotheca,
3325 1871 3498 1936 atque
3547 1883 3615 1922 ex

224 1960 291 2016 Cl.
321 1965 369 2015 et
401 1959 462 2014 Η.
495 1960 564 2013 P.
597 1956 910 2019 Sirmondi,
942 1956 1207 2026 meisque
1238 1954 1473 2010 schedis
1507 1952 1781 2009 homilias
1816 1958 2061 2024 septem.
2096 1954 2401 2009 Athanasii
2456 1953 2693 2008 nomine
2748 1958 3097 2025 przenotatas
3150 1970 3163 2007 :
3219 1970 3408 2026 neque
3455 1954 3609 2010 enim

223 2048 495 2103 Athanasii
527 2063 739 2103 omnes
771 2060 898 2101 esse
932 2045 1151 2112 credat,
1176 2043 1269 2098 cui
1302 2042 1387 2099 vel
1422 2042 1736 2097 minimum
1771 2041 1829 2096 in
1870 2042 2033 2098 hisce
2063 2042 2275 2097 studiis
2300 2042 2530 2113 judicii,
2557 2043 2777 2115 quique
2807 2043 2895 2098 vel
2928 2044 3114 2099 obiter
3143 2048 3373 2099 tantum
3406 2048 3613 2099 caetera

224 2141 330 2209 ejus
358 2137 577 2206 scripta.
607 2134 946 2206 inspexerit.
980 2134 1260 2197 Quocirca
1295 2149 1368 2187 ne
1400 2132 1682 2188 carbones
1714 2131 1975 2187 thesauri
2005 2131 2131 2187 loco
2160 2132 2460 2187 venditare
2490 2132 2707 2201 videar,
2741 2132 3121 2188 indicandum
3160 2133 3362 2205 paucis
3411 2133 3615 2188 existi-

228 2228 374 2296 mavi,
401 2227 553 2281 unde
587 2223 849 2294 singulas
872 2223 1334 2294 deprompserim
1359 2227 1517 2285 ;tum
1553 2237 1742 2275 meam
1768 2222 1838 2276 de
1870 2222 1942 2277 iis
1971 2222 2347 2290 sententiam,
2373 2220 2534 2276 nullo
2567 2226 2763 2276 tamen
2788 2222 3051 2276 veritatis
3082 2227 3185 2276 aut
3213 2222 3613 2295 κριτικωτὲρων

227 2315 565 2388 praeiudicio,
598 2314 859 2384 proferre
888 2312 1066 2366 volui.
1099 2311 1294 2366 Primo
1326 2327 1462 2382 ergo
1493 2310 1620 2366 loco
1651 2317 1950 2382 comparet
1980 2312 2228 2367 Homilia
2257 2312 2315 2365 in
2362 2310 2778 2382 descriptionem
2825 2315 2889 2365 Β.
2944 2312 3204 2381 Virginis,
3253 2316 3385 2366 ante
3434 2312 3620 2365 trien-

229 2406 365 2461 nium
394 2421 423 2459 a
453 2418 545 2457 me
586 2400 872 2457 Oxoniiin
905 2400 1116 2454 celebri
1147 2398 1246 2454 illa
1276 2399 1589 2454 Bodleiana
1612 2399 1967 2454 bibliotheca
2016 2416 2081 2454 ex
2136 2398 2215 2453 ill.
2275 2399 2490 2470 equitis
2543 2399 2767 2454 Henrici
2819 2398 3015 2455 Savilii
3064 2400 3418 2454 membranis
3462 2405 3623 2455 tran-

224 2494 432 2565 scripta.
486 2491 706 2562 Reperi
756 2489 1021 2544 eamdem
1072 2489 1131 2543 in
1189 2489 1451 2559 quinque
1480 2492 1581 2542 aut
1611 2504 1711 2543 sex
1744 2488 1919 2559 regiis
1948 2488 2273 2553 codicibus,
2309 2488 2669 2543 assumentis
2702 2489 3054 2560 quibusdam
3089 2489 3406 2544 auctiorem
3440 2505 3453 2543 :
3488 2506 3621 2544 cum

224 2584 413 2657 quibus
441 2587 495 2638 et
524 2583 602 2636 Η.
640 2580 702 2635 P.
736 2579 1031 2635 Sirmondi
1065 2577 1362 2650 exemplar
1394 2577 1588 2633 Romae
1620 2579 1980 2648 descriptum
2016 2578 2326 2633 consentit.
2354 2578 2931 2650 Latinejampridem
2965 2596 3093 2633 eam
3126 2580 3434 2634 ediderunt
3466 2580 3627 2650 Lipo-

229 2688 414 2726 manus
443 2675 498 2725 et
526 2668 746 2723 Surius
776 2667 836 2721 in
869 2666 1019 2721 Vitis
1051 2671 1413 2732 sanctorum,
1447 2668 1545 2720 sed
1580 2665 1949 2737 paraphrasi,
1983 2670 2046 2719 ut
2069 2666 2278 2728 solent,
2314 2665 2568 2720 liberiori
2604 2683 2614 2720 :
2652 2666 2710 2720 in
2744 2683 2857 2737 qua
2892 2666 3164 2738 Dialogus
3194 2666 3311 2733 ille,
3364 2684 3433 2721 ne
3483 2667 3622 2737 quid

226 2760 434 2833 gravius
464 2760 684 2823 dicam,
720 2756 890 2829 plane
922 2756 1366 2827 intempestivus
1399 2755 1550 2810 inter
1570 2755 1892 2826 Josephum
1926 2764 1980 2809 et
2010 2756 2239 2809 beatam
2268 2755 2586 2827 Virginem,
2622 2756 2817 2811 nescio
2849 2761 3043 2810 utrum
3067 2756 3244 2810 Graeci
3277 2755 3625 2827 exemplaris

229 2850 343 2913 ﬁde,
374 2867 439 2903 an
473 2849 715 2903 illorum
741 2845 992 2916 judicio,
1043 2844 1299 2900 omissus
1330 2849 1440 2899 est.
1474 2845 1593 2916 Ego
1626 2848 1690 2897 ut
1719 2845 1775 2897 in
1810 2844 2229 2915 manuscriptis
2260 2845 2558 2900 codicibus
2590 2845 2798 2914 reperi,
2829 2844 2909 2899 ita
2936 2846 3087 2899 bona
3119 2846 3229 2899 fide
3250 2850 3621 2916 repraesento,

230 2938 362 2993 bona
390 2937 578 3004 malis,
617 2944 673 2992 et
702 2933 907 3009 χρύσεα
938 2931 1223 3009 χαλκείοις
1256 2934 1557 3007 permista.
1599 2937 1798 3004 Neque
1830 2932 2014 2988 solius
2043 2933 2345 2989 Athanasii
2377 2950 2445 2988 ea
2476 2934 2728 3000 fortuna,
2779 2938 2843 2989 ut
2890 2935 3394 3005 inoptissimorum
3445 2935 3622 2990 inter-

228 3027 525 3100 polatorum
580 3042 799 3081 manus
846 3025 1091 3088 subiret,
1128 3040 1257 3078 cum
1289 3023 1710 3095 Chrysostomi,
1744 3022 1951 3091 Procli,
1986 3022 2329 3093 alorumque
2359 3022 2655 3087 homilias,
2690 3022 2985 3077 similibus
3017 3023 3351 3094 sequiorum
3381 3023 3624 3079 saeculo-

229 3133 338 3171 rum
369 3115 602 3188 ineptiis
647 3115 890 3170 fmdatas
923 3114 979 3167 in
1016 3112 1222 3167 iisdem
1260 3112 1434 3185 regiis
1466 3112 1761 3166 codicibus
1792 3111 2135 3168 invenerim.
2158 3113 2226 3166 Et
2255 3113 2453 3166 fucum
2478 3113 2784 3167 manifeste
2807 3117 3063 3183 arguunt
3081 3112 3379 3184 Lipomani
3400 3116 3455 3168 et
3475 3113 3624 3167 Oxo-

228 3206 423 3261 nicnsis
455 3204 773 3260 academize
803 3202 1152 3273 exemplaria
1179 3220 1190 3256 :
1213 3217 1347 3256 cum
1381 3202 1452 3256 ab
1483 3200 1603 3256 illis
1632 3200 1887 3271 penitus,
1908 3202 1978 3256 ab
2009 3201 2118 3257 hoc
2151 3205 2345 3256 autem
2371 3217 2648 3272 magnam
2675 3204 2895 3272 partem
2924 3206 3269 3256 assumenta
3290 3201 3388 3257 illa
3412 3202 3626 3258 absint.

227 3294 564 3366 Comparatio
599 3291 895 3364 speluncae
928 3290 1422 3345 Bethlehemiticzn
1451 3297 1506 3345 et
1540 3289 1806 3345 Ecclesiae
1838 3290 2057 3361 prolixe
2089 3306 2123 3345 a
2150 3295 2350 3346 sancto
2399 3290 2687 3346 Germano
2735 3288 2785 3342 ἐν
2834 3291 2901 3361 τῇ
2957 3292 3187 3362 μυστικῇ
3245 3288 3446 3365 Θεωρίᾳ
3496 3309 3626 3363 per-

225 3385 484 3437 tractatur
515 3399 527 3436 :
563 3383 627 3435 in
663 3397 731 3435 ea
760 3384 957 3434 tamen
990 3379 1047 3433 id
1082 3378 1384 3451 preprium
1410 3378 1715 3434 Athanasii
1740 3384 1848 3449 est,
1876 3380 2030 3451 quod
2053 3379 2377 3451 Josephum
2401 3377 2500 3453 ἐφη
2514 3379 2773 3452 μερευτήν
2801 3378 3076 3452 appeliat,
3100 3394 3236 3434 voce
3260 3379 3403 3434 mihi
3427 3380 3627 3435 hacta-

231 3487 327 3524 nus
353 3469 555 3525 nullibi
590 3470 763 3524 lecta.
799 3469 1072 3523 i’icarium
1101 3468 1265 3537 verti,
1299 3484 1430 3522 cum
1464 3467 1833 3522 commodius
1883 3466 2027 3522 nihil
2078 3472 2423 3523 occurreret.
2473 3467 2717 3522 Alliudit
2767 3472 2960 3523 autem
3014 3469 3084 3523 ad
3136 3465 3457 3543 ἐφημερίας,
3510 3469 3629 3524 sive

230 3558 362 3614 vices
408 3559 779 3615 sacerdotum
830 3557 1229 3622 Leviticorum,
1266 3573 1516 3629 quarum
1547 3561 1603 3610 et
1634 3561 1696 3610 Β.
1732 3557 1916 3611 Lucas
1946 3573 2072 3628 cap.
2109 3574 2125 3611 ι
2167 3557 2453 3612 meminit.
2490 3556 2634 3619 Quid
2669 3550 3035 3633 φλεϐοσυλίας
3066 3574 3174 3612 vox
3204 3558 3318 3613 sibi
3349 3557 3486 3612 velit
3515 3558 3625 3611 sub

230 3648 328 3702 ﬁne
354 3649 473 3718 ejus
503 3649 666 3703 ΒΑΔ
697 3645 972 3712 ὴοωὶιίῖε,
1005 3646 1257 3717 ingenue
1288 3645 1471 3700 fateor
1502 3662 1594 3701 me
1620 3644 1843 3700 nescire
1865 3661 1880 3699 :
1906 3662 2010 3701 nec
2042 3645 2429 3701 eruditissimi
2462 3646 2590 3711 viri,
2626 3662 2772 3717 quos
2804 3661 2870 3700 ea
2900 3662 3078 3716 super
3107 3662 3166 3700 re
3196 3645 3485 3712 consului,
3520 3662 3624 3699 no-

230 3736 350 3791 dum
379 3736 542 3793 illum
575 3736 852 3806 expedire
883 3740 1219 3806 potuerunt.
1254 3734 1535 3790 Versione
1566 3736 1662 3800 ita,
1714 3734 1795 3789 uti
1849 3734 2137 3790 sententia
2186 3751 2492 3806 exposcere
2540 3735 2787 3800 videtur,
2840 3738 3137 3806 utcunque
3185 3735 3466 3805 expressi,
3518 3749 3621 3789 nec

230 3824 377 3899 longe
405 3843 493 3883 me
525 3827 599 3882 ab
636 3824 941 3880 Athanasii
975 3829 1170 3879 mente
1202 3824 1506 3879 aberrasse
1540 3827 1701 3895 puto.
1732 3824 2025 3894 Sequentes
2055 3824 2192 3879 duas
2219 3824 2472 3879 homilzas
2504 3840 2569 3879 ex
2602 3824 2775 3879 unico
2810 3823 2985 3895 Regio
3009 3823 3323 3894 exemplari
3349 3824 3624 3878 transcri-

234 3915 348 3986 psi:
380 3914 685 3971 Athanasii
719 3931 818 3969 eas
847 3930 975 3969 esse
1001 3930 1139 3969 sane
1171 3913 1538 3983 crediderim,
1574 3929 1761 3985 neque
1791 3913 2106 3984 quidquam
2136 3914 2322 3979 video,
2356 3930 2460 3967 cur
2491 3912 2658 3967 aliter
2687 3912 2968 3983 judicem.
3024 3913 3299 3975 Quartam
3352 3912 3513 3967 illam
3563 3913 3621 3966 in

234 4005 279 4059 S.
310 4023 559 4074 magnam
590 4008 855 4076 quintam
892 4003 1108 4074 feriam,
1142 4020 1210 4057 ex
1240 4004 1441 4057 eodem
1487 4003 1661 4074 Regio
1692 4002 1889 4057 codice
1918 4008 1973 4058 et
2004 4003 2065 4057 Β.
2093 4003 2153 4057 Ρ.
2186 4002 2477 4058 Sirmondi
2537 4002 2851 4073 exemplari
2903 4007 3273 4074 reprresento.
3325 4003 3508 4057 Habet
3557 4019 3625 4057 ea

234 4094 573 4150 characteres
628 4096 751 4149 sive
801 4098 972 4149 notas
1019 4109 1323 4162 expressas
1375 4091 1508 4163 styli
1559 4092 1819 4146 Athenas

2037 4091 2228 4146 Pbotio
2261 4092 2616 4161 observatas,
2646 4091 2709 4143 τὸ
2738 4089 3020 4164 ἀπέριττον
3053 4090 3141 4143 καὶ
3172 4091 3234 4144 τὸ
3258 4087 3443 4165 δριμύ,
3477 4096 3543 4146 ut
3572 4096 3627 4146 et

238 4186 422 4255 quinta
449 4186 551 4241 illa
580 4188 647 4241 in
678 4185 732 4240 S.
767 4185 996 4250 Pascha,
1021 4200 1148 4239 meo
1174 4183 1398 4253 judicio
1431 4183 1698 4237 omnium
1733 4182 1955 4253 optima
1984 4186 2043 4236 et
2072 4181 2529 4253 elegantissima,
2556 4199 2730 4253 quam
2764 4184 2862 4236 uni
2898 4183 2956 4236 P.
2981 4182 3292 4237 Sirmondo
3324 4182 3630 4249 debemus,

238 4274 323 4342 qui
354 4275 542 4330 Romae
574 4274 685 4329 abs
721 4290 782 4328 se
815 4273 1166 4345 descriptam
1202 4272 1558 4343 perbenigne
1583 4287 1813 4326 mecum
1847 4270 2319 4324 communicavit.
2355 4270 2673 4325 Sabbatum
2705 4276 2804 4337 τῆς
2834 4266 3201 4341 ἀπολυσίμου,
3251 4287 3367 4341 quo
3416 4272 3487 4325 ad
3538 4287 3633 4325 re-

238 4377 356 4416 cens
404 4362 730 4435 baptizatos
779 4377 905 4416 eam
962 4361 1219 4416 habitam
1271 4360 1578 4431 inscriptio
1637 4363 1909 4426 testatur,
1942 4357 2238 4430 appellant
2271 4359 2472 4422 Graeci,
2509 4360 2657 4429 quod
2695 4360 3057 4415 Dominicam
3089 4360 3149 4414 in
3180 4359 3361 4425 Albis,
3397 4360 3536 4426 sive,
3570 4363 3635 4414 ut

239 4448 397 4504 iidem
428 4456 661 4517 vocant,
693 4449 969 4523 Κυριακὴν
1001 4452 1098 4501 τοῦ
1123 4447 1456 4521 Ἀντιπάσχα
1477 4449 1769 4519 praecedit,
1787 4464 1829 4519 q‘

2044 4446 2269 4502 .scbnlis
2302 4448 2607 4518 festivitas,
2628 4452 2747 4503 toto
2769 4449 3002 4503 octiduo
3025 4448 3162 4504 olim
3186 4448 3473 4503 celebrata
3496 4444 3634 4521 (δια-

240 4540 548 4609 παινῆσιμον
582 4555 714 4595 eam
749 4538 1138 4609 septimanam
1170 4539 1499 4592 Graecorum
1537 4536 1776 4591 rituales
1804 4535 1937 4590 libri
1957 4541 2185 4602 vocant,
2206 4536 2278 4591 ob
2310 4536 2685 4601 ﬁdelium,ne
2716 4536 2903 4603 fallor,
2926 4553 3026 4608 per
3046 4537 3417 4609 baptismatis
3443 4555 3637 4592 sacra-

242 4631 481 4682 mentum
516 4628 995 4699 revocationem),
1029 4644 1094 4682 eo
1125 4627 1217 4681 die
1247 4626 1533 4690 finiretur,
1564 4631 1865 4696 cmtusque
1896 4625 2043 4680 sacri
2078 4624 2460 4690 solverentur,
2494 4626 2553 4680 id
2603 4626 2758 4680 enim
2792 4623 2939 4679 λύειν
2972 4627 3091 4681 sive
3140 4624 3399 4679 ἀπολύειν
3447 4627 3627 4681 iidem

246 4720 451 4780 vocant,
503 4718 662 4771 unde
713 4722 1050 4787 postremus
1076 4714 1427 4770 solemnium
1462 4714 1740 4769 festorum
1771 4713 1896 4769 dies
1927 4712 2192 4773 ἀπόλυσις
2227 4715 2519 4785 quondam
2552 4715 3058 4784 vocabatur,quod
3097 4731 3165 4768 ex
3196 4715 3405 4771 Basilio
3444 4715 3639 4770 Seleu-

246 4802 408 4858 ciensi
441 4804 1067 4877 aliisquejampridem
1099 4808 1165 4859 V.
1199 4803 1282 4860 Cl.
1315 4807 1371 4858 et
1401 4802 1801 4858 amicissimus
1824 4802 2083 4858 Joannes
2114 4802 2404 4858 Meursius
2437 4803 2490 4856 in
2535 4803 2833 4859 Glossario
2883 4820 2988 4859 suo
3042 4804 3260 4859 docuit.
3317 4805 3394 4859 Eo
3445 4808 3638 4859 autem

248 4892 482 4949 Sabbato
503 4895 847 4950 Christiania
880 4894 1100 4949 militiae
1135 4895 1374 4966 tirones,
1412 4909 1624 4966 magno
1658 4893 1909 4949 Sabbato
1941 4893 2285 4965 baptizatos,
2321 4892 2482 4948 albas
2513 4899 2701 4949 vestes
2734 4893 3075 4965 deposuisse
3105 4895 3301 4950 notius
3334 4899 3441 4962 est,
3467 4911 3645 4966 quam

249 4986 307 5035 ut
331 4982 570 5038 indicari
603 4984 829 5039 debeat.

313 5069 496 5140 Rejeci
525 5073 763 5127 tandem
799 5072 856 5126 in
890 5072 1064 5127 tinem
1095 5072 1231 5127 duas
1261 5072 1539 5142 homilias,
1574 5087 1701 5143 quae
1733 5075 1940 5143 praeter
1971 5071 2208 5127 titulum
2244 5070 2387 5126 nihil
2420 5072 2616 5143 magni
2648 5071 2809 5128 illius
2836 5072 3137 5127 Athanasii
3172 5072 3390 5128 habent
3425 5090 3436 5127 :
3467 5077 3568 5129 aut
3599 5072 3648 5129 si

254 5172 495 5229 unquam
530 5176 665 5216 eum
698 5166 923 5233 patrem
958 5166 1340 5234 agnoverunt,
1375 5162 1456 5216 ita
1489 5177 1643 5215 nunc
1674 5160 2035 5232 interpolatae
2068 5166 2225 5226 sunt,
2262 5164 2327 5215 ut
2359 5160 2715 5217 Athanasius
2740 5162 2887 5233 ipse,
2922 5162 2971 5217 si
3021 5179 3118 5217 cas
3166 5163 3399 5234 legeret,
3446 5180 3646 5219 earum

256 5248 638 5304 auctoritatem
672 5250 992 5321 defugeret,
1025 5250 1085 5304 in
1119 5249 1333 5321 quibus
1364 5266 1470 5305 nec
1503 5249 1647 5319 vola,
1685 5249 1834 5321 quod
1871 5249 2055 5314 aiunt,
2089 5265 2193 5303 nec
2224 5248 2536 5321 vestigium
2571 5249 2787 5321 ingenii
2820 5249 3073 5322 stylique
3104 5249 3262 5304 illius
3292 5252 3648 5321 agnoscitur.

258 5330 406 5387 Prior
428 5339 621 5391 tamen
651 5338 762 5393 ista
791 5340 852 5393 in
879 5353 1088 5394 cwcum
1116 5347 1326 5403 natum,
1362 5339 1559 5392 minus
1592 5336 1991 5392 contaminata
2020 5342 2109 5393 est
2152 5354 2184 5391 a
2212 5336 2558 5392 rhetorculis
2592 5337 2740 5402 istis,
2772 5338 2866 5408 qui
2893 5355 2958 5391 ex
2990 5338 3227 5409 optimis
3260 5338 3359 5393 SS.
3410 5339 3649 5394 Patrum

261 5419 501 5478 homiliis
553 5425 813 5499 dialogos
863 5428 1155 5499 pessimos
1204 5427 1373 5482 nobis
1416 5427 1865 5483 concinnarunt.
1901 5426 2097 5481 Prodit
2123 5443 2191 5481 ea
2218 5443 2287 5481 ex
2318 5426 2496 5498 Regio
2532 5428 2953 5498 manuscripto,
2989 5428 3297 5484 emendata
3321 5432 3513 5484 tamen
3547 5429 3653 5484 ali-

260 5516 395 5578 quot
432 5512 575 5573 locis
608 5532 674 5570 ex
700 5517 759 5571 P.
791 5516 1087 5572 Sirmondi
1118 5516 1456 5589 exemplari,
1491 5518 1660 5587 cujus
1692 5532 1798 5587 ope
1828 5515 2063 5587 egregie
2094 5515 2321 5587 aliquot
2351 5516 2477 5571 loca
2508 5517 2760 5573 restitui.

325 5599 613 5659 Postrema
638 5604 735 5661 illa
766 5606 823 5661 in
858 5605 952 5662 SS.
988 5611 1177 5663 Patres
1223 5610 1278 5662 et
1330 5606 1706 5675 patriarchas,
1758 5605 2130 5676 ineptissime
2178 5609 2287 5671 est,
2342 5612 2397 5660 et
2441 5605 2568 5677 ipso
2616 5623 2749 5662 rure
2798 5606 3105 5663 inficetior.
3160 5606 3364 5678 Reperi
3412 5622 3540 5661 eam
3592 5605 3652 5659 in

264 5688 422 5744 unico
454 5690 626 5762 Regio
656 5695 866 5764 codice,
886 5711 1002 5768 quo
1035 5696 1182 5751 nihil
1215 5712 1305 5751 me
1335 5697 1523 5768 magis
1558 5696 1875 5751 barbarum
1906 5694 2122 5751 vidisse
2156 5694 2416 5763 memini,
2437 5696 2581 5750 adeo
2613 5695 2775 5751 nulla
2803 5696 3229 5767 orthographia:
3262 5699 3362 5750 aut
3391 5699 3654 5751 constru-
