4026 6204
335 362 453 420 943
1530 348 1593 404 s.
1642 333 2168 406 ATHANASIUS’.
2196 381 2275 392 —
2306 349 2566 412 DUBIA.
3630 359 3743 416 944

336 490 548 548 ctionis
577 487 727 543 ratio
758 484 930 539 isthic
961 485 1206 547 servata,
1241 482 1298 533 et
1326 481 1449 533 tota
1476 477 1633 532 vitiis
1665 478 1944 544 scatebat,
1980 493 2233 548 quorum
2269 482 2585 539 maximam
2619 487 2845 555 partem
2876 485 3114 553 sustuli,
3148 486 3229 542 ita
3258 492 3322 543 ut
3368 486 3481 560 legi
3536 487 3744 542 intelli-

335 583 511 655 gique
550 579 673 647 jam
706 576 901 643 queat.
934 571 1228 626 Potuisset
1257 568 1382 623 sine
1415 566 1872 655 scelereomitti,
1902 565 2012 621 nisi
2042 568 2375 625 doctissimi
2406 571 2514 626 viri
2548 574 2675 642 ejus
2708 573 3052 629 auctoritate
3083 576 3429 647 iampridem
3466 577 3522 631 in
3558 578 3746 632 crucis

335 654 447 727 usu
480 666 778 741 probando
810 661 1245 729 asserendoque
1277 657 1526 711 fuissent
1558 654 1670 711 usi.
1701 657 1958 720 Quorum
1994 672 2098 727 ego
2122 658 2417 727 judicium
2448 661 2823 716 vehementer
2850 662 2959 718 hac
2988 664 3045 718 in
3079 670 3240 735 parte
3270 665 3557 722 desidero,
3602 666 3746 721 Nam

333 777 465 833 quae
514 759 584 812 de
636 751 1000 824 imaginibus
1052 749 1163 803 sub
1213 746 1384 801 ﬁnem
1415 745 1710 817 leguntur,
1745 743 2240 801 Iconoclastarum
2271 753 2535 821 tempora
2562 751 2824 822 sapiunt,
2857 751 3046 823 iisque
3075 754 3382 825 impostor,
3416 755 3747 826 quicunque

334 850 571 905 demum
605 844 654 898 is
682 840 873 906 fuerit,
906 837 1085 897 veluti
1119 853 1285 891 sorex
1316 834 1664 904 suojudicio
1696 833 2007 889 manifeste
2038 852 2098 889 se
2132 837 2345 907 prodit.
2377 844 2523 895 Loca
2549 842 2881 910 Scriptum,
2915 858 3039 912 qua:
3073 842 3402 915 imaginum
3433 845 3567 899 usui
3617 861 3745 916 pro-

333 936 527 993 bando
579 933 922 992 afferuntur,
971 926 1291 981 admodum
1342 919 1737 998 ἀπροσδιόνυσά
1784 928 1971 978 sunt:

2097 924 2155 979 lit
2194 928 2349 982 enim
2383 927 2440 982 in
2474 930 2646 984 verbo
2675 927 2921 1005 γράφειν,
2954 947 3069 1002 quo
3099 933 3279 987 Graeci
3309 937 3367 988 et
3396 933 3746 1005 scripturam

332 1030 390 1082 et
420 1024 708 1096 picturam
746 1017 1077 1089 promiscue
1106 1014 1462 1085 signiﬁcant.
1498 1013 1657 1077 Quod
1694 1012 1763 1067 de
1796 1012 2089 1069 Zachariae
2117 1016 2405 1087 sanguine
2436 1017 2665 1084 scribit,
2709 1024 2877 1074 notas
2925 1020 3053 1088 ejus
3100 1026 3157 1075 et
3192 1021 3441 1094 vestigia
3488 1022 3545 1076 in
3598 1021 3752 1077 saxis

334 1111 702 1186 apparuisse,
754 1108 810 1162 id
864 1111 920 1161 et
960 1103 1304 1161 Tertulliani
1339 1102 1683 1157 auctoritate
1713 1101 2095 1158 conﬁrmatur
2126 1119 2253 1176 cap.
2286 1108 2320 1159 8
2350 1106 2631 1179 Scorpiaci
2660 1125 2678 1162 :
2710 1108 2981 1179 quamvis
3013 1108 3073 1163 Β.
3106 1109 3495 1183 Hieronymus
3524 1112 3581 1165 in
3612 1128 3751 1166 xxm

331 1202 518 1259 Matth.
551 1203 617 1253 ut
647 1198 807 1269 pium
843 1197 1247 1250 commentum
1278 1192 1333 1246 id
1368 1192 1569 1246 elevet.

401 1296 565 1346 Hanc
594 1285 869 1345 editionis
902 1288 1113 1338 nostra:
1145 1282 1427 1337 rationem
1458 1279 1661 1351 paucis
1691 1280 2092 1351 exponendam
2124 1283 2323 1354 putavi
2360 1301 2372 1339 :
2407 1287 2464 1340 et
2493 1288 2655 1341 certa
2684 1300 2775 1341 me
2807 1300 2942 1358 spes
2972 1290 3127 1342 tenet
3159 1286 3342 1341 bonos
3388 1292 3445 1341 et
3493 1288 3750 1343 eruditos

330 1380 506 1446 viros,
558 1378 606 1432 si
654 1393 767 1431 non
819 1389 1077 1445 operam,
1131 1375 1284 1425 certe
1339 1373 1613 1425 conatum
1662 1373 1719 1424 et
1747 1368 2104 1425 voluntatem
2138 1376 2399 1427 nostram
2433 1374 2804 1445 probaturos.
2838 1374 3056 1431 Cretera
3085 1391 3214 1447 qua:
3245 1375 3437 1430 adhuc
3468 1376 3653 1431 latent
3681 1377 3742 1432 in

332 1469 507 1525 Italiae
531 1472 587 1521 et
609 1464 898 1537 Hispania:
933 1460 1306 1516 bibliothecis
1329 1459 1426 1513 alii
1460 1459 1706 1525 dabunt,
1729 1457 2049 1529 praesertim
2086 1460 2551 1517 Commentariun:
2579 1466 2905 1536 perpetuum
2933 1465 2994 1518 in
3020 1465 3290 1534 Psalmos,
3307 1465 3461 1537 quod
3494 1481 3603 1537 ego
3633 1465 3751 1537 palo

332 1557 584 1613 marium
616 1552 915 1610 Athanasii
946 1567 1094 1623 opus
1125 1548 1420 1605 existimo.
1454 1548 1588 1611 Qum
1619 1548 1677 1602 in
1711 1547 1765 1603 S.
1797 1548 2028 1603 Antonii
2057 1549 2173 1603 Vita
2205 1565 2273 1604 ex
2304 1553 2705 1623 manuscripto
2753 1551 2948 1608 codice
2998 1552 3471 1608 reverendissimi
3521 1559 3580 1608 et
3629 1553 3746 1609 cla-

331 1644 553 1701 rissimi
602 1641 827 1697 domini
876 1638 1065 1697 Caroli
1115 1639 1185 1693 de
1215 1636 1530 1701 Montchal,
1564 1635 1792 1691 abbatis
1823 1636 2019 1692 Sancti
2050 1637 2302 1692 Amantii
2335 1639 2601 1712 supplevi
2632 1644 2688 1696 et
2718 1639 3039 1715 emendavi,
3074 1640 3317 1696 scorsim
3349 1641 3751 1714 typograpbus

329 1735 511 1801 dabit,
546 1737 647 1787 aut
677 1728 1099 1786 Hocschelianis
1132 1727 1288 1783 notis
1317 1726 1571 1794 inseret;
1605 1725 1751 1780 mibi
1780 1725 1936 1781 enim
1966 1742 2123 1781 nunc
2155 1743 2355 1783 eorum
2389 1728 2556 1801 copia
2588 1745 2703 1784 non
2737 1734 2846 1799 est,
2880 1745 2983 1784 nec
3034 1728 3119 1784 ita
3162 1729 3247 1783 uti
3295 1730 3507 1785 vellem
3553 1746 3749 1785 recen-

330 1839 456 1881 sere
505 1822 679 1878 licet..
717 1818 871 1887 Vale,
924 1821 980 1874 et
1024 1818 1134 1873 hoc
1186 1816 1583 1889 qualicunque
1631 1818 1830 1870 nostro
1881 1813 2079 1870 labore
2108 1814 2299 1872 fruere
2331 1815 2597 1873 feliciter.
2629 1817 3055 1888 Antissiodoro,
3086 1822 3429 1874 cIoIncxxvx.
3465 1817 3748 1874 Postridie

399 1912 539 1966 Idus
571 1908 862 1966 Octobrio.

1480 2137 1610 2193 ΤΟΥ
1654 2139 1742 2192 EN
1783 2140 2011 2191 ΑΓΙΟΙΣ
2054 2138 2323 2195 ΠΑΤΡΟΣ
2365 2141 2561 2193 ΗΜΩΝ

1671 2304 2404 2403 ΑΘΑΝΑΣΙΟΥ

686 2493 799 2547 ΕΙΣ
842 2488 1267 2544 ΑΠΟΓΡΑΦΗΝ
1307 2487 1417 2559 (55)
1457 2488 1600 2542 ΤΗΣ
1640 2487 1847 2541 ΑΓΙΑΣ
1890 2485 2175 2555 ΜΑΡΙΑΣ,
2217 2486 2335 2543 ΚΑΙ
2374 2487 2487 2543 ΕΙΣ
2530 2487 2671 2544 ΤΟΝ
2710 2491 2949 2559 ΙΩΣΗΦ,
2992 2489 3216 2544 ΛΟΓΟΣ

667 2977 741 3031 ΙΝ
774 2972 1058 3030 CENSUM
1099 2971 1247 3027 SIVE
1287 2968 1855 3026 DESCRIPTIOIVEM
1892 2969 2178 3025 SANCT/E
2216 2969 2469 3039 MARI/E,
2508 2972 2595 3026 ET
2626 2971 2704 3027 IN
2735 2970 3114 3040 JOSEPHUM,
3155 2970 3398 3031 SERMO.

404 3270 456 3328 1.
489 3268 1000 3337 Quemadmodum
1040 3267 1287 3340 operarii
1338 3265 1602 3322 auriferae
1650 3269 1814 3320 terra:
1862 3280 1979 3320 me-

2168 3265 2221 3322 4.
2255 3268 2455 3340 ’Ὠσπερ
2501 3268 2553 3322 οἳ
2600 3268 2699 3336 τήν
2749 3271 2943 3343 χρυσῖν
2996 3270 3100 3341 γῆν
3152 3265 3505 3340 μεταλλεύειν
3544 3266 3753 3344 Λαχόν-

330 3358 475 3415 talla
525 3357 851 3413 eﬂ'odicnda
900 3356 1088 3424 nacti,
1141 3372 1272 3411 cum
1324 3356 1382 3410 in
1430 3369 1638 3409 venam
1697 3353 1979 3422 incidunt,

2097 3373 2181 3415 τες
2230 3351 2488 3428 ἐργάται,
2540 3355 2668 3410 ἐπὰν
2722 3355 2919 3432 εὕρωσι
2962 3352 3134 3433 φλέϐα
3181 3359 3443 3431 ψήγματα
3492 3362 3590 3412 τοῦ
3652 3364 3754 3429 ζη-

331 3446 559 3519 quaesiti
593 3446 721 3501 auri
752 3450 1014 3500 ramenta
1050 3444 1438 3513 exhibentem,
1465 3442 1583 3498 illic
1614 3458 1847 3514 operam
1881 3459 1979 3514 po-

2097 3442 2361 3515 τουμὲνου
2409 3439 2855 3520 προϐάλλουσαν,
2886 3443 2997 3500 ἐκεῖ
3046 3442 3430 3520 σχολάζουσιν,
3471 3445 3585 3501 ἐκεῖ
3614 3467 3752 3521 παρα

104 5712 263 5775 ’,ρ

330 3541 480 3593 nunt
512 3533 846 3601 suam,illic
879 3534 1183 3602 effodiunt,
1201 3537 1402 3605 utpote
1432 3532 1523 3587 via
1551 3531 1631 3586 ibi
1663 3532 1732 3585 ad
1755 3531 1986 3587 lucrum

332 3628 813 3690 commonstrata,
851 3640 965 3679 non
998 3627 1150 3677 retro
1178 3623 1413 3685 cedunt,
1464 3636 1569 3675 nec
1615 3626 1747 3675 ante
1789 3620 1986 3675 sedem

332 3718 721 3779 commutant,
772 3730 947 3785 quam
984 3712 1291 3784 propositae
1325 3711 1406 3765 rei
1436 3708 1745 3764 latibulum
1780 3709 1988 3781 deprc-

332 3806 625 3872 hendant;
662 3804 864 3859 eadem
898 3818 1140 3873 prorsus
1173 3800 1396 3855 ratione
1446 3815 1553 3853 nos
1605 3797 1985 3853 ecclesiastici

336 3894 531 3967 Operis
555 3892 985 3954 distributores,
1021 3890 1235 3945 Lucam
1268 3886 1683 3957 evangelistam
1717 3903 1831 3958 pre
1860 3903 1986 3941 ma-

334 3984 509 4039 nibus
540 3981 840 4050 habentes,
866 3985 930 4034 ut
962 3979 1327 4034 Dominicum
1358 3975 1601 4048 virginei
1631 3979 1832 4048 partus
1860 3976 1988 4031 the-

336 4088 577 4129 saurum
610 4069 1093 4140 contemplemur,
1117 4084 1230 4122 non
1265 4070 1399 4121 ante
1421 4066 1593 4121 finem
1615 4065 1988 4136 perquirendi

337 4161 648 4225 faciamus,
681 4174 856 4227 quam
918 4156 1245 4228 propositas
1289 4155 1599 4226 diligenter
1643 4153 1988 4226 colligamus

339 4248 590 4306 divitias.
643 4246 1028 4312 Quamobrem
1075 4244 1278 4299 ordine
1328 4243 1695 4315 evangelista:
1745 4243 1990 4315 vestigia

335 4335 771 4410 indagabimus,
795 4350 865 4387 ne
888 4332 1186 4404 quidpiam
1220 4332 1383 4387 lucro
1415 4332 1679 4388 faciendo
1710 4332 1985 4387 idoneum

334 4428 696 4484 omittamus.
718 4422 958 4478 Etiamsi
991 4422 1146 4477 cnim
1170 4422 1345 4476 verba
1367 4420 1652 4493 principio
1676 4420 1886 4492 exigua
1902 4422 1985 4475 vi-

335 4518 668 4583 deantur,at
689 4529 902 4584 magna
922 4510 1123 4584 gratiae
1148 4510 1631 4582 mysteria.Nemo
1653 4526 1984 4566 sermonem

328 4605 613 4672 fastidiat,
648 4601 814 4674 quasi
850 4601 1006 4673 parvi
1043 4600 1321 4655 momenti
1356 4598 1666 4654 lectionem
1713 4599 1983 4655 audierit.

325 4696 471 4751 Nam
492 4693 540 4748 si
560 4696 852 4763 spectetur
876 4689 995 4745 nati
1022 4688 1249 4744 Domini
1278 4687 1775 4759 potestas,exigua
1790 4692 1847 4742 et
1862 4704 1983 4758 per-

324 4800 503 4855 quam
553 4783 700 4837 345
756 4767 1151 4851 exigua‘sunt
1198 4793 1327 4847 qua;
1378 4777 1550 4832 modo
1613 4774 1759 4831 lecta
1813 4781 1972 4845 sunt,

323 4872 504 4947 panni
536 4870 776 4937 scilicet,
802 4883 1080 4941 praesepe,
1105 4867 1515 4923 incommodus
1546 4864 1730 4921 locus.
1756 4866 1824 4921 Et
1852 4865 1974 4922 haec

324 4962 560 5035 quidem
593 4960 801 5032 exigua
833 4963 993 5024 sunt,
1026 4974 1151 5029 qua:
1203 4961 1397 5012 autem
1447 4956 1506 5010 in
1554 4954 1713 5011 hisce
1764 4972 1971 5027 propo-

322 5056 545 5108 nuntur
568 5050 814 5123 mystica
838 5053 994 5115 sunt,
1022 5064 1229 5120 nempe
1259 5053 1464 5103 uterus
1494 5046 1969 5114 inennarrabilis,

319 5144 484 5199 sinus
517 5137 1147 5210 incomprehensibilis,
1192 5137 1375 5192 ubera
1424 5140 1624 5191 sancte
1690 5136 1969 5205 radicata,

560 5320 830 5394 Colbert.
879 5320 903 5372 1
942 5360 981 5394 ,ι
1012 5319 1110 5394 τῆς
1166 5316 1811 5394 ᾗπεραγίῇαςῃγεννήσεως
1834 5317 1967 5394 ’τοῦ

313 5387 515 5479 Κυρίου
571 5392 659 5446 καὶ
720 5393 850 5445 Θεοῦ
899 5387 987 5441 καὶ
1040 5387 1300 5462 Σωτῆρος
1350 5387 1534 5459 -ἡμῶν
1596 5388 1775 5456 Ἰησοῦ
1834 5387 1966 5462 Χρι-

316 5485 499 5610 ῗηῗὲὃ)
528 5537 610 5593 Ex
642 5552 783 5591 mss.
820 5535 955 5606 Reg.
991 5532 1174 5588 Oxon.
1208 5532 1275 5588 Β.
1298 5536 1365 5587 Ρ.
1400 5530 1719 5599 Sirmondi,
1752 5533 1809 5586 et
1836 5528 1962 5586 Col-

531 5679 688 5737 C011).
729 5680 777 5748 1,
812 5682 943 5751 post
990 5673 1213 5747 τρόπον,
1249 5675 1425 5734 habet
1456 5672 1545 5744 δή.
1580 5673 1800 5732 Ibidem
1836 5673 1962 5747 qui-

480 5858 755 6094 ι

2097 3532 2435 3606 ορύττουσιν,
2483 3534 2559 3595 ὡς
2611 3530 2800 3609 ὁδηγῷ
2849 3538 2946 3588 τοῦ
2999 3531 3245 3608 κέρδους
3305 3534 3395 3588 καὶ
3427 3534 3491 3589 οὐ
3520 3532 3749 3590 κατόπιν

2097 3618 2364 3691 ὁδεύουσι,
2417 3623 2491 3694 μὴ
2538 3621 2800 3697 πρότερον
2844 3623 2934 3677 τὸν
2981 3622 3146 3677 τόπον
3203 3617 3523 3695 ἀμείϐοντες
3556 3669 3570 3692 ,
3640 3622 3749 3680 ἕως

2098 3710 2158 3763 οὗ
2190 3711 2278 3764 τὸν
2309 3709 2518 3788 φωλεὸν
2570 3715 2668 3765 τοῦ
2714 3710 3074 3788 προκειμένου
3120 3707 3492 3767 καταλάϐωσι·
3520 3713 3612 3767 τὸν
3646 3714 3747 3767 αὖ-

2094 3799 2183 3853 τὸν
2242 3800 2443 3874 τρόπον
2501 3802 2612 3872 (57)
2661 3801 2751 3855 καὶ
2810 3803 2973 3873 ἡμεῖς
3032 3803 3085 3856 οἱ
3135 3805 3234 3866 τῆς
3286 3799 3747 3871 ἐκκλησιαπικῆς

2098 3888 2344 3964 ἐργασίας
2394 3886 2714 3965 ἆργοὸόται,
2767 3890 2857 3944 τὸν
2906 3888 3294 3964 εὐαγγελιστήν
3344 3896 3556 3944 ΛουκΞν
3613 3893 3752 3963 μετᾶ

2096 3982 2285 4051 χεῖρας
2319 3974 2557 4053 ἔχοντες,
2590 3979 2725 4051 πρὸς
2774 3978 3100 4050 κατανόησιν
3149 3984 3243 4033 τοῦ
3294 3977 3620 4034 δεσποτικοῦ
3648 3982 3751 4050 τῆς

2096 4065 2154 4119 ἐκ
2207 4068 2479 4141 Παρθένου
2557 4066 2907 4137 ἀποκυήσεως
2983 4072 3251 4142 θησαυροῦ
3284 4113 3298 4137 ,
3356 4066 3421 4121 οὐ
3479 4068 3744 4143 πρότερον

2094 4154 2193 4221 τῆς
2253 4153 2470 4230 ἐρεύνης
2527 4156 2890 4227 παυσώμεθα,
2946 4153 3053 4218 ἓως
3112 4155 3174 4210 οὗ
3229 4154 3321 4211 τὸν
3381 4155 3750 4232 προκείμενον

2096 4244 2332 4299 πλοῦτον
2375 4246 2614 4318 γνησίως
2664 4244 3063 4318 ἀναλεξώμεθα.
3116 4247 3212 4300 Διᾶ
3261 4249 3423 4300 τοῦτο
3477 4245 3569 4301 καὶ
3619 4247 3757 4301 κατᾶ

2093 4333 2238 4403 τάξιν
2284 4332 2374 4386 τὸν
2426 4332 2817 4408 εὐαγγελιστήν
2868 4332 3256 4409 ἀνιχνεόσομεν
3288 4336 3421 4408 (58),
3448 4331 3542 4389 ἵνα
3572 4333 3747 4407 μηδὲν

2093 4423 2200 4475 τῶν
2247 4419 2540 4497 ὲπικερδῶν
2590 4420 3027 4495 καταλείπωμεν.
3076 4422 3138 4477 Εἰ
3186 4422 3286 4498 γὰρ
3334 4422 3426 4477 καὶ
3482 4425 3653 4494 μικρᾶ
3699 4424 3751 4477 ἐν

2095 4510 2411 4587 προοιμίοις
2442 4511 2509 4564 τὰ
2618 4532 2779 4583 ματα,
2813 4510 2938 4567 ἀλλ’
2988 4510 3140 4584 ὅμως
3193 4509 3407 4585 μεγάλα
3434 4515 3539 4575 τῆς
3570 4520 3750 4587 χαρᾶς

2094 4602 2160 4655 τὰ
2193 4601 2688 4674 μυσταγωγήματα.
2742 4598 2838 4654 Καὶ
2892 4596 3085 4672 μηδεὶς
3135 4597 3403 4672 ἀκηὸιάσῃ
3454 4604 3535 4672 τῷ
3570 4600 3745 4675 λόγῳ,

2100 4689 2267 4762 μικρᾶ
2308 4688 2377 4743 τὰ
2421 4686 2937 4764 παραναγνωσθέντα
2973 4689 3043 4758 τῇ
3088 4687 3224 4761 ἀκοῇ
3270 4684 3563 4760 δεξάμενος
3608 4691 3745 4761 (59).

2085 4781 2171 4840 Ὡς
2199 4779 2300 4854 γὰρ
2332 4777 2467 4853 πρὸς
2497 4778 2595 4846 τήν
2638 4775 2869 4849 δύναμιν
2921 4780 3016 4832 τοῦ
3066 4776 3415 4852 γεννηθέντος
3464 4773 3745 4832 Δεσπότου

2087 4868 2252 4941 μικρὰ
2281 4866 2368 4922 καὶ
2402 4864 2607 4942 σφόδρα
2661 4866 2829 4940 μικρὰ
2874 4867 2941 4921 τα
2988 4866 3523 4941 παραναγνωσθὲντα,
3571 4867 3744 4941 σπάρ-

2082 4978 2237 5033 γανα,
2268 4957 2357 5010 καὶ
2403 4955 2598 5033 φάτνη,
2630 4953 2719 5009 καί
2768 4955 2935 5017 τόπος
2988 4950 3390 5024 ἀνεπιτήδειος.
3424 4954 3524 5008 Καὶ
3572 4959 3746 5010 ταῦτα

2086 5046 2180 5118 μὲν
2218 5045 2403 5118 μικρὰ,
2435 5046 2501 5099 τὰ
2545 5041 2602 5099 δὲ
2652 5045 2984 5119 προκείμενα
3036 5044 3287 5117 μυστικά·
3332 5045 3545 5118 γαστὴρ
3578 5045 3739 5119 ἀνερ-

2086 5137 2369 5208 μήνευτος,
2424 5133 2631 5196 κόλπος
2688 5132 3072 5205 ἀκατάληπτος
3121 5134 3255 5207 (60),
3290 5132 3461 5207 μαζὸς
3515 5128 3735 5208 ἆγιὸρι-

2078 5317 2215 5372 dam
2247 5331 2389 5371 mss.
2425 5314 2498 5375 ὡς
2528 5316 2627 5377 τῆς
2660 5311 2772 5369 axx.

2149 5388 2261 5477 Si?)
2289 5386 2453 5477 99th-
2490 5388 2537 5477 ἓν
2570 5388 2629 5477 ἓξ
2660 5382 3071 5477 ἀνιχνειὲσίιιιεν-

2147 5453 2254 5532 (59)
2287 5458 2447 5532 Colb.
2500 5453 2673 5532 1,-2,Δ
2704 5453 3159 5532 προσδεξάμενος.
3197 5457 3426 5532 Ibidem
3465 5456 3610 5513 edit.
3644 5454 3733 5516 Ὠς

2072 5527 2171 5603 γὰρ
2202 5530 2263 5584 τὸ
2293 5528 2449 5603 πρός,
2482 5530 2581 5585 sed
2613 5528 2675 5603 ἶτό
2707 5527 2872 5603 de?“
2900 5530 2959 5587 in
2980 5527 3151 5603 ξαοῘδο
3172 5528 3327 5603 .⁴ν-2’
3378 5602 3383 5603 ν
3477 5563 3515 5603 -’

2286 5598 2443 5675 Culb.
2483 5603 2532 5671 1,
2563 5598 2724 5675 τόκος
2772 5600 2925 5659 am.
2980 5602 3111 5659 Mox
3161 5600 3414 5658 Colbert.
3469 5598 3521 5664 l,
3560 5598 3728 5668 μαζὸς

2073 5669 2277 5747 ἅρὶζοέ.
2312 5673 2473 5731 Colh.
2504 5669 2558 5739 2,
2592 5670 2828 5748 ἄρῥιζος.
