4026 6204
345 343 474 405 945

1338 340 1603 401 SERMO
1651 340 1751 399 DE
1798 335 2363 397 DESCRIPTIONE
2412 333 2794 393 DEIPABE.

3645 333 3762 393 946

351 478 470 545 ζος,
504 470 649 547 γάλα
677 470 977 549 ξενορῥυὲς,
1012 470 1157 542 θήλη
1196 474 1297 540 τῆς
1331 476 1561 547 φυσικῆς
1607 476 1782 542 νομῆς
1833 464 1985 522 ἄλλοι

2117 466 2207 522 lac
2236 466 2471 522 insolito
2504 465 2693 521 ﬂuens
2724 463 2918 530 modo,
2951 462 3215 519 mamilla
3246 480 3279 518 a
3323 462 3573 519 naturali
3603 464 3762 520 ordi-

342 567 495 638 τρία,
528 563 562 631 ἠ
614 563 815 637 Μήτηρ
862 564 964 615 τοῦ
1012 558 1213 637 Κυρίου
1263 559 1637 636 ἑναπόγραφος
1687 561 1797 631 (61)
1844 576 2002 631 γενο-

350 650 513 725 μένη,
546 650 577 707 6
610 651 860 725 μνηστὴρ
895 650 1096 724 Ἰωσήφ
1156 649 1448 723 ὀνόματος,
1481 648 1569 702 καὶ
1630 646 1691 702 οὐ
1748 646 2002 721 πράγμα-

338 761 440 801 τος
468 739 753 794 κοινωνίαν
787 739 1180 811 ἀσπαζόμενος.

415 833 474 885 2.
505 831 733 890 ’Ἠκουες
766 826 964 903 ἀρτίως
984 832 1078 883 τοῦ
1102 827 1481 904 εὐαγγελιστοῦ
1506 830 1687 880 Λουκᾶ
1716 822 1997 900 λὲγοντος·

348 941 377 973 ι
440 919 530 975 Ἐν
588 923 705 979 ταῖς
763 916 996 994 ἡμέραις
1054 915 1279 978 ἐκείναις
1350 915 1541 987 ἐξῆλθε
1616 912 1791 989 δόγμα
1856 914 2001 988 παρά

344 1005 611 1081 Καίσαρος
658 1005 995 1080 Αὐγούστου,
1060 1005 1459 1083 ἀπογράφεσθαι
1529 1006 1701 1058 πᾶσαν
1760 1004 1857 1071 τῆν
1918 1002 1998 1055 οἰ-

338 1094 642 1168 κουμένην.
674 1094 820 1165 Αὕτη
863 1095 897 1163 ἡ
950 1094 1236 1172 ἀπογραφὴ
1292 1094 1481 1169 πρώτη
1525 1092 1754 1167 ἐγένετο,
1786 1092 1998 1166 ἡγεμο-

338 1185 593 1245 νεύοντος
623 1190 724 1252 τῆς
756 1182 955 1257 Συρίας
1008 1182 1301 1257 Κυρηνίου.
1337 1182 1433 1236 Καὶ
1492 1181 1813 1257 ἐπορεύοντο
1864 1178 1998 1233 πάν-

340 1293 433 1335 τες
493 1273 919 1349 ἀπογράφεσθαι,
967 1268 1189 1333 ἕκαστος
1251 1270 1325 1332 εἷς
1394 1272 1489 1339 τὴν
1566 1270 1755 1323 ἑαυτοῦ
1811 1267 1997 1323 πόλιν.

343 1361 651 1437 Ἐπορεύθη
703 1358 761 1415 δὲ
801 1362 890 1415 καὶ
924 1361 1124 1436 Ἰωσὴφ
1183 1359 1242 1414 ἐκ
1296 1359 1398 1425 τῆς
1451 1355 1745 1413 Γαλιλαίας
1794 1356 1853 1411 ἐκ
1893 1352 1999 1409 πό-

346 1450 491 1511 λεως
549 1450 822 1525 Ναζαρὲθ,
885 1448 961 1510 είς
1016 1450 1113 1517 τῆν
1176 1445 1434 1505 Ἰουδαίαν
1490 1450 1644 1520 (62),
1706 1446 1780 1507 εἷς
1838 1444 1999 1500 πόλιν

344 1534 537 1611 Δαϐὶδ,
570 1539 690 1608 ἥτις
718 1538 962 1593 καλεῖται
992 1537 1265 1611 Βηθλεὲμ,
1299 1534 1388 1592 διὰ
1432 1537 1495 1590 τὸ
1547 1536 1680 1590 εἶναι
1739 1534 1894 1589 αὐτὸν
1946 1534 1995 1606 ἐξ

342 1627 502 1683 οἴκου
529 1628 619 1683 καὶ
664 1634 894 1701 πατριᾶς
944 1622 1133 1695 Δαϐὶδ,
1167 1627 1569 1701 ἀπογράφεσθαι
1620 1624 1712 1679 συν
1770 1624 1999 1699 Μαριὰμ

336 1722 410 1791 τῇ
468 1718 915 1790 μεμνηπευμένῃ
962 1715 1108 1786 αὐτῷ
1154 1715 1384 1791 γυναικὶ,
1433 1712 1564 1785 οὔσῃ
1611 1712 1806 1789 ἐγκύῳ.
1843 1739 1868 1765 ››
1902 1713 1993 1770 Εἶ-

341 1804 431 1867 δες
462 1811 580 1867 πῶς
617 1806 783 1879 μικρά
807 1806 874 1860 τὰ
927 1804 1166 1881 ῥήματα,
1200 1804 1289 1858 καὶ
1344 1803 1553 1879 μεγάλα
1597 1804 1665 1857 τὰ
1717 1824 1997 1877 μυσταγω-

341 1898 608 1970 γήματα;
668 1896 729 1952 Ὀ
780 1895 981 1970 Κύριος
1026 1893 1396 1970 ἐκυοφορεῖτο,
1448 1896 1537 1947 καί
1597 1892 1787 1968 πρώτη
1856 1892 1996 1947 ἀπο-

348 1986 533 2062 γραφὴ
568 1983 936 2057 ἐνομοθετεῖτο
980 1984 1008 2037 6
1040 1989 1209 2038 πᾶσαν
1256 1983 1354 2050 τήν
1404 1982 1573 2037 κτίσιν
1625 1981 1991 2059 ἐναπόγραφον

348 2072 519 2148 ἔχων,
550 2071 640 2127 καέ
696 2074 833 2148 πρὸς
887 2071 1014 2134 τοὺς
1074 2073 1262 2127 ἑαυτοῦ
1298 2072 1539 2145 μαθητὰς
1571 2072 1762 2149 φήσαιτ’
1799 2094 1826 2122 ι(
1859 2070 1992 2125 Χαί-

348 2182 469 2237 ρετε
523 2163 613 2216 καὶ
670 2159 1023 2237 ἀγαλλιᾶσθε,
1057 2160 1137 2216 ὅτι
1195 2162 1261 2215 τὰ
1314 2160 1551 2234 ὀνόματα
1602 2160 1752 2232 ὑμῶν
1784 2159 1987 2237 ἐγράφη

344 2250 397 2305 ἐν
427 2257 546 2314 τοῖς
578 2250 824 2327 οὐρανοῖς
858 2253 990 2325 (63).
1029 2275 1057 2302 ››
1090 2252 1177 2308 Ἐν
1220 2255 1337 2312 τοῖς
1400 2254 1614 2326 μικροῖς
1664 2250 1990 2321 Ῥωμαϊκοῖς

343 2338 533 2413 κώδιξι
588 2341 687 2409 τῆν
756 2341 945 2395 ἑαυτοῦ
1023 2341 1231 2413 μητερα
1304 2339 1676 2416 ἐναπόγραιρον
1748 2340 1988 2413 γενέσθαι

340 2430 662 2503 συνεχώρει,
721 2429 816 2491 Τίς
871 2431 947 2501 μὴ
1009 2426 1398 2502 λαλήσῃ;Τίς
1454 2430 1527 2501 μή
1589 2428 1836 2502 θαυμάσῃ
1885 2430 1983 2497 τὴν

338 2522 435 2571 τοῦ
468 2518 670 2587 Κυρίου
702 2512 1090 2592 συγκατάϐιοσιν
1121 2537 1133 2587 ;
1166 2524 1315 2572 ’Ἃνω
1357 2514 1662 2593 ἐλεύθερος,
1694 2517 1782 2571 καὶ
1839 2519 1986 2572 κάτω

338 2606 732 2683 hand-{parpar
769 2604 879 2660 ἄνω
922 2606 1068 2676 Υἱὸς,
1099 2605 1188 2660 καὶ
1237 2606 1384 2660 κάτω
1428 2602 1645 2667 δοῦλος
1682 2604 1792 2660 ἄνω
1843 2607 1989 2681 βασι-

339 2693 488 2761 λεὺς,
520 2694 609 2748 καὶ
641 2695 786 2749 κάτω
821 2693 1112 2767 μισθωτός
1147 2692 1257 2749 ἅνω
1286 2693 1571 2765 πλούσιος,
1603 2694 1692 2749 καὶ
1721 2694 1867 2749 κάτω
1912 2693 1987 2749 ἐν·

338 2782 488 2853 δίης·
523 2780 634 2837 ἄνω
665 2782 1157 2858 προσκυνούμενος,
1189 2781 1277 2838 καὶ
1309 2783 1454 2837 κάτω
1486 2782 1982 2861 φορολογούμενοςο

335 2870 451 2926 ἂνω
484 2872 659 2935 θεϊκὸς
692 2872 903 2941 θρόνος,
925 2870 1014 2926 καὶ
1044 2870 1190 2925 κάτω
1213 2873 1521 2946 ἀγροικικὸν
1558 2871 1848 2942 σπήλαιον
1872 2873 1984 2927 ἅνω

334 2962 363 3014 ὁ
396 2964 653 3035 πατρῷος
678 2960 769 3015 καὶ
800 2958 1181 3030 ἁκατάληπτος
1212 2960 1440 3028 κόλπος,
1473 2961 1558 3015 καὶ
1590 2962 1737 3014 κάτω
1782 2962 1984 3035 ἀλογο-

314 3055 587 3126 ’τροφεῖον
625 3049 947 3123 μικρὸν,καὶ
980 3052 1196 3127 φάτνιον
1228 3052 1363 3121 (64).
1385 3048 1481 3111 Τίς
1511 3050 1586 3122 μὴ
1620 3051 1869 3122 Οαυμάση
1897 3070 1987 3122 με-

330 3136 477 3213 γάλα
536 3135 645 3192 ἄνω
702 3138 1016 3215 πράγματα,
1050 3138 1138 3192 καὶ
1201 3138 1368 3214 μικρὰ
1405 3136 1552 3192 κάτω
1583 3140 1857 3213 σπάργανα
1883 3158 1895 3207 ;
1924 3139 1984 3196 Ὀ

2112 572 2183 611 ne
2213 556 2424 623 aliena,
2461 555 2648 610 Mater
2676 552 2907 609 Domini
2956 569 3136 608 censu
3186 552 3499 622 descripta,
3544 553 3760 625 Joseph

2110 662 2365 717 sponsus
2396 644 2652 711 nomine,
2687 659 2791 698 nec
2823 659 2884 698 re
2918 640 3208 698 consortio
3242 640 3475 697 fruitur.

2180 826 2233 878 2.
2266 822 2493 879 Audisti
2526 823 2698 878 modo
2729 823 2941 877 Lucam
2969 821 3390 894 evangelistam
3423 820 3712 876 dicentem
3744 838 3757 877 :

2111 936 2138 964 κ
2172 918 2236 967 ln
2268 913 2476 968 diebus
2507 910 2623 967 illis
2657 928 2669 966 :
2704 912 2839 967 exiit
2885 912 3138 967 edictum
3164 929 3196 966 a
3220 912 3443 967 Caesare
3471 913 3758 983 Augusto,

2113 1007 2175 1058 ut
2204 1002 2631 1058 describeretur
2681 1001 2990 1056 universus
3039 1001 3216 1055 orbis.
3268 1001 3400 1055 Haec
3448 999 3761 1071 descriptio

2110 1093 2301 1165 prima
2345 1092 2496 1146 facta
2553 1095 2641 1147 est
2689 1091 2799 1146 sub
2849 1090 3094 1161 praside
3147 1088 3320 1161 Syrian
3370 1088 3631 1161 Cyrenio.
3691 1090 3761 1144 Et

2108 1182 2273 1236 ibant
2300 1198 2507 1236 omnes
2534 1184 2599 1235 ut
2632 1180 3062 1251 profiterentur,
3087 1178 3305 1250 singuli
3327 1179 3385 1233 in
3417 1195 3584 1234 suam
3618 1178 3756 1233 civi-

2108 1274 2308 1325 tatem.
2344 1270 2644 1324 Profectus
2674 1274 2763 1323 est
2793 1274 2989 1323 autem
3023 1272 3079 1322 et
3107 1268 3327 1339 Joseph
3358 1285 3392 1322 a
3425 1266 3658 1322 Galilzea
3687 1268 3758 1323 de

2108 1359 2337 1414 civitate
2357 1358 2636 1415 Nazareth
2656 1358 2712 1412 in
2733 1357 3019 1422 Judazam,
3036 1357 3093 1411 in
3118 1358 3409 1413 civitatem
3434 1356 3609 1411 David
3632 1374 3756 1426 qua:

2107 1456 2345 1503 vocatur
2371 1446 2689 1513 Bethleem,
2722 1463 2787 1501 eo
2833 1446 2988 1517 quod
3033 1449 3189 1501 esset
3236 1446 3306 1500 de
3354 1445 3527 1501 domo
3576 1449 3630 1500 et
3676 1447 3759 1500 fa-

2109 1536 2271 1592 milia
2298 1536 2501 1604 David,
2534 1540 2598 1591 ut
2628 1535 3003 1608 proﬁteretur
3029 1552 3160 1590 cum
3194 1534 3376 1590 Maria
3406 1536 3762 1606 desponsata

2109 1626 2220 1681 sibi
2256 1642 2432 1681 uxore
2482 1630 2821 1697 praegnante
2851 1626 2914 1677 5°.
2972 1647 2992 1673 ι
3047 1622 3276 1690 Viden’,
3327 1640 3503 1695 quam
3554 1623 3763 1694 exigua

2106 1716 2301 1781 verba,
2335 1732 2511 1788 quam
2567 1731 2783 1786 magna
2832 1712 3111 1785 mysteria
3133 1712 3161 1767 ‘P
3190 1712 3466 1768 Dominus
3505 1712 3563 1767 in
3598 1717 3760 1767 utero

2105 1809 2391 1875 gestatur,
2425 1808 2482 1858 et
2513 1804 2706 1876 prima
2735 1802 3055 1875 descriptio
3088 1801 3350 1858 edicitur.
3386 1801 3496 1866 Qui
3531 1801 3761 1857 univer-

2107 1909 2233 1949 sam
2265 1896 2591 1948 creaturam
2626 1890 2984 1962 descriptam
3007 1888 3431 1960 habet,quique
3454 1887 3760 1959 discipulis

2104 1981 2250 2049 suis,
2284 1980 2365 2036 ait
2398 1997 2410 2035 ε
2450 2002 2476 2032 ‹‹
2502 1982 2758 2036 Gaudete
2790 1986 2847 2035 et
2877 1978 3185 2045 exsultate,
3219 1979 3358 2049 quia
3388 1977 3628 2032 nomina
3656 1994 3757 2031 vc-

2102 2075 2227 2126 stra
2253 2070 2469 2142 scripta
2499 2074 2640 2125 sunt
2678 2069 2738 2123 in
2789 2068 2949 2124 caelis
2998 2069 3066 2138 δι,
3100 2092 3129 2119 ››
3180 2068 3237 2122 in
3289 2066 3483 2139 parvis
3534 2066 3754 2121 Latinis

2101 2159 2399 2215 codicibus
2446 2158 2690 2214 Matrem
2740 2175 2909 2214 suam
2968 2157 3217 2213 describi
3269 2155 3575 2212 concessit.
3611 2155 3751 2220 Quis

2100 2264 2216 2304 non
2249 2246 2568 2319 loquatur?
2599 2247 2736 2312 Quis
2769 2264 2884 2303 non
2918 2245 3167 2302 miretur
3198 2245 3483 2301 humilem
3519 2243 3747 2299 Domini

2097 2335 2685 2406 attemperatiunem?
2722 2336 2971 2391 Sursum
3022 2336 3187 2404 liber,
3246 2335 3519 2390 deorsum
3568 2348 3745 2388 censu

2095 2425 2425 2498 descriptus
2457 2441 2472 2482 :
2500 2442 2737 2481 sursum
2770 2423 2972 2493 Filius,
3006 2425 3278 2481 deorsum
3320 2440 3523 2480 servus
3556 2438 3569 2476 :
3612 2439 3741 2477 sur-

2095 2530 2228 2571 sum
2286 2532 2405 2582 rex,
2462 2517 2731 2571 deorsum
2788 2514 3230 2570 mercenarius:
3285 2529 3526 2569 sursum
3560 2511 3742 2579 dives,

2095 2604 2370 2660 deorsum
2402 2620 2621 2676 egenus
2646 2621 2657 2658 :
2679 2620 2919 2659 sursum
2953 2604 3528 2674 adoratur,deorsum
3559 2601 3746 2656 tribu—

2092 2696 2220 2749 tum
2257 2695 2473 2751 solvit:
2530 2711 2769 2751 sursum
2830 2694 3063 2749 divinus
3114 2694 3403 2759 Athonus,
3457 2693 3735 2747 deorsum

2093 2784 2374 2855 spelunca
2412 2784 2629 2840 rustica
2680 2801 2693 2839 :
2744 2800 2983 2838 sursum
3017 2786 3294 2854 paternus
3325 2786 3383 2837 et
3414 2779 3751 2851 incompre-

2093 2871 2401 2929 hensibilis
2430 2872 2901 2940 sinus,deorsum
2928 2871 3227 2927 stabulum
3255 2885 3500 2942 parvum
3527 2873 3584 2925 et
3604 2885 3751 2940 prac-

2095 2978 2251 3034 sepe.
2272 2963 2413 3026 Quis
2436 2978 2550 3017 non
2585 2960 2897 3016 mirabitur
2930 2976 3173 3032 magnas
3205 2976 3444 3015 sursum
3475 2961 3655 3028 res,et
3673 2956 3752 3010 vi-

2095 3050 2178 3106 les
2201 3052 2477 3106 deorsum
2503 3053 2769 3122 pannos?
2790 3049 2895 3113 Qui
2920 3049 3109 3119 solvit,
3134 3048 3349 3122 ligatur
3373 3065 3385 3101 :
3419 3048 3518 3119 qui
3546 3045 3752 3111 nutrit,

2093 3140 2387 3195 enutritur
2422 3156 2436 3194 :
2471 3137 3106 3211 incomprehensibilis,
3142 3154 3288 3209 puer
3322 3141 3604 3208 apparet:
3650 3132 3753 3205 qui

332 3224 484 3281 λύων
518 3212 756 3282 ἔιδέδιετοο⁷
783 3228 811 3281 ὁ
841 3226 1049 3306 τρέφων
1083 3212 1352 3304 ἐτρέφετοο
1387 3227 1414 3280 ὁ
1451 3212 1832 3297 ἀκατάληπτος
1860 3249 1985 3281 παιο

2100 3228 2287 3283 fontes
2317 3228 2601 3283 scaturire
2633 3226 2788 3295 facit,
2823 3228 3005 3282 ubera
3036 3231 3343 3281 mutuatur
3377 3243 3389 3281 :
3426 3224 3522 3296 qui
3558 3222 3755 3279 omnia

329 3312 451 3370 δίον
480 3314 743 3390 ἐφαίνετοο
768 3316 797 3370 6
827 3317 1004 3392 πηγὰς
1038 3315 1294 3371 ἀπολύων
1331 3318 1440 3389 (65)
1474 3317 1639 3388 μαζὸν
1666 3313 1980 3385 ἐδανείζετο·

327 3407 357 3460 6
392 3404 569 3460 πάντα
623 3404 821 3483 φέρων,
873 3404 1284 3481 ἆνερμηνεύτως
1345 3404 1582 3483 ἐφέρετω
1637 3406 1665 3459 6
1726 3402 1984 3478 μηδαμοῦ

326 3492 857 3567 ἀπολιμπανόμενος
904 3492 956 3547 ἐν
1002 3495 1152 3570 μέρει
1194 3493 1609 3570 ἀπεριγράπτως
1652 3494 1982 3571 περιγραφό-

329 3602 513 3655 μενος.
543 3591 605 3637 Ὤ
648 3587 755 3638 τῶν
806 3580 1123 3658 παραδόξων
1183 3583 1515 3658 πραγμάτων
1546 3584 1557 3638 i
1587 3585 1644 3639 'll
1698 3578 1981 3639 Ἐλισάϐετ

325 3670 380 3727 ἒν
418 3671 647 3745 οἰκίσκῳ
676 3670 889 3749 φαιδρῷ
920 3671 1216 3745 ἆπεκύησε,
1249 3671 1338 3726 καὶ
1390 3673 1423 3741 ἠ
1476 3670 1746 3747 Παρθένος
1803 3670 1854 3726 ἐν
1904 3676 1982 3744 τῷ

329 3765 517 3834 μικρῷ
575 3758 834 3833 σπηλαίῳ
892 3759 1168 3837 ἐγέννησεν
1205 3779 1218 3795 ·
1281 3759 1538 3829 Ἰωάννης
1616 3760 1702 3815 ἐπὶ
1764 3758 1979 3831 κλίνης,

326 3850 424 3904 καὶ
450 3850 479 3903 6
508 3848 705 3925 Κύριος
736 3850 786 3904 ἐν
819 3848 1008 3927 φάτνῃ.
1043 3848 1166 3925 Οὐχ
1206 3847 1395 3911 ἁπλῶς
1445 3850 1479 3919 ἠ
1529 3854 1627 3905 τοῦ
1678 3849 1879 3923 Κυρίου
1924 3848 1983 3903 ἐκ

327 3939 606 4011 Παρθένου
664 3938 929 4013 γέννησις
965 3937 1074 4013 οὐχ
1122 3936 1312 4000 ἁπλῶς
1370 3939 1438 3993 τὰ
1488 3943 1605 4001 τοῖς
1658 3938 1978 4014 σπαργάνοις

324 4026 490 4082 αὐτὸν
548 4024 958 4097 κατειληθῆναι·
994 4026 1101 4103 οὐχ
1158 4025 1349 4088 ἁπλῶς
1406 4028 1470 4082 τὸ
1522 4028 1687 4100 μαζὸν
1736 4026 1977 4082 ἐλκῦσαι·

326 4115 442 4191 οὐχ
471 4115 662 4178 ἁπλῶς
690 4116 753 4170 τὸ
780 4115 831 4171 ἂν
876 4114 1047 4194 φάντη
1080 4115 1435 4185 ἀνακλιθῆναι
1464 4119 1603 4189 (66)·
1640 4116 1746 4191 οὐχ
1790 4115 1979 4179 ἁπλῶς

324 4206 390 4260 τὸ
420 4208 489 4270 τῆ
521 4208 617 4259 τοῦ
647 4204 960 4281 Αὐγούστου
992 4206 1285 4282 ἀπογραφῇ
1336 4204 1775 4277 προσκληθῆναιο
1808 4205 1980 4259 πάντα

325 4292 422 4349 διὰ
447 4295 524 4364 τί,
555 4295 647 4349 καὶ
702 4296 837 4369 πρὸς
881 4294 957 4364 τὶ,
986 4294 1076 4349 καὶ
1125 4291 1529 4370 αἰνιγματώδη.
1565 4295 1659 4351 Ἐκ
1705 4296 1978 4369 Παρθένου

320 4383 582 4455 τίκτεται,
612 4382 704 4439 ἵνα
730 4383 821 4439 τὸν
882 4383 940 4438 ἐκ
996 4384 1272 4459 Παρθένου
1327 4390 1431 4458 γῆς
1492 4382 1978 4459 χοοπλαστηθέντα

323 4472 757 4547 πρωτόπλαστον
798 4470 975 4546 Ἀδὰμ
1023 4470 1410 4548 διορθώσηται.
1464 4472 1796 4548 Σπαργάνοις
1848 4494 1975 4527 κατ-

2096 3321 2305 3389 gestat,
2340 3315 2734 3388 inexplicabili
2769 3316 2942 3371 modo
2968 3320 3234 3387 gestatur
3266 3331 3278 3369 :
3314 3313 3413 3386 qui
3455 3328 3749 3384 nusquam

2095 3421 2209 3460 non
2241 3404 2419 3471 est,in
2451 3409 2605 3460 certo
2628 3403 2753 3459 loco
2786 3403 3295 3475 incircumscripte
3320 3400 3748 3458 circumscribi-

2092 3500 2207 3549 tur.
2230 3494 2274 3549 Ο
2305 3510 2397 3549 res
2427 3493 2786 3565 stupendae!
2824 3492 3080 3549 Elisabet
3108 3493 3167 3547 in
3198 3491 3483 3548 concinna
3501 3489 3745 3545 aedicula

2093 3583 2265 3655 parit,
2298 3586 2355 3639 et
2381 3582 2556 3655 Virgo
2606 3582 2663 3637 in
2704 3599 2884 3654 parva
2913 3582 3105 3654 gignit
3130 3581 3411 3653 spelunca
3444 3598 3456 3635 :
3487 3580 3743 3635 Joannes

2092 3672 2149 3726 in
2180 3672 2351 3741 lecto,
2379 3671 2663 3729 Dominus
2694 3671 2754 3726 in
2785 3671 3087 3743 praesepio.
3122 3671 3245 3726 Non
3279 3671 3406 3726 sine
3436 3685 3609 3724 causa
3631 3667 3743 3722 Do-

2091 3760 2289 3817 minus
2318 3778 2388 3817 ex
2421 3760 2655 3833 Virgine
2686 3765 2860 3816 natus
2885 3777 2896 3815 :
2923 3776 3039 3815 non
3066 3759 3192 3815 sine
3220 3776 3398 3815 causa
3428 3756 3637 3829 pannis
3660 3756 3744 3811 in-

2090 3852 2322 3906 velutus
2351 3854 2441 3905 est
2472 3866 2485 3905 :
2521 3866 2626 3906 nec
2654 3849 2780 3905 sine
2807 3866 2981 3905 causa
3010 3848 3336 3903 mamillam
3369 3845 3526 3903 suxit
3557 3863 3570 3901 :
3623 3862 3742 3901 non

2091 3940 2217 3994 sine
2274 3955 2449 3994 causa
2493 3938 2553 3993 in
2600 3937 2881 4010 praesepio
2933 3936 3252 3993 reclinatus
3303 3940 3437 3991 est:
3481 3951 3585 3990 nec
3615 3934 3744 3991 sine

2090 4045 2269 4083 causa
2298 4026 2549 4099 Augusti
2592 4027 2983 4098 descriptione
3024 4025 3245 4081 accitus
3289 4029 3414 4090 est;
3447 4022 3647 4079 omnia
3675 4040 3745 4077 ex

2089 4120 2244 4172 certa
2274 4132 2452 4171 causa
2476 4120 2531 4170 et
2559 4115 2805 4182 ratione,
2829 4115 2938 4171 etsi
2965 4114 3215 4184 occulta,
3240 4118 3476 4186 peracta
3497 4112 3743 4167 sunt.Ex

2090 4205 2328 4277 Virgine
2378 4206 2657 4272 nascitur,
2693 4208 2756 4260 ut
2785 4204 3044 4276 primum
3095 4203 3397 4260 hominem
3446 4202 3627 4257 Adam
3672 4216 3741 4256 ex

2089 4295 2230 4350 limo
2259 4294 2503 4366 virginis
2531 4298 2701 4349 terra:
2732 4295 3048 4350 formatum
3080 4294 3376 4349 reformet.
3409 4291 3623 4346 Pannis
3654 4290 3739 4345 in-

2089 4383 2352 4451 volvitur,
2390 4387 2452 4437 ut
2495 4387 2865 4454 peccatorum
2915 4386 3252 4438 nostrorum
3296 4397 3478 4437 nexus
3528 4378 3733 4445 solvat,

2086 4472 2319 4528 vincula
2374 4471 2629 4528 vinculis
2682 4471 2934 4540 solvens,
2989 4472 3159 4542 juxta
3231 4470 3451 4526 dictum
3511 4468 3657 4523 illud
3720 4485 3732 4522 :

321 4560 567 4633 είληται,
594 4559 685 4617 ’ίνα
731 4562 824 4624 τὰς
874 4562 1053 4638 σειρὰς
1097 4566 1202 4617 τῶν
1246 4562 1525 4638 ἁμαρτιῶν
1558 4562 1716 4632 ἡμῶν
1751 4559 1974 4631 ἐκλύση,

2102 4584 2115 4613 ‹
2153 4562 2568 4634 Unusquisque
2591 4562 2773 4617 .enim
2805 4560 3055 4617 vinculis
3087 4566 3458 4633 peccatorum
3492 4574 3735 4613 suorum

321 4650 503 4723 δεσμᾶ
532 4648 752 4724 δεσμοῖς
785 4649 952 4721 λύων,
985 4651 1120 4706 κατά
1147 4651 1211 4705 τὸ
1241 4651 1440 4728 φάσκον
1476 4650 1659 4727 ῥητόν.
1700 4674 1727 4699 ‹‹
1758 4655 1973 4725 Σειραῖς

320 4742 429 4817 γὰρ
469 4745 577 4795 τῶν
634 4741 823 4796 ἑαυτοῦ
878 4741 1157 4814 ἁμαρτιῶν
1207 4737 1429 4802 ἕκαστος
1463 4738 1756 4817 σφίγγεται.
1794 4763 1820 4790 ››
1855 4740 1973 4795 Μα-

321 4830 417 4899 rev
447 4827 711 4901 εἵλκυσεν,
738 4828 831 4885 ’ίνα
880 4830 943 4885 τὸ
1000 4828 1144 4904 γάλα
1199 4836 1300 4899 τῆς
1358 4830 1582 4905 χάριτος
1618 4828 1807 4902 βρόσῃ,
1842 4826 1972 4902 ὅπερ

321 4919 384 4973 ἐκ
437 4925 537 4988 τῆς
596 4918 797 4981 οἰκείας
852 4917 1091 4994 πλευρᾶς
1155 4913 1420 4974 ἀνίϐλυσε
1478 4922 1611 4992 (67)·
1673 4917 1813 4992 γάλα
1868 4916 1970 4993 γὰρ

394 5071 439 5106 ⁵ο
467 5070 605 5126 Luc.
642 5087 705 5140 ιι,
742 5072 853 5127 1-5.
928 5071 972 5107 δι
1010 5070 1145 5127 Luc.
1180 5086 1237 5142 x,
1271 5070 1361 5126 20.
1438 5070 1483 5106 ⁸⁵³
1518 5070 1680 5128 Prov.
1713 5086 1769 5140 ν,
1800 5071 1889 5123 22.

542 5238 702 5317 ροιι).
740 5241 795 5317 ,
826 5237 875 5293 ἐν
899 5237 1272 5317 anapaesti;

394 5314 509 5383 (62)
542 5312 690 5374 Hinc.
724 5310 798 5370 εἷς
853 5310 951 5379 τὴν
998 5309 1288 5383 Ἰουδαίαν,
1322 5313 1537 5368 desunt
1591 5310 1651 5368 in
1684 5310 1971 5370 Colberti-

317 5381 409 5458 no:
429 5381 634 5458 tet}.
678 5384 835 5438 Infra
845 5383 1060 5458 iidem,
1093 5381 1522 5458 ἀπογράψασθαι.

393 5409 397 5431 ι
434 5405 455 5436 1
494 5405 552 5437 et.
580 5405 634 5439 ι.
678 5405 835 5438 intra
862 5405 1060 5452 unum,
1093 5405 1198 5438 απο
1238 5405 1522 5458 ραψασυαι.

393 5454 511 5540 (63)
542 5455 636 5509 Sic
668 5470 813 5512 mss.
844 5455 997 5511 Editi
1028 5471 1183 5526 vero,
1202 5405 1266 5510 ἷν
1309 5459 1389 5528 τῷ
1440 5454 1669 5530 οὐρανῷ,
1698 5459 1815 5517 τοῖς
1868 5474 1970 5527 μα-

316 5545 496 5581 κροις.

357 5544 508 5668 ρῖὲῗί)
541 5595 701 5683 σεεμ).
738 5597 789 5664 1,
819 5597 874 5683 ξ,
902 5599 1012 5683 ῖῶν
1042 5594 1254 5683 ἀλόγων
1393 5596 1559 5683 rising
1609 5595 1789 5683 τρύτιμ
1844 5596 1967 5683 and-

316 5666 541 5730 παυσις.
600 5666 696 5730 Τίς
767 5667 843 5741 μὴ
920 5666 1201 5744 θαυμάσει,
1255 5666 1336 5732 τίς
1533 5666 1824 5743 ἔκπλαγείη
1887 5666 1968 5723 ὅτι

2087 4650 2509 4722 constringitur
2537 4649 2601 4705 δ’.
2636 4672 2665 4700 ‹‹
2710 4648 3026 4705 Mamiliam
3072 4649 3248 4718 suxit,
3280 4652 3346 4704 ut
3389 4647 3590 4720 gratiae
3620 4646 3731 4715 lac,

2086 4740 2242 4811 quod
2268 4757 2337 4795 ex
2366 4739 2542 4794 latere
2574 4738 2976 4809 ejus,efﬂuxit,
3008 4740 3318 4794 scaturiret
3349 4754 3361 4791 :
3397 4736 3543 4791 nihil
3575 4736 3732 4791 enim

2085 4827 2242 4883 aliud
2274 4827 2363 4884 lac
2394 4831 2501 4895 est,
2528 4827 2649 4899 nisi
2694 4827 2937 4899 sanguis
2969 4826 3269 4882 albescens
3301 4843 3313 4880 :
3350 4826 3407 4880 in
3451 4824 3733 4898 prasepio

2085 4916 2402 4973 reclinatus
2436 4920 2544 4984 est,
2570 4921 2633 4972 ut
2665 4916 2992 4972 humanum
3023 4931 3210 4987 genus
3239 4915 3549 4971 brutorum
3574 4930 3734 4971 more

2087 5261 2456 5386 ένῗέεωοιι).
2522 5310 2573 5381 ι,
2631 5314 2685 5382 2,
2746 5310 2922 5385 πηγὰς
2989 5306 3190 5386 βρύων.
3252 5309 3409 5366 Infra
3465 5309 3625 5366 Colb.
3672 5312 3729 5378 2,

2085 5383 2504 5457 ἆπερίγρατιτος.

2162 5402 2504 5510 εὲιγραπτος.

2154 5458 2169 5525 (
2209 5455 2454 5539 6)£olb.
2494 5455 2542 5523 1,
2575 5458 2629 5523 2,
2663 5450 3003 5524 ἀνατεθῆναι.
3063 5454 3221 5510 Infra
3277 5452 3435 5510 C011).
3491 5453 3541 5523 1,
3590 5450 3724 5505 αἰνι-

2080 5522 2407 5599 γματωδῶς.

2157 5599 2269 5670 (67)
2304 5599 2387 5666 ha
2416 5595 2823 5669 manuscripti.
2856 5596 3009 5653 Editi
3040 5613 3193 5667 vero,
3227 5587 3530 5668 ἀνέϐρυσεν.
