4102 6218
353 328 471 387 947

1547 328 1609 387 S.
1659 325 2183 387 ATHANASIUS.
2207 358 2284 368 —
2313 324 2577 386 DUBIA.

3646 325 3762 385 948

352 458 646 531 dcsipiens
704 456 1036 529 corrigeret,
1071 458 1437 529 duorumque
1476 458 1825 513 animalium
1874 472 2005 513 esca

2127 452 2276 509 οὐδὲν
2333 450 2514 525 ἕτερόν
2596 451 2734 508 ἐστιν
2795 454 2829 522 ἢ
2891 456 3028 526 αἷμα
3090 450 3394 507 λευκανθέν.
3454 453 3540 507 Ἐν
3600 452 3765 530 φάτνῃ

356 549 517 603 fieret
552 565 563 601 :
599 563 849 619 quorum
882 547 1129 601 duorum
1177 546 1523 603 animalium
1546 547 1573 601 ?
1613 546 1863 617 Ethnici,
1896 546 2007 601 Ju-

356 637 624 708 daicique
656 635 877 708 populi,
911 637 981 691 de
1013 636 1225 705 quibus
1260 638 1544 709 scriptum
1578 643 1666 692 est
1698 654 1710 690 :
1742 657 1768 689 ιι
1795 637 1852 691 In
1888 654 2008 691 me~

356 726 451 781 dio
503 726 752 780 duorum
806 724 1150 780 animalium
1206 725 1576 797 cognosceris
1609 726 1672 777 ⁸³.
1709 748 1734 775 η
1788 724 2007 780 Descri-

355 814 615 888 ptionem
648 815 757 868 sub
791 816 1054 885 Augusto
1104 813 1326 869 Caesare
1358 814 1619 879 admisit,
1653 823 1711 868 ut
1743 813 2007 868 incondi-

355 909 483 960 tum
533 904 691 959 orbis
751 908 970 959 statum
1025 911 1417 975 componeret.
1472 906 1605 976 Ipsa
1659 903 1875 975 quippe
1906 902 2005 957 de-

355 994 613 1064 scriptio,
650 992 813 1063 probi
848 993 905 1046 in
938 993 1077 1047 orbe
1109 992 1293 1047 futuri
1326 992 1550 1048 ordinis
1592 993 1806 1065 pignus
1840 992 1967 1046 fuit.

2118 540 2513 615 ἀνεκ)ιίθη,⁹ίνα
2558 543 2654 611 τήν
2719 542 2948 618 ἀλογίαν
2992 543 3089 611 τῆς
3141 541 3564 617 ἀνθρωπότητος
3616 540 3765 617 διορ-

2119 635 2381 702 θώστπται,
2433 633 2520 686 καὶ
2564 636 2669 685 τῶν
2722 629 2816 686 δύο
2868 632 3019 701 ζώων
3068 632 3245 709 τροιρὴ
3298 632 3541 706 γένηται’
3595 630 3763 685 ποίων

2119 720 2213 775 δύο
2249 721 2397 790 ζώων
2428 742 2439 789 ;
2473 726 2568 775 τοῦ
2600 720 2805 775 ἐθνικοῦ
2835 722 2925 776 καὶ
2964 726 3060 775 τοῦ
3113 718 3412 775 Ἰουδαϊκοῦ
3459 719 3597 776 λαοῦ
3643 718 3767 796 περὶ

2116 813 2189 864 ῶν
2251 811 2631 886 γὲγραπτανα
2667 811 2749 864 Ἐν
2811 809 2960 883 μέσῳ
3022 807 3116 863 δύο
3178 810 3333 878 ζώων
3392 811 3765 884 γνωσθήσῃ.»

2116 901 2225 967 Τὴν
2262 898 2345 953 ἐπὶ
2381 898 2688 974 Αὐγούστου
2738 898 3003 974 Καίσαρος
3051 898 3374 974 ἀπογραφὴν
3423 896 3764 969 κατεδέξατο,

2111 987 2202 1043 *ίνα
2258 988 2355 1058 τήν
2417 988 2800 1062 οἷκουμενικὴν
2863 988 3074 1059 ἀταξίαν
3149 985 3552 1064 διορθώσηται.
3615 986 3764 1058 Αὕτη

352 1080 451 1157 γὰρ
483 1082 517 1149 ἡ
553 1080 838 1156 ἀπογραφὴ
872 1082 966 1149 τῆς
1001 1079 1384 1152 οἶκουμενικῆς
1419 1079 1656 1150 εὐταξίας
1690 1073 1941 1155 ἀρραϐὼν
1970 1077 2278 1153 γεγένηται.

425 1192 479 1244 3.
515 1191 583 1244 Et
612 1190 767 1260 quod
800 1205 933 1243 vera
963 1189 1083 1243 haec
1125 1190 1260 1254 sint,
1295 1190 1496 1259 paucis
1545 1189 1794 1260 percipe.
1831 1191 2006 1242 Ante-

357 1295 535 1352 quam
556 1277 843 1333 Dominus
868 1277 1040 1331 homo
1062 1278 1559 1344 tieret,bominum
1585 1294 1771 1349 genus
1796 1294 2009 1348 magna

358 1366 623 1439 tyrannis
654 1367 997 1436 occupabat,
1020 1365 1184 1419 nulla
1215 1364 1438 1421 ratione
1460 1372 1617 1421 terra
1639 1366 2009 1437 gubernaba-

360 1466 475 1521 tur,
528 1455 687 1527 regia
730 1454 989 1527 dignitas
1033 1454 1285 1510 ludibrio
1333 1460 1476 1524 erat,
1532 1455 1689 1526 apud
1739 1454 2010 1510 homines

363 1544 580 1599 multos
612 1543 821 1614 ingens
869 1559 1113 1614 regnum
1165 1544 1338 1598 turba
1380 1544 1748 1599 exoriebatur
1782 1561 1794 1598 :
1829 1544 1877 1598 si
1917 1542 2010 1597 cui

364 1638 532 1689 erant
562 1638 799 1687 centum
850 1633 1081 1687 circiter
1109 1632 1377 1688 homines
1432 1632 1671 1699 subditi,
1705 1632 1930 1704 regium
1961 1631 2013 1687 is

365 1724 476 1779 sibi
519 1722 784 1776 habitum
816 1722 1092 1777 continuo
1125 1723 1467 1793 usurpabat.
1490 1721 1649 1777 Talis
1673 1726 1800 1777 erat
1828 1720 2013 1777 homi-

366 1828 509 1867 num
542 1811 695 1866 346
730 1826 925 1881 pugna
958 1828 971 1865 :
1006 1826 1139 1866 cum
1172 1816 1461 1866 certorum
1500 1811 1760 1866 locorum
1792 1809 2011 1882 princi-

365 1907 538 1973 patus
570 1899 879 1966 ambirent,
914 1916 1019 1955 nec
1048 1917 1117 1955 ex
1163 1899 1288 1955 loco
1331 1901 1650 1956 transirent
1678 1901 1736 1954 in
1792 1899 1971 1953 alium
1998 1916 2011 1965 ;

366 1991 480 2045 nisi
511 1990 866 2061 quandoque
897 1990 1011 2044 sibi
1044 1993 1249 2043 mutuo
1281 1989 1500 2043 bellum
1532 1988 1836 2043 inferrent.
1869 1990 2013 2042 Cum

367 2079 589 2135 diutius
612 2079 901 2149 ejusmodi
928 2078 1192 2134 confusio
1219 2077 1742 2149 perseveraret,ubi
1760 2076 2015 2148 primum

370 2169 646 2224 Dominus
698 2167 756 2221 in
807 2173 960 2223 terra
989 2167 1319 2239 virgineum
1371 2167 1681 2238 occupavit
1712 2165 2016 2237 palatium,

373 2255 691 2329 permultos
714 2255 844 2311 illos
869 2254 1117 2311 abstulit
1139 2255 1594 2326 principatus,ac
1618 2254 2017 2309 monarcbiam

371 2344 1163 2412 instituit,ubiRomauorum
1195 2342 1505 2414 imperium
1531 2359 1737 2399 omnes
1757 2343 2020 2398 obtinere

372 2434 641 2499 decrevit,
718 2434 785 2487 ad
850 2431 1101 2487 ccelestis
1161 2432 1385 2488 scilicet
1440 2431 1670 2502 imperii
1728 2447 2017 2487 normam.

377 2522 878 2587 Quemadmodum
933 2521 1087 2576 enim
1141 2538 1326 2576 unum
1359 2521 1418 2575 in
1449 2520 1592 2576 oculo
1646 2521 1741 2576 Dei
1775 2537 2020 2592 regnum

378 2613 622 2675 obtinet.
654 2628 972 2680 omnesque
1001 2610 1190 2682 angeli
1224 2610 1505 2664 voluntati
1535 2610 1663 2679 ejus
1695 2609 2021 2679 subjiciun-

378 2707 502 2769 tur;
526 2700 890 2756 daemonibus
912 2700 1292 2754 barbarorum
1314 2715 1473 2753 more
1503 2698 1814 2769 imperium
1842 2700 2024 2753 detre-

374 2790 673 2845 ctantibus
705 2788 904 2843 eadem
940 2788 1165 2843 ratione
1197 2792 1253 2842 et
1274 2788 1332 2840 in
1363 2785 1688 2857 terra,licet
1717 2785 2022 2858 permultae

374 2879 493 2934 sint
524 2875 822 2932 indomitae
865 2882 1092 2947 gentes,
1146 2893 1330 2930 unum
1377 2880 1575 2929 tamen
1627 2874 2019 2929 Romanorum

371 2966 684 3037 imperium
707 2966 944 3020 obtinet.
977 2964 1147 3019 Probi
1172 2964 1352 3036 igitur
1372 2964 1619 3033 hujusce
1649 2963 1873 3018 ordinis
1895 2980 2025 3018 con-

372 3055 652 3109 stituendi
672 3054 1126 3123 causa,primam
1151 3054 1259 3107 sub
1286 3058 1548 3123 Augusto
1571 3051 2022 3121 descriptionem

375 3159 472 3197 rex
507 3142 565 3196 in
595 3146 758 3197 utero
789 3146 1053 3212 gestatus
1086 3142 1231 3195 edici
1266 3140 1566 3195 mandavit
1610 3156 1623 3194 :
1678 3141 1830 3195 unde
1861 3146 1917 3193 et
1964 3157 2025 3194 se

376 3232 499 3301 ipse
533 3232 590 3284 in
625 3232 871 3286 Romani
899 3231 1132 3301 imperii
1160 3247 1337 3284 censu
1366 3229 1617 3284 describi
1654 3228 1918 3299 permisit
1951 3229 2022 3283 ad

2186 1189 2241 1241 3.
2302 1186 2397 1238 Καὶ
2446 1183 2530 1239 ὅτι
2586 1184 2766 1254 ἀληθῆ
2844 1185 2911 1238 τὰ
2980 1182 3288 1260 λεγόμενα,
3349 1180 3438 1237 διὰ
3512 1184 3765 1259 βραχέων

2118 1274 2296 1330 ἄκουε.
2342 1273 2453 1345 Πρὸ
2508 1277 2607 1338 τῆς
2651 1277 2747 1327 τοῦ
2804 1272 3004 1348 Κυρίου
3064 1272 3520 1347 ἐνανθρωπήσεως
3578 1270 3768 1340 πολλὴ

2115 1362 2365 1437 τυραννὶς
2437 1364 2553 1433 (68)
2600 1362 2663 1415 τὸ
2719 1366 2825 1416 τῶν
2892 1360 3192 1437 ἀνθρώπων
3275 1366 3499 1437 κατεῖχε
3563 1360 3716 1435 γένος
3750 1380 3763 1391 ·

2119 1449 2337 1526 ἀλόγως
2384 1452 2446 1505 τὸ
2493 1457 2592 1519 τῆς
2641 1458 2745 1524 γῆς
2806 1444 3126 1527 ἐκυϐερνᾶτο
3177 1450 3384 1525 χωρίον
3425 1470 3436 1484 ·
3484 1448 3760 1518 ἐνέπαιζον

2121 1539 2194 1601 είς
2248 1540 2311 1594 τὸ
2373 1536 2654 1614 βασιλικὸν
2707 1538 2920 1611 ἀξίωμα
2952 1556 2963 1568 ·
3024 1536 3252 1593 πολλῶν
3308 1542 3416 1591 τῶν
3474 1538 3772 1613 ἀνθρώπων

2120 1628 2336 1697 πλῆθος
2393 1625 2658 1704 βασιλέων
2715 1626 3115 1705 ἐφυτουργεῖτω
3152 1626 3339 1681 ἑκατόν
3395 1625 3501 1680 πού
3557 1647 3639 1687 τις
3685 1623 3772 1680 ἅν-

2123 1718 2249 1791 δρας
2308 1714 2450 1792 ἔχων
2514 1717 2599 1794 ὑφ’
2671 1716 2896 1785 ἑαυτὸν,
2958 1715 3154 1780 εὐθὲως
3211 1716 3274 1770 τὸ
3329 1722 3428 1785 τῆς
3493 1714 3772 1790 βασιλείας

2122 1805 2485 1883 ἐσφετερίζετο
2519 1812 2732 1881 σχῆμα.
2767 1804 3005 1873 Τοιαύτη
3057 1808 3163 1858 τῶν
3213 1803 3377 1868 ἐθνῶν
3434 1806 3468 1873 ἡ
3518 1802 3772 1877 ἅμιλλα·

2120 1894 2428 1969 τοπαρχίας
2460 1894 2787 1968 ἀγαπῶντες,
2818 1893 2909 1947 καὶ
2960 1893 3124 1947 τόπον
3176 1891 3235 1946 ἐκ
3289 1893 3461 1947 τόπου
3523 1894 3598 1966 μή
3653 1889 3771 1947 δια-

2129 1979 2426 2053 ϐαίνοντες,
2477 1983 2522 2037 εἶ
2575 1984 2649 2055 μὴ
2695 1983 2896 2057 τρόπον
2936 1983 3057 2037 τινὰ
3108 1985 3221 2036 κατ’
3273 1980 3538 2052 ἀλλήλων
3592 1980 3772 2036 ὡπλί-

2128 2094 2323 2127 σαντο.
2382 2071 2593 2142 Ταύτης
2665 2079 2765 2139 τῆς
2824 2070 3141 2146 συγχύσεως
3197 2065 3781 2145 χρονοτριϐουμένης,

2134 2162 2354 2233 μόνονὸ
2413 2160 2607 2235 Κύριος
2664 2157 2979 2229 κατεδέξατο
3039 2159 3126 2215 ἐπὶ
3187 2166 3291 2233 γῆς
3346 2160 3408 2214 τὸ
3464 2161 3785 2235 παρθενικόν

2132 2250 2349 2319 οἰκῆσαι
2407 2249 2697 2319 παλάτιον,
2733 2248 2929 2310 εὐθέως
2959 2250 3059 2317 τὴν
3093 2248 3189 2321 μὶν
3224 2248 3572 2324 πολυαρχίαν
3600 2247 3780 2317 παύει,

2128 2341 2228 2408 τὴν
2278 2336 2335 2394 δὲ
2383 2338 2684 2415 μοναρχίαν
2745 2343 3053 2415 φυτουργεῖ,
3110 2339 3211 2407 τὴν
3267 2338 3552 2409 Ῥωμαίων
3602 2338 3782 2413 ἀρχὴν

2130 2429 2345 2482 πάντων
2406 2429 2753 2501 ἡγεμονεύειν
2823 2426 3135 2501 κληρώσας,
3189 2428 3325 2481 κατά
3384 2426 3618 2499 μίμησιν
3676 2434 3776 2495 τῆς

2131 2516 2453 2591 ἐπουρανίου
2503 2510 2805 2591 διατριϐῆς.
2839 2518 3041 2590 Ὥσπερ
3087 2516 3187 2590 γὰρ
3241 2515 3291 2569 ἐν
3345 2515 3559 2591 οὐρανῷ
3615 2514 3772 2588 μίαὴ

2129 2610 2225 2660 τοῦ
2257 2610 2388 2660 Θεοῦ
2425 2604 2672 2679 βασιλεία
2720 2609 2924 2676 κρατεῖ,
2951 2603 3038 2657 καὶ
3087 2604 3278 2665 πάντες
3330 2604 3380 2658 οἱ
3434 2601 3651 2678 ἄγγελοι
3700 2608 3777 2675 τῷ

2133 2694 2404 2765 θελήματι
2472 2692 2635 2748 αὐτοῦ
2704 2694 3115 2758 ὑπο-τάσσονται,
3165 2697 3273 2747 τῶν
3349 2689 3618 2765 δαιμόνων
3690 2689 3773 2746 δί-

2131 2804 2230 2852 κην
2262 2785 2371 2854 (69)
2411 2776 2699 2857 βαρϐάρων
2763 2781 3191 2854 ἀφηνιασάντων·
3260 2781 3352 2835 τὸν
3385 2780 3543 2835 αὐτὸν
3575 2780 3778 2855 τρόπον

2133 2871 2220 2925 καὶ
2254 2870 2339 2925 ἐπὶ
2370 2873 2467 2939 τῆς
2499 2878 2626 2944 γῆς,
2660 2870 2704 2923 εἰ
2744 2870 2831 2924 καὶ
2880 2868 3065 2924 πολλά
3108 2870 3175 2924 τὰ
3231 2869 3571 2924 ἀνυπότακτα
3629 2866 3779 2939 ἔθνη,

2133 2958 2258 3014 ἀλλ’
2289 2958 2439 3031 ὅμως
2479 2959 2628 3032 μίαή
2661 2962 2767 3013 τῶν
2801 2958 3085 3031 Ῥωμαίων
3141 2957 3390 3033 βασιλεία
3438 2965 3644 3033 κρατεῖ.
3679 2960 3778 3012 Διὰ

2090 3045 2101 3051 ’
2132 3047 2329 3117 ταύτην
2391 3047 2481 3102 οὖν
2529 3049 2627 3115 τήν
2682 3046 2917 3117 εὐταξίαν
2976 3049 3073 3115 τὴν
3125 3047 3346 3122 πρώτην
3398 3048 3713 3124 ἀπογραφήν
3749 3047 3776 3100 ὁ

2133 3136 2572 3214 κνύοιρορούμενος
2624 3134 2876 3211 βασιλεὺς
2936 3136 3255 3211 προσέταξεν
3316 3135 3404 3190 ἐπὶ
3458 3136 3777 3209 Αὐγούστου

2136 3228 2585 3301 συγκροτηθῆναν
2646 3224 2762 3279 ὅθεν
2818 3224 2907 3280 καὶ
2962 3225 3120 3287 αὐτὸς
3162 3225 3346 3279 ὶαυτὸν
3405 3224 3774 3302 ἐναπόγραφον

375 3317 879 3372 conﬁrmationem
905 3324 1258 3373 statutarum
1292 3317 1508 3388 legum.
1531 3321 1676 3371 Tum
1695 3316 1850 3371 enim
1872 3316 2013 3387 regis

2135 3314 2375 3388 γενέσθαι
2423 3319 2492 3389 τῇ
2522 3314 2802 3387 Ῥωμαίων
2862 3315 3010 3390 ἀρχῇ
3070 3314 3434 3390 παρεχώρησε
3492 3316 3626 3390 πρὸς
3682 3315 3776 3389 βε-

373 3408 464 3460 lex
484 3405 726 3471 obtinet,
746 3422 878 3460 cum
905 3408 1064 3475 prior
1084 3406 1209 3477 ipse
1233 3422 1408 3476 quam
1430 3404 1565 3459 tulit
1586 3404 1774 3475 legem
1797 3404 2017 3475 implet.

374 3495 519 3550 Nam
551 3494 650 3563 qui
682 3493 869 3563 legem
904 3495 1086 3564 ponit,
1124 3510 1229 3548 nec
1260 3492 1483 3563 implet,
1517 3493 1566 3547 is
1600 3493 1745 3562 legis
1776 3493 2020 3563 abroga-

374 3592 463 3640 tor
499 3590 588 3640 est
614 3583 808 3656 potius
841 3601 1018 3655 quam
1055 3583 1371 3656 legislator.
1423 3583 1564 3639 Boni
1598 3583 1778 3655 igitur
1806 3584 2017 3654 hujus-

373 3675 529 3730 modi
561 3673 783 3729 ordinis
814 3674 1065 3744 ponendi
1108 3689 1308 3740 causa,
1360 3673 1549 3744 prima
1596 3673 1704 3727 sub
1754 3678 2017 3743 Augusto

371 3762 681 3835 descriptio
713 3764 863 3817 facta
895 3772 1002 3830 est,
1024 3768 1088 3815 ut
1116 3769 1172 3817 et
1202 3761 1349 3833 legis
1379 3762 1572 3816 cultus
1603 3761 2019 3825 auterretur,et

364 3855 695 3909 Iudaeorum
753 3852 913 3907 natio
953 3850 1340 3920 cohiberetur,
1376 3856 1439 3904 ut
1470 3867 1541 3905 ne
1577 3849 1861 3921 perversis
1907 3849 2014 3903 Ju-

366 3944 527 4012 daeis,
560 3944 608 3998 si
640 3959 747 3998 suo
771 3944 907 4013 jure
938 3943 1214 4007 viverent,
1247 3940 1445 3995 liceret
1490 3938 1758 3995 innoxios
1789 3939 2013 3993 occide-

363 4050 444 4099 re,
478 4032 578 4087 sed
612 4032 979 4086 necessitatis
1002 4031 1149 4100 jugo
1173 4028 1404 4099 legibus
1437 4033 1727 4100 parerent.

2132 3398 2354 3457 ϐαίωσιν
2414 3409 2523 3458 τῶν
2572 3402 2974 3476 θεσπιζομένων
3020 3402 3225 3475 νόμων.
3283 3402 3420 3459 Τότε
3467 3404 3568 3478 γάρ
3627 3404 3779 3477 βασι-

2132 3489 2269 3553 λέως
2302 3493 2471 3564 νόμος
2502 3499 2706 3569 κρατεῖ,
2740 3492 2828 3547 ὅτε
2859 3494 2885 3547 ὁ
2916 3496 3221 3565 νομοθετῶν
3259 3490 3514 3567 βασιλεὺς
3562 3496 3779 3565 πρῶτος

2128 3579 2398 3655 πληρώσῃ
2452 3582 2541 3636 τὸν
2586 3581 2778 3653 νόμον.
2811 3583 2869 3638 Ὀ
2916 3579 3016 3655 γὰρ
3048 3583 3161 3654 (70)
3190 3586 3507 3652 νομοθετῶν
3556 3581 3645 3636 καὶ
3700 3580 3775 3652 μὴ

2126 3667 2357 3743 πληρῶν
2390 3669 2709 3744 καθαιρέτης
2761 3670 2917 3739 ἐστὶν,
2951 3671 2985 3739 ἢ
3019 3673 3134 3743 (71)
3162 3666 3493 3741 νομοδότης.
3530 3670 3627 3723 Διά
3669 3670 3771 3737 τήν

2126 3756 2525 3833 προλεχθεῖσαν
2584 3757 2675 3812 οὖν
2737 3757 2998 3830 εὐταξίαν,
3136 3757 3223 3812 ἐπὶ
3282 3757 3594 3834 Αὐγούστου
3643 3759 3775 3812 ἀπο-

2124 3850 2306 3925 γραφὴ
2340 3848 2530 3922 πρώτη
2564 3848 2806 3923 γέγονεν,
2842 3848 2989 3908 ὅπως
3016 3848 3106 3901 καὶ
3137 3850 3171 3916 ἡ
3202 3852 3299 3901 τοῦ
3348 3846 3520 3919 νόμου
3551 3844 3777 3921 λατρεία

2129 3939 2469 4011 μετενεχθῇ,
2528 3939 2617 3991 καὶ
2675 3938 2737 3991 τὸ
2812 3942 2920 3991 τῶν
2982 3934 3252 3990 Ἰουδαίων
3330 3936 3501 4006 φῦλον
3574 3956 3777 4009 καταρ-

2122 4028 2268 4098 γηοῇ
2304 4029 2410 4096 (72)
2442 4026 2575 4099 πρὸς
2618 4026 2681 4079 τὸ
2734 4026 2809 4097 μὴ
2862 4023 3053 4094 ἐξεῖναι
3106 4024 3298 4080 λοιπὸν
3356 4029 3473 4087 τοῖς
3525 4025 3774 4085 ἀτάκτοις

364 4117 647 4179 Ἰουδαίοις
723 4117 1018 4189 αὐτονομίᾳ
1094 4117 1404 4191 χρωμένοις
1461 4114 1698 4193 φονεύειν
1769 4112 1896 4175 τοὺς
1979 4113 2325 4183 ἀνευθύνους,
2385 4111 2597 4168 ἔπεσθαι
2677 4111 2735 4168 δέ
2803 4118 2921 4176 τοῖς
2997 4113 3188 4186 νόμοις
3245 4118 3323 4185 τῷ
3377 4120 3477 4182 τῆς
3536 4115 3776 4189 ἀνάγκης

367 4211 510 4279 ζυγῷ
537 4208 674 4278 (73)-

436 4316 487 4369 4.
522 4313 863 4371 Necessaria
887 4313 1085 4382 itaque
1115 4313 1221 4367 fuit
1253 4312 1591 4383 supradicta
1618 4312 1725 4366 sub
1753 4316 2013 4383 Augusto

365 4403 701 4475 descriptio.
734 4408 861 4473 Ipsa
884 4402 1100 4471 quippe
1129 4402 1800 4472 descriptioJudaeorum
1837 4417 2016 4471 popu-

366 4494 489 4548 lum
521 4491 831 4561 depressit,
865 4489 1325 4544 Christianorum
1357 4496 1560 4544 contra
1592 4505 1776 4559 genus
1808 4491 2017 4543 exalta-

365 4581 465 4649 vit,
496 4578 735 4647 Judaais,
770 4578 1013 4632 Romani
1050 4583 1202 4631 metu
1233 4577 1483 4647 imperii,
1519 4594 1631 4631 non
1666 4578 2016 4632 audentibus

365 4671 557 4742 priore
586 4684 691 4723 suo
725 4667 804 4721 uti
839 4667 1050 4720 furore.
1079 4667 1441 4736 Quapropter
1474 4670 1603 4735 post
1637 4681 1763 4719 eam
1797 4665 2013 4720 descri-

2200 4312 2252 4365 4.
2282 4309 2575 4385 Ἀναγκαία
2604 4308 2781 4364 τοίνυν
2822 4312 2849 4379 ἡ
2899 4308 3270 4386 προλεχθεῖσα
3318 4310 3403 4363 ἐπὶ
3455 4308 3771 4383 Αὐγούστου

2127 4398 2442 4473 ἀπογραφή·
2472 4398 2606 4469 αὕτη
2666 4401 2700 4468 ἠ
2752 4398 3040 4475 ἀπογραφή
3089 4400 3147 4452 τὸ
3203 4399 3295 4470 μὶν
3334 4402 3441 4452 τῶν
3495 4394 3769 4454 Ἰουδαίων

2127 4486 2445 4541 ἐταπείνωσε
2476 4486 2665 4563 φῦλον,
2696 4487 2755 4541 τὸ
2788 4484 2846 4540 δὲ
2900 4491 3006 4540 τῶν
3066 4491 3398 4561 Χριστιανῶν
3454 4485 3773 4560 ὑπερύψωσε

2125 4577 2303 4649 γένος’
2360 4574 2553 4647 μηκέτι
2610 4574 2945 4647 τολμώντων
3005 4572 3276 4632 Ἰουδαίων
3338 4576 3451 4648 (74)
3511 4574 3614 4630 δέει
3669 4581 3773 4643 τῆς

2125 4664 2405 4736 Ῥωμαίων
2466 4664 2644 4739 ἀρχῆς
2700 4668 2766 4737 τῇ
2823 4663 3059 4740 προτέρᾳ
3105 4671 3407 4738 κεχρῆσθαι
3459 4664 3641 4735 μανίᾳ.
3678 4665 3773 4717 Διὸ

365 4760 783 4831 ptionem,cum
814 4755 1126 4810 Dominum
1160 4754 1819 4825 comprehendissentet
1843 4755 2012 4808 morti

2127 4755 2211 4806 καὶ
2272 4754 2404 4826 μετᾶ
2450 4756 2551 4822 τὴν
2626 4754 2944 4831 ἀπογραφὴν
2994 4752 3221 4823 ταύτην⁹
3265 4753 3353 4807 τὸν
3406 4754 3600 4827 Κύριον
3646 4773 3772 4823 κρα-

363 4848 594 4903 tradere
627 4844 989 4910 festinarent,
1052 4860 1165 4898 non
1210 4844 1336 4898 ausi
1383 4847 1522 4898 sunt
1578 4843 1862 4897 arbitratu
1906 4859 2013 4897 suo

364 4953 552 5010 agere,
577 4936 727 4990 sicut
748 4933 884 4989 olim
918 4949 1051 4988 cum
1079 4933 1405 5005 prophetis,
1431 4948 1580 5003 quos
1611 4948 1759 4987 caeo
1787 4931 2011 5004 impetu

432 5069 476 5106 ⁵³
510 5067 719 5124 ﬂabac.
758 5082 840 5135 in,
875 5069 927 5119 2.

432 5219 544 5300 (se
577 5221 663 5300 ita
688 5215 844 5300 eos.
885 5216 933 5300 μ
1050 5214 1207 5300 sui
1426 5213 1692 5300 τιερανιιία-

433 5285 545 5405 (69)
574 5296 659 5345 lta
688 5290 845 5344 Colb.
886 5288 930 5355 Ι,
962 5290 1013 5341 2.
1049 5286 1201 5343 Editi
1231 5285 1389 5356 vero,
1420 5285 1517 5359 μία
1547 5286 1815 5343 πλειόνων
1854 5285 2008 5361 βασι-

361 5358 721 5437 λεακρατεῖ,
752 5361 858 5413 τῶν
877 5355 1164 5437 ,δαιμόνων
1195 5354 1373 5437 δίκην,
1408 5364 1513 5437 etc.
1551 5361 1680 5437 Mox
1712 5358 2007 5437 m§8.0’{<pql-

359 5426 665 5507 νισθέντων,
708 5426 822 5507 pro
848 5426 1316 5507 ’ἀφηνιασάντωνς
1344 5426 1521 5507 Ιοίῐζα
1544 5432 1707 5499 editi,
1742 5426 2008 5507 ﬂagitia

359 5511 565 5577 κρατεῖ,
599 5496 783 5571 ἐπειδῆ
844 5496 1043 5565 ἄνωθεν
1095 5498 1392 5577 ἐκρατεῖτο,
1446 5500 1533 5556 διὰ
1588 5496 1799 5558 ταύτόν.
1853 5500 2005 5557 Editi

358 5566 493 5637 vero
528 5566 592 5635 ut
622 5578 683 5633 in
712 5566 893 5635 textu.

433 5652 547 5722 (70)
579 5648 737 5708 Colb.
776 5648 823 5719 1,
859 5650 913 5718 2,
947 5644 1084 5701 Τότε
1116 5639 1173 5699 δὲ
1205 5642 1475 5721 βασιλέως
1502 5641 1667 5720 νόμος
1709 5647 1999 5721 κρατεῖτε,

2122 4844 2403 4911 τήσαντες,
2458 4842 2546 4897 καὶ
2609 4841 2819 4914 θανάτῳ
2876 4840 3208 4912 παραδοῦναι
3277 4839 3619 4911 σπεύδοντες,
3674 4841 3774 4896 οὐκ

2124 4929 2431 5003 ἐτόλμησαν
2491 4931 2627 4986 κατὰ
2680 4931 2743 4985 τὸ
2802 4928 2995 4986 δοκοῦν
3074 4932 3257 4992 αὐτοῖς
3332 4927 3771 5007 διαπράξασθαι,

2120 5210 2462 5293 ὅτεῌιιτρᾶξτοςΔ
2479 5213 2636 5293 αὐτὸς
2654 5217 2857 5293 ποῦτον
2891 5212 3195 5293 πληροῖ.ᾼο
3226 5216 3328 5293 γάρ

2337 5288 2502 5372 ﬁdele
2537 5285 2771 5372 μᾶλλον,
2805 5292 2907 5343 aut
2936 5285 3062 5372 lege
3092 5287 3153 5343 οὐ
3184 5285 3375 5363 ριῖσῆ.

2192 5359 2304 5429 (72)
2336 5359 2496 5415 Colb.
2534 5361 2583 5427 1,
2614 5362 2669 5427 2,
2704 5358 3060 5431 καταρτισθῇ.

2192 5380 2304 5429 (ιι)
2336 5380 2496 5415 υοιο.
2534 5380 2583 5427 1,
2616 5380 2669 5427 z,
2704 5380 2995 5431 καταρτισο
3046 5405 3060 5417 ,

2192 5432 2296 5507 (73)
2331 5430 2489 5507 (Bolb-
2522 5432 2574 5507 1ο
2607 5434 2659 5507 ἓν
2691 5434 2893 5507 riuis
2926 5380 3334 5507 ἀντῖγκηςζωῇι

2118 5570 2129 5625 i
2188 5504 2490 5628 (Zé)tC01b.
2530 5505 2579 5573 1,
2610 5500 2665 5571 2',
2696 5500 3471 5575 τολμώντων’παίδων”Ιουδ.
3505 5506 3678 5577 Editi,
3703 5512 3768 5562 ut

2141 5589 2175 5626 n
2233 5589 2302 5628 ex
2332 5591 2386 5628 u.

2115 5586 2175 5626 1n
2208 5586 2386 5630 textu.
