2051 3109
191 177 250 208 951

790 178 821 208 S.
846 177 1106 209 ATHANASIUS.
1118 193 1157 200 —
1171 179 1301 210 DUBlA.

1839 182 1897 211 952

192 251 316 272 maerore
331 243 451 272 affectus
466 246 521 277 est,
551 246 680 273 attamen
706 245 836 273 mundus
860 244 1016 272 universus

1079 243 1124 281 γὰρ
1147 243 1192 271 καὶ
1221 244 1236 271 ὁ
1267 245 1391 282 μνηστὴρ
1418 245 1468 279 τῆς
1497 245 1646 282 Παρθένου,
1679 245 1770 277 καθὼς
1798 245 1896 284 ἀρτίως

194 288 405 326 praestantioris
421 288 529 316 ordinis
553 288 671 317 initium
694 289 815 325 accepit.
842 289 916 322 Quid
946 288 1019 316 illud

194 336 248 367 est,
262 333 393 369 Sponsus
405 333 534 370 Virginis
551 342 672 362 niwrore
692 333 814 361 atl‘ectus
832 333 901 362 est?
919 333 1020 370 paucis

195 379 338 406 ausculta.
357 379 429 406 Cum
442 378 548 414 Joseph
566 379 694 415 Virginis
714 388 852 415 sponsus,
877 381 909 407 ut
934 379 1020 406 modo

193 424 312 457 audisti,
330 426 447 459 propter
457 423 580 459 Augusti
596 432 717 451 censum
732 424 761 451 in
784 423 930 451 Bethleem
951 432 1018 451 con-

192 468 281 496 cessit
308 476 375 495 cum
406 468 497 495 Maria
531 468 710 504 desponsata
735 468 791 496 sibi
825 476 914 496 uxore
944 476 1019 503 pras-

191 514 310 549 gnante,
336 513 491 548 ignorabat
514 512 625 549 Joseph
648 513 820 550 mysterium
845 513 874 540 in
900 512 1018 548 Virgine

190 557 335 592 abditum,
352 558 477 585 necdum
503 557 598 594 angeli
614 557 766 586 oraculum
798 558 966 593 acceperat:
989 559 1020 584 at

190 601 289 637 Virgo,
305 604 368 629 tum
384 610 417 629 ex
427 602 533 636 verbisl
555 605 617 629 tum
636 610 670 630 ex
693 601 769 630 uteri
790 604 916 634 tumore,
941 604 1019 629 certo

192 646 303 674 sciebat
327 647 397 681 quid
417 649 533 682 gestum
557 650 658 680 esset;
683 649 792 682 quanto
817 647 895 675 enim
924 646 1020 682 magis

193 693 293 718 uterus
310 691 625 725 iutumescebat,tanto
635 692 813 720 securiorem
829 691 917 727 Virgo
928 691 1019 719 vitam

194 735 327 770 degebat,
349 744 408 763 una
432 735 630 772 virginitatem
655 744 776 764 servans
803 736 1019 769 intcmeratam,

194 780 344 815 fetumque
358 783 477 816 gestans
492 780 563 809 citra
583 779 629 809 vel
655 780 809 809 minimam
835 780 1019 815 molestiam;

194 832 246 852 nec
262 827 378 852 tantum
394 824 443 853 illo
458 827 586 861 gravata,
603 828 748 861 quantum
772 825 877 854 levata.

226 914 253 942 6.
271 913 380 941 llorum
392 922 481 942 causa
491 913 595 942 anxius
610 914 730 951 Joseph,
748 923 814 943 cum
830 914 941 942 videret
955 921 1019 942 eam

192 961 310 986 uterum
337 960 461 994 gestare,
492 958 698 995 ignoraretque
730 959 811 987 intus
840 958 1022 987 reconditum

192 1003 378 1036 thesaurum,
393 1011 516 1031 maerore
527 1003 660 1036 atl'ectus.
679 1003 830 1040 Virginem
852 1003 882 1031 in
905 1003 952 1031 via
971 1003 1023 1031 ob-

189 1047 320 1083 jurgavit
337 1047 417 1075 hisce
432 1047 527 1076 verbis
544 1056 550 1076 :
568 1047 642 1080 Quid
660 1048 712 1076 tibi
729 1048 854 1083 videtur,
870 1056 886 1076 ο
911 1046 1026 1075 Maria?

194 1091 297 1120 Nonne
311 1095 341 1119 tu
359 1100 390 1120 es
404 1101 467 1128 qua
485 1095 516 1120 ut
526 1093 689 1121 verecunda
698 1092 785 1129 Virgo
800 1092 830 1120 in
851 1091 954 1128 templi
977 1100 1023 1120 se-

199 1139 249 1173 pto
266 1145 296 1164 es
312 1137 458 1165 educata?
480 1137 582 1165 Nonne
598 1139 628 1165 tu
653 1146 695 1171 es,
721 1146 737 1165 ο
760 1137 859 1171 Maria,
883 1146 946 1173 qua:
971 1136 1024 1164 viri

201 1183 353 1217 aspectum
371 1190 428 1209 non
444 1181 634 1210 sustinebas?
648 1182 750 1211 Nonne
769 1184 800 1209 tu
816 1190 858 1215 es,
878 1190 894 1209 0
925 1181 1024 1216 Maria,

201 1234 263 1262 quas
279 1229 379 1253 contra
395 1227 576 1262 propositum
592 1229 672 1254 tuum
687 1235 734 1254 me
758 1226 788 1254 in
810 1235 952 1262 sponsum
974 1226 1024 1254 ad-

202 1270 329 1298 misisti?
343 1271 444 1298 Nonne
460 1273 491 1299 tu
505 1280 547 1305 es,
560 1280 576 1299 ο
592 1271 693 1306 Maria,
708 1279 772 1307 quae
788 1271 964 1307 virginitatis
978 1280 1024 1300 ro-

200 1323 263 1342 sam
284 1315 556 1343 immarcessibilem
581 1324 695 1343 servare
714 1315 909 1351 peroptabas?
923 1316 1025 1344 Nonne

198 1361 228 1386 tu
247 1367 289 1393 es,
314 1368 330 1387 ο
359 1360 461 1393 Maria,
483 1369 546 1396 quae
575 1362 740 1388 Susanuam
765 1360 919 1395 diligebas,
939 1360 1024 1397 [Egy-

196 1404 288 1439 ptiam
304 1405 407 1432 oderas
421 1405 435 1431 ‘I
450 1404 551 1433 Nonne
561 1407 592 1432 tu
604 1413 646 1438 es,
666 1413 683 1433 ο
698 1404 800 1438 Maria,
822 1413 885 1440 quae
909 1404 936 1432 vi
961 1408 1024 1433 stu-

195 1450 309 1484 pratum
333 1449 462 1476 Thamar
483 1457 559 1485 saepe
581 1449 697 1485 legebas
728 1449 761 1484 ⁸⁷,
783 1452 812 1476 et
838 1448 1023 1485 impudicum

193 1494 358 1520 Amnonem
376 1493 586 1521 exsecrabare?
601 1495 747 1528 Quorsum
764 1493 836 1521 abiit
858 1493 906 1520 ille
928 1494 1022 1521 conti-

194 1537 299 1564 nentiae
313 1540 368 1564 tua:
385 1537 556 1566 thalamus?
572 1539 719 1571 Quorsum
730 1537 779 1566 ille
797 1537 942 1566 castitatis
967 1538 1021 1566 im-

193 1580 358 1608 maculatus
375 1581 496 1609 thorus?
523 1581 669 1614 Quorsum
691 1581 874 1610 verecundus
895 1582 944 1610 ille
964 1581 1023 1609 vul~

1072 286 1182 322 ἤκουες,
1198 287 1365 326 ἐστῦγνασεν,
1382 287 1446 316 ἀλλ’
1461 288 1537 325 ὅμως
1555 289 1569 316 ὁ
1592 289 1699 326 σύμπας
1721 290 1825 326 κόσμος
1848 291 1898 328 ἀρ-

1074 332 1128 370 χὴν
1155 332 1274 368 εὐταξίας
1290 332 1406 368 ἐδέξατο.
1420 333 1451 360 Τί
1467 332 1548 368 ἐστιν,
1565 334 1593 361 Ὀ
1612 335 1736 372 μνηστήρ
1751 338 1801 369 τῆς
1824 338 1896 373 Παρ-

1074 376 1151 404 θένου
1181 376 1344 415 ἐστύγνασεν,
1375 378 1455 405 ἄκουε
1484 377 1529 405 διὰ
1560 379 1697 417 βραχέων.
1727 379 1820 407 Ἦνίκα
1838 380 1896 408 Ἰω-

1074 422 1128 460 σὴφ
1142 422 1156 449 ὁ
1174 423 1295 460 μνηστήρ
1311 426 1360 457 τῆς
1376 423 1524 461 Παρθένου,
1549 424 1639 455 καθὼς
1663 423 1764 462 ἀρτίως
1788 423 1895 461 ἤκουες,

1074 464 1119 493 διὰ
1133 467 1182 501 τήν
1198 467 1356 507 ἀπογραφήν
1372 469 1420 495 τοῦ
1436 467 1594 505 Αὐγούστου
1617 468 1667 502 τήν
1685 468 1815 506 Βηθλεὲμ
1835 480 1896 497 κατ-

1074 509 1216 548 ελάμϐανεν
1239 511 1284 539 σὺν
1309 512 1422 549 Μαριὰμ
1449 514 1482 548 τῇ
1515 514 1740 550 μεμνηστευμένῃ
1765 514 1837 549 αὐτῷ
1851 525 1896 551 γυ-

1073 555 1156 590 ναικὶ,
1185 554 1251 593 οὔσῃ
1279 555 1378 594 ἐγκύῳ,
1405 556 1497 594 ἠγνύιι
1525 557 1539 584 ὁ
1569 557 1670 596 Ἰωσήφ
1690 557 1722 584 τὸ
1737 556 1763 584 ἐν
1792 559 1898 595 τῇ(82)

1074 601 1201 637 Παρθένῳ
1219 600 1490 639 μυσταγωγούμενονθ
1507 601 1557 629 οὐκ
1581 603 1614 636 ἦν
1637 600 1745 629 οὐδέπω
1769 603 1895 640 χρησμὸν

1074 644 1193 682 ἀγγέλου
1246 644 1415 682 δεξάμενος,
1462 647 1493 675 Ἡ
1539 647 1674 684 Παρθένος
1712 646 1743 674 τὸ
1781 646 1898 681 ἀσφαλὲς

1074 689 1213 725 ἐκέκτητο,
1228 690 1273 717 καὶ
1283 692 1323 726 τῷ
1336 689 1411 728 λόγῳ
1426 690 1470 718 καὶ
1485 692 1525 726 τῷ
1540 688 1626 728 ὅγκῳ’
1643 691 1706 718 ὅσον
1720 691 1771 729 γὰρ
1786 693 1834 726 τῆς
1849 702 1898 729 γα-

1074 734 1154 770 στρὸς
1170 735 1187 769 ἡ
1203 732 1313 770 αὔξησις
1330 734 1444 772 ἐγίνετο,
1463 737 1592 762 τοσοῦτον
1621 736 1638 770 ἠ
1671 735 1806 773 Παρθένος
1832 736 1897 773 ἀμι·

1075 778 1235 817 ριμνὸτερον
1267 778 1325 817 βίον
1356 777 1496 818 διέτριϐεν·
1528 780 1598 816 ὁμοῦ
1624 779 1668 807 καὶ
1691 780 1741 814 τήν
1756 780 1897 818 παρθενίαν

1074 822 1227 859 ἀμύλυντον
1262 822 1450 862 φυλάττουσα,
1485 824 1530 851 καί
1566 824 1610 851 τὸν
1648 824 1728 851 τόκον
1769 824 1900 853 ἂσκυλτον

1075 867 1186 906 ἄγουσα,
1200 867 1230 895 οὒ
1246 870 1373 895 τοσοῦτον
1389 868 1560 904 κοπουμένη,
1577 868 1639 896 ὅσον
1655 868 1853 908 κουφιζομένη.

1110 913 1137 940 6.
1155 912 1226 950 ΙΙρὸς
1238 911 1346 943 τούτοις
1373 913 1496 950 ἀγωνιῶν
1521 914 1577 949 (83)
1593 913 1608 940 ὁ
1632 913 1744 951 Ἰωσὴφ,
1771 913 1809 944 ὡς
1833 911 1899 940 εἶδεν

1077 955 1160 991 αὐτὴν
1183 957 1252 984 κατὰ
1272 957 1385 995 γαστρὸς
1410 954 1536 995 ἔχουσαν,
1567 955 1613 984 τόν
1639 954 1743 985 ἔνδοθεν
1766 958 1899 995 θησαυρὸν

1078 1001 1193 1038 ἀγνοῶν,
1221 1001 1375 1039 στυγνάσας,
1401 1001 1469 1028 κατὰ
1494 1002 1542 1036 τήν
1565 1000 1627 1029 ὁδὸν
1655 999 1807 1029 ἀντέϐαλλε
1835 1003 1900 1040 πρὸς

1077 1046 1127 1080 τήν
1152 1045 1298 1082 Παρθένον,
1325 1045 1422 1084 λέγων·
1447 1045 1477 1073 Τί
1503 1056 1544 1073 σοι
1568 1045 1600 1074 τὸ
1616 1044 1706 1081 δόξαν,
1723 1047 1835 1085 Μαρίας
1864 1046 1900 1075 Οὐ

1079 1089 1110 1117 σὺ
1126 1090 1151 1117 εἴ
1164 1091 1182 1124 ὴ
1198 1090 1235 1121 ὡς
1251 1088 1391 1126 αἰδέσιμος
1407 1089 1539 1128 Παρθένος
1554 1090 1579 1117 ἐν
1596 1093 1653 1122 τοῖς
1675 1090 1760 1128 ἱεροῖς
1788 1088 1902 1129 περιδό-

1080 1133 1142 1165 λοις
1167 1134 1362 1173 ἀνατραφεῖσα;
1389 1133 1426 1163 Οὐ
1451 1133 1482 1161 σὺ
1514 1134 1539 1161 εἴ
1563 1134 1689 1173 Μαριὰμ,
1714 1136 1732 1169 ἡ
1757 1135 1900 1172 πρόσωπον

1080 1178 1176 1218 ἀνδρὸς
1200 1181 1334 1217 θεωρῆσαι
1359 1180 1396 1217 μή
1422 1178 1649 1217 καταδεχομένης
1674 1180 1713 1209 Οὐ
1738 1180 1769 1208 σὺ
1791 1181 1817 1208 εἴ
1845 1182 1902 1210 Μα-

1080 1225 1157 1263 ριὰμ,
1193 1225 1210 1259 ᾐ
1248 1224 1321 1262 παρᾶ
1357 1224 1484 1262 πρόθεσιν
1519 1224 1735 1262 κατεγγυηθῆναί
1768 1236 1815 1261 μοι
1845 1236 1901 1253 πει.

1080 1269 1169 1296 σθεῖσα
1191 1270 1264 1305 (84);
1289 1268 1328 1298 Οὐ
1352 1268 1382 1296 σὺ
1408 1268 1433 1296 εἶ
1453 1269 1576 1306 Μαριὰμ,
1600 1270 1618 1303 ἡ
1633 1269 1664 1296 τὸ
1678 1272 1730 1304 τῆς
1759 1269 1900 1307 παρθενίας

1079 1312 1160 1352 ῥόδον
1186 1313 1340 1350 ἀμάραντον
1363 1312 1478 1353 φυλάξαι
1501 1314 1724 1351 προσευξαμένη;
1754 1314 1793 1343 Οὐ
1825 1314 1856 1342 σὺ
1878 1314 1902 1342 εἴ

1079 1357 1204 1394 Μαριὰμ,
1221 1359 1238 1393 ἡ
1254 1358 1303 1393 τήν
1319 1359 1459 1385 Σωσάνναν
1475 1358 1647 1396 ἀγαπήσασα,
1672 1358 1717 1386 καὶ
1740 1359 1791 1393 τήν
1820 1358 1900 1396 Αἴγυ-

1077 1402 1155 1430 πτίαν
1183 1403 1335 1439 μισήσασας
1366 1402 1404 1432 Οὐ
1430 1402 1460 1430 σὺ
1485 1403 1509 1430 εἴ
1532 1403 1654 1441 Μαριὰμ,
1675 1404 1692 1438 ἡ
1708 1403 1757 1437 τήν
1787 1403 1902 1441 βιασθεῖ-

1078 1457 1125 1474 σαν
1154 1447 1248 1485 Θάμαρ
1277 1446 1473 1485 ἀναλεγομένη,
1502 1447 1547 1475 καὶ
1583 1447 1629 1475 τὸν
1660 1448 1774 1475 ἄτακτον
1803 1448 1900 1484 Ἀμνὸν

1080 1490 1281 1530 βδελυττομένη
1296 1501 1303 1525 ;
1322 1493 1377 1518 Ποῦ
1393 1502 1440 1519 σου
1454 1495 1505 1526 τῆς
1521 1491 1697 1531 σωφροσύνης
1721 1492 1736 1519 ὁ
1760 1491 1899 1528 θάλαμοςς

1078 1536 1135 1564 Ποῦ
1151 1546 1198 1563 σου
1212 1537 1262 1568 τῆς
1278 1535 1383 1574 ἁγνείας
1399 1536 1416 1570 ἡ
1443 1534 1557 1567 ἅσπιλος
1579 1537 1683 1567 παστὰς
1708 1538 1767 1564 Ποῦ
1795 1546 1840 1563 σου
1868 1536 1900 1563 τὸ

1077 1578 1226 1607 αἱδεστικὸν
1243 1580 1408 1617 πρόσωπον;
1427 1580 1495 1617 Ἐγὼ
1512 1579 1689 1618 αὶσχύνομαι,
1703 1580 1748 1608 καὶ
1770 1580 1801 1607 σὺ
1825 1580 1896 1618 παῤ-

193 1626 241 1650 tus
253 1623 266 1650 '2
281 1624 338 1659 Ego
355 1626 464 1659 pudore
480 1624 601 1659 afﬁcior,
612 1627 642 1652 tu
657 1625 837 1653 conﬁdenter
851 1625 936 1661 agis?
950 1625 1023 1658 Quia

1079 1624 1233 1663 ρησιάζεις;
1248 1626 1309 1653 Ὅτι
1326 1627 1421 1652 σιωπῶ
1440 1625 1490 1659 τὴν
1505 1624 1637 1662 ἁμαρτίαν
1653 1635 1711 1660 σου,
1742 1625 1815 1652 οὕτω
1832 1624 1903 1660 πλη-

195 1670 347 1703 peccstum
362 1669 433 1696 sileo
447 1671 584 1702 tuum,tu
600 1669 721 1705 propius
737 1670 868 1698 accedere
884 1670 1024 1698 festinas?

195 1711 258 1739 Non
273 1712 353 1739 vides
368 1712 424 1739 alvi
434 1715 490 1740 tua:
503 1715 648 1742 tumorem
662 1714 765 1741 Plutus
779 1713 876 1742 infans
889 1714 1022 1750 palpitat,

197 1759 226 1785 et
240 1759 271 1784 tu
287 1757 372 1792 quasi
385 1757 458 1785 nihil
480 1761 598 1794 experta
621 1757 725 1786 hilaris
753 1758 809 1786 es?
827 1759 893 1793 Abi,
923 1759 1024 1792 Maria,

197 1802 325 1837 remigra
341 1802 369 1828 in
385 1802 505 1830 domum
520 1805 616 1830 tuam:
634 1811 731 1838 quaare
748 1803 894 1839 pudicitia!
909 1805 966 1831 tua;
983 1804 1024 1831 fu-

198 1854 271 1879 rem,
283 1855 349 1873 cum
367 1846 417 1873 illo
434 1847 610 1875 describare.
629 1847 685 1882 Ego
706 1847 914 1875 contumeliam
943 1847 1024 1875 illam

198 1899 254 1918 non
272 1890 406 1923 admitto,
421 1891 531 1919 nullam
541 1891 698 1927 adpoznam
715 1892 928 1927 deprecandam
945 1892 1026 1921 inve-

198 1935 260 1962 nies
273 1936 500 1964 excusationem.
518 1936 594 1964 Tum
610 1936 696 1971 Virgo
705 1936 740 1963 ad
755 1936 916 1972 Josephum
931 1946 937 1965 :
951 1937 1026 1970 Quid

196 1979 371 2015 indignaris,
389 1980 428 2007 mi
440 1980 570 2016 sponse?
588 1977 665 2013 Quid.
677 1988 723 2008 me
739 1982 772 2007 ut
786 1980 967 2017 impudicam
979 1982 1028 2009 da-

198 2024 302 2051 mnas?
313 2024 385 2056 Quid
397 2024 616 2053 contumeliosis
627 2024 719 2052 oculis
731 2025 805 2052 uteri
815 2025 871 2053 mei
881 2027 1027 2053 tumorem

199 2068 345 2103 conspicis
355 2069 368 2095 ‘?
379 2069 453 2099 Quid
465 2077 511 2096 me
521 2069 557 2097 ad
570 2069 803 2097 erubescendum
819 2069 899 2106 cogis
907 2070 921 2097 ?
931 2069 1029 2098 Gloria

199 2120 265 2139 sum
282 2112 450 2148 mulierum,
463 2121 480 2140 a
495 2114 590 2149 priore
606 2113 671 2141 illas
684 2113 866 2149 turpitudine
877 2122 1026 2150 emergere

200 2156 254 2184 ieci
268 2165 273 2184 :
292 2157 377 2183 Evam
390 2158 520 2185 revocavi
535 2165 541 2184 ε
555 2157 656 2193 ignem
674 2158 814 2186 transtuli
829 2158 972 2194 gladium,
1000 2162 1030 2187 et

200 2202 231 2228 tu
244 2200 379 2235 meiubes
396 2200 557 2228 occultari?
567 2201 656 2229 Nemo
666 2210 766 2237 pinnas
775 2211 792 2230 a
805 2211 851 2230 me
867 2211 1022 2239 reposcere

203 2245 319 2280 poterit,
338 2253 400 2280 qua:
417 2254 604 2273 communem
618 2245 750 2274 omnium
766 2249 848 2282 gesto
859 2246 1028 2274 Dominum.

1077 1668 1210 1707 σιέστερον
1225 1671 1326 1707 χωρεῖν
1353 1667 1487 1706 ἐπείγεσαι
1502 1669 1560 1705 (85)
1575 1679 1582 1703 ;
1598 1669 1657 1707 Οὐχ
1672 1670 1735 1706 ὁρᾷς
1749 1669 1795 1696 τὸν
1822 1666 1900 1707 ὄγκον

1076 1716 1126 1748 τῆς
1151 1712 1258 1743 κοιλίας
1282 1722 1348 1747 eoo;
1374 1711 1468 1740 Ἕνδον
1492 1713 1523 1740 τὸ
1546 1713 1646 1752 βρέφος
1662 1713 1780 1750 σπαίρει,
1810 1713 1900 1741 καὶσὺ

1078 1757 1115 1788 ὡς
1149 1756 1310 1795 ἆπιίραστος
1344 1759 1502 1794 πειρασμῶν
1526 1756 1677 1796 φαιδρῦνῃς
1704 1760 1811 1791 Ἄπιθι,
1841 1758 1899 1786 Μα-

1080 1802 1156 1838 ριάμ·
1183 1801 1349 1839 ὑποστρεψον
1375 1801 1412 1832 είς
1426 1801 1471 1829 τὸν
1486 1801 1561 1829 οἶκόν
1575 1812 1633 1829 σου·
1661 1801 1827 1838 ἐπιζήτησον
1855 1803 1898 1830 τὸν

1079 1845 1261 1883 κλεψίγαμον·
1277 1846 1370 1882 ἐκείνῳ
1393 1845 1609 1884 ἐναπογράφηθι.
1636 1845 1802 1883 Ἀλλοτρίαν
1828 1844 1901 1885 ὓϐριν

1080 1889 1112 1917 οὐ
1132 1888 1331 1927 καταδέχομαι·
1359 1889 1412 1928 οὐχ
1436 1890 1567 1928 εὑρίσκιις
1593 1890 1740 1928 ἀπολογίαν
1771 1891 1840 1929 πρὸς
1855 1891 1902 1925 τὴν

1079 1933 1225 1970 τιμωρίαν.
1250 1934 1282 1962 ’Π
1304 1932 1333 1961 δὲ
1354 1933 1492 1972 Παρθένος
1514 1935 1582 1971 πρὸς
1596 1936 1642 1962 τὸν
1661 1936 1776 1971 Ἰωσήφ·
1792 1935 1827 1964 Τί
1843 1934 1903 1963 δυσ-

1081 1978 1227 2016 χερσίνιις,
1257 1981 1374 2016 μνῆστερ
1400 1977 1489 2014 iuni;
1512 1979 1547 2007 Τί
1571 1979 1608 2010 ὡς
1623 1979 1739 2007 ἀτάκτου
1757 1990 1810 2016 μου
1824 1990 1906 2007 κατα-

1081 2023 1231 2061 ψηφίζεις;
1256 2022 1285 2049 Τί
1310 2020 1479 2062 ἐφυϐρίστως
1505 2022 1658 2062 ὀφθαλμοῖς
1679 2024 1725 2052 τὸν
1755 2022 1835 2061 ὄγκον
1860 2027 1906 2059 τῆς

1081 2067 1195 2106 γαστρός
1221 2077 1273 2103 μου
1295 2064 1489 2104 Tremeli-truc;
1515 2068 1548 2096 Τί
1570 2067 1694 2106 ἔρυθριᾷν
1725 2079 1758 2106 με
1772 2079 1908 2106 καταναγ-

1081 2111 1192 2146 κάζεις;
1223 2111 1290 2146 Δόξα
1318 2113 1372 2139 τῶν
1400 2114 1533 2148 γυναικῶν
1561 2113 1669 2152 γέγονα·
1695 2117 1745 2148 τῆς
1776 2113 1907 2151 προτὲρας

1082 2155 1164 2187 αὐτὰς
1190 2154 1324 2193 αίσχόνης
1353 2154 1481 2183 ἀπέδυσα·
1509 2157 1559 2191 τὴν
1589 2157 1658 2184 Εὕαν
1689 2157 1904 2194 ἀνεκαλεσάμην·

1082 2201 1131 2235 τὴν
1148 2199 1278 2239 φλογίνην
1309 2199 1444 2239 ῥομφαίαν
1475 2201 1633 2237 μετέστησα·
1661 2202 1705 2229 καὶ
1725 2201 1757 2229 σὺ
1772 2201 1908 2229 καλύπτε-

1084 2244 1144 2276 σθαί
1161 2255 1194 2281 με
1208 2244 1418 2282 παρασκευάζεις
1430 2246 1502 2281 (86);
1523 2243 1619 2277 Οὐδεὶς
1644 2245 1721 2277 δίκας
1749 2246 1799 2283 ἐμὲ
1828 2245 1908 2281 δυνή-

203 2289 231 2316 Si
248 2289 283 2317 do
300 2298 344 2317 me
365 2290 428 2324 ipsa
453 2290 656 2318 testimonium
682 2290 785 2324 feram,
816 2290 913 2318 inanis
933 2290 1024 2327 gloria

1086 2299 1158 2316 σεται
1188 2288 1387 2325 εἶτπροὶξασθαυ
1412 2289 1500 2316 κοινὸν
1523 2289 1574 2327 γὰρ
1599 2290 1735 2325 Δεσπότην
1761 2290 1904 2328 βαστάζω.

204 2334 311 2368 cupida
336 2333 547 2369 deprehendat.
569 2333 722 2362 Paululum
743 2337 891 2370 exspecta,
909 2334 1029 2370 Joseph,

203 2378 313 2413 tibique
330 2382 460 2413 pastores
482 2387 549 2406 vera
570 2378 796 2413 persuadebunt,
818 2381 846 2407 te
867 2378 945 2414 magi
970 2387 1031 2406 cer-

203 2422 304 2450 tiorem
332 2423 459 2451 facient:
478 2422 565 2450 stella
589 2423 700 2458 pudore
724 2423 848 2451 afficiet:
873 2423 970 2459 angeli
995 2425 1031 2450 ad

203 2468 458 2503 compunctionem
469 2467 647 2495 excitabunt.
655 2467 721 2496 Jam
738 2467 957 2503 dubitas,paulo
966 2470 1033 2503 post

203 2511 325 2548 gloriam
338 2513 433 2547 dabis,
447 2512 496 2540 ubi
511 2512 659 2540 caelestem
671 2512 831 2541 exercitum
845 2512 948 2540 audies
963 2520 1031 2541 cum

204 2560 346 2585 concentu
363 2557 554 2586 clamantem:
570 2567 582 2583 α
595 2556 693 2585 Gloria
707 2556 737 2586 in
756 2556 881 2586 excelsis
904 2557 974 2593 Deo,
1003 2559 1033 2586 et

244 2648 264 2666 “7
281 2648 383 2676 Cenes.
400 2656 521 2676 xxxvm.

247 2740 401 2779 I(82)_C_olb._
413 2740 441 2779 1ἱ
454 2739 481 2779 2_,
497 2736 591 2779 ἠγνᾴει
607 2737 621 2764 ὁ
638 2737 737 2779 ίξωσήφ
752 2736 786 2773 τῇ
809 2735 874 2779 ,ξένῃ
902 2745 1028 2779 πραγμα-

210 2775 269 2810 τείᾳ
282 2772 313 2802 τὸ
329 2775 353 2802 ιν
369 2775 509 2812 τῇηίιιίηι
520 2772 834 2812 ξὶἀειῃηχρημάτισμᾲν
846 2772 974 2812 ἀγγέὶζουζ

245 2802 302 2848 (£33)
317 2811 363 2848 Sic
378 2802 459 2839 (ibin.
476 2811 501 2848 ι,
512 2810 544 2848 2.
561 2802 726 2848 nuntiati),
742 2802 858 2848 ἀγνοῶν.

248 2843 302 2884 (84)
319 2847 366 2876 Sic
382 2854 454 2875 mss.
470 2843 550 2876 Cblb.
567 2844 646 2874 Editi
666 2853 743 2882 vero,
766 2843 785 2881 ἦ
810 2843 878 2873 κατὰ
902 2844 1028 2884 πρόθεσιν

1062 2333 1145 2371 ¹Ἐἂιν
1179 2332 1234 2370 ἐγὼ
1253 2333 1316 2371 περὶ
1346 2332 1465 2370 ἐμαυτῆς
1498 2335 1673 2371 μαρτυρήσω,
1702 2335 1740 2366 ὡς
1769 2334 1908 2370 κενόδοεός

1084 2388 1126 2408 τις
1155 2377 1347 2415 εὗρεθήσομαι.
1373 2378 1475 2415 Μικρὸν
1502 2379 1714 2416 καρτέρησον,ὧ
1733 2379 1846 2418 Ἰωσήφ,
1865 2379 1907 2406 καὶ

1085 2421 1214 2458 ποιμένες
1243 2431 1273 2448 σι
1298 2421 1445 2449 πείσουιειίν⁸
1477 2421 1558 2459 μάγοι
1586 2432 1614 2450 σε
1640 2422 1909 2462 πληροφορήσουσιν·

1085 2466 1171 2503 ἀστήρ
1200 2476 1229 2493 σε
1253 2464 1420 2501 δυσωπήσει·
1449 2465 1564 2503 ἄγγελοί
1589 2477 1618 2495 σε
1641 2468 1832 2504 κατανῦξουσι.
1859 2470 1909 2495 Nov

1086 2507 1282 2550 ἀμφιϐάλλεις.
1301 2511 1358 2547 μετ’
1373 2510 1404 2537 οὐ
1420 2509 1493 2538 πολὺ
1509 2508 1538 2538 δὶ
1553 2509 1686 2547 δοξάσεις,
1703 2512 1748 2540 ὅτε
1759 2515 1809 2547 τῆς
1835 2511 1909 2540 ἐπου-

1088 2554 1179 2593 ρανίου
1196 2557 1321 2593 στρατιᾶς
1338 2554 1462 2587 ἀκούτεις
1486 2556 1638 2596 συμφώνως
1665 2556 1785 2595 βοώσης·
1809 2569 1822 2583 ‹‹
1847 2556 1911 2593 Δόξα

1082 2738 1297 2773 κατεγγυηθῆναι
1316 2734 1354 2773 μή
1366 2734 1513 2773 πεισθεῖσα.

1119 2769 1175 2810 (85)
1192 2769 1235 2801 Ita
1247 2769 1464 2810 Colb‘._2t_Editl
1474 2779 1553 2810 vero,
1568 2769 1712 2810 ἐπήγεσας.
1729 2772 1810 2801 Idem
1826 2779 1899 2803 mox,

1085 2806 1184 2846 βρέφος
1199 2806 1314 2846 σπαίρει.
1332 2807 1408 2846 βαίιί
1424 2807 1512 2842 male,
1527 2806 1641 2846 σπςίρειζ

1122 2819 1184 2873 εξὲς
1199 2819 1314 2846 σπαιρει.
1333 2819 1408 2836 πιαιιι
1424 2819 1512 2842 male,
1527 2819 1641 2845 σπειρει.

1120 2845 1129 2882 (
1167 2845 1177 2882 >
1191 2843 1269 2873 Colb.
1287 2845 1315 2880 1,
1329 2844 1358 2879 2,
1375 2852 1410 2880 με
1423 2842 1642 2880 καταναγκάζιις.
