4102 6218
391 325 506 383 955

1580 331 1644 387 S.
1691 329 2211 390 A'I‘HANASIUS.
2244 362 2323 372 ——
2355 327 2613 392 DUBIA.

3677 322 3799 384 956

385 457 632 526 jamjam
669 457 1080 530 evangelistam
1118 460 1332 515 Lucam
1369 460 1655 518 dicentem
1690 479 1703 517 :
1739 485 1765 512 α
1802 462 2036 517 Factum

2156 459 2410 534 εχάραξεν
2472 461 2500 514 ὁ
2556 458 2743 531 τόπος,
2807 457 2930 514 ἔνθα
2986 460 3021 526 ἡ
3081 453 3354 532 Παρθένος
3383 453 3654 523 imitor,“
3708 455 3800 507 τὸν

402 553 488 599 est
521 553 714 601 autem
752 565 881 601 cum
918 555 1113 603 essent
1143 549 1246 614 ibi,
1281 549 1506 620 impleti
1538 560 1675 607 sunt
1706 552 1832 606 dies
1863 558 1926 605 ut
1952 568 2045 622 pa-

405 641 556 689 reret
585 637 767 690 tilium
809 654 982 691 suum
1017 638 1496 711 primogenitum,
1550 648 1608 696 et
1653 641 1862 713 pannis
1907 657 2041 695 eum

402 723 662 786 involvit,
713 731 767 778 et
821 725 1119 780 reclinavit
1166 744 1299 781 eum
1331 729 1386 782 in
1421 731 1721 802 praesepio,
1755 731 1893 801 quia
1927 746 2042 784 non

397 819 519 866 erat
551 815 633 868 eis
667 813 828 867 locus
862 815 918 868 in
951 814 1268 871 diversorio
1298 819 1361 872 πθ.
1397 841 1422 867 ιι

2156 548 2372 624 Κύριον,
2400 546 2594 617 ἤκουες
2646 548 2843 624 ἀρτίως
2887 551 2983 602 τοῦ
3031 544 3416 621 εὐαγγελιστοῦ
3477 550 3657 598 Λουκᾶ
3705 542 3804 598 λέο

2151 655 2363 710 γοντος·
2401 663 2428 688 ‹‹
2462 639 2559 692 Καὶ
2592 637 2797 713 ἐγένετο
2829 636 2881 691 έν
2912 641 2990 707 τῷ
3022 637 3156 690 εἶναι
3209 633 3402 688 αὐτοὺς
3454 631 3584 704 έκεῖ,
3634 631 3808 701 ἐπλή-

2153 737 2353 795 σθησαν
2389 729 2443 782 αἱ
2472 728 2673 802 ἡμέραι
2719 731 2816 781 τοῦ
2846 730 3016 781 τεκεῖν
3048 723 3213 792 αὐτὴν
3247 723 3337 776 τὸν
3367 723 3480 777 υἱὸν
3515 721 3678 790 αὐτῆς
3711 721 3805 775 τὸν

2156 818 2268 888 (95)
2333 817 2686 890 πρωτότοκον
2721 836 2734 849 '
2787 815 2876 870 καὶ
2947 813 3356 890 ἐσπαργάνωσεν
3433 811 3592 866 αὐτὸν
3641 856 3656 884 ,
3715 809 3810 864 καὶ

391 900 662 953 ἀνέκλινεν
694 900 850 954 αὐτὸν
881 901 931 956 έν
961 907 1028 974 τῇ
1075 901 1264 980 φάτνῃ,
1299 903 1380 960 ὅτι
1413 906 1512 960 οὑκ
1540 908 1605 974 ἧν
1634 906 1818 968 αὑτοῖς
1848 903 2014 965 τόπος
2049 903 2100 958 έν
2132 908 2211 976 τῷ
2240 903 2605 977 καταλύματι,
2640 931 2666 957 »ι

463 993 517 1041 8.
543 991 585 1043 Ο
621 1008 710 1045 res
743 991 1142 1046 admirabiles!
1198 1010 1382 1065 papae,
1413 1011 1590 1066 quam
1616 996 1828 1064 exigua
1848 993 2044 1060 verba,

397 1095 570 1145 quam
620 1096 833 1148 magna
863 1080 1172 1152 mysteria!
1209 1105 1234 1130 ι(
1271 1082 1510 1138 Factum
1544 1090 1651 1152 est,
1684 1100 1816 1138 cum
1849 1086 2049 1138 essent

395 1166 495 1234 ibi,
533 1167 751 1236 impleti
788 1175 926 1222 sunt
956 1169 1080 1223 dies
1112 1175 1175 1224 ut
1207 1177 1450 1241 pareret.
1486 1194 1514 1221 ιι
1545 1171 1588 1227 Ο
1633 1189 1753 1226 rem
1801 1178 2042 1242 stupen-

396 1255 551 1317 dam,
583 1256 858 1310 Conditor
888 1262 1218 1328 temporum
1250 1260 1556 1314 definitum
1588 1265 1822 1331 tempus
1844 1275 2044 1329 exspe-

395 1341 542 1394 ctati
579 1342 679 1404 QUI
717 1345 1030 1399 terminum
1074 1347 1323 1417 tempori
1373 1349 1698 1418 constituit,
1751 1353 2041 1402 statutum

397 1433 685 1485 mensium
741 1434 998 1503 spatium
1047 1439 1432 1507 exspectavit;
1484 1443 1547 1492 ut
1588 1454 1758 1492 nemo
1793 1437 2043 1508 phanta-

393 1520 541 1573 siam
579 1526 678 1574 aut
710 1524 964 1585 speciem
1000 1528 1232 1580 tantum
1283 1525 1426 1580 illud
1480 1543 1610 1582 esse
1659 1526 2039 1582 existimaret.

388 1631 413 1656 ‹‹
456 1610 686 1663 Factum
723 1617 829 1678 est,
855 1628 990 1666 cum
1022 1619 1221 1668 essent
1252 1613 1353 1684 ibi,
1382 1614 1606 1686 impleti
1639 1619 1778 1670 sunt
1808 1615 1957 1679 dies,
1983 1618 2045 1668 ut

394 1704 622 1766 pareret
672 1700 858 1753 tilium
918 1717 1091 1755 suum
1153 1701 1608 1775 primogenitum
1663 1719 1675 1756 :
1728 1707 1786 1758 et
1834 1701 2044 1774 pannis

392 1802 527 1839 eum
564 1785 803 1842 involvit
833 1794 890 1844 et
919 1788 1221 1845 reclinavit
1250 1808 1385 1846 eum
1409 1791 1467 1846 in
1504 1791 1802 1862 prmsepio.
1826 1810 1856 1841 ι
1910 1791 2042 1846 Per-

391 1877 578 1945 pende
629 1878 937 1946 mysticum
989 1878 1249 1950 Virginis
1295 1885 1529 1952 partum
1583 1897 1596 1934 :
1647 1881 1771 1952 ipsa
1801 1879 2046 1952 peperit,

396 1964 525 2033 ipsa
560 1968 768 2036 pannis
802 1967 1058 2021 involvit.
1099 1967 1254 2024 Inter
1301 1969 1551 2024 feminas
1605 1968 1786 2037 huius
1837 1967 2054 2022 szeculi.

397 2052 508 2105 alia
543 2055 710 2124 parit,
739 2055 852 2109 alia
886 2056 1096 2126 pannis
1128 2056 1387 2125 involvit,
1419 2058 1574 2130 apud
1605 2057 1904 2128 Virginem
1939 2073 2052 2111 non

397 2141 535 2195 item
563 2161 574 2208 ;
611 2144 736 2213 ipsa
774 2145 1016 2216 peperit,
1051 2145 1179 2217 ipsa
1207 2147 1418 2218 pannis
1449 2145 1688 2202 involvit
1709 2163 1722 2199 :
1747 2147 1876 2217 ipsa
1905 2146 2054 2200 infa-

392 2229 646 2299 tigabilis
698 2238 905 2300 mater,
939 2232 1066 2304 ipsa
1095 2233 1378 2289 obstetrix
1411 2235 1537 2290 sine
1586 2235 1886 2305 magistra,
1937 2251 2052 2290 non

391 2320 548 2373 349
579 2324 848 2389 permisit
872 2338 1224 2393 quemquam
1254 2324 1502 2394 impuris
1527 2323 1799 2379 manibus
1821 2329 2049 2395 partum

391 2410 807 2463 intemeratum
869 2409 1244 2482 contingere;
1306 2412 1436 2482 ipsa
1496 2429 1596 2484 per
1646 2429 1774 2467 sese
1829 2401 2054 2467 curavit-

391 2514 548 2558 eum,
571 2499 666 2566 qui
705 2515 767 2550 ex
802 2505 956 2565 se,et
985 2504 1118 2553 ante
1153 2516 1235 2564 sc,
1257 2504 1313 2556 et
1344 2505 1577 2570 prepter
1606 2517 1667 2555 se
1699 2507 1871 2556 natus
1893 2505 2048 2560 erat:

393 2587 493 2638 «(Et
529 2588 736 2655 pannis
771 2605 904 2643 eum
941 2588 1284 2643 involvit:et
1314 2587 1616 2644 reclinavit
1645 2607 1778 2644 eum
1812 2589 1870 2643 in
1905 2606 2049 2659 pra:-

390 2676 713 2744 sepio,quia
749 2694 860 2730 non
895 2682 1020 2731 erat
1050 2677 1133 2731 eis
1168 2678 1328 2732 locus
1363 2677 1418 2732 in
1454 2677 2046 2733 diversorio.»Vides'

389 2780 419 2814 ο
454 2764 684 2830 dilecte,
716 2765 1010 2834 quomodo
1041 2765 1309 2821 Ecclesiae
1339 2772 1542 2839 typum
1576 2766 1745 2820 nobis
1769 2769 1892 2836 jam
1915 2771 2048 2821 ante

388 2852 717 2920 depinxerit.
751 2853 861 2908 vile
893 2853 1034 2909 illud
1071 2853 1588 2921 diversorium,ubi
1622 2854 1790 2926 Virgo
1818 2854 1919 2910 illa
1949 2872 2044 2926 pe-

389 2941 537 3008 perit
573 2959 696 3008 qua:
732 2941 908 2996 semel
945 2946 1173 2997 uterum
1203 2943 1474 3015 gestavit.
1498 2961 1603 3000 nec
1634 2944 1888 2999 secunda
1921 2945 2043 2999 vice

389 3029 610 3097 genuit,
648 3047 749 3081 nec
784 3029 1151 3086 contumeliae
1187 3037 1384 3086 notam
1419 3032 1704 3088 sustinuit
1737 3050 1750 3088 :
1787 3033 1923 3087 licet
1952 3032 2040 3087 iu-

391 3115 515 3167 sani
551 3116 813 3182 quidam,
847 3119 999 3188 quod
1032 3119 1325 3174 audierint
1356 3120 1569 3175 Lucam
1619 3120 2036 3192 evangelistam

2227 995 2281 1049 8.
2317 999 2382 1046 Ὤ
2431 997 2539 1046 τῶν
2574 989 2890 1066 παροδόξων
2936 989 3311 1066 πραγμάτωνί
3351 983 3537 1063 βαϐαὶ,
3567 991 3682 1048 πῶς
3718 1008 3809 1058 μιο

2156 1080 2258 1156 κρᾶ
2312 1084 2379 1136 τὰ
2435 1080 2674 1156 ῥήματα,
2730 1082 2819 1135 καὶ
2883 1078 3090 1154 μεγάλα
3152 1079 3221 1133 τὰ
3279 1078 3804 1152 μυσταγωγήματαί

2158 1195 2184 1219 α
2220 1168 2459 1245 Ἐγένετο
2510 1169 2560 1224 έν
2618 1175 2698 1241 τῷ
2745 1171 2876 1224 εἶναι
2923 1168 3116 1230 αὐτοὺς
3168 1167 3298 1236 έκεῖ,
3350 1165 3696 1236 ἐπλήσθησαν
3754 1165 3811 1218 αἱ

2156 1260 2359 1335 ἡμέραι
2385 1263 2482 1313 τοῦ
2510 1264 2682 1313 τεκεῖν
2743 1257 2931 1328 αὐτήν.
2992 1284 3012 1308 ι
3068 1263 3134 1312 ’Ώ
3157 1261 3264 1312 τῶν
3292 1252 3610 1330 παραδόξων
3666 1273 3809 1324 πρα-

2154 1348 2399 1420 γμάτων,
2459 1349 2487 1402 ὁ
2530 1351 2634 1402 τῶν
2697 1341 2912 1422 χρόνων
2969 1346 3205 1416 ποιητὴς
3257 1345 3558 1420 ὡρισμένον
3608 1341 3810 1418 χρόνον

2156 1435 2503 1511 περιέμενενί
2561 1437 2620 1493 Ὁ
2680 1436 2940 1512 ὁροθέτι,ς
2996 1439 3105 1489 τῶν
3182 1433 3400 1509 χρόνων
3478 1443 3816 1508 προθεσμίαν

2161 1528 2347 1595 μηνῶν
2368 1523 2643 1597 ἀνέμενεν,
2670 1521 2761 1578 ’ἶνα
2796 1521 2988 1597 μηδεὶς
3021 1545 3310 1602 φαντασιαν
3349 1523 3384 1592 ἢ
3437 1519 3658 1590 δόκησιν
3721 1541 3814 1574 νο-

2161 1613 2290 1686 μίσῃ
2321 1615 2454 1686 (96).
2511 1638 2530 1664 ι
2567 1614 2808 1689 Ἐγένετο
2841 1612 2891 1666 ἐν
2923 1617 3002 1684 τῷ
3035 1612 3168 1668 εἶναι
3201 1610 3396 1672 αὐτοὺς
3446 1609 3578 1678 ἐκεῖ,
3636 1607 3811 1679 ἐπλή-

2157 1703 2354 1770 σθησαν
2388 1703 2440 1755 αἱ
2474 1703 2676 1776 ἡμέραι
2705 1706 2802 1756 τοῦ
2831 1707 3002 1756 τεκεῖν
3035 1701 3202 1770 αὐτὴν
3247 1701 3340 1755 τὸν
3371 1698 3484 1753 υἱὸν
3513 1697 3680 1766 αὐτῆς
3723 1697 3816 1750 τὸν

2154 1790 2524 1860 πρωτότοκον·
2569 1791 2658 1845 καὶ
2715 1789 3124 1865 ἐσπαργάνωσεν
3153 1787 3335 1858 αὐτὸν,
3362 1787 3453 1842 καὶ
3495 1785 3808 1841 ἀνέκκλινεν

2166 1878 2324 1934 αὐτὸν
2358 1879 2408 1933 ἐν
2435 1884 2504 1953 τῇ
2538 1879 2725 1957 φάτνῃ.
2762 1905 2782 1930 ι
2819 1877 2998 1936 Βλέπε
3039 1880 3137 1946 τήν
3194 1877 3456 1951 μυστισὴν
3507 1873 3811 1943 άποκ·5τ,σιν

2165 1975 2264 2037 τῆς
2343 1970 2636 2044 Παρθένουο
2709 1969 2842 2039 αὕτη
2918 1967 3115 2040 ἔτεκεν,
3182 1965 3316 2036 αὕτη
3379 1963 3808 2040 ἐσπαργάνωσεν.

2165 2057 2286 2113 Ἐπὶ
2334 2062 2440 2111 τῶν
2495 2062 2774 2128 κοσμικῶν
2822 2061 3085 2132 γυναικῶν
3120 2053 3266 2125 ἄλλη
3296 2053 3486 2125 τίκτει,
3519 2052 3606 2107 καὶ
3661 2050 3807 2122 ἄλλη

2163 2151 2477 2222 σπαργανοῖ·
2539 2145 2624 2200 έπὶ
2685 2143 2742 2200 δὲ
2789 2152 2888 2214 τῆς
2938 2146 3208 2220 Παρθένου
3255 2143 3363 2219 οὐχ
3424 2142 3618 2204 οὕτως·
3674 2141 3807 2211 αῧτη

2163 2231 2356 2302 ἔτεκεν,
2416 2235 2504 2289 καὶ
2560 2234 2694 2304 αὕτη
2755 2233 3186 2309 ἐσπαργάνωσεν
3240 2233 3330 2286 καὶ
3402 2231 3538 2301 αὕτη
3602 2231 3806 2290 ἄκοπος

2165 2325 2349 2399 μήτηρ
2408 2323 2496 2378 καὶ
2553 2320 2838 2384 ἀδίδακτος
2916 2328 3070 2394 μαῖα,
3130 2321 3191 2376 οὐ
3267 2319 3646 2396 συνεχώρησεν
3719 2319 3806 2372 ἆν-

2163 2414 2342 2487 άγνοις
2399 2411 2586 2487 χερσὶν
2643 2415 2755 2484 (97)
2811 2411 3040 2484 ἅψασθαί
3097 2431 3217 2465 τινα
3264 2414 3360 2464 τοῦ
3407 2407 3684 2484 ἆχράντου
3713 2406 3805 2461 τό-

2159 2520 2278 2555 κου·
2338 2497 2469 2571 αὕτη
2549 2497 2638 2555 διὰ
2713 2501 2906 2569 έαυτῆς
2962 2501 3052 2554 τὸν
3123 2498 3174 2570 ἐξ
3231 2497 3420 2567 αὐτῆς,
3475 2497 3584 2572 πρὸ
3642 2495 3807 2563 αὐτῆς

2157 2591 2247 2644 καὶ
2327 2590 2458 2665 ὑπὲρ
2533 2590 2700 2660 αὐτῆς
2770 2589 3136 2664 ἐθεράπευσεν·
3210 2611 3239 2640 ι(
3297 2586 3396 2642 Καὶ
3456 2585 3805 2660 ἐσπαργάνω-

2157 2699 2242 2732 σεν
2328 2679 2510 2747 αὑτὸν,
2593 2679 2685 2733 καὶ
2767 2675 3037 2732 ἀνέκλινεν
3111 2675 3270 2731 αὐτὸν
3347 2673 3398 2728 έν
3465 2678 3536 2748 τῇ
3608 2674 3801 2750 φάτνῃ,

2157 2763 2294 2822 διότι
2326 2768 2425 2822 οὑκ
2451 2767 2518 2836 ἦν
2552 2765 2732 2827 αὐτοῖς
2760 2765 2926 2826 τόπος
2957 2764 3008 2819 έν
3055 2769 3133 2836 τῷ
3160 2761 3524 2836 καταλύματι.
3557 2785 3585 2814 ν
3622 2757 3800 2830 Εἶδες,

2154 2855 2198 2909 ὦ
2245 2855 2389 2934 φίλε,
2441 2860 2558 2917 πῶς
2603 2862 2702 2924 τῆς
2746 2853 3082 2924 Ἐκκλησίας
3125 2853 3215 2907 τὸν
3270 2851 3440 2906 τόπον
3499 2854 3801 2926 προανεζω-

2151 2946 2398 3023 γράφησε
2453 2947 2562 3018 (98)
2610 2944 2672 2999 τὸ
2722 2941 2934 3004 εὐτελές
2982 2943 3348 3017 καταγώγιον,
3394 2938 3520 3004 ἔνθα
3570 2941 3606 3008 ἠ
3653 2943 3796 3012 Παρ-

2151 3034 2300 3096 θένος
2351 3029 2547 3103 ἔτεκεν,
2608 3034 2642 3103 ἡ
2718 3031 2854 3103 ἅπαξ
2924 3032 3333 3108 κυοφορήσασα,
3397 3028 3488 3083 καὶ
3545 3025 3790 3100 δεύτερον

2153 3124 2227 3196 μὴ
2285 3124 2605 3198 γεννήσασα,
2649 3121 2738 3176 καὶ
2786 3115 2992 3196 ὕϐρεως
3037 3118 3264 3197 ἔμφασιν
3302 3119 3376 3192 μή
3440 3115 3787 3189 ὑπομείνασα·

388 3204 471 3255 sic
503 3203 836 3272 loquentem
865 3222 876 3260 :
903 3229 930 3255 ‹‹
966 3207 1033 3261 Et
1064 3209 1285 3279 peperit
1313 3206 1497 3263 tilium
1545 3225 1719 3264 suum
1752 3209 2036 3282 primoge-

2153 3210 2190 3266 ιί
2219 3212 2306 3267 καί
2333 3232 2476 3273 τινες
2537 3209 2808 3283 μανέντες,
2862 3207 2951 3264 διὰ
2996 3210 3057 3263 τὸ
3099 3207 3322 3262 ἀκοῦσαι
3369 3205 3564 3268 αὐτοὺς
3611 3202 3796 3278 λέγον-

387 3291 596 3354 nitum,
635 3315 658 3338 ››
701 3295 1022 3349 secundum
1057 3295 1238 3350 fuisse
1284 3296 1541 3368 Virginis
1591 3297 2031 3369 conceptionem

382 3379 716 3443 docuerint,
755 3383 1250 3455 incorruptionem
1284 3384 1343 3440 in
1375 3385 1804 3456 corruptionem
1840 3392 2032 3442 trans-

389 3472 681 3521 mutantes
718 3487 728 3523 :
763 3471 818 3523 in
852 3470 978 3526 suis
1007 3471 1381 3543 dogmatibus
1411 3473 1492 3529 ita
1537 3473 1842 3546 loquentes
1878 3494 1890 3530 :
1923 3477 2028 3532 Ne-

381 3571 412 3623 q
427 3573 677 3625 unquam
709 3559 1132 3629 primogenitus
1150 3561 1345 3617 dictus
1368 3562 1556 3632 fuerit,
1578 3563 1688 3618 nisi
1711 3566 2033 3636 subsequa-

383 3649 477 3696 tur
512 3645 673 3697 alter.
707 3646 1032 3701 Adversarii
1066 3652 1260 3704 autem
1295 3649 1501 3719 nostri,
1536 3666 1651 3705 non
1701 3652 1872 3706 modo
1925 3653 2028 3707 Lu-

383 3749 508 3786 cam
543 3750 658 3785 suae
694 3735 992 3803 pravitatis
1025 3737 1357 3807 producunt
1404 3743 1647 3806 testem;
1703 3740 1803 3793 sed
1854 3741 2026 3796 etiam

384 3823 799 3893 evangelistam
860 3824 1170 3880 Mathzeum
1232 3827 1331 3898 qui
1381 3844 1449 3883 ea
1497 3828 1623 3898 ipsa
1672 3836 1922 3900 enarret,
1974 3835 2032 3886 et

385 3913 642 3982 apertius
678 3914 867 3967 adhuc
893 3916 1164 3980 afﬁrmet,
1192 3921 1367 3987 atque
1396 3917 1524 3988 ejus
1546 3935 1714 3974 voces
1746 3919 1912 3991 impii
1945 3919 2029 3974 illi

385 4003 706 4069 proferunt,
730 4004 784 4055 in
820 4005 1054 4074 scriptis
1087 3997 1210 4059 suis
1232 4021 1298 4060 ea
1319 4005 1622 4077 loquentes
1654 4024 1779 4080 quea
1810 4008 2028 4081 Joseph

381 4090 437 4140 in
475 4091 693 4143 visione
726 4093 1016 4162 accepisse
1047 4093 1340 4158 scribitur,
1373 4095 1643 4152 Matthan
1674 4097 2031 4168 evangelista

383 4177 611 4230 dicente
641 4197 650 4229 :
680 4206 701 4225 ‹‹
735 4181 1018 4250 Apparuit
1048 4188 1238 4238 autem
1275 4184 1517 4254 angelus
1547 4184 1777 4240 Domini
1799 4187 1856 4241 in
1881 4204 2032 4241 som-

386 4266 474 4318 nis
507 4267 744 4336 Joseph,
781 4269 980 4324 dicens
1014 4286 1027 4324 :
1060 4271 1275 4342 Joseph
1309 4271 1390 4326 ﬁli
1422 4273 1622 4343 David,
1657 4274 1770 4330 noli
1826 4276 2031 4331 timere

387 4355 646 4424 accipere
683 4357 917 4411 Mariam
951 4359 1260 4430 conjugem
1287 4366 1464 4428 tuam,
1500 4363 1651 4434 quod
1689 4363 1843 4418 enim
1878 4366 1934 4420 in
1965 4383 2033 4421 ea

388 4450 588 4497 natum
625 4450 731 4510 est,
765 4462 829 4498 ex
860 4447 1074 4517 Spiritu
1121 4453 1321 4503 sancto
1369 4454 1480 4507 est.
1531 4451 1787 4524 Surgens
1835 4458 2029 4510 autem

2141 3321 2234 3362 τος
2263 3305 2361 3355 τοῦ
2407 3299 2786 3376 εὗαγγελιστοῦ
2840 3303 3040 3354 Λουκᾶ·
3092 3321 3121 3350 ‹‹
3172 3295 3272 3351 Καὶ
3321 3293 3467 3351 ἔτεκε
3523 3294 3616 3349 τὸν
3678 3291 3791 3348 υἱόν

2140 3393 2307 3459 αὐτῆς
2335 3388 2426 3444 τὸν
2458 3387 2828 3465 πρωτότοκον,
2865 3411 2894 3439 ››
2942 3385 3031 3442 καὶ
3066 3383 3314 3461 δευτέραν
3365 3383 3644 3457 σύλληψιν
3691 3388 3786 3451 τῆς

2143 3476 2410 3551 Παρθένου
2442 3474 2798 3553 ἱδογμάτισαν
2844 3478 2977 3549 (99),
3025 3475 3124 3543 τήν
3172 3472 3468 3550 ἀφθαρσίαν
3525 3471 3604 3533 είς
3657 3482 3786 3549 φθο-

2141 3568 2234 3642 ρὰν
2305 3561 2762 3640 μεταϐάλλοντες·
2816 3564 3105 3643 φάσκοντες
3157 3562 3208 3618 έν
3253 3568 3369 3624 τοῖς
3430 3561 3656 3622 οἰκείοις
3705 3557 3787 3614 86-

2138 3674 2361 3731 γμασιν·
2413 3655 2523 3710 Οὔκ
2573 3654 2630 3709 ἂν
2683 3653 2908 3730 Αεχθείη
2960 3651 3331 3729 πρωτότοκος,
3392 3647 3646 3723 δευτέρου
3709 3648 3780 3720 μή

2138 3741 2743 3818 παρακολουθήσαντος.
2803 3742 2880 3800 Οὐ
2932 3742 3096 3814 μόνον
3141 3738 3198 3795 δὲ
3247 3741 3297 3794 οἱ
3331 3737 3382 3809 ἐξ
3433 3737 3667 3799 ἐναντίας
3694 3736 3779 3790 τὸν

2139 3839 2348 3888 Λουκᾶν
2389 3840 2490 3902 τῆς
2549 3831 2750 3894 οἰκείας
2807 3827 3135 3901 ἀϐελτηρίας
3182 3823 3592 3904 προϐάλλονται
3659 3825 3782 3901 μάρ-

2135 3942 2292 3996 τυρα,
2323 3921 2470 3977 ἀλλὰ
2524 3920 2613 3975 καὶ
2659 3921 2751 3975 τὸν
2801 3917 3192 3995 εὖαγγελιστήν
3239 3917 3512 3972 Ματθαῖον
3560 3915 3628 3970 τά
3657 3914 3784 3969 αὐτᾶ

2143 4009 2437 4082 μηνύοντα,
2498 4007 2586 4062 καὶ
2644 4007 2723 4064 ἔτι
2801 4008 3122 4085 σαφέστερον
3198 4007 3606 4080 παρεγγυῶντα·
3667 4002 3780 4066 ὅθεν

2137 4097 2350 4160 καὶτὰς
2400 4095 2599 4152 ἐκείνου
2658 4095 2827 4166 λέξεις
2890 4097 3336 4172 φανεροποιοῦσιν
3397 4093 3448 4146 οἱ
3509 4090 3684 4165 ἄθεοι,
3730 4091 3778 4146 έν

2135 4193 2253 4248 τοῖς
2327 4185 2528 4240 ἑαυτῶν
2607 4185 2987 4261 συγγράμμασι
3063 4181 3314 4258 λέγοντες
3390 4183 3524 4257 ἅπερ
3583 4181 3783 4259 Ἰωσήφ

2140 4275 2192 4331 έν
2225 4275 2453 4346 ὀπτασίᾳ
2482 4277 2559 4346 (1)
2609 4271 2894 4346 δεξάμενος
2945 4272 3362 4348 ἀναγέγραπται,
3411 4274 3509 4324 τοῦ
3567 4270 3781 4346 εὐαγγε-

2141 4363 2328 4420 λιστοῦ
2380 4361 2665 4420 Ματθαίου
2715 4361 2987 4439 λέγοντος·
3045 4383 3070 4416 α
3118 4367 3295 4438 ’Ώφθη
3333 4357 3390 4414 δὲ
3420 4359 3660 4434 ἄγγελος
3692 4366 3785 4414 Ku-

2142 4452 2260 4528 ρίου
2292 4453 2406 4506 κατ’
2437 4451 2562 4527 ὅναρ
2605 4455 2686 4523 τῷ
2731 4452 2956 4529 Ἰωσὴφ,
3008 4448 3206 4524 λέγων·
3261 4448 3462 4524 Ἰωσὴφ
3511 4447 3630 4510 υίὸς
3690 4457 3784 4502 Δα-

384 4532 624 4602 Joseph,
661 4536 758 4598 ait,
795 4536 1018 4608 accepit
1071 4537 1315 4592 Mariam
1363 4539 1672 4611 conjugem
1721 4558 1926 4611 suam;
1975 4551 2032 4598 et

2153 4536 2250 4612 ὶδ,
2297 4541 2373 4614 μή
2429 4535 2676 4618 φοϐηθῇς
2730 4534 3064 4617 παραλαϐεῖν
3125 4537 3370 4629 Μαριὰμ-
3410 4538 3511 4606 τὴν
3559 4538 3784 4629 γυναῖκά

387 4639 498 4676 non
552 4625 818 4692 cognovit
859 4641 984 4679 eam
1019 4625 1200 4681 donec
1234 4627 1457 4698 peperit
1487 4628 1672 4684 {ilium
1707 4646 1880 4685 suum
1911 4633 2026 4703 pri-

386 4713 743 4782 mogenitum
778 4714 839 4768 7’.
866 4732 892 4764 ιο
937 4713 1125 4769 Simili
1156 4715 1324 4770 modo
1353 4716 1665 4772 adversarii
1703 4717 1810 4773 has
1858 4736 2026 4777 voces

384 4808 744 4869 mutuantur,
796 4808 858 4857 ut
887 4801 1200 4875 gloriosam
1236 4803 1533 4876 Virginem
1564 4807 1822 4862 secundo
1853 4825 2024 4880 pepe-

382 4891 527 4943 risse
561 4893 820 4946 doceant.
858 4892 966 4947 Sed
1003 4908 1184 4965 apage
1213 4892 2029 4954 absurditatemzimmacula-

382 4986 506 5033 tum
543 4998 782 5051 prorsus
817 4982 1141 5052 permansit
1173 4981 1280 5038 hoc
1311 4983 1686 5057 virginale,et
1707 4985 2027 5059 gloriosum

455 5096 498 5129 το
531 5096 659 5151 Luc.
694 5114 755 5163 Ii,
788 5099 841 5167 6,
872 5097 926 5153 7.
1003 5099 1045 5135 ἠ
1077 5097 1280 5154 Matth.
1304 5115 1346 5171 ι,
1375 5100 1566 5157 20-25.

453 5222 565 5291 (95)
596 5221 753 5274 Colb.
787 5223 848 5291 ,1,
906 5222 963 5289 2,
1022 5219 1188 5290 αὐτὴν
1243 5223 1333 5277 καὶ
1389 5219 1565 5280 ἓτεκεν
1610 5226 1699 5280 τὸν
1758 5248 1816 5285 π.
1853 5228 2028 5286 Paulo

387 5298 516 5362 post
547 5289 744 5360 iidem,
781 5289 917 5346 διότι
947 5292 1045 5347 οὑκ
1071 5289 1160 5362 ἦν,

454 5366 567 5432 (96)
605 5364 975 5443 Colbertinus
1006 5368 1233 5443 pri_mus
1263 5371 1320 5421 et
1351 5367 1878 5443 secundusvopia-n
1927 5371 2028 5439 τήν

385 5429 641 5506 ἔνσαρκον
680 5429 1448 5512 οἰκονομίανῖ-’Έτεκεηφη-σὶ,
1475 5438 1564 5492 τὸν
1595 5441 1716 5496 rte»
1745 5429 1936 5512 fuerim

460 5509 569 5584 {97)
604 5509 764 5584 Coll).
806 5506 1094 5584 139917520".
1117 5506 1512 5584 χερσίξμιῃΐτᾱ
1558 5520 1689 5584 post
1740 5510 1789 5582 ἐξ
1845 5506 2030 5581 αὖτῆς,

385 5579 601 5705 legitur
632 5579 719 5630 καὶ
754 5580 858 5653 πρὸ
888 5579 1054 5650 αὐτῆς
1113 5579 1170 5636 in
1201 5579 1514 5640 codicibus
1558 5579 1732 5654 11133.,
1773 5579 1943 5642 secus
1968 5579 2031 5641 in

393 5666 422 5704 e
471 5652 585 5705 itis.

393 5652 585 5706 editis.

2138 4650 2253 4686 σου·
2311 4630 2373 4685 τὸ
2429 4629 2529 4705 γὰρ
2589 4628 2643 4684 ἐν
2700 4627 2836 4702 αὐτῇ
2885 4630 2962 4701 (2)
3017 4628 3294 4703 γεννηθὲν,
3354 4624 3414 4680 ἐκ
3470 4625 3781 4699 nutant;

2137 4718 2277 4774 ἐστιν
2353 4717 2526 4793 ἀγίουο
2601 4718 2857 4779 ’Δναστάς
2925 4715 3002 4787 δὶ,
3079 4714 3263 4794 φησὶν,
3336 4714 3564 4792 Ἱωσὴφ,
3645 4736 3782 4792 παρ-

2139 4803 2301 4864 έλαϐε
2329 4806 2556 4883 Μαριὰμ
2605 4807 2703 4875 τὴν
2761 4811 2984 4881 γυναῖκα
3042 4805 3229 4872 αὐτοῦ,
3277 4803 3367 4858 καὶ
3420 4801 3787 4879 ἐπορεύθησαν

2141 4897 2215 4960 εἷς
2277 4895 2566 4972 Αἰγυπτνν·
2627 4896 2715 4949 καὶ
2793 4893 2892 4949 οὐκ
2963 4893 3249 4968 έγίνωσκεν
3321 4890 3512 4962 αὐτὴν,
3568 4890 3677 4956 ἓως
3725 4893 3785 4948 οὗ

2142 4986 2286 5042 ἔτεκε
2338 4986 2428 5040 τὸν
2461 4984 2579 5040 υἱὸν
2612 4983 2777 5053 αὐτῆς
2805 4983 2896 5038 τὸν
2953 4981 3324 5060 πρωτότοκον.
3354 5004 3382 5032 ››
3430 4981 3670 5056 Ὁμοίως
3701 4983 3786 5039 καὶ

2207 5228 2324 5299 (98)
2362 5225 2520 5299 Coll}.
2555 5227 2608 5296 1,
2636 5220 3234 5299 2,_7tpos_Cw-{paiipqctv.

2209 5293 2322 5371 (99)
2341 5293 2644 5371 _26)t)cr,qlw
2674 5293 3026 5371 ἐδογμάτισκν
3056 5293 3156 5364 τὴν
3191 5293 3453 5368 Παρθένον
3477 5295 3786 5369 ὑπομεῖναι.

2183 5371 2234 5426 ic
2265 5369 2421 5426 Csib.
2457 5370 2508 5436 1,
2540 5369 2596 5426 2.

2139 5372 2234 5427 Sic
2265 5372 2421 5426 Cslb.
2457 5372 2508 5436 1,
2540 5372 2596 5426 2.

2211 5442 2404 5516 (1)_lta
2446 5440 2605 5516 C_olb'
2656 5442 2712 5512 2,
2762 5444 2938 5496 recte.
2987 5438 3139 5494 Editi
3189 5453 3325 5494 vero
3365 5437 3535 5516 φαλὶν
3590 5439 3786 5515 Ἰωσὴφ

2150 5511 2263 5584 μετ’
2296 5511 2550 5584 ὀπτασίαν
2562 5555 2575 5567 .

2214 5584 2416 5672 (2)‘Si£
2457 5583 2637 5672 gplb.‘
2674 5584 2725 5652 1,
2761 5585 2830 5672 ‘2.
2880 5580 3237 5672 Editilvero,
3261 5576 3482 5672 ,λέγωνξ
3534 5580 3784 5672 ίΔναε-ιρς

2144 5647 2436 5732 παράλαϐε
2461 5652 2692 5731 Μαριὰμ
2711 5647 2815 5724 τὴν
2847 5649 3078 5728 γυναῖκά
3106 5647 3234 5726 σου,
3257 5647 3394 5708 διότι
3424 5651 3486 5708 τὸ
3539 5652 3595 5709 δν
3628 5651 3780 5725 αὐτῇ.
