4102 6218
3448 0 3555 29 val-1-
3638 2 3649 7 -
3674 0 3693 9 ι
3710 0 3729 23 ἶ
3752 0 3911 19 ,τῇ
3988 0 4021 13 v
4078 0 4093 177 ἰ

423 359 543 418 959
1618 371 1683 430 S.
1731 369 2251 431 ATHANASIUS.
2283 403 2360 413 —
2390 370 2650 433 DUBlA.
3718 370 3859 429 960

1184 536 1247 543 μον
1288 538 1537 546 -.ματ-..α
1560 541 1693 547 ,σ-μ-
1718 537 3851 547 μο-ν-ψ-ηιρ-..--α“-Α-*ο“.ψ-ψ-“-“-ξιηα-

1210 689 1279 744 ΙΝ
1327 689 1725 746 SERMONEM
1764 690 1857 745 DE
1905 690 2360 747 NATIVITATzE
2396 690 2675 747 CHRISTI
2721 689 2825 745 ΜΟ

1436 690 1725 746 ὶΜΟΝΕΜ
1764 690 1857 745 DE
1905 690 2360 747 NATIVITATzE
2396 690 2675 747 CHRISTI
2721 688 3056 745 MONITUM

502 821 665 875 [laud
696 826 777 876 ita
803 824 1021 893 pridem
1048 841 1355 880 sermonem
1384 827 1452 882 de
1480 829 1783 882 Nativitate
1814 827 2018 882 Christi
2044 843 2113 882 ea:
2154 828 2462 882 Barociano
2508 827 2711 897 codice,
2759 842 2861 881 sua
2906 843 3079 881 manu
3115 827 3471 897 exscriptum,
3539 828 3866 881 transmisit

423 909 581 961 nobis
620 911 711 963 vir
739 910 1084 966 doctissimus
1130 914 1358 968 Jacobus
1403 916 1551 978 Mitt,
1606 914 1939 985 principalis
1984 916 2211 985 collegii
2262 915 2605 979 Oxoniensis,
2637 916 2792 985 cujus
2819 916 3101 982 prolixam
3146 930 3274 985 erga
3320 930 3417 970 nos
3486 914 3859 976 voluntatem,

424 997 589 1065 inque
616 998 823 1053 studiis
852 1002 1055 1055 nostris
1083 1004 1469 1069 promovendis
1499 1002 1827 1058 desiderium
1857 1020 1971 1059 non
1997 1005 2160 1058 semel
2189 1005 2403 1073 experti
2438 1019 2649 1058 sumus.
2701 1004 2989 1058 lndicarat
3020 1005 3132 1074 ipse
3179 1004 3341 1060 nobis
3393 1004 3452 1058 in
3501 1002 3735 1074 quodam
3760 1018 3859 1058 co-

423 1084 543 1139 dice
595 1088 902 1144 Barociano
933 1098 1043 1143 tres
1073 1096 1297 1145 exstare
1331 1093 1592 1147 homilias
1621 1092 1916 1149 Athanasio
1941 1093 2267 1147 attributas.
2300 1092 2739 1163 Roganlibusque
2767 1096 2828 1147 ut
2856 1109 3049 1148 carum
3078 1094 3235 1148 nobis
3261 1093 3477 1163 copiam
3502 1094 3701 1162 facere,
3734 1092 3863 1147 haec

424 1174 521 1227 ille
552 1178 829 1246 rescripsit
859 1196 877 1232 :
910 1178 1194 1233 Homilies
1229 1182 1299 1234 de
1330 1180 1644 1236 Nativitate
1680 1181 1890 1236 Christi
1924 1182 2079 1253 quod
2112 1187 2358 1253 spectat,
2382 1186 2616 1239 exstant
2646 1181 2769 1236 ista:
2801 1199 3009 1237 omnes
3039 1181 3099 1237 in
3129 1182 3443 1253 exemplari
3473 1181 3573 1236 illo
3603 1197 3715 1237 ms.
3759 1189 3861 1244 cui

425 1269 697 1333 acceptas
730 1265 955 1335 pridem
986 1268 1146 1322 dedit
1180 1268 1252 1323 cl.
1286 1267 1622 1324 Holstenius
1654 1269 1927 1325 homilias
1960 1286 2106 1341 quas
2140 1271 2198 1324 in
2230 1276 2456 1325 tomum
2493 1275 2545 1324 ll
2593 1270 2847 1341 Operum
2903 1271 3206 1326 Athanasii
3241 1272 3311 1325 ad
3347 1270 3523 1326 finem
3554 1270 3859 1338 conjectas

423 1352 606 1421 vides,
643 1353 869 1424 Primis,
903 1356 1075 1426 cujus
1106 1358 1510 1428 apographum
1545 1360 1765 1429 petitis,
1798 1376 1933 1430 pars
1965 1362 2043 1429 pri

2241 1375 2341 1430 lue
2366 1359 2436 1414 ad
2466 1359 2644 1414 verba
2675 1360 2810 1421 ista,
2864 1359 2953 1412 καὶ
2986 1358 3031 1412 εἰ
3067 1356 3264 1433 βούλῃ,
3295 1358 3596 1431 ἐρώτησον,
3626 1365 3763 1428 etc.,
3784 1373 3861 1412 ex

424 1439 666 1497 homilia
697 1447 950 1514 quadarn
983 1453 1251 1518 excerpta
1272 1448 1632 1519 est(rejectis
1665 1448 1801 1503 hinc
1836 1449 1967 1504 inde
1999 1448 2269 1519 plurimis
2300 1467 2403 1522 pro
2426 1449 2667 1506 arbitrio
2697 1449 3085 1519 deﬂoratoris)
3108 1465 3286 1520 quam
3310 1449 3423 1504 sub
3445 1445 3862 1520 Chrysostomi

424 1532 661 1587 nomine
694 1534 846 1589 inter
878 1530 1363 1612 ἀμφισϐητούμενα
1395 1555 1429 1593 a
1476 1536 1689 1593 Savilio
1721 1538 2051 1609 evulgatam
2085 1538 2266 1594 habes
2296 1546 2455 1595 tomo
2491 1543 2556 1608 V,
2607 1556 2853 1612 quaeque
2876 1538 3109 1610 jamdiu
3141 1538 3556 1610 Chrysostomo
3615 1536 3859 1607 adjudi-

423 1627 550 1676 cata
599 1628 689 1677 est
732 1640 765 1678 a
816 1625 1025 1697 Cyrillo
1068 1626 1476 1691 Alexandrino,
1514 1627 1659 1681 libro
1716 1628 1797 1683 Ad
1841 1630 2095 1698 Reginus.
2142 1627 2386 1700 Reliqua
2433 1628 2651 1695 omnia,
2704 1628 2832 1683 luce
2881 1634 3165 1699 quantum
3197 1627 3361 1683 video
3416 1644 3533 1682 non
3583 1626 3857 1697 indigna,

424 1708 665 1765 aliunde
697 1712 1012 1784 desumpta
1042 1721 1200 1769 sunt.
1236 1715 1547 1771 Homiliam
1578 1715 1864 1788 integram
1897 1716 2051 1771 dedi.
2087 1717 2356 1772 Secunda
2387 1718 2629 1772 homilia
2657 1717 2727 1771 de
2760 1716 3077 1771 Nativitate
3107 1714 3344 1781 Christi,
3380 1715 3610 1786 integra
3637 1716 3747 1769 sub
3786 1712 3862 1767 ti-

424 1798 546 1853 tulo
606 1799 1003 1871 Chrysostomi
1037 1808 1194 1858 extat
1222 1804 1282 1857 in
1317 1810 1473 1859 torno
1506 1808 1573 1870 V,
1623 1821 1692 1860 ex
1749 1804 2005 1859 editione
2064 1804 2370 1860 Fronlonis
2417 1805 2611 1861 Duca-i
2660 1805 2818 1859 hom.
2869 1805 2961 1870 31,
2995 1809 3059 1859 ut
3096 1810 3154 1859 et
3182 1804 3357 1859 tertia
3385 1808 3530 1859 tom.
3564 1802 3613 1856 V
3642 1802 3856 1872 Savil.,

422 1888 673 1959 praeﬁxis
702 1890 987 1946 duntaxat
1017 1891 1145 1948 istis
1174 1893 1367 1948 verbis
1399 1909 1413 1947 :
1448 1891 1499 1945 τί
1523 1896 1684 1946 τοῦτο
1717 1897 1942 1963 σημεῖον
1977 1892 2042 1945 ἀν

2239 1911 2444 1965 μενονς
2497 1896 2622 1950 Ilaec
2652 1896 2737 1949 vir
2782 1894 3148 1948 clarissimus.
3198 1894 3401 1948 Prima
3447 1894 3632 1962 itaque
3666 1890 3851 1945 homi-

424 1977 523 2045 lia,
555 1995 693 2048 quae,
725 1984 787 2033 ut
814 1980 978 2048 probe
1004 1983 1219 2037 monuit
1257 1998 1389 2052 ipse,
1418 1983 1596 2037 multa
1624 1987 1799 2053 re/ert
1830 1984 1989 2038 initio
2017 1999 2088 2038 ea:
2114 1999 2363 2039 sermone
2393 1986 2451 2037 in
2483 1985 2841 2040 Nativitatcm
2872 1982 3096 2049 Christi,
3127 1998 3251 2038 cuso
3283 1984 3343 2036 in
3377 1982 3411 2036 ν
3437 1986 3565 2037 tom.
3597 1980 3847 2052 Operam

424 2065 793 2137 Chrysostomi
818 2085 888 2123 ex
918 2070 1158 2125 editione
1176 2070 1380 2125 Savilii
1404 2088 1460 2141 p.
1492 2071 1618 2137 846,
1652 2073 1797 2126 inier
1824 2064 2307 2146 ἀμφίϐαλλὸμενα,
2341 2073 2478 2137 haec,
2511 2074 2760 2143 inquam,
2794 2073 3043 2139 homilia,
3077 2075 3208 2143 quia
3262 2072 3508 2141 exceptis
3562 2070 3845 2129 clausulis

420 2157 707 2211 nonnullis
752 2158 850 2213 sub
898 2160 1126 2213 initium
1168 2160 1298 2213 hinc
1338 2160 1465 2215 inde
1511 2160 1796 2231 dispersis,
1848 2162 1971 2215 alia
2000 2163 2224 2216 omnino
2255 2171 2331 2216 est
2356 2162 2424 2216 ab
2464 2162 2564 2216 illa
2609 2162 2925 2227 Saviliana,
2960 2160 3163 2215 idcirco
3194 2160 3285 2215 hic
3316 2163 3466 2214 inter
3491 2158 3847 2229 supposititia

419 2246 597 2299 locum
623 2245 785 2301 habet
813 2264 831 2301 :
860 2264 991 2301 nam
1021 2264 1087 2304 ne
1114 2249 1387 2319 suspicari
1415 2250 1633 2319 quidem
1656 2250 1783 2304 licet
1810 2264 1932 2304 eum
1959 2266 2073 2305 esse
2101 2249 2394 2305 Athanasii
2418 2268 2437 2305 :
2463 2265 2585 2304 cum
2620 2248 2827 2320 liquido
2858 2253 3057 2303 constet
3097 2250 3274 2318 fuisse
3304 2248 3461 2302 illam
3490 2263 3562 2301 ea:
3591 2245 3843 2301 laudata.

422 2333 800 2403 Chrysostomi
826 2336 1061 2391 homilia
1090 2337 1155 2391 de
1182 2338 1481 2392 Nativitate
1507 2346 1819 2407 excerptum
1847 2357 1869 2392 :
1896 2355 2089 2409 quam,
2140 2346 2199 2393 ut
2239 2338 2454 2393 erudite
2494 2338 2727 2393 advertit
2775 2339 2860 2392 vir
2907 2337 3275 2404 clarissimus,
3308 2335 3684 2407 Chrysostomo
3735 2334 3846 2389 ad-

412 2422 771 2492 judicandam
826 2425 1015 2480 suadet
1071 2426 1331 2497 Cyrillus,
1364 2429 1462 2497 qui
1509 2444 1638 2483 eam
1695 2433 1755 2482 ut
1808 2429 2178 2497 Chrysostomi
2234 2429 2411 2497 fetum
2457 2430 2723 2482 memorat
2756 2428 2815 2481 in
2847 2426 2987 2481 libro
3015 2429 3136 2485 ταῖς
3170 2420 3520 2484 Βασιλίσσαις
3552 2425 3844 2494 inscripto,

418 2529 474 2581 p.
507 2513 598 2576 50,
629 2514 730 2567 ubi
766 2514 883 2583 ejus
925 2516 1303 2585 fragmentum
1332 2531 1442 2570 non
1472 2515 1746 2570 modicum
1786 2517 1967 2587 aﬂ'ert.
2000 2515 2247 2570 Secunda
2276 2532 2397 2586 quae
2428 2518 2575 2571 inter
2602 2515 2974 2586 Chrysostomi
3021 2515 3201 2582 Opera
3245 2515 3481 2569 habetur
3512 2516 3574 2568 in
3601 2512 3848 2568 editione

423 2602 714 2655 Frontonis
743 2605 936 2657 ι)ωωί
965 2620 1193 2659 numero
1223 2604 1311 2670 3i,
1351 2621 1406 2674 p.
1438 2605 1560 2673 417,
1594 2610 1646 2659 et
1677 2607 1847 2659 tertia
1876 2620 2002 2676 quae
2032 2607 2180 2659 inter
2225 2605 2464 2675 ejusdem
2497 2604 2870 2677 Chrysostomi
2919 2610 3111 2673 Opera
3158 2607 3432 2674 comparet
3487 2605 3549 2658 in
3594 2602 3842 2658 «titione

422 2688 640 2753 Savilii,
671 2692 805 2746 tom.
851 2692 903 2759 V,
934 2708 988 2761 p.
1019 2692 1143 2760 851,
1175 2708 1300 2747 cum
1333 2695 1390 2747 in
1419 2693 1532 2747 solo
1570 2695 1880 2748 Barociano
1912 2694 2093 2748 codice
2125 2695 2385 2766 legantur
2425 2696 2647 2749 nomine
2693 2695 3005 2757 Athanasii,
3034 2709 3103 2748 ex
3144 2695 3339 2748 mendo
3385 2697 3524 2762 pula
3572 2690 3837 2762 quodam,

423 2778 668 2847 aliasque
699 2780 755 2832 in
786 2781 951 2833 editis
979 2788 1030 2834 et
1057 2779 1330 2835 codicibus
1370 2782 1503 2835 bene
1548 2782 1737 2836 multis
1784 2785 1993 2837 exstent
2040 2782 2405 2853 Chrysostomi
2446 2784 2691 2849 nomine,
2725 2785 2785 2837 in
2814 2783 3063 2838 editione
3104 2782 3354 2851 ejusdem
3403 2780 3771 2851 Chrysostomi
3802 2795 3841 2833 a

420 2866 576 2921 nobis
604 2867 929 2923 adornanda
956 2878 1293 2939 reponentur
1326 2886 1338 2924 :
1372 2871 1581 2940 ibique,
1612 2870 1717 2925 Deo
1748 2872 1990 2937 iuvante,
2023 2871 2154 2941 quid
2185 2872 2250 2926 de
2280 2872 2399 2926 illis
2427 2871 2770 2927 sentiendum
2801 2871 3176 2942 indagabitur.

492 2957 787 3026 Propalam
817 2966 999 3012 autem
1031 2962 1109 3013 est
1138 2957 1279 3013 hanc
1307 2976 1471 3029 quam
1500 2959 1728 3027 edimus,
1756 2963 1877 3031 post
1906 2962 2140 3016 Nestor-ii
2175 2977 2351 3016 (eoum
2378 2962 2765 3032 conscriptam,
2797 2977 2891 3016 seu
2934 2962 3115 3031 potius
3143 2960 3583 3015 consarcinatum
3607 2958 3784 3029 fuisse
3819 2976 3837 3011 :

422 3060 491 3097 ex
540 3047 609 3099 iis
660 3047 861 3100 scilicet
910 3061 1035 3117 quae
1078 3062 1174 3117 pro
1223 3049 1513 3103 asserenda
1560 3064 1682 3104 voce
1728 3044 2001 3123 Θεοδόχος
2042 3050 2320 3105 dicuntur.
2369 3053 2844 3107 Commonstratur
2890 3053 3038 3106 enim
3086 3054 3149 3105 Β.
3208 3049 3481 3119 Virginem
3532 3063 3636 3103 non
3666 3046 3839 3101 modo

422 3131 705 3197 Θεοτόκον,
738 3150 925 3189 verum
955 3138 1126 3189 etiam
1149 3133 1411 3188 Θεοτὸκον
1440 3152 1573 3191 esse.
1606 3138 1670 3192 At
1697 3138 1857 3192 nulla
1884 3143 2001 3194 erat
2030 3157 2042 3195 ε

2220 3140 2463 3195 thanasii
2490 3138 2557 3194 de
2588 3155 2711 3195 voce
2739 3137 3002 3199 Θεοτόκος
3033 3140 3427 3201 controversia,
3460 3153 3575 3209 qua
3604 3138 3840 3191 demum

420 3221 655 3275 Nestorii
682 3231 920 3293 tempore
948 3227 1092 3278 mola
1121 3226 1250 3295 fuit.
1285 3225 1654 3293 Quamobrem
1684 3242 1783 3282 nec
1834 3226 2125 3282 Athanasii
2153 3243 2284 3297 esse,
2317 3244 2417 3283 nec
2444 3236 2572 3284 ante
2599 3229 2911 3284 Nestorium
2941 3226 3184 3298 prodisse
3214 3226 3447 3281 videtur.

2093 3419 2163 3431 —

1585 3543 1712 3596 ΤΟΥ
1752 3544 1836 3594 EN
1878 3545 2106 3596 ΑΓΙΟΙΣ
2149 3546 2418 3596 ΠΑΤΡΟΣ
2460 3546 2649 3597 ΗΜΩΝ

1762 3707 2492 3806 ΑΘΑΝΑΣΙΟΥ

1527 3897 1640 3951 ΕΙΣ
1681 3900 1813 3950 ΤΗΝ
1856 3898 2203 3955 ΓΕΝΝΙΙΣΙΝ
2241 3902 2368 3956 ΤΟΥ
2406 3902 2716 3959 ΧΡΙΣΤΟΥ.

1497 4209 1589 4303 S.
1667 4208 1777 4303 P.
1853 4210 1970 4304 N.
2047 4212 2763 4309 ATHANASII

1686 4389 1763 4443 ΙΝ
1799 4389 1948 4446 ΝΑΤΙ
1960 4390 2242 4449 νιΤΑΤεΜ
2286 4391 2569 4449 CHRISTI.

492 4695 541 4747 1.
576 4693 912 4763 Mysterium
937 4693 1099 4747 video
1125 4709 1359 4757 novum,
1390 4692 1530 4748 solis
1554 4692 1678 4748 loco
1696 4692 1876 4748 solem
1901 4695 2067 4765 justi-
2097 4722 2112 4763 λ

2253 4698 2305 4752 1.
2339 4698 2649 4772 Μυστήριον
2678 4696 2821 4767 ξένον
2851 4694 3059 4772 βλέπω,
3083 4697 3198 4752 ἀντί
3222 4693 3388 4767 ἡλίου
3416 4698 3507 4750 τὸν
3539 4693 3700 4765 ἥλιον
3726 4696 3833 4760 τῆς

420 4782 512 4836 tias
546 4783 601 4837 in
632 4782 933 4855 Virginem
967 4782 1183 4849 venire,
1225 4781 1734 4855 incircumscripto
1764 4784 1957 4838 modo.
1993 4784 2038 4839 N

2222 4786 2534 4854 ικαιοσύνης
2590 4786 3009 4862 ἀπεριγράπτως
3068 4787 3395 4861 χωρήσαντα
3449 4784 3501 4839 ἐν
3559 4786 3627 4857 τῇ
3677 4786 3833 4858 Παρ-

420 4888 613 4942 quazre
633 4874 943 4943 quomodo,
967 4872 1065 4927 ubi
1102 4873 1211 4927 Deo
1243 4872 1323 4926 ita
1354 4870 1560 4944 placet,
1587 4877 1899 4943 superatur
1930 4874 2040 4928 ordl

2215 4873 2337 4946 ένῳ.
2374 4874 2474 4931 Καὶ
2529 4877 2603 4948 μὴ
2661 4877 2807 4946 ζήτει
2840 4880 2975 4936 πῶς·
3023 4874 3159 4929 ὅπου
3215 4874 3316 4950 γὰρ
3364 4874 3493 4936 Θεὸς
3548 4870 3833 4947 βούλεται,

423 4966 663 5016 natura.
697 4961 960 5032 Namque
990 4960 1191 5021 voluit.
1227 4961 1436 5033 potuit,
1470 4961 2043 5029 descendit,redemit

2211 4969 2386 5017 ικᾶται
2416 4962 2625 5039 φύσεως
2654 4964 2821 5035 τάξις.
2864 4959 3180 5034 ’Πὸουλήθη
3232 4964 3355 5040 γὰρ,
3406 4960 3666 5033 ἠδυνήθη,
3694 4981 3830 5016 κατ-

424 5048 545 5104 Una
568 5050 897 5105 concurrite
918 5050 1148 5106 omnia:
1175 5050 1328 5105 Deus
1350 5049 1449 5120 qui
1474 5049 1701 5105 exsistit
1727 5054 1784 5105 et
1807 5053 2044 5121 praeexsi

2222 5050 2368 5123 λοεν,
2430 5049 2615 5111 ἔσωτε.
2678 5050 3016 5129 Συνδράμετε
3071 5054 3262 5107 πάντα’
3323 5053 3451 5113 Θεὸς
3506 5054 3744 5126 σήμερον
3800 5053 3833 5107 ὁ

421 5139 721 5205 stit,hodie
743 5139 799 5193 id
818 5139 1068 5193 efﬁcitur
1088 5139 1240 5209 quod
1263 5154 1374 5211 non
1398 5144 1558 5193 erat:
1585 5156 1716 5193 cum
1742 5139 1897 5194 enim
1921 5145 2034 5197 Deu

2216 5163 2252 5194 ιν
2285 5141 2374 5195 καῖ
2406 5142 2592 5217 προὼν
2625 5141 2829 5216 γίνεται
2860 5141 2991 5216 ὅπερ
3041 5142 3139 5197 οὐκ
3185 5141 3275 5209 ἦν·
3308 5138 3381 5195 ὣν
3410 5141 3511 5217 γὰρ
3556 5141 3709 5202 Θεὸς.
3738 5140 3836 5214 γί-

421 5226 778 5295 esset,homo
800 5227 1067 5295 elﬁcitur,
1092 5242 1197 5281 nec
1217 5227 1737 5283 cessatesseDeus.
1762 5228 1877 5283 Nec
1907 5244 2041 5284 exce

2216 5250 2322 5284 εται
2379 5230 2688 5305 ἄνθρωπος,
2747 5229 2847 5286 οὐκ
2902 5229 3088 5293 ἐκστὰς
3145 5233 3242 5285 τοῦ
3295 5230 3423 5285 εἶναι
3481 5228 3632 5291 Θεός.
3693 5229 3836 5284 Οὔτε

421 5316 566 5369 dens
590 5315 803 5369 deitate
820 5314 994 5369 homo
1018 5316 1205 5371 factus
1221 5319 1337 5378 est;
1362 5330 1550 5385 neque
1568 5331 1772 5370 rursus
1794 5316 2041 5372 exhomi‘

2216 5319 2276 5391 ἀρ
2325 5320 2440 5374 κατ’
2490 5318 2731 5375 ἔκστασιν
2780 5317 3035 5390 θεὸτητος
3084 5319 3299 5395 γέγονεν
3345 5320 3651 5395 ἄνθρωπος,
3704 5313 3836 5373 οὔτε

422 5422 495 5459 ne
525 5404 817 5476 profectus
847 5408 904 5459 et
934 5407 1141 5459 auctus
1172 5403 1326 5458 Deus
1353 5406 1443 5458 est
1475 5403 1715 5459 effectus
1740 5421 1753 5471 ;
1795 5406 1897 5460 sed
1931 5405 2041 5462 Ver

2211 5406 2340 5462 πάλιν
2402 5408 2451 5479 ἐξ
2506 5410 2803 5483 ἀνθρώπων
2862 5410 2999 5464 κατά
3052 5409 3337 5482 προκοπὴν
3404 5408 3589 5483 γέγονε
3646 5405 3778 5468 Θεὸς
3817 5428 3831 5441 ο

424 5495 561 5548 bum
594 5508 726 5547 cum
786 5496 963 5560 esset,
1020 5491 1268 5562 ideoque
1307 5491 1676 5562 impatibilis,
1735 5494 1925 5550 factus
1980 5512 2042 5551 es

2217 5495 2325 5552 λλὰ
2354 5496 2525 5574 Λόγος
2557 5494 2655 5566 ὢν,
2686 5495 2778 5554 διὰ
2804 5502 2966 5553 τοῦτο
2996 5496 3209 5565 ἀπαθὴς
3258 5497 3478 5570 γέγονεν
3517 5497 3832 5571 ἄνθρωπος,

422 5584 616 5644 homo.
652 5587 858 5638 natura
888 5580 1265 5653 permanente
1296 5580 1621 5636 immutata.
1677 5584 1869 5653 Atque
1922 5601 2042 5640 now

2218 5580 2566 5656 μεταϐλήτου
2619 5587 2889 5660 μενούσης
2944 5591 3044 5655 τῆς
3102 5583 3333 5665 φύσεως.
3392 5584 3490 5641 Καὶ
3550 5584 3700 5655 ξένην
3731 5585 3830 5639 καὶ

420 5677 476 5729 et
522 5671 678 5727 invio
735 5686 1085 5744 progressus
1144 5668 1373 5737 itinere,
1431 5684 1501 5725 ex
1544 5668 1670 5727 alvo
1716 5670 1932 5743 prodiit
1977 5672 2038 5730 in

2213 5668 2376 5749 τριϐἦ
2461 5672 2687 5753 βαδίσας
2769 5673 2893 5733 ὁδὸν
2927 5716 2944 5751 ,
3003 5673 3056 5747 δε
3140 5673 3494 5752 ἀγεωργήτου
3573 5672 3833 5749 προῆλθε
