2051 3109
26 2827 33 2868 l

128 164 184 196 961
644 162 776 194 SEHMO
799 163 837 193 ΙΝ
860 146 1131 193 ΝΑἿἾἯΤΑΤΕΜ
1156 162 1323 193 CHRISTI.
1776 164 1836 195 962

127 229 257 268 γαστρὸς,
285 227 347 256 οὕτε
378 238 441 259 τους
471 226 605 265 ἀγγὲλους
644 227 726 255 αὖτοῦ
755 228 876 266 ἐρήμους
903 230 976 262 τῆςλ

1032 230 1100 263 icta,
1117 227 1280 256 illaborata.
1296 228 1395 264 Neque
1417 229 1536 265 angelos
1553 231 1627 257 Deus
1650 229 1768 265 reliquit
1783 240 1837 258 sua

129 274 288 306 ἐπιστασίας
316 273 470 309 κατέλιπεν¹
498 273 560 301 οὕτε
582 276 617 310 τῇ
641 275 710 312 πρὸς
735 275 809 310 ἡμᾶς
826 274 958 311 ἐνανθρω-

130 321 228 355 πήσει,
253 321 303 352 τῆς
320 318 420 349 οἰκείας
442 318 568 354 θεότητος
593 318 698 350 ἐκστάς.
725 318 812 346 ’Λλλᾶ
838 318 958 355 βασιλεῖς

134 365 183 401 μὲν
199 364 246 392 τὸν
263 362 421 401 ἐπουράνιον
445 362 557 401 βασιλέα
584 362 668 397 ἦλθον
693 365 889 401 προσκυνῆσαι,
914 363 958 389 τὸν

132 409 299 447 γεννηθέντα
322 407 448 446 ἀρρήτως
474 406 504 434 ἐκ
527 407 640 443 Πατρὸς,
663 408 783 444 σήμερον
800 405 829 434 δὲ
857 406 886 434 ἐκ
909 409 960 441 τῆς

136 452 275 491 Παρθένου
302 451 461 487 τικτόμενον
484 450 518 479 δι’
543 449 601 488 ἐμὲ·
627 451 699 479 ἀλλὰ
719 451 781 479 τότε
804 451 850 487 μὲν
864 461 960 489 γεννη-

137 498 195 529 θεὶς
209 497 278 525 κατὰ
291 497 340 531 τὴν
357 496 447 535 φύσιν,
464 497 583 534 σήμερον
597 495 626 523 δὲ
648 494 693 523 διὰ
715 496 764 530 τὴν
789 496 883 523 ἑαυτοῦ
913 494 962 534 φύ-

138 553 192 571 σιν.
209 542 266 580 Πρὸ
288 540 393 569 αἰώνων
418 540 470 578 γὰρ
491 541 627 578 γεννηθεὶς
653 540 679 568 ἐν
700 543 748 568 τοῦ
764 540 879 578 Πατρὸς,
897 539 935 570 ὡς
949 539 963 567 ὁ

137 587 270 625 γεννήσας
296 584 363 619 οἶδε,
392 586 512 623 σήμερον
542 584 572 612 ἐκ
597 588 648 619 τῆς
670 584 807 623 Παρθένου
833 584 898 621 ὑπὲρ
915 583 964 622 φύ-

140 642 183 659 σιν
211 630 321 668 ἐτέχθη,
347 629 438 661 καθὼς
460 630 478 664 ἡ
507 631 556 656 τοῦ
581 629 736 665 Πνεύματος
758 628 897 656 ἐπίσταται
913 628 965 666 χά-

142 685 196 714 ρις·
213 675 243 704 Ὀ
270 674 390 704 Παλαιὸς
412 675 466 701 τῶν
495 674 608 711 ἡμερῶν
622 672 730 701 παιδίον
758 673 874 711 γέγονεν·
892 672 906 700 ὁ
922 672 965 700 ἐπὶ

141 719 241 757 θρόνου
267 717 376 755 ὑψήλου
404 718 558 754 καθήμενος
581 717 607 745 εν
633 717 718 757 φάτνῃ
740 718 851 745 cibatur
880 717 894 744 6
922 717 966 744 ἀν-

141 765 214 804 αφὴς
238 763 283 791 καὶ
312 762 457 799 ἀσώματος
482 761 575 800 χερσῖν
601 762 781 799 ἀνθρωπίναις
812 761 965 790 εἱλίσσεται.

141 810 157 837 6
186 808 220 836 τὰ
247 811 298 843 τῆς
326 806 460 844 ἁμαρτίας
491 806 610 834 διασπῶν
645 806 731 843 δεσμᾶ
754 807 780 834 ἐν
809 807 966 844 παργὲνοις

143 852 320 890 ἐμπλέκεται*
338 851 383 879 καὶ
399 849 492 886 ἐπειδὴ
508 853 589 878 τοῦτο
605 851 689 883 θέλει.
713 851 777 878 Τίνα
803 850 849 878 οὖν
880 848 966 878 ἔτεκεν

143 899 161 933 ἡ
198 897 350 935 Παρθενος;
380 896 429 923 Τὸν
454 895 591 930 Δεσπότην
616 897 665 928 τῆς
691 896 807 934 φύσεως.
839 895 890 923 Κᾶν
915 895 967 932 γὰρ

145 942 178 970 σὺ
206 943 324 977 σιωπᾷς,
353 941 371 975 ἡ
401 939 479 979 φύσις
509 940 570 978 βοᾷ.
600 940 693 967 Ἐτεκε
715 940 765 978 γὰρ
789 941 806 975 ἡ
833 940 968 978 Παρθενος

145 986 251 1025 Μαρία,
276 986 313 1017 ὡς
329 986 343 1013 ὁ
359 985 468 1023 τεχθεὶς
481 988 613 1023 τεχθῆναι
635 984 778 1020 ἠθέλησεν.
795 984 832 1013 Οὐ
849 985 901 1022 γὰρ
917 984 970 1011 ἀπὸ

145 1035 198 1066 τῆς
213 1030 318 1070 φῦσεως
333 1028 473 1067 ἔστρετπο,
489 1028 552 1057 ἀλλ’
567 1029 604 1060 ὡς
628 1029 766 1064 Δεσπότης
791 1030 840 1063 τῆς
865 1028 971 1068 φύσεως

146 1077 221 1112 ξένον
249 1075 400 1113 γεννήσεως
424 1074 551 1112 εἰσήγαγε
578 1071 694 1111 τρόπον.
723 1074 828 1110 Ὅμως,
857 1073 901 1101 καὶ
928 1071 972 1100 ἅν-

147 1127 260 1158 θρωπος
285 1117 441 1157 γενόμενος,
466 1118 520 1156 οὐχ
548 1118 585 1149 ὡς
615 1119 757 1155 ἄνθρωπος
781 1118 909 1146 τίκτεται.
939 1118 972 1145 Et

146 1165 201 1203 γὰρ
217 1163 248 1192 ἐκ
266 1162 359 1191 κοινοῦ
378 1164 468 1201 γάμου
491 1162 625 1201 προῆλθε,
649 1162 768 1200 καθάπερ
792 1162 878 1201 κάγὼ,
906 1164 973 1199 ψεῦ-

148 1208 197 1241 δος
212 1210 270 1239 τοῖς
283 1206 402 1238 πολλοῖς
431 1206 581 1244 ἐνομίζετο.
606 1208 662 1235 Νῦν
689 1205 734 1235 διὰ
747 1209 827 1234 τοῦτο
842 1207 872 1234 ἐκ
899 1210 974 1243 Παρ-

148 1254 229 1282 θένου
247 1252 364 1281 τίκτεται
381 1252 395 1279 ὁ
410 1250 581 1288 τικτόμενος,
597 1251 642 1279 καὶ
665 1252 715 1286 τήν
745 1251 848 1290 μητέρα
877 1250 973 1279 λοιπὸν

149 1297 285 1335 διατηρεῖ,
301 1296 346 1324 καὶ
360 1297 411 1330 τήν
434 1295 576 1334 παρθενίαν
600 1295 698 1323 ἄλυτον
724 1294 910 1335 διαφυλάττει,
931 1295 976 1323 ’ἱνα

151 1343 165 1370 ὁ
185 1341 261 1379 ξενος
284 1342 333 1376 τῆς
362 1341 485 1376 κυήσεως
509 1340 611 1377 τρόπος
635 1341 751 1371 πίστεώς
778 1351 825 1376 μοι
851 1340 975 1378 μεγάλης

152 1386 281 1425 πρόξενος
297 1384 416 1424 γενηται.
432 1385 509 1411 Ὅθεν
524 1383 573 1412 κᾶν
598 1383 717 1420 Ἕλλην,
732 1384 780 1412 κᾶν
795 1383 924 1416 Ἰουδαῖός
943 1395 977 1421 με

152 1431 254 1470 ἐρωτᾷ,
282 1430 306 1458 εἱ
334 1430 447 1468 Χριστὸς
470 1429 539 1457 κατὰ
564 1428 641 1468 φύσιν
666 1428 776 1467 γέγονεν
791 1430 942 1466 ἅνθρωπος,
957 1429 976 1464 ἢ

152 1475 228 1513 παρὰ
240 1475 291 1509 τήν
307 1474 402 1502 ἑαυτοῦ
422 1473 511 1513 φύσιν,
536 1472 650 1511 ἐροῦμαι
673 1473 795 1512 μάρτυρα
817 1476 865 1501 τοῦ
892 1473 978 1511 λόγου

152 1521 203 1555 τὴν
218 1518 335 1547 ἄσπιλον
349 1520 399 1551 τῆς
423 1517 569 1556 παρθενίας
598 1517 733 1558 σφραγῖδα
759 1517 861 1546 καλῶν
891 1518 978 1550 οὕτως

152 1565 206 1603 γὰρ
222 1564 288 1595 Θεὸς
302 1565 384 1591 νικῶν
399 1566 449 1598 τῆς
464 1563 568 1602 φύσεως
582 1563 666 1598 τάξιν.

1013 273 1223 306 gubernatione
1237 274 1366 308 orbatos,
1382 281 1477 309 neque
1494 273 1582 302 homo
1597 275 1674 309 apud
1692 283 1744 303 nos
1760 276 1833 304 351

1014 318 1120 351 factus,
1137 318 1253 353 propria
1272 317 1397 346 excessit
1417 318 1533 346 deitate.
1551 318 1605 346 Sed
1623 326 1705 354 reges
1721 320 1839 354 quidem

1016 362 1163 389 cmlestem
1197 370 1294 397 regem
1324 362 1478 390 adoratum
1507 366 1664 396 venerunt,
1700 363 1840 391 ineffabili

1016 407 1102 434 modo
1117 414 1151 434 ex
1166 406 1250 434 Patre
1273 408 1422 442 genitum;
1449 409 1477 434 et
1502 407 1588 435 hodie
1614 411 1731 444 propter
1746 416 1792 436 me
1808 417 1842 437 ex

1017 450 1136 486 Virgine
1149 454 1267 485 natum;
1288 452 1340 478 sed
1364 453 1428 479 tum
1443 452 1561 488 quidem
1579 453 1721 488 genitum,
1738 462 1841 482 secun-

1018 495 1088 522 dum
1106 497 1241 522 naturam
1260 503 1267 523 :
1283 495 1336 523 hac
1360 495 1408 523 die
1424 504 1490 524 vero
1504 499 1623 532 propter
1638 506 1722 525 suam
1749 498 1843 534 ipsius

1019 543 1167 568 naturam.
1183 541 1254 567 Ante
1264 540 1370 568 saecula
1385 549 1512 577 namque
1525 541 1640 577 genitus
1657 551 1691 570 ex
1703 545 1795 577 Patre,
1812 546 1845 572 ut

1020 584 1099 612 novit
1114 585 1162 620 qui
1175 584 1271 621 ipsum
1289 585 1493 620 genuit,hodie
1507 594 1542 614 ex
1556 586 1676 622 Virgine
1693 596 1782 624 supra
1793 597 1847 616 na-

1019 631 1117 657 turam
1129 630 1245 665 genitus
1255 632 1310 662 est,
1320 632 1353 658 ut
1363 630 1444 658 n0vit
1455 630 1577 666 spiritus
1588 632 1692 667 gratia.
1701 633 1845 668 Antiquus

1020 673 1134 701 diarum
1155 674 1249 702 factus
1270 676 1314 702 est
1338 674 1459 703 infans:
1476 675 1526 711 qui
1549 675 1579 703 in
1605 676 1710 704 throno
1727 677 1847 705 sedebat

1020 718 1145 751 excelso,
1156 718 1185 745 in
1201 719 1340 754 praesepio
1356 719 1507 755 reponitur
1521 729 1527 748 :
1539 720 1588 756 qui
1604 720 1742 749 intactilis
1758 724 1786 749 ct
1802 722 1848 750 in-

1022 771 1178 798 ccrporeus
1201 765 1254 797 est,
1276 764 1414 791 manibus
1438 763 1594 792 involvitur
1620 765 1780 794 humanis:
1799 767 1849 802 qui

1022 807 1133 843 peccati
1151 807 1268 835 vincula
1293 808 1441 844 discerpit,
1458 809 1487 836 in
1513 810 1618 845 pannis
1644 810 1847 846 complicatur.

1024 852 1083 879 Imo
1098 852 1255 888 vero,quia
1268 852 1298 880 id
1314 852 1355 880 illi
1371 852 1475 889 placet.
1487 854 1649 886 Quemnam
1664 855 1752 890 igitur
1763 855 1850 892 Virgo

1024 895 1155 932 peperit?
1165 896 1324 925 Dominum
1336 900 1456 925 naturae.
1468 898 1590 926 Etiamsi
1606 899 1683 927 enim
1701 902 1731 927 tu
1749 900 1847 935 sileas,

1023 941 1088 977 ipsa
1103 940 1212 969 clamat
1236 943 1351 969 natura.
1373 942 1486 978 Peperit
1506 942 1614 979 quippe
1639 944 1719 980 virgo
1745 945 1848 979 Maria,

1025 993 1115 1021 quare
1127 985 1177 1022 qui
1193 988 1281 1014 natus
1295 988 1340 1014 est
1353 987 1434 1014 nasci
1449 987 1550 1015 voluit.
1566 988 1628 1016 Non
1644 989 1721 1017 enim
1738 992 1849 1018 naturae

1025 1030 1119 1066 legem
1135 1031 1328 1066 sequebatur;
1344 1032 1394 1059 sed
1411 1033 1553 1068 tanquam
1568 1036 1679 1061 naturas
1695 1034 1848 1069 Dominus,

1026 1083 1134 1102 novum
1151 1075 1312 1103 nativitatis
1328 1076 1443 1104 induxit
1466 1078 1597 1105 modum.
1614 1079 1748 1107 Attamen
1764 1079 1851 1108 homo

1027 1118 1095 1147 licet
1110 1119 1205 1147 factus
1224 1119 1273 1153 sit,
1286 1128 1345 1148 non
1360 1122 1499 1157 tanquam
1516 1121 1602 1150 homo
1618 1124 1759 1151 nascitur.
1777 1124 1851 1153 Nam

1029 1163 1053 1191 si
1064 1171 1098 1191 ex
1108 1163 1222 1200 vulgari
1236 1165 1372 1201 conjugio
1383 1165 1460 1193 sicut
1469 1168 1498 1194 et
1507 1174 1559 1203 ego
1571 1163 1738 1203 prodiisset,
1750 1168 1778 1196 id
1790 1177 1851 1197 rem

1028 1215 1093 1236 esse
1112 1208 1268 1236 confictam
1293 1208 1379 1236 multi
1402 1209 1629 1239 existimasaent.
1648 1212 1730 1241 Nunc
1754 1216 1852 1242 autem

1029 1252 1093 1280 ideo
1108 1260 1142 1280 ex
1151 1252 1271 1289 Virgine
1281 1254 1423 1289 nascitur,
1435 1257 1617 1292 matremque
1628 1260 1779 1286 conservat
1794 1258 1836 1286 illi
1845 1275 1854 1280 -

1030 1296 1140 1332 betam,
1151 1305 1185 1325 ac
1199 1297 1264 1332 ejus
1278 1297 1476 1333 virginitatem
1493 1299 1694 1329 intemeratam
1711 1303 1853 1336 custodit;

1031 1343 1064 1369 ut
1077 1340 1208 1369 insolens
1223 1343 1325 1377 partus
1341 1342 1459 1378 modus,
1473 1351 1586 1380 magnas
1599 1345 1671 1372 mihi
1689 1346 1752 1374 ﬁdei
1771 1347 1854 1374 foret.

1031 1385 1114 1414 Unde
1124 1385 1149 1413 si
1160 1385 1204 1413 vel
1218 1385 1347 1421 gentilis,
1358 1386 1400 1414 vel
1410 1387 1532 1416 Judasus
1543 1397 1589 1417 me
1601 1389 1768 1426 interroget,
1784 1400 1855 1420 num

1031 1429 1164 1458 Christus
1180 1431 1343 1458 secundum
1359 1434 1495 1460 naturam
1521 1432 1607 1461 homo
1631 1434 1723 1463 factus
1740 1435 1788 1466 sit.
1805 1439 1856 1464 aut

1033 1476 1134 1503 contra
1148 1482 1232 1503 suam
1248 1477 1396 1510 naturam,
1411 1484 1461 1512 pro
1475 1478 1663 1513 responsione
1678 1481 1782 1508 testem
1799 1481 1856 1508 hu-

1030 1519 1115 1555 jusce
1130 1518 1171 1547 rei
1181 1519 1327 1547 advocabo
1340 1520 1562 1550 immaculatum
1573 1522 1748 1559 virginitatis
1759 1525 1858 1561 signa-

1034 1563 1133 1592 culum
1152 1571 1159 1592 :
1176 1563 1216 1591 ita
1230 1571 1336 1599 nempe
1350 1564 1428 1593 Deus
1446 1568 1558 1595 natura:
1572 1567 1662 1595 vincit
1677 1569 1822 1597 ordinem.

188 1596 217 1638 '2.
234 1607 284 1636 Καὶ
300 1608 323 1636 εί
353 1596 450 1646 βούλῂ,
470 1596 628 1645 ’ἐρώτησον-
641 1607 686 1635 τὸν
717 1607 848 1645 μακάριον
873 1610 976 1635 Λουκᾶν

1070 1610 1097 1636 2.
1118 1607 1199 1640 Quod
1233 1607 1259 1635 si
1290 1596 1390 1644 libeat,
1418 1609 1568 1647 interroga
1600 1612 1717 1641 beatum

152 1654 199 1682 τὸν
216 1651 425 1690 εὖαγγελιστήν,
440 1652 485 1679 καὶ
507 1651 679 1690 ἀποκρίνεταί
704 1662 746 1679 σοι
771 1652 832 1689 περὶ
860 1655 909 1687 τῆς
936 1652 981 1680 ἐν-

154 1699 257 1736 σάρκου
272 1697 355 1725 αὐτοῦ
370 1695 540 1733 οἰκονομίας.
556 1697 724 1734 Ἀρχόμενος
746 1697 797 1734 γὰρ
822 1696 908 1728 οὕτως
937 1696 981 1725 λέ-

157 1753 212 1780 γει·
230 1754 244 1768 α
262 1743 304 1769 Ἐν
320 1740 349 1769 δὶ
363 1743 402 1777 τῷ
419 1741 485 1777 μηνὶ
500 1743 539 1777 τῷ
559 1739 629 1777 ἕκτῳ
652 1742 700 1776 τῆς
723 1740 888 1778 συλλήψεως
909 1742 983 1769 Ἐλι-

159 1785 241 1815 σάόετ
257 1785 395 1820 ἀπεστάλη
412 1786 426 1812 ὁ
451 1784 568 1823 ἅγγελος
582 1783 705 1822 Γαϐριὴλ
721 1785 772 1813 ὑπὸ
787 1788 836 1813 τοῦ
862 1788 930 1814 Θεοῦ
945 1786 983 1817 εἷς

160 1830 243 1859 πόλιν
259 1834 309 1865 τῆς
324 1829 484 1865 Γαλιλαίας,
507 1830 525 1867 ᾖ
552 1830 641 1867 ὄνομα
663 1831 794 1868 Ναζαρὲτ,
819 1831 887 1868 πρὸς
913 1841 984 1869 παρ-

160 1876 238 1903 θένον
253 1875 494 1912 μεμνηστευμένην
510 1873 585 1911 ἀνδρὶ
601 1875 623 1911 ᾧ
639 1874 727 1911 ὅνομα
743 1876 855 1914 Ἰωσὴφ,
883 1876 928 1903 καὶ
953 1876 985 1904 τὸ

162 1920 248 1956 ὅνομν
264 1923 315 1954 τῆς
332 1918 466 1956 παρθένου
490 1919 613 1956 Μαριάμ.
628 1919 677 1946 Καὶ
694 1919 821 1947 εἰσελθὼν
838 1920 852 1947 ὁ
868 1919 985 1958 ἅγγελος

160 1965 230 2001 πρὸς
261 1964 343 1998 αὐτὴν
373 1963 441 1991 εἶπε·
473 1966 565 1999 Χαῖρε,
595 1964 817 2001 κεχαριτωμένη,
848 1965 862 1992 6
887 1965 987 2002 Κύριος

161 2008 232 2045 μετὰ
246 2010 304 2036 σοῦ.
321 2005 502 2045 Εὕλογημὲνη
519 2007 550 2034 ὠ
565 2007 591 2034 ἐν
607 2007 736 2044 γυναιξίν.
762 2008 793 2036 Ἡ
818 2006 857 2042 δὲ,
882 2007 986 2044 ἰδοῦσα,

159 2051 326 2090 διεταράχθη
353 2051 396 2079 ἐπὶ
420 2053 460 2088 τῷ
485 2051 562 2089 λόγω
586 2051 679 2085 αὐτοῦ,
694 2052 738 2079 καὶ
755 2050 922 2090 διελογίζετο
938 2064 987 2081 πο-

159 2098 258 2131 ταπὸς,
288 2095 330 2132 εἴη
356 2097 370 2124 ὁ
397 2096 537 2133 ἀσπασμὸς
554 2096 643 2127 οὗτος.
661 2096 709 2124 Καὶ
726 2097 797 2124 εἶπεν
813 2097 882 2134 αὐτῇ
898 2098 912 2124 6
941 2096 987 2135 ἅγ-

159 2141 252 2179 γελος·
270 2142 313 2176 Μὴ
331 2138 428 2179 φοϐοῦ,
454 2141 576 2179 Μαριάμ·
594 2140 668 2177 εὗρες
692 2141 741 2178 γὰρ
758 2141 838 2179 χάριν
854 2141 927 2178 παρᾶ
940 2144 988 2169 τοῦ

160 2188 240 2214 Θεοῦ.
271 2185 321 2214 Καὶ
352 2184 411 2213 ἰδοὺ
440 2184 570 2222 συλλήψῃ
596 2184 622 2212 ἐν
642 2186 749 2223 γαστρὶ,
774 2184 819 2212 καί
841 2186 902 2223 τέξῃ
919 2186 988 2221 υἱὸν,

159 2231 207 2259 καί
232 2230 356 2262 καλέσεις
384 2230 415 2258 τὸ
439 2229 527 2266 ὄνομα
554 2230 636 2257 αὐτοῦ
662 2231 776 2265 Ἰησοῦν.
801 2230 885 2262 Οὗτος
915 2230 987 2259 ἔσται

1036 1652 1257 1688 evangelistam.
1274 1653 1387 1689 tibique
1412 1654 1461 1682 ille
1484 1657 1671 1692 respondebit
1693 1659 1727 1686 de
1751 1659 1815 1695 ejus
1829 1660 1860 1688 in

1037 1705 1124 1725 carne
1139 1697 1309 1725 oeconomia.
1322 1698 1374 1726 His
1389 1699 1466 1727 enim
1483 1699 1546 1736 ipse
1556 1702 1651 1729 verbis
1664 1703 1777 1731 orditur
1790 1712 1816 1731 :u
1829 1704 1859 1732 ln

1039 1749 1139 1770 mense
1160 1744 1257 1769 autem
1282 1746 1360 1770 sexto
1384 1745 1583 1780 conceptionis
1599 1747 1733 1781 Elisabet,
1751 1749 1861 1776 missus

1038 1788 1083 1814 est
1098 1786 1220 1822 angelus
1231 1786 1346 1815 Gabriel
1362 1796 1379 1815 a
1394 1790 1449 1816 Deo
1465 1789 1493 1816 in
1506 1790 1651 1818 civitatem
1664 1792 1796 1827 Galilma,
1813 1793 1859 1820 cui

1040 1839 1145 1859 nomen
1160 1831 1337 1863 Nazaret,ad
1352 1831 1494 1869 virginem
1509 1835 1717 1871 desponsatam
1733 1837 1803 1869 viro,
1814 1836 1861 1864 cui

1040 1883 1147 1903 nomen
1163 1878 1225 1903 erat
1233 1875 1354 1912 Joseph,
1366 1879 1394 1904 et
1405 1886 1511 1906 nomen
1523 1879 1653 1915 virginis,
1667 1880 1765 1908 Maria.
1779 1882 1811 1908 Et
1822 1881 1863 1908 in-

1041 1928 1162 1956 gressus
1177 1920 1299 1956 angelus
1319 1921 1355 1948 ad
1380 1929 1444 1949 eam
1460 1922 1534 1950 dixit
1550 1932 1556 1951 :
1573 1926 1640 1956 Ave,
1657 1925 1750 1959 gratia
1766 1926 1863 1961 plena,

1042 1964 1185 1993 Dominus
1199 1966 1310 2004 tecum._
1319 1965 1473 1994 Benedicta
1483 1969 1514 1994 tu
1531 1967 1559 1995 in
1575 1968 1757 1997 mulieribus.
1772 1971 1864 2003 Quem

1042 2017 1109 2037 cum
1125 2009 1248 2037 vidisset
1262 2008 1323 2041 illa.
1340 2010 1458 2038 turbata
1482 2013 1526 2039 est
1543 2012 1571 2040 in
1597 2021 1731 2042 sermone
1746 2015 1820 2050 ejus,
1837 2018 1867 2043 et

1042 2053 1306 2089 cogitabat,qualis
1316 2056 1394 2083 esset
1408 2054 1464 2083 ista
1478 2056 1626 2085 salutatio.
1643 2058 1675 2086 Et
1690 2059 1730 2086 ait
1745 2059 1867 2096 angelus

1043 2098 1067 2126 ei
1081 2106 1087 2125 :
1101 2098 1142 2125 Ne
1156 2098 1272 2131 timeas,
1283 2098 1389 2132 Maria;
1404 2099 1540 2129 invenisti
1555 2103 1632 2130 enim
1649 2105 1773 2139 gratiam
1789 2105 1867 2141 apud

1043 2142 1144 2170 Deum.
1160 2143 1195 2170 Et
1209 2150 1274 2170 ecce
1289 2143 1436 2180 concipics
1458 2144 1488 2172 in
1511 2148 1593 2174 utero
1609 2150 1636 2174 et
1651 2149 1746 2184 paries
1764 2149 1867 2183 ﬁlium,

1043 2189 1072 2214 et
1084 2186 1203 2214 vocabis
1219 2195 1324 2215 nomen
1347 2189 1412 2223 ejus
1434 2191 1546 2219 Jesum.
1563 2191 1615 2219 Hic
1630 2194 1684 2219 erit
1700 2202 1825 2229 magnus
1841 2196 1870 2222 et

1045 2231 1137 2259 Filius
1160 2231 1303 2259 Altissimi
1327 2233 1486 2267 vocabitur,
1504 2237 1532 2263 et
1553 2236 1635 2263 dabit
1661 2237 1702 2264 illi
1727 2238 1870 2267 Dominus

163 2275 251 2313 μέγας
265 2274 311 2303 καί
326 2275 389 2306 Υἱὸς
412 2273 539 2312 Ὑψίστου
561 2274 740 2310 κληθήσεται,
762 2275 808 2302 καὶ
832 2274 913 2303 δώσει
942 2275 973 2303 σύ

1045 2278 1119 2304 Deus
1136 2275 1274 2303 thronum
1286 2276 1374 2305 David
1391 2278 1485 2306 Patris
1499 2280 1574 2315 ejus,
1586 2283 1613 2307 et
1630 2283 1762 2317 regnabit
1777 2283 1806 2310 in
1818 2283 1868 2311 do-

160 2322 203 2356 τῷ
219 2319 317 2356 Κύριος
333 2320 348 2347 ὁ
377 2320 442 2350 Θεὸς
465 2319 511 2347 τὸν
534 2320 630 2357 θρόνον
656 2318 737 2346 Δαυῒδ
760 2322 809 2347 τοῦ
824 2321 925 2358 πατρὸς
941 2320 987 2348 αὖ·

161 2366 223 2393 τοῦ.
240 2364 289 2391 Καὶ
308 2363 462 2401 βασιλεύσει
478 2363 522 2391 ἐπὶ
536 2363 583 2391 τόν
598 2364 672 2391 οἶκον
688 2362 786 2392 Ἰακὼϐ
812 2364 851 2396 είς
866 2364 929 2396 τοὺς
946 2365 989 2392 αἶ-

161 2412 245 2441 ὦνας,
257 2408 301 2436 καὶ
316 2412 367 2443 τῆς
385 2407 524 2446 βασιλείας
541 2407 623 2436 αὐτοῦ
639 2408 689 2436 οὐκ
703 2408 777 2436 ἔσται
802 2408 893 2441 τέλος.
924 2409 990 2438 Eine

161 2452 192 2481 δὶ
206 2453 323 2490 Μαριὰμ
346 2453 416 2490 πρὸς
439 2453 484 2480 τὸν
508 2451 636 2491 ἄγγελον.
658 2454 720 2484 Πῶς
735 2450 808 2481 ἔσται
827 2464 874 2490 μοι
898 2456 989 2486 τοῦτο,

162 2497 222 2526 ἐπεὶ
252 2496 336 2534 ἄνδρα
358 2497 390 2525 οὐ
409 2497 556 2535 γινώσκως
581 2496 631 2525 Καὶ
655 2497 813 2535 ἀποκριθεὶς
837 2498 851 2525 ὁ
876 2497 990 2536 ἅγγελος

164 2542 236 2571 εἶπεν
267 2541 346 2579 αὐτῇ·
378 2544 487 2578 Πνεῦμα
509 2542 586 2579 ἅγιον
616 2541 787 2570 ἐπελεύσεται
813 2542 857 2570 ἐπὶ
881 2543 920 2577 σὲ,
946 2542 990 2570 καὶ

164 2586 281 2623 δύναμις
293 2586 418 2623 Ὑψίστου
434 2585 582 2614 ἐπισκιάσει
596 2596 650 2614 σοι.
668 2598 681 2612 ›)
708 2587 791 2615 ...Καὶ
817 2585 992 2624 δυσχεραίνε-

163 2642 219 2659 ται.
250 2630 386 2666 Εἰσῆλθεν
413 2630 538 2669 ἄσαρκος,
575 2631 746 2670 ἐκυοφορήθη
787 2630 990 2668 ἐννεαμηνιαῖον

165 2675 267 2713 χρόνον
284 2674 311 2703 ἐν
326 2677 360 2712 τῇ
378 2676 470 2713 μήτρᾳ
482 2679 532 2711 τῆς
555 2675 701 2713 Παρθένου.
723 2675 855 2711 Εἰσῆλθεν
871 2676 909 2707 ὡς
924 2676 990 2711 ήθὲ-

165 2720 261 2757 λησεν,
277 2720 450 2760 ἐκυοφορήθη
466 2721 503 2753 ὡς
518 2719 666 2757 ηὖδόκησε.
689 2720 830 2760 Προῆλθεν
847 2720 885 2752 ὡς
911 2718 992 2749 e600-

202 2832 225 2850 τι
240 2831 310 2859 Luc.
327 2839 348 2864 ι,
362 2831 458 2860 26-35.

1045 2329 1092 2348 mo
1106 2320 1197 2348 Jacob
1212 2320 1241 2349 in
1257 2323 1408 2358 internum,
1425 2326 1455 2350 et
1468 2324 1549 2360 regni
1564 2325 1628 2360 ejus
1645 2335 1701 2353 non
1719 2327 1773 2354 erit
1789 2328 1868 2356 ﬁnis.

1046 2365 1120 2393 Dixit
1130 2368 1229 2393 autem
1242 2365 1333 2394 Maria
1343 2367 1379 2394 ad
1397 2367 1554 2404 angelum:
1570 2370 1719 2401 Quomodo
1734 2372 1783 2400 ﬁet
1797 2373 1869 2400 mihi

1044 2410 1135 2445 istud,
1149 2410 1288 2446 quoniam
1303 2411 1399 2439 virum
1424 2421 1483 2440 non
1507 2416 1670 2450 cognosco?
1696 2417 1729 2443 Et
1748 2425 1870 2453 respou-

1044 2455 1118 2483 dens
1132 2454 1256 2491 angelus
1267 2455 1339 2482 dixit
1349 2456 1374 2483 ei
1388 2464 1394 2483 :
1406 2456 1535 2492 Spiritus
1550 2462 1671 2487 sanctus
1686 2462 1872 2497 superveniet

1045 2500 1074 2527 in
1085 2502 1123 2532 te,
1132 2501 1161 2527 et
1169 2499 1264 2528 virtus
1275 2499 1418 2528 Altissimi
1429 2502 1574 2531 obumbra
1596 2505 1618 2531 it
1631 2505 1681 2532 tibi
1692 2506 1774 2533 75.»...
1786 2507 1871 2543 {Egre

1046 2543 1157 2572 scilicet
1180 2544 1252 2572 illud
1276 2544 1394 2573 ferebat.
1412 2546 1567 2582 Ingressus
1582 2552 1679 2577 autem
1696 2551 1802 2587 (Iesus)
1819 2552 1871 2587 qui

1046 2588 1143 2616 carnis
1152 2591 1214 2617 erat
1226 2597 1339 2625 expers,
1349 2592 1481 2626 gestatus
1496 2594 1541 2620 est
1555 2601 1658 2621 novem
1678 2595 1828 2624 mensibus
1841 2596 1870 2625 in

1047 2634 1129 2660 utero
1144 2633 1282 2669 Virginis.
1298 2634 1451 2671 Ingressus
1466 2639 1511 2664 est
1525 2640 1612 2673 prout
1626 2638 1728 2672 voluit,
1739 2643 1872 2675 gestatus

1048 2676 1104 2704 fuit
1118 2679 1151 2704 ut
1165 2677 1220 2705 sibi
1241 2678 1360 2714 placuit.
1378 2681 1490 2709 Prodiit
1515 2685 1545 2709 ul
1571 2682 1634 2718 ipse
1660 2684 1804 2720 cupiebat.
1823 2686 1871 2712 In-

1046 2729 1167 2758 gressus
1181 2724 1226 2751 est
1240 2724 1336 2752 carnis
1355 2732 1473 2762 expers;
1491 2726 1586 2755 {actus
1602 2731 1645 2756 est
1661 2728 1758 2763 homo,
1789 2729 1872 2757 unita
