4026 6204
479 342 597 403 963

1663 343 1726 402 S.
1776 340 2302 402 ATHANASIUS.
2327 371 2407 386 —
2437 343 2703 406 DUBIA.

3739 118 3851 221 Χ

3718 359 3808 420 θοι

481 475 714 531 deitatis
744 473 1083 529 oeconomia.
1117 473 1317 545 Neque
1349 473 1496 530 duos
1535 472 1788 528 dicimus
1819 472 1991 538 ﬁlios,
2022 472 2114 528 sed

2239 469 2407 542 λήθη.
2441 472 2707 543 Εἰσῆλθεν
2741 475 2992 550 ἄσαρκος,
3024 476 3231 554 ἐγένετο
3261 480 3559 555 ἄνθρωπος,
3580 485 3812 558 ὴνιυμὲνης

481 581 686 633 unum,
711 565 1026 636 ipsumque
1059 579 1125 618 ac
1157 563 1418 618 eumdem
1447 562 1831 633 intelligimus
1863 562 1962 616 Dei
1991 561 2129 616 Ver-

481 653 621 708 bum
666 658 722 708 et
777 652 1083 708 Dominum
1119 657 1386 707 nostrum
1419 651 1620 707 Jesum
1670 652 1986 706 Christum.
2020 653 2128 704 Fa-

479 749 608 799 ctus
640 747 727 796 est
776 742 951 796 homo
985 757 998 795 :
1035 741 1258 810 fuitque
1305 747 1516 796 natura
1569 741 1765 795 homo.
1801 741 2010 794 Factus
2040 742 2130 792 est

475 833 627 903 quod
691 845 812 886 non
859 835 1003 895 erat,
1035 835 1092 884 et
1135 829 1419 884 remansit
1445 829 1630 900 [quod
1687 833 1830 883 erat.
1863 827 2126 897 Namque

478 940 504 972 ιι
536 922 595 975 In
629 918 912 990 principio
965 924 1087 973 erat
1114 919 1372 972 Verbum
1405 926 1455 972 el
1491 917 1744 972 Verbum
1795 920 1921 971 erat
1968 914 2124 985 apud

472 1011 675 1075 Deum,
711 1015 768 1063 et
821 1013 971 1063 Deus
999 1012 1124 1062 erat
1167 1008 1421 1062 Verbum
1446 1007 1510 1061 ⁷³.
1538 1027 1565 1054 ››
1597 1010 1802 1060 Factus
1849 1009 1938 1058 est
1967 1020 2122 1071 caro,

475 1115 582 1154 nec
611 1097 810 1153 amisit
841 1097 992 1168 quod
1043 1100 1182 1150 erat.
1209 1118 1236 1145 «
1271 1097 1340 1149 Et
1371 1095 1656 1149 habitavit
1701 1093 1760 1147 in
1813 1092 1984 1147 nobis
2003 1093 2067 1146 ⁷⁷.
2096 1114 2124 1140 ››

475 1187 702 1254 Illud,«
753 1185 1038 1241 habitavit
1095 1185 1155 1239 in
1216 1186 1414 1248 nobis;
1449 1205 1471 1233 ιι
1525 1184 1582 1236 id
1641 1188 1751 1249 est,
1814 1182 2120 1236 nobiscum

469 1280 847 1332 conversatus
878 1280 966 1328 est
989 1275 1158 1344 juxta
1196 1277 1465 1329 sanctum
1497 1271 1838 1338 Jeremiam,
1872 1271 1990 1325 imo
2023 1285 2123 1342 po-

466 1365 588 1421 tius
618 1365 747 1436 ejus
798 1363 1134 1419 ministrum
1187 1363 1412 1418 Baruch
1449 1380 1517 1418 :u
1555 1362 1654 1416 llic
1707 1363 1854 1416 Deus
1905 1364 2120 1425 noster,

467 1471 574 1510 nec
632 1453 1023 1510 aestimabitur
1077 1452 1228 1508 alius
1279 1452 1558 1507 adversus
1616 1450 1906 1515 eum.Qui
1957 1449 2123 1503 adin-

465 1543 623 1598 venit
673 1559 910 1598 omnem
969 1541 1118 1598 viam
1175 1540 1519 1611 disciplinae,
1553 1543 1610 1595 et
1665 1538 1910 1594 tradidit
1959 1537 2118 1592 illam

465 1632 645 1688 Jacob
678 1647 857 1703 puero
889 1647 996 1686 suo
1027 1634 1085 1686 et
1115 1630 1291 1684 Israel
1335 1629 1546 1684 dilecto
1577 1645 1704 1683 suo.
1741 1627 1878 1682 Post
1907 1626 2029 1682 haec
2059 1626 2119 1681 in

467 1721 640 1776 terris
694 1721 855 1776 visus
910 1722 1019 1788 est,
1051 1723 1107 1774 et
1163 1735 1295 1774 cum
1358 1717 1698 1774 hominibus
1743 1719 2120 1770 conversatus

471 1815 562 1866 est
585 1811 649 1863 ⁷⁸.
673 1832 701 1862 ››

541 1902 594 1955 3.
628 1899 778 1956 Audi
819 1899 1002 1971 igitur
1030 1897 1324 1969 Evangelii
1354 1913 1552 1952 vocem
1587 1911 1600 1951 :
1635 1910 1917 1968 magnum
1963 1892 2118 1948 enim

467 1989 638 2046 nobis
668 1988 966 2061 quidpiam
1012 1987 1304 2060 signiﬁcat
1346 1987 1467 2041 hac
1515 1983 1704 2056 angeli
1735 1999 1842 2038 vox
1873 1983 1943 2037 ad
1977 1999 2113 2036 san-

465 2083 618 2136 ctam
649 2077 947 2150 Virginem
982 2095 996 2133 :
1027 2099 1054 2126 «
1086 2077 1248 2140 Ecce,
1295 2075 1505 2147 inquit,
1530 2073 1823 2144 concipies
1867 2071 1924 2126 in
1959 2072 2111 2127 852

464 2173 650 2234 utero,
675 2172 731 2222 et
761 2166 952 2240 paries
993 2165 1204 2230 filium,
1227 2170 1282 2219 et
1313 2163 1546 2219 vocabis
1577 2178 1786 2217 nomen
1820 2162 1948 2232 ejus
1983 2162 2112 2215 Em-

461 2255 720 2322 manuel,
754 2256 907 2327 quod
938 2259 1030 2311 est
1058 2254 1528 2326 interpretatum,
1551 2251 1869 2307 Nobiscum
1905 2251 2112 2305 Deus.»

461 2347 811 2417 Priusquam
843 2345 902 2398 in
935 2348 1098 2398 utero
1129 2359 1272 2414 puer
1303 2343 1724 2412 conciperetur,
1755 2344 1997 2394 vocatus
2024 2341 2114 2391 est

462 2437 638 2505 Deus,
665 2433 910 2500 scilicet,
934 2431 1249 2488 Nobiscum
1275 2430 1448 2486 Deus.
1479 2429 1779 2500 Prophetas
1797 2427 1974 2500 igitur
1995 2443 2112 2482 ser-

466 2524 625 2580 moni
658 2522 910 2580 concinit
944 2521 1110 2592 illud,
1137 2544 1155 2567 ιι
1196 2537 1326 2574 cum
1361 2519 1704 2574 hominibus
1734 2523 2112 2572 conversatus

464 2619 572 2682 est,
602 2636 627 2662 ››
657 2617 714 2668 et
756 2611 900 2666 illud
937 2627 1003 2665 τα
1037 2610 1320 2664 habitavit
1348 2609 1404 2663 in
1441 2609 1628 2663 nobis.
1658 2629 1685 2656 »
1716 2608 1862 2660 Ante
1909 2621 2112 2660 conce-

462 2703 718 2776 ptionem
771 2716 907 2774 ergo
958 2715 1121 2772 puer,
1153 2702 1390 2753 vocatus
1437 2701 1526 2752 est
1577 2701 1746 2750 Deus.
1771 2697 1892 2759 Quo
1944 2698 2112 2764 pacto

461 2793 641 2866 igitur
669 2791 916 2862 Deipara
945 2806 1060 2844 non
1095 2787 1270 2843 fuerit
1301 2791 1503 2842 sancta
1530 2785 1692 2856 virgo
1725 2783 1947 2840 Maria?
1967 2783 2109 2838 Cum

459 2883 656 2954 itaque
675 2896 883 2935 nomen
903 2878 1046 2932 illud
1068 2877 1289 2932 nullam
1313 2873 1570 2931 hominis
1591 2873 1804 2928 habeat
1823 2871 2114 2944 signiﬁca-

459 2971 702 3034 tionem,
723 2968 873 3022 Deus
890 2971 979 3021 est
1005 2982 1149 3039 puer
1172 2965 1266 3020 ille
1288 2963 1587 3034 natus,qui
1606 2961 1860 3034 Virginis
1884 2965 2113 3014 natura-

460 3057 579 3113 lem
613 3057 773 3112 illam
809 3055 1200 3127 virginitatem
1246 3070 1361 3108 non
1394 3051 1592 3118 solvit,
1627 3051 1727 3106 sed
1758 3049 1841 3104 ita
1882 3049 2112 3119 genitus

465 3162 532 3200 ex
555 3145 824 3216 Dcipara,
851 3143 1005 3199 Deus
1026 3147 1114 3197 est
1144 3147 1200 3198 et
1227 3141 1428 3208 homo;
1467 3145 1616 3196 Deus
1648 3139 1972 3195 secundum
2005 3154 2114 3192 na-

2239 566 2338 646 τῆς
2371 560 2625 631 θεότητος
2652 567 2721 637 τῇ
2755 564 3067 637 οἰκονομίᾳ.
3100 568 3198 623 Καὶ
3231 567 3290 621 οὐ
3324 567 3546 644 λέγομεν
3578 568 3660 625 δύο
3680 574 3812 646 υἷοῦς,

2237 645 2366 703 ἀλλ’
2412 646 2503 704 ἕνα
2552 652 2639 704 καὶ
2691 656 2783 706 τὸν
2834 653 2992 708 αὐτὸν
3033 660 3262 730 νοοῦμεν
3294 658 3384 711 τὸν
3415 663 3509 712 τοῦ
3538 665 3655 714 Θεοῦ
3681 645 3809 738 Λόγον

2236 735 2326 790 καί
2354 738 2443 792 τὸν
2479 738 2676 814 Κύριον
2733 743 2892 814 ἡμῶν
2956 745 3164 814 Ἰησοῦν
3216 747 3462 817 Χριστόν.
3513 735 3811 822 Ἐγένετο

2237 837 2456 900 θρωπος
2484 829 2573 882 καὶ
2631 830 2716 900 ἦν⁹
2769 830 2841 884 ὥν
2888 837 2956 905 τῇ
3006 833 3180 910 φύσει·
3212 836 3452 909 Ἐγένετο
3483 835 3511 890 δ
3539 835 3628 891 οὐκ
3651 840 3724 905 ἦν,
3747 844 3810 894 καὶ

2235 912 2442 987 ἔμεινεν
2477 915 2507 971 6'
2536 918 2657 986 ἦν..
2693 921 2779 975 Ἐν
2813 919 2960 996 ἀρχῇ
2996 945 3023 972 ››
3055 923 3158 996 γὰρ
3190 947 3219 973 ‹‹
3253 924 3318 990 ἦν
3352 924 3380 977 6
3412 923 3811 999 A670<,xai6.\6-

2234 1024 2330 1077 γος
2361 1005 2428 1073 ἦν
2453 1007 2588 1081 πρὸς
2617 1008 2707 1062 τὸν
2738 1008 2983 1077 Θεὸν,καὶ
3015 1011 3145 1072 Θεὸς
3175 1013 3238 1078 ἦν
3274 1012 3300 1065 ὁ
3335 1011 3560 1086 Λόγος.»
3589 1016 3706 1086 Σᾶρξ
3731 1015 3814 1090 £75-

2233 1113 2372 1164 νετο⁷
2408 1094 2507 1148 οὐκ
2536 1095 2866 1169 ἀποθέμενος
2898 1098 2927 1152 6'
2955 1101 3043 1166 ἧν.
3069 1123 3097 1149 ‹‹
3132 1100 3231 1154 Καὶ
3265 1099 3558 1170 ἐσκήνωσεν
3590 1102 3634 1156 έν
3663 1107 3767 1173 ἡμῖν
3794 1132 3812 1154 η

2231 1183 2322 1248 Τὸ,
2359 1204 2386 1231 ››
2419 1183 2751 1253 Ἐσκήνωσεν
2782 1184 2832 1238 έν
2860 1188 3020 1258 ἡμῖν,
3052 1210 3080 1238 ››
3130 1189 3277 1243 τοῦτ’
3325 1187 3433 1243 ἔστι
3481 1193 3808 1271 συνανεστρὰςη

2232 1271 2391 1343 ἡμῖν,
2422 1272 2557 1326 κατά
2580 1273 2671 1326 τὸν
2704 1273 2858 1349 ἅγιον
2889 1275 3176 1349 Ἱερεμίαν,
3234 1275 3446 1350 μᾶλλον
3477 1275 3532 1332 δὶ
3556 1279 3638 1334 τὸν
3663 1282 3811 1335 τούτου

2235 1358 2504 1435 ὑπουργὸν
2539 1360 2775 1438 Βάρουχ’
2809 1387 2837 1413 ‹‹
2870 1364 3042 1425 Οὗτος
3073 1364 3099 1418 ὁ
3130 1366 3259 1426 Θεὸς
3291 1368 3453 1438 ἡμῶν
3505 1368 3562 1422 οὐ
3608 1367 3811 1443 λογισθή-

2233 1468 2379 1502 σεται
2438 1445 2620 1524 ἓτερος
2679 1451 2815 1524 πρὸς
2873 1451 3054 1524 αὐτὸν,
3107 1452 3164 1516 ὅς
3197 1453 3375 1530 ἐξεῦρε
3404 1462 3567 1510 πᾶσαν
3596 1455 3700 1512 ὁδὸν
3725 1457 3810 1513 ἐπι.

2234 1540 2476 1609 στήμης,
2534 1539 2624 1592 καὶ
2683 1536 2880 1595 ἔδωκεν
2939 1540 3104 1611 αὐτὴν
3169 1539 3364 1600 Ἰακὼὸ
3405 1545 3483 1616 τῷ
3511 1544 3646 1599 παιδὶ
3672 1546 3808 1606 αὐτοῦ.

2230 1626 2318 1680 καὶ
2372 1627 2591 1701 Ἰσραὴλ
2629 1633 2709 1701 τῷ
2756 1631 3099 1705 ἠγαπημένῳ
3162 1631 3250 1685 ὑπ’
3300 1631 3483 1690 αὐτοῦ.
3534 1635 3662 1689 Μετᾶ
3685 1640 3808 1690 ταῦτα

2231 1713 2316 1768 ἐπὶ
2347 1723 2445 1785 τῆς
2486 1724 2588 1792 γῆς
2647 1715 2822 1795 ὤφθη,
2873 1720 2963 1773 καὶ
3005 1725 3120 1782 τοῖς
3173 1720 3476 1795 ἀνθρώποις
3523 1726 3808 1800 συναναστρέ-

2151 1839 2197 1903 Β
2233 1825 2330 1903 φτὲ
2367 1828 2394 1903 ’ἶ

2299 1896 2350 1950 3.
2385 1896 2586 1950 Ἄκουε
2618 1895 2708 1950 οὖν
2740 1898 2829 1951 καὶ
2877 1902 2980 1952 τοῦ.
3025 1899 3370 1974 Εὐαγγελίου
3408 1908 3503 1970 τῆς
3533 1909 3710 1977 οωνῆτ
3737 1924 3805 1973 με·

2221 1981 2394 2058 γάλην
2426 1984 2526 2059 γὰρ
2569 1987 2704 2057 ἡμῖν
2757 1984 2985 2063 ἔμφασιν
3039 1989 3186 2063 φέρει
3232 1991 3267 2057 ἡ
3302 1994 3398 2044 τοῦ
3428 1989 3642 2065 ἀγγέλου
3689 1992 3801 2067 οωνῆ

2222 2073 2357 2147 πρὸς
2409 2073 2508 2140 τήν
2563 2073 2716 2148 ἁγίαν
2767 2077 3029 2150 Παρθένον
3102 2076 3348 2152 ῥηθεῖσα.
3415 2103 3442 2132 α
3501 2076 3642 2144 Ἰδοὺ,
3689 2080 3802 2156 φησὶ,

2223 2158 2482 2233 συλλήψη
2542 2159 2592 2214 έν
2641 2163 2850 2237 γαστρὶ,
2900 2164 2990 2217 καὶ
3038 2164 3160 2238 τέξῃ
3221 2165 3362 2234 υἱὸν,
3394 2165 3481 2219 καὶ
3509 2164 3720 2225 καλέσεις
3759 2166 3802 2218 τὸ

2223 2248 2398 2321 ὑνομα
2455 2248 2620 2304 αὖτοῦ
2665 2251 3051 2324 Ἐμμανουήλ,
3098 2254 3345 2308 τουτέστι
3400 2255 3798 2326 μεθερμηνευόμεο

2220 2357 2330 2407 νον,
2364 2339 2498 2400 Μεθ’
2529 2341 2688 2411 ἡμῶν
2749 2341 2776 2394 ὁ
2825 2341 2978 2402 Θεός.
3031 2364 3060 2393 ››
3113 2343 3224 2416 Πρὸ
3272 2347 3371 2397 τοῦ
3408 2341 3800 2419 συλληφθῆνιιιέν

2225 2428 2405 2502 μήτρᾳ
2435 2427 2563 2488 Θεὸς
2595 2426 2802 2498 ἐκλήθη
2838 2430 2896 2483 τὸ
2944 2427 3159 2484 παιδίον
3209 2433 3273 2485 τὸ
3323 2433 3452 2494 Μεθ’
3495 2435 3635 2503 ἡμῶν
3683 2430 3792 2490 Θεός·

2222 2511 2446 2585 Συνᾳδει
2481 2514 2572 2569 οὗν
2600 2521 2679 2588 τῷ
2705 2517 2802 2571 τοῦ
2835 2521 3120 2596 προφήτου
3153 2515 3305 2594 λόγῳ
3334 2520 3420 2585 τὸ,
3451 2544 3477 2571 (ι
3509 2526 3611 2579 τοῖς
3636 2519 3791 2593 ἀνθρώ·

2221 2624 2346 2664 ποις
2377 2606 2793 2680 συνανεστράφη,
2829 2629 2854 2656 ι)
2889 2608 2977 2660 καὶ
3009 2608 3090 2673 τὸ,
3127 2631 3154 2658 ‹‹
3187 2607 3486 2678 ἐσκήνωσεν
3534 2608 3580 2662 ἐν
3624 2611 3748 2678 ἡμῖν.
3773 2629 3792 2654 n

2223 2692 2335 2765 Ηρὸ
2380 2693 2476 2760 τῆς
2537 2691 2626 2746 οὖν
2683 2691 3010 2768 συλλήψεως
3064 2697 3194 2758 Θεὸς
3235 2694 3496 2768 κέκληται
3523 2698 3580 2751 τὸ
3608 2693 3791 2750 παιόἱον·

2224 2782 2346 2842 Πῶς
2380 2778 2470 2834 οὖν
2499 2781 2560 2835 οὐ
2593 2781 2852 2843 Θεοτόκος
2883 2785 2917 2852 ἡ
2952 2782 3074 2858 ἁγία
3106 2784 3380 2860 Ιὶαρθένος
3427 2785 3628 2858 Μαρίας
3671 2786 3794 2839 Ἐπει-

2222 2867 2288 2938 δὴ
2322 2867 2412 2923 οὖν
2448 2866 2569 2924 οὔτε
2617 2869 2765 2933 ὅλως
2814 2872 3101 2948 ἀνθρώπου
3152 2872 3268 2948 ἔχει
3299 2876 3399 2943 τήν
3425 2874 3676 2950 ὶρμηνείαν
3704 2871 3796 2926 αὐτὸ

2221 2956 2416 3030 ὅνομα,
2477 2957 2606 3020 Θεὸς
2653 2960 2716 3012 τὸ
2775 2958 2989 3015 παιδίον
3031 2962 3098 3016 τὰ
3138 2963 3333 3038 τεχθὲν
3371 2965 3431 3018 τὸ
3465 2964 3534 3036 μή
3564 2962 3698 3018 λῦσαν
3721 2966 3794 3027 τῆς

2221 3046 2495 3119 Παρθένου
2552 3048 2650 3116 τήν
2698 3051 2834 3104 κατᾶ
2887 3050 3042 3127 φύσιν
3092 3051 3404 3126 παρθενίαν.
3455 3047 3794 3110 ἀλλὀῧτωςέκ

2223 3139 2322 3200 τῆς
2355 3137 2618 3192 Θεοτόκου
2673 3138 2910 3212 τεχθεὶς,
2955 3139 3082 3200 Θεὸς
3129 3140 3218 3193 καὶ
3269 3141 3560 3215 ἄνθρωπος·
3591 3139 3696 3198 Θεὸς
3723 3137 3790 3208 μέν

464 3207 681 3297 turam,
714 3207 887 3287 homo
928 3231 1068 3303 quia
1117 3231 1198 3286 ita
1246 3207 1463 3301 placuit
1495 3228 1628 3301 ipsi.
1661 3233 1866 3283 Factus
1913 3232 2108 3282 autem

2225 3225 2357 3278 κατὰ
2412 3224 2590 3303 φύσιν,
2642 3227 2922 3301 ἄνθρωπος
2971 3225 3026 3282 δὲ
3069 3226 3139 3283 δι’
3168 3229 3373 3284 οἰκείαν
3405 3227 3644 3284 εὐδοκίαν.
3678 3224 3791 3280 Γενό-

468 3322 665 3383 homo.
699 3325 788 3376 est
823 3321 997 3375 etiam
1048 3320 1222 3384 Deus,
1257 3318 1586 3387 conjunctis
1618 3317 1841 3372 scilicet
1886 3317 2117 3371 duabus

463 3409 713 3465 naturis.
749 3411 818 3463 At
849 3410 1093 3463 fortasse
1129 3408 1282 3462 dicet
1327 3405 1696 3461 adversarius
1730 3423 1743 3460 ε
1779 3405 1838 3460 Si
1869 3405 2116 3476 Deipara

459 3499 660 3571 Virgo,
696 3503 806 3552 Deo
853 3497 1040 3552 Verbo
1073 3513 1141 3551 ex
1171 3496 1410 3568 Virgine
1458 3494 1693 3549 initium
1737 3493 1970 3548 tribuis.
2005 3494 2114 3548 Ne-

463 3604 762 3661 quaquam
797 3586 928 3641 dico
958 3586 1151 3657 ipsum
1184 3602 1251 3639 ex
1282 3588 1484 3640 sancta
1503 3583 1742 3656 Virgine
1772 3582 2002 3638 initium
2027 3599 2115 3638 ac-

465 3677 712 3748 cepisse,
744 3677 926 3732 absitl
963 3677 1109 3730 Ante
1140 3674 1350 3728 secula
1380 3673 1535 3728 enim
1563 3677 1706 3741 erat,
1740 3671 1864 3743 ipse
1897 3672 2114 3743 quippe

463 3765 679 3822 saecula
709 3765 861 3832 fecit,
895 3764 1021 3836 ipse
1052 3767 1140 3818 est
1186 3762 1472 3818 universae
1519 3762 1598 3816 rei
1649 3765 1850 3816 creatas
1900 3761 2110 3831 opifex,

464 3859 528 3911 ut
558 3856 640 3911 ait
670 3853 1033 3924 Evangelista
1065 3869 1077 3907 :
1106 3875 1132 3903 «ι
1167 3855 1375 3908 Omnia
1407 3868 1510 3923 per
1538 3851 1728 3922 ipsum
1772 3851 1923 3904 facta
1951 3855 2110 3916 sunt,

456 3949 514 4001 et
544 3946 670 4000 sine
702 3944 829 4014 ipso
864 3943 1077 3997 factum
1111 3945 1202 3997 est
1245 3940 1392 3994 nihil
1424 3940 1578 4011 quod
1631 3939 1845 3993 factum
1881 3943 1971 3994 est
1989 3940 2052 3993 π.
2083 3960 2110 3987 »

457 4033 560 4088 Hic
595 4033 720 4104 ipse
743 4048 845 4104 per
864 4047 1034 4101 quem
1060 4031 1258 4085 omnia
1290 4029 1440 4084 tacta
1459 4033 1619 4098 sunt,
1648 4043 1852 4082 novem
1881 4043 2113 4084 menses

453 4121 512 4176 in
562 4125 726 4174 utero
775 4120 952 4190 degit,
989 4134 1094 4174 nec
1144 4118 1340 4173 sinum
1392 4121 1701 4188 paternum
1735 4117 2015 4171 deseruit.
2049 4117 2112 4172 In

455 4213 623 4265 utero
653 4207 915 4279 Virginis
950 4224 1084 4262 cum
1128 4210 1303 4275 esset,
1329 4223 1362 4261 a
1391 4222 1780 4277 supernarum
1825 4208 2108 4261 virtutum

456 4296 674 4370 populo
691 4295 968 4351 laudibus
990 4294 1394 4350 celebrabatur
1409 4298 1466 4348 et
1483 4294 1928 4349 adorabatur.ln
1950 4298 2113 4350 utero

460 4384 725 4457 Virginis
757 4401 889 4439 cum
921 4387 1094 4447 esset,
1120 4382 1330 4437 caelum
1354 4386 1411 4436 et
1438 4387 1653 4436 terram
1686 4381 1989 4454 implebat,
2013 4383 2112 4454 qui

452 4476 672 4531 caelum
705 4479 760 4529 et
790 4477 1004 4528 terram
1041 4477 1249 4545 gestat,
1279 4488 1395 4526 non
1429 4470 1656 4538 robore,
1681 4473 1776 4526 sed
1812 4476 1954 4526 nutu
1984 4489 2110 4528 suo.

467 4564 570 4619 Hic
603 4567 765 4618 utero
798 4562 1138 4635 gestabatur
1165 4565 1229 4615 ut
1258 4559 1454 4624 homo,
1480 4561 1830 4630 operabatur
1852 4565 1915 4614 ut
1945 4563 2112 4627 Deus,

464 4670 579 4709 non
613 4653 1072 4724 circumquaque
1121 4650 1349 4705 delatus
1392 4649 1450 4702 in
1486 4647 1743 4720 Virginis
1794 4655 1978 4716 utero,
2014 4651 2112 4705 sed

462 4741 660 4797 omnia
683 4741 1098 4813 complectens,
1116 4739 1312 4796 omnia
1329 4739 1664 4810 gubernans
1688 4741 1752 4792 ut
1773 4737 2118 4807 Deus,juxta

461 4830 578 4885 vim
625 4830 880 4886 nominis
914 4829 1075 4883 illius
1099 4846 1148 4884 τα
1174 4827 1490 4883 Nobiscum
1537 4828 1743 4894 Deus,»
1767 4825 1866 4896 qui
1898 4827 2119 4882 scilicet

462 4932 529 4972 ex
562 4915 798 4988 Virgine
849 4923 1020 4972 natus
1058 4919 1165 4970 est.
1192 4915 1351 4979 Quod
1388 4915 1433 4970 si
1468 4913 1682 4970 dixeris
1712 4930 1843 4969 eum
1879 4915 1977 4986 qui
2012 4932 2114 4968 na-

461 5010 557 5060 tus
589 5009 679 5060 est
709 5005 1057 5077 simpliciter
1108 5021 1353 5076 puerum
1388 5021 1538 5072 esse,
1573 5021 1688 5059 non
1739 5004 1944 5072 Deum,
1978 5003 2114 5058 audi

463 5110 742 5166 magnum
777 5109 1098 5165 praeconem
1134 5093 1342 5148 Isaiam
1371 5093 1720 5148 clamantem
1745 5097 1802 5148 et
1824 5094 2112 5147 dicentem

461 5182 704 5255 ingrata)
735 5183 1075 5254 Synagogaa,
1101 5199 1200 5237 seu
1238 5182 1432 5253 potius
1472 5198 1758 5254 exagogae,
1794 5182 1848 5237 id
1883 5186 1991 5251 est,
2027 5182 2112 5237 Γο-

462 5289 556 5326 ras
588 5273 773 5342 cjecto
801 5272 970 5326 coetui
1024 5271 1359 5326 Judaeorum
1398 5288 1454 5325 τε
1494 5275 1642 5326 Puer
1688 5277 1863 5325 natus
1893 5276 1981 5325 est
2011 5288 2113 5326 no-

460 5359 574 5426 bis,
599 5360 758 5416 filius
777 5361 949 5415 datus
982 5364 1072 5415 est
1103 5360 1305 5427 nobis;
1338 5361 1507 5430 cujus
1541 5360 1908 5432 principatus
1939 5377 2115 5432 super

459 5450 773 5506 humerum
805 5451 953 5522 ejus.
984 5449 1054 5504 Et
1085 5452 1324 5504 vocatur
1348 5465 1560 5503 nomen
1589 5448 1739 5519 ejus,
1763 5449 1959 5521 magni
1982 5465 2114 5504 con-

531 5667 574 5702 ⁷⁸
603 5665 771 5724 Joan.
807 5683 846 5734 ι,
884 5667 930 5720 1.
1010 5665 1052 5700 ⁷⁷
1084 5663 1226 5719 ibid.
1263 5664 1348 5718 14.
1423 5664 1466 5699 τε
1501 5663 1724 5720 Baruch
1759 5679 1843 5729 ιιι,
1876 5664 2066 5720 36-38.

436 5745 520 5791 “‘4.

580 5849 610 5895 "*1

612 5895 840 6088 κ.

2229 3334 2388 3386 μενος
2422 3312 2478 3369 δὶ
2509 3315 2814 3388 ἄνθρωπος,
2848 3313 2957 3370 ἔστι
2985 3316 3076 3371 καὶ
3127 3319 3282 3386 Θεὸς,
3334 3319 3612 3390 ἡνωμένων
3655 3315 3788 3386 μέντοι

2223 3407 2332 3457 τῶν
2365 3401 2460 3458 δύο
2491 3403 2720 3481 φύσεων.
2763 3403 2921 3460 Ἀλλ’
2972 3404 3104 3466 ἴσως
3158 3406 3272 3478 ἐρεῖ
3318 3410 3346 3461 6
3390 3407 3440 3478 ἐξ
3486 3405 3707 3464 ἐναντίας
3744 3400 3788 3456 Εἴ

2224 3492 2488 3554 Θεοτὸκος
2517 3495 2551 3561 ἡ
2585 3494 2868 3569 Παρθένος,
2894 3495 3072 3570 ἀρχὴν
3109 3493 3273 3558 δίδως
3306 3500 3385 3567 τῷ
3429 3501 3534 3566 Θεῷ
3578 3493 3706 3566 Λόγῳ
3747 3489 3787 3543 ἐκ

2222 3582 2321 3649 τὴς
2381 3584 2674 3657 Παρθένου.
2725 3582 2802 3639 Οὐ
2854 3582 2996 3659 λέγω
3050 3584 3204 3639 αὐτὸν
3258 3585 3438 3660 ἀρχὴν
3471 3583 3704 3659 εἶληοέναι
3747 3577 3787 3631 ἐκ

2219 3677 2320 3738 τῆς
2381 3670 2530 3745 ἁγίας
2595 3670 2887 3746 Παρθένου·
2942 3672 3144 3747 ἄπαγεὲ
3207 3676 3321 3747 Πρὸ
3367 3675 3464 3750 γὰρ
3505 3677 3600 3727 τῶν
3627 3670 3785 3724 αἱώνων

2227 3761 2490 3835 ὑπῆρχεν·
2552 3759 2711 3821 αὐτὸς
2753 3761 2854 3835 γὰρ
2902 3762 2992 3814 καὶ
3039 3761 3165 3823 τοὺς
3213 3763 3419 3823 αἷῶνας
3445 3760 3680 3828 ἐποίησιν,
3723 3753 3788 3809 αὖ·

2218 3849 2311 3910 τὸς
2343 3850 2431 3902 καὶ
2461 3850 2640 3919 πάσης
2669 3849 2894 3911 κτίσεώς
2927 3849 3036 3904 ἐστι
3069 3847 3432 3926 δημιουργὸς,
3478 3849 3635 3908 καθώς
3674 3864 3788 3922 φησιν

2223 3938 2250 3992 ὁ
2282 3936 2710 4013 Εὗαγγελιστήςο
2764 3963 2792 3989 ‹‹
2843 3936 3023 3994 Πάντα
3054 3936 3123 3992 δι’
3152 3939 3320 3994 αὐτοῦ
3359 3939 3576 4015 ἐγένετο,
3605 3933 3674 3988 καὶ
3698 3953 3783 4006 χω-

2225 4027 2308 4097 ρὶς
2339 4026 2502 4080 αὐτοῦ
2552 4025 2761 4100 ἐγένετο
2815 4024 2939 4082 οὐδὲ
2967 4024 3022 4080 ἓν
3057 4027 3086 4081 6'
3114 4029 3353 4102 γέγονεν.
3392 4053 3417 4077 ››
3447 4026 3622 4089 Οὗτος,
3670 4019 3722 4075 δι’
3743 4016 3786 4071 οὗ

2219 4116 2287 4171 τὰ
2341 4115 2513 4169 πάντα
2579 4115 2790 4190 ἐγένετο
2859 4114 3270 4189 ἐννεαμηνιαῖον
3323 4117 3501 4190 καιρὸν
3555 4114 3600 4168 έν
3648 4105 3786 4184 γαστρῖ

2225 4203 2455 4278 ἐγένετο.
2487 4205 2576 4258 καὶ
2605 4209 2712 4259 τῶν
2745 4202 2967 4259 κόλπων
2999 4210 3108 4260 τῶν
3139 4211 3416 4281 πατρικῶν
3460 4204 3549 4259 οὐκ
3595 4196 3785 4266 ἀπηλλο-

2223 4293 2452 4368 τριώθη.
2484 4298 2568 4346 Ἐν
2603 4292 2670 4366 τῇ
2707 4294 2888 4366 μήτρᾳ
2916 4297 3014 4357 τῆς
3047 4293 3319 4366 Παρθένου
3351 4293 3443 4362 ὥν,
3474 4291 3567 4346 ὑπὸ
3607 4291 3685 4343 τοῦ
3721 4281 3785 4350 διξο

2229 4403 2332 4455 μου
2388 4380 2494 4436 τῶν
2573 4382 2682 4435 ἅνω
2742 4378 3018 4453 δυνάμεων
3095 4381 3398 4458 έξολογεῖτο
3462 4381 3542 4435 καὶ
3591 4393 3787 4450 προσεκυ-

2226 4476 2390 4525 νεῖτο.
2435 4471 2519 4523 Ἐν
2553 4470 2743 4543 γαστρὶ
2791 4476 2891 4537 τῆς
2943 4469 3214 4543 Παρθένου
3273 4470 3371 4536 ὥν,
3401 4472 3485 4525 τὸν
3516 4465 3700 4541 οὐρανὸν
3724 4458 3785 4513 καὶ

2147 4573 2192 4637 D
2221 4561 2319 4627 τὴν
2351 4566 2449 4633 γῆν
2501 4557 2768 4631 ἐπλήρου,
2817 4560 2844 4612 ὁ
2893 4559 2986 4613 τὸν
3037 4560 3260 4631 οὐρανὸν
3312 4560 3399 4614 καὶ
3429 4560 3518 4626 τήν
3547 4563 3630 4632 γῆν
3658 4552 3788 4627 φέρων

2228 4649 2288 4702 οὐ
2322 4646 2567 4720 δυνάμει,
2599 4647 2746 4702 ἀλλὰ
2773 4647 3020 4719 νεύματι.
3053 4648 3219 4710 Οὗτος
3275 4649 3375 4704 ὑπὸ
3409 4649 3598 4720 μήτρας
3625 4641 3788 4717 ἐφέρετο

2231 4737 2323 4810 μὶν
2375 4737 2448 4797 ὡς
2509 4737 2814 4809 ἄνθρωπος,
2877 4735 3151 4809 εἰργάζετο
3202 4735 3259 4791 δὶ
3306 4738 3380 4798 ὡς
3426 4736 3563 4794 Θεός’
3609 4730 3789 4799 0:31:59!-

2227 4825 2524 4900 φερόμενος
2585 4823 2638 4878 ἐν
2688 4828 2754 4896 τῇ
2808 4826 2990 4899 μήτρᾳ
3034 4831 3134 4894 τῆς
3183 4825 3471 4900 Παρθένου,
3517 4819 3639 4876 ἀλλᾶ
3662 4817 3789 4869 πέντε

2225 4917 2562 4988 περικρατῶν
2597 4912 2685 4966 καὶ
2718 4909 2916 4966 διέπων
2952 4913 3025 4974 ὡς
3057 4914 3186 4974 Θεὸς
3229 4914 3361 4969 κατά
3403 4914 3494 4980 τήν
3522 4909 3683 4972 κλῆσιν
3717 4903 3786 4955 τοῦ

2231 5001 2514 5074 ὀνόματος,
2548 5027 2575 5052 ιι
2609 5002 2738 5062 Θεὸς
2765 5003 2881 5074 μεθ’
2908 5004 3092 5074 ἡμῶν,
3127 5026 3154 5053 ›ι
3186 5004 3214 5057 ὁ
3246 5002 3303 5057 ἐκ
3333 5001 3580 5076 Παρθένου
3607 4989 3784 5069 taxatio

2227 5089 2292 5145 Ei’
2339 5086 2396 5144 δὲ
2450 5090 2625 5165 λέγεις
2674 5088 2890 5144 παιδίον
2936 5089 3096 5163 ψιλὸν
3145 5092 3207 5146 τὸ
3259 5092 3463 5164 τεχθὲν,
3492 5087 3569 5142 καὶ
3597 5083 3646 5140 οὐ
3672 5079 3782 5141 Θεὸς,

2226 5179 2387 5236 ἄκουε
2412 5185 2510 5236 τοῦ
2545 5179 2788 5256 μεγάλου
2837 5182 3074 5255 κήρυκος
3104 5180 3322 5240 Ἡσαΐου
3359 5184 3575 5256 βοῶντος
3621 5172 3693 5228 καὶ

2225 5290 2414 5344 γοντος
2471 5252 2752 5344 πρὸςτὴν
2807 5252 3102 5345 ἀχάριστον
3151 5252 3482 5346 συναγωγὴν,
3537 5261 3710 5338 μᾶλλον
3743 5252 3782 5307 δὲ

2225 5359 2501 5436 ἐξαγωγὴν
2561 5365 2668 5414 τῶν
2731 5356 3028 5413 Ἰουδαίωνο
3090 5361 3172 5415 ’ὁτι
3235 5386 3254 5410 ι
3308 5357 3515 5415 Παιδίον
3559 5349 3779 5426 ἐγεννήθην

2225 5449 2339 5510 υἱὸς
2371 5451 2460 5502 καί
2493 5447 2653 5519 ἐδόθη
2687 5451 2845 5522 ἡμῖν’
2899 5447 2960 5503 οὗ
2991 5451 3024 5518 ἡ
3057 5449 3202 5525 ἀρχὴ
3235 5449 3315 5502 ἐπὶ
3344 5453 3433 5502 τοῦ
3479 5444 3614 5516 ὤμου
3642 5434 3780 5497 αότοῦν

2144 5665 2189 5701 ⁷⁸
2216 5665 2384 5722 Joan.
2418 5683 2459 5736 ι,
2490 5665 2541 5719 3.
