4026 6204
223 393 356 451 965

1267 383 1533 445 SEltMO
1579 386 1658 444 ΙΝ
1705 381 2247 443 NATIVITATEM
2293 382 2624 442 CHRISTI.

3533 391 3652 459 966
3671 455 3675 462 .

219 521 322 576 καὶ
385 517 629 574 καλεῖται
671 517 734 571 τὸ
782 510 956 588 ὄνομα
1005 513 1192 581 αὐτοῦ,
1225 512 1485 588 Μεγάλης
1535 511 1742 590 βουλῆς
1795 509 1882 585 ἅγ-

2012 511 2110 567 ιὶΙίἰ
2145 512 2410 586 angelus,
2445 513 2828 585 admirabilis,
2859 515 3249 584 consiliarius,
3274 519 3429 576 Deus
3464 523 3650 583 fortis,

215 609 419 686 γελος,
453 606 781 680 θαυμαστὸς,
813 598 1184 677 σῦμϐουλους,
1213 603 1342 664 Θεὸς
1372 603 1620 678 ἰσχυρὸς,
1655 601 1890 671 ἐξουσια-

220 698 390 766 στής,
425 696 611 772 ἄρχων
646 694 892 768 εἰρήνης,
919 693 1098 767 πατὴρ
1147 689 1246 746 τοῦ
1300 689 1599 763 μέλλοντος
1657 690 1880 750 αἶ’ὦνος.

222 789 443 860 Ἀμήν.
505 810 533 838 ››
592 781 817 838 Παιδίον
889 781 1026 835 κατὰ
1076 779 1231 859 φύσιν
1310 778 1441 834 πότε
1497 779 1702 856 ἰγένετο
1761 778 1889 839 Θεὸς

220 874 610 946 ὲξουσιαστὴς,
643 872 719 933 ὠς
767 872 831 925 τὸ
878 867 1092 925 παιδίον
1128 874 1312 939 τοῦτο,
1363 867 1652 938 ἐπικληθὲν
1701 868 1887 922 «Μεθ’

218 969 402 1038 ἡμῶν
437 965 464 1019 ὁ
495 958 623 1024 Θεός
652 980 665 1032 ;

303 1057 360 1112 4.
399 1053 462 1108 Εἰ
496 1049 552 1108 δὶ
579 1051 705 1112 Θεὸς
737 1049 986 1125 ἰσχυρὸς,
1021 1046 1385 1119 έξουσιαστής,
1407 1047 1496 1102 καὶ
1528 1045 1714 1122 ἄρχων
1749 1045 1893 1121 εῗρή-

218 1165 357 1213 νης,
395 1142 481 1197 καὶ
516 1142 696 1216 πατὴρ
727 1143 824 1194 τοῦ
860 1136 1160 1211 μέλλοντος
1191 1136 1384 1198 αἰῶνος
1412 1137 1473 1191 τὸ
1505 1133 1717 1190 παιδίον
1740 1137 1803 1190 τὸ
1835 1134 1893 1188 ἐκ

216 1235 329 1301 τῆς
365 1229 642 1305 Παρθένου
698 1227 913 1303 τεχθὲν,
946 1231 1065 1288 πῶς
1115 1225 1176 1281 οὗ
1235 1225 1495 1288 Θεοτόκος
1533 1229 1568 1296 ι,
1602 1225 1890 1299 Παρθένος,

217 1321 384 1377 ἀλλά
417 1318 715 1394 Θεοδόχος,
749 1317 792 1372 εἷ
825 1316 911 1371 καὶ
943 1311 1227 1382 συνέλαϐε,
1257 1315 1345 1369 καὶ
1404 1313 1570 1384 ἔτεκε,
1621 1314 1710 1368 καὶ
1762 1315 1890 1375 Θεὸς

214 1414 286 1466 τὸ
317 1409 564 1486 τεχθέν;
597 1408 699 1466 Καὶ
733 1405 895 1462 πάλιν
929 1403 1075 1477 αὖτῷ
1135 1403 1300 1480 λέγω,
1345 1405 1419 1467 ὡς
1470 1402 1738 1474 ἠθέλησεν
1789 1403 1893 1458 εἷσ-

217 1501 432 1569 ἧλθεν,
493 1499 568 1560 ὡς
647 1492 950 1566 ηὐδόκησεν
1037 1493 1403 1571 έκυοφορήθη,
1464 1495 1538 1556 ὡς
1597 1489 1888 1563 ἠϐουλήθη

217 1587 522 1663 προῆλθεν
557 1588 585 1641 ὁ
614 1584 850 1661 τεχθείς.
882 1583 943 1638 Τί
1001 1582 1213 1660 ἐρευνᾷς
1263 1583 1428 1638 αὐτοῦ
1468 1584 1567 1652 την
1627 1582 1847 1653 θέλησιν
1877 1603 1890 1651 ;

217 1678 294 1737 Τί
333 1671 668 1752 ἐξακριϐάζῃ
699 1675 862 1729 αὐτοῦ
907 1674 1007 1741 τήν
1041 1669 1322 1743 εὐδοκίαν;
1363 1673 1422 1726 Τί
1473 1672 1748 1748 ἐξιχνιάζῃ
1797 1671 1892 1726 αὐ-

215 1773 325 1824 τοῦ
359 1769 468 1837 τὴν
525 1763 825 1842 [Sedit-quiia;
859 1769 1060 1818 ’Άκουε
1107 1762 1251 1837 παρὰ
1301 1759 1541 1831 Ηαῦλου,
1578 1759 1789 1833 μᾶλλον
1837 1757 1894 1814 δὲ

215 1855 650 1932 καταγινώσκου
684 1854 770 1908 ὑπ’
801 1851 985 1907 αὐτοῦ·
1021 1875 1047 1902 ιι
1081 1855 1168 1923 Τῷ
1199 1853 1302 1926 γὰρ
1356 1849 1670 1926 βουλήματι
1729 1847 1891 1904 αὐτοῦ
1928 1885 1974 1949 Β

213 1948 318 2009 τίς
344 1945 684 2014 (ivssus-qm;
719 1967 746 1992 ι)
780 1945 986 1997 Μενοῦν
1048 1960 1132 2014 γε,
1164 1941 1208 1994 ὧ
1267 1936 1533 2012 ἄνθρωπε,
1569 1938 1630 1992 σὺ
1663 1938 1740 2000 τίς
1790 1937 1839 1992 εἶ
1867 1937 1895 1991 ὀ

215 2037 471 2112 ipsum?”
505 2033 596 2087 καὶ
627 2031 944 2108 ἐξιχνιάζων
977 2027 1140 2083 αὐτοῦ
1169 2029 1266 2096 τήν
1311 2027 1581 2102 γέννησιν,
1611 2031 1706 2082 τοῦ
1762 2047 1896 2103 προ-

215 2127 420 2203 φήτου
453 2121 728 2198 λέγοντος·
754 2145 780 2171 ‹‹
813 2120 917 2186 Τήν
949 2117 1133 2193 γενεὰν
1162 2117 1325 2171 αὑτοῦ
1354 2116 1438 2178 τίς
1473 2113 1779 2191 διηγήσεται
1807 2118 1896 2184 ;'O

211 2202 534 2290 προφήτης
567 2208 746 2284 φεύγει
778 2209 877 2275 τήν
904 2207 1086 2283 γενεὰν
1119 2205 1282 2260 αὐτοῦ
1313 2202 1799 2279 διηγήσασθαι,κιιὶ
1834 2203 1896 2258 σὺ

211 2305 332 2372 τίεν
398 2300 558 2374 φύσιν
613 2296 942 2373 περιεργάζϊι
999 2295 1088 2350 καὶ
1142 2293 1670 2369 πολυπραγμονεῖς;
1730 2295 1789 2350 '0
1840 2291 1896 2348 δὲ

216 2387 640 2466 εὐαγγελιστής
671 2391 886 2447 Λουκᾶς
941 2385 1038 2452 την
1085 2384 1232 2438 κάτω
1289 2382 1532 2457 γέννησιν
1593 2381 1756 2437 αὐτοῦ
1815 2379 1897 2436 δε-

216 2479 552 2556 ηγοῦμενος
589 2475 732 2530 οὕτω
763 2472 932 2548 λέγει’
970 2498 990 2521 ι
1029 2471 1290 2544 Ηοιμένες
1321 2474 1453 2540 ἦσαν
1509 2470 1558 2525 ἐν
1608 2474 1676 2544 τῇ
1739 2473 1899 2546 χώρᾳ

214 2573 294 2643 τῇ
330 2566 482 2638 αὐτῇ
517 2561 935 2638 ἀγραυλοῦντες,
967 2560 1057 2615 καὶ
1108 2559 1466 2636 φυλάσσοντες
1518 2557 1759 2636 φυλακὰς
1809 2559 1895 2614 ἐπὶ

219 2660 333 2726 τὴν
369 2654 620 2728 ποίμνην
655 2649 851 2706 αὐτῶν
885 2649 974 2704 καὶ
1007 2646 1125 2703 ἰδοὺ
1180 2646 1403 2724 ἄγγελος
1449 2648 1644 2722 Κυρίου
1702 2647 1894 2720 ἐπέστη

220 2745 452 2812 αὐτοῖς,
510 2741 601 2796 καὶ
660 2737 787 2809 δόξα
844 2737 1041 2814 Κυρίου
1114 2736 1480 2812 περιέλαμψεν
1535 2735 1752 2804 αὐτοὺς,
1809 2737 1896 2792 καὶ

222 2830 598 2914 ἐφοϐήθησαν
659 2823 827 2906 φὸὅον
885 2828 1070 2903 μέγαν.
1106 2825 1201 2880 Καὶ
1260 2825 1400 2880 εἶπεν
1460 2825 1640 2888 αὐτοῖς
1674 2826 1700 2880 ὁ
1743 2824 1895 2902 ἅγγε-

223 2925 352 2986 λος·
399 2921 497 2989 Μὴ
531 2913 800 2997 φοϐεῖσθε·
837 2913 956 2971 ἰδοὺ
989 2916 1090 2990 γὰρ
1142 2913 1560 2990 εὐαγγελίζομαι
1611 2915 1736 2988 ὑμῖν
1790 2936 1898 2990 χα-

223 3014 329 3087 ρὰν
399 3005 669 3082 μεγάλην,
699 3005 820 3074 ἥτις
871 3001 1017 3060 ἔσται
1065 3003 1219 3058 παντὶ
1268 3007 1345 3074 τῷ
1395 3002 1530 3076 λαῷ·
1566 3003 1650 3057 ὅτι
1700 3002 1896 3079 ἐτέχθη

228 3104 374 3174 ὑμῖν
413 3099 654 3172 σήμερον
687 3095 905 3168 Σωτὴρ,
939 3091 998 3154 ὅς
1030 3092 1138 3147 ἐστι
1173 3092 1401 3165 Χριστὸς
1451 3092 1647 3167 Κύριος
1691 3091 1742 3147 ἐν
1796 3091 1898 3146 πό-

224 3191 324 3246 λει
383 3183 575 3243 Δαυίδ.
611 3209 638 3235 ››
672 3185 733 3240 Ὀ
777 3181 1006 3257 ἄγγελος
1064 3180 1292 3257 Χριστὸν
1343 3179 1433 3234 καὶ
1484 3179 1681 3256 Κύριον
1729 3179 1898 3257 λέγει,

2001 605 2244 672 potens,
2313 601 2582 674 princeps
2665 603 2856 673 pacis,
2935 610 3099 677 pater
3166 607 3345 662 futuri
3432 612 3650 666 sa'culi.

1999 691 2180 745 Amen
2203 690 2266 746 ⁸ο.
2301 712 2327 740 ››
2369 694 2518 745 Puer
2571 693 2896 747 secundum
2950 699 3221 750 naturam
3272 699 3651 768 quandonam

2002 779 2186 834 factus
2216 784 2305 835 est
2335 785 2485 835 Deus
2531 785 2758 852 potens,
2793 784 3291 853 quemadmodum
3343 803 3490 858 puer
3521 789 3651 859 iste,

2002 869 2099 940 qui
2135 869 2585 942 cognominatur
2617 892 2644 919 ‹‹
2675 870 2993 926 Nobiscum
3030 874 3222 930 Deus?
3246 898 3274 924 ››

2073 1048 2125 1101 4.
2159 1047 2320 1110 Quod
2354 1047 2402 1102 si
2437 1047 2592 1103 ﬁlius
2643 1047 2741 1102 ille
2770 1065 2835 1104 ex
2867 1049 3104 1121 Virgine
3135 1055 3328 1118 natus,
3362 1059 3450 1110 est
3501 1061 3651 1113 Deus

2004 1137 2189 1206 fortis,
2215 1141 2438 1209 potens,
2481 1139 2751 1209 princeps
2787 1139 2969 1210 pacis,
3001 1144 3058 1194 et
3107 1145 3270 1212 pater
3315 1144 3494 1199 futuri
3543 1163 3649 1201 ste-

2002 1226 2139 1292 culi,
2171 1242 2351 1296 quare
2379 1225 2554 1298 Virgo
2586 1243 2699 1281 non
2741 1227 2850 1282 erit
2879 1227 3126 1299 Deipara
3161 1246 3173 1283 :
3207 1233 3306 1285 sed
3339 1231 3437 1287 Dei
3484 1248 3648 1288 exce-

2003 1315 2176 1387 ptrix,
2200 1314 2490 1385 siquidem
2533 1317 2800 1387 concepit
2837 1320 2894 1371 et
2927 1318 3164 1388 peperit,
3193 1323 3458 1391 Deusque
3504 1321 3648 1376 illud

2001 1409 2090 1461 est
2111 1405 2262 1477 quod
2293 1408 2495 1459 natum
2527 1405 2653 1460 est?
2680 1406 2933 1460 Rursum
2965 1406 3078 1478 ipsi
3109 1407 3299 1462 dicam
3328 1425 3341 1463 :
3367 1408 3438 1465 Ut
3467 1411 3652 1465 voluit

2003 1495 2304 1564 ingressus
2335 1497 2443 1564 est,
2465 1497 2529 1548 ut
2561 1493 2670 1549 sibi
2699 1493 2916 1566 placuit
2944 1499 3206 1568 gestatus
3238 1497 3294 1551 in
3324 1504 3486 1554 utero
3517 1501 3645 1567 fuit,

2004 1589 2068 1638 ut
2097 1583 2272 1638 libuit
2300 1583 2537 1654 genitus
2570 1583 2805 1654 prodiit.
2828 1587 2942 1637 Cur
2969 1584 3097 1654 ejus
3127 1585 3484 1641 voluntatem
3516 1605 3646 1643 exa-

2005 1671 2240 1727 mines?
2278 1672 2392 1726 Cur
2419 1671 2547 1741 ejus
2579 1671 3007 1743 beneplacitum
3041 1674 3376 1745 perquiris?
3407 1680 3520 1731 Cur
3549 1678 3648 1732 de-

2002 1766 2227 1816 cretum
2256 1758 2619 1832 investiges?
2647 1759 2890 1815 Paulum
2921 1761 3080 1830 audi,
3108 1762 3223 1817 imo
3255 1764 3448 1835 potius
3477 1767 3549 1821 ab
3582 1782 3647 1822 eo

2003 1849 2366 1905 convincere.
2389 1871 2415 1898 «
2442 1847 2740 1903 Voluntati
2770 1849 2926 1904 enim
2951 1850 3078 1921 ejus
3102 1852 3234 1923 quis
3264 1854 3481 1909 restitit
3500 1856 3542 1891 ⁸¹
3567 1854 3595 1909 ?
3616 1877 3644 1907 η

2007 1940 2075 1994 Et
2104 1954 2244 1994 sane
2271 1937 2403 2009 quis
2432 1941 2493 1992 tu
2518 1953 2600 2006 es,
2626 1955 2657 1993 ο
2688 1938 2884 2009 homo,
2910 1939 3010 2009 qui
3042 1941 3306 2011 inquiras
3332 1947 3387 1998 et
3417 1943 3651 1999 investi-

2005 2045 2106 2096 ges
2135 2029 2264 2098 ejus
2296 2027 2698 2082 nativitatem?
2743 2027 2886 2082 Cum
2935 2029 3087 2083 dicat
3124 2031 3406 2100 propheta
3439 2049 3507 2087 :«
3540 2033 3649 2089 Ge-

2007 2118 2365 2172 nerationem
2419 2117 2547 2187 ejus
2594 2117 2728 2186 quis
2774 2117 3228 2173 enarrahit"?»
3262 2120 3472 2176 Renuit
3520 2139 3651 2194 pro-

2006 2205 2180 2278 pheta
2226 2205 2664 2276 generationem
2699 2206 2826 2276 ejus
2856 2222 3148 2278 enarrare,
3179 2212 3236 2262 et
3268 2212 3329 2264 tu
3381 2215 3652 2267 naturam

2006 2297 2134 2367 ejus
2165 2295 2392 2349 curiose
2433 2293 2724 2365 perquiris
2771 2299 2827 2350 et
2874 2295 3242 2368 investiges?
3288 2299 3656 2373 Evangelista

2006 2400 2175 2456 porro
2207 2388 2387 2438 Lucas
2417 2384 2543 2454 ejus
2573 2383 2632 2437 in
2664 2383 2884 2440 inﬁmis
2913 2386 3347 2456 generationem
3375 2406 3657 2446 enarrans

2007 2474 2087 2529 ait
2119 2489 2131 2527 :
2161 2493 2188 2525 ιι
2218 2475 2490 2527 Pastores
2520 2477 2688 2527 erant
2736 2472 2794 2527 in
2847 2473 3082 2546 regione
3115 2475 3317 2531 eadem
3351 2476 3658 2550 vigilantes

2006 2568 2065 2618 et
2113 2561 2515 2617 custodientes
2572 2560 2802 2633 vigilias
2857 2579 3034 2634 super
3079 2579 3311 2634 gregem
3363 2581 3560 2623 suum.
3594 2569 3660 2622 Et

2007 2668 2138 2706 ecce
2169 2649 2408 2722 angelus
2440 2649 2672 2704 Domini
2698 2649 2860 2705 stetit
2882 2651 3052 2721 juxta
3083 2651 3235 2719 illos,
3260 2657 3317 2708 et
3337 2653 3522 2724 gloria
3549 2656 3660 2711 Do-

2009 2739 2150 2794 mini
2178 2737 2566 2795 circumfulsit
2595 2737 2746 2802 illos,
2772 2743 2827 2794 et
2851 2741 3404 2796 timuerunttimore
3427 2759 3658 2815 magno.

2009 2829 2278 2898 Dixitque
2318 2825 2438 2882 illis
2478 2826 2720 2897 angelus
2755 2843 2767 2881 :
2804 2827 2991 2883 Nolite
3040 2828 3243 2885 timere
3276 2845 3290 2886 :
3323 2847 3454 2886 ecce
3503 2833 3662 2888 enim

2009 2915 2335 2989 cvangelizo
2356 2913 2522 2970 vobis
2551 2915 2832 2986 gaudium
2869 2932 3170 2989 magnum,
3195 2919 3346 2989 quod
3373 2922 3481 2974 erit
3503 2921 3663 2976 omni

2008 3006 2225 3079 populo
2259 3021 2270 3059 :
2308 3004 2446 3076 quia
2493 3009 2668 3060 natus
2716 3009 2806 3060 est
2836 3005 2998 3060 vobis
3049 3005 3218 3062 hodie
3250 3007 3532 3073 Salvator,
3565 3025 3663 3082 qui

2009 3101 2097 3152 est
2127 3094 2396 3150 Christus
2428 3093 2716 3149 Dominus
2757 3094 2812 3147 in
2857 3093 3086 3150 civitate
3120 3096 3290 3150 David
3322 3097 3386 3152 ⁸³.
3416 3121 3442 3146 ››
3475 3100 3661 3172 Auge-

2013 3183 2107 3240 lus
2139 3181 2542 3254 evangelizans
2573 3181 2908 3253 pastoribus
2940 3199 3073 3238 eum
3106 3184 3217 3254 qui
3239 3190 3414 3242 natus
3446 3193 3568 3242 erat
3597 3204 3666 3243 ex

224 3274 744 3353 εὐαγγελιζόμενος
785 3271 911 3333 τοὺς
943 3269 1230 3344 ποιμένας,
1261 3269 1352 3324 τὸν
1392 3267 1650 3343 τεχθέντα
1696 3268 1756 3324 ἐκ
1801 3277 1900 3339 τῆς

2012 3251 2610 3345 Virgine—Christum
2661 3274 2718 3326 et
2775 3271 3090 3326 Dominum
3122 3251 3336 3345 ipsum
3389 3280 3569 3330 vocat.
3604 3275 3664 3331 Si

223 3365 547 3439 Παρθένου.
581 3361 642 3416 Εἰ
676 3358 770 3414 οὖν
805 3358 999 3434 Κύριος
1031 3361 1058 3414 ὁ
1088 3357 1325 3434 τεχθεὶς,
1357 3363 1474 3420 πῶς
1525 3357 1586 3412 οὗ
1638 3359 1901 3433 Κυριοτό-

223 3477 330 3517 κος
371 3457 410 3523 ἡ
444 3449 714 3528 Ιῖαρθένος
747 3479 760 3518 -,
791 3448 933 3522 Ἐγὼ
964 3445 1021 3502 δὲ
1072 3446 1215 3523 λέγω
1258 3446 1345 3501 καὶ
1398 3447 1780 3520 Χριστοτόκον,
1814 3447 1900 3502 καὶ

227 3541 612 3618 Κυριοτόκον,
664 3537 755 3593 καὶ
841 3535 1281 3612 Σωτηριοτόκον,
1339 3535 1427 3590 καὶ
1485 3537 1746 3592 Θεοτὸκον
1802 3539 1901 3607 τὴν

228 3632 406 3708 ἁγίαν
460 3623 732 3702 Παρθένον
778 3627 915 3681 κατὰ
954 3626 1053 3694 τὴν
1084 3626 1268 3702 φωνην
1301 3629 1397 3679 τοῦ
1428 3624 1663 3700 ἀγγέλου
1692 3623 1787 3680 τοῦ
1819 3626 1902 3680 v3-

231 3719 694 3794 αγγελισαμένου
741 3714 869 3777 τοὺς
913 3715 1180 3786 ποιμένας
1227 3714 1315 3768 καὶ
1361 3714 1458 3779 τήν
1517 3713 1808 3787 Παρθένον.
1843 3715 1903 3772 Εἰ

234 3807 484 3887 ἄγγελοι
538 3811 789 3880 Σωτῆρα,
820 3802 909 3857 καὶ
957 3802 1211 3875 Χριστὸν,
1243 3802 1330 3856 καὶ
1381 3801 1597 3876 Κύριον,
1642 3803 1730 3857 καὶ
1776 3803 1904 3858 Θεὸν

221 3895 634 3972 κηρύττουσιν,
665 3895 828 3964 ἡμεῖς
857 3890 910 3946 τί
941 3890 1356 3965 ἀποκρουόμεθα
1413 3889 1587 3945 αὐτῶν
1640 3893 1736 3961 τήν
1772 3914 1905 3967 μαρ-

226 3985 430 4064 τυρίαν
462 4003 476 4053 ;
511 3980 756 4052 εἰσῆλθεν
797 3979 848 4035 ἐν
899 3985 966 4054 τῇ
1018 3981 1272 4055 Παρθένῳ
1317 3978 1570 4055 ἄσαρκος,
1603 3979 1905 4058 ἐκυοφορή-

213 4079 288 4147 θη
333 4076 686 4146 σωματικῶς
717 4069 807 4125 καὶ
841 4070 1020 4134 καθὼς
1050 4066 1376 4139 ηὐδόκησεν.
1413 4066 1642 4138 Ἐξῆλθε
1693 4067 1782 4124 διὰ
1810 4078 1909 4139 τῆς

219 4169 524 4239 μητρικῆς
596 4161 805 4238 φύσεως
854 4159 1249 4231 οἰκονομικῶς,
1310 4156 1371 4212 οὗ
1421 4161 1604 4230 μέντοι
1660 4160 1794 4230 μετᾶ
1845 4160 1907 4214 τὸ

239 4253 523 4328 τεχθῆναι
549 4248 737 4318 ἡνώθη
772 4248 800 4302 ὁ
839 4246 970 4310 Θεὸς
1005 4246 1177 4322 Λόγος
1231 4249 1298 4319 τῇ
1345 4245 1652 4318 οἰκονομίᾳ.
1689 4245 1907 4322 Προῆλ-

228 4345 324 4397 θεν
373 4338 656 4413 ἀτρέπτως
701 4341 772 4411 τῇ
821 4336 977 4412 φύσει
1027 4335 1322 4410 γενόμενος
1354 4335 1381 4388 ὃ
1414 4333 1513 4388 οὐκ
1542 4335 1632 4403 ἦν,
1670 4335 1852 4407 μείνας
1881 4336 1910 4389 ’ὸ

227 4432 331 4500 ἦν.
371 4426 492 4486 Οὐκ
523 4423 850 4487 ἀλλοιωοεὶς
881 4428 950 4498 τῇ
995 4422 1173 4494 οὐσίᾳ,
1229 4423 1416 4478 ἑαυτὸν
1473 4422 1718 4495 έκένωσε,
1750 4445 1912 4478 τουτ-

229 4519 356 4574 έστι
417 4515 598 4579 καθὼς
657 4507 951 4599 ἠϐουλήθη
989 4531 1002 4545 ·
1067 4511 1173 4588 οὐχ
1232 4513 1318 4589 ὑφ’
1378 4512 1562 4587 έτέρου
1636 4513 1911 4599 κενωθεὶς,

2015 3379 2150 3434 ergo
2186 3359 2466 3414 Dominus
2496 3364 2585 3414 est
2613 3359 2707 3428 qui
2750 3365 2924 3415 natus
2957 3365 3064 3428 est,
3089 3362 3190 3433 qui
3242 3379 3353 3418 non
3407 3365 3664 3419 Domini-

2015 3467 2155 3523 para
2185 3448 2363 3518 Virgo
2414 3448 2627 3502 fuerit?
2679 3449 2797 3520 Ego
2856 3465 2988 3504 vero
3047 3454 3105 3504 et
3160 3451 3582 3522 Christiparam
3615 3457 3674 3508 et

2016 3538 2478 3610 Dominiparam,
2503 3544 2559 3593 et
2581 3537 3092 3610 Salvatoriparam,
3118 3543 3176 3596 et
3198 3540 3507 3613 Dciparsm
3541 3543 3670 3598 dico

2017 3633 2282 3686 sanctam
2313 3627 2611 3699 Virginem
2643 3643 2791 3693 esse,
2813 3629 2982 3698 juxta
3013 3645 3208 3684 vocem
3243 3629 3455 3702 angeli,
3480 3631 3580 3700 qui
3613 3635 3671 3686 et

2017 3718 2350 3791 pastoribus
2402 3720 2458 3771 et
2504 3715 2730 3788 Virgini
2786 3716 3058 3771 nuntium
3111 3717 3329 3774 attulit.
3365 3718 3423 3774 Si
3474 3719 3668 3791 angeli

2017 3807 2374 3864 Salvatorem
2398 3813 2454 3860 et
2483 3805 2780 3860 Christum
2805 3810 2861 3860 ct
2889 3805 3195 3876 Dominum
3223 3811 3280 3860 et
3305 3811 3482 3861 Deum
3515 3809 3667 3864 353

2019 3897 2353 3969 pradicant,
2377 3911 2482 3948 nos
2512 3908 2690 3964 quare
2723 3893 3127 3948 testimonium
3163 3893 3398 3949 illorum
3433 3912 3668 3967 respue-

2021 3985 2193 4042 mus?
2215 3986 2519 4055 Ingressus
2543 3986 2633 4037 est
2665 3982 2721 4036 in
2747 3981 3043 4053 Virginem
3070 3983 3265 4038 carnis
3296 3999 3520 4055 expers,
3544 4000 3668 4040 cor-

2021 4072 2294 4147 poraliter
2323 4076 2386 4126 ut
2416 4070 2526 4126 sibi
2558 4069 2778 4142 placuit
2806 4075 3069 4143 gestatus
3101 4076 3190 4128 est
3223 4089 3235 4127 :
3273 4089 3335 4128 ex
3373 4073 3675 4145 dispensa-

2018 4164 2174 4219 tione
2208 4179 2309 4234 per
2339 4164 2663 4215 maternam
2697 4177 2971 4231 egressus
3015 4165 3104 4216 est
3151 4167 3446 4228 naturam,
3483 4179 3671 4234 neque

2018 4257 2218 4308 tamen
2252 4252 2384 4322 post
2415 4253 2646 4320 partum
2681 4248 2885 4304 unitus
2917 4254 3005 4304 est
3036 4251 3190 4306 Deus
3221 4251 3478 4306 Verbum
3511 4253 3673 4307 carni

2022 4358 2124 4414 per
2154 4337 2651 4411 dispensationem
2700 4343 3042 4409 assumptis.
3075 4339 3296 4395 l’rodiit
3326 4341 3425 4412 qui
3457 4341 3674 4395 immu-

2022 4429 2221 4484 tabilis
2252 4431 2460 4482 natura
2505 4430 2649 4491 erat,
2684 4427 2873 4481 factus
2904 4428 3057 4498 quod
3106 4445 3218 4484 non
3253 4433 3395 4497 erat,
3428 4446 3676 4486 manens

2027 4519 2180 4590 quod
2225 4521 2367 4573 erat.
2399 4515 2523 4570 Non
2583 4515 2920 4570 substantia
2969 4522 3251 4588 mutatus,
3289 4519 3673 4592 semetipsum

231 4606 468 4681 μορφὴν
525 4600 728 4658 δούλου
793 4595 1001 4657 ἔλαθεν·
1061 4599 1122 4656 οὐ
1171 4600 1422 4663 κενωθεὶς
1476 4603 1574 4669 τῆς
1631 4595 1900 4673 θεότητος,

2023 4604 2369 4667 exiuanivit;
2403 4604 2501 4659 sed
2541 4607 2602 4657 ut
2634 4603 2746 4658 sibi
2779 4603 2995 4675 placuit
3029 4621 3040 4659 :
3079 4623 3185 4662 nec
3223 4608 3295 4662 ab
3326 4608 3441 4663 alio
3473 4608 3675 4664 exina-

229 4696 383 4752 κατά
439 4693 533 4748 τὸν
594 4691 856 4766 μακάριον
916 4687 1133 4745 Παῦλον
1188 4689 1278 4744 τὸν
1339 4688 1587 4764 λέγονται
1629 4713 1655 4740 ‹‹
1707 4692 1824 4760 Ὃς,
1858 4690 1909 4745 ἐν

243 4781 445 4860 μορφῇ
480 4785 612 4837 Θεοῦ
645 4779 933 4854 ὑπάρχων,
963 4778 1071 4854 οὐχ
1107 4777 1399 4853 ἁρπαγμὸν
1432 4780 1676 4853 ἡγήσατο
1723 4779 1786 4832 τὸ
1835 4780 1907 4834 εἶ-

242 4896 340 4928 ναι
403 4869 494 4926 ἴσα
540 4869 675 4942 Θεῷ,
738 4867 885 4923 ἀλλὰ
939 4869 1124 4923 ἑαυτὸν
1187 4866 1411 4921 έκένωσε
1465 4869 1679 4944 μορφὴν
1708 4865 1908 4922 δούλου

243 4957 462 5018 λαϐὼν.
501 4985 522 5011 ιι
561 4959 849 5013 Ἐκένωσεν
897 4957 1101 5023 ἑαυτὸν,
1132 4952 1420 5032 γενόμενος
1470 4956 1498 5010 ’ὁ
1548 4955 1646 5011 οὐκ
1701 4957 1786 5027 ἦν’
1819 4957 1907 5012 καὶ

243 5049 420 5105 πάλιν
481 5047 612 5102 αὐτὸ
666 5046 836 5121 λέγω,
873 5045 1056 5119 μείνας
1085 5046 1116 5100 ὃ
1158 5045 1247 5113 ἦν,
1279 5045 1408 5106 Θεὸς
1467 5044 1567 5120 γὰρ
1617 5047 1681 5114 ἦν
1725 5047 1752 5099 ὁ
1803 5046 1908 5100 Λό-

242 5161 349 5216 γος
379 5139 558 5199 οὗτος·
595 5137 673 5198 ὡς
707 5134 922 5190 παιδίον
969 5136 1282 5208 γενόμενος,
1319 5133 1394 5195 ὡς
1444 5134 1558 5195 υἱὸς
1609 5131 1907 5205 δοξάζεται.

245 5226 520 5297 Εἰσῆλθεν
551 5227 860 5298 ἀσώματος,
895 5220 1172 5279 ἐνεδόσστο
1205 5227 1364 5294 σῶμα
1410 5223 1587 5285 καθὼς
1646 5221 1905 5296 ἠθέλησε,

247 5317 343 5372 καὶ
375 5313 649 5384 κατεπόθη
679 5314 740 5368 τὸ
772 5313 964 5383 θνητὸν
997 5312 1098 5369 ὑπὸ
1129 5317 1229 5382 τῆς
1263 5315 1430 5380 ζωῆς.

2023 4696 2399 4761 nitionem,et
2422 4693 2668 4747 formam
2695 4692 2850 4747 illam
2878 4694 3025 4748 servi
3049 4696 3298 4765 accepit;
3329 4713 3433 4751 nec
3456 4697 3678 4752 amissa

2021 4786 2235 4841 deitato
2267 4784 2438 4853 juxta
2467 4783 2702 4837 beatum
2736 4781 3006 4849 Paulum,
3039 4785 3135 4854 qui
3187 4785 3267 4839 ait
3300 4802 3311 4838 :
3345 4808 3366 4834 υ
3402 4786 3674 4852 Quicum

2018 4875 2078 4929 in
2112 4875 2299 4930 forma
2320 4871 2418 4927 Dei
2442 4878 2613 4941 esset,
2641 4887 2753 4926 non
2789 4872 3054 4941 rapinam
3091 4873 3410 4930 arbitratus
3440 4879 3528 4930 est
3549 4891 3674 4932 esse

2020 4980 2081 5019 se
2111 4960 2392 5034 aequalem
2422 4959 2572 5026 Deo;
2614 4959 2713 5014 sed
2751 4961 3134 5032 semetipsum
3186 4962 3506 5019 exinanivit
3555 4965 3673 5019 for-

2020 5068 2174 5106 mam
2205 5048 2355 5106 servi
2380 5047 2755 5120 accipiens”.
2783 5070 2811 5096 ››
2836 5049 3225 5123 Semetipsum
3251 5051 3590 5120 exinanivit,
3615 5053 3674 5108 id

2019 5140 2258 5195 elfectus
2290 5136 2441 5208 quod
2472 5152 2584 5190 non
2617 5140 2762 5206 erat,
2781 5140 2838 5191 et
2861 5141 2926 5192 ut
2957 5137 3164 5194 iterum
3191 5140 3403 5207 dicam,
3427 5157 3674 5197 manens

2019 5229 2172 5298 quod
2238 5231 2383 5282 erat.
2443 5229 2592 5280 Deus
2658 5225 2811 5280 enim
2881 5232 3004 5282 erat
3061 5228 3170 5284 hoc
3231 5229 3511 5299 Verbum,
3573 5231 3674 5302 qui

2021 5316 2189 5388 quasi
2238 5313 2514 5388 parvulus
2565 5313 2752 5370 factus
2800 5320 2908 5383 est,
2955 5318 3120 5388 quasi
3173 5318 3330 5374 ﬁlius
3379 5319 3674 5391 glorifica-

247 5413 379 5461 tus.
416 5406 724 5477 Ingressus
755 5407 848 5459 est
875 5404 1274 5474 incorporeus,
1306 5417 1519 5473 corpus
1568 5401 1762 5458 induit
1811 5409 1983 5476 prout
2010 5403 2213 5475 voluit,
2247 5408 2419 5476 atque
2467 5403 2811 5475 absorptum
2861 5411 2950 5462 est
2997 5407 3148 5479 quod
3199 5406 3443 5462 mortale
3486 5409 3672 5462 erata

252 5495 396 5550 vita.

330 5709 377 5744 ⁸ο
410 5709 528 5764 Isa.
559 5723 636 5775 rx,
668 5707 720 5761 6.
799 5707 840 5742 εί
877 5706 1044 5764 Rom.
1079 5721 1156 5773 ix,
1191 5706 1275 5761 19.
1352 5705 1398 5741 ⁸³
1429 5705 1541 5762 Isa.
1576 5721 1696 5777 LIII,
1727 5709 1780 5764 8.

1857 5707 1904 5743 ⁸⁸
1933 5708 2068 5764 Luc.
2103 5725 2163 5775 ιι,
2195 5709 2354 5763 8-11.

2431 5707 2478 5742 ⁸⁸
2505 5705 2756 5778 Philipp.
2790 5724 2850 5776 ιι,
2882 5711 2936 5763 6.
