4026 6204
397 346 513 407 967

1581 346 1644 408 S.
1693 346 2215 408 ATHANASIUS.
2241 382 2317 392 —
2349 351 2612 413 DUBlA.

3666 357 3800 418 968

464 483 520 537 5.
553 481 738 538 Dicito
766 480 966 551 itaque
992 479 1296 551 Deiparam
1323 480 1645 553 Virginem,
1670 498 1785 536 non
1818 481 1917 537 Dei
1949 496 2036 536 ex-

2219 482 2273 535 5.
2306 480 2440 536 Εἶπὲ
2471 480 2560 536 οῦν
2615 483 2874 539 Θεοτόκον
2923 485 3021 553 τὴν
3076 485 3366 559 Παρθένον,
3398 487 3489 540 καὶ
3543 488 3619 558 μὴ
3665 486 3801 562 λέγε

396 571 734 642 ceptricemf
777 569 895 624 imo
943 569 1139 640 potius
1187 569 1362 624 dicito
1406 569 1506 624 Dei
1555 571 1937 642 exceptricem
1987 572 2044 624 et

398 659 724 730 Deiparam.
759 657 817 712 Si
857 657 954 713 Dei
986 657 1278 728 exceptrix
1307 661 1398 712 est
1447 662 1503 712 et
1550 657 1816 729 Deipara,
1849 674 2042 712 annon

395 763 630 802 carnem
667 763 735 800 cx
766 745 868 801 illa
899 747 1120 817 accepit
1151 747 1303 801 Deus
1332 746 1571 801 verbum
1592 747 1619 801 ?
1662 747 1773 802 Sed
1806 747 1896 801 hic
1925 746 2042 799 vim

395 837 540 892 mihi
566 836 732 890 all'ert
755 835 1141 907 Evangelista,
1168 852 1380 907 magna
1398 853 1534 891 voce
1555 836 1816 890 clamans
1841 853 1889 890 ;‹‹
1913 835 2048 890 Ver-

395 928 535 981 bum
570 941 703 979 raro
737 925 952 978 factum
987 925 1187 978 est35.-
1223 924 1282 980 In
1317 924 1430 980 alio
1462 930 1654 980 autem
1687 923 2048 996 evangelista

393 1016 478 1070 sic
520 1014 776 1069 dicitur:
810 1035 837 1061 ‹‹
869 1013 1273 1086 Inter-rogabat
1321 1015 1496 1070 Jesus
1539 1014 1858 1086 discipulos
1908 1029 2046 1068 suos

391 1105 595 1159 dicens
621 1121 633 1158 :
659 1103 838 1166 Quem
877 1120 968 1158 me
999 1104 1204 1158 dicunt
1236 1104 1503 1159 homines
1535 1119 1684 1173 csse,
1717 1103 1904 1158 ﬁlium
1939 1103 2044 1158 ho-

394 1191 616 1248 minis?
640 1191 1076 1263 Respondentes
1101 1197 1295 1247 autem
1330 1192 1578 1264 apostoli
1603 1192 1908 1248 dixerunt:
1933 1191 2045 1258 Alii

392 1280 601 1344 Eliam,
630 1277 726 1332 alii
753 1295 885 1333 vero
915 1279 1257 1341 Jeremiam,
1287 1285 1386 1334 aut
1405 1296 1590 1334 unum
1623 1296 1691 1336 ex
1725 1280 2042 1352 prophetis.

392 1367 548 1422 Dixit
578 1383 710 1421 vero
739 1366 915 1422 Jesus
943 1384 956 1423 :
983 1368 1090 1423 Vos
1121 1373 1314 1422 autem
1350 1385 1522 1439 quem
1558 1385 1646 1425 me
1677 1369 1912 1423 dicitis?
1946 1369 2049 1425 Re'

393 1457 693 1528 spondens
715 1461 912 1510 autem
936 1461 1142 1512 Petrus
1167 1457 1347 1512 dixit:
1372 1458 1453 1513 Tu
1488 1473 1548 1513 es
1571 1457 1836 1514 Christus
1865 1457 2045 1514 Filius

391 1546 492 1602 Dei
525 1545 635 1600 vivi
657 1545 726 1598 ⁸⁸.
748 1566 777 1595 ››
801 1544 926 1600 Non
961 1544 1105 1600 dixit
1134 1562 1148 1601 :
1184 1548 1268 1601 Tu
1303 1563 1366 1602 es
1395 1546 1491 1618 qui
1525 1563 1628 1618 per
1668 1547 1916 1619 gratiam
1951 1548 2042 1602 Fi-

391 1635 508 1690 lius
539 1634 638 1689 Dei
669 1634 910 1690 etl‘ectus
954 1651 1037 1706 es,
1071 1636 1170 1690 sed
1219 1634 1375 1690 clara
1403 1652 1539 1691 voce
1573 1654 1585 1691 :
1612 1659 1638 1685 «
1671 1640 1752 1690 Tu
1785 1653 1846 1691 es
1877 1636 2043 1691 Chri-

391 1728 520 1780 stus
552 1723 735 1779 Filius
765 1723 867 1778 Dei
897 1723 1034 1779 vivi.
1060 1745 1087 1774 ››
1124 1724 1353 1780 Marcus
1403 1739 1545 1779 sane
1592 1723 1946 1796 evangelista
1976 1741 2044 1780 ea

391 1813 522 1887 ipsa
553 1829 698 1868 usus
745 1817 835 1869 est
861 1829 1018 1878 voce,
1051 1814 1205 1868 beati
1257 1813 1409 1868 Petri
1440 1814 1740 1869 sententize
1787 1830 2044 1869 consona

393 1903 625 1959 locutus
661 1920 674 1958 :
704 1923 732 1952 «
777 1902 1017 1958 Initium
1076 1902 1372 1974 Evangelii
1427 1906 1567 1958 Jesu
1628 1903 1864 1971 Christi,
1915 1902 2042 1958 Filii

397 1993 491 2048 Dei
514 1993 580 2048 ⁸⁷.
606 2013 633 2040 ››
666 1993 728 2048 In
759 1990 1068 2064 Evangelio
1100 1996 1294 2047 autem
1330 1992 1652 2048 secundum
1683 1991 2038 2060 Matthaeum,

392 2083 490 2137 ubi
554 2086 828 2137 narratur
882 2082 1231 2136 resurrectio
1288 2081 1602 2137 Salvatoris
1661 2081 1842 2136 nostri
1899 2081 2038 2137 Jesu

391 2170 628 2238 Christi,
661 2171 742 2226 ait
790 2170 1050 2226 centurio
1082 2175 1138 2226 et
1167 2170 1268 2242 qui
1301 2187 1434 2226 cum
1481 2169 1581 2226 illo
1607 2170 1811 2226 Jesum
1845 2175 2038 2226 custo-

388 2259 650 2330 diebant,
680 2260 804 2315 viso
843 2263 1010 2315 terrae
1060 2264 1243 2329 motu,
1276 2259 1568 2330 editisque
1599 2259 1805 2332 signis,
1837 2260 2040 2315 admo-

389 2349 531 2404 dum
563 2347 879 2420 perterriti,
913 2348 1034 2403 haec
1065 2348 1241 2404 verba
1269 2348 1563 2420 protulere
1596 2365 1658 2402 :«
1692 2350 1832 2404 Vere
1861 2347 2038 2402 Filius

389 2438 487 2495 Dei
521 2442 647 2494 erat
696 2439 924 2495 iste”.»
959 2438 1216 2510 Angelus
1261 2454 1398 2493 vero
1446 2437 1782 2510 pastoribus
1815 2456 1865 2494 :«
1896 2438 2039 2493 Ecce

387 2527 716 2601 evangelizo
774 2527 938 2583 vobis
993 2527 1275 2598 gaudium
1335 2542 1654 2598 magnum,
1715 2527 1871 2597 quod
1929 2525 2040 2581 erit

387 2620 548 2674 omni
581 2615 816 2689 pOpulo,
844 2616 982 2689 quia
1025 2620 1199 2672 natus
1229 2621 1318 2672 est
1346 2616 1509 2671 vobis
1551 2614 1721 2670 hodie
1753 2614 2036 2681 Salvator,

385 2707 483 2778 qui
529 2711 620 2762 est
667 2705 934 2762 Christus
989 2706 1265 2761 Dominus
1326 2705 1385 2759 in
1436 2705 1668 2760 civitate
1719 2705 1892 2758 David
1915 2705 1980 2758 ⁸9.
2007 2726 2036 2754 ››

384 2797 441 2851 Si
473 2813 609 2868 ergo
639 2796 792 2868 quod
843 2800 1046 2850 natum
1089 2802 1180 2851 est
1209 2795 1490 2850 Dominus
1519 2800 1627 2863 est,
1661 2794 2039 2865 Dominipara

385 2890 474 2942 est
499 2887 697 2958 Virgo.
728 2885 836 2941 Ubi
888 2891 1085 2940 autem
1137 2884 1445 2950 Dominus,
1477 2883 1557 2938 ibi
1607 2888 1665 2938 et
1712 2883 1887 2939 Deus.
1921 2884 2037 2938 Nec

385 2975 836 3047 distinguuntur
863 2973 1148 3030 Dominus
1175 2991 1208 3028 a
1235 2979 1365 3043 Deo,
1390 2989 1494 3029 nec
1525 2973 1680 3028 Deus
1703 2990 1736 3027 a
1757 2972 2032 3040 Domino;

386 3069 452 3118 ut
483 3064 540 3118 in
576 3063 764 3118 Veteri
794 3063 1172 3118 Testamento
1203 3062 1420 3117 dicitur
1452 3078 1466 3117 :
1492 3084 1520 3112 ‹‹
1554 3063 1622 3117 Ει
1653 3061 1801 3133 pluit
1835 3061 2033 3116 Domi-

387 3167 498 3206 nus
530 3152 724 3223 ignem
757 3168 792 3206 a
825 3151 1066 3206 Domino
1087 3152 1152 3205 9°.
1179 3173 1200 3200 ιι
1240 3151 1304 3206 Ει
1333 3152 1545 3206 iterum
1579 3169 1592 3206 :
1621 3170 1642 3198 α
1681 3150 1892 3224 Diliges
1923 3150 2031 3205 Do-

2152 567 2442 646 Θεοδόχον·
2478 571 2690 645 μᾶλλον
2721 570 2777 628 δὲ
2806 571 2934 648 λὲγε
2963 571 3232 649 Θιοδόχον
3281 575 3372 629 καὶ
3419 575 3698 632 Θεοτόκον.
3737 576 3806 632 ΕΞ

2153 656 2422 735 Θεοδόχος
2471 660 2580 715 ἐστὶ
2630 662 2718 716 καὶ
2764 659 3047 724 Θεοτόκος·
3081 665 3252 734 σάρκα
3298 662 3396 718 οὐκ
3427 664 3483 718 ἃν
3519 660 3713 720 ἔλαϐεν
3745 665 3802 727 ἐς

2155 746 2319 817 αὐτῆς
2353 751 2380 804 ὁ
2412 751 2539 812 Θεὸς
2571 750 2748 824 Λόγος
2778 769 2792 818 ;
2825 749 2970 806 ἀλλά
2998 751 3108 807 ἐκεῖ
3140 751 3380 827 βιάζεταί
3415 774 3479 824 με
3510 754 3536 806 6
3569 754 3809 830 Εὖαγγεο

2155 835 2344 907 λιστῆς
2381 840 2523 911 βοῶν
2555 839 2766 915 μεγάλῃ
2794 844 2862 914 τῇ
2904 845 3076 918 φωνῇ’
3118 863 3144 894 ι
3173 843 3235 898 Ὀ
3266 841 3442 917 Λόγος
3507 843 3632 916 σὰρξ
3682 844 3808 917 ἐγε-

2152 947 2292 981 νετο.
2328 949 2355 979 »
2413 929 2497 983 Ἐν
2553 925 2611 982 δὶ
2664 933 2744 998 τῷ
2801 927 2959 1001 ἄλλῳ
3019 929 3374 1005 εὐαγγελιστῇ
3425 931 3570 985 οὕτω
3625 929 3813 1006 λέγει·

2157 1038 2185 1066 ‹‹
2217 1016 2429 1090 Ἥρώτα
2460 1017 2487 1071 6
2519 1017 2729 1088 Ἰησοῦς
2758 1018 2885 1081 τοὺς
2936 1020 3177 1092 μαθητὰς
3225 1019 3409 1089 αὐτοῦ,
3446 1019 3638 1094 λέγων·
3671 1022 3811 1074 Τίνα

2159 1121 2226 1173 με
2271 1102 2522 1177 λέγουσιν
2573 1106 2624 1158 οἱ
2678 1101 2951 1180 ἅνθρωποι
2991 1105 3123 1160 εἶναι
3171 1106 3264 1160 τὸν
3305 1107 3424 1160 Υἱὸν
3456 1111 3554 1160 τοῦ
3587 1107 3810 1182 ἀνθρὼη-

2153 1211 2298 1260 που;
2333 1191 2738 1268 Ἀποκριθὲντες
2797 1191 2854 1248 δὲ
2911 1195 2962 1248 οἱ
3018 1194 3314 1250 ἀπόστολοι
3366 1195 3540 1249 εἶπαν·
3573 1197 3636 1253 Οἱ
3707 1197 3815 1267 μὲν

2153 1279 2368 1352 Ἠλίαν,
2397 1282 2448 1336 οἱ
2499 1279 2556 1336 δὲ
2585 1281 2869 1356 Ἱερεμίαν,
2902 1283 2937 1351 ἢ
2990 1281 3083 1337 ἕνα
3137 1288 3244 1339 τῶν
3305 1288 3624 1361 προφητῶν.
3657 1288 3814 1338 Eius

2154 1365 2212 1423 δὲ
2241 1370 2269 1422 6
2322 1371 2550 1440 Ἰησοῦς·
2593 1377 2771 1443 Ὑμεῖς
2820 1369 2877 1427 δὲ
2931 1372 3050 1426 τίνα
3083 1393 3151 1444 με
3197 1371 3416 1446 λέγετες
3451 1374 3814 1448 Ἀποκριθεὶς

2153 1455 2210 1512 δὲ
2241 1458 2269 1512 6
2300 1457 2502 1534 Πέτρος
2535 1460 2668 1514 εἶ’τιτε⁸
2705 1459 2779 1514 Σὺ
2813 1460 2860 1514 εἶ
2887 1463 2916 1516 6
2944 1463 3176 1536 Χριστὸς
3205 1462 3233 1515 6
3256 1462 3378 1522 Υἱὸς
3408 1466 3506 1516 τοῦ
3537 1467 3666 1517 Θεοῦ
3703 1468 3815 1516 τοῦ

2153 1551 2369 1615 ζῶντος·
2419 1571 2446 1598 ››
2501 1548 2596 1603 Καὶ
2657 1548 2755 1603 οὐκ
2803 1550 2933 1604 εἶπε·
2987 1551 3060 1604 Σὺ
3107 1550 3156 1605 εἴ
3199 1553 3226 1604 6
3265 1550 3554 1624 γενόμενος
3607 1571 3815 1627 χαριτι

2151 1636 2273 1698 Υἱὸς
2306 1641 2460 1706 Θεοῦ,
2493 1636 2658 1708 ἀλλὰ,
2693 1663 2718 1685 η
2755 1639 2831 1692 Σὺ
2863 1640 2890 1694 6
2921 1641 3174 1714 Χριστὸς,
3205 1664 3232 1692 ››
3279 1644 3447 1714 τρανῇ
3614 1645 3815 1716 φωνῇ,

2151 1727 2231 1780 «ὁ
2264 1727 2385 1788 Υἱὸς
2434 1731 2530 1780 τοῦ
2579 1731 2714 1782 Θεοῦ
2767 1732 2865 1782 τοῦ
2917 1732 3199 1796 ζῶντος.»
3254 1728 3355 1784 Καὶ
3411 1728 3631 1803 Μάρκος
3679 1727 3748 1783 δῖε
3785 1731 3817 1784 6

2151 1813 2532 1890 εὐαγγελιστὴς
2565 1813 2728 1870 πάλιν
2756 1821 2824 1880 τῆ
2873 1815 3007 1890 αὐτῇ
3056 1817 3323 1890 κέχρηται
3367 1820 3546 1895 φωνῇ,
3582 1816 3816 1890 συνῳδὰ

2150 1902 2513 1979 φθεγγόμενος
2541 1909 2621 1976 τῷ
2656 1905 2906 1978 μακαρίῳ
2939 1904 3150 1979 Πέτρῳ,
3191 1927 3212 1953 ε
3254 1905 3436 1980 Ἀρχὴ
3477 1910 3574 1959 τοῦ
3623 1907 3818 1979 Εὐαγ-

2146 1989 2332 2067 γελίου
2379 1993 2558 2062 Ἰησοῦ
2607 1996 2840 2069 Χριστοῦ
2887 1997 2982 2048 τοῦ
3027 1995 3154 2048 Υἱοῦ
3202 1998 3298 2048 τοῦ
3347 1999 3503 2051 Θεοῦ.
3538 2019 3567 2046 n
3601 1996 3684 2050 Ἐν
3748 1995 3816 2052 δὲ

2146 2084 2224 2152 τῷ
2255 2081 2390 2135 κατά
2419 2083 2688 2136 Ματθαῖον
2737 2081 3080 2157 Εὐαγγελίῳ,
3110 2083 3186 2143 εἰς
3230 2085 3330 2151 την
3381 2082 3666 2138 ἀνάστασιν
3703 2091 3816 2139 τοῦ

2149 2177 2407 2246 Σωτῆρος
2473 2173 2633 2243 ἡμῶν
2668 2173 2848 2241 Ἰησοῦ
2905 2175 3157 2244 Χριστοῦ,
3191 2173 3352 2250 φησὶν
3398 2173 3425 2226 6
3476 2173 3811 2245 ἑκατόνταρ-

2148 2279 2251 2334 χος
2279 2258 2367 2314 καὶ
2400 2260 2450 2314 οἱ
2487 2262 2599 2333 μετ’
2647 2260 2809 2314 αὐτοῦ
2857 2264 3146 2336 τηροῦντες
3191 2262 3280 2315 τὸν
3325 2263 3557 2337 Ἰησοῦν,
3586 2259 3808 2324 ἰδόντες

2145 2350 2236 2403 τὸν
2297 2348 2515 2421 σεισμὸν
2574 2350 2664 2403 καὶ
2721 2349 2786 2404 τὰ
2836 2349 3101 2424 γενόμενα
3176 2356 3401 2422 σημεῖα,
3446 2346 3807 2428 ἐφοϐήθησαν

2146 2436 2353 2516 σφόδρα
2401 2437 2666 2513 λέγοντες,
2708 2463 2736 2490 ‹‹
2770 2437 3020 2509 Ἀληθῶς
3071 2444 3204 2494 Θεοῦ
3253 2441 3378 2501 Υἱὸς
3425 2441 3490 2508 ἦν
3541 2440 3725 2500 οὗτος·
3777 2464 3807 2490 η

2148 2529 2175 2581 6
2234 2524 2290 2582 δὲ
2349 2525 2581 2602 ἄγγελος
2637 2532 2752 2589 τοῖς
2807 2529 3081 2600 ποιμέσιν·
3124 2549 3145 2576 σ
3181 2525 3320 2582 Ἱδοῦ
3380 2527 3805 2605 εὐαγγελίζομαι

2149 2617 2276 2689 ὑμῖν
2326 2617 2497 2693 χαρὰν
2551 2616 2818 2693 μεγάλην,
2851 2617 2972 2686 ἥτις
3030 2614 3173 2672 ἔσται
3221 2616 3380 2671 παντὶ
3425 2622 3505 2688 τῷ
3534 2615 3678 2689 λαῷ,
3711 2616 3805 2672 ὅτι

2147 2705 2340 2782 ἑτέγθη
2378 2707 2502 2778 ὑμῖν
2538 2707 2774 2782 σήμερον
2809 2707 3026 2781 Σωτὴρ,
3059 2705 3118 2769 ὅς
3152 2705 3260 2760 ἐστι
3305 2706 3533 2782 Χριστὸς
3565 2707 3800 2781 Κύριος,

2146 2794 2197 2850 ἐν
2230 2792 2388 2850 πόλει
2423 2790 2609 2851 Δαϐίδ.
2645 2819 2665 2844 ι
2702 2794 2764 2849 Εἰ
2810 2793 2901 2849 οῦν
2951 2796 3014 2850 τὸ
3063 2796 3251 2870 τεχθὲν
3302 2794 3518 2869 Κύριος,
3547 2796 3638 2849 καὶ
3687 2802 3798 2849 Κυ-

2148 2883 2394 2958 ριοτόκος
2425 2886 2460 2952 ἡ
2495 2884 2788 2956 Παρθένος·
2822 2883 2960 2938 ὅπου
2989 2881 3046 2938 δὲ
3077 2884 3299 2957 Κύριος,
3333 2882 3443 2938 ἐκεῖ
3489 2884 3579 2938 καὶ
3636 2883 3792 2945 Θεός⁹

2147 2971 2206 3027 οὐ
2247 2973 2577 3048 κεχώρισται
2630 2972 2825 3044 Κύριος
2867 2976 3001 3027 Θεοῦ
3049 2972 3082 3040 ἢ
3131 2973 3259 3033 Θεὸς
3306 2971 3528 3047 Κυρίου,
3560 2972 3634 3031 ὡς
3678 2971 3795 3026 λέει

2145 3059 2195 3114 ἐν
2249 3065 2318 3126 τῇ
2368 3057 2599 3132 Παλαιᾷ·
2637 3085 2665 3113 ι(
2697 3061 2791 3116 Καὶ
2851 3056 3030 3136 ἔϐρεξε
3087 3060 3288 3137 Κύριος
3343 3065 3450 3135 πῦρ
3497 3061 3644 3134 παρά
3688 3067 3794 3114 [ἰυ-

2147 3150 2284 3226 ρίου·
2339 3173 2366 3201 ››
2417 3149 2506 3204 καὶ
2563 3147 2748 3204 πάλιν·
2785 3175 2813 3201 (‹
2874 3151 3200 3225 ’Δγαπήσεις
3255 3149 3449 3226 Κύριον
3507 3150 3604 3204 τὸν
3658 3148 3792 3204 Θεόν

388 3241 616 3295 minum
650 3239 832 3294 Deum
865 3244 1032 3295 tuum
1055 3241 1123 3295 θ’.
1152 3263 1172 3289 n
1199 3242 1277 3295 Ac
1308 3257 1542 3295 rursum
1570 3257 1619 3294 :«
1644 3241 1814 3306 Audi,
1840 3238 2036 3308 Israel,

2154 3259 2270 3294 σου·
2307 3263 2334 3290 ››
2366 3238 2454 3293 καὶ
2509 3238 2696 3294 πάλιν·
2725 3263 2754 3291 ‹‹
2785 3241 3000 3311 ”Ακουε,
3053 3237 3296 3314 Ἰσραὴλ,
3357 3240 3555 3314 Κύριος
3599 3239 3628 3292 6
3661 3241 3796 3300 Θεός

385 3327 674 3384 Dominus
705 3329 859 3384 Deus
885 3333 1046 3394 tuus,
1078 3329 1364 3385 Dominus
1397 3346 1549 3384 unus
1579 3335 1669 3385 est
1693 3329 1754 3382 9³.
1782 3351 1809 3378 ››
1832 3329 1900 3383 Et
1929 3328 2035 3384 ite-

384 3435 516 3475 rum
563 3419 876 3474 Psalmista
908 3435 921 3473 :
948 3442 975 3468 «
1011 3420 1256 3476 Domine
1307 3419 1461 3475 Deus
1490 3420 1799 3490 virtutum,
1831 3419 2034 3474 exaudi

382 3509 706 3565 orationem
766 3525 954 3564 meam
999 3509 1060 3563 ⁸³.
1110 3531 1136 3559 ››
1191 3510 1437 3580 Ipseque
1486 3523 1722 3562 rursum
1761 3523 1832 3561 :«
1884 3511 2035 3562 Deus

379 3597 663 3654 Dominus
694 3603 752 3653 et
781 3597 974 3653 illuxit
1004 3598 1174 3654 nobis
1195 3599 1299 3653 9‘.»
1332 3599 1475 3654 Item
1509 3598 1634 3668 ipse
1667 3613 1716 3652 τε
1750 3596 2034 3652 Domi-nus

377 3687 531 3744 Deus
561 3688 869 3756 virtutum,
894 3688 1030 3759 quis
1087 3687 1300 3744 similis
1348 3687 1452 3742 tibi
1475 3687 1537 3742 οδ.
1562 3706 1589 3738 ιι
1628 3687 1695 3741 Et
1727 3685 1940 3741 Paulus
1971 3687 2032 3741 in

374 3795 483 3834 sua
503 3778 573 3832 ad
598 3778 790 3834 Titum
817 3776 1074 3850 Epistola
1098 3778 1177 3830 ita
1201 3776 1404 3831 scribit
1427 3793 1476 3830 :«
1506 3775 1794 3847 Apparuit
1815 3775 2035 3830 saluta-

370 3867 450 3922 ris
480 3868 670 3940 gratia
725 3867 818 3922 Dei
857 3867 1134 3923 omnibus
1169 3865 1530 3930 hominibus,
1564 3865 1839 3920 erudiens
1889 3881 2030 3932 nos;

371 3962 436 4012 ut
461 3958 818 4029 abnegantes
869 3956 1234 4027 impietatem
1283 3960 1340 4009 et
1371 3953 1675 4010 saecularia
1721 3953 2030 4024 desideria,

371 4046 566 4102 sobrie
595 4050 652 4100 et
674 4045 838 4115 juste
881 4049 940 4100 et
989 4044 1082 4116 pie
1127 4045 1394 4099 vivamus
1426 4044 1481 4097 in
1516 4043 1625 4098 hoc
1673 4042 1904 4111 saeculo,
1938 4059 2033 4098 ex-

371 4138 704 4205 spectantes
736 4134 968 4189 beatam
999 4150 1160 4205 spem
1185 4139 1242 4189 et
1264 4134 1578 4188 adventum
1612 4131 1807 4205 gloriae
1837 4147 2031 4220 magni

373 4222 499 4288 Dei,
531 4226 590 4276 et
635 4220 949 4277 Salvatoris
1000 4223 1182 4278 nostri
1231 4223 1369 4278 Jesu
1404 4221 1617 4277 Christi
1639 4222 1702 4275 οδ.
1734 4242 1762 4270 »
1798 4220 1902 4276 Hic
1947 4237 2033 4292 es;

375 4311 477 4383 qui
511 4314 684 4366 natus
716 4315 802 4366 cst
847 4328 915 4366 cx
965 4315 1170 4367 sancta
1199 4311 1454 4382 Virgine,
1479 4310 1579 4383 qui
1626 4313 1718 4366 est
1766 4309 2031 4364 Christus

376 4401 684 4459 Dominus.
709 4404 877 4456 Hunc
897 4401 1193 4456 Christum
1219 4406 1275 4456 et
1301 4400 1636 4461 Dominum.
1661 4400 1865 4455 beatus
1891 4401 2035 4456 Pau-

375 4490 468 4547 lus
501 4506 781 4563 magnum
838 4495 1014 4546 Deum
1067 4494 1234 4546 vocat
1281 4491 1481 4546 dicens
1515 4506 1582 4544 :«
1617 4488 1810 4561 Magni
1844 4489 1943 4544 Dei
1975 4494 2032 4544 et

369 4579 689 4635 Salvatoris
751 4580 936 4636 nostri
983 4580 1123 4635 Jesu
1176 4579 1461 4634 Christi.»
1497 4579 1752 4633 Rursum
1812 4579 1872 4632 in
1924 4595 2106 4664 suaD

372 4671 444 4726 ad
484 4671 780 4725 Romanos
812 4669 1073 4742 Epistola
1104 4670 1187 4724 ita
1217 4668 1423 4724 scribit
1454 4687 1466 4724 :
1494 4691 1522 4718 ‹‹
1555 4667 1840 4739 Optabam
1871 4668 2026 4722 enim

371 4775 478 4832 ego
521 4759 648 4831 ipse
691 4758 1006 4814 anathema
1055 4773 1184 4814 esse
1239 4775 1271 4813 a
1318 4756 1550 4813 Christo
1602 4772 1705 4827 pro
1752 4756 2030 4812 fratribus

372 4849 546 4911 meis.
569 4849 668 4920 qui
702 4852 840 4904 sunt
872 4847 1101 4920 cognati
1135 4848 1247 4902 mei
1281 4847 1607 4902 secundum
1640 4860 1897 4910 carnem,
1930 4835 2029 4916 qui

374 4942 514 4999 sunt
544 4938 838 5004 Israelita,
865 4953 1118 5008 quorum
1152 4935 1384 5008 adoptio
1406 4939 1494 4990 est
1523 4933 1800 5003 filiorum,
1823 4937 1880 4988 et
1906 4932 2029 5005 glo-

375 5027 460 5085 ria
493 5030 552 5082 et
581 5028 997 5081 testamentum
1049 5027 1106 5078 et
1150 5022 1440 5094 legislatio
1490 5026 1547 5078 et
1595 5020 1942 5092 obsequium
1973 5023 2031 5074 et

376 5113 670 5190 promissa
695 5130 707 5168 :
732 5127 983 5185 quorum
1007 5112 1207 5168 Patres
1238 5114 1296 5166 et
1327 5126 1394 5164 ex
1415 5108 1628 5181 quibus
1649 5111 1740 5162 est
1760 5106 2027 5161 Christus

374 5205 697 5260 secundum
733 5218 992 5270 carnem,
1015 5201 1114 5272 qui
1165 5204 1253 5256 est
1294 5215 1470 5270 super
1498 5195 1696 5254 omnia
1726 5196 1880 5252 Deus
1901 5195 1964 5230 97-
1999 5217 2020 5243 ιι

369 5295 450 5348 Ac
482 5309 720 5349 rursum
769 5292 896 5364 ipse
946 5289 1160 5346 Paulus
1195 5307 1207 5345 :
1238 5312 1266 5339 ‹‹
1300 5287 1505 5345 Omnis
1555 5285 1892 5354 fornicator,
1924 5286 2027 5338 aut

371 5399 608 5453 avarus,
642 5385 746 5438 aut
781 5381 1070 5447 ebriosus,
1103 5383 1204 5436 aut
1240 5377 1611 5443 immundus,
1643 5378 1747 5430 aut
1776 5371 2022 5430 idolola-

442 5560 488 5595 ⁸⁸
516 5559 687 5617 Joan.
723 5578 758 5631 ι,
793 5561 878 5616 14.
957 5558 1002 5593 ⁸⁸
1032 5556 1245 5631 Μιιηὶιἶ
1271 5570 1396 5631 xvi,
1424 5553 1611 5631 13-16.

372 5650 490 5701 XIX,
522 5633 610 5687 24.
689 5625 934 5688 οιἸ)θυι.
965 5645 1043 5696 vr,
1073 5631 1141 5701 5.,
1185 5628 1249 5701 ν⁹²
1284 5626 1426 5681 ibid.
1460 5625 1512 5678 4.

368 5721 432 5775 ιι,
467 5699 653 5767 {1-13.
732 5706 773 5739 9⁷
804 5705 974 5765 Rom.
1009 5718 1088 5768 ιιι,
1117 5699 1236 5754 3-5.

1688 5551 1731 5584 ⁸⁷
1765 5550 1936 5606 Marc.
1971 5565 2012 5620 ι,
2046 5550 2096 5604 1.

1591 5625 1634 5658 νδ
1665 5621 1820 5678 Psal.
1855 5637 2085 5691 Lxxxm,
2116 5621 2173 5676 9.

2147 3349 2242 3384 σου
2274 3328 2472 3402 Κύριος
2506 3330 2582 3390 εἷς
2617 3327 2746 3382 ἐστι·
2781 3351 2809 3380 »
2842 3328 2930 3382 καὶ
2975 3326 3137 3382 πάλιν
3182 3329 3210 3382 6
3241 3325 3582 3400 Ψαλμφδός·
3618 3352 3646 3378 a
3680 3327 3794 3384 K6-

2145 3438 2261 3493 ριος
2301 3418 2328 3472 ὁ
2363 3417 2489 3477 Θεὸς
2521 3420 2627 3471 τῶν
2659 3415 2960 3489 δυνάμεων,
2993 3417 3300 3471 εἰσάκουσον
3332 3425 3432 3486 τῆς
3477 3420 3795 3492 προσευχῆς

2149 3525 2275 3581 μου·
2328 3530 2355 3557 ››
2387 3507 2414 3561 6
2459 3506 2619 3567 αὐτὸς
2668 3506 2852 3562 πάλιν·
2889 3529 2916 3556 ί(
2957 3507 3085 3567 Θεὸς
3135 3505 3353 3578 Κύριος,
3385 3505 3476 3559 καὶ
3533 3505 3794 3582 ἐπείρα-θεν

2144 3599 2302 3668 ἡμῖν·
2339 3620 2366 3647 ›)
2400 3595 2487 3649 καὶ
2518 3593 2682 3650 πάλιν
2711 3596 2740 3649 6
2773 3595 2952 3657 αὐτός.
2987 3619 3016 3647 ‹‹
3049 3595 3246 3666 Κύριος
3271 3596 3299 3649 ὁ
3329 3595 3457 3656 Θεὸς
3487 3596 3596 3648 τῶν
3639 3592 3796 3648 δυνα-

2147 3706 2315 3757 μεων,
2345 3683 2428 3745 τίς
2461 3683 2652 3757 ὅμοιός
2685 3702 2806 3754 σοι;
2841 3708 2868 3737 »
2895 3684 2992 3739 Καὶ
3035 3683 3248 3744 Παῦλος
3281 3682 3331 3736 ἐν
3363 3686 3432 3756 τῇ
3465 3682 3600 3756 πρὸς
3632 3682 3798 3738 Τίτον

2144 3771 2441 3848 Ἐπιστολῇ
2475 3772 2645 3834 οὕτως
2675 3774 2936 3848 γράφει·‹‹
2970 3772 3235 3850 Ἐπεφάνη
3266 3775 3300 3840 ἡ
3335 3771 3498 3846 χάρις
3525 3777 3626 3825 τοῦ
3656 3775 3796 3826 Θεοῦ

2141 3866 2176 3933 ἡ
2207 3864 2476 3938 σωτήριος
2523 3868 2682 3916 πᾶσιν
2733 3861 3060 3936 ἀνθρώποις,
3091 3858 3422 3916 παιδεύουσα
3472 3863 3643 3933 ἡμᾶς·
3672 3860 3791 3930 ἵνα,

2142 3952 2507 4028 ἀρνησάμενοι
2535 3952 2635 4020 τήν
2686 3946 2928 4005 ἀσέϐειαν
2982 3950 3071 4005 καὶ
3128 3952 3222 4012 τὰς
3277 3949 3541 4022 κοσμικὰς
3602 3947 3794 4003 ἐπιθυ-

2145 4041 2288 4113 μίας,
2305 4039 2599 4119 σωςρρόνως
2628 4040 2718 4094 καὶ
2749 4037 2969 4102 δικαίως
2996 4041 3087 4095 καὶ
3109 4034 3341 4101 εὐσεϐῶς
3365 4041 3616 4111 ζήσωμεν
3638 4038 3689 4093 ἐν
3711 4044 3794 4110 τῷ

2139 4134 2230 4184 νῦν
2261 4129 2439 4195 αἰῶνι,
2458 4127 2893 4205 προσδεχόμενοι
2914 4131 3013 4198 τήν
3048 4129 3308 4205 μακαρίαν
3342 4125 3539 4183 ἐλπίδα
3564 4128 3659 4182 καὶ
3683 4127 3795 4182 3:75.-

2142 4219 2358 4296 φάνειαν
2396 4226 2496 4288 τῆς
2548 4216 2730 4289 δόξης·
2771 4223 2868 4272 τοῦ
2920 4218 3159 4294 μεγάλου
3209 4222 3342 4273 Θεοῦ
3381 4217 3471 4272 καὶ
3531 4223 3796 4290 Σωτῆρος

2141 4312 2300 4381 ἡμῶν
2334 4309 2513 4377 Ἰησοῦ
2545 4309 2800 4382 Χριστοῦ.
2836 4331 2862 4359 η
2892 4308 3064 4368 Οὗτος
3101 4307 3128 4362 6
3158 4307 3375 4382 τεχθεὶς
3407 4305 3466 4361 ἐκ
3500 4313 3604 4375 τῆς
3641 4305 3794 4380 ἁγίας

2141 4397 2435 4471 Παρθένου,
2468 4397 2527 4457 ’ὀς
2560 4395 2668 4450 ἐστι
2718 4397 2946 4471 Χριστὸς
3002 4396 3220 4469 Κύριος.
3251 4398 3457 4452 Τοῦτον
3516 4395 3608 4450 τὸν
3659 4401 3796 4468 XF:-

2141 4486 2262 4540 στὸν
2296 4485 2386 4539 καὶ
2419 4484 2613 4560 Κύριον
2665 4484 2925 4559 μακάριος
2957 4483 3175 4546 Παῦλος
3228 4486 3393 4558 μὲγαν
3445 4483 3577 4539 Θεὸν
3634 4484 3795 4538 αὐτὸν

2141 4573 2394 4648 κηρύττει
2427 4573 2627 4648 λέγων·
2663 4598 2690 4624 ‹‹
2726 4577 2839 4630 Τοῦ
2898 4572 3143 4648 μεγάλου
3190 4578 3324 4629 Θεοῦ
3381 4573 3469 4626 καὶ
3531 4579 3796 4648 Σωτῆρος

2140 4665 2300 4735 ἡμῶν
2334 4664 2516 4731 Ἰησοῦ
2545 4667 2802 4739 Χριστοῦ.
2837 4685 2866 4713 ››
2898 4661 3066 4718 Πάλιν
3100 4661 3152 4716 ἐν
3210 4665 3278 4735 τῇ
3314 4662 3451 4735 πρὸς
3481 4661 3795 4732 Ῥωμαίους

2143 4752 2300 4813 οὗτος
2361 4753 2575 4828 γράφει·
2613 4776 2633 4802 ε
2687 4750 2959 4826 Ηῦχόμην
3017 4751 3118 4827 γὰρ
3178 4751 3336 4812 αὐτὸς
3398 4749 3505 4824 ἐγὼ
3552 4751 3798 4822 ἀνάθεμα

2143 4839 2276 4894 εἶναι
2323 4840 2428 4895 ἀπὸ
2475 4845 2571 4896 τοῦ
2619 4844 2879 4913 Χριστοῦ,
2915 4840 3046 4916 ὑπὲρ
3094 4844 3201 4894 τῶν
3241 4837 3489 4916 ἀδελφῶν
3527 4860 3656 4910 μου,
3683 4845 3795 4893 τῶν

2142 4934 2412 5004 συγγετῶν
2451 4951 2554 5002 μου
2586 4930 2722 4984 κατὰ
2766 4931 2954 5004 σάρκα,
2989 4927 3182 4991 θ’ίτινὲς
3243 4929 3375 4984 εἰσιν
3427 4926 3798 5002 Ἰσραηλῖται,

2139 5019 2212 5072 ὧν
2251 5019 2284 5087 ἡ
2319 5017 2577 5090 υἱοθεσία,
2608 5018 2698 5072 καὶ
2729 5020 2762 5087 ἠ
2799 5016 2949 5090 δόξα,
2978 5018 3065 5073 καὶ
3109 5020 3142 5088 ή
3196 5015 3451 5088 διαθήκη,
3480 5015 3570 5071 καὶ
3702 5038 3799 5071 νο-

2142 5106 2385 5179 μοθεσία,
2430 5107 2520 5160 καὶ
2579 5107 2612 5174 ἡ
2659 5103 2904 5181 λατρεία,
2951 5106 3039 5161 καὶ
3101 5109 3154 5161 αἱ
3205 5105 3562 5182 ἐπαγγελίαι·
3611 5107 3687 5160 ὧν
3735 5107 3794 5159 oi

2137 5195 2385 5272 πατέρες,
2421 5195 2512 5249 καὶ
2565 5195 2613 5268 ἐξ
2665 5195 2739 5249 ὧν
2793 5196 2820 5249 6
2870 5195 3101 5271 Χριστὸς
3147 5196 3210 5250 τὸ
3254 5196 3390 5250 κατά
3428 5196 3620 5269 σάρκα,
3657 5193 3685 5247 6
3717 5192 3791 5247 ὢν

2139 5283 2225 5338 ἐπὶ
2267 5285 2480 5339 πάντων
2514 5283 2664 5346 Θεός.
2703 5307 2730 5335 ι)
2764 5283 2867 5340 Καὶ
2898 5282 3062 5339 πάλιν
3098 5284 3126 5339 6
3155 5284 3314 5346 αὐτὸς
3343 5281 3583 5344 Παῦλος·
3623 5306 3644 5332 ι
3682 5287 3796 5341 lli:

2137 5372 2365 5448 πόρνος,
2396 5374 2487 5428 καὶ
2518 5370 2879 5444 πλεονέκτης,
2903 5375 2992 5428 καὶ
3040 5375 3288 5445 μέθυσος,
3319 5371 3410 5428 καὶ
3463 5371 3794 5445 ἀκάθαρτος,

2175 5551 2218 5585 ⁸⁸
2248 5551 2456 5606 Matth.
2497 5567 2677 5619 xxvu,
2713 5551 2802 5607 54.

2250 5623 2293 5659 9‘
2325 5621 2476 5680 Psal.
2525 5639 2696 5693 cxvn,
2741 5626 2830 5678 27.

2879 5551 2925 5587 3°
2954 5552 3088 5606 Luc.
3125 5569 3185 5617 ιι,
3221 5553 3308 5620 10,
3343 5551 3428 5606 11.
3504 5549 3549 5583 ³ο
3575 5550 3789 5620 Cenes.

2908 5624 2951 5659 ’⁸
2982 5623 3133 5679 Psal.
3167 5619 3434 5689 mxxvm,
3465 5620 3518 5674 Ω.
3594 5620 3641 5653 ⁸⁸
3671 5619 3789 5674 Tit.
