4026 6204
197 369 328 427 969

1206 354 1537 418 HOMILIA
1584 356 1658 414 ΙΝ
1705 354 2241 415 NATIVITATEM
2288 356 2601 418 CHRISTI

3496 366 3619 426 970

193 496 295 553 καὶ
329 494 766 569 εἰδωλολάτρης,
797 490 897 547 οὐκ
926 487 1041 565 ἔχει
1091 486 1462 564 κληρονομίαν
1514 487 1566 542 ἐν
1595 489 1665 561 τῇ
1703 486 1853 561 βασι-

1999 504 2082 557 ra,
2115 503 2229 543 non
2279 487 2452 545 habet
2502 491 2896 549 haereditatem
2950 492 3010 548 in
3061 510 3238 568 regno
3287 494 3522 552 Domini
3565 499 3625 553 et

195 585 331 659 λείᾳ
363 584 562 659 Κυρίου
589 583 679 639 καὶ
710 584 865 637 Θεοῦ.
905 605 926 632 ι

276 680 336 732 6.
370 677 530 730 Ὥστε
588 667 962 728 ἀποδέδεικται
1011 668 1101 723 τὸν
1158 664 1354 742 Κύριον
1401 665 1491 720 καὶ
1543 665 1670 720 Θεὸν
1705 665 1862 731 εἶναι,

195 767 299 820 καὶ
348 766 478 821 Θεὸν
524 764 618 817 τὸν
672 760 895 835 Κύριον.
929 757 997 813 Εἴ
1038 754 1096 812 δὲ
1124 756 1215 811 καὶ
1262 754 1468 810 τούτων
1498 754 1597 809 ούκ
1626 752 1861 829 ἀνάσχῃ,

198 852 443 910 πείσωσί
475 873 531 907 σε
562 852 612 906 οἱ
642 848 897 924 δαίμονες
928 848 979 903 οἱ
1010 847 1063 902 ἐν
1092 848 1163 920 τῇ
1195 846 1356 921 χώρᾳ
1380 849 1489 900 τῶν
1517 847 1865 919 Γεργεσηνῶν

197 943 525 1020 κράζοντες·
560 966 587 993 ‹‹
630 942 755 1010 Ἔα,
807 938 861 993 τί
918 940 1053 1010 ἡμῖν
1111 935 1202 991 καὶ
1253 933 1361 1006 σοὶ,
1409 934 1499 988 Υἱὲ
1538 931 1634 988 τοῦ
1681 936 1860 1000 Θεοῦ;

197 1032 383 1103 ἦλθες
431 1029 539 1105 ᾧδε
582 1029 688 1104 πρὸ
729 1031 923 1101 καιροῦ
978 1024 1257 1102 βασανίσαι
1309 1025 1480 1097 ἡμᾶς.
1536 1046 1565 1075 ››
1597 1021 1864 1084 Πειθέτω-

199 1124 303 1177 σάν
339 1142 400 1176 σε
428 1120 480 1175 οἱ
536 1116 812 1192 δαίμονες.
846 1115 910 1170 Εἰ
951 1116 1054 1183 τήν
1103 1112 1401 1190 μαρτυρίαν
1455 1113 1662 1185 Πέτρου
1693 1129 1866 1186 παρα-

194 1212 417 1289 γράφη,
438 1208 528 1264 καὶ
562 1207 639 1270 εἷς
666 1208 765 1276 τὴν
794 1208 893 1260 τοῦ
940 1200 1289 1289 Εύαγγελίούᾼ
1312 1201 1497 1280 φωνην
1530 1199 1862 1289 ἆποστρέιρῃ·

192 1285 496 1369 τῆντκατὰ
554 1298 771 1372 Μάρκον
823 1292 1124 1362 αἷδέσθητι.
1172 1285 1462 1363 Φοϐήθητι
1509 1290 1603 1345 τὸν
1630 1286 1864 1364 ἄγγελον

195 1391 299 1445 τὸν
364 1385 642 1464 εἰρηκότα,
699 1390 932 1457 Σωτῆρα
987 1382 1076 1437 καὶ
1130 1380 1359 1454 Χριστὸν
1409 1378 1499 1434 καὶ
1547 1378 1744 1455 Κύριον
1776 1377 1870 1431 τὸν

199 1480 472 1555 τεχθέντα
525 1475 584 1530 ἐκ
636 1480 738 1544 τῆς
799 1473 1094 1549 Παρθένου.
1148 1469 1270 1528 Ἐπὶ
1310 1468 1525 1530 τούτοις
1576 1467 1867 1536 ἀπιστεῖς;

201 1568 535 1627 ΧαΑίνωσον
562 1565 662 1633 τήν
691 1564 869 1638 ὁρμὴν
899 1568 998 1631 τῆς
1034 1558 1392 1637 βλασφημίας
1442 1578 1559 1628 σου,
1589 1556 1680 1612 καὶ
1729 1556 1870 1630 ὁμο-

202 1654 456 1732 λόγησον
486 1654 586 1723 τήν
620 1656 719 1708 τοῦ
766 1648 1003 1726 ἀγγέλου
1053 1650 1238 1727 φωνὴν
1285 1649 1385 1716 τὴν
1428 1646 1480 1702 έν
1529 1651 1611 1719 τῷ
1642 1645 1874 1722 Εὐαγγε-

202 1746 320 1819 λιῳ
381 1742 708 1819 λεχθεῖσαν,
770 1738 1154 1814 Ἐμμανουήλ,
1209 1738 1459 1792 τουτέστι
1516 1736 1653 1793 Μεθ’
1709 1736 1868 1807 ἡμῶν

205 1836 238 1889 ὁ
270 1832 431 1895 Θεός.
478 1831 592 1907 Πρὸ
644 1832 742 1898 τῆς
798 1827 1130 1900 συλλήψεως
1190 1825 1318 1888 Θεός
1374 1823 1642 1880 καλεῖται·
1675 1822 1765 1877 καὶ
1817 1820 1868 1877 ἐν

202 1927 289 1996 τῷ
319 1919 710 1998 συλληφθῆναι
756 1917 917 1972 αὐτὸν
958 1916 1324 1988 οἰκονομικῶς
1357 1914 1419 1969 οὗ
1466 1913 1602 1968 κατὰ
1632 1911 1786 1990 φύσιν
1817 1910 1868 1965 ἐν

203 2015 279 2087 τῇ
309 2009 503 2086 γαστρὶ
551 2009 652 2078 τῆς
703 2007 974 2080 Παρθένου
1024 2005 1160 2079 ἀρνῇ
1209 2002 1370 2058 αὐτὸν
1418 2002 1547 2057 Θεὸν
1591 2001 1724 2056 εἶναι
1759 2019 1772 2071 ;
1804 1999 1871 2058 Ei

211 2098 274 2156 δὲ
300 2098 590 2174 ὁμολογῇς
619 2096 778 2152 αὐτὸν
830 2094 958 2149 Θεὸν
1013 2093 1145 2148 εἶναι
1177 2091 1227 2146 έν
1260 2095 1327 2165 τῇ
1356 2090 1547 2167 γαστρὶ
1594 2097 1696 2160 τῆς
1727 2092 1872 2165 Παρ-

209 2190 398 2260 θένου,
447 2187 580 2263 ὅπερ
627 2185 716 2240 καὶ
778 2181 937 2251 ἔστιν,
981 2182 1070 2238 καὶ
1122 2183 1360 2251 ἡνῶσθαι
1403 2179 1561 2235 αὐτὸν
1618 2180 1708 2234 τὸν
1743 2178 1869 2233 Θεὸν

222 2278 403 2356 Λόγον
456 2281 524 2351 τῇ
582 2274 824 2351 ένσάρκῳ
883 2271 1189 2345 οἰκονομίᾳ,
1244 2270 1297 2325 τί
1354 2264 1870 2356 φεύγειςλθεοτόκον

220 2354 409 2443 λέγειν
466 2368 565 2436 τὴν
623 2365 898 2442 Παρθένον
930 2380 945 2431 ;
976 2361 1044 2416 Εἴ
1105 2359 1366 2421 Θεοτόκος
1423 2359 1523 2414 οὐκ
1568 2354 1699 2430 ἔστι,
1750 2355 1876 2412 οὐδὲ

224 2458 502 2534 ῙΙαρθένος
558 2455 692 2528 μετᾶ
731 2452 910 2509 τόκον.
943 2451 1087 2526 Ἐγὼ
1128 2446 1186 2504 δὲ
1216 2447 1383 2524 λέγω,
1418 2446 1469 2503 έν
1501 2451 1571 2522 τῇ
1603 2446 1874 2520 συλλήψει

218 2553 327 2613 τῆς
357 2545 688 2620 παρθενικῆς
739 2543 947 2615 μήτρας
976 2538 1074 2609 ὢν,
1108 2537 1158 2593 έν
1208 2543 1325 2599 τοῖς
1352 2540 1450 2592 τοῦ
1492 2536 1707 2610 Ιῐατρὸς
1737 2534 1875 2590 κόλ-

220 2656 351 2697 ποις
412 2632 643 2702 ἐκαθητο
705 2632 782 2702 μη
842 2623 1334 2705 περιγραφόμενος.
1391 2623 1572 2696 ’Δπλῆ
1624 2625 1726 2701 γὰρ
1784 2623 1875 2679 καὶ

218 2723 514 2783 ἇσύνθετος
543 2723 578 2790 ἠ
609 2719 764 2799 φύσις
795 2720 831 2787 ἡ
882 2717 995 2772 θεία
1052 2717 1126 2789 μὴ
1176 2713 1651 2793 περιγραφομένη.
1685 2718 1875 2788 ’Ἂτρε-

219 2834 358 2875 πτος
387 2814 423 2882 ἡ
459 2809 637 2889 ιρύσις,
670 2808 761 2863 καὶ
813 2805 1193 2867 ἀναλλοίωτος
1243 2807 1276 2874 ἡ
1328 2802 1504 2859 ούσία.
1537 2802 1634 2858 Καὶ
1684 2807 1876 2889 τοῦτον

215 2904 307 2958 τὸν
345 2900 400 2956 ἐν
427 2905 547 2962 τοῖς
606 2897 840 2959 κόλποις
896 2899 993 2951 τοῦ
1053 2893 1267 2971 ΙΙατρὸς
1295 2890 1443 2962 ὄντα,
1481 2897 1674 2948 τοῦτον
1734 2888 1879 2947 ἔτεκε

217 2997 310 3047 νῦν
344 2994 418 3064 τῇ
451 2987 740 3062 οἰκονομίᾳ
766 2989 803 3057 ἡ
838 2987 1132 3061 Ιίαρθένος.
1163 2985 1253 3046 Ὠς
1298 2981 1565 3054 ἠθέλησεν
1608 2979 1877 3051 εἰσῆλθεν·

218 3081 295 3143 ὡς
328 3076 635 3150 ηύδόκησε,
668 3075 981 3152 συνελήφθη
1016 3073 1068 3128 ἐν
1099 3077 1168 3147 τῇ
1198 3072 1388 3149 γαστρὶ
1433 3079 1531 3141 τῆς
1581 3068 1878 3147 ΙΙαρθένουο

219 3170 298 3232 ὡς
331 3162 643 3239 ἐϐουλήθη,
671 3163 921 3240 προῆλθε
938 3161 1259 3239 τεχθείς.Σὸ
1287 3162 1340 3217 τί
1370 3162 1697 3238 ’τιιεριεργοὶζξγ⁸
1715 3159 1879 3215 αὐτοῦ

1903 1874 1950 1939 Β

1973 576 2077 631 Dei
2109 576 2172 631 ⁸³.
2210 599 2231 627 ιι

2044 666 2199 723 864
2255 666 2311 723 6.
2370 668 2846 729 Demonstratusn
2897 672 3096 744 itaque
3136 678 3225 730 est
3281 672 3621 744 Dominum,

1972 755 2155 811 Deum
2182 773 2195 824 ;
2224 760 2280 812 et
2316 762 2518 827 Deum,
2549 760 2863 816 Dominum
2896 778 3044 818 esse.
3074 762 3237 827 Quod
3268 763 3319 820 si
3354 763 3475 819 htec
3507 780 3622 819 non

1974 844 2259 912 admittis,
2282 846 2339 901 id
2362 847 2467 902 tibi
2496 848 2581 902 vel
2608 850 2899 906 dzemones
2926 854 3282 923 persuadent
3307 853 3365 908 in
3390 854 3627 926 regione

1973 934 2435 1004 Gergesenorum
2461 938 2811 995 clamantes:
2845 928 3199 1014 «ASine,quid
3228 942 3334 999 tibi
3355 945 3413 1000 et
3434 942 3626 1015 nobis,

1977 1022 2083 1079 Fili
2103 1023 2203 1079 Dei
2228 1022 2252 1079 ?
2282 1025 2396 1082 huc
2416 1027 2629 1083 venisti
2652 1033 2785 1084 ante
2817 1034 3052 1103 tempus
3082 1037 3349 1104 torquere
3369 1049 3478 1088 nos
3505 1034 3567 1089 ον.
3598 1054 3629 1084 υ

1974 1112 2036 1167 Id
2060 1111 2758 1186 tibi,inquam,daemones
2787 1121 3261 1190 persuadeant.Si
3287 1121 3439 1177 Petri
3459 1120 3632 1177 testi-

1976 1200 2242 1257 monium
2268 1220 2525 1270 recusas,
2548 1210 2606 1261 et
2629 1206 2922 1279 Evangelii
2950 1225 3150 1265 vocem
3180 1214 3411 1282 respuis
3434 1209 3632 1278 ;illam

1979 1288 2156 1345 Marci
2200 1307 2396 1348 vocem
2444 1310 2759 1352 revereare.
2807 1296 3096 1369 Angelum
3143 1313 3359 1365 verere,
3394 1299 3495 1371 qui
3527 1298 3630 1368 ait,

1979 1377 2361 1445 Salvatorem,
2392 1381 2693 1439 Christum
2727 1388 2785 1440 et
2823 1386 3138 1442 Dominum
3170 1402 3300 1443 esse
3331 1386 3498 1443 illum
3531 1386 3636 1460 qui

1981 1470 2156 1523 natus
2185 1485 2253 1524 ex
2283 1469 2519 1542 Virgine
2549 1476 2656 1527 est.
2684 1475 2769 1527 An
2802 1472 2963 1530 hisce
2985 1491 3096 1530 non
3131 1474 3321 1531 credis
3340 1475 3638 1532 ?Refrena

1981 1555 2265 1627 impetum
2285 1558 2661 1632 hlaSphemiae
2677 1566 2874 1630 tuaa,et
2893 1564 3169 1620 confitere
3191 1564 3385 1637 angeli
3409 1581 3632 1633 vocem,

1982 1661 2109 1717 quis
2142 1646 2201 1701 in
2235 1646 2541 1721 Evangelia
2589 1650 2825 1707 dicitur.
2878 1652 3245 1724 Emmanuel,
3279 1654 3338 1710 id
3391 1658 3501 1722 est,
3533 1671 3633 1712 no-

1983 1734 2185 1791 biscum
2214 1737 2378 1792 Deus.
2411 1743 2562 1795 Ante
2592 1744 3033 1813 conceptionem
3064 1743 3218 1800 Deus
3246 1748 3487 1801 vocatur
3533 1762 3546 1800 :
3578 1748 3640 1802 et

1982 1824 2123 1881 dum
2171 1825 2499 1899 concipitur
2546 1846 2649 1901 per
2696 1832 3103 1901 oeconomiam,
3151 1849 3257 1889 nec
3305 1835 3635 1891 secundum

1985 1919 2276 1985 naturam,
2303 1916 2360 1970 in
2395 1922 2556 1973 utero
2578 1918 3045 1993 Virginis,negas
3065 1922 3251 1978 Deum
3285 1922 3453 1979 illum
3476 1921 3635 1981 esse?

1982 2004 2144 2068 Quod
2175 2003 2227 2059 si
2257 2005 2568 2061 confiteare
2598 2007 2793 2080 ipsum
2839 2026 2967 2066 esse
2999 2015 3183 2067 Deum
3218 2011 3278 2067 in
3311 2016 3476 2069 utero
3501 2013 3631 2069 Vir-

1982 2091 2157 2163 ginis,
2190 2094 2346 2165 quod
2386 2095 2562 2150 etiam
2615 2096 2701 2153 sic
2752 2114 2815 2154 se
2861 2099 3066 2169 habet;
3099 2104 3156 2156 et
3203 2100 3397 2172 ipsum
3444 2101 3631 2158 Deum

1981 2179 2239 2234 Verbum
2287 2182 2519 2237 unitum
2567 2184 2747 2240 fuisse
2776 2186 2936 2240 carni
2969 2203 3069 2258 per
3111 2187 3630 2261 dispensationem,

1984 2285 2089 2324 cur
2118 2270 2316 2325 renuis
2346 2270 2644 2343 Virginem
2673 2289 2878 2330 vocare
2914 2276 3214 2347 Deiparam
3235 2277 3263 2331 ?
3292 2278 3355 2333 Si
3385 2278 3634 2351 Deipara

1984 2374 2099 2413 non
2130 2362 2239 2428 est,
2273 2375 2463 2431 neque
2500 2362 2677 2434 Virgo
2726 2368 2856 2435 post
2902 2369 3156 2436 partum.
3199 2368 3266 2422 At
3316 2383 3422 2440 ego
3479 2367 3631 2437 dico,

1983 2448 2289 2513 eum,dum
2321 2454 2652 2521 gestaretur
2681 2457 3054 2510 maternorno
3073 2455 3134 2510 in
3158 2457 3420 2524 utero,in
3448 2456 3633 2513 Patris

1981 2536 2113 2592 sinu
2146 2536 2723 2613 incircumscriptum
2760 2542 3273 2616 sedisse.Simplex
3303 2562 3559 2619 namque
3581 2549 3638 2602 et

1986 2625 2377 2698 incomposita
2420 2634 2511 2684 est
2540 2635 2751 2686 natura
2780 2631 2995 2701 divina,
3030 2649 3136 2689 nec
3167 2634 3635 2708 circumscripta.

1986 2716 2380 2773 Immutabilis
2414 2722 2625 2775 natura
2645 2725 2703 2776 et
2723 2720 3083 2777 invariabilis
3113 2723 3639 2781 substantia.Huno

1987 2810 2184 2860 autem
2215 2804 2409 2878 ipsum
2442 2807 2540 2878 qui
2567 2807 2627 2862 in
2658 2808 2793 2864 sinu
2826 2808 3013 2865 Patris
3042 2814 3150 2875 est,
3176 2827 3332 2865 nunc
3364 2827 3468 2882 per
3488 2826 3638 2866 oeco-

1989 2895 2246 2949 nomiam
2285 2894 2455 2968 Virgo
2486 2896 2709 2968 genuit.
2746 2897 2819 2954 Ut
2850 2897 3054 2964 voluit,
3084 2898 3342 2954 introivit
3371 2916 3386 2966 ;
3433 2903 3498 2954 ut
3526 2896 3640 2955 sibi

1992 2981 2232 3054 placuit,
2267 2990 2582 3057 conceptus
2611 2991 2700 3041 est
2727 2985 2789 3041 in
2823 2991 2986 3043 utero
3026 2986 3300 3060 Virginis.
3337 2986 3409 3043 Ut
3437 2986 3644 3055 voluit,

1989 3075 2165 3126 natus
2189 3074 2492 3143 processit.
2517 3074 2665 3139 Quid
2688 3079 2753 3131 tu
2775 3075 3005 3132 curiose
3036 3076 3289 3148 inquiris
3318 3077 3446 3148 ejus
3475 3092 3645 3149 gene-

1990 3161 2277 3216 rationem
2296 3162 2325 3216 ?
2344 3167 2451 3218 Aut
2474 3170 2538 3218 ut
2553 3164 2739 3220 Deum
2757 3166 2899 3221 time
2926 3183 2939 3220 :
2960 3170 3063 3221 aut
3086 3171 3151 3222 ut
3169 3166 3379 3222 herum
3408 3182 3641 3222 verere:

215 3259 322 3329 τὴν
358 3258 607 3334 γέννησιν
642 3276 657 3325 ;
687 3260 755 3310 Ἦ
786 3254 860 3317 ὡς
909 3254 1037 3309 Θεὸν
1089 3246 1361 3331 φοϐήθητι
1398 3295 1412 3321 ,
1443 3252 1480 3321 ἢ
1514 3251 1587 3313 ὡς
1621 3248 1883 3320 δεσπότην

1998 3254 2099 3305 aut
2129 3253 2455 3306 Creatorem
2496 3256 2554 3307 et
2603 3252 2866 3324 Opificem
2902 3253 3024 3310 cole
3057 3270 3068 3309 :
3105 3263 3206 3310 aut
3235 3258 3302 3310 ut
3329 3255 3647 3311 Dominum

218 3346 535 3416 αἰδέσθητι,
563 3346 598 3415 ἦ
625 3346 701 3407 ὡς
732 3343 953 3413 κτιστὴν
1012 3341 1103 3398 καὶ
1147 3339 1486 3417 δημιουργὸν
1526 3334 1883 3410 εύλαϐήθητι,

218 3440 258 3508 ἢ
288 3437 372 3499 ὡς
400 3434 599 3511 Κύριον
659 3432 959 3508 τρόμησον,
996 3433 1031 3502 ἢ
1060 3432 1137 3494 ὡς
1188 3432 1379 3506 κριτὴν
1437 3429 1640 3508 φρίξον.
1677 3429 1886 3504 Ἐντρέ-

216 3525 395 3602 ψουσὶ
427 3544 488 3579 σε
517 3524 569 3579 οἱ
628 3519 882 3596 δαίμονες
941 3521 994 3576 o't
1044 3520 1171 3584 τοὺς
1228 3519 1455 3596 χοίρους
1499 3517 1884 3589 ἀπελάσαντες,

216 3615 320 3671 καὶ
380 3615 485 3683 τήν
544 3611 745 3689 ἀγέλην
800 3615 881 3684 τῷ
954 3609 1129 3687 βυθίῳ
1188 3610 1399 3681 θανάτῳ
1453 3606 1838 3677 ἀποπνίξαντες
1873 3649 1885 3663 .

217 3708 466 3762 Ἐκεῖνοι
496 3701 798 3776 ἐπιγνόντες
847 3701 939 3755 τὸν
988 3697 1253 3768 δεσπότην
1303 3696 1547 3773 λέγουσι·
1582 3721 1609 3748 ‹‹
1641 3695 1703 3750 Τί
1750 3698 1886 3768 ἡμῖν

222 3795 320 3850 καὶ
356 3791 444 3847 σοὶ
481 3834 496 3858 ,
528 3792 618 3845 Υἱὲ
648 3794 744 3844 τοῦ
794 3793 929 3844 Θεοῦ
963 3808 976 3857 ;
1008 3789 1177 3857 ἦλθες
1227 3787 1333 3864 πρὸ
1362 3790 1555 3861 καιροῦ
1609 3784 1891 3860 βασανίσαι

227 3882 408 3956 ἡμὰς.
444 3904 476 3933 n
526 3881 754 3934 Ἐκεῖνοι
797 3877 890 3933 τὸν
938 3873 1189 3932 κίνδυνον
1237 3877 1326 3931 καὶ
1372 3877 1471 3944 τήν
1521 3872 1754 3943 ἀπειλὴν
1793 3880 1892 3943 τῆς

236 3970 479 4049 βασάνου
533 3967 809 4047 φεύγουσι,
866 3966 957 4021 καὶ
1016 3965 1080 4022 σὺ
1136 3968 1253 4030 καθ’
1307 3966 1499 4021 ἑαυτοῦ
1558 3965 1657 4033 τήν
1714 3960 1891 4039 κρίσιν

230 4068 343 4130 τῆς
381 4060 617 4135 βασάνου
649 4056 848 4135 έφέλκῃ
883 4099 896 4112 .
929 4056 1150 4112 Ἐκεῖννι
1178 4052 1409 4129 ἔγνωσαν
1468 4053 1560 4109 τὸν
1595 4051 1654 4107 ἐκ
1687 4051 1893 4127 Μαρίας

234 4148 511 4224 τεχθέντα
540 4145 733 4217 Κύριον
797 4144 886 4199 καὶ
943 4144 1134 4218 κριτὴν
1165 4147 1262 4198 τοῦ
1291 4141 1492 4204 παντὸς
1523 4141 1732 4213 κόσμου
1766 4185 1780 4207 ,
1805 4137 1894 4193 καὶ

238 4237 455 4300 ἰδόντες
508 4234 667 4291 αὐτὸν
722 4234 826 4310 πρὸ
872 4239 970 4303 τῆς
1025 4232 1252 4308 κρίσεως
1313 4230 1638 4305 ἐτρόμησαν’
1686 4228 1776 4284 καὶ
1834 4226 1897 4282 σὺ

233 4327 449 4397 ταύτην
480 4324 579 4393 τήν
610 4322 783 4397 κρίσιν
816 4323 921 4396 πρὸ
973 4319 1270 4400 ὀφθαλμῶν
1318 4317 1461 4396 ἔχων
1493 4323 1845 4396 καταφρονεῖς
1881 4363 1897 4391 ,

240 4416 335 4474 καὶ
368 4414 473 4471 οὐκ
500 4410 779 4485 ἐκπλήττῃ
813 4431 828 4481 ;
862 4411 965 4469 Καὶ
994 4410 1159 4465 πάλιν
1200 4413 1368 4464 ταῦτα
1399 4406 1565 4485 λέγω,
1607 4408 1696 4462 καὶ
1726 4405 1898 4483 λέγων

241 4506 308 4562 οὐ
341 4505 648 4577 παύσομαι,
679 4501 916 4576 καθαρὰν
976 4497 1335 4555 έκλευκαίνων
1394 4499 1521 4571 ὑμῖν
1575 4502 1670 4553 τοῦ
1730 4495 1900 4572 λόγου

1994 3338 2242 3395 formida
2275 3357 2289 3396 :
2322 3345 2424 3395 aut
2457 3346 2520 3396 ut
2540 3341 2804 3412 judicem
2827 3342 3017 3399 horre.
3053 3344 3277 3401 Pudore
3308 3348 3362 3402 te
3392 3344 3650 3402 efﬁcient

1996 3428 2293 3485 daemones
2320 3430 2419 3502 qui
2455 3447 2661 3503 porcos
2694 3431 3065 3505 pepulerunt,
3103 3438 3163 3489 et
3193 3438 3381 3506 totum
3413 3450 3648 3508 gregem

1997 3518 2351 3590 praecipitem
2385 3525 2579 3575 actum
2627 3522 3008 3577 suti‘ocarunt.
3045 3521 3132 3577 Illi
3163 3540 3296 3578 cum
3330 3522 3647 3580 Dominum

2000 3612 2242 3663 nossent
2271 3608 2437 3664 aiunt
2471 3627 2484 3665 :
2522 3630 2550 3658 «
2581 3610 2728 3675 Quid
2762 3610 2931 3667 nobis
2963 3616 3020 3666 et
3050 3612 3177 3679 tibi,
3213 3612 3341 3667 Filii
3372 3610 3516 3667 Dei?
3555 3626 3652 3683 vo..-

2000 3696 2137 3751 nisti
2160 3702 2294 3753 ante
2313 3701 2546 3769 tempus
2566 3705 2836 3771 torquere
2860 3716 3022 3755 nos.»
3042 3700 3131 3755 Illi
3150 3700 3651 3772 periculumcom-

2002 3785 2503 3858 minationemque
2525 3787 2799 3858 supplicii
2832 3788 3164 3861 refugiunt;
3197 3794 3255 3843 et
3273 3793 3336 3844 tu
3361 3788 3470 3845 tibi
3489 3787 3652 3860 judi-

2003 3874 2155 3929 cium
2190 3873 2464 3945 supplicii
2487 3874 2855 3930 attrahis.llli
2890 3881 3106 3931 norunt
3139 3877 3450 3932 Dominum
3478 3881 3536 3932 et
3559 3876 3655 3932 iu-

2003 3963 2189 4018 dicem
2225 3963 2431 4017 mundi
2462 3963 2663 4031 totius,
2688 3981 2756 4019 ex
2786 3965 2969 4020 Maria
2999 3965 3287 4038 genitum,
3320 3981 3494 4038 quem
3516 3981 3652 4021 cum

2002 4050 2089 4107 vel
2122 4056 2255 4107 ante
2278 4051 2571 4123 judicium
2604 4051 2888 4123 viderent,
2912 4061 3353 4111 contremuere:
3382 4060 3441 4111 et
3468 4059 3529 4111 tu
3550 4054 3654 4126 qui

2005 4142 2115 4196 hoc
2147 4157 2261 4211 praa
2292 4141 2479 4196 oculis
2502 4141 2794 4211 judicium
2821 4143 3018 4213 babes,
3039 4142 3185 4199 nihil
3217 4161 3388 4200 curas
3405 4160 3511 4201 nec
3531 4160 3656 4201 me-
3694 4199 3706 4215 ,

2008 4229 2165 4285 tuis?
2183 4230 2438 4284 Rursum
2466 4229 2588 4285 haec
2610 4230 2799 4287 dicam
2825 4247 2930 4287 nec
2950 4233 3129 4289 ﬁnem
3160 4232 3392 4290 dicendi
3422 4233 3655 4304 faciam,

2013 4325 2075 4374 ut
2103 4318 2272 4389 plane
2305 4319 2468 4375 vobis
2499 4318 2637 4375 dicti
2669 4319 2830 4375 illius
2860 4325 3267 4391 argumentum
3311 4323 3571 4394 aperiam
3602 4325 3662 4379 et

2010 4407 2329 4474 declarem;
2354 4412 2417 4462 ut
2447 4425 2516 4463 ex
2546 4414 2705 4465 certe.
2727 4408 3058 4481 cognitione
3090 4412 3321 4467 ﬁrmam
3349 4416 3525 4484 atque
3545 4416 3662 4469 sta-

2010 4496 2186 4553 bilem
2218 4497 2391 4552 ﬁdem
2418 4497 2761 4570 habeamus,
2791 4503 2849 4555 et
2878 4499 3010 4555 fidei
3042 4500 3494 4558 fundamentum
3536 4518 3660 4558 cer-

238 4596 346 4664 τὴν
379 4588 655 4656 ὑπόθεσιν·
706 4590 847 4645 ὥστε
900 4588 952 4644 ἐν
1005 4590 1199 4665 γνώσει
1257 4586 1548 4666 ἀσφαλείας
1608 4585 1883 4642 ἀσάλευτοη

2009 4590 2131 4641 tam
2162 4585 2385 4642 scilicet
2414 4587 2842 4644 confessionem
2874 4588 3253 4646 retineamus.

238 4679 399 4760 ἔχειν
428 4682 530 4751 τήν
579 4679 759 4735 πίστιν
810 4678 901 4734 καὶ
948 4679 1047 4748 τήν
1103 4674 1350 4755 κρηπῖδα
1392 4684 1493 4748 τῆς
1542 4675 1776 4738 πίστεως
1804 4676 1903 4744 τὴν

244 4771 555 4848 ὁμολογίαν
593 4764 810 4846 βεϐαίαν
847 4768 1120 4843 κατέχειν.

318 4864 379 4918 7.
412 4858 587 4915 Πάλιν
619 4857 706 4914 ἐπὶ
737 4857 798 4912 τὸ
838 4856 1189 4932 προκείμενον
1251 4851 1543 4932 βαδιοῦμεν
1575 4901 1589 4926 ,
1622 4851 1788 4931 δρθὴν
1816 4853 1904 4909 καὶ

248 4949 454 5019 ἀκλινῆ
483 4950 584 5017 τήν
645 4944 769 5002 ὁδὸν
823 4952 923 5017 τῆς
974 4943 1206 5007 πίστεως
1265 4941 1687 5006 ἀναδεικνύντες.
1747 4943 1909 5017 Ἐμοὶ

254 5040 355 5113 μὲν
384 5038 491 5115 γὰρ
540 5036 604 5092 τὸ
660 5034 834 5109 λέγειν
892 5033 993 5089 οὐκ
1045 5034 1299 5109 ὀκνηρὸν,
1362 5034 1487 5106 ὑμῖν
1550 5031 1608 5087 δὲ
1647 5031 1904 5110 ἀσφαλές.

252 5128 436 5189 Οὗτος
468 5127 496 5181 ὁ
526 5125 655 5187 Θεὸς
687 5124 907 5195 εἰσῆλθε
936 5120 1025 5179 διὰ
1049 5126 1149 5189 τῆς
1182 5122 1350 5193 ἀκοῆς
1382 5125 1480 5191 τῆς
1526 5120 1800 5197 Παρθένου
1831 5120 1905 5183 ὠς

252 5215 552 5288 ἠθέλησεν,
581 5214 925 5293 έκυοφορήθη
963 5213 1043 5268 ὡσ
1074 5209 1370 5283 ηύδόκησε,
1410 5210 1659 5285 προῆλθε
1695 5209 1909 5286 τεχθεὶς

253 5306 333 5370 ὡς
364 5299 685 5375 ἠϐουλήθηο
718 5300 967 5373 εἰσῆλθεν
996 5300 1287 5376 ἀσώματος
1318 5300 1392 5364 ὡς
1420 5298 1720 5372 ἠθέλησεν
1755 5298 1908 5356 ἐκυο-

252 5395 478 5474 φορήθη
510 5394 540 5448 ό
570 5393 863 5470 ἀχώρητος
894 5390 944 5447 έν
977 5394 1279 5469 χωρητικῖρ
1311 5388 1508 5459 σκεύει,
1537 5388 1589 5444 έν
1616 5392 1685 5464 τῇ
1730 5390 1912 5466 μήτρᾳ

250 5491 360 5558 τῆς
391 5482 669 5559 Παρθένου
725 5481 1113 5556 οἰκονομικῶς,
1171 5480 1247 5542 ὡς
1305 5476 1597 5551 ηὐδόκησε.
1657 5477 1912 5555 ΙΙροῆλθε

331 5696 378 5733 ³⁸
409 5692 621 5768 Ephes,
651 5708 709 5764 ν,
740 5692 795 5748 5.
885 5691 930 5728 ⁵³
964 5690 1102 5747 Luc.
1133 5705 1211 5759 ιν,
1244 5689 1335 5745 34.

587 5822 852 5887 Pareat.
901 5820 1012 5882 Gn.
1062 5816 1339 5882 XXVIII.

2087 4857 2141 4911 7.
2174 4856 2258 4911 Ad
2291 4873 2412 4913 rem
2439 4856 2652 4913 iterum
2685 4858 3019 4929 redeamus,
3052 4862 3269 4916 rectam
3316 4862 3375 4915 et
3424 4858 3668 4917 minime

2018 4944 2300 5000 deﬂexam
2332 4945 2486 5001 viam
2516 4945 2651 5001 fidei
2694 4947 3011 5004 ostensuri.
3043 4947 3174 5004 Haec
3203 4962 3296 5003 me
3329 4947 3520 5004 dicere
3550 4964 3669 5004 non

2021 5034 2198 5105 piget,
2247 5033 2530 5106 vobisque
2584 5038 2779 5091 tutum
2832 5041 2941 5093 est.
3003 5036 3106 5093 Hic
3162 5037 3315 5093 Deus
3363 5036 3670 5110 ingressus

2021 5128 2111 5179 est
2157 5140 2258 5195 per
2313 5124 2581 5179 auditum
2633 5124 2908 5196 Virginis,
2959 5130 3132 5198 prout
3161 5126 3376 5195 voluit;
3408 5131 3673 5200 gestatus

2025 5217 2187 5268 utero
2215 5216 2323 5279 est,
2358 5217 2422 5267 ut
2451 5211 2562 5268 sibi
2591 5211 2764 5269 libuit
2792 5231 2805 5268 :
2840 5218 3016 5271 natus
3045 5216 3283 5288 prodiit,
3316 5220 3380 5274 ut
3410 5215 3523 5274 sibi
3551 5216 3676 5292 pla-

2022 5302 2172 5358 cuit:
2194 5301 2253 5357 in
2286 5301 2664 5374 incorporeus
2695 5303 3001 5376 ingressus
3030 5309 3139 5375 est,
3161 5310 3225 5363 ut
3244 5305 3428 5364 voluit
3452 5324 3464 5363 :
3490 5311 3678 5377 gesta-

2023 5395 2120 5446 tus
2150 5397 2238 5447 est
2269 5391 2369 5462 qui
2404 5389 2565 5448 nullo
2596 5392 2882 5449 contineri
2912 5399 3125 5467 potest,
3160 5394 3221 5452 in
3272 5413 3373 5454 vas
3404 5396 3504 5470 qui
3532 5413 3675 5454 con-

2021 5480 2208 5537 tinere
2238 5480 2517 5553 potest,in
2539 5480 2794 5555 Virginis
2819 5483 2990 5540 vulva
3016 5502 3120 5558 per
3150 5484 3672 5559 dispensationem,

3276 5820 3351 5880 31
