4026 6204
475 302 593 361 9η

1641 297 1702 354 S.
1752 294 2278 356 ATHANASIUS.
2305 324 2381 338 *-
2414 295 2721 358 SPURIA.
3713 314 3798 375 972

476 436 541 488 ut
568 430 678 488 sibi
710 428 948 502 placuit.
982 426 1204 486 Prodiit
1228 432 1401 483 natus
1432 426 1585 484 Deus
1622 431 1677 483 ct
1707 426 1900 497 homo,
1933 432 1998 481 ut
2028 443 2119 481 vo-

2235 424 2450 514 τεχθεῖς
2477 427 2605 514 Θεὸς
2636 428 2724 482 καὶ
2776 426 3082 505 ἅνθρωπος,
3115 432 3188 495 ὡς
3234 428 3525 506 ἐϐουλήθη.
3564 440 3797 514 Ἐγὲνετοό

472 519 601 575 luit.
641 520 850 575 Factus
881 522 971 574 est
999 518 1155 589 quod
1188 533 1303 574 non
1337 520 1478 587 erat,
1506 516 1729 573 habens
1760 514 2121 572 invariabilis

475 609 821 664 substantia:
850 608 1005 679 quod
1038 610 1179 663 erat.
1215 606 1368 665 Deus
1398 605 1552 661 enim
1591 609 1714 661 erat
1764 604 2035 672 Verbum,
2068 607 2125 659 et

473 698 725 754 Verbum
753 702 875 752 erat
906 697 1059 768 apud
1093 695 1299 752 Deum.
1330 694 1575 751 Proinde
1605 692 1914 765 Apostolus
1945 693 2120 748 dicit:

475 808 502 836 ‹‹
536 785 697 842 Misit
724 784 877 840 Deus
911 782 1116 839 Filium
1151 800 1325 839 suum
1360 782 1580 838 factum
1621 798 1689 837 ex
1729 779 1972 836 muliere
2006 782 2050 835 ί.
2096 801 2122 829 ιι

477 876 636 930 Hunc
669 872 881 931 Filium
927 873 1088 930 misit
1137 872 1312 943 Deus,
1349 872 1565 927 factum
1616 886 1684 925 ex
1731 869 1998 935 muliere,
2056 883 2125 923 ex

472 962 853 1019 immaculata
875 966 1084 1019 natura
1098 960 1299 1034 genitu
1312 977 1387 1030 m,
1404 977 1474 1015 ex
1492 958 1769 1015 inell'abili
1793 957 2127 1014 substantia

471 1054 900 1127 procedentem,
951 1052 1049 1123 qui
1103 1067 1172 1107 ex
1227 1054 1471 1123 paterno
1503 1049 1634 1105 sinu
1670 1064 1781 1104 non
1816 1045 2124 1114 abscessit,

472 1143 573 1215 qui
604 1158 673 1199 ex
702 1141 860 1214 regio
903 1140 1111 1197 throno
1146 1157 1258 1195 non
1311 1145 1545 1194 amotus
1589 1141 1718 1207 est;
1759 1137 1859 1194 sed
1894 1136 2126 1209 proprie

471 1249 656 1289 unum
686 1246 822 1287 cum
853 1235 1023 1287 Patre
1046 1230 1320 1285 thronum
1356 1232 1623 1300 occupat,
1659 1243 1776 1283 una
1804 1226 1970 1282 sedet
1989 1241 2123 1281 cum

467 1320 606 1389 illo;
640 1336 752 1375 non
775 1318 982 1391 gratia,
1016 1318 1114 1374 sed
1149 1317 1346 1372 divina
1386 1320 1616 1386 natura,
1639 1320 1697 1371 et
1730 1318 1972 1386 paterna
1993 1313 2126 1369 sub-

467 1409 706 1467 stantia.
741 1408 1042 1474 Quomodo
1074 1422 1325 1477 namque
1377 1405 1596 1461 isthinc
1645 1409 1907 1461 semotus
1947 1408 2124 1473 esset,

470 1499 562 1555 dio
596 1497 778 1566 mihi;
808 1514 942 1553 cum
972 1496 1096 1568 ipse
1122 1495 1277 1551 dicat
1309 1512 1321 1549 :
1360 1517 1386 1546 «
1419 1494 1537 1567 Ego
1567 1494 1625 1548 in
1661 1493 1850 1561 Patre,
1882 1495 1939 1548 et
1961 1490 2128 1547 Pater

469 1589 529 1644 in
560 1605 653 1645 me
672 1586 727 1643 ’ἒ
752 1610 778 1636 ››
802 1587 870 1641 Et
894 1601 1131 1641 rursum
1158 1602 1170 1639 :
1199 1608 1226 1635 ‹‹
1252 1588 1423 1639 Pater
1449 1588 1642 1639 autem
1676 1581 1735 1637 in
1764 1599 1856 1639 me
1878 1597 2125 1638 manens

461 1677 585 1750 ipse
621 1677 755 1734 fecit
784 1693 961 1749 Opera
982 1677 1023 1730 ³.
1043 1697 1068 1724 ››
1098 1677 1300 1747 Ipsum
1334 1673 1637 1743 (dicimus)
1671 1676 1880 1728 natum
1908 1688 1976 1728 ex
2008 1675 2124 1727 Ma-

2242 511 2341 568 οὐκ
2367 514 2459 588 ἦν,
2491 511 2633 591 ἔχων
2685 516 3062 574 ἆναλλοιώτου
3110 521 3290 585 οὐσίας
3321 523 3351 578 ’ὀ
3379 524 3465 593 ἦν.
3498 511 3731 604 Θεὸς-γὰρ
3751 533 3797 607 ᾖν

2236 601 2264 656 6
2296 601 2492 678 Λόγος,
2525 605 2623 693 καὶ,
2654 606 2683 659 ὁ
2731 605 2910 682 Λόγος
2942 609 3027 680 ’ᾖν
3078 610 3212 683 πρὸς
3255 612 3347 667 τὸν
3397 612 3538 683 Θεόν·
3582 601 3724 673 καίτοι
3756 601 3799 693 γε

2229 695 2327 747 τοῦ
2376 692 2716 750 ’Δποστόλου
2763 693 3043 771 λὲγοντοςο
3079 723 3106 751 ‹‹
3142 699 3530 770 Ἐξαπὲστειλεν
3559 707 3585 759 6
3611 707 3714 769 Θεὸς
3734 692 3796 763 tiu

2233 781 2355 835 Υἱὸν
2414 781 2600 852 αὐτοῦ,
2658 783 2948 859 γενόμενον
3010 785 3069 841 ἐκ
3120 789 3394 863 γυναικός.
3457 814 3479 845 s
3527 797 3696 850 Τοῦτον
3736 798 3798 853 τὸν

2233 869 2356 925 Υἱὸν
2391 869 2756 942 ἐξαπέστειλεν
2791 875 2817 928 ὁ
2851 875 2981 938 Θεὸς
3030 876 3318 952 γενόμενον
3366 878 3425 934 ἐκ
3463 885 3700 956 γυναικὸς,
3735 885 3800 941 τδν

2235 957 2295 1014 ἐκ
2348 966 2448 1030 τῆς
2505 960 2779 1038 ἀχράντου
2838 964 3047 1041 φύσεως
3101 967 3421 1041 γεννηθέντα
3446 1014 3460 1039 ,
3513 971 3596 1025 τὸν
3644 970 3692 1027 ἐκ
3729 982 3798 1044 τῆς

2234 1047 2508 1126 ἀφράστου
2566 1048 2751 1114 οὐσίας
2809 1052 3150 1130 προελθόντα
3180 1100 3196 1126 ,
3252 1057 3343 1112 τὸν
3420 1062 3522 1114 τῶν
3588 1069 3797 1134 πατρικῶν

2232 1136 2454 1193 κόλπων
2512 1139 2612 1195 οὐκ
2668 1139 3188 1217 ἂπιλλοτριωθὲντα
3219 1191 3236 1218 ,
3286 1146 3378 1201 τὸν
3435 1152 3526 1205 τοῦ
3581 1149 3801 1225 βασιλικοῦ

2235 1226 2428 1301 θρόνου
2481 1229 2558 1302 μή
2593 1229 2966 1306 χωρισθέντα,
3017 1232 3163 1289 ἀλλᾶ
3212 1231 3369 1298 ῗδίως
3415 1241 3492 1309 τῷ
3529 1239 3675 1315 Πατρὶ
3713 1262 3800 1295 σνν-

2234 1316 2554 1392 θρονεόοντα
2601 1318 2690 1373 καὶ
2742 1321 3220 1395 συγκαθεζόμενον,
3274 1322 3374 1379 οὐκ
3414 1324 3465 1380 ὲν
3512 1328 3690 1401 χάριτι,
3712 1327 3800 1384 ἀλλ’

2234 1404 2286 1459 ἐν
2322 1407 2475 1480 θεῖκῇ
2524 1406 2676 1485 φύσει
2724 1408 2815 1462 καὶ
2863 1414 3097 1485 πατρικῇ
3150 1410 3324 1483 οὐσίᾳ.
3377 1419 3496 1476 Πῶς
3539 1416 3627 1492 γὰρ
3666 1419 3801 1492 κεχώ-

2234 1513 2429 1567 ρισται,
2479 1494 2677 1572 φράσον
2734 1518 2850 1570 μοι,
2895 1497 3058 1553 αὐτοῦ
3112 1498 3389 1576 λὲγοντος,
3441 1527 3467 1553 ‹‹
3511 1504 3633 1579 Ἐγὼ
3673 1504 3713 1559 ἄν
3746 1510 3801 1578 τῷ

2236 1584 2428 1657 Πατρῖ,
2460 1583 2549 1638 καὶ
2578 1586 2606 1637 ὁ
2638 1587 2825 1661 Πατὴρ
2868 1586 2918 1640 ἐν
2954 1585 3095 1659 ἐμοί’
3129 1612 3159 1642 »
3192 1591 3284 1644 καὶ
3326 1590 3505 1646 πάλιν·
3539 1617 3564 1644 ι(
3589 1594 3641 1650 Ὀ
3665 1596 3799 1670 Πατήρ

2240 1693 2342 1745 μου
2373 1672 2402 1726 ὁ
2431 1670 2482 1727 ἐν
2531 1671 2650 1747 ἐμοὶ
2703 1675 2896 1746 μενων,
2945 1676 3104 1740 αὐτὸς
3156 1684 3308 1734 ποιεῖ
3334 1680 3401 1736 τὰ
3438 1679 3559 1757 ἔργα
3586 1701 3600 1752 ;
3630 1706 3652 1733 ιι
3677 1684 3799 1740 Αὐτὸν

468 1766 556 1823 ria
582 1765 838 1839 Virgine.
875 1764 1039 1820 Hunc
1068 1768 1203 1819 ante
1232 1763 1672 1834 conceptionem
1706 1760 1952 1833 angelus
1984 1762 2117 1816 Em-

2233 1761 2322 1816 τὸν
2352 1761 2613 1837 τεχθέντα
2642 1761 2702 1818 ἐκ
2743 1770 2843 1834 τῆς
2876 1764 3026 1842 ἁγίας
3078 1769 3377 1844 Παρθένου,
3407 1773 3585 1826 τοῦτον
3623 1772 3801 1847 πρὸτῆς

2299 1850 2317 1868 κ
2336 1848 2356 1868 ‘
2394 1852 2405 1868 1
2427 1854 2437 1868 I
2598 1853 2611 1868 Ι
2656 1849 2680 1868 ν
2790 1850 2809 1868 \
2932 1855 2988 1868 0.-
3227 1858 3242 1868 ι
3260 1855 3279 1868 ς
3369 1858 3379 1868 ι
3711 1859 3719 1868 ι

468 1855 703 1911 manuel
733 1852 977 1920 vocavit,
1007 1852 1065 1907 id
1096 1857 1206 1923 est,
1234 1872 1262 1905 ιι
1291 1851 1607 1906 Nobiscum
1642 1851 1814 1917 Deus,
1847 1871 1873 1899 η
1908 1850 1981 1904 de
2001 1866 2117 1922 quo

468 1945 701 2001 locutus
733 1948 819 2001 est
849 1943 1032 1999 Isaias
1051 1940 1339 2015 propheta
1368 1942 1414 1996 ‘.
1454 1945 1642 2008 Hunc,
1674 1939 1939 2010 inquam,
1971 1956 2118 2011 pue—

468 2050 601 2090 rum
633 2032 733 2105 qui
760 2049 829 2088 ex
856 2030 1094 2103 Virgine
1127 2029 1429 2101 processit,
1461 2028 1646 2084 Deum
1680 2028 2118 2100 fortem,poten-

471 2128 605 2193 tem,
642 2122 963 2194 principem
1005 2120 1187 2192 pacis,
1224 2122 1450 2191 patrem
1501 2118 1682 2174 futuri
1726 2116 1938 2173 seaculi.
1979 2116 2115 2181 Qui-

468 2230 602 2268 nam
634 2211 937 2283 puerulus,
970 2208 1298 2265 secundum
1352 2211 1621 2263 naturam
1671 2206 1929 2279 genitus,
1963 2207 2119 2262 Deus

466 2301 632 2358 fortis
649 2306 973 2374 potensque
1002 2296 1151 2353 fuit?
1177 2297 1318 2362 Quis
1348 2314 1491 2369 puer
1522 2296 1858 2353 natus355
1884 2294 2117 2351 stellam

467 2390 703 2447 attraxit
723 2406 850 2461 quae
869 2386 1263 2460 perquisitum
1283 2385 1568 2441 infantem
1591 2383 1974 2457 signiﬁcaret;
2000 2385 2117 2440 imo

470 2479 664 2554 potius
695 2482 1013 2552 angustum
1062 2474 1295 2531 Domini
1338 2472 1764 2530 diversorium?
1794 2473 1935 2540 Quis
1976 2490 2122 2545 puer

471 2586 675 2643 magos
705 2585 775 2624 ex
800 2567 1034 2624 Oriente
1081 2564 1323 2631 vocavit,
1366 2573 1429 2619 ut
1476 2578 1538 2619 se
1594 2561 1946 2619 adorarent?
1977 2562 2118 2631 Quis

469 2676 615 2732 puer
641 2661 864 2714 naturre
896 2654 1228 2712 conditione
1249 2653 1484 2726 genitus
1514 2652 1667 2709 dona
1692 2670 1723 2706 a
1742 2651 1929 2723 magis
1957 2667 2121 2707 acce-

468 2749 591 2822 pit!
624 2747 903 2819 Donaque
932 2743 1028 2800 illa
1048 2742 1660 2809 consideremus,num
1684 2738 1862 2808 illi,ut
1886 2740 2119 2797 infirmo

467 2835 692 2894 homini
724 2834 921 2892 oblata
977 2833 1137 2901 sint;
1169 2847 1363 2887 annon
1396 2829 1595 2901 potius
1628 2833 1694 2884 ut
1721 2828 1859 2899 Deo,
1900 2829 2019 2902 regi
2062 2833 2119 2885 et

465 2926 712 2984 homini.
744 2931 969 2980 Aurum
1002 2926 1066 2976 ut
1114 2920 1231 2993 regi
1259 2938 1273 2988 ;
1307 2919 1442 2975 thus
1476 2922 1539 2973 ut
1581 2917 1735 2987 Deo;
1786 2917 2021 2991 myrrha
2054 2922 2117 2973 ut

466 3015 688 3072 homini
745 3014 817 3069 ad
875 3009 1262 3083 sepulturam.
1314 3012 1531 3062 Aurum
1576 3005 1812 3078 quidem
1846 3010 1911 3061 ut
1941 3006 2060 3078 regi
2097 3023 2110 3062 :

466 3128 494 3157 ιι
530 3106 700 3174 Deus,
726 3100 1018 3174 judicium
1050 3103 1220 3155 tuum
1252 3097 1370 3169 regi
1413 3096 1506 3159 da,
1538 3100 1594 3150 et
1625 3096 1914 3166 justitiam
1946 3099 2110 3150 tuam

2229 1848 2558 1925 συλλήψεως
2592 1853 2619 1907 6
2651 1849 2887 1928 ἄγγελος
2932 1855 3293 1928 Ἐμμανουήλ
3326 1858 3571 1931 κέκληκε,
3597 1859 3801 1928 τουτέστι,

2228 1963 2257 1991 ‹‹
2292 1940 2436 2028 Μεθ’,
2457 1941 2491 2010 ἡ
2502 1944 2616 2013 μῶν
2647 1942 2675 1996 6
2707 1941 2859 2015 Θεὸς,
2896 1966 2916 1993 ι
2953 1945 3010 1999 ὃν
3044 1944 3187 1999 εἶπεν
3239 1944 3457 2009 Ἡσαΐας
3486 1948 3512 2003 6
3552 1960 3793 2028 προφιιτης,

2224 2029 2287 2083 τὸ
2318 2026 2532 2084 παιδίον
2563 2034 2724 2086 τοῦτο
2754 2031 2815 2085 τὸ
2847 2031 2907 2087 ἐκ
2950 2034 3048 2102 τῆς
3107 2032 3385 2110 Παρθένου
3423 2026 3678 2113 προελθὸν,
3702 2039 3793 2093 Θεὸν

2229 2116 2480 2194 ἴσχυρὸν,
2521 2117 2890 2191 ἐξουσιαστὴν,
2937 2119 3180 2198 ἄρχοντα
3237 2124 3478 2200 εἰρήνης,
3522 2126 3692 2203 πατέρι
3725 2123 3793 2181 τώ

2232 2206 2533 2281 μέλλοντος
2563 2208 2779 2271 αἰῶνος.
2829 2215 2993 2265 Ποῖον
3043 2208 3261 2267 παιδίον
3309 2215 3443 2270 κατὰ
3481 2216 3616 2293 φύσιν
3652 2216 3791 2291 τεχθὶν

2227 2295 2355 2358 Θεὸς
2390 2296 2639 2372 ἰσχυρὸς,
2674 2297 3016 2371 ἒξουσιαστέ,ς
3047 2299 3261 2377 ἐγένετο
3291 2322 3305 2372 ;
3340 2309 3495 2359 Ποῖον
3537 2301 3712 2359 παιδίον
3732 2325 3792 2358 τι·

2228 2385 2356 2460 χθὶν
2389 2385 2585 2463 ἀστέρα
2627 2385 2841 2443 ε’ἕλκυσε
2894 2388 3168 2463 μηνύοντα
3212 2391 3313 2446 τοῦ
3364 2394 3662 2467 ζητουμένου
3704 2394 3791 2468 βρὲ·

2229 2496 2381 2553 φους,
2421 2473 2633 2549 μᾶλλον
2666 2475 2722 2532 δὲ
2752 2476 3049 2548 Δεσπότου,
3076 2480 3140 2535 τὸ
3188 2482 3458 2537 στενωπὸν
3488 2482 3788 2556 καταγώγιονς

2231 2569 2397 2619 Ποῖον
2450 2562 2667 2620 παιδίον
2722 2565 2926 2643 μάγους
2983 2566 3032 2641 ἐξ
3090 2568 3370 2625 ἀνατολῶν
3441 2569 3791 2646 προσεκαλέσατο

2227 2660 2597 2729 προσκυνῆσαι
2622 2653 2767 2728 αὐτῷ
2796 2673 2809 2723 ;
2844 2660 3006 2710 Ποῖον
3055 2654 3273 2713 παιδίον
3318 2660 3452 2714 κατᾶ
3494 2658 3628 2736 φύσιν
3652 2658 3789 2732 τεχθὲν

2230 2741 2378 2818 δῶρά
2423 2762 2557 2797 ποτε
2603 2743 2953 2820 προσηνέχθη
2997 2746 3142 2822 παρὰ
3192 2749 3426 2822 μάγων;
3468 2748 3556 2803 Καὶ
3594 2747 3648 2803 τὰ
3683 2744 3788 2822 δῶρα

2228 2827 2478 2904 εἶ’δωμεν,
2509 2830 2554 2886 εἰ
2586 2832 2660 2894 ὡς
2689 2833 2898 2896 ἀσθενεῖ
2924 2834 3195 2910 ἀνθρώπῳ
3230 2843 3586 2912 προσηνέχθη,
3606 2834 3784 2909 καἱοῦχὶ

2225 2924 2362 2992 Θεῷ,
2398 2919 2612 2996 βασιλεῖ
2659 2920 2750 2975 καὶ
2797 2922 3087 2997 ἀνθρώπῳ·
3139 2926 3347 3000 χρυσὸν
3401 2926 3491 2998 μὲν
3519 2926 3585 2987 ὡς
3609 2920 3781 3000 βαοιλιῖ,

2224 3002 2446 3062 λίϐανον
2478 3005 2536 3063 δὲ
2565 3008 2638 3063 ὡς
2670 3013 2808 3081 Θεῷ,
2837 3010 2926 3064 καὶ
2959 3011 3197 3087 σμύρναν
3233 3014 3311 3076 ὡς
3362 3013 3608 3086 ἀνθρώπῳ
3647 3011 3705 3073 εἰς
3726 3009 3785 3064 ἓν·

2225 3096 2548 3174 ταφιασμόν.
2583 3099 2788 3173 Χρυσὸν
2820 3098 2914 3171 μὲν
2948 3100 3022 3161 ὡς
3056 3099 3293 3174 βασιλεῖ·
3328 3128 3356 3154 ‹‹
3387 3103 3442 3157 Ὀ
3471 3101 3604 3173 Θεὸς,
3630 3101 3679 3155 τὸ
3707 3103 3788 3173 κρῖ·

463 3192 583 3249 ﬂlio
614 3166 768 3265 regis
797 3190 839 3245 ⁸.
875 3212 903 3240 ››
935 3188 1054 3244 Ηοο
1084 3166 1586 3257 ἁίοῑυοίρι-οιυῖἱι
1617 3183 1814 3240 David.
1851 3183 2112 3240 Posthzec

2230 3185 2306 3257 μά
2339 3205 2433 3240 σου
2459 3188 2538 3258 τῷ
2590 3182 2806 3260 βασιλεῖ
2852 3185 2962 3256 δὸς,
2994 3188 3084 3243 καὶ
3128 3190 3227 3258 τήν
3278 3187 3599 3261 δικαιοσῦνην
3638 3191 3784 3257 σουτῷ

463 3281 708 3354 angelus
739 3294 870 3335 cum
905 3279 1187 3334 salutaret
1219 3273 1454 3329 Mariam
1487 3288 1501 3327 :
1528 3295 1555 3323 «
1589 3273 1656 3327 Et
1686 3273 1848 3328 dabit
1880 3272 1961 3327 illi
1997 3274 2111 3330 Do-

462 3371 663 3427 minus
692 3369 846 3425 Deus
877 3366 1075 3422 sedem
1112 3363 1283 3418 David
1338 3362 1519 3435 patris
1551 3361 1701 3433 ejus,
1744 3365 1799 3417 et
1848 3362 2113 3434 regnabit

462 3461 521 3517 in
552 3460 795 3517 domum
823 3455 1006 3512 Jacob
1038 3453 1094 3508 in
1127 3450 1363 3519 scecula,
1393 3454 1449 3507 et
1480 3451 1641 3524 regni
1673 3451 1801 3521 ejus
1846 3467 1959 3506 non
2000 3451 2111 3508 erit

461 3550 597 3611 ﬁnis
617 3550 659 3605 ⁸.
694 3570 722 3600 ››
754 3546 868 3618 Ipsi
902 3543 1088 3618 gloria
1117 3546 1174 3598 et
1198 3539 1509 3612 imperium
1537 3541 1592 3596 in
1626 3537 1837 3596 saecula
1868 3539 2108 3596 saeculo-

460 3656 612 3697 rum.
645 3646 850 3695 Amen.

2222 3272 2324 3344 υἱῷ
2349 3276 2447 3327 τοῦ
2480 3270 2768 3347 βασιλέως.
2797 3296 2826 3324 »
2858 3274 3069 3344 Ταύτην
3095 3278 3194 3346 τήν
3229 3280 3418 3357 φωνὴν
3442 3280 3571 3333 εἶπεν
3600 3279 3623 3331 6
3648 3269 3783 3330 Διὸίδ.

2222 3361 2368 3417 Μετά
2414 3364 2580 3416 ταῦτα
2632 3362 2660 3417 6
2710 3361 2940 3439 ἅγγελος
2986 3363 3064 3426 εἷς
3131 3367 3222 3421 τὸν
3277 3367 3545 3441 ἀσπασμὸν
3588 3373 3667 3435 τῆς
3702 3368 3782 3419 Πα-

2222 3450 2358 3526 ρίας·
2399 3474 2420 3500 ι
2475 3449 2578 3505 Καὶ
2631 3445 2790 3505 δώσει
2839 3449 2987 3525 αὐτῷ
3035 3452 3241 3529 Κύριος
3286 3456 3315 3511 6
3365 3455 3490 3518 Θεὸς
3529 3455 3609 3510 τὸν
3647 3450 3779 3528 θρόνον

2221 3533 2389 3594 Δαὸὶδ
2416 3542 2514 3594 τοῦ
2534 3539 2736 3616 πατρὸς
2769 3539 2952 3611 αὐτοῦ,
2985 3541 3074 3596 καὶ
3116 3542 3431 3619 βασιλεύσει
3460 3543 3540 3600 ἐπὶ
3564 3544 3640 3598 τὸν
3677 3541 3779 3595 οἷκον

2220 3621 2413 3686 Ἰακὼϐ
2445 3626 2521 3691 ε’ς
2550 3626 2677 3691 τοὺς
2710 3628 2930 3701 αἰῶνας,
2961 3630 3050 3685 καὶ
3100 3634 3196 3702 τῆς
3258 3632 3523 3710 βασιλείας
3566 3630 3695 3687 αὒτοῦ
3715 3626 3783 3682 οὖι

457 3723 602 3783 ἔσται
630 3723 809 3785 τέλος,
845 3746 872 3775 ››
903 3723 1021 3774 Ὅτι
1049 3716 1196 3791 αὐτῷ
1226 3720 1260 3787 ἡ
1290 3714 1414 3787 δόξα
1437 3714 1527 3772 καὶ
1555 3715 1619 3770 τὸ
1648 3714 1845 3792 κράτος
1876 3714 1950 3778 εἷς
1980 3714 2110 3780 τοὺς
2137 3716 2337 3779 αἷῶνας
2367 3719 2475 3772 τῶν
2500 3715 2733 3774 αἰώνων.
2767 3718 2968 3792 Ἀμήν.

3342 3907 3775 3926 ιι-*ι--ι-η

1312 4050 1385 4106 IN
1432 4048 1789 4107 HOMILIAM
1840 4049 1930 4106 DE
1969 4049 2249 4107 CHRISTI
2288 4049 2612 4107 OCCURSU
2651 4050 3009 4109 MONITUM.

525 4224 676 4278 Hanc
730 4219 973 4291 primum
1023 4216 1199 4272 edidit
1257 4214 1629 4284 Cambeﬁsius,
1662 4215 1750 4266 vir
1804 4210 1869 4266 de
1896 4226 1955 4267 re
1986 4213 2278 4277 litteraria,
2310 4213 2662 4283 potissimum
2690 4215 3058 4271 ecclesiastica
3110 4217 3244 4274 bene
3287 4222 3521 4286 meritus,
3550 4219 3632 4289 qui
3664 4216 3772 4269 illa

453 4310 758 4368 Athanasio
790 4321 1031 4362 asserere
1058 4321 1157 4376 pro
1185 4306 1342 4360 virili
1370 4308 1599 4358 conatus
1628 4307 1705 4358 est
1734 4301 1832 4372 (8).
1878 4301 2046 4372 thue
2082 4304 2404 4372 argumenta
2453 4305 2703 4357 occurrat
2750 4303 3032 4375 desumpta
3076 4322 3151 4361 ea:
3204 4308 3523 4363 memoratis
3561 4321 3687 4360 nam.
3728 4300 3775 4357 l5

450 4398 703 4455 Nestoria
733 4411 803 4449 ac
833 4392 1095 4463 Eutyche,
1130 4393 1211 4446 ait
1240 4408 1431 4446 eorum
1463 4390 1695 4444 nomina
1723 4405 1757 4442 a
1789 4388 2018 4443 libraria
2071 4387 2305 4459 quodam
2347 4397 2474 4459 post
2522 4392 2769 4445 Nestorii
2794 4396 2850 4445 et
2880 4391 3142 4462 Eutychis
3185 4398 3401 4450 aetatem
3447 4396 3631 4449 inserta
3649 4392 3776 4464 [vim

449 4488 765 4561 adjectaquc
822 4482 1084 4548 Simonis,
1133 4482 1448 4546 Marcianis,
1495 4478 1726 4533 Sabellii
1772 4481 1824 4531 et
1853 4479 1977 4531 Arii
2003 4476 2325 4532 nominibus
2350 4495 2372 4528 :
2399 4478 2538 4547 quod
2568 4479 2650 4532 ita
2675 4485 2889 4549 gestum
2916 4482 3094 4551 fuisse
3121 4482 3244 4538 ideo
3286 4492 3509 4554 pugnat,
3551 4480 3665 4553 quod
3695 4491 3773 4532 ﬂle-

445 4577 680 4633 maratis
710 4573 924 4628 ibidem
970 4570 1253 4642 praedictis
1285 4570 1576 4635 hwreticis,
1610 4582 1801 4620 comm
1829 4581 1964 4620 mox
2010 4581 2224 4621 errores
2254 4571 2550 4631 recenseat,
2581 4569 2650 4622 de
2676 4568 2915 4624 Nestorii
2941 4586 3064 4625 vero
3095 4575 3148 4625 et
3174 4573 3438 4644 Eutychis
3464 4569 3775 4626 haesitas"

444 4665 672 4719 verbum
701 4659 919 4732 quidem
946 4659 1138 4729 faciat.
1177 4661 1378 4711 Verum
1404 4658 1662 4724 fatemur,
1690 4654 1846 4707 nobis
1896 4653 2064 4721 plane
2107 4669 2218 4708 non
2269 4656 2497 4723 liquere,
2548 4671 2665 4709 esse
2707 4656 2951 4713 Nestarii
2997 4663 3051 4713 ct
3092 4660 3328 4731 Eulychi
3353 4661 3560 4717 nomina
3584 4656 3773 4713 [caelato

440 4752 739 4824 adjectitia
770 4767 788 4803 :
818 4765 969 4812 nam,
1001 4749 1376 4817 praeterquam
1407 4743 1545 4817 quod
1569 4750 1789 4797 exstant
1836 4743 1898 4795 in.
1926 4742 2140 4798 duobus
2189 4742 2466 4798 radicibus
2509 4746 2696 4813 regiis,
2742 4745 2819 4800 ad
2846 4762 3079 4817 quorum
3112 4749 3280 4817 fidem
3311 4750 3423 4805 haec
3447 4748 3643 4805 humilia
3665 4744 3773 4799 (diu

442 4843 553 4915 fuit
570 4858 591 4903 ;
621 4856 745 4895 cum
771 4839 1009 4909 scriptor
1037 4838 1141 4890 iste
1166 4839 1283 4907 post
1314 4834 1492 4888 allata
1521 4848 1621 4885 sea:
1651 4831 2158 4888 [amusium/tarum
2196 4834 2425 4887 nomina
2471 4832 2677 4888 multas
2705 4834 2944 4891 haereses
2975 4842 3257 4908 memoret,
3286 4824 3770 4893 taeilohlereticam

441 4932 684 4998 nomine,
713 4944 765 4982 υ.
797 4944 851 4996 g.
909 4926 1249 4992 nociturum,
1282 4924 1317 4977 Α
1327 4921 1819 4989 pollinaristarum
1847 4918 2197 4989 aliarumque
2228 4934 2250 4979 ;
2288 4935 2422 4974 sane
2452 4921 2685 4976 innuere
2731 4922 2976 4985 videtur,
3004 4940 3349 4997 nequaquam
3391 4928 3495 4980 sibi
3524 4924 3574 4978 id
3595 4916 3771 4977 consilii

441 5020 631 5091 fuisse,
673 5020 736 5071 ut
778 5015 1087 5086 praemissis
1134 5013 1452 5067 nominibus
1499 5010 1750 5078 Simonis,
1792 5007 2108 5074 Marcianis,
2160 5007 2408 5073 Sabellii,
2457 5008 2878 5080 Arii,Nestorii,
2932 5013 3222 5084 Eutychis,
3261 5013 3553 5071 earumdem
3579 5010 3767 5066 omnium

442 5108 676 5164 haereses
704 5102 897 5160 ordine
918 5109 1109 5173 postea
1138 5106 1488 5166 memoraret,
1521 5096 1612 5153 sed
1652 5096 1845 5151 allatis
1894 5103 2130 5167 quatuor
2169 5096 2420 5166 priorum
2447 5097 2751 5167 erroribus,
2783 5098 3023 5170 reliquas
3070 5102 3323 5175 deinceps
3350 5104 3566 5160 haereses
3599 5101 3651 5154 ut
3684 5109 3768 5151 sese

438 5197 728 5253 memoria
754 5193 1057 5263 oﬂerebant
1090 5188 1438 5244 recensuisse.
1495 5185 1646 5255 Quod
1691 5187 1882 5256 utique
1907 5184 2196 5256 prudentis
2242 5186 2459 5241 lertaris
2493 5184 2712 5256 judicio
2750 5189 3128 5260 permittatur.
3180 5191 3257 5247 Ad
3313 5192 3443 5257 hanc,
3473 5189 3574 5245 alia
3598 5190 3766 5242 exstant

513 5413 529 5447 ί
564 5407 753 5468 Galat.
785 5422 863 5476 ιν,
887 5406 944 5462 5.
1014 5370 1043 5438 3
1070 5400 1239 5461 Joan.
1270 5417 1387 5469 xxv,
1419 5400 1508 5456 10.
1585 5400 1606 5435 ³
1637 5398 1784 5456 ibid.
1860 5398 1884 5434 ⁴
1911 5397 2027 5456 Isa.
2059 5413 2118 5456 lx

2300 5398 2322 5434 ⁸
2350 5397 2504 5458 Psal.
2540 5413 2697 5473 nm,
2719 5402 2778 5460 2.
2852 5402 2875 5438 ⁸
2897 5402 3042 5466 Luc.
3073 5420 3114 5478 ι,
3145 5405 3231 5465 32.

508 5624 587 5702 (8)
617 5622 683 5683 In
711 5617 1069 5681 Bibliotheca
1087 5617 1199 5692 PP,
1227 5619 1372 5674 tom.
1405 5615 1451 5691 Ι,
1483 5632 1541 5692 p.
1574 5615 1699 5674 496.
