4026 6204
243 339 364 400 973
1309 334 1638 399 HOMILIA
1681 337 1758 396 ΙΝ
1807 336 1881 397 0(

2002 333 2226 397 ’[ὶὸΙΙΜ
2273 334 2576 397 DUMINI.
3526 334 3647 398 974

245 475 301 528 in
336 473 436 527 hac
456 470 712 539 homilia,
743 484 868 542 qua:
893 477 1020 541 post
1049 469 1284 526 Nestorii
1315 475 1537 526 aztatem
1564 470 1940 537 conscriptam
1968 468 2122 523 illam
2156 473 2436 541 arguant;
2468 473 2526 524 ut
2566 478 2643 526 est
2675 467 2816 524 illud
2840 482 3075 522 numero
3122 467 3154 520 4
3186 482 3199 521 :
3254 464 3352 518 Διὰ
3394 465 3457 520 τὸ
3502 483 3648 540 χρη-

244 558 459 631 ματίσαι
514 562 706 613 τοῦτον
771 557 899 613 Θεὸν
958 558 1048 612 καὶ
1105 558 1409 633 ἄνθρωπον,
1473 555 1594 629 μίαν
1648 553 1698 627 ἐξ
1747 554 2070 634 ἀμφοτέρων
2117 554 2433 628 ὑπόστασιν,
2484 556 2575 611 καὶ
2623 553 2713 611 διὰ
2766 560 2893 629 μιᾶς
2922 553 3124 625 ταύτης
3158 550 3323 631 ἄμφω
3356 557 3523 609 ταῦτα
3559 554 3652 609 καὶ

242 641 373 702 ὄντα
400 647 488 702 καὶ
518 646 948 723 γνωριζόμενον.
1002 650 1067 703 Et
1113 648 1263 720 quod
1316 648 1393 702 sit
1444 663 1561 701 una
1608 650 1759 702 Deus
1809 652 1881 702 att

2017 642 2216 714 homo,
2269 664 2387 703 una
2425 665 2492 703 ex
2540 653 2787 717 utroque
2839 638 3195 719 hyposlasis,
3238 662 3305 701 ac
3334 661 3437 718 per
3478 661 3655 701 unam

239 738 402 795 illam
434 739 527 808 (by
541 739 840 811 postasim)
875 743 1195 809 utrumque
1225 742 1317 793 est
1350 753 1417 792 ac
1467 735 1856 808 dignoscitur.
1887 739 2028 805 Quae
2057 735 2183 791 licet
2213 751 2399 791 revera
2428 739 2502 791 sit
2529 735 2821 791 Athanasii
2843 737 3135 803 sententia,
3168 744 3225 790 at
3258 736 3353 790 vix
3379 749 3658 790 concesse—

241 829 350 883 rim
383 828 746 884 Athanasium
779 826 863 881 his
892 843 1015 882 eam
1045 825 1381 898 explicuisse
1420 826 1616 880 verbis.
1663 823 1914 880 Indicant
1941 828 2073 880 item
2102 827 2160 879 in
2206 827 2509 896 posteriora
2562 825 2802 881 Nestorio
2847 828 3111 896 tempora,
3161 820 3279 895 quae
3326 839 3553 879 numero
3594 823 3661 878 16

241 918 529 983 dicuntur,
563 917 778 972 beatam
808 916 1022 972 scilicet
1059 917 1330 988 Virginem
1360 916 1563 987 ubique
1594 922 1870 969 terrarum
1916 911 2177 967 Θεοτόκον
2228 916 2434 970 vocari.
2485 916 2618 982 Qua:
2662 931 2769 971 vos:
2816 915 3120 970 Athanasio
3169 915 3295 969 licet
3337 917 3523 985 ignota
3548 928 3662 970 non

236 1009 429 1078 fuerit,
456 1010 513 1061 at
539 1022 651 1062 non
683 1012 806 1061 erat
832 1005 949 1077 ejus
993 1020 1110 1061 sevo
1158 1006 1358 1075 ubique
1414 1007 1692 1059 terrarum
1735 1003 2010 1071 evutgata.
2068 1002 2287 1074 Stylum
2341 1005 2392 1057 si
2436 1012 2665 1074 spectes,
2710 1002 2778 1057 ab
2824 1002 3199 1058 Athanasiano
3249 1003 3661 1058 alienissimam

236 1096 456 1167 fateare
484 1110 700 1151 necesse
725 1103 840 1162 est;
884 1110 1009 1149 cum
1063 1093 1211 1166 apud
1257 1094 1655 1159 Athanasium,
1686 1095 1817 1147 teste
1874 1089 2093 1158 Photio,
2122 1106 2333 1162 semper
2369 1093 2631 1161 emineat,
2662 1089 2725 1144 τὸ
2756 1090 3064 1165 ἀπέριττον,
3095 1108 3160 1146 ac
3190 1092 3246 1147 vi
3285 1092 3461 1162 magis
3488 1107 3658 1164 quam

234 1187 390 1257 capia
422 1185 707 1242 verborum
734 1184 829 1241 ille
874 1183 1131 1255 gaudeat.
1161 1183 1407 1255 Scriptor
1435 1189 1619 1238 autem
1670 1182 1775 1236 iste
1824 1180 2076 1250 aliquam
2125 1180 2249 1236 licet
2307 1181 2600 1250 elegantiae
2642 1182 2910 1253 pra/“erat
2955 1181 3210 1252 speciem,
3262 1179 3333 1236 ad
3389 1176 3655 1256 φλυαρίαν

236 1290 407 1346 usque
437 1275 598 1331 verba
628 1288 773 1345 saepe
804 1273 1141 1345 multiplicat
1172 1290 1185 1329 :
1219 1270 1363 1345 quod
1390 1275 1667 1327 neminem
1695 1274 1829 1340 puto
1862 1285 1968 1325 non
2001 1269 2382 1325 adversarum.
2418 1270 2586 1325 Tanta
2616 1271 2844 1341 insuper
2870 1286 3062 1326 vocum
3091 1269 3398 1326 Athanasio
3427 1270 3660 1326 minime

232 1364 620 1434 familiarium
646 1363 803 1435 sylva
834 1362 920 1417 hic
936 1363 1143 1433 passim
1171 1362 1439 1427 occurrit,
1472 1368 1530 1415 ut
1562 1358 1643 1415 vel
1672 1358 1803 1414 hinc
1829 1359 2009 1415 solum
2037 1355 2244 1418 νοθείας
2271 1360 2436 1430 possit
2463 1359 2607 1430 ferri
2625 1358 2907 1430 judicium
2931 1375 2950 1412 :
2980 1363 3040 1413 ut
3076 1368 3223 1426 sunt,
3273 1352 3655 1433 νυμφοστόλος

236 1456 472 1521 Λουκᾶς,
501 1453 987 1526 χοροπατοῦντος,
1020 1447 1366 1527 ἑκφαντορία,
1399 1444 1812 1523 χειραπλοῦντι,
1849 1445 2211 1524 βρεφοφανής,
2267 1451 2629 1524 νεκροερανῶς,
2682 1443 3055 1525 Οεοφύτευτος,
3107 1444 3398 1519 ὀμματόω.
3441 1451 3492 1503 et
3543 1448 3660 1504 alia

235 1544 365 1599 bene
391 1543 597 1608 multa,
629 1558 861 1614 quorum
892 1544 1138 1597 omnium
1172 1541 1281 1596 vim
1308 1549 1359 1597 et
1387 1539 1849 1611 signiﬁcationem
1879 1540 1940 1594 in
1971 1538 2344 1595 Onomastico
2370 1538 2590 1595 videsis.

1413 1826 1543 1883 ΤΟΥ
1579 1828 1667 1881 ΕΝ
1707 1825 1930 1882 ΑΓῙΟΙΣ
1969 1824 2243 1881 ΙΙΑΤΡΟΣ
2283 1828 2478 1879 ΗΜΘΝ

1582 1973 2313 2071 ΑΘΑΝΑΣΙΟΥ

532 2150 757 2207 ΛΟΓΟΣ
798 2153 910 2203 ΕΙΣ
950 2148 1085 2205 ΤΙΙΝ
1125 2148 1460 2205 ΥΠΑΝΤΗΝ
1501 2148 1638 2205 ΤΟΥ
1675 2147 2093 2277 Κϊρὲὲἷὲξολῌ
2133 2148 2328 2216 ΘΕΟΥ,
2370 2148 2494 2205 ΚΑΙ
2535 2149 2853 2206 ΣΩἸἪΡΟΣ
2896 2148 3096 2205 ΗΜΩΝ
3136 2149 3345 2207 ΙΗΣΟΥ

1320 2507 1416 2601 s.
1493 2506 1603 2600 P.
1677 2505 1797 2600 Ν.
1872 2506 2586 2601 ATHANASII

675 2673 898 2731 SERMO
936 2675 1011 2731 IN
1046 2673 1403 2732 OGCURSUM
1446 2672 1678 2729 DOMINI
1720 2674 1843 2729 DEI
1874 2671 1962 2729 AC
1989 2672 2392 2731 SALVATORIS
2428 2673 2669 2732 NOSTRI
2700 2672 2873 2733 JESU
2911 2638 3199 2732 CHRISTI.

293 2964 318 3017 1
374 2959 464 3014 Τὰ
489 2961 587 3028 τῆς
636 2958 920 3035 παρούσης
969 2958 1116 3034 ἱερᾶς
1166 2956 1522 3034 πανηγύρεως
1572 2960 1608 3028 ἡ
1659 2957 1881 3035 εὐαγγε-

2069 2961 2118 3016 1.
2180 2960 2532 3016 Praesentem
2590 2978 2821 3018 sacram
2874 2962 3307 3020 solemnitatem
3371 2966 3645 3036 personet

228 3050 354 3119 λεκή
390 3046 636 3123 σάλπιγξ
664 3046 1001 3124 περιηχείτω
1049 3049 1145 3121 (9)’
1177 3047 1267 3102 καὶ
1314 3045 1440 3109 τοὺς
1471 3051 1550 3119 τῷ
1586 3049 1887 3119 παρθενικῷ

226 3137 361 3211 τῷδε
419 3141 681 3215 νυμφῶνι
741 3134 792 3207 ἐξ
851 3134 1179 3212 εἰλικρινοῦς
1228 3132 1464 3198 διανοίας
1514 3136 1886 3211 παραστάντας

227 3233 375 3303 ἡμᾶς
413 3229 447 3282 ὁ
485 3226 745 3301 μυστικὸς
787 3223 1165 3303 νυμφοστόλος
1217 3230 1426 3287 Λουκᾶς
1472 3225 1607 3299 πρὸς
1645 3226 1745 3293 τὴν
1777 3228 1885 3278 τῶν

229 3315 278 3370 ὲν
318 3316 481 3387 αὐτῷ
526 3314 711 3370 καλῶν
756 3313 1076 3385 κατανόησιν
1123 3314 1203 3373 τῶ
1253 3313 1404 3391 Λόγῳ
1452 3313 1885 3390 χειραγωγεῖτω.

231 3403 367 3462 Οὖδέ
426 3406 535 3480 γὰρ
586 3403 754 3471 ὅσιον,
806 3400 969 3458 αὖτοῦ
1017 3407 1480 3479 χοροστατοῦιτος
1524 3402 1591 3457 τὰ
1636 3403 1752 3458 κατ’
1792 3401 1885 3456 αὐ-

230 3496 326 3564 τὴν
363 3497 512 3567 (10),
567 3489 748 3569 ἕτερόν
808 3513 927 3547 τινα
984 3490 1151 3569 λόγον
1206 3489 1394 3563 ἔξωθεν
1453 3492 1885 3568 παρεισάγεσθαι,

229 3581 515 3657 μηδεμίαν
544 3583 637 3657 μὲν
672 3580 1011 3658 εὐπρέπειαν,
1045 3580 1146 3635 οὐκ
1176 3579 1360 3657 ὀλίγον
1403 3577 1461 3635 δὲ
1508 3580 1675 3654 ταύτῃ
1703 3581 1763 3635 τὸ
1801 3580 1884 3634 αἶ-

228 3692 358 3748 σχος
413 3668 902 3743 περιποιοῦμενον.
955 3671 1043 3732 Ὡς
1093 3670 1220 3744 γὰρ,
1268 3667 1433 3737 ἡλίου
1480 3674 1726 3742 καθαρῶς
1773 3667 1886 3723 ἐπι-

228 3760 579 3834 λάμποντος,
642 3758 845 3834 ματαία
891 3779 974 3820 τις
1028 3763 1063 3828 ἡ
1121 3762 1218 3812 τοῦ
1275 3756 1488 3833 λύχνου
1546 3762 1735 3835 φαῦσις
1793 3756 1882 3812 καὶ

228 3848 548 3926 ἄχρηστος
608 3847 781 3911 οὕτως
842 3844 963 3911 ἔνθα
1018 3852 1253 3919 Λουκᾶς,
1311 3847 1345 3915 ἤ
1406 3845 1577 3909 ἄλλος
1633 3868 1717 3909 τις
1772 3850 1879 3901 τῶν

228 3937 630 4016 εὖαγγελιστῶν
715 3937 1026 4013 ἀπηχήσειε
1058 3980 1073 4005 ,
1129 3942 1231 3998 πᾶς
1304 3934 1463 4010 λόγος
1530 3935 1693 4011 ἀργὸς
1721 3980 1734 4003 ,
1792 3935 1879 3989 καὶ

228 4028 570 4103 προαορής,
600 4025 688 4080 καὶ
720 4024 1003 4096 ἀνόνητος.
1054 4024 1270 4093 Λεγέτω
1324 4021 1389 4093 δὴ
1442 4024 1600 4087 οὗτος
1631 4030 1730 4093 τῆς
1763 4023 1881 4099 ἐορ-

225 4123 322 4187 τῆς
361 4117 437 4172 τὰ
485 4113 856 4190 γνωρίσματα,
887 4114 976 4170 καὶ
1027 4110 1284 4169 δειγνύτω
1332 4112 1529 4183 ταύτην
1582 4115 1692 4185 (11)
1741 4110 1883 4184 μᾶλ-

229 4205 322 4261 λον
352 4210 481 4266 τοῖς
514 4202 824 4281 φιλεόρτοις
854 4205 989 4276 ἡμῖν
1021 4202 1055 4272 ἢ
1087 4207 1204 4264 τοῖς
1234 4200 1638 4278 φιλοπολέμοις
1659 4201 1755 4262 τὰς
1786 4221 1884 4255 πα-

230 4295 480 4369 ρατάξεις
531 4292 586 4346 αἱ
645 4291 956 4368 σάλπιγγες.
1007 4289 1158 4361 Αέξει
1207 4287 1265 4345 δὲ
1307 4289 1519 4352 πάντως
1577 4289 1666 4344 καὶ
1724 4285 1881 4359 δείξει

233 4382 380 4454 μάλα
428 4384 665 4458 τρανῶς,
708 4379 876 4448 ἀκοήν
923 4381 1083 4451 ἡμῶν
1137 4378 1496 4434 ὑποτιθέντων
1544 4377 1880 4453 εὐγνώμονα.

229 4472 335 4527 Καὶ
365 4470 441 4540 δὴ
501 4470 849 4545 προσεκτέον,
893 4469 984 4523 καὶ
1030 4467 1173 4543 πάσῃ
1217 4466 1433 4546 φυλακῇ
1480 4465 1771 4542 τηρητέον,
1796 4464 1884 4521 ’ἱνα

236 4561 332 4633 μὴ,
379 4560 694 4636 κατήγορον
744 4558 834 4612 τὸν
884 4559 1185 4632 συνήγορον
1230 4556 1320 4612 καὶ
1369 4558 1559 4631 κριτὴν
1610 4555 1700 4611 τὸν
1753 4577 1883 4610 παν-

233 4649 543 4722 ηγιριο-τήν
587 4644 947 4723 παραφρὸνως
998 4647 1454 4721 ἀπεργασάμενοι,
1505 4645 1887 4719 μεταμελετῶ-

238 4756 332 4809 μεν
361 4737 485 4809 (l2)
515 4734 596 4791 ἐπ’
626 4734 897 4810 ἐσχάτων,
931 4733 1076 4803 πλὴν
1104 4732 1360 4813 ἀνωφελῆ
1392 4733 1481 4789 καὶ
1513 4733 1767 4803 ἀνόνητα.

303 4827 356 4880 2.
398 4847 429 4876 ‹‹
469 4824 773 4899 Ἀνήγαγον
798 4847 825 4873 ››
858 4823 909 4876 οἱ
958 4828 1137 4897 γονεῖς
1166 4824 1230 4878 τὸ
1263 4820 1472 4877 παιδίον
1509 4824 1719 4892 Ἰησοῦν
1753 4847 1780 4875 ‹‹
1814 4822 1889 4884 εἷς

236 4911 601 4990 Ἰεροσόλυμα
653 4913 991 4988 παραστῆσαι
1041 4915 1120 4983 τῷ
1175 4910 1362 4988 Κυρίῳ
1397 4956 1410 4980 ,
1470 4912 1646 4973 καθὼς
1700 4912 1893 4988 γεγρα-

238 5021 368 5056 πται
418 5001 473 5056 ἐν
524 5000 682 5075 νόμῳ
732 4999 1020 5074 Κυρίου.»
1052 5000 1145 5062 Τίς
1192 5000 1251 5055 ἂν
1302 4999 1542 5078 ἐφίκοιτο
1592 4999 1752 5075 λόγος
1785 5004 1892 5055 τῶν

242 5088 602 5166 λεγομὲνων;
655 5092 822 5152 ΙΙοῖος
882 5093 1006 5150 νοῦς
1067 5088 1119 5144 ἐν
1177 5088 1424 5161 περινοίᾳ
1482 5093 1575 5144 τοῦ
1621 5088 1894 5163 θαύματος

240 5178 590 5256 περιγενηται
630 5176 820 5249 ;Ιῐοία
859 5178 997 5246 ἀκοὴ
1045 5177 1109 5232 τὸ
1164 5174 1451 5253 μεγαλεῖον
1504 5179 1748 5253 χωρήσει
1796 5182 1897 5235 τοῦ

243 5263 590 5344 διηγήματος
626 5287 641 5339 ;
671 5267 743 5322 ’Ὤ
789 5270 895 5322 τῶν
940 5260 1188 5344 φοϐερῶν
1237 5266 1592 5339 ἀκουσμάτων
1618 5267 1630 5322 l
1661 5267 1720 5324 Ὁ
1758 5287 1898 5343 προ-

316 5394 339 5430 ⁷
376 5393 509 5453 Luc.
542 5410 609 5462 ιι,
640 5394 732 5451 22.

322 5516 405 5585 (9)
435 5517 576 5590 Reg.
606 5518 661 5584 2,
692 5535 761 5571 πε
804 5536 854 5587 ιη
906 5519 1064 5572 εἷται.

322 5587 440 5645 (10)
469 5590 555 5645 Ita
585 5588 727 5645 Rea.
762 5534 814 5645 ἵ.
844 5534 1062 5645 ἕοωὴο

321 5587 555 5663 (40))ιρ
585 5588 727 5663 Reg.

244 5658 367 5717 κατ’
402 5657 558 5715 αὐτόν
568 5702 583 5716 .

800 5632 814 5647 .
844 5586 1156 5649 Cbmbeﬁs.
1209 5586 1415 5644 omisit
1460 5587 1546 5644 τά.
1583 5588 1723 5664 Reg.
1749 5589 1807 5659 2,
1837 5586 1905 5644 τὰ
2015 5586 2222 5664 Regi}

1997 3048 2333 3121 evangelica
2363 3049 2522 3105 tuba.
2549 3049 2947 3123 Mysticusque
2967 3052 3307 3124 nuptiarum
3330 3054 3647 3109 adornator

1999 3136 2206 3204 Lucas,
2240 3154 2348 3193 nos
2376 3140 2478 3209 qui
2524 3138 2795 3211 virginali
2844 3139 3049 3196 huicce
3080 3141 3418 3213 nuptiarum
3448 3141 3645 3199 thala-

1997 3241 2093 3280 mo
2124 3243 2269 3297 pura
2294 3232 2488 3282 mente
2518 3227 2902 3296 intersumus,
2927 3228 3118 3284 verbis
3143 3230 3268 3285 suis
3289 3229 3542 3286 deducat
3569 3230 3643 3286 ad

1994 3313 2443 3386 intelligentiam
2504 3314 2791 3371 bonorum
2838 3315 2898 3371 in
2945 3333 3011 3373 eo
3053 3317 3484 3375 exsistentiuiu.
3516 3318 3645 3374 Non

1995 3403 2161 3459 decet
2188 3404 2371 3470 enim,
2402 3405 2475 3459 ad
2524 3420 2593 3460 ea
2621 3404 2890 3460 initiante
2930 3405 3104 3471 Luca,
3147 3406 3328 3462 alium
3362 3407 3644 3464 extrinse-

1995 3509 2099 3547 cus
2141 3493 2451 3547 admittere
2483 3508 2836 3557 sermonem,
2868 3494 3021 3550 unde
3077 3494 3191 3566 ipsi
3239 3495 3467 3551 decoris
3513 3496 3643 3567 qui-

1995 3581 2125 3635 dem
2160 3580 2326 3646 nihil,
2356 3598 2460 3636 nec
2486 3581 2779 3636 modicum
2815 3582 3011 3653 probri
3040 3584 3334 3639 alferatur.
3360 3583 3646 3649 Quemad-

1994 3670 2234 3725 modum
2268 3670 2423 3725 enim
2456 3669 2578 3726 sole
2627 3669 2840 3726 clarius
2870 3670 3121 3737 lucente,
3152 3688 3338 3729 vanus
3381 3671 3640 3729 inutilis-

1993 3776 2106 3829 que
2138 3758 2386 3814 lucerntn
2419 3757 2644 3830 fulgor;
2696 3761 2777 3814 ita
2808 3759 2909 3813 ubi
2942 3761 3143 3829 Lucas,
3175 3768 3278 3817 aut
3320 3760 3452 3833 quis
3483 3760 3639 3817 alius

1990 3846 2477 3918 evangelistarum
2554 3852 2847 3918 personat,
2905 3865 3097 3905 sermo
3160 3850 3352 3920 quivis
3409 3848 3636 3907 otiosus

1992 3937 2147 3993 856
2177 3943 2285 4003 est,
2316 3935 2616 4000 molestus,
2648 3935 3013 4006 inutilisque.
3052 3942 3343 4009 Loquatur
3369 3954 3505 4010 ergo
3536 3939 3636 3995 ille

1993 4032 2057 4081 ut
2097 4043 2203 4081 nos
2251 4026 2322 4080 ad
2373 4022 2705 4079 festivitatis
2758 4024 3023 4080 notitiam
3075 4027 3347 4084 deducat.
3379 4033 3639 4101 Eamque

1994 4114 2161 4169 nobis
2194 4112 2323 4168 festi
2367 4114 2727 4181 uiuentibus,
2775 4114 3033 4184 apertius
3063 4132 3240 4187 quam
3287 4119 3441 4173 tubas
3496 4117 3633 4176 belli

1992 4202 2224 4275 cupidis
2254 4202 2572 4257 instructus
2607 4202 2783 4274 acies,
2816 4204 3105 4261 ostendet.
3135 4205 3313 4263 Plane
3344 4208 3638 4280 loquetur,

1993 4291 2299 4364 perspicue
2317 4290 2385 4345 ad
2396 4291 2631 4345 modum
2654 4293 3150 4361 ostendet,aurem
3174 4296 3345 4351 modo
3367 4296 3643 4354 benevole

1994 4382 2376 4450 praebeamus.
2401 4379 2740 4435 Curandum
2772 4380 2926 4435 enim
2958 4389 3134 4454 atque
3165 4385 3327 4439 omni
3353 4385 3640 4442 sollicitu-

1992 4469 2196 4523 tudine
2218 4467 2639 4535 cavendum,ut
2663 4485 2731 4523 ne
2753 4475 3061 4540 patronum
3087 4478 3647 4544 accusatorem,con-

1996 4557 2468 4628 cionatoremque
2488 4556 2748 4626 judicent
2781 4558 2991 4614 stolide
3011 4560 3646 4635 eftlcientes,pcsniten-

1995 4645 2079 4701 tia
2107 4645 2345 4700 tandem
2379 4644 2514 4700 licet
2542 4643 2738 4701 inutili
2763 4648 2819 4702 et
2847 4646 3211 4706 infructuosa
3238 4651 3543 4710 ducamur.

2072 4826 2125 4879 2.
2163 4843 2190 4875 ιι
2238 4821 2524 4878 Tulerunt
2574 4844 2603 4873 ››
2654 4827 2925 4896 parentes
2977 4841 3224 4897 puerum
3265 4826 3493 4898 Jesum,
3527 4848 3551 4880 ι
3584 4828 3647 4887 in

2000 4911 2350 4979 Jerusalem,
2388 4917 2450 4966 ut
2497 4911 2772 4967 sisterent
2819 4929 2953 4968 eum
3002 4914 3270 4988 Domino,
3314 4919 3470 4974 sicut
3500 4919 3651 4975 scri-

2005 5008 2171 5074 ptum
2205 5006 2295 5057 est
2326 5003 2383 5055 in
2419 5002 2542 5072 lege
2578 5002 2802 5057 Domini
2833 5003 2873 5058 ⁷.
2921 5024 2950 5054 ››
3000 5003 3140 5067 Quis
3197 5024 3391 5064 sermo
3426 5025 3494 5065 ea
3523 5025 3650 5081 qua

2006 5092 2163 5146 dicta
2205 5094 2344 5145 sunt
2395 5092 2794 5160 ussequatur?
2824 5092 2957 5156 Quae
2999 5110 3169 5149 mens
3210 5112 3331 5150 rem
3364 5096 3447 5151 ita
3478 5088 3652 5153 mira-

2007 5179 2183 5236 bilem
2217 5177 2641 5249 complectatur
2660 5178 2687 5233 ?
2719 5179 2862 5243 Quis
2892 5181 3132 5239 auditus
3163 5187 3385 5241 tantam
3409 5185 3659 5258 excipiet

2011 5266 2407 5324 narrationem
2427 5267 2455 5321 ‘l
2483 5266 2527 5321 Ο
2561 5268 2925 5325 tremendam
2954 5268 3303 5329 lectionem!
3348 5273 3660 5347 Antiquior

2084 5515 2308 5596 (lt)‘lta
2334 5514 2643 5596 Combeﬁs.
2676 5517 2975 5596 Duomss.
3002 5520 3250 5596 habent,
3288 5541 3473 5596 ταυτῃ.
3504 5521 3663 5583 Infra

2087 5583 2155 5661 ig.
2179 5583 2222 5642 '2
2274 5603 2378 5659 pro
2408 5583 2698 5660 πολέμοις,
2735 5591 2911 5648 habet
2939 5583 3366 5668 φιλοπολέμοις.

2087 5661 2200 5737 (12)
2227 5633 2372 5734 lies.
2402 5659 2457 5732 2,
2494 5658 2962 5738 μεταμελητῶμεν
2998 5665 3116 5739 μιν.
