4026 6204
364 377 480 434 9'75

1513 372 1575 425 S.
1625 369 2145 430 A'l‘HANASlUS.
2183 404 2257 414 —
2286 371 2595 433 SPUHIA.

3652 384 3757 443 976

368 503 616 573 saeculis,
651 518 870 558 novus:
899 501 998 573 qui
1028 503 1162 556 ante
1199 503 1431 572 tempus
1465 499 1591 570 fuit,
1627 500 1684 554 in
1717 505 2016 572 tempore:

2135 500 2348 563 αιώνιος
2381 502 2712 580 πριόσξεατος·
2768 507 2868 560 ὑπὸ
2912 507 3114 583 χρόνον
3167 511 3194 564 ὁ
3242 511 3499 585 ἄχρονος⁸
3532 510 3581 565 ἓν
3627 500 3759 586 περι-

368 592 427 646 in
483 590 1050 662 circumscriptione,
1117 589 1218 659 qui
1267 587 1815 660 incircumscriptus
1862 592 1951 644 est
2001 605 2015 643 :

371 686 621 736 aeternus
653 680 768 747 ille,
804 679 1000 734 infans
1049 696 1062 734 :
1111 677 1380 749 quodque
1427 679 1748 732 maximum
1782 682 1891 744 est,
1923 678 2021 733 Dei

372 770 576 838 Filius,
602 769 858 824 hominis
881 767 1058 822 Filius
1079 768 1332 822 el‘licitur
1359 773 1531 836 atque
1563 767 2023 832 creditur.Quid-

373 868 527 939 novi,
561 866 700 938 quid
736 866 995 922 insolens
1025 864 1218 919 illud?
1248 868 1381 928 Qum
1416 864 1618 920 isthcec
1660 869 1822 920 tanta
1851 863 2021 920 Verbi

373 974 512 1030 erga
542 974 648 1012 nos
671 954 1075 1026 attemperatio
1094 955 1120 1008 ‘2
1153 954 1440 1010 Tuleruut
1461 958 1730 1026 parentes
1753 970 2021 1025 puerum.

375 1046 521 1111 Quid
557 1046 664 1111 ais,
698 1061 997 1101 sacrorum
1023 1043 1513 1116 evangelistarum
1539 1032 2025 1100 excellentissime

373 1139 430 1190 et
458 1132 931 1205 sapientissime!
968 1131 1111 1197 Quid
1147 1133 1390 1202 profers,
1423 1149 1454 1186 0
1510 1131 1761 1187 caelestis
1799 1132 2024 1204 exposi-

371 1223 551 1278 tionis
581 1225 882 1276 enarrator
911 1225 966 1275 et
997 1219 1278 1292 magister
1299 1220 1326 1274 ?
1369 1221 1518 1286 Quid
1552 1223 1798 1292 profers,
1835 1238 1866 1276 ο
1899 1237 2025 1293 my-

372 1313 518 1367 stice
541 1311 960 1383 cogitationum
974 1309 1227 1381 Spiritus
1250 1309 1610 1381 descriptor?
1633 1316 1710 1366 De
1725 1315 1838 1365 Deo
1852 1312 2028 1366 verba

372 1400 518 1456 facis
537 1405 592 1456 et
613 1400 856 1455 localem
884 1415 1175 1453 memoras
1199 1399 1512 1453 transitum
1537 1399 1707 1454 ?Vin’
1730 1405 2026 1465 tu,natum

372 1506 438 1545 ex
468 1489 727 1562 Virgine,
755 1488 964 1543 Filium
996 1487 1097 1542 Dei
1129 1489 1197 1542 ad
1233 1489 1378 1542 ﬁnes
1412 1505 1600 1560 usque
1630 1494 1795 1544 terrai
1830 1488 2028 1544 decla-

371 1596 519 1643 rare,
567 1595 631 1634 ac
682 1578 944 1632 carnales
994 1577 1052 1630 in
1107 1577 1368 1631 medium
1419 1577 1623 1632 afferre
1682 1583 1958 1650 parentes
2000 1577 2028 1631 ‘I

373 1667 525 1722 Num
563 1667 654 1721 Dei
690 1682 899 1738 parens
930 1664 989 1719 in
1020 1669 1174 1719 terra
1206 1681 1457 1734 usquam
1490 1665 1784 1720 habetur?
1815 1668 1894 1720 An
1927 1682 2030 1737 pa-

375 1760 569 1811 rentes
601 1756 753 1811 Deus
783 1753 1005 1809 habet?
1035 1755 1118 1808 An
1171 1755 1366 1808 infans
1407 1757 1539 1808 est?
1565 1755 1718 1810 Num
1767 1759 2030 1826 gestatur

2133 587 2298 663 λήψει
2331 592 2358 646 ὁ
2389 590 2786 668 ἀπερίληπτοςο
2821 597 2848 649 ὁ
2897 595 3072 660 ἀίδιος
3119 601 3338 669 νήπιος·
3394 601 3455 654 τὸ
3507 600 3758 675 μέγιστον,

2133 679 2160 732 ὁ
2192 677 2315 740 Υἱὸς
2346 684 2442 735 τοῦ
2489 686 2625 736 Θεοῦ
2676 685 2792 746 Υἱὸς
2841 685 3130 758 ἀνθρώπου
3178 687 3266 743 καὶ
3312 688 3516 762 γίνεται
3560 692 3641 744 καὶ
3676 713 3759 745 πι-

2133 767 2370 822 στεύεται
2403 815 2415 827 .
2476 770 2536 823 Τί
2587 771 2647 824 τὸ
2710 772 2850 843 ξένον
2885 822 2900 845 ,
2956 775 3010 829 τί
3069 777 3130 830 τὸ
3187 776 3540 852 παράδοξον;
3596 781 3678 842 Τίς
3730 783 3760 850 ἦ

2131 856 2365 928 τοσαύτη
2415 864 2512 913 τοῦ
2560 856 2745 935 Λόγου
2791 864 2914 934 περὶ
2961 867 3110 938 ἡμᾶς
3175 863 3567 941 συγκατάϐασις
3619 872 3762 942 (13);

2135 947 2439 1022 Ἀνήγαγον
2501 950 2552 1003 οἱ
2609 957 2781 1026 γονεῖς
2833 954 2894 1007 τὸ
2943 951 3183 1012 παιδίον.
3237 955 3302 1010 Τί
3352 954 3554 1032 λέγεις,
3602 957 3763 1013 ὦτῶν

2133 1036 2293 1110 ἰερῶν
2327 1036 2715 1114 εὖαγγελιστῶν
2767 1040 3068 1118 ἐξοχώτατε
3097 1044 3186 1099 καὶ
3233 1047 3516 1120 σοφώτατε
3547 1067 3561 1115 ;
3592 1046 3657 1104 Τί
3684 1046 3768 1103 λέ·

2135 1145 2269 1199 γεις,
2303 1126 2347 1178 ὧ
2403 1133 2503 1195 τῆς
2563 1125 2806 1202 οὐρανίας
2860 1128 3212 1206 ἐκφαντορίας
3271 1131 3507 1208 ἐξηγητὰ
3563 1135 3648 1187 καὶ
3701 1132 3772 1189 3:-

2137 1211 2371 1268 δάσκαλε
2405 1234 2418 1284 ;
2451 1213 2511 1268 Τί
2561 1213 2757 1292 λέγεις,
2808 1219 2852 1272 ὦ
2904 1220 3129 1291 μυστικὲ
3180 1218 3486 1300 λογογράφε
3519 1228 3625 1277 τῶν
3656 1246 3772 1296 νοη-

2141 1301 2322 1376 μάτων
2352 1301 2448 1358 τοῦ
2482 1305 2799 1378 Ιῐνεύματος
2830 1327 2843 1376 ;
2877 1308 3008 1381 Περὶ
3040 1313 3174 1363 Θεοῦ
3219 1306 3463 1385 διαλέγῃ,
3509 1311 3598 1365 καὶ
3634 1333 3773 1367 τοπι-

2136 1400 2239 1462 κῆς
2275 1389 2616 1466 μεταϐάσεως
2652 1395 2921 1468 μέμνησαι
2958 1418 2971 1468 ;
3006 1399 3126 1452 Υἱὸν
3181 1405 3312 1455 Θεοῦ
3361 1401 3453 1455 τὸν
3489 1401 3549 1456 ἐκ
3581 1403 3771 1474 Ιῐαρθέ-

2137 1504 2228 1537 νου
2287 1485 2548 1559 τεχθέντα
2608 1485 2793 1560 βούλει
2837 1484 3194 1564 διατρανῶσαι
3253 1496 3368 1552 τοῖς
3429 1492 3644 1568 πέρασι,
3692 1493 3774 1548 καὶ

2139 1572 2426 1646 σαρκικοὺς
2460 1573 2535 1635 εἷς
2570 1573 2729 1646 μέσον
2761 1578 3023 1652 παράγεις
3067 1584 3240 1654 γονεῖς
3275 1599 3288 1649 ;
3321 1581 3421 1633 Καὶ
3469 1578 3609 1636 ἔστιν
3643 1582 3777 1646 ὅλως

2139 1667 2272 1716 Θεοῦ
2304 1661 2493 1736 γονεὺς
2527 1662 2614 1718 ἐπὶ
2660 1667 2758 1732 τῆς
2801 1673 2903 1739 γῆς
2940 1686 2953 1735 ;
2985 1668 3052 1723 Ἢ
3109 1664 3224 1742 ἔχει
3273 1675 3454 1742 γονεῖς
3508 1671 3634 1733 Θεός
3669 1674 3775 1741 ;⁶Η

2137 1751 2388 1820 νηπιάζει
2422 1751 2549 1813 Θεός
2583 1771 2596 1820 ;
2629 1754 2698 1808 ’Ἠ
2753 1754 3068 1828 βαστάζεται
3101 1756 3202 1810 ὑπὸ
3249 1757 3450 1832 γονέων
3485 1759 3614 1820 Θεός
3649 1781 3662 1828 ;
3692 1759 3774 1823 Τίς

377 1846 531 1900 Deus
564 1862 596 1899 a
627 1843 969 1916 parentibus
997 1846 1018 1897 Ρ
1057 1843 1196 1906 Quis
1233 1860 1424 1898 sermo
1456 1843 1552 1899 ille
1573 1844 1600 1898 ?
1630 1845 1779 1914 quod
1815 1852 2020 1916 myste-

2140 1841 2168 1895 ὁ
2201 1835 2383 1914 λόγος,
2441 1840 2493 1895 τί
2548 1842 2609 1895 τὸ
2673 1845 2967 1918 μυστήριον
3003 1864 3018 1914 ;
3051 1845 3349 1921 Ἀνήγαγον
3413 1849 3465 1902 οἱ
3496 1854 3671 1922 γονεῖς
3718 1850 3775 1904 τὸ

2245 1927 2291 1944 κ,
2409 1929 2468 1944 -..
2620 1927 2643 1942 ,ι
2849 1930 2909 1944 ς,
3167 1934 3182 1944 .
3280 1934 3317 1944 ..
3499 1935 3540 1944 _-
3686 1938 3695 1944 .

379 1935 532 1990 rium
555 1934 582 1988 ‘?
613 1933 900 1988 Tulerunt
928 1938 1200 2004 parentes
1233 1949 1478 2004 puerum
1522 1950 1534 1988 :
1592 1934 1806 2005 quibus
1839 1935 2031 1990 mani-

382 2023 534 2079 bus?
566 2023 782 2094 quibus
807 2026 1102 2093 gestantes
1135 2021 1289 2077 ulnis
1316 2027 1338 2077 P
1369 2023 1653 2077 Tremunt
1701 2023 2026 2095 cherubim,

379 2112 606 2167 vultum
638 2116 909 2167 avertunt
938 2111 1254 2182 seraphim,
1288 2111 1526 2167 horrent
1556 2112 1768 2184 angeli,
1792 2119 2031 2186 stupent

380 2201 737 2274 archangeli,
771 2217 1090 2272 omnesque
1132 2200 1410 2256 cmlorum
1460 2202 1726 2273 virtutes,
1761 2209 1915 2258 metu
1951 2204 2030 2258 fa-

378 2294 523 2346 ciem
557 2293 876 2361 obteguut;
919 2295 975 2345 et
1003 2295 1065 2344 tu
1101 2289 1375 2344 mortales
1408 2290 1638 2349 inducis
1698 2292 2028 2347 materiales

379 2382 476 2453 qui
509 2384 756 2452 gestent,
791 2379 888 2449 qui
921 2385 1210 2448 moveant,
1243 2379 1338 2448 qui
1369 2379 1784 2435 circumferant
1814 2381 1980 2436 illum
2003 2382 2031 2436 ?

377 2470 539 2537 Quod
570 2468 907 2524 miriculum
942 2471 963 2522 i'
992 2467 1127 2530 Qum
1173 2466 1310 2523 res?
1343 2469 1500 2540 quod
1549 2475 1875 2526 arcanum?
1907 2471 2027 2525 Tu-

375 2560 572 2616 lerunt
600 2563 871 2630 parentes
917 2573 1167 2628 puerum
1219 2557 1387 2612 :hazc
1437 2559 1592 2612 enim
1647 2559 1844 2614 dixisti
1893 2577 2026 2614 cum

380 2647 744 2704 nativitatem
796 2646 963 2702 nobis
991 2633 1309 2702 'enarrarcs
1338 2663 1350 2700 :
1385 2663 1453 2701 ea
1481 2647 1695 2718 quippe
1737 2648 1808 2702 de
1851 2665 2026 2704 causa

381 2736 620 2810 angelos
654 2736 958 2801 induxisti,
1006 2741 1209 2790 natum
1245 2735 1419 2789 simul
1453 2741 1509 2790 et
1538 2735 1729 2792 locum
1763 2738 1890 2806 ejus
1920 2755 2030 2809 pa-

380 2828 638 2884 storibus
667 2825 1031 2882 declarantes
1061 2829 1234 2895 atque
1266 2824 1667 2880 renuntiantes
1697 2844 1708 2882 :
1734 2827 2026 2882 caelestem

385 2932 617 2986 quoque
645 2915 806 2970 illam
848 2913 1312 2979 multitudinem,
1345 2913 1462 2968 alta
1507 2931 1644 2969 voce
1674 2914 2026 2972 clamantem

383 3006 547 3062 hisce
603 3005 797 3059 verbis
848 3020 861 3058 :
922 3024 949 3052 «
1006 3001 1203 3056 Gloria
1256 3001 1316 3055 in
1375 3001 1679 3058 altissimis
1710 3004 1847 3071 Deo,
1881 3006 2027 3061 etin

381 3100 537 3151 terra
567 3111 679 3166 pax
705 3094 747 3147 ⁸.
782 3115 809 3142 ››
844 3093 1309 3161 Puerperamque
1340 3090 1648 3160 diligenter
1695 3094 1893 3148 omnia
1922 3095 2026 3150 ob-

381 3186 733 3250 servantem,
757 3197 823 3235 ac
845 3196 978 3234 cum
1001 3177 1352 3250 virginitatis
1383 3179 1703 3248 signaculis
1734 3183 2028 3238 coul‘eren-

376 3270 543 3327 tem?
586 3269 782 3333 Plane,
834 3267 1048 3340 inquit,
1091 3282 1161 3320 ne
1205 3271 1268 3320 tu
1309 3265 1659 3322 miraculum
1703 3271 1896 3336 modo,
1925 3273 2025 3328 sed
2055 3250 2097 3315 C

375 3358 760 3416 meonomiam
793 3371 1025 3428 quoque
1054 3355 1313 3424 respice:
1351 3372 1538 3426 neque
1570 3356 1724 3410 enim
1757 3358 1934 3428 Deus,
1957 3376 2026 3415 ex

371 3454 582 3504 natura
613 3464 740 3514 sua,
775 3445 972 3500 nudus
1006 3449 1067 3498 ut
1100 3443 1292 3498 infans
1326 3450 1584 3513 curatur,
1636 3450 1692 3500 et
1745 3449 2022 3504 maternis

366 3535 872 3594 circumscribitur
915 3533 1070 3588 ulnis
1115 3551 1127 3596 ;
1173 3532 1272 3587 sed
1337 3532 1641 3588 mortalem
1700 3537 2023 3608 assumpsit

364 3633 662 3693 naturam,
695 3625 809 3678 imo
853 3622 1049 3694 potius
1090 3638 1286 3676 revera
1319 3621 1493 3676 homo
1529 3622 1716 3678 factus
1747 3629 1854 3693 est,
1886 3642 2019 3696 pec-

363 3717 476 3772 cati
513 3716 641 3771 licet
672 3730 897 3785 expers.
925 3713 1248 3781 Quomodo,
1273 3729 1458 3782 quave
1488 3713 1709 3767 ratione
1729 3712 1756 3766 ?
1785 3713 2019 3786 Nequeo

363 3807 576 3874 dicere,
610 3805 713 3871 ait,
750 3801 1142 3859 inenarrabile
1174 3801 1390 3871 quippe
1441 3805 1496 3856 et
1545 3819 1786 3872 prorsus
1818 3804 2016 3860 ineu‘a-

363 3895 478 3953 bile
509 3895 656 3952 illud
689 3900 818 3959 est;
853 3910 968 3946 non
1005 3890 1143 3945 mihi
1183 3891 1380 3954 modo,
1413 3907 1611 3944 verum
1647 3891 1757 3962 ipsi
1789 3909 2019 3965 quoque

364 4000 701 4057 puerpcrm;
753 3983 868 4036 imo
901 3997 1090 4050 neque
1122 3979 1234 4050 ipsi
1267 3980 1463 4045 modo,
1507 3979 1827 4035 humanam
1858 3983 2015 4038 enim

363 4079 420 4128 et
443 4073 570 4144 ipsa
602 4075 874 4125 naturam
909 4067 1110 4123 sortita
1142 4071 1249 4134 est,
1282 4067 1516 4121 tametsi
1549 4069 1736 4138 gratia
1764 4070 2016 4127 hominis

361 4159 756 4215 conditionem
793 4159 1126 4226 superante,
1163 4155 1404 4218 donata;
1432 4155 1530 4208 scd
1559 4156 1735 4209 etiam
1763 4158 2013 4212 materiae

359 4247 580 4320 experti
611 4250 852 4314 naturae,
887 4260 1016 4315 qua:
1045 4248 1132 4297 est
1163 4249 1295 4313 post
1329 4244 1575 4311 primam
1611 4244 1816 4313 prima.
1852 4245 2012 4308 Quod

358 4337 408 4393 ei
442 4338 571 4409 ipsa
601 4333 852 4390 materia:
898 4349 1100 4403 expers
1133 4337 1364 4396 natura,
1421 4348 1546 4400 quze
1593 4333 1869 4404 mysterio
1903 4333 2011 4388 mi-

357 4423 652 4492 nistravit,
678 4420 1019 4493 mysterium
1044 4419 1332 4492 ignoravit
1361 4419 1626 4488 omnino,
1653 4421 1790 4492 quid
1815 4422 1956 4477 illud
1978 4441 2012 4478 a

354 4532 446 4570 me
476 4513 822 4569 discendum
856 4510 1142 4582 exposcis,
1178 4507 1439 4573 homine,
1473 4509 1573 4578 qui
1608 4527 1678 4563 ne
1710 4509 1857 4564 illud
1881 4511 2008 4581 qui-

2138 1927 2377 1986 παιδίον.
2409 1929 2553 1984 Τίσιν
2615 1927 2715 2005 ἄρα
2769 1930 3050 2004 παλάμαις
3086 1954 3098 1966 °
3157 1934 3422 2009 ἀγκάλαις
3497 1935 3554 1991 δὲ
3603 1938 3774 1999 ποίαις

2137 2023 2328 2074 τοῦτον
2385 2018 2735 2093 βαστάζοντες
2770 2039 2783 2088 ;
2814 2021 2888 2074 Τὰ
2947 2017 3221 2097 χερουϐἰμ
3271 2026 3480 2098 τρέμει,
3512 2027 3579 2080 τά
3628 2047 3772 2098 aspa-

2139 2108 2246 2184 φὶμ
2301 2107 2712 2185 ἀποστρέφεται,
2776 2108 2994 2185 ἄγγελοι
3047 2111 3380 2188 φρίττουσιν,
3443 2115 3770 2190 ἀρχάγγελοι

2136 2194 2630 2267 καταπλήττονται,
2663 2198 2751 2252 καὶ
2801 2205 2964 2252 πᾶσαι
2997 2201 3049 2253 αἱ
3082 2197 3339 2275 δυνάμεις
3388 2208 3496 2258 τῶν
3539 2202 3769 2278 οὐρανῶν

2137 2281 2291 2364 φόϐῳ
2345 2286 2438 2348 τὰς
2497 2283 2645 2360 ὄψεις
2703 2286 3172 2344 διατακαλῦπτοοσι
3222 2293 3354 2363 (14)·
3404 2292 3493 2346 καὶ
3544 2293 3606 2346 σὺ
3659 2293 3774 2369 βρο-

2134 2375 2261 2436 τοὺς
2316 2373 2546 2452 εἰσάγεις
2603 2375 2822 2436 ένῦλους
2881 2377 3241 2452 βαστάζοντας
3297 2384 3512 2450 τοῦτον,
3569 2382 3656 2436 καὶ
3697 2404 3772 2435 χι-

2134 2469 2356 2527 νοῦντας
2424 2464 2512 2519 καὶ
2595 2465 2948 2540 περιάγοντας
3003 2511 3013 2523 .
3067 2467 3126 2521 Τί
3197 2469 3258 2522 τὸ
3328 2472 3555 2542 (istinc;
3603 2472 3663 2525 Τί
3716 2473 3770 2525 τὸ

2136 2560 2359 2630 πρᾶγμα
2390 2573 2405 2624 ;
2437 2553 2501 2608 Τί
2551 2554 2615 2608 τὸ
2665 2553 2979 2630 ἀπόρρητον
3011 2575 3024 2626 ;
3058 2558 3362 2632 Ἀνήγαγον
3412 2560 3463 2612 οἱ
3511 2566 3686 2634 γονεῖς
3714 2563 3770 2615 τὸ

2135 2641 2366 2698 παιδίονο
2425 2647 2591 2698 ταῦτα
2647 2643 2746 2718 γὲιρ
2807 2641 3014 2719 ἔλεγες,
3078 2645 3138 2700 τὰ
3192 2646 3314 2719 περὶ
3373 2648 3474 2715 την
3532 2650 3768 2723 γέννησιν

2135 2736 2271 2806 ἡμῖν
2322 2733 2570 2808 ἱστορῶν·
2618 2733 2814 2786 τούτου
2859 2735 2960 2808 γὰρ
3013 2734 3171 2809 χάριν
3222 2735 3312 2789 καὶ
3359 2735 3486 2796 τοὺς
3517 2736 3770 2812 ἀγγέλους

2137 2822 2413 2898 εἰσήγαγες
2440 2826 2556 2882 τοῖς
2584 2821 2806 2893 ποιμέσι
2851 2822 2943 2876 τὸν
2993 2821 3150 2877 τόκον
3203 2823 3343 2896 ὁμοῦ
3372 2825 3459 2893 καῖ
3491 2826 3584 2879 τὸν
3613 2827 3766 2880 τόπον

2137 2911 2187 2966 ἐν
2220 2912 2265 2983 ᾧ
2295 2909 2450 2972 οὗτος
2486 2906 2899 2971 ὑποδεικνύντας
2947 2912 3034 2965 καὶ
3089 2909 3533 2987 διαγγέλλοντας·
3567 2917 3663 2985 τήν
3717 2936 3769 2970 τε

2135 2999 2385 3074 οὐρανίαν
2419 2995 2623 3066 ἐκείνην
2664 2995 2877 3067 πληθὺν
2914 3042 2926 3066 ,
2977 2997 3382 3076 μεγαλοφώνως
3428 3003 3663 3075 βοῶσαν,
3687 3003 3767 3058 καὶ

2137 3088 2423 3162 λέγουσαν·
2459 3111 2487 3139 ‹‹
2520 3086 2654 3158 Δόξα
2686 3085 2736 3140 ἐν
2796 3087 3038 3160 ὑψίστοις
3089 3093 3222 3161 Θεῷ,
3272 3090 3361 3143 καὶ
3412 3089 3500 3144 ἐπὶ
3547 3098 3652 3166 γῆς
3700 3092 3766 3145 εἰ·

2139 3180 2300 3254 ρήνη.
2359 3201 2388 3228 ››
2446 3175 2534 3230 καὶ
2590 3176 2690 3244 τὴν
2752 3179 3007 3230 τεκοῦσαν
3064 3177 3234 3231 πάντα
3295 3181 3409 3250 μετ’
3464 3179 3767 3252 ἐπιμελείας

2137 3264 2521 3341 διατηροῦσαν,
2579 3263 2668 3319 καὶ
2724 3271 2842 3327 ταῖς
2897 3272 2995 3335 τῆς
3024 3267 3310 3338 παρθενίας
3347 3275 3599 3346 σφραγῖσι
3642 3292 3768 3344 συμ-

2133 3349 2440 3410 ϐάλλουσαν
2477 3373 2490 3423 ;
2525 3352 2646 3421 Ναὶ,
2680 3352 2833 3428 φησὶ,
2865 3353 2954 3407 καὶ
2991 3355 3064 3427 μή
3118 3355 3251 3430 πρὸς
3279 3356 3339 3410 τὸ
3372 3361 3553 3430 θαῦμα
3587 3358 3764 3430 μόνον,

2132 3443 2276 3498 ἀλλὰ
2327 3443 2415 3498 καὶ
2464 3443 2600 3518 πρὸς
2655 3442 2753 3509 τὴν
2815 3441 3127 3516 οἰκονομίαν
3182 3439 3483 3502 ἀπόϐλεπε.
3539 3446 3620 3504 Uti
3671 3449 3763 3522 γάρ

2131 3533 2260 3594 Θεὸς
2292 3532 2484 3600 οὕτως,
2518 3531 2592 3593 ὡς
2621 3528 2738 3607 ἔφυ,
2789 3532 2996 3605 γυμνὸς
3051 3533 3480 3610 βρεφουργεῖται,
3531 3537 3620 3590 καὶ
3663 3558 3764 3609 μη-

2130 3628 2337 3698 τρικαῖς
2368 3619 2597 3681 ὠλέναις
2647 3619 3102 3698 ἐμπεριγράφεται
3153 3624 3286 3694 (15),
3317 3621 3462 3678 ἀλλὰ
3503 3625 3602 3692 τήν
3641 3626 3762 3701 βρο-

2127 3710 2268 3765 τείαν
2300 3710 2454 3787 φύσιν
2488 3706 2921 3780 ὑπειλημμένος,
2958 3708 3170 3781 μᾶλλον
3218 3707 3275 3764 δὲ
3312 3710 3645 3786 αὐτόχρημα
3667 3721 3757 3782 τῆς

2128 3799 2392 3874 ἁμαρτίας
2427 3797 2600 3874 χωρὶς
2647 3797 2780 3851 κατὰ
2833 3797 3087 3867 ἀλήθειαν
3139 3800 3432 3874 γενόμενος
3472 3803 3756 3877 ἅνθρωπος.

2130 3891 2256 3950 Πῶς
2313 3888 2402 3943 καὶ
2453 3887 2573 3942 τίνα
2601 3885 2800 3961 τρόπον
2837 3905 2851 3956 ;
2884 3886 2994 3941 Οὐκ
3022 3883 3138 3964 ἔχω
3167 3887 3343 3962 λέγειν
3381 3935 3395 3960 ,
3429 3891 3592 3967 φησίν
3629 3910 3642 3922 ο

2129 3976 2291 4052 ῥητον
2339 3977 2438 4053 γὰρ
2497 3980 2676 4047 τοῦτο,
2733 3975 2822 4030 καὶ
2855 3975 3138 4039 παντελῶς
3197 3978 3613 4053 ἀνερμήνευτον,
3670 3980 3760 4035 οὐκ

2126 4065 2249 4139 ἐμοὶ
2289 4072 2469 4140 μόνον,
2503 4063 2649 4120 ἀλλὰ
2688 4065 2776 4119 καὶ
2823 4063 2957 4140 αὐτῇ
2984 4069 3053 4140 τῇ
3101 4067 3346 4140 τεκούσῃ·
3379 4067 3467 4122 καὶ
3512 4069 3572 4123 οὗ
3605 4070 3760 4143 ταύτῃ

2128 4155 2312 4227 μόνον,
2371 4153 2716 4230 ἀνθρωπίνης
2771 4154 2872 4230 γὰρ
2929 4155 3017 4208 καὶ
3050 4155 3182 4225 αὐτὴ
3216 4155 3427 4234 φύσεως
3471 4153 3687 4234 ἔλαχεν,
3720 4159 3759 4212 εἰ

2121 4245 2209 4298 καὶ
2267 4251 2367 4313 τῆς
2427 4244 2558 4316 ὑπὲρ
2618 4244 2902 4318 ἄνθρωπον
2961 4245 3286 4317 κατηξίωται
3345 4248 3458 4316 (16)
3517 4247 3762 4323 χάριτος,

2120 4330 2266 4388 ἀλλὰ
2312 4332 2400 4387 καὶ
2451 4332 2586 4406 αότῇ
2633 4333 2703 4403 τῇ
2752 4329 2903 4404 ἀῦλῳ
2937 4332 3112 4410 φύσει,
3145 4334 3233 4388 καὶ
3274 4335 3468 4410 πρώτῃ
3505 4337 3642 4407 μετὰ
3668 4338 3757 4405 τήν

2118 4424 2363 4496 πρώτην.
2398 4421 2459 4475 Ei
2510 4419 2566 4475 δὲ
2612 4421 2700 4474 καὶ
2753 4419 2919 4484 auio;
2971 4421 3150 4500 φύσις,
3182 4423 3269 4477 καὶ
3319 4423 3454 4492 αὖτὴ
3488 4427 3524 4494 ἡ
3553 4424 3637 4498 τῷ
3666 4447 3762 4499 μυ-

2118 4509 2326 4584 στηρίῳ
2380 4511 2868 4586 καθυπουργήσασα
2923 4511 3204 4573 παντελῶς
3261 4513 3498 4588 ἠγνόησε
3552 4515 3618 4569 τὸ
3672 4537 3760 4588 μυ-

353 4605 485 4660 dem
512 4602 666 4674 quod
687 4600 936 4672 pedibus
957 4597 1234 4665 occurrit,
1252 4598 1609 4668 quandoque
1632 4598 1814 4652 sciam
1839 4598 1862 4652 ?
1886 4605 2008 4666 Quo

2131 4601 2361 4673 ςτήριον,
2394 4604 2510 4661 πῶς
2541 4603 2702 4654 τοῦτο
2735 4601 2863 4674 παρ’
2910 4599 3050 4673 ἐμοῦ
3107 4602 3289 4673 μαθεῖν
3339 4601 3639 4674 ἐπιζητεῖς,
3680 4605 3760 4658 ἀν-

353 4694 527 4749 modo
561 4693 752 4746 factus
782 4689 863 4744 sis
887 4685 1101 4743 homo?
1127 4686 1221 4739 die
1251 4687 1377 4756 ipse
1409 4686 1667 4755 primum
1699 4687 1769 4741 de
1798 4687 2004 4758 teipse,

355 4781 648 4855 quomodo
683 4779 872 4833 tactus
904 4775 985 4831 sis
1008 4775 1269 4840 homo,et
1292 4779 1417 4827 tum
1441 4775 1511 4827 de
1543 4774 1741 4830 divina
1774 4792 2007 4846 quoque

353 4869 754 4926 incarnatione
803 4863 1200 4931 scrutaberis;
1250 4863 1368 4916 imo
1416 4881 1486 4917 ne
1532 4870 1656 4918 tum
1716 4865 2002 4934 quidem:

352 4975 540 5031 neque
571 4957 727 5014 enim
787 4955 835 5009 si
895 4954 1191 5024 generatio
1251 4957 1352 5006 tua
1412 4958 1549 5007 nota
1596 4953 1691 5023 sit,
1725 4959 1781 5008 ct
1811 4953 2006 5012 divina

347 5048 548 5105 statim
605 5046 714 5102 erit
765 5061 776 5099 :
839 5043 1098 5112 alioquin
1150 5047 1305 5096 esset
1360 5040 1487 5112 ipsa
1547 5041 1824 5109 hominis,
1886 5061 2000 5099 non

345 5138 464 5194 Dei.

2119 4689 2341 4764 Θρώπου
2394 4685 2522 4761 μηδ’
2567 4687 2694 4745 αὐτὸ
2742 4689 2804 4744 τὸ
2846 4689 2896 4744 ἰν
2946 4689 3104 4744 ποσὶν
3155 4687 3296 4745 ἔστιν
3344 4690 3434 4745 ὅτε
3463 4693 3758 4765 γινώσκον-

2114 4797 2206 4836 τος
2241 4797 2254 4846 ;
2289 4779 2412 4839 Πῶς
2457 4778 2670 4855 γέγονεν
2721 4776 3004 4853 ἄνθρωπος
3042 4797 3055 4847 ;
3089 4777 3205 4833 εἰπὲ
3251 4778 3314 4834 σὺ
3362 4781 3485 4854 περὲ
3539 4787 3756 4837 σεαυτοῦ

2113 4871 2349 4941 πρῶτον,
2403 4873 2521 4929 πῶς
2571 4869 2798 4942 γέγονας
2845 4865 3153 4943 ἄνθρωπος,
3200 4867 3288 4923 καὶ
3329 4868 3453 4924 τότε
3485 4867 3755 4943 διερευνή-

2114 4976 2224 5017 σεις
2255 4955 2344 5010 καὶ
2375 4955 2496 5030 περὶ
2527 4963 2629 5026 τῆς
2683 4956 2828 5018 Οείας
2875 4957 3215 5030 σαρκώσεως’
3273 4955 3486 5031 μᾶλλον
3530 4956 3587 5014 δὲ
3621 4957 3755 5033 μηδὲ

2111 5044 2251 5098 τότε·
2313 5042 2437 5099 οὐδὲ
2493 5045 2596 5120 γὰρ
2649 5041 3004 5122 έπειὸήπερὴ
3035 5046 3102 5114 ση
3149 5045 3398 5120 γέννησις
3451 5049 3752 5125 γνώριμος,

2108 5129 2217 5203 ἤδη
2250 5133 2339 5187 καὶ
2364 5135 2399 5203 ἡ
2431 5137 2565 5188 Θεοῦ
2599 5152 2610 5164 ·
2645 5134 2681 5203 ἢ
2711 5133 2812 5210 γὰρ
2845 5134 2904 5189 ἂν
2935 5135 3000 5207 ᾖν
3046 5133 3266 5206 κάκείνη
3297 5135 3587 5212 ἀνθρώπου
3621 5185 3638 5212 ,
3668 5138 3752 5193 καὶ

2024 5287 2026 5290 _
2108 5219 2170 5274 οὗ
2201 5227 2354 5277 Θεοῦ.

413 5317 466 5371 3.
498 5313 880 5384 Nequaquam
911 5306 1112 5378 igitur,
1144 5306 1313 5371 illud,
1343 5328 1370 5355 ‹‹
1397 5307 1710 5378 quomodo,
1739 5330 1766 5357 ››
1794 5309 1997 5382 exqui-

417 5468 438 5501 ε
470 5465 609 5522 Luc.
641 5479 702 5532 ιι,
740 5461 826 5516 14.

449 5621 538 5690 13)
567 5618 709 5690 Ηιεεζ
731 5616 787 5685 2,
817 5605 1128 5690 κατάϐασις.

449 5623 538 5690 13)
567 5623 708 5688 Reg.
731 5623 787 5685 2,
817 5623 1128 5672 κατάὸασις.

421 5623 536 5763 ί14)
565 5690 651 5747 Ita
679 5688 821 5761 Reg.
854 5688 908 5743 2.
941 5690 1016 5743 At
1045 5685 1184 5758 Reg.
1219 5682 1272 5757 1,
1303 5681 1834 5743 κατακαλύπτονται.

2175 5313 2227 5367 3.
2263 5308 2470 5368 Οὔκουν
2505 5311 2804 5383 ἐξεταστέον
2833 5312 2920 5386 τὸ,
2953 5337 2981 5365 ι(
3021 5317 3162 5374 πῶς’
3195 5337 3226 5365 n
3257 5312 3368 5388 ὅσῳ
3397 5315 3499 5390 γὰρ
3550 5317 3612 5370 σὺ
3661 5321 3751 5371 τοῦ

2180 5619 2292 5700 (ᾗ)
2324 5619 2420 5700 _S_ic
2439 5619 2659 5700 Βεεη2
2682 5639 2695 5690 ;
2719 5620 2860 5700 flag.
2896 5624 3096 5700 autem
3121 5623 3184 5700 ,1,
3214 5623 3622 5700 περιγράφεται.

2179 5690 2292 5764 (16)
2323 5690 2410 5750 Ita
2437 5690 2580 5766 Reg.
2603 5696 2686 5763 2;
2716 5690 2858 5768 Reg.
2892 5694 2944 5766 1,
2976 5690 3302 5768 κατηξίωτοξ
