4026 6204
269 346 400 406 977

1346 350 1677 411 HOMILIA
1720 351 1796 410 IN
1845 348 2264 410 OCCURSUM
2313 348 2619 408 DOMINI.

3574 350 3693 411 978

275 480 421 532 Θεοῦ
447 476 850 554 ταπεινότερος,
898 482 1143 552 τουοῦτῳ
1172 478 1262 535 καὶ
1320 486 1416 550 τῆς
1474 487 1572 550 σῆς
1628 482 1897 557 γεννήσεω

2010 481 2297 552 .rendum
2329 484 2420 535 cst
2455 497 2468 535 :
2503 484 2721 551 quanto
2751 480 2907 533 enim
2939 484 3003 534 tu
3052 478 3168 534 Deo
3218 479 3473 548 inferior,
3524 484 3688 538 tanto

271 564 716 643 ἆπορῥητοτὲρα,
746 567 837 621 καὶ
869 564 946 622 ἔτι
987 566 1220 641 μᾶλλον,
1252 572 1288 639 ἡ
1321 574 1416 625 τοῦ
1447 576 1601 626 Θεοῦ.
1639 595 1664 623 ι‹
1708 571 1933 644 Ἀνήγα-

270 675 376 730 γον
410 676 430 706 ι
464 655 517 709 οἱ
547 660 729 730 γονεῖς
755 655 818 711 τὸ
846 655 1061 712 παιδίον
1101 659 1311 729 Ἰησοῦν
1345 662 1457 732 (17)
1491 684 1519 712 ‹‹
1573 659 1649 722 ε”ς
1696 654 1927 733 Ἰεροσό-

272 740 453 815 λυμα.
506 768 536 795 ιι
595 743 663 802 Τί
722 766 855 801 ποτε
904 743 1006 817 ἄρα
1055 744 1380 823 δράσοντες;
1433 750 1645 824 Μήτιγε
1673 748 1771 817 τὴν
1829 751 1927 802 τοῦ

272 831 501 907 Ἰσραήλ
545 833 823 909 βασιλείαν
868 835 1366 911 παραληψόμενοις
1415 838 1449 905 ἢ
1502 836 1645 892 ὅπλα
1693 834 1927 913 χαλκεύ-

270 943 482 990 σοντες,
513 923 548 992 ἢ
582 924 806 999 στρατὸν
835 927 1269 1001 συγκινήσοντες,
1300 928 1335 996 ἢ
1378 923 1518 983 ἄλλο
1565 948 1615 981 τι
1662 930 1768 981 τῶν
1820 946 1923 1002 χα-

271 1016 558 1085 μαιπετῶν
638 1013 727 1068 καὶ
797 1013 1146 1088 προσκαίρων
1214 1014 1759 1092 συνεπικερδήσοντες
1843 1020 1922 1088 τῷ

263 1099 465 1170 παιδί;
497 1099 596 1170 Οὔ,
629 1103 812 1182 φησίν
849 1101 992 1160 ἀλλὰ
1018 1129 1045 1157 (ι
1077 1113 1415 1181 παραστῆσαι
1444 1111 1521 1177 τῷ
1556 1105 1758 1181 Κυρίῳ,
1788 1117 1918 1169 καθ-

260 1190 341 1252 ὼς
369 1192 665 1268 γέγραπται
713 1191 766 1247 ἐν
813 1191 972 1267 νόμῳ
1022 1192 1240 1269 Κυρίοο.
1295 1218 1324 1246 ››
1363 1194 1432 1252 Τί
1464 1194 1593 1273 φῂς,
1626 1196 1914 1271 ἅνθρωπε;

254 1279 351 1334 καὶ
386 1276 500 1335 ἔστι
536 1285 632 1335 τοῦ
687 1280 908 1352 ἀληθῶς
957 1279 1091 1338 Θεοῦ⁹
1138 1284 1287 1346 Θεός·
1338 1284 1372 1353 ἢ
1413 1288 1510 1338 10-3
1558 1282 1757 1359 κυρίως
1801 1284 1913 1357 (18)

250 1368 462 1445 Κυρίου
490 1370 688 1446 Κύριος
733 1368 951 1448 ἔτερος;
1004 1373 1181 1441 Ἔστι,
1236 1372 1389 1451 φησὶ,
1439 1372 1528 1428 καὶ
1584 1374 1659 1447 μὴ
1708 1369 1911 1446 δείσῃς·

245 1458 311 1513 οὐ
337 1457 446 1536 γὰρ
497 1460 635 1514 κατᾶ
683 1459 838 1538 φύσιν
883 1465 1072 1531 τοῦτο,
1120 1462 1256 1517 κατά
1297 1464 1458 1539 χάριν
1492 1459 1550 1517 δὲ
1575 1461 1664 1517 καὶ
1698 1461 1910 1516 οἰκονο-

2041 569 2322 625 occultior
2353 569 2448 624 Dei
2479 568 2777 640 generatio
2811 573 2901 624 est
2930 585 3107 640 quam
3139 572 3261 624 tua.
3300 569 3635 626 «Tulerunt
3658 594 3686 622 ››

2040 664 2310 731 parentes
2337 674 2584 730 puerum
2616 658 2817 714 Jesum
2857 678 2885 711 ιι
2913 657 2971 711 ἱη
3004 657 3349 714 Jerusalem.
3378 680 3406 706 ››
3429 658 3576 722 Quid
3604 660 3686 716 fa-

2038 747 2237 803 cturi?
2267 749 2415 805 857
2453 748 2600 802 Num
2636 752 2700 802 ut
2732 747 2962 803 lsraelis
2995 764 3243 819 regnum
3290 749 3687 820 occuparent?

2037 854 2108 892 an
2156 842 2221 892 ut
2266 854 2431 892 arma
2472 836 2865 892 fabricarent?
2894 841 2996 892 aut
3019 838 3335 892 exercitum
3367 838 3687 910 cogerent?

2032 944 2105 983 an
2143 930 2205 981 ut
2236 925 2537 998 quidpiam
2573 925 2728 980 aliud
2764 943 2831 982 ex
2862 925 3080 981 inﬁmis
3111 928 3582 999 ettemporaneis
3607 927 3686 984 lu-

2032 1016 2111 1070 cri
2145 1032 2325 1087 puero
2357 1018 2806 1087 compararent?
2835 1015 3093 1083 Minime,
3126 1016 3353 1087 inquit;
3394 1018 3518 1084 sed,
3552 1039 3581 1068 ‹‹
3615 1022 3681 1073 ut

2029 1104 2308 1159 sisterent
2334 1121 2467 1161 eum
2504 1104 2771 1169 Domino,
2804 1104 2958 1159 sicut
2989 1104 3271 1175 scriptum
3307 1110 3394 1160 est
3441 1105 3501 1160 in
3551 1106 3676 1179 lege

2026 1192 2282 1249 Domini.
2334 1215 2362 1241 ››
2418 1193 2564 1258 Quid
2598 1192 2705 1260 ais,
2741 1210 2772 1248 ο
2804 1193 2980 1248 homo
3001 1193 3031 1248 ?
3060 1196 3224 1248 estne
3254 1194 3383 1263 ejus
3414 1194 3513 1265 qui
3544 1212 3676 1253 vere

2025 1281 2179 1337 Deus
2233 1287 2342 1348 est,
2395 1282 2585 1345 Deus;
2637 1287 2738 1337 aut
2786 1282 2915 1354 ejus
2965 1282 3065 1354 qui
3115 1282 3347 1355 prppria
3390 1283 3673 1342 Dominus

2024 1374 2133 1442 est,
2191 1371 2475 1427 Dominus
2526 1370 2712 1426 alter?
2742 1372 2840 1425 Est
2872 1370 3063 1442 plane,
3097 1388 3203 1426 nec
3234 1370 3363 1427 ideo
3394 1375 3623 1429 metuas
3656 1390 3669 1428 :

2025 1478 2138 1517 non
2172 1467 2261 1517 est
2292 1462 2509 1534 quippe
2538 1477 2639 1533 per
2670 1466 2939 1517 naturam
2972 1460 3139 1529 illud,
3165 1462 3265 1516 sed
3290 1477 3393 1533 per
3420 1462 3670 1534 gratiam

245 1548 382 1621 μίαν
414 1549 518 1618 τήν
551 1550 831 1605 ἀνωτάτω.
868 1552 1075 1627 ’Ὠσπερ
1105 1551 1209 1628 γὰρ
1260 1556 1366 1606 τῶν
1422 1551 1485 1607 οὐ
1523 1551 1725 1629 κυρίως
1782 1552 1897 1605 υίῶπ

2021 1554 2079 1606 et
2126 1567 2444 1623 supernam
2503 1550 2909 1605 oeconomiam.
2960 1550 3467 1616 Quemadmodum
3511 1551 3668 1607 enim

245 1639 446 1713 Πατὴρ
505 1640 535 1693 6
593 1639 724 1701 Θεὸς
782 1637 1017 1715 λέγεται·
1080 1665 1109 1692 ‹‹
1172 1642 1317 1716 Ἐγὼ
1364 1642 1493 1716 γάρ,
1539 1640 1724 1720 φησὶν,
1766 1641 1908 1712 εἶπα,

243 1727 374 1781 Θεοί
438 1725 580 1795 ἔστε,
636 1726 727 1782 καὶ
788 1728 896 1783 υἱοὶ
953 1729 1202 1803 Ὑψίστου
1259 1729 1472 1793 πάντες·
1531 1755 1559 1781 ››
1619 1729 1762 1785 οὓτω
1818 1728 1907 1783 καὶ

243 1820 343 1871 τοῦ
401 1815 612 1893 κυρίως
669 1815 797 1872 rio;
835 1818 971 1873 κατὰ
1018 1818 1173 1897 φύσιν
1218 1819 1533 1893 (ἐμοούσιος
1579 1818 1683 1895 γὰρ
1726 1819 1754 1873 6
1785 1818 1908 1879 Υἱὸς

241 1910 327 1978 τῷ
354 1905 580 1981 Πατρὶ),
607 1906 743 1961 κατὰ
771 1905 932 1983 χάριν
966 1904 1025 1961 δὲ
1073 1909 1162 1963 καὶ
1196 1908 1511 1981 οἷ’κονομίαν
1565 1909 1692 1971 Θεὸς
1742 1908 1902 1983 λὲγε-

241 2014 355 2051 ται.
430 2017 462 2049 ι
518 1990 817 2051 ’Δναϐαίνω
890 1995 1015 2073 γὰρ,
1088 1998 1241 2076 φησὶ,
1319 1998 1454 2074 πρὸς
1523 1998 1614 2053 τὸν
1692 1996 1903 2072 Πατέρα

243 2104 353 2157 μου
383 2084 483 2139 καὶ
515 2083 725 2161 Πατέρα
758 2086 933 2158 ὑμῶν,
967 2086 1054 2141 καὶ
1087 2086 1215 2142 Θεόν
1253 2108 1358 2161 μου
1387 2087 1476 2142 καὶ
1507 2088 1633 2142 Θεὸν
1666 2088 1835 2160 ὑμῶν.
1870 2111 1897 2138 ››

236 2175 409 2228 Ὃτου
472 2171 634 2249 χάριν
696 2198 725 2226 ι(
784 2171 910 2228 οὐδὲ
967 2172 1233 2254 ἀδελφοὺς
1282 2177 1430 2249 ἡμᾶς
1482 2177 1509 2230 6
1561 2176 1685 2231 Υἱὸς
1716 2173 1899 2231 καλεῖν

235 2260 653 2338 ἐπαισχύνεταιο
713 2263 1043 2339 Ἀπαγγελῶ
1099 2264 1223 2340 γάρ,
1277 2265 1432 2344 φησὶ,
1474 2266 1537 2321 τὸ
1568 2262 1747 2340 ὄνομά
1801 2286 1897 2320 σου

230 2356 349 2413 τοῖς
384 2348 649 2426 ἀδελφοῖς
682 2373 814 2425 μου,
844 2352 897 2406 ἐν
935 2352 1085 2426 μέσῳ
1117 2351 1442 2425 Ἐκκλησίας
1478 2356 1707 2428 ὑμνήσω
1753 2376 1830 2413 σε.
1860 2376 1889 2409 ι

231 2464 259 2491 α
292 2441 496 2504 Καθὼς
526 2444 824 2516 γέγραπιαι
858 2440 910 2497 ἐν
940 2441 1098 2516 νόμῳ
1126 2442 1355 2519 Κυρίου.
1392 2468 1419 2495 ››
1454 2447 1521 2499 Ὤ
1549 2452 1650 2515 τῆς
1682 2445 1895 2500 οἰκονο-

231 2528 406 2602 μίαςί
444 2525 491 2584 ὣ
531 2536 632 2601 τῆς
665 2529 1071 2607 ἀνεξιχνιάστου
1103 2533 1225 2607 περὶ
1253 2535 1402 2606 ἡμᾶς
1450 2538 1547 2588 τοῦ
1588 2533 1767 2609 Λόγου
1817 2533 1896 2588 οἰ-

228 2616 503 2691 κονομίας
534 2619 624 2673 καὶ
656 2619 997 2695 ἆγαθὸτητος
1024 2622 1036 2677 l
1095 2622 1157 2678 Ὁ
1201 2620 1505 2695 νομοθέτης
1546 2624 1647 2678 ὑπὸ
1675 2623 1766 2678 τὸν
1800 2624 1891 2679 νό-

233 2724 358 2779 μον
390 2708 423 2762 ὁ
459 2711 564 2763 τῶν
597 2711 907 2765 Μωσαϊκῶν
948 2711 1379 2785 προσταγμάτων
1413 2708 1581 2788 δοτὴρ
1611 2718 1727 2774 τοῖς
1756 2734 1889 2789 προ-

230 2797 626 2869 σταττομένοις
661 2798 987 2854 ὑποκύπτειν
1019 2798 1119 2854 οὐκ
1160 2798 1522 2856 ἀπαναίνεται.
1558 2803 1619 2859 Ὀ
1666 2805 1763 2871 τῆς
1793 2807 1891 2857 τοῦ

227 2886 407 2959 νόμου
444 2886 678 2963 κατάρας
710 2886 1076 2964 ἐλευθερώσας
1106 2890 1196 2944 τὸν
1243 2890 1550 2966 ἄνθρωπον,
1582 2890 1655 2953 ὡς
1686 2889 1890 2966 ἅνθρω-

228 2995 330 3038 πος
368 2976 463 3048 τῷ
491 2975 648 3050 νόμῳ
679 2973 955 3033 δουλεύειν
986 2975 1084 3032 οὐκ
1112 2972 1496 3035 ἀναϐάλλεται.

299 3067 351 3122 4,
408 3088 443 3116 α
482 3066 670 3130 Καθώς
719 3065 833 3121 ἐστι
879 3066 1256 3142 γεγραμμένον
1306 3067 1357 3123 ἐν
1404 3067 1557 3143 νόμῳ
1607 3070 1824 3144 Κυρίου.
1860 3097 1888 3125 ››

229 3151 325 3215 Τίς
354 3155 386 3208 6
425 3153 660 3228 γράψας,
708 3153 829 3225 τίς;
889 3161 943 3210 '0
976 3156 1194 3230 Κύριος.
1236 3156 1360 3234 Οὐχ
1405 3160 1481 3221 εἷς
1530 3158 1618 3213 καὶ
1668 3161 1694 3214 6
1728 3156 1889 3223 αὐτός

2020 1656 2223 1695 eorum
2274 1640 2374 1711 qui
2429 1656 2540 1694 non
2592 1644 2732 1695 sunt
2783 1639 3013 1712 proprie
3071 1638 3173 1693 ﬁlii
3230 1643 3401 1695 Pater
3453 1640 3672 1697 dicitur

2019 1728 2174 1785 Deus
2207 1728 2394 1784 :Nam
2446 1749 2474 1777 «
2526 1728 2662 1800 Ego,
2711 1727 2812 1798 ait,
2858 1727 2974 1782 dixi
3029 1745 3042 1783 :
3094 1727 3184 1783 Dii
3242 1728 3405 1795 estis,
3456 1733 3514 1784 et
3562 1729 3667 1785 lilii

2019 1817 2242 1873 Excelsi
2275 1833 2480 1872 omnes
2502 1818 2555 1885 9;
2583 1840 2610 1865 n
2646 1817 2727 1872 ita
2756 1834 2985 1888 quoque
3014 1815 3174 1871 illius
3205 1818 3303 1889 qui
3335 1819 3660 1873 secundum

2014 1911 2288 1962 naturam
2320 1905 2499 1961 Filius
2530 1909 2619 1961 est
2650 1904 3196 1978 (consubstantialis
3217 1907 3370 1961 enim
3394 1911 3481 1963 est
3502 1907 3659 1963 Patri

2011 1994 2236 2068 Filius),
2262 2011 2363 2067 per
2389 1996 2638 2067 gratiam
2671 1999 2866 2051 autem
2896 2000 2953 2052 et
2973 1997 3379 2067 oeconomiam,
3404 2001 3554 2053 Deus
3575 1999 3656 2055 di-

2010 2086 2245 2140 citur:«
2268 2084 2532 2140 Ascendo
2564 2083 2973 2156 enim,inquit,
3007 2086 3079 2140 ad
3110 2089 3339 2142 Patrem
3373 2103 3568 2144 meum
3600 2093 3657 2145 et

2008 2174 2238 2230 Patrem
2261 2177 2736 2244 vestrum,Deum
2765 2190 2962 2229 meum
2986 2178 3044 2230 et
3062 2175 3245 2231 Deum
3268 2181 3527 2234 vestrum
3553 2178 3651 2233 ιθ.»

2007 2266 2371 2336 Quapropter
2393 2286 2421 2313 «
2445 2280 2560 2319 non
2584 2263 2963 2319 confunditur
2986 2264 3165 2320 Filius
3189 2282 3295 2320 nos
3317 2283 3519 2323 vocare
3541 2269 3654 2325 fra-

2004 2352 2230 2421 tres,ait
2244 2351 2399 2408 enim
2422 2368 2435 2407 :
2458 2352 2752 2409 Nuntiabo
2772 2370 2984 2409 nomen
3002 2357 3170 2410 tuum
3188 2354 3465 2413 fratribus
3484 2357 3652 2424 meis,

2003 2442 2063 2497 in
2087 2441 2278 2497 medio
2302 2441 2567 2497 Ecclesia
2596 2440 2849 2498 laudabo
2880 2447 2956 2498 te.
2983 2465 3012 2492 »
3030 2475 3100 2484 —
3123 2466 3151 2494 «
3173 2444 3335 2499 Sicut
3365 2446 3653 2519 scriptum

2002 2535 2093 2587 est
2124 2531 2184 2586 in
2218 2530 2340 2604 lege
2373 2530 2602 2587 Domini
2636 2533 2702 2587 ιι.
2737 2553 2764 2581 ››
2793 2530 2836 2586 Ο
2884 2532 3302 2590 oeconomiam!
3354 2551 3386 2590 ο
3433 2534 3653 2607 imper-

2002 2620 2386 2676 scrutabilem
2435 2620 2609 2675 Verbi
2659 2637 2799 2693 erga
2846 2637 2952 2677 nos
2984 2621 3353 2678 clementiam
3387 2641 3453 2680 ac
3482 2625 3650 2681 boni-

1998 2710 2208 2766 tatem!
2244 2709 2565 2782 Legislator
2593 2710 2704 2767 sub
2735 2710 2859 2782 lege
2881 2729 2893 2766 :
2913 2711 3300 2768 Mosaicorum
3334 2712 3481 2770 lator
3511 2730 3649 2785 prae-

1998 2806 2322 2872 ceptorum,
2356 2819 2472 2857 non
2504 2806 2735 2858 recusat
2778 2802 2925 2874 ipsis
2973 2804 3274 2874 subjacere
3323 2806 3649 2878 praeceptis.

1999 2890 2104 2954 Qui
2131 2909 2165 2946 a
2195 2891 2340 2964 legis
2372 2892 2681 2947 maledicto
2713 2892 3011 2948 hominem
3043 2892 3332 2959 liberavit,
3359 2912 3475 2950 non
3508 2912 3649 2952 cun-

1998 2984 2192 3035 ctatur
2222 2981 2332 3051 ipsi
2364 2981 2476 3052 legi
2508 2987 2571 3035 ut
2602 2982 2777 3038 homo
2804 2983 3041 3038 servire.

2072 3070 2126 3125 4.
2162 3093 2189 3120 (ι
2217 3070 2379 3125 Sicut
2410 3071 2693 3142 scriptum
2728 3077 2817 3126 est
2844 3070 2904 3126 in
2934 3070 3061 3143 lege
3089 3072 3341 3129 Domini.
3391 3097 3418 3124 ››
3470 3074 3646 3140 Quis-

2000 3175 2137 3213 nam
2164 3163 2255 3214 est
2279 3160 2380 3231 qui
2412 3158 2687 3231 scripsit?
2718 3161 2865 3231 quis,
2900 3162 3165 3233 inquam,
3196 3163 3643 3220 estPDominus.

232 3240 371 3297 ἐστιν
409 3240 599 3315 οὗτος,
633 3244 660 3298 6
693 3242 787 3298 σὺν
814 3244 984 3321 Ηατρὶ
1021 3229 1113 3301 καὶ
1167 3229 1438 3320 Πνεύματι
1489 3244 1886 3323 δοξάζομενοςς

2010 3247 2202 3303 Nonne
2232 3229 2385 3303 unus
2414 3229 2587 3320 atque
2624 3250 2671 3304 is
2712 3229 2839 3320 ipse
2886 3229 2998 3321 est,
3043 3251 3142 3322 qui
3194 3268 3328 3307 cum
3374 3253 3543 3310 Patre
3590 3258 3648 3309 et

230 3331 350 3389 Ναὶ.
389 3331 579 3410 φησίν·
614 3331 760 3388 ἀλλὰ
790 3340 890 3404 τῆς
940 3333 1258 3409 οἷκονομίας
1305 3341 1486 3407 τοῦτο,
1539 3336 1629 3391 καὶ
1678 3336 1775 3393 τοῦ
1809 3339 1885 3412 μή

228 3421 565 3494 νομισθῆναι
623 3427 743 3484 τοῖς
800 3422 1205 3500 χριστομάχοις
1264 3424 1524 3488 ἀντίθεος.
1561 3449 1589 3478 (ι
1645 3428 1738 3497 Μὴ
1798 3448 1884 3483 νο-

233 3508 436 3581 μίσητε
489 3511 618 3586 γὰρ,
676 3511 863 3589 φησὶν,
924 3510 1008 3568 ὅτι
1060 3512 1233 3583 ἦλθον
1292 3512 1589 3570 καταλῦσαι
1644 3517 1736 3571 τὸν
1794 3516 1884 3571 νό-

236 3620 332 3670 μον
363 3600 405 3669 ﬁ
459 3599 588 3662 τοὺς
639 3602 946 3680 προφήτας·
1006 3601 1106 3659 οὐκ
1150 3600 1321 3673 ἦλθον
1367 3603 1687 3675 καταλῦσαι,
1740 3603 1887 3661 ἀλλὰ

232 3686 559 3765 πληρῶσαι.
598 3710 625 3742 ο
663 3690 758 3745 Δαί
786 3687 841 3745 τί
894 3691 1041 3762 ξένον
1088 3691 1134 3746 εἰ
1186 3694 1214 3747 ὁ
1260 3693 1505 3769 γέννησιν
1556 3694 1645 3749 καὶ
1680 3694 1882 3772 φάτνην

234 3778 319 3831 καὶ
377 3776 683 3853 σπάργανα,
741 3779 831 3834 καὶ
888 3782 1196 3856 περιτομὴν
1256 3780 1677 3856 καταδεξάμενος
1731 3784 1887 3840 ὀκτα-

236 3866 475 3943 ήμερον,
508 3865 598 3921 καὶ
628 3875 964 3944 παραστῆναι
1015 3865 1186 3925 ἔναντι
1235 3871 1433 3948 Κυρίου
1480 3872 1615 3927 κατᾶ
1659 3873 1749 3928 τὸν
1794 3869 1883 3927 νό-

238 3976 333 4029 μον
367 3956 575 4012 ἄνεισιν
610 3956 686 4018 εἰς
716 3956 1089 4034 Ἰεροσόλυμα·
1133 3958 1193 4021 ὅς
1222 3980 1286 4035 γε
1312 3965 1569 4016 τοσοῦτον
1623 3961 1721 4016 οὐκ
1768 3960 1885 4017 ἐπι-

232 4043 567 4100 καλύπτεται
594 4044 830 4116 τούτοις,
866 4044 948 4101 ὅτι
978 4048 1068 4102 καὶ
1096 4052 1178 4120 τῷ
1212 4047 1461 4126 Στεφάνῳ
1502 4048 1885 4107 λιθολευστου-

245 4131 393 4205 μένῳ
430 4133 567 4208 πρὸς
593 4130 870 4191 Ἰουδαίων
913 4132 975 4191 ἐκ
1023 4133 1210 4207 δεξεῶν
1263 4136 1468 4193 ἑστῶτα
1520 4144 1617 4193 τοῦ
1678 4140 1886 4216 Πατρὸς

236 4220 522 4300 ἐμφανίζει
555 4221 765 4293 ἑαυτὸν,
794 4222 972 4280 καίτοι
1006 4225 1244 4298 μονίμην
1278 4222 1422 4302 ἔχων
1452 4229 1547 4297 τήν
1593 4227 1652 4283 ἐκ
1699 4226 1883 4300 δεξιῶν

232 4312 438 4368 τούτου
468 4310 729 4390 καθέδραν
762 4315 849 4369 καὶ
884 4313 1243 4374 ἀδιάπτωτον.
1279 4342 1307 4370 ‹‹
1342 4319 1475 4375 Eine
1522 4318 1646 4394 γὰρ,
1698 4320 1881 4397 φησὶν,

235 4400 263 4455 6
317 4401 522 4478 Κύριος
578 4407 659 4474 τῷ
717 4402 900 4479 Κυρίῳ
961 4426 1087 4476 μου.
1148 4405 1329 4462 Κάθου
1386 4406 1445 4462 ἐκ
1518 4405 1700 4481 δεξιῶν
1757 4430 1882 4482 μου,

231 4486 333 4553 ἓως
364 4490 431 4546 ἂν
461 4492 538 4545 θῶ
566 4492 694 4553 τοὺς
752 4490 981 4569 ἐχθρούς
1042 4515 1138 4549 σου
1196 4493 1493 4552 ὑποπόδιον
1548 4501 1655 4552 τῶν
1698 4495 1882 4554 ποδῶν

1997 3337 2215 3409 Spiritu
2265 3336 2669 3409 glorificatur?
2698 3339 2903 3409 Etiam,
2935 3339 3161 3410 inquit;
3194 3342 3294 3395 sed
3327 3341 3469 3398 illud
3503 3360 3647 3400 ceco-

1996 3426 2206 3483 nomia:
2239 3431 2348 3495 est,
2382 3431 2439 3481 et
2465 3442 2536 3482 ne
2567 3426 2835 3483 Christus
2864 3427 3122 3484 inimicis
3151 3430 3276 3486 suis
3308 3448 3439 3487 esse
3458 3432 3648 3489 videa-

1997 3520 2094 3572 tur
2158 3513 2421 3585 ἀντίθεος,
2468 3515 2524 3570 id
2584 3519 2694 3585 est,
2756 3517 2872 3573 Deo
2930 3518 3319 3575 adversarius.
3374 3543 3394 3570 α
3458 3521 3648 3578 Nolite

1994 3605 2151 3662 enim
2214 3610 2441 3677 putare,
2499 3606 2712 3678 inquit,
2773 3607 2911 3677 quia
2967 3609 3223 3663 venerim
3284 3608 3503 3665 solvere
3559 3610 3642 3667 le-

1994 3712 2127 3768 gem
2159 3700 2262 3751 aut
2295 3695 2612 3767 prophetas
2646 3712 2659 3750 :
2695 3712 2808 3751 non
2840 3695 2972 3751 veni
3003 3696 3247 3768 solvere,
3299 3698 3398 3753 sed
3451 3699 3641 3755 adim-

1995 3784 2151 3857 plere
2200 3785 2262 3838 1³.
2315 3808 2337 3836 ι
2393 3784 2539 3848 Quid
2590 3800 2760 3855 porro
2812 3784 3050 3850 mirum,
3080 3785 3129 3838 si
3163 3785 3212 3840 is
3242 3786 3343 3857 qui
3374 3787 3640 3845 nativita-

1994 3877 2137 3943 tem,
2172 3888 2447 3945 praesepe,
2482 3889 2730 3944 pannos,
2782 3872 3288 3929 circumcisionem
3338 3880 3468 3946 post
3514 3878 3641 3934 dies

1994 3966 2123 4019 octo
2152 3961 2410 4027 admisit,
2431 3961 2480 4016 is
2512 3963 2634 4032 ipse
2662 3960 2790 4016 sisti
2822 3960 3067 4017 Domino
3100 3964 3423 4020 secundum
3456 3963 3641 4038 legem

1994 4050 2243 4107 voluerit
2272 4050 2330 4105 in
2364 4048 2690 4105 Jerusalem
2728 4066 2741 4104 :
2776 4050 2876 4122 qui
2909 4054 3138 4105 tantum
3169 4052 3337 4107 abest
3385 4058 3448 4109 ut
3494 4056 3642 4127 ipsis

1995 4139 2173 4195 latere
2200 4138 2359 4209 velit,
2385 4143 2449 4193 ut
2479 4138 2774 4210 Stephano
2806 4156 2839 4194 a
2867 4138 3086 4195 Judaeis
3111 4139 3391 4212 lapidato,
3415 4148 3581 4201 stans
3611 4163 3646 4201 a

1993 4228 2211 4284 dextris
2243 4227 2434 4283 Patris
2465 4228 2557 4283 sui
2579 4227 2950 4299 apparuerit;
3002 4245 3341 4303 quanquam
3368 4233 3643 4291 stabilem

1995 4322 2455 4391 perpetuamque
2485 4334 2519 4372 a
2547 4317 2766 4373 dextris
2796 4318 2924 4389 ejus
2954 4318 3131 4374 habet
3158 4321 3359 4376 sedem
3396 4338 3409 4378 :
3442 4343 3470 4373 ‹‹
3496 4325 3646 4380 Dixit

1992 4407 2174 4473 enim,
2205 4406 2415 4478 inquit,
2449 4404 2736 4462 Dominus
2768 4405 3015 4462 Domino
3046 4422 3197 4474 meo,
3238 4409 3374 4465 sede
3422 4428 3455 4466 a
3508 4412 3642 4469 dex-

1994 4497 2103 4553 tris
2136 4496 2282 4552 meis
2315 4512 2327 4550 :
2365 4495 2546 4552 donec
2579 4513 2792 4567 ponam
2825 4496 3094 4553 inimicos
3137 4502 3273 4555 tuos
3321 4499 3643 4557 scabellum

238 4599 351 4634 σου.
388 4603 422 4631 η
454 4577 611 4636 Ἀλλ’
657 4564 984 4654 ἐκεῖνοτμὲν
1044 4580 1155 4638 ἅνω
1205 4584 1294 4638 καὶ
1344 4586 1556 4656 θεῖκῶς,
1608 4591 1769 4642 τοῦτο
1832 4585 1888 4643 δὲ

2010 4586 2212 4659 pedum
2259 4589 2496 4641 tuorum
2555 4564 2616 4639 ιδ.
2676 4607 2705 4635 ››
2756 4586 2866 4641 Sed
2901 4585 3045 4640 illud
3077 4586 3339 4660 quidem,
3370 4606 3645 4661 superne,

237 4667 383 4724 κάτω
415 4668 504 4724 καὶ
535 4669 901 4743 οἰκονομικῶς
933 4668 1024 4726 διά
1066 4673 1166 4741 τήν
1199 4668 1531 4747 πρόσληψιν,
1589 4675 1676 4730 καὶ
1706 4673 1795 4731 διὰ
1821 4676 1884 4731 τὸ

240 4757 584 4844 χρηματίσαι
613 4762 807 4814 τοῦτον
835 4755 964 4814 Θεόν
990 4760 1079 4814 καὶ
1111 4759 1420 4837 ἄνθρωπον,
1457 4763 1579 4835 μίαν
1626 4764 1677 4835 ἐξ
1707 4765 1886 4844 ἀμφο-

239 4845 406 4922 τέρων
437 4842 749 4903 ὑπὸστασινο
780 4847 870 4903 καὶ
925 4844 1014 4903 διὰ
1074 4856 1200 4923 μιᾶς
1253 4850 1453 4920 ταύτης
1503 4848 1668 4931 ἄμφω
1698 4842 1887 4921 ταῦτα,

240 4936 324 4990 καὶ
357 4931 485 4991 ὄντα
515 4936 603 4992 καὶ
634 4932 1062 5012 γνωριζόμενον·
1121 4937 1208 4993 ἰνα
1235 4943 1304 5014 τῇ
1354 4943 1612 5013 κοινωνίᾳ
1649 4948 1755 4998 τῶν
1789 4942 1886 5021 φύ-

240 5043 368 5079 σεων
439 5024 528 5080 καὶ
597 5029 705 5080 τῶν
765 5024 979 5081 οἰκείων
1032 5025 1255 5089 ταύταις
1316 5025 1629 5103 ἰδιωμάτων
1691 5031 1890 5107 ῥᾴστην

237 5113 369 5184 ἡμῖν
424 5112 513 5169 καὶ
573 5113 993 5189 συντομωτάτην
1050 5115 1150 5183 τήν
1200 5116 1472 5192 σωτηρίαν
1522 5123 1887 5197 περιποιήση-

240 5222 345 5258 ται.

306 5293 361 5349 5.
393 5317 422 5344 ‹‹
461 5293 588 5350 ’Ότι
627 5296 730 5347 πᾶν
791 5288 950 5369 ἄρσεν
1006 5288 1283 5370 διανοῖγον
1349 5298 1558 5374 μήτραν
1613 5293 1763 5374 ἅγιον
1813 5302 1891 5370 τῷ

1995 4680 2052 4731 et
2082 4679 2280 4748 utpote
2311 4675 2501 4743 Deus;
2534 4674 2642 4731 hoc
2673 4679 2871 4731 autem
2902 4674 3131 4731 inferne
3161 4681 3219 4731 et
3265 4695 3369 4749 per
3414 4696 3644 4736 (sceno-

1996 4764 2174 4819 miam
2226 4768 2549 4837 assumptis
2599 4769 2842 4831 naturis,
2892 4768 2950 4819 et
3000 4764 3155 4835 quod
3200 4764 3279 4821 sit
3326 4783 3444 4822 una
3491 4768 3646 4824 Deus

1994 4858 2169 4925 atque
2220 4853 2394 4909 homo
2449 4870 2461 4907 :
2514 4857 2571 4908 et
2618 4869 2736 4908 una
2781 4869 2850 4908 ex
2882 4857 3131 4925 utroque
3164 4852 3500 4926 hypostasis
3534 4875 3547 4914 :
3581 4875 3647 4914 ac

1996 4959 2101 5015 per
2126 4959 2305 4998 unam
2337 4941 2496 4997 illam
2528 4942 2918 5015 (hypostasiu)
2945 4947 3264 5015 utrumque
3290 4960 3419 5001 esse
3441 4945 3649 5021 digno-

1997 5031 2212 5099 scitur;
2246 5036 2313 5086 ut
2344 5035 2683 5087 naturarum
2725 5031 3158 5101 communione,
3191 5037 3366 5104 atque
3395 5037 3652 5107 proprie-

1997 5125 2184 5177 tatum
2211 5119 2285 5177 iis
2317 5119 2800 5192 competentium,
2832 5120 3174 5177 facillimam
3208 5123 3377 5181 nobis
3407 5140 3475 5181 ao
3521 5126 3651 5183 bre-

1998 5210 2241 5267 vissimo
2272 5209 2620 5282 compendio
2651 5208 2903 5266 salutem
2937 5210 3297 5268 conciliaret.

2069 5301 2125 5356 5.
2159 5320 2184 5351 α
2219 5299 2367 5366 Quia
2394 5313 2569 5354 omne
2599 5297 2995 5355 masculinum
3028 5300 3376 5374 adaperiens
3396 5301 3653 5376 vulvam,

319 5465 342 5502 '
369 5464 521 5524 Paal.
554 5481 748 5535 υκαι,
774 5466 831 5522 6.
911 5465 957 5503 ¹⁰
985 5464 1153 5522 Joau.
1182 5483 1277 5540 xx,
1311 5468 1398 5523 17.
1476 5469 1517 5506 ¹¹
1548 5469 1724 5527 Hebr.
1760 5489 1823 5542 ιι,
1856 5472 1897 5527 1ί

2012 5473 2067 5526 2.
2146 5472 2191 5508 ¹²
2221 5470 2430 5527 Matth.
2464 5487 2519 5543 v,
2555 5472 2641 5526 17.
2721 5471 2766 5507 ¹³
2798 5468 2950 5527 Psal.
2982 5487 3105 5539 cxx,
3139 5473 3190 5527 1.

339 5626 458 5704 (17)
480 5626 571 5704 It_a_
598 5626 752 5704 _Reg.
904 5626 1143 5704 ’Iqaoiiv_
1165 5627 1350 5704 deest,
1375 5628 1436 5686 in
1483 5629 1625 5704 Reg.
1659 5632 1711 5689 1.
1766 5632 1903 5690 Mox

263 5696 403 5771 Reg.
428 5698 484 5770 2,
516 5696 751 5776 M16117?
783 5699 927 5774 Reg.
958 5696 982 5757 Ι
1019 5704 1079 5758 et
1104 5699 1389 5774 Combef.,
1421 5696 1689 5779 Μήτοῖγε,

2082 5634 2196 5705 (18)
2231 5630 2432 5705 Κύριος
2463 5634 2629 5691 deest
2657 5633 2717 5689 in
2750 5633 2891 5707 Reg.
2922 5636 2976 5688 2.
