  <div class='ocr_page' id='page_1' title='image "/cluster/home/n/w/nwhite01/storage/ocr_20150623/28/hvd.32044052794351/496.png"; bbox 0 0 4026 6204; ppageno 0'>
   <div class='ocr_carea' id='block_1_1' title="bbox 227 396 341 461">
    <p class='ocr_par' dir='ltr' id='par_1_1' title="bbox 227 396 341 461">
     <span class='ocr_line' id='line_1_1' title="bbox 227 396 341 461; baseline -0.018 0"><span class='ocrx_word' id='word_1_1' title='bbox 227 396 341 461; x_wconf 77' lang='grc'>981</span> 
     </span>
    </p>
   </div>
   <div class='ocr_carea' id='block_1_2' title="bbox 1303 393 2572 461">
    <p class='ocr_par' dir='ltr' id='par_1_2' title="bbox 1303 393 2572 461">
     <span class='ocr_line' id='line_1_2' title="bbox 1303 393 2572 461; baseline -0.006 -2"><span class='ocrx_word' id='word_1_2' title='bbox 1303 400 1639 461; x_wconf 77' lang='lat' dir='ltr'>HOMILIA</span> <span class='ocrx_word' id='word_1_3' title='bbox 1682 400 1758 460; x_wconf 87' lang='lat' dir='ltr'>IN</span> <span class='ocrx_word' id='word_1_4' title='bbox 1809 395 2225 459; x_wconf 73' lang='lat' dir='ltr'>OCCURSUM</span> <span class='ocrx_word' id='word_1_5' title='bbox 2274 393 2572 454; x_wconf 80' lang='lat' dir='ltr'>DOMINl.</span> 
     </span>
    </p>
   </div>
   <div class='ocr_carea' id='block_1_3' title="bbox 3527 386 3647 447">
    <p class='ocr_par' dir='ltr' id='par_1_3' title="bbox 3527 386 3647 447">
     <span class='ocr_line' id='line_1_3' title="bbox 3527 386 3647 447; baseline 0.008 -1"><span class='ocrx_word' id='word_1_6' title='bbox 3527 386 3647 447; x_wconf 81' lang='lat'>982</span> 
     </span>
    </p>
   </div>
   <div class='ocr_carea' id='block_1_4' title="bbox 229 518 1866 608">
    <p class='ocr_par' dir='ltr' id='par_1_4' title="bbox 229 529 1866 608">
     <span class='ocr_line' id='line_1_4' title="bbox 229 529 1866 608; baseline 0.001 -24"><span class='ocrx_word' id='word_1_7' title='bbox 229 529 504 595; x_wconf 75' lang='grc' dir='ltr'>θυσιάσων</span> <span class='ocrx_word' id='word_1_8' title='bbox 535 529 842 608; x_wconf 72' lang='grc' dir='ltr'>ἀνέρχεται,</span> <span class='ocrx_word' id='word_1_9' title='bbox 891 535 1109 607; x_wconf 81' lang='grc' dir='ltr'>πρῶτον</span> <span class='ocrx_word' id='word_1_10' title='bbox 1159 532 1251 606; x_wconf 75' lang='grc' dir='ltr'>μὶν</span> <span class='ocrx_word' id='word_1_11' title='bbox 1306 531 1649 608; x_wconf 73' lang='grc' dir='ltr'>εὖρεθήσεται</span> <span class='ocrx_word' id='word_1_12' title='bbox 1698 534 1866 608; x_wconf 61' lang='grc' dir='ltr'>κυρῶν</span> 
     </span>
    </p>
   </div>
   <div class='ocr_carea' id='block_1_5' title="bbox 1980 518 3644 608">
    <p class='ocr_par' dir='ltr' id='par_1_5' title="bbox 1993 518 3644 592">
     <span class='ocr_line' id='line_1_5' title="bbox 1993 518 3644 592; baseline -0.006 -6"><span class='ocrx_word' id='word_1_13' title='bbox 1993 546 2225 587; x_wconf 88' lang='lat' dir='ltr'>crucem</span> <span class='ocrx_word' id='word_1_14' title='bbox 2254 545 2383 585; x_wconf 89' lang='lat' dir='ltr'>sese</span> <span class='ocrx_word' id='word_1_15' title='bbox 2402 522 2801 583; x_wconf 81' lang='lat' dir='ltr'>immolando?</span> <span class='ocrx_word' id='word_1_16' title='bbox 2823 523 2982 591; x_wconf 86' lang='lat' dir='ltr'>Quod</span> <span class='ocrx_word' id='word_1_17' title='bbox 3013 523 3059 578; x_wconf 89' lang='lat' dir='ltr'>si</span> <span class='ocrx_word' id='word_1_18' title='bbox 3086 518 3496 577; x_wconf 81' lang='lat' dir='ltr'>immolaturus</span> <span class='ocrx_word' id='word_1_19' title='bbox 3518 520 3644 592; x_wconf 88' lang='lat' dir='ltr'>ipse</span> 
     </span>
    </p>
   </div>
   <div class='ocr_carea' id='block_1_6' title="bbox 224 619 1875 699">
    <p class='ocr_par' dir='ltr' id='par_1_6' title="bbox 224 619 1875 699">
     <span class='ocr_line' id='line_1_6' title="bbox 224 619 1875 699; baseline 0.001 -25"><span class='ocrx_word' id='word_1_20' title='bbox 224 639 283 675; x_wconf 83' lang='grc' dir='ltr'>τε</span> <span class='ocrx_word' id='word_1_21' title='bbox 311 619 405 674; x_wconf 85' lang='grc' dir='ltr'>καὶ</span> <span class='ocrx_word' id='word_1_22' title='bbox 468 624 720 675; x_wconf 80' lang='grc' dir='ltr'>συνιστῶν</span> <span class='ocrx_word' id='word_1_23' title='bbox 772 624 939 675; x_wconf 80' lang='grc' dir='ltr'>ταῦτα</span> <span class='ocrx_word' id='word_1_24' title='bbox 996 623 1130 695; x_wconf 79' lang='grc' dir='ltr'>ἅπερ</span> <span class='ocrx_word' id='word_1_25' title='bbox 1188 621 1348 685; x_wconf 80' lang='grc' dir='ltr'>αὐτὸς</span> <span class='ocrx_word' id='word_1_26' title='bbox 1406 620 1586 693; x_wconf 72' lang='grc' dir='ltr'>οὗτος,</span> <span class='ocrx_word' id='word_1_27' title='bbox 1640 624 1775 699; x_wconf 88' lang='grc' dir='ltr'>πρὸς</span> <span class='ocrx_word' id='word_1_28' title='bbox 1814 622 1875 677; x_wconf 82' lang='grc' dir='ltr'>τὸ</span> 
     </span>
    </p>
   </div>
   <div class='ocr_carea' id='block_1_7' title="bbox 224 708 1873 786">
    <p class='ocr_par' dir='ltr' id='par_1_7' title="bbox 224 708 1873 786">
     <span class='ocr_line' id='line_1_7' title="bbox 224 708 1873 786; baseline 0.002 -23"><span class='ocrx_word' id='word_1_29' title='bbox 224 714 476 780; x_wconf 77' lang='grc' dir='ltr'>κρεῖττον</span> <span class='ocrx_word' id='word_1_30' title='bbox 546 708 773 783; x_wconf 81' lang='grc' dir='ltr'>ἀμεῖψαι</span> <span class='ocrx_word' id='word_1_31' title='bbox 826 710 1168 786; x_wconf 71' lang='grc' dir='ltr'>παρεγένετοο</span> <span class='ocrx_word' id='word_1_32' title='bbox 1227 708 1410 767; x_wconf 77' lang='grc' dir='ltr'>ἔπειτα</span> <span class='ocrx_word' id='word_1_33' title='bbox 1467 710 1524 768; x_wconf 71' lang='grc' dir='ltr'>δὲ</span> <span class='ocrx_word' id='word_1_34' title='bbox 1579 712 1667 768; x_wconf 84' lang='grc' dir='ltr'>καὶ</span> <span class='ocrx_word' id='word_1_35' title='bbox 1715 710 1873 773; x_wconf 79' lang='grc' dir='ltr'>αὐτὸς</span> 
     </span>
    </p>
   </div>
   <div class='ocr_carea' id='block_1_8' title="bbox 225 792 1872 875">
    <p class='ocr_par' dir='ltr' id='par_1_8' title="bbox 225 792 1872 875">
     <span class='ocr_line' id='line_1_8' title="bbox 225 792 1872 875; baseline 0.002 -22"><span class='ocrx_word' id='word_1_36' title='bbox 225 792 370 853; x_wconf 82' lang='grc' dir='ltr'>ἔσται</span> <span class='ocrx_word' id='word_1_37' title='bbox 396 801 508 852; x_wconf 81' lang='grc' dir='ltr'>τῶν</span> <span class='ocrx_word' id='word_1_38' title='bbox 534 796 758 853; x_wconf 79' lang='grc' dir='ltr'>πολλῶν</span> <span class='ocrx_word' id='word_1_39' title='bbox 791 797 889 868; x_wconf 69' lang='grc' dir='ltr'>εἷς,</span> <span class='ocrx_word' id='word_1_40' title='bbox 924 796 1196 855; x_wconf 74' lang='grc' dir='ltr'>δουλεύων</span> <span class='ocrx_word' id='word_1_41' title='bbox 1227 804 1295 875; x_wconf 77' lang='grc' dir='ltr'>τῇ</span> <span class='ocrx_word' id='word_1_42' title='bbox 1332 805 1422 856; x_wconf 80' lang='grc' dir='ltr'>τοῦ</span> <span class='ocrx_word' id='word_1_43' title='bbox 1453 801 1618 875; x_wconf 85' lang='grc' dir='ltr'>νόμου</span> <span class='ocrx_word' id='word_1_44' title='bbox 1648 797 1872 872; x_wconf 74' lang='grc' dir='ltr'>κατάρᾳ.</span> 
     </span>
    </p>
   </div>
   <div class='ocr_carea' id='block_1_9' title="bbox 225 885 1873 967">
    <p class='ocr_par' dir='ltr' id='par_1_9' title="bbox 225 885 1873 967">
     <span class='ocr_line' id='line_1_9' title="bbox 225 885 1873 967; baseline 0.001 -25"><span class='ocrx_word' id='word_1_45' title='bbox 225 886 325 942; x_wconf 79' lang='grc' dir='ltr'>Καὶ</span> <span class='ocrx_word' id='word_1_46' title='bbox 356 886 508 949; x_wconf 88' lang='grc' dir='ltr'>τίνος</span> <span class='ocrx_word' id='word_1_47' title='bbox 539 885 701 963; x_wconf 82' lang='grc' dir='ltr'>χάριν</span> <span class='ocrx_word' id='word_1_48' title='bbox 733 889 762 942; x_wconf 93' lang='lat'>6</span> <span class='ocrx_word' id='word_1_49' title='bbox 796 885 1010 951; x_wconf 80' lang='grc' dir='ltr'>Παῦλός</span> <span class='ocrx_word' id='word_1_50' title='bbox 1039 910 1218 967; x_wconf 63' lang='grc' dir='ltr'>φησιν,</span> <span class='ocrx_word' id='word_1_51' title='bbox 1253 889 1337 945; x_wconf 80' lang='grc' dir='ltr'>ὅτι</span> <span class='ocrx_word' id='word_1_52' title='bbox 1388 914 1414 941; x_wconf 83' lang='grc' dir='ltr'>ι(</span> <span class='ocrx_word' id='word_1_53' title='bbox 1448 891 1676 965; x_wconf 75' lang='grc' dir='ltr'>Χριστὸς</span> <span class='ocrx_word' id='word_1_54' title='bbox 1724 892 1873 962; x_wconf 72' lang='grc' dir='ltr'>ἡμᾶς</span> 
     </span>
    </p>
   </div>
   <div class='ocr_carea' id='block_1_10' title="bbox 224 970 1871 1055">
    <p class='ocr_par' dir='ltr' id='par_1_10' title="bbox 224 970 1871 1055">
     <span class='ocr_line' id='line_1_10' title="bbox 224 970 1871 1055; baseline 0.002 -27"><span class='ocrx_word' id='word_1_55' title='bbox 224 970 549 1050; x_wconf 72' lang='grc' dir='ltr'>ὲξηγόρασεν</span> <span class='ocrx_word' id='word_1_56' title='bbox 584 975 644 1030; x_wconf 81' lang='grc' dir='ltr'>ἐκ</span> <span class='ocrx_word' id='word_1_57' title='bbox 669 982 772 1045; x_wconf 77' lang='grc' dir='ltr'>τῆς</span> <span class='ocrx_word' id='word_1_58' title='bbox 800 978 1033 1051; x_wconf 79' lang='grc' dir='ltr'>κατάρας</span> <span class='ocrx_word' id='word_1_59' title='bbox 1064 982 1159 1033; x_wconf 74' lang='grc' dir='ltr'>τοῦ</span> <span class='ocrx_word' id='word_1_60' title='bbox 1190 978 1392 1053; x_wconf 83' lang='grc' dir='ltr'>νόμου;</span> <span class='ocrx_word' id='word_1_61' title='bbox 1429 1006 1449 1035; x_wconf 78' lang='grc' dir='ltr'>ι</span> <span class='ocrx_word' id='word_1_62' title='bbox 1487 981 1556 1037; x_wconf 82' lang='grc' dir='ltr'>’Ἡ</span> <span class='ocrx_word' id='word_1_63' title='bbox 1600 979 1707 1055; x_wconf 76' lang='grc' dir='ltr'>οὐχ</span> <span class='ocrx_word' id='word_1_64' title='bbox 1738 978 1871 1055; x_wconf 74' lang='grc' dir='ltr'>ὑπὲρ</span> 
     </span>
    </p>
   </div>
   <div class='ocr_carea' id='block_1_11' title="bbox 221 1061 1869 1145">
    <p class='ocr_par' dir='ltr' id='par_1_11' title="bbox 221 1061 1869 1145">
     <span class='ocr_line' id='line_1_11' title="bbox 221 1061 1869 1145; baseline 0.001 -26"><span class='ocrx_word' id='word_1_65' title='bbox 221 1068 317 1119; x_wconf 75' lang='grc' dir='ltr'>τοῦ</span> <span class='ocrx_word' id='word_1_66' title='bbox 352 1063 591 1139; x_wconf 65' lang='grc' dir='ltr'>βρέφους</span> <span class='ocrx_word' id='word_1_67' title='bbox 620 1068 827 1134; x_wconf 84' lang='grc' dir='ltr'>ταῦτα;</span> <span class='ocrx_word' id='word_1_68' title='bbox 860 1061 960 1123; x_wconf 74' lang='grc' dir='ltr'>Οῧ.</span> <span class='ocrx_word' id='word_1_69' title='bbox 1013 1067 1228 1145; x_wconf 69' lang='grc' dir='ltr'>φήσειεν</span> <span class='ocrx_word' id='word_1_70' title='bbox 1281 1067 1364 1136; x_wconf 81' lang='grc' dir='ltr'>ἂν,</span> <span class='ocrx_word' id='word_1_71' title='bbox 1412 1068 1501 1123; x_wconf 83' lang='grc' dir='ltr'>καὶ</span> <span class='ocrx_word' id='word_1_72' title='bbox 1553 1066 1701 1141; x_wconf 60' lang='grc' dir='ltr'>μάλα</span> <span class='ocrx_word' id='word_1_73' title='bbox 1751 1088 1869 1142; x_wconf 81' lang='grc' dir='ltr'>γεν-</span> 
     </span>
    </p>
   </div>
   <div class='ocr_carea' id='block_1_12' title="bbox 218 1151 1874 1235">
    <p class='ocr_par' dir='ltr' id='par_1_12' title="bbox 218 1151 1874 1235">
     <span class='ocr_line' id='line_1_12' title="bbox 218 1151 1874 1235; baseline 0.002 -28"><span class='ocrx_word' id='word_1_74' title='bbox 218 1152 380 1215; x_wconf 88' lang='grc' dir='ltr'>ναίως</span> <span class='ocrx_word' id='word_1_75' title='bbox 412 1153 443 1207; x_wconf 98' lang='lat'>6</span> <span class='ocrx_word' id='word_1_76' title='bbox 462 1151 1010 1230; x_wconf 77' lang='grc' dir='ltr'>εὖαγγελιστής,ἆλλ’</span> <span class='ocrx_word' id='word_1_77' title='bbox 1032 1156 1164 1232; x_wconf 68' lang='grc' dir='ltr'>ὑπὲρ</span> <span class='ocrx_word' id='word_1_78' title='bbox 1188 1163 1287 1227; x_wconf 86' lang='grc' dir='ltr'>τῆς</span> <span class='ocrx_word' id='word_1_79' title='bbox 1308 1158 1370 1212; x_wconf 86' lang='grc' dir='ltr'>τὸ</span> <span class='ocrx_word' id='word_1_80' title='bbox 1397 1156 1592 1235; x_wconf 70' lang='grc' dir='ltr'>βρέφος</span> <span class='ocrx_word' id='word_1_81' title='bbox 1614 1156 1874 1227; x_wconf 75' lang='grc' dir='ltr'>τεκούσης</span> 
     </span>
    </p>
   </div>
   <div class='ocr_carea' id='block_1_13' title="bbox 218 1239 1869 1321">
    <p class='ocr_par' dir='ltr' id='par_1_13' title="bbox 218 1239 1869 1321">
     <span class='ocr_line' id='line_1_13' title="bbox 218 1239 1869 1321; baseline 0 -22"><span class='ocrx_word' id='word_1_82' title='bbox 218 1241 466 1317; x_wconf 77' lang='grc' dir='ltr'>Μητρός.</span> <span class='ocrx_word' id='word_1_83' title='bbox 502 1242 601 1297; x_wconf 78' lang='grc' dir='ltr'>Καὶ</span> <span class='ocrx_word' id='word_1_84' title='bbox 630 1246 794 1298; x_wconf 77' lang='grc' dir='ltr'>τοῦτο</span> <span class='ocrx_word' id='word_1_85' title='bbox 817 1239 988 1313; x_wconf 84' lang='grc' dir='ltr'>δῆλον</span> <span class='ocrx_word' id='word_1_86' title='bbox 1021 1246 1130 1319; x_wconf 77' lang='grc'>(24)</span> <span class='ocrx_word' id='word_1_87' title='bbox 1162 1244 1222 1301; x_wconf 80' lang='grc' dir='ltr'>ἐκ</span> <span class='ocrx_word' id='word_1_88' title='bbox 1247 1249 1355 1301; x_wconf 81' lang='grc' dir='ltr'>τῶν</span> <span class='ocrx_word' id='word_1_89' title='bbox 1398 1243 1596 1302; x_wconf 74' lang='grc' dir='ltr'>ἄνωθεν</span> <span class='ocrx_word' id='word_1_90' title='bbox 1648 1244 1869 1321; x_wconf 67' lang='grc' dir='ltr'>εἰρημέ-</span> 
     </span>
    </p>
   </div>
   <div class='ocr_carea' id='block_1_14' title="bbox 218 1332 1868 1412">
    <p class='ocr_par' dir='ltr' id='par_1_14' title="bbox 218 1332 1868 1412">
     <span class='ocr_line' id='line_1_14' title="bbox 218 1332 1868 1412; baseline 0.002 -27"><span class='ocrx_word' id='word_1_91' title='bbox 218 1350 343 1385; x_wconf 86' lang='grc' dir='ltr'>νων·</span> <span class='ocrx_word' id='word_1_92' title='bbox 399 1356 429 1383; x_wconf 81' lang='grc' dir='ltr'>ιι</span> <span class='ocrx_word' id='word_1_93' title='bbox 479 1333 606 1387; x_wconf 65' lang='lat' dir='ltr'>&quot;Ore</span> <span class='ocrx_word' id='word_1_94' title='bbox 642 1333 770 1408; x_wconf 70' lang='grc' dir='ltr'>γάρ,</span> <span class='ocrx_word' id='word_1_95' title='bbox 825 1332 1011 1411; x_wconf 77' lang='grc' dir='ltr'>φησίν,</span> <span class='ocrx_word' id='word_1_96' title='bbox 1043 1332 1392 1406; x_wconf 73' lang='grc' dir='ltr'>ἐπλήσθησαν</span> <span class='ocrx_word' id='word_1_97' title='bbox 1427 1335 1481 1390; x_wconf 75' lang='grc' dir='ltr'>αἱ</span> <span class='ocrx_word' id='word_1_98' title='bbox 1513 1336 1713 1412; x_wconf 79' lang='grc' dir='ltr'>ἡμέραι</span> <span class='ocrx_word' id='word_1_99' title='bbox 1770 1338 1868 1391; x_wconf 77' lang='grc' dir='ltr'>τοῦ</span> 
     </span>
    </p>
   </div>
   <div class='ocr_carea' id='block_1_15' title="bbox 217 1419 1864 1497">
    <p class='ocr_par' dir='ltr' id='par_1_15' title="bbox 217 1419 1864 1497">
     <span class='ocr_line' id='line_1_15' title="bbox 217 1419 1864 1497; baseline 0.001 -22"><span class='ocrx_word' id='word_1_100' title='bbox 217 1420 561 1496; x_wconf 80' lang='grc' dir='ltr'>καθαρισμοῦ</span> <span class='ocrx_word' id='word_1_101' title='bbox 600 1419 787 1491; x_wconf 75' lang='grc' dir='ltr'>αὐτῆς,</span> <span class='ocrx_word' id='word_1_102' title='bbox 819 1421 1094 1497; x_wconf 73' lang='grc' dir='ltr'>ἀνήγαγον</span> <span class='ocrx_word' id='word_1_103' title='bbox 1141 1423 1203 1478; x_wconf 81' lang='grc' dir='ltr'>τὸ</span> <span class='ocrx_word' id='word_1_104' title='bbox 1246 1420 1458 1478; x_wconf 79' lang='grc' dir='ltr'>παιδίον</span> <span class='ocrx_word' id='word_1_105' title='bbox 1510 1423 1585 1485; x_wconf 79' lang='grc' dir='ltr'>εἰς</span> <span class='ocrx_word' id='word_1_106' title='bbox 1640 1422 1864 1497; x_wconf 82' lang='grc' dir='ltr'>Ἱεροσὸ-</span> 
     </span>
    </p>
   </div>
   <div class='ocr_carea' id='block_1_16' title="bbox 221 1507 1871 1588">
    <p class='ocr_par' dir='ltr' id='par_1_16' title="bbox 221 1507 1871 1588">
     <span class='ocr_line' id='line_1_16' title="bbox 221 1507 1871 1588; baseline 0.001 -23"><span class='ocrx_word' id='word_1_107' title='bbox 221 1507 365 1581; x_wconf 81' lang='grc' dir='ltr'>λυμα</span> <span class='ocrx_word' id='word_1_108' title='bbox 420 1515 766 1586; x_wconf 78' lang='grc' dir='ltr'>παραστῆσαι</span> <span class='ocrx_word' id='word_1_109' title='bbox 825 1514 906 1583; x_wconf 79' lang='grc' dir='ltr'>τῷ</span> <span class='ocrx_word' id='word_1_110' title='bbox 973 1511 1174 1587; x_wconf 84' lang='grc' dir='ltr'>Κυρίῳ,</span> <span class='ocrx_word' id='word_1_111' title='bbox 1232 1513 1410 1575; x_wconf 82' lang='grc' dir='ltr'>καθὼς</span> <span class='ocrx_word' id='word_1_112' title='bbox 1468 1512 1770 1588; x_wconf 72' lang='grc' dir='ltr'>γέγραπται</span> <span class='ocrx_word' id='word_1_113' title='bbox 1818 1510 1871 1566; x_wconf 81' lang='grc' dir='ltr'>ἐν</span> 
     </span>
    </p>
   </div>
   <div class='ocr_carea' id='block_1_17' title="bbox 216 1597 1868 1680">
    <p class='ocr_par' dir='ltr' id='par_1_17' title="bbox 216 1597 1868 1680">
     <span class='ocr_line' id='line_1_17' title="bbox 216 1597 1868 1680; baseline 0.002 -29"><span class='ocrx_word' id='word_1_114' title='bbox 216 1597 368 1670; x_wconf 86' lang='grc' dir='ltr'>νόμῳ</span> <span class='ocrx_word' id='word_1_115' title='bbox 400 1597 634 1672; x_wconf 85' lang='grc' dir='ltr'>Κυρίου·</span> <span class='ocrx_word' id='word_1_116' title='bbox 669 1621 697 1649; x_wconf 74' lang='grc' dir='ltr'>ι)</span> <span class='ocrx_word' id='word_1_117' title='bbox 725 1603 887 1655; x_wconf 75' lang='grc' dir='ltr'>τοῦτο</span> <span class='ocrx_word' id='word_1_118' title='bbox 917 1600 1042 1677; x_wconf 83' lang='grc' dir='ltr'>περὶ</span> <span class='ocrx_word' id='word_1_119' title='bbox 1088 1605 1187 1657; x_wconf 79' lang='grc' dir='ltr'>τοῦ</span> <span class='ocrx_word' id='word_1_120' title='bbox 1238 1601 1489 1680; x_wconf 71' lang='grc' dir='ltr'>βρέφους·</span> <span class='ocrx_word' id='word_1_121' title='bbox 1549 1626 1576 1654; x_wconf 88' lang='grc'>‹‹</span> <span class='ocrx_word' id='word_1_122' title='bbox 1625 1602 1715 1658; x_wconf 85' lang='grc' dir='ltr'>καὶ</span> <span class='ocrx_word' id='word_1_123' title='bbox 1770 1605 1868 1657; x_wconf 78' lang='grc' dir='ltr'>τοῦ</span> 
     </span>
    </p>
   </div>
   <div class='ocr_carea' id='block_1_18' title="bbox 219 1684 1865 1769">
    <p class='ocr_par' dir='ltr' id='par_1_18' title="bbox 219 1684 1865 1769">
     <span class='ocr_line' id='line_1_18' title="bbox 219 1684 1865 1769; baseline 0.002 -26"><span class='ocrx_word' id='word_1_124' title='bbox 219 1684 396 1743; x_wconf 77' lang='grc' dir='ltr'>δοῦναι</span> <span class='ocrx_word' id='word_1_125' title='bbox 456 1689 645 1767; x_wconf 72' lang='grc' dir='ltr'>Θυσίαν</span> <span class='ocrx_word' id='word_1_126' title='bbox 702 1691 839 1745; x_wconf 86' lang='grc' dir='ltr'>κατὰ</span> <span class='ocrx_word' id='word_1_127' title='bbox 893 1690 956 1745; x_wconf 78' lang='grc' dir='ltr'>τὸ</span> <span class='ocrx_word' id='word_1_128' title='bbox 1013 1691 1307 1769; x_wconf 70' lang='grc' dir='ltr'>εἰρημένον</span> <span class='ocrx_word' id='word_1_129' title='bbox 1365 1692 1419 1746; x_wconf 77' lang='grc' dir='ltr'>ἐν</span> <span class='ocrx_word' id='word_1_130' title='bbox 1462 1692 1615 1765; x_wconf 84' lang='grc' dir='ltr'>νόμῳ</span> <span class='ocrx_word' id='word_1_131' title='bbox 1647 1692 1865 1769; x_wconf 85' lang='grc' dir='ltr'>Κυρίου,</span> 
     </span>
    </p>
   </div>
   <div class='ocr_carea' id='block_1_19' title="bbox 221 1773 1866 1858">
    <p class='ocr_par' dir='ltr' id='par_1_19' title="bbox 221 1773 1866 1858">
     <span class='ocr_line' id='line_1_19' title="bbox 221 1773 1866 1858; baseline 0.003 -27"><span class='ocrx_word' id='word_1_132' title='bbox 221 1779 398 1853; x_wconf 78' lang='grc' dir='ltr'>ζεῦγος</span> <span class='ocrx_word' id='word_1_133' title='bbox 428 1773 734 1853; x_wconf 75' lang='grc' dir='ltr'>τρυγόνων,</span> <span class='ocrx_word' id='word_1_134' title='bbox 762 1780 797 1848; x_wconf 78' lang='grc' dir='ltr'><strong>ἢ</strong></span> <span class='ocrx_word' id='word_1_135' title='bbox 832 1776 928 1834; x_wconf 77' lang='grc' dir='ltr'>δύο</span> <span class='ocrx_word' id='word_1_136' title='bbox 957 1780 1213 1843; x_wconf 72' lang='grc' dir='ltr'>νεοσσοὺς</span> <span class='ocrx_word' id='word_1_137' title='bbox 1251 1786 1601 1858; x_wconf 75' lang='grc' dir='ltr'>περιστερῶν·</span> <span class='ocrx_word' id='word_1_138' title='bbox 1658 1806 1678 1833; x_wconf 73' lang='grc' dir='ltr'>ι</span> <span class='ocrx_word' id='word_1_139' title='bbox 1704 1785 1866 1837; x_wconf 79' lang='grc' dir='ltr'>τοῦτο</span> 
     </span>
    </p>
   </div>
   <div class='ocr_carea' id='block_1_20' title="bbox 219 1866 1942 1976">
    <p class='ocr_par' dir='ltr' id='par_1_20' title="bbox 219 1866 1942 1976">
     <span class='ocr_line' id='line_1_20' title="bbox 219 1866 1942 1976; baseline 0.002 -54"><span class='ocrx_word' id='word_1_140' title='bbox 219 1866 901 1976; x_wconf 34' lang='grc' dir='ltr'>νπερὶτῆς,Παρβίνουωιιξ</span> <span class='ocrx_word' id='word_1_141' title='bbox 939 1874 1049 1976; x_wconf 48' lang='grc' dir='ltr'>’τοῦ</span> <span class='ocrx_word' id='word_1_142' title='bbox 1103 1869 1307 1973; x_wconf 67' lang='grc' dir='ltr'>ταύτης</span> <span class='ocrx_word' id='word_1_143' title='bbox 1362 1877 1683 1976; x_wconf 57' lang='grc' dir='ltr'>μνηστῆρρᾷ</span> <span class='ocrx_word' id='word_1_144' title='bbox 1895 1909 1942 1976; x_wconf 81' lang='grc' dir='ltr'><strong><em>Β</em></strong></span> 
     </span>
    </p>
   </div>
   <div class='ocr_carea' id='block_1_21' title="bbox 218 1952 1862 2037">
    <p class='ocr_par' dir='ltr' id='par_1_21' title="bbox 218 1952 1862 2037">
     <span class='ocr_line' id='line_1_21' title="bbox 218 1952 1862 2037; baseline 0.005 -27"><span class='ocrx_word' id='word_1_145' title='bbox 218 1954 278 2010; x_wconf 79' lang='grc' dir='ltr'><strong>Εἰ</strong></span> <span class='ocrx_word' id='word_1_146' title='bbox 307 1952 364 2010; x_wconf 79' lang='grc' dir='ltr'>δὶ</span> <span class='ocrx_word' id='word_1_147' title='bbox 394 1956 486 2012; x_wconf 80' lang='grc' dir='ltr'>καὶ</span> <span class='ocrx_word' id='word_1_148' title='bbox 519 1957 647 2032; x_wconf 87' lang='grc' dir='ltr'>περὶ</span> <span class='ocrx_word' id='word_1_149' title='bbox 701 1962 800 2013; x_wconf 79' lang='grc' dir='ltr'>τοῦ</span> <span class='ocrx_word' id='word_1_150' title='bbox 861 1958 1095 2037; x_wconf 70' lang='grc' dir='ltr'>βρέφους</span> <span class='ocrx_word' id='word_1_151' title='bbox 1141 1964 1328 2033; x_wconf 81' lang='grc' dir='ltr'>ταῦτα,</span> <span class='ocrx_word' id='word_1_152' title='bbox 1379 1960 1524 2030; x_wconf 68' lang='grc' dir='ltr'>ξένον</span> <span class='ocrx_word' id='word_1_153' title='bbox 1567 1956 1740 2015; x_wconf 71' lang='grc' dir='ltr'>οὐδέν.</span> <span class='ocrx_word' id='word_1_154' title='bbox 1801 1960 1862 2018; x_wconf 89' lang='grc' dir='ltr'>Ὁ</span> 
     </span>
    </p>
   </div>
   <div class='ocr_carea' id='block_1_22' title="bbox 217 2044 1861 2121">
    <p class='ocr_par' dir='ltr' id='par_1_22' title="bbox 217 2044 1861 2121">
     <span class='ocr_line' id='line_1_22' title="bbox 217 2044 1861 2121; baseline 0.002 -22"><span class='ocrx_word' id='word_1_155' title='bbox 217 2044 310 2119; x_wconf 81' lang='grc' dir='ltr'>γὰρ</span> <span class='ocrx_word' id='word_1_156' title='bbox 339 2052 754 2121; x_wconf 83' lang='grc' dir='ltr'>περιτμηθῆναι</span> <span class='ocrx_word' id='word_1_157' title='bbox 784 2046 922 2105; x_wconf 86' lang='grc' dir='ltr'>κατᾶ</span> <span class='ocrx_word' id='word_1_158' title='bbox 950 2045 1043 2101; x_wconf 82' lang='grc' dir='ltr'>τὸν</span> <span class='ocrx_word' id='word_1_159' title='bbox 1077 2046 1243 2120; x_wconf 76' lang='grc' dir='ltr'>νόμον</span> <span class='ocrx_word' id='word_1_160' title='bbox 1274 2048 1349 2120; x_wconf 82' lang='grc' dir='ltr'>μή</span> <span class='ocrx_word' id='word_1_161' title='bbox 1382 2048 1711 2118; x_wconf 76' lang='grc' dir='ltr'>ἀπαξιώσας,</span> <span class='ocrx_word' id='word_1_162' title='bbox 1744 2052 1861 2112; x_wconf 79' lang='grc' dir='ltr'>πῶς</span> 
     </span>
    </p>
   </div>
   <div class='ocr_carea' id='block_1_23' title="bbox 219 2132 1866 2215">
    <p class='ocr_par' dir='ltr' id='par_1_23' title="bbox 219 2132 1866 2215">
     <span class='ocr_line' id='line_1_23' title="bbox 219 2132 1866 2215; baseline 0.003 -27"><span class='ocrx_word' id='word_1_163' title='bbox 219 2133 274 2187; x_wconf 73' lang='grc' dir='ltr'>ἂν</span> <span class='ocrx_word' id='word_1_164' title='bbox 304 2132 395 2195; x_wconf 74' lang='grc' dir='ltr'>τὰς</span> <span class='ocrx_word' id='word_1_165' title='bbox 426 2135 570 2190; x_wconf 69' lang='grc' dir='ltr'>κατὰ</span> <span class='ocrx_word' id='word_1_166' title='bbox 599 2134 772 2209; x_wconf 87' lang='grc' dir='ltr'>νόμον</span> <span class='ocrx_word' id='word_1_167' title='bbox 819 2134 1002 2215; x_wconf 80' lang='grc' dir='ltr'>θυσίας</span> <span class='ocrx_word' id='word_1_168' title='bbox 1051 2136 1353 2207; x_wconf 84' lang='grc' dir='ltr'>ἀπείπατο;</span> <span class='ocrx_word' id='word_1_169' title='bbox 1404 2138 1450 2210; x_wconf 79' lang='grc' dir='ltr'>ᾧ</span> <span class='ocrx_word' id='word_1_170' title='bbox 1502 2158 1564 2212; x_wconf 86' lang='grc' dir='ltr'>γε</span> <span class='ocrx_word' id='word_1_171' title='bbox 1610 2142 1866 2194; x_wconf 75' lang='grc' dir='ltr'>τοσοῦτον</span> 
     </span>
    </p>
   </div>
   <div class='ocr_carea' id='block_1_24' title="bbox 219 2218 1865 2302">
    <p class='ocr_par' dir='ltr' id='par_1_24' title="bbox 219 2218 1865 2302">
     <span class='ocr_line' id='line_1_24' title="bbox 219 2218 1865 2302; baseline 0.003 -25"><span class='ocrx_word' id='word_1_172' title='bbox 219 2220 351 2292; x_wconf 77' lang='grc' dir='ltr'>ἀπῆν</span> <span class='ocrx_word' id='word_1_173' title='bbox 400 2223 466 2278; x_wconf 80' lang='grc' dir='ltr'>τὸ</span> <span class='ocrx_word' id='word_1_174' title='bbox 531 2218 930 2290; x_wconf 74' lang='grc' dir='ltr'>ἀναϐάλλεσθαι</span> <span class='ocrx_word' id='word_1_175' title='bbox 979 2230 1147 2281; x_wconf 78' lang='grc' dir='ltr'>ταῦτα</span> <span class='ocrx_word' id='word_1_176' title='bbox 1193 2225 1283 2280; x_wconf 80' lang='grc' dir='ltr'>καὶ</span> <span class='ocrx_word' id='word_1_177' title='bbox 1329 2225 1721 2302; x_wconf 75' lang='grc' dir='ltr'>ὑπερτίθεσθαι,</span> <span class='ocrx_word' id='word_1_178' title='bbox 1782 2226 1865 2282; x_wconf 80' lang='grc' dir='ltr'>ὅτι</span> 
     </span>
    </p>
   </div>
   <div class='ocr_carea' id='block_1_25' title="bbox 217 2312 1863 2392">
    <p class='ocr_par' dir='ltr' id='par_1_25' title="bbox 217 2312 1863 2392">
     <span class='ocr_line' id='line_1_25' title="bbox 217 2312 1863 2392; baseline 0.004 -27"><span class='ocrx_word' id='word_1_179' title='bbox 217 2312 388 2367; x_wconf 79' lang='grc' dir='ltr'>καὶτὸ</span> <span class='ocrx_word' id='word_1_180' title='bbox 436 2313 701 2368; x_wconf 82' lang='grc' dir='ltr'>Ἰωάννου</span> <span class='ocrx_word' id='word_1_181' title='bbox 757 2314 1039 2389; x_wconf 73' lang='grc' dir='ltr'>βάπτισμα</span> <span class='ocrx_word' id='word_1_182' title='bbox 1088 2316 1448 2391; x_wconf 83' lang='grc' dir='ltr'>βαπτισθῆναι</span> <span class='ocrx_word' id='word_1_183' title='bbox 1503 2315 1563 2370; x_wconf 77' lang='grc' dir='ltr'>οὐ</span> <span class='ocrx_word' id='word_1_184' title='bbox 1620 2317 1863 2392; x_wconf 76' lang='grc' dir='ltr'>παρῃτή-</span> 
     </span>
    </p>
   </div>
   <div class='ocr_carea' id='block_1_26' title="bbox 222 2401 1865 2480">
    <p class='ocr_par' dir='ltr' id='par_1_26' title="bbox 222 2401 1865 2480">
     <span class='ocr_line' id='line_1_26' title="bbox 222 2401 1865 2480; baseline 0.002 -25"><span class='ocrx_word' id='word_1_185' title='bbox 222 2420 360 2456; x_wconf 76' lang='grc' dir='ltr'>σιιτο·</span> <span class='ocrx_word' id='word_1_186' title='bbox 385 2401 575 2457; x_wconf 84' lang='grc' dir='ltr'>καίτοι</span> <span class='ocrx_word' id='word_1_187' title='bbox 605 2407 703 2457; x_wconf 77' lang='grc' dir='ltr'>τοῦ</span> <span class='ocrx_word' id='word_1_188' title='bbox 737 2403 1036 2479; x_wconf 75' lang='grc' dir='ltr'>βαπτιστοῦ</span> <span class='ocrx_word' id='word_1_189' title='bbox 1077 2403 1266 2480; x_wconf 84' lang='grc' dir='ltr'>χρείαν</span> <span class='ocrx_word' id='word_1_190' title='bbox 1309 2403 1534 2480; x_wconf 80' lang='grc' dir='ltr'>ἔχοντος</span> <span class='ocrx_word' id='word_1_191' title='bbox 1569 2406 1655 2459; x_wconf 87' lang='grc' dir='ltr'>ὑπ’</span> <span class='ocrx_word' id='word_1_192' title='bbox 1703 2404 1865 2461; x_wconf 79' lang='grc' dir='ltr'>αὐτοῦ</span> 
     </span>
    </p>
   </div>
   <div class='ocr_carea' id='block_1_27' title="bbox 224 2489 1865 2569">
    <p class='ocr_par' dir='ltr' id='par_1_27' title="bbox 224 2489 1865 2569">
     <span class='ocr_line' id='line_1_27' title="bbox 224 2489 1865 2569; baseline 0.003 -25"><span class='ocrx_word' id='word_1_193' title='bbox 224 2490 603 2567; x_wconf 77' lang='grc' dir='ltr'>βαπτισθῆναι.</span> <span class='ocrx_word' id='word_1_194' title='bbox 654 2489 810 2549; x_wconf 81' lang='grc' dir='ltr'>Ἀλλ’</span> <span class='ocrx_word' id='word_1_195' title='bbox 840 2492 995 2566; x_wconf 77' lang='grc' dir='ltr'>ὅμως</span> <span class='ocrx_word' id='word_1_196' title='bbox 1046 2494 1305 2548; x_wconf 76' lang='grc' dir='ltr'>τοσοῦτον</span> <span class='ocrx_word' id='word_1_197' title='bbox 1356 2496 1491 2568; x_wconf 78' lang='grc' dir='ltr'>ἡμῖν</span> <span class='ocrx_word' id='word_1_198' title='bbox 1537 2489 1865 2569; x_wconf 73' lang='grc' dir='ltr'>συγκατέὄη,</span> 
     </span>
    </p>
   </div>
   <div class='ocr_carea' id='block_1_28' title="bbox 219 2580 1868 2661">
    <p class='ocr_par' dir='ltr' id='par_1_28' title="bbox 219 2580 1868 2661">
     <span class='ocr_line' id='line_1_28' title="bbox 219 2580 1868 2661; baseline 0.002 -26"><span class='ocrx_word' id='word_1_199' title='bbox 219 2580 301 2635; x_wconf 78' lang='grc' dir='ltr'>καὶ</span> <span class='ocrx_word' id='word_1_200' title='bbox 330 2580 507 2643; x_wconf 67' lang='grc' dir='ltr'>οὕτως</span> <span class='ocrx_word' id='word_1_201' title='bbox 538 2580 641 2637; x_wconf 74' lang='grc' dir='ltr'>ὑπὸ</span> <span class='ocrx_word' id='word_1_202' title='bbox 671 2588 770 2653; x_wconf 76' lang='grc' dir='ltr'>τῆς</span> <span class='ocrx_word' id='word_1_203' title='bbox 802 2580 940 2644; x_wconf 76' lang='grc' dir='ltr'>ἰδίας</span> <span class='ocrx_word' id='word_1_204' title='bbox 988 2580 1395 2661; x_wconf 80' lang='grc' dir='ltr'>φιλανθρωπίας</span> <span class='ocrx_word' id='word_1_205' title='bbox 1441 2583 1739 2656; x_wconf 83' lang='grc' dir='ltr'>κεκίνηται,</span> <span class='ocrx_word' id='word_1_206' title='bbox 1791 2583 1868 2646; x_wconf 86' lang='grc' dir='ltr'>ὡς</span> 
     </span>
    </p>
   </div>
   <div class='ocr_carea' id='block_1_29' title="bbox 225 2669 1865 2747">
    <p class='ocr_par' dir='ltr' id='par_1_29' title="bbox 225 2669 1865 2747">
     <span class='ocr_line' id='line_1_29' title="bbox 225 2669 1865 2747; baseline 0.002 -23"><span class='ocrx_word' id='word_1_207' title='bbox 225 2670 293 2742; x_wconf 71' lang='grc' dir='ltr'>μή</span> <span class='ocrx_word' id='word_1_208' title='bbox 322 2669 387 2725; x_wconf 72' lang='grc' dir='ltr'>τὰ</span> <span class='ocrx_word' id='word_1_209' title='bbox 413 2670 561 2725; x_wconf 89' lang='grc' dir='ltr'>κατᾶ</span> <span class='ocrx_word' id='word_1_210' title='bbox 587 2670 758 2745; x_wconf 84' lang='grc' dir='ltr'>νόμον</span> <span class='ocrx_word' id='word_1_211' title='bbox 790 2671 976 2746; x_wconf 87' lang='grc' dir='ltr'>μόνον,</span> <span class='ocrx_word' id='word_1_212' title='bbox 1008 2670 1153 2728; x_wconf 82' lang='grc' dir='ltr'>ἀλλὰ</span> <span class='ocrx_word' id='word_1_213' title='bbox 1185 2671 1274 2726; x_wconf 80' lang='grc' dir='ltr'>καὶ</span> <span class='ocrx_word' id='word_1_214' title='bbox 1315 2672 1540 2747; x_wconf 82' lang='grc' dir='ltr'>σταυρὸν</span> <span class='ocrx_word' id='word_1_215' title='bbox 1572 2672 1661 2728; x_wconf 86' lang='grc' dir='ltr'>καὶ</span> <span class='ocrx_word' id='word_1_216' title='bbox 1709 2670 1865 2727; x_wconf 75' lang='grc' dir='ltr'>θάνα-</span> 
     </span>
    </p>
   </div>
   <div class='ocr_carea' id='block_1_30' title="bbox 218 2758 1867 2837">
    <p class='ocr_par' dir='ltr' id='par_1_30' title="bbox 218 2758 1867 2837">
     <span class='ocr_line' id='line_1_30' title="bbox 218 2758 1867 2837; baseline 0.001 -23"><span class='ocrx_word' id='word_1_217' title='bbox 218 2780 302 2814; x_wconf 91' lang='grc' dir='ltr'>τον</span> <span class='ocrx_word' id='word_1_218' title='bbox 358 2758 776 2832; x_wconf 71' lang='grc' dir='ltr'>καταδέξασθαι,</span> <span class='ocrx_word' id='word_1_219' title='bbox 832 2758 925 2815; x_wconf 72' lang='grc' dir='ltr'>’ίνα</span> <span class='ocrx_word' id='word_1_220' title='bbox 974 2761 1112 2837; x_wconf 86' lang='grc' dir='ltr'>πρὸς</span> <span class='ocrx_word' id='word_1_221' title='bbox 1162 2759 1347 2816; x_wconf 71' lang='grc' dir='ltr'>ἑαυτὸν</span> <span class='ocrx_word' id='word_1_222' title='bbox 1375 2762 1523 2834; x_wconf 78' lang='grc' dir='ltr'>ἡμᾶς</span> <span class='ocrx_word' id='word_1_223' title='bbox 1572 2759 1867 2835; x_wconf 75' lang='grc' dir='ltr'>ἀνελκύσῃ,</span> 
     </span>
    </p>
   </div>
   <div class='ocr_carea' id='block_1_31' title="bbox 220 2843 1686 2923">
    <p class='ocr_par' dir='ltr' id='par_1_31' title="bbox 220 2843 1686 2923">
     <span class='ocr_line' id='line_1_31' title="bbox 220 2843 1686 2923; baseline 0.002 -20"><span class='ocrx_word' id='word_1_224' title='bbox 220 2848 354 2904; x_wconf 82' lang='grc' dir='ltr'>κάτω</span> <span class='ocrx_word' id='word_1_225' title='bbox 381 2845 675 2923; x_wconf 76' lang='grc' dir='ltr'>κειμένους</span> <span class='ocrx_word' id='word_1_226' title='bbox 705 2847 756 2905; x_wconf 73' lang='grc' dir='ltr'>ἰν</span> <span class='ocrx_word' id='word_1_227' title='bbox 788 2853 867 2921; x_wconf 79' lang='grc' dir='ltr'>τῷ</span> <span class='ocrx_word' id='word_1_228' title='bbox 894 2851 994 2919; x_wconf 77' lang='grc' dir='ltr'>τῆς</span> <span class='ocrx_word' id='word_1_229' title='bbox 1027 2843 1380 2922; x_wconf 80' lang='grc' dir='ltr'>παραϐάσεως</span> <span class='ocrx_word' id='word_1_230' title='bbox 1411 2849 1686 2923; x_wconf 79' lang='grc' dir='ltr'>πτώματι.</span> 
     </span>
    </p>
   </div>
   <div class='ocr_carea' id='block_1_32' title="bbox 281 2936 1865 3014">
    <p class='ocr_par' dir='ltr' id='par_1_32' title="bbox 281 2936 1865 3014">
     <span class='ocr_line' id='line_1_32' title="bbox 281 2936 1865 3014; baseline 0.001 -22"><span class='ocrx_word' id='word_1_231' title='bbox 281 2940 331 2994; x_wconf 90' lang='grc'><strong>7.</strong></span> <span class='ocrx_word' id='word_1_232' title='bbox 381 2963 408 2991; x_wconf 85' lang='grc' dir='ltr'>ι‹</span> <span class='ocrx_word' id='word_1_233' title='bbox 469 2938 578 2994; x_wconf 76' lang='grc' dir='ltr'>Καὶ</span> <span class='ocrx_word' id='word_1_234' title='bbox 639 2936 759 2993; x_wconf 71' lang='grc' dir='ltr'>ἰδοὺ</span> <span class='ocrx_word' id='word_1_235' title='bbox 813 2939 904 3010; x_wconf 77' lang='grc' dir='ltr'>ἦν,</span> <span class='ocrx_word' id='word_1_236' title='bbox 964 2938 1156 3014; x_wconf 81' lang='grc' dir='ltr'>φησὶν,</span> <span class='ocrx_word' id='word_1_237' title='bbox 1214 2939 1499 3014; x_wconf 82' lang='grc' dir='ltr'>ἄνθρωπος</span> <span class='ocrx_word' id='word_1_238' title='bbox 1559 2938 1608 2994; x_wconf 81' lang='grc' dir='ltr'>ἐν</span> <span class='ocrx_word' id='word_1_239' title='bbox 1669 2940 1865 3014; x_wconf 78' lang='grc' dir='ltr'>Ἰερου-</span> 
     </span>
    </p>
   </div>
   <div class='ocr_carea' id='block_1_33' title="bbox 222 3021 1865 3104">
    <p class='ocr_par' dir='ltr' id='par_1_33' title="bbox 222 3021 1865 3104">
     <span class='ocr_line' id='line_1_33' title="bbox 222 3021 1865 3104; baseline 0.002 -24"><span class='ocrx_word' id='word_1_240' title='bbox 222 3023 417 3100; x_wconf 79' lang='grc' dir='ltr'>σαλὴμ,</span> <span class='ocrx_word' id='word_1_241' title='bbox 467 3027 523 3099; x_wconf 81' lang='grc' dir='ltr'>ᾧ</span> <span class='ocrx_word' id='word_1_242' title='bbox 565 3021 740 3100; x_wconf 72' lang='grc' dir='ltr'>ὄνομα</span> <span class='ocrx_word' id='word_1_243' title='bbox 789 3028 1038 3101; x_wconf 82' lang='grc' dir='ltr'>Συμεών·</span> <span class='ocrx_word' id='word_1_244' title='bbox 1094 3026 1185 3082; x_wconf 79' lang='grc' dir='ltr'>καὶ</span> <span class='ocrx_word' id='word_1_245' title='bbox 1218 3029 1246 3082; x_wconf 94' lang='lat'>6</span> <span class='ocrx_word' id='word_1_246' title='bbox 1279 3025 1563 3104; x_wconf 73' lang='grc' dir='ltr'>ἅνθρωπος</span> <span class='ocrx_word' id='word_1_247' title='bbox 1594 3026 1753 3090; x_wconf 75' lang='grc' dir='ltr'>οὗτος</span> <span class='ocrx_word' id='word_1_248' title='bbox 1784 3025 1865 3083; x_wconf 83' lang='grc' dir='ltr'>δί-</span> 
     </span>
    </p>
   </div>
   <div class='ocr_carea' id='block_1_34' title="bbox 220 3110 1866 3193">
    <p class='ocr_par' dir='ltr' id='par_1_34' title="bbox 220 3110 1866 3193">
     <span class='ocr_line' id='line_1_34' title="bbox 220 3110 1866 3193; baseline 0.001 -24"><span class='ocrx_word' id='word_1_249' title='bbox 220 3135 360 3177; x_wconf 76' lang='grc' dir='ltr'>καιος</span> <span class='ocrx_word' id='word_1_250' title='bbox 416 3117 513 3171; x_wconf 78' lang='grc' dir='ltr'>καὶ</span> <span class='ocrx_word' id='word_1_251' title='bbox 565 3110 823 3187; x_wconf 73' lang='grc' dir='ltr'>εὐλαϐὴς,</span> <span class='ocrx_word' id='word_1_252' title='bbox 876 3112 1330 3193; x_wconf 79' lang='grc' dir='ltr'>προσδεχόμενος</span> <span class='ocrx_word' id='word_1_253' title='bbox 1380 3115 1725 3192; x_wconf 81' lang='grc' dir='ltr'>παράκλησιν</span> <span class='ocrx_word' id='word_1_254' title='bbox 1770 3121 1866 3172; x_wconf 81' lang='grc' dir='ltr'>τοῦ</span> 
     </span>
    </p>
   </div>
   <div class='ocr_carea' id='block_1_35' title="bbox 222 3201 1863 3282">
    <p class='ocr_par' dir='ltr' id='par_1_35' title="bbox 222 3201 1863 3282">
     <span class='ocr_line' id='line_1_35' title="bbox 222 3201 1863 3282; baseline 0 -22"><span class='ocrx_word' id='word_1_255' title='bbox 222 3204 448 3280; x_wconf 78' lang='grc' dir='ltr'>Ἰσραήλ.</span> <span class='ocrx_word' id='word_1_256' title='bbox 505 3228 537 3255; x_wconf 69' lang='grc' dir='ltr'>»ι</span> <span class='ocrx_word' id='word_1_257' title='bbox 588 3205 689 3267; x_wconf 87' lang='grc' dir='ltr'>Τίς</span> <span class='ocrx_word' id='word_1_258' title='bbox 741 3203 800 3260; x_wconf 73' lang='grc' dir='ltr'>ἂν</span> <span class='ocrx_word' id='word_1_259' title='bbox 850 3204 1139 3280; x_wconf 78' lang='grc' dir='ltr'>ἀξιώτερον</span> <span class='ocrx_word' id='word_1_260' title='bbox 1191 3201 1406 3261; x_wconf 80' lang='grc' dir='ltr'>ἔπαινον</span> <span class='ocrx_word' id='word_1_261' title='bbox 1454 3209 1561 3260; x_wconf 81' lang='grc' dir='ltr'>τῶν</span> <span class='ocrx_word' id='word_1_262' title='bbox 1592 3204 1863 3282; x_wconf 81' lang='grc' dir='ltr'>βραχυτά-</span> 
     </span>
    </p>
   </div>
   <div class='ocr_carea' id='block_1_36' title="bbox 1989 609 3639 691">
    <p class='ocr_par' dir='ltr' id='par_1_36' title="bbox 1989 609 3639 691">
     <span class='ocr_line' id='line_1_36' title="bbox 1989 609 3639 691; baseline -0.006 -16"><span class='ocrx_word' id='word_1_263' title='bbox 1989 620 2290 687; x_wconf 82' lang='lat' dir='ltr'>ascendat,</span> <span class='ocrx_word' id='word_1_264' title='bbox 2323 618 2582 691; x_wconf 87' lang='lat' dir='ltr'>primum</span> <span class='ocrx_word' id='word_1_265' title='bbox 2631 615 2867 689; x_wconf 85' lang='lat' dir='ltr'>quidem</span> <span class='ocrx_word' id='word_1_266' title='bbox 2899 611 3260 684; x_wconf 88' lang='lat' dir='ltr'>comperitur</span> <span class='ocrx_word' id='word_1_267' title='bbox 3288 626 3355 665; x_wconf 90' lang='lat' dir='ltr'>ea</span> <span class='ocrx_word' id='word_1_268' title='bbox 3385 609 3639 679; x_wconf 81' lang='lat' dir='ltr'>firmare,</span> 
     </span>
    </p>
   </div>
   <div class='ocr_carea' id='block_1_37' title="bbox 1986 697 3646 777">
    <p class='ocr_par' dir='ltr' id='par_1_37' title="bbox 1986 697 3646 777">
     <span class='ocr_line' id='line_1_37' title="bbox 1986 697 3646 777; baseline -0.007 -13"><span class='ocrx_word' id='word_1_269' title='bbox 1986 709 2058 764; x_wconf 87' lang='lat' dir='ltr'>iis</span> <span class='ocrx_word' id='word_1_270' title='bbox 2091 709 2491 764; x_wconf 73' lang='lat' dir='ltr'>auctoritatem</span> <span class='ocrx_word' id='word_1_271' title='bbox 2513 705 2790 777; x_wconf 62' lang='lat' dir='ltr'>praebere,</span> <span class='ocrx_word' id='word_1_272' title='bbox 2843 719 2969 775; x_wconf 86' lang='lat' dir='ltr'>quae</span> <span class='ocrx_word' id='word_1_273' title='bbox 3000 702 3126 773; x_wconf 88' lang='lat' dir='ltr'>ipse</span> <span class='ocrx_word' id='word_1_274' title='bbox 3155 700 3213 754; x_wconf 89' lang='lat' dir='ltr'>in</span> <span class='ocrx_word' id='word_1_275' title='bbox 3250 697 3458 754; x_wconf 85' lang='lat' dir='ltr'>melius</span> <span class='ocrx_word' id='word_1_276' title='bbox 3491 714 3646 753; x_wconf 89' lang='lat' dir='ltr'>com-</span> 
     </span>
    </p>
   </div>
   <div class='ocr_carea' id='block_1_38' title="bbox 1986 786 3649 863">
    <p class='ocr_par' dir='ltr' id='par_1_38' title="bbox 1986 786 3649 863">
     <span class='ocr_line' id='line_1_38' title="bbox 1986 786 3649 863; baseline -0.006 -10"><span class='ocrx_word' id='word_1_277' title='bbox 1986 802 2325 853; x_wconf 86' lang='lat' dir='ltr'>mutaturus</span> <span class='ocrx_word' id='word_1_278' title='bbox 2360 795 2629 851; x_wconf 82' lang='lat' dir='ltr'>accessit.</span> <span class='ocrx_word' id='word_1_279' title='bbox 2662 792 2907 859; x_wconf 82' lang='lat' dir='ltr'>Deinde,</span> <span class='ocrx_word' id='word_1_280' title='bbox 2940 791 3063 863; x_wconf 84' lang='lat' dir='ltr'>ipse</span> <span class='ocrx_word' id='word_1_281' title='bbox 3095 804 3329 862; x_wconf 89' lang='lat' dir='ltr'>quoque</span> <span class='ocrx_word' id='word_1_282' title='bbox 3359 804 3517 844; x_wconf 89' lang='lat' dir='ltr'>unus</span> <span class='ocrx_word' id='word_1_283' title='bbox 3537 786 3649 843; x_wconf 89' lang='lat' dir='ltr'>erit</span> 
     </span>
    </p>
   </div>
   <div class='ocr_carea' id='block_1_39' title="bbox 1985 877 3643 957">
    <p class='ocr_par' dir='ltr' id='par_1_39' title="bbox 1985 877 3643 957">
     <span class='ocr_line' id='line_1_39' title="bbox 1985 877 3643 957; baseline -0.008 -14"><span class='ocrx_word' id='word_1_284' title='bbox 1985 903 2055 943; x_wconf 80' lang='lat' dir='ltr'>ex</span> <span class='ocrx_word' id='word_1_285' title='bbox 2086 885 2285 941; x_wconf 88' lang='lat' dir='ltr'>multis</span> <span class='ocrx_word' id='word_1_286' title='bbox 2335 886 2435 957; x_wconf 89' lang='lat' dir='ltr'>qui</span> <span class='ocrx_word' id='word_1_287' title='bbox 2486 883 2633 956; x_wconf 82' lang='lat' dir='ltr'>legis</span> <span class='ocrx_word' id='word_1_288' title='bbox 2684 880 2997 937; x_wconf 83' lang='lat' dir='ltr'>maledicto</span> <span class='ocrx_word' id='word_1_289' title='bbox 3046 877 3395 935; x_wconf 81' lang='lat' dir='ltr'>serviebant.</span> <span class='ocrx_word' id='word_1_290' title='bbox 3445 877 3643 948; x_wconf 81' lang='lat' dir='ltr'>Ecqua</span> 
     </span>
    </p>
   </div>
   <div class='ocr_carea' id='block_1_40' title="bbox 1982 966 3642 1048">
    <p class='ocr_par' dir='ltr' id='par_1_40' title="bbox 1982 966 3642 1048">
     <span class='ocr_line' id='line_1_40' title="bbox 1982 966 3642 1048; baseline -0.008 -15"><span class='ocrx_word' id='word_1_291' title='bbox 1982 992 2120 1048; x_wconf 83' lang='lat' dir='ltr'>ergo</span> <span class='ocrx_word' id='word_1_292' title='bbox 2156 975 2376 1031; x_wconf 79' lang='lat' dir='ltr'>ratione</span> <span class='ocrx_word' id='word_1_293' title='bbox 2406 973 2623 1029; x_wconf 81' lang='lat' dir='ltr'>Paulus</span> <span class='ocrx_word' id='word_1_294' title='bbox 2661 974 2744 1026; x_wconf 88' lang='lat' dir='ltr'>ait</span> <span class='ocrx_word' id='word_1_295' title='bbox 2791 988 2803 1025; x_wconf 89' lang='lat'>:</span> <span class='ocrx_word' id='word_1_296' title='bbox 2841 992 2867 1020; x_wconf 82' lang='lat'><strong><em>«</em></strong></span> <span class='ocrx_word' id='word_1_297' title='bbox 2921 968 3186 1024; x_wconf 83' lang='lat' dir='ltr'>Christus</span> <span class='ocrx_word' id='word_1_298' title='bbox 3239 983 3343 1023; x_wconf 89' lang='lat' dir='ltr'>nos</span> <span class='ocrx_word' id='word_1_299' title='bbox 3394 966 3642 1021; x_wconf 84' lang='lat' dir='ltr'>redemit</span> 
     </span>
    </p>
   </div>
   <div class='ocr_carea' id='block_1_41' title="bbox 1981 1055 3639 1134">
    <p class='ocr_par' dir='ltr' id='par_1_41' title="bbox 1981 1055 3639 1134">
     <span class='ocr_line' id='line_1_41' title="bbox 1981 1055 3639 1134; baseline -0.008 -12"><span class='ocrx_word' id='word_1_300' title='bbox 1981 1082 2051 1122; x_wconf 83' lang='lat' dir='ltr'>ex</span> <span class='ocrx_word' id='word_1_301' title='bbox 2081 1064 2391 1120; x_wconf 87' lang='lat' dir='ltr'>maledicto</span> <span class='ocrx_word' id='word_1_302' title='bbox 2423 1061 2571 1134; x_wconf 85' lang='lat' dir='ltr'>legis</span> <span class='ocrx_word' id='word_1_303' title='bbox 2603 1061 2649 1095; x_wconf 82' lang='grc'>²²</span> <span class='ocrx_word' id='word_1_304' title='bbox 2670 1060 2697 1115; x_wconf 81' lang='lat'><strong>?</strong></span> <span class='ocrx_word' id='word_1_305' title='bbox 2729 1083 2757 1110; x_wconf 86' lang='grc'>››</span> <span class='ocrx_word' id='word_1_306' title='bbox 2789 1062 2995 1115; x_wconf 86' lang='lat' dir='ltr'><strong>Annon</strong></span> <span class='ocrx_word' id='word_1_307' title='bbox 3024 1074 3126 1130; x_wconf 88' lang='lat' dir='ltr'>pro</span> <span class='ocrx_word' id='word_1_308' title='bbox 3158 1071 3337 1129; x_wconf 88' lang='lat' dir='ltr'>puero</span> <span class='ocrx_word' id='word_1_309' title='bbox 3369 1055 3492 1110; x_wconf 69' lang='lat' dir='ltr'>haec</span> <span class='ocrx_word' id='word_1_310' title='bbox 3522 1055 3639 1109; x_wconf 88' lang='lat' dir='ltr'>dic-</span> 
     </span>
    </p>
   </div>
   <div class='ocr_carea' id='block_1_42' title="bbox 1979 1145 3634 1221">
    <p class='ocr_par' dir='ltr' id='par_1_42' title="bbox 1979 1145 3634 1221">
     <span class='ocr_line' id='line_1_42' title="bbox 1979 1145 3634 1221; baseline -0.007 -11"><span class='ocrx_word' id='word_1_311' title='bbox 1979 1159 2040 1210; x_wconf 89' lang='lat' dir='ltr'>ta</span> <span class='ocrx_word' id='word_1_312' title='bbox 2083 1159 2223 1209; x_wconf 87' lang='lat' dir='ltr'>sunt</span> <span class='ocrx_word' id='word_1_313' title='bbox 2251 1153 2270 1208; x_wconf 73' lang='grc' dir='ltr'>ι’</span> <span class='ocrx_word' id='word_1_314' title='bbox 2304 1152 2450 1219; x_wconf 87' lang='lat' dir='ltr'>Non,</span> <span class='ocrx_word' id='word_1_315' title='bbox 2484 1151 2639 1207; x_wconf 81' lang='lat' dir='ltr'>dicet</span> <span class='ocrx_word' id='word_1_316' title='bbox 2692 1150 2946 1221; x_wconf 84' lang='lat' dir='ltr'>ingenue</span> <span class='ocrx_word' id='word_1_317' title='bbox 2989 1145 3364 1218; x_wconf 81' lang='lat' dir='ltr'>evangelista,</span> <span class='ocrx_word' id='word_1_318' title='bbox 3397 1145 3499 1200; x_wconf 88' lang='lat' dir='ltr'>sed</span> <span class='ocrx_word' id='word_1_319' title='bbox 3530 1161 3634 1217; x_wconf 88' lang='lat' dir='ltr'>pro</span> 
     </span>
    </p>
   </div>
   <div class='ocr_carea' id='block_1_43' title="bbox 1981 1233 3633 1316">
    <p class='ocr_par' dir='ltr' id='par_1_43' title="bbox 1981 1233 3633 1316">
     <span class='ocr_line' id='line_1_43' title="bbox 1981 1233 3633 1316; baseline -0.007 -16"><span class='ocrx_word' id='word_1_320' title='bbox 1981 1247 2169 1300; x_wconf 81' lang='lat' dir='ltr'>matre</span> <span class='ocrx_word' id='word_1_321' title='bbox 2196 1243 2361 1316; x_wconf 88' lang='lat' dir='ltr'>pueri</span> <span class='ocrx_word' id='word_1_322' title='bbox 2394 1240 2694 1313; x_wconf 84' lang='lat' dir='ltr'>genitrice.</span> <span class='ocrx_word' id='word_1_323' title='bbox 2727 1239 2889 1306; x_wconf 88' lang='lat' dir='ltr'>Quod</span> <span class='ocrx_word' id='word_1_324' title='bbox 2918 1254 2987 1292; x_wconf 76' lang='lat' dir='ltr'>ex</span> <span class='ocrx_word' id='word_1_325' title='bbox 3026 1252 3205 1308; x_wconf 89' lang='lat' dir='ltr'>supra</span> <span class='ocrx_word' id='word_1_326' title='bbox 3234 1234 3407 1290; x_wconf 89' lang='lat' dir='ltr'>dictis</span> <span class='ocrx_word' id='word_1_327' title='bbox 3437 1233 3633 1306; x_wconf 85' lang='lat' dir='ltr'>palam</span> 
     </span>
    </p>
   </div>
   <div class='ocr_carea' id='block_1_44' title="bbox 1981 1322 3635 1402">
    <p class='ocr_par' dir='ltr' id='par_1_44' title="bbox 1981 1322 3635 1402">
     <span class='ocr_line' id='line_1_44' title="bbox 1981 1322 3635 1402; baseline -0.006 -13"><span class='ocrx_word' id='word_1_328' title='bbox 1981 1336 2089 1389; x_wconf 90' lang='lat' dir='ltr'>est.</span> <span class='ocrx_word' id='word_1_329' title='bbox 2138 1332 2307 1399; x_wconf 86' lang='lat' dir='ltr'>Nam,</span> <span class='ocrx_word' id='word_1_330' title='bbox 2360 1355 2385 1381; x_wconf 77' lang='grc' dir='ltr'>α</span> <span class='ocrx_word' id='word_1_331' title='bbox 2438 1334 2752 1402; x_wconf 80' lang='lat' dir='ltr'>postquam</span> <span class='ocrx_word' id='word_1_332' title='bbox 2799 1326 3024 1399; x_wconf 81' lang='lat' dir='ltr'>impleti</span> <span class='ocrx_word' id='word_1_333' title='bbox 3073 1328 3232 1389; x_wconf 90' lang='lat' dir='ltr'>sunt,</span> <span class='ocrx_word' id='word_1_334' title='bbox 3267 1323 3478 1394; x_wconf 85' lang='lat' dir='ltr'>inquit,</span> <span class='ocrx_word' id='word_1_335' title='bbox 3512 1322 3635 1379; x_wconf 88' lang='lat' dir='ltr'>dies</span> 
     </span>
    </p>
   </div>
   <div class='ocr_carea' id='block_1_45' title="bbox 1981 1411 3637 1494">
    <p class='ocr_par' dir='ltr' id='par_1_45' title="bbox 1981 1411 3637 1494">
     <span class='ocr_line' id='line_1_45' title="bbox 1981 1411 3637 1494; baseline -0.007 -17"><span class='ocrx_word' id='word_1_336' title='bbox 1981 1420 2348 1494; x_wconf 80' lang='lat' dir='ltr'>purgationis</span> <span class='ocrx_word' id='word_1_337' title='bbox 2381 1421 2532 1491; x_wconf 83' lang='lat' dir='ltr'>ejus,</span> <span class='ocrx_word' id='word_1_338' title='bbox 2566 1417 2833 1474; x_wconf 86' lang='lat' dir='ltr'>tulerunt</span> <span class='ocrx_word' id='word_1_339' title='bbox 2880 1431 3127 1488; x_wconf 90' lang='lat' dir='ltr'>puerum</span> <span class='ocrx_word' id='word_1_340' title='bbox 3176 1414 3232 1468; x_wconf 89' lang='lat' dir='ltr'>in</span> <span class='ocrx_word' id='word_1_341' title='bbox 3285 1411 3637 1480; x_wconf 79' lang='lat' dir='ltr'>Jerusalem,</span> 
     </span>
    </p>
   </div>
   <div class='ocr_carea' id='block_1_46' title="bbox 1979 1500 3633 1575">
    <p class='ocr_par' dir='ltr' id='par_1_46' title="bbox 1979 1500 3633 1575">
     <span class='ocr_line' id='line_1_46' title="bbox 1979 1500 3633 1575; baseline -0.008 -7"><span class='ocrx_word' id='word_1_342' title='bbox 1979 1515 2045 1568; x_wconf 90' lang='lat' dir='ltr'>ut</span> <span class='ocrx_word' id='word_1_343' title='bbox 2075 1510 2351 1567; x_wconf 88' lang='lat' dir='ltr'>sisterent</span> <span class='ocrx_word' id='word_1_344' title='bbox 2402 1525 2533 1565; x_wconf 92' lang='lat' dir='ltr'>eum</span> <span class='ocrx_word' id='word_1_345' title='bbox 2589 1506 2856 1574; x_wconf 90' lang='lat' dir='ltr'>Domino,</span> <span class='ocrx_word' id='word_1_346' title='bbox 2910 1504 3059 1561; x_wconf 91' lang='lat' dir='ltr'>sicut</span> <span class='ocrx_word' id='word_1_347' title='bbox 3113 1502 3396 1575; x_wconf 69' lang='lat' dir='ltr'>scriptum</span> <span class='ocrx_word' id='word_1_348' title='bbox 3446 1505 3535 1556; x_wconf 86' lang='lat' dir='ltr'>est</span> <span class='ocrx_word' id='word_1_349' title='bbox 3574 1500 3633 1555; x_wconf 90' lang='lat' dir='ltr'>in</span> 
     </span>
    </p>
   </div>
   <div class='ocr_carea' id='block_1_47' title="bbox 1977 1590 3635 1674">
    <p class='ocr_par' dir='ltr' id='par_1_47' title="bbox 1977 1590 3635 1674">
     <span class='ocr_line' id='line_1_47' title="bbox 1977 1590 3635 1674; baseline -0.005 -18"><span class='ocrx_word' id='word_1_350' title='bbox 1977 1600 2106 1674; x_wconf 84' lang='lat' dir='ltr'>lege</span> <span class='ocrx_word' id='word_1_351' title='bbox 2137 1598 2370 1656; x_wconf 87' lang='lat' dir='ltr'>Domini</span> <span class='ocrx_word' id='word_1_352' title='bbox 2408 1615 2421 1653; x_wconf 91' lang='lat'><strong>:</strong></span> <span class='ocrx_word' id='word_1_353' title='bbox 2457 1620 2487 1649; x_wconf 83' lang='lat'><strong>»</strong></span> <span class='ocrx_word' id='word_1_354' title='bbox 2536 1597 2643 1654; x_wconf 89' lang='lat' dir='ltr'>hoc</span> <span class='ocrx_word' id='word_1_355' title='bbox 2674 1598 2743 1652; x_wconf 91' lang='lat' dir='ltr'>de</span> <span class='ocrx_word' id='word_1_356' title='bbox 2791 1611 2972 1669; x_wconf 90' lang='lat' dir='ltr'>puero</span> <span class='ocrx_word' id='word_1_357' title='bbox 3006 1610 3019 1649; x_wconf 75' lang='grc' dir='ltr'>ε</span> <span class='ocrx_word' id='word_1_358' title='bbox 3052 1616 3078 1644; x_wconf 88' lang='grc'>‹‹</span> <span class='ocrx_word' id='word_1_359' title='bbox 3115 1596 3167 1648; x_wconf 86' lang='lat' dir='ltr'>et</span> <span class='ocrx_word' id='word_1_360' title='bbox 3201 1596 3260 1647; x_wconf 88' lang='lat' dir='ltr'>ut</span> <span class='ocrx_word' id='word_1_361' title='bbox 3292 1592 3499 1647; x_wconf 86' lang='lat' dir='ltr'>darent</span> <span class='ocrx_word' id='word_1_362' title='bbox 3530 1590 3635 1647; x_wconf 93' lang='lat' dir='ltr'>ho-</span> 
     </span>
    </p>
   </div>
   <div class='ocr_carea' id='block_1_48' title="bbox 1978 1680 3632 1759">
    <p class='ocr_par' dir='ltr' id='par_1_48' title="bbox 1978 1680 3632 1759">
     <span class='ocr_line' id='line_1_48' title="bbox 1978 1680 3632 1759; baseline -0.007 -12"><span class='ocrx_word' id='word_1_363' title='bbox 1978 1691 2178 1759; x_wconf 89' lang='lat' dir='ltr'>stiam,</span> <span class='ocrx_word' id='word_1_364' title='bbox 2213 1689 2543 1745; x_wconf 85' lang='lat' dir='ltr'>secundum</span> <span class='ocrx_word' id='word_1_365' title='bbox 2575 1688 2731 1759; x_wconf 91' lang='lat' dir='ltr'>quod</span> <span class='ocrx_word' id='word_1_366' title='bbox 2764 1686 2987 1741; x_wconf 88' lang='lat' dir='ltr'>dictum</span> <span class='ocrx_word' id='word_1_367' title='bbox 3022 1687 3111 1740; x_wconf 91' lang='lat' dir='ltr'>est</span> <span class='ocrx_word' id='word_1_368' title='bbox 3141 1683 3198 1737; x_wconf 91' lang='lat' dir='ltr'>in</span> <span class='ocrx_word' id='word_1_369' title='bbox 3228 1681 3354 1753; x_wconf 83' lang='lat' dir='ltr'>lege</span> <span class='ocrx_word' id='word_1_370' title='bbox 3376 1680 3632 1750; x_wconf 88' lang='lat' dir='ltr'>Domini,</span> 
     </span>
    </p>
   </div>
   <div class='ocr_carea' id='block_1_49' title="bbox 1978 1771 3624 1854">
    <p class='ocr_par' dir='ltr' id='par_1_49' title="bbox 1978 1771 3624 1854">
     <span class='ocr_line' id='line_1_49' title="bbox 1978 1771 3624 1854; baseline -0.009 -18"><span class='ocrx_word' id='word_1_371' title='bbox 1978 1797 2084 1854; x_wconf 92' lang='lat' dir='ltr'>par</span> <span class='ocrx_word' id='word_1_372' title='bbox 2127 1783 2447 1848; x_wconf 88' lang='lat' dir='ltr'>turturum,</span> <span class='ocrx_word' id='word_1_373' title='bbox 2496 1780 2594 1833; x_wconf 88' lang='lat' dir='ltr'>aut</span> <span class='ocrx_word' id='word_1_374' title='bbox 2644 1777 2792 1832; x_wconf 86' lang='lat' dir='ltr'>duos</span> <span class='ocrx_word' id='word_1_375' title='bbox 2848 1773 3040 1847; x_wconf 89' lang='lat' dir='ltr'>pullos</span> <span class='ocrx_word' id='word_1_376' title='bbox 3095 1771 3501 1828; x_wconf 82' lang='lat' dir='ltr'>columbarum</span> <span class='ocrx_word' id='word_1_377' title='bbox 3551 1787 3564 1824; x_wconf 90' lang='lat'>:</span> <span class='ocrx_word' id='word_1_378' title='bbox 3604 1794 3624 1819; x_wconf 75' lang='grc' dir='ltr'>ι</span> 
     </span>
    </p>
   </div>
   <div class='ocr_carea' id='block_1_50' title="bbox 1976 1859 3627 1939">
    <p class='ocr_par' dir='ltr' id='par_1_50' title="bbox 1976 1859 3627 1939">
     <span class='ocr_line' id='line_1_50' title="bbox 1976 1859 3627 1939; baseline -0.006 -14"><span class='ocrx_word' id='word_1_379' title='bbox 1976 1869 2088 1925; x_wconf 92' lang='lat' dir='ltr'>hoc</span> <span class='ocrx_word' id='word_1_380' title='bbox 2119 1868 2188 1924; x_wconf 89' lang='lat' dir='ltr'>de</span> <span class='ocrx_word' id='word_1_381' title='bbox 2219 1866 2455 1939; x_wconf 84' lang='lat' dir='ltr'>Virgine</span> <span class='ocrx_word' id='word_1_382' title='bbox 2485 1882 2553 1922; x_wconf 88' lang='lat' dir='ltr'>ac</span> <span class='ocrx_word' id='word_1_383' title='bbox 2582 1866 2712 1937; x_wconf 86' lang='lat' dir='ltr'>ejus</span> <span class='ocrx_word' id='word_1_384' title='bbox 2744 1879 2979 1937; x_wconf 86' lang='lat' dir='ltr'>sponso.</span> <span class='ocrx_word' id='word_1_385' title='bbox 3014 1862 3175 1927; x_wconf 87' lang='lat' dir='ltr'>Quod</span> <span class='ocrx_word' id='word_1_386' title='bbox 3207 1862 3254 1916; x_wconf 91' lang='lat' dir='ltr'>si</span> <span class='ocrx_word' id='word_1_387' title='bbox 3288 1861 3359 1916; x_wconf 91' lang='lat' dir='ltr'>de</span> <span class='ocrx_word' id='word_1_388' title='bbox 3402 1859 3627 1915; x_wconf 84' lang='lat' dir='ltr'>infante</span> 
     </span>
    </p>
   </div>
   <div class='ocr_carea' id='block_1_51' title="bbox 1975 1950 3623 2031">
    <p class='ocr_par' dir='ltr' id='par_1_51' title="bbox 1975 1950 3623 2031">
     <span class='ocr_line' id='line_1_51' title="bbox 1975 1950 3623 2031; baseline -0.007 -15"><span class='ocrx_word' id='word_1_389' title='bbox 1975 1974 2207 2031; x_wconf 87' lang='lat' dir='ltr'>quoque</span> <span class='ocrx_word' id='word_1_390' title='bbox 2248 1957 2539 2028; x_wconf 85' lang='lat' dir='ltr'>dicantur,</span> <span class='ocrx_word' id='word_1_391' title='bbox 2572 1953 2716 2010; x_wconf 88' lang='lat' dir='ltr'>nihil</span> <span class='ocrx_word' id='word_1_392' title='bbox 2766 1951 3111 2010; x_wconf 90' lang='lat' dir='ltr'>absurdum.</span> <span class='ocrx_word' id='word_1_393' title='bbox 3162 1951 3270 2017; x_wconf 90' lang='lat' dir='ltr'>Qui</span> <span class='ocrx_word' id='word_1_394' title='bbox 3317 1950 3475 2006; x_wconf 91' lang='lat' dir='ltr'>enim</span> <span class='ocrx_word' id='word_1_395' title='bbox 3506 1965 3623 2006; x_wconf 91' lang='lat' dir='ltr'>non</span> 
     </span>
    </p>
   </div>
   <div class='ocr_carea' id='block_1_52' title="bbox 1973 2041 3618 2120">
    <p class='ocr_par' dir='ltr' id='par_1_52' title="bbox 1973 2041 3618 2120">
     <span class='ocr_line' id='line_1_52' title="bbox 1973 2041 3618 2120; baseline -0.003 -16"><span class='ocrx_word' id='word_1_396' title='bbox 1973 2048 2326 2120; x_wconf 88' lang='lat' dir='ltr'>dedignatus</span> <span class='ocrx_word' id='word_1_397' title='bbox 2355 2050 2448 2101; x_wconf 88' lang='lat' dir='ltr'>est</span> <span class='ocrx_word' id='word_1_398' title='bbox 2476 2044 2799 2101; x_wconf 84' lang='lat' dir='ltr'>secundum</span> <span class='ocrx_word' id='word_1_399' title='bbox 2842 2042 3029 2115; x_wconf 82' lang='lat' dir='ltr'>legem</span> <span class='ocrx_word' id='word_1_400' title='bbox 3080 2041 3440 2114; x_wconf 87' lang='lat' dir='ltr'>circumcidi,</span> <span class='ocrx_word' id='word_1_401' title='bbox 3475 2059 3618 2117; x_wconf 91' lang='lat' dir='ltr'>quo-</span> 
     </span>
    </p>
   </div>
   <div class='ocr_carea' id='block_1_53' title="bbox 1973 2132 3622 2210">
    <p class='ocr_par' dir='ltr' id='par_1_53' title="bbox 1973 2132 3622 2210">
     <span class='ocr_line' id='line_1_53' title="bbox 1973 2132 3622 2210; baseline -0.001 -17"><span class='ocrx_word' id='word_1_402' title='bbox 1973 2137 2148 2193; x_wconf 88' lang='lat' dir='ltr'>modo</span> <span class='ocrx_word' id='word_1_403' title='bbox 2177 2135 2322 2210; x_wconf 86' lang='lat' dir='ltr'>legis</span> <span class='ocrx_word' id='word_1_404' title='bbox 2353 2133 2578 2191; x_wconf 81' lang='lat' dir='ltr'>hostias</span> <span class='ocrx_word' id='word_1_405' title='bbox 2608 2132 3093 2198; x_wconf 83' lang='lat' dir='ltr'>recusasset?Qui</span> <span class='ocrx_word' id='word_1_406' title='bbox 3116 2136 3343 2188; x_wconf 87' lang='lat' dir='ltr'>tantum</span> <span class='ocrx_word' id='word_1_407' title='bbox 3362 2133 3526 2190; x_wconf 79' lang='lat' dir='ltr'>abest</span> <span class='ocrx_word' id='word_1_408' title='bbox 3556 2138 3622 2191; x_wconf 89' lang='lat' dir='ltr'>ut</span> 
     </span>
    </p>
   </div>
   <div class='ocr_carea' id='block_1_54' title="bbox 1973 2220 3621 2296">
    <p class='ocr_par' dir='ltr' id='par_1_54' title="bbox 1973 2220 3621 2296">
     <span class='ocr_line' id='line_1_54' title="bbox 1973 2220 3621 2296; baseline -0.002 -14"><span class='ocrx_word' id='word_1_409' title='bbox 1973 2241 2042 2282; x_wconf 88' lang='lat' dir='ltr'>ea</span> <span class='ocrx_word' id='word_1_410' title='bbox 2084 2225 2342 2285; x_wconf 68' lang='lat' dir='ltr'>differret</span> <span class='ocrx_word' id='word_1_411' title='bbox 2388 2227 2489 2281; x_wconf 90' lang='lat' dir='ltr'>aut</span> <span class='ocrx_word' id='word_1_412' title='bbox 2548 2222 2982 2289; x_wconf 86' lang='lat' dir='ltr'>intermitteret,</span> <span class='ocrx_word' id='word_1_413' title='bbox 3014 2226 3079 2277; x_wconf 90' lang='lat' dir='ltr'>ut</span> <span class='ocrx_word' id='word_1_414' title='bbox 3114 2237 3183 2278; x_wconf 90' lang='lat' dir='ltr'>ne</span> <span class='ocrx_word' id='word_1_415' title='bbox 3213 2220 3455 2277; x_wconf 87' lang='lat' dir='ltr'>Joannis</span> <span class='ocrx_word' id='word_1_416' title='bbox 3488 2223 3621 2296; x_wconf 85' lang='lat' dir='ltr'>qui-</span> 
     </span>
    </p>
   </div>
   <div class='ocr_carea' id='block_1_55' title="bbox 1974 2310 3623 2386">
    <p class='ocr_par' dir='ltr' id='par_1_55' title="bbox 1974 2310 3623 2386">
     <span class='ocr_line' id='line_1_55' title="bbox 1974 2310 3623 2386; baseline -0.001 -16"><span class='ocrx_word' id='word_1_417' title='bbox 1974 2316 2107 2370; x_wconf 87' lang='lat' dir='ltr'>dem</span> <span class='ocrx_word' id='word_1_418' title='bbox 2177 2313 2468 2386; x_wconf 86' lang='lat' dir='ltr'>baptismo</span> <span class='ocrx_word' id='word_1_419' title='bbox 2517 2310 2797 2384; x_wconf 84' lang='lat' dir='ltr'>baptizari</span> <span class='ocrx_word' id='word_1_420' title='bbox 2848 2310 3166 2378; x_wconf 86' lang='lat' dir='ltr'>abnuerit;</span> <span class='ocrx_word' id='word_1_421' title='bbox 3217 2311 3450 2368; x_wconf 88' lang='lat' dir='ltr'>etiamsi</span> <span class='ocrx_word' id='word_1_422' title='bbox 3499 2313 3623 2385; x_wconf 89' lang='lat' dir='ltr'>ipse</span> 
     </span>
    </p>
   </div>
   <div class='ocr_carea' id='block_1_56' title="bbox 1974 2399 3625 2476">
    <p class='ocr_par' dir='ltr' id='par_1_56' title="bbox 1974 2399 3625 2476">
     <span class='ocr_line' id='line_1_56' title="bbox 1974 2399 3625 2476; baseline -0.001 -16"><span class='ocrx_word' id='word_1_423' title='bbox 1974 2403 2237 2476; x_wconf 84' lang='lat' dir='ltr'>Baptista</span> <span class='ocrx_word' id='word_1_424' title='bbox 2267 2418 2414 2475; x_wconf 87' lang='lat' dir='ltr'>opus</span> <span class='ocrx_word' id='word_1_425' title='bbox 2444 2401 2685 2457; x_wconf 86' lang='lat' dir='ltr'>haberet</span> <span class='ocrx_word' id='word_1_426' title='bbox 2708 2400 2780 2456; x_wconf 84' lang='lat' dir='ltr'>ab</span> <span class='ocrx_word' id='word_1_427' title='bbox 2811 2416 2877 2455; x_wconf 90' lang='lat' dir='ltr'>eo</span> <span class='ocrx_word' id='word_1_428' title='bbox 2914 2399 3220 2473; x_wconf 87' lang='lat' dir='ltr'>baptizari.</span> <span class='ocrx_word' id='word_1_429' title='bbox 3272 2401 3356 2456; x_wconf 87' lang='lat' dir='ltr'>Ita</span> <span class='ocrx_word' id='word_1_430' title='bbox 3413 2402 3625 2459; x_wconf 89' lang='lat' dir='ltr'>nihilo-</span> 
     </span>
    </p>
   </div>
   <div class='ocr_carea' id='block_1_57' title="bbox 1976 2487 3630 2564">
    <p class='ocr_par' dir='ltr' id='par_1_57' title="bbox 1976 2487 3630 2564">
     <span class='ocr_line' id='line_1_57' title="bbox 1976 2487 3630 2564; baseline -0.001 -16"><span class='ocrx_word' id='word_1_431' title='bbox 1976 2492 2175 2548; x_wconf 89' lang='lat' dir='ltr'>minus</span> <span class='ocrx_word' id='word_1_432' title='bbox 2222 2507 2287 2548; x_wconf 86' lang='lat' dir='ltr'>se</span> <span class='ocrx_word' id='word_1_433' title='bbox 2346 2489 2514 2547; x_wconf 88' lang='lat' dir='ltr'>nobis</span> <span class='ocrx_word' id='word_1_434' title='bbox 2578 2487 3004 2562; x_wconf 82' lang='lat' dir='ltr'>attemperavit,</span> <span class='ocrx_word' id='word_1_435' title='bbox 3064 2492 3238 2561; x_wconf 87' lang='lat' dir='ltr'>atque</span> <span class='ocrx_word' id='word_1_436' title='bbox 3280 2493 3444 2545; x_wconf 92' lang='lat' dir='ltr'>tanta</span> <span class='ocrx_word' id='word_1_437' title='bbox 3491 2507 3630 2564; x_wconf 89' lang='lat' dir='ltr'>erga</span> 
     </span>
    </p>
   </div>
   <div class='ocr_carea' id='block_1_58' title="bbox 1977 2578 3626 2652">
    <p class='ocr_par' dir='ltr' id='par_1_58' title="bbox 1977 2578 3626 2652">
     <span class='ocr_line' id='line_1_58' title="bbox 1977 2578 3626 2652; baseline -0.001 -15"><span class='ocrx_word' id='word_1_438' title='bbox 1977 2597 2084 2637; x_wconf 83' lang='lat' dir='ltr'>nos</span> <span class='ocrx_word' id='word_1_439' title='bbox 2116 2579 2426 2636; x_wconf 89' lang='lat' dir='ltr'>clementia</span> <span class='ocrx_word' id='word_1_440' title='bbox 2473 2583 2775 2652; x_wconf 88' lang='lat' dir='ltr'>permotus</span> <span class='ocrx_word' id='word_1_441' title='bbox 2826 2581 2951 2647; x_wconf 84' lang='lat' dir='ltr'>est;</span> <span class='ocrx_word' id='word_1_442' title='bbox 2996 2581 3063 2633; x_wconf 89' lang='lat' dir='ltr'>ut</span> <span class='ocrx_word' id='word_1_443' title='bbox 3108 2595 3219 2634; x_wconf 90' lang='lat' dir='ltr'>non</span> <span class='ocrx_word' id='word_1_444' title='bbox 3254 2579 3443 2635; x_wconf 83' lang='lat' dir='ltr'>solum</span> <span class='ocrx_word' id='word_1_445' title='bbox 3471 2578 3626 2652; x_wconf 87' lang='lat' dir='ltr'>lega-</span> 
     </span>
    </p>
   </div>
   <div class='ocr_carea' id='block_1_59' title="bbox 1973 2668 3627 2742">
    <p class='ocr_par' dir='ltr' id='par_1_59' title="bbox 1973 2668 3627 2742">
     <span class='ocr_line' id='line_1_59' title="bbox 1973 2668 3627 2742; baseline -0.001 -15"><span class='ocrx_word' id='word_1_446' title='bbox 1973 2671 2076 2740; x_wconf 84' lang='lat' dir='ltr'>lia,</span> <span class='ocrx_word' id='word_1_447' title='bbox 2107 2671 2208 2727; x_wconf 87' lang='lat' dir='ltr'>sed</span> <span class='ocrx_word' id='word_1_448' title='bbox 2236 2686 2469 2726; x_wconf 90' lang='lat' dir='ltr'>erucem</span> <span class='ocrx_word' id='word_1_449' title='bbox 2503 2674 2677 2741; x_wconf 88' lang='lat' dir='ltr'>atque</span> <span class='ocrx_word' id='word_1_450' title='bbox 2711 2672 2958 2725; x_wconf 83' lang='lat' dir='ltr'>mortem</span> <span class='ocrx_word' id='word_1_451' title='bbox 2989 2668 3327 2735; x_wconf 79' lang='lat' dir='ltr'>sustineret,</span> <span class='ocrx_word' id='word_1_452' title='bbox 3373 2686 3487 2742; x_wconf 91' lang='lat' dir='ltr'>quo</span> <span class='ocrx_word' id='word_1_453' title='bbox 3522 2687 3627 2726; x_wconf 89' lang='lat' dir='ltr'>nos</span> 
     </span>
    </p>
   </div>
   <div class='ocr_carea' id='block_1_60' title="bbox 1976 2757 3625 2832">
    <p class='ocr_par' dir='ltr' id='par_1_60' title="bbox 1976 2757 3625 2832">
     <span class='ocr_line' id='line_1_60' title="bbox 1976 2757 3625 2832; baseline -0.001 -16"><span class='ocrx_word' id='word_1_454' title='bbox 1976 2759 2203 2817; x_wconf 73' lang='lat' dir='ltr'>inferne</span> <span class='ocrx_word' id='word_1_455' title='bbox 2233 2760 2292 2815; x_wconf 91' lang='lat' dir='ltr'>in</span> <span class='ocrx_word' id='word_1_456' title='bbox 2310 2758 2800 2832; x_wconf 86' lang='lat' dir='ltr'>transgressionis</span> <span class='ocrx_word' id='word_1_457' title='bbox 2825 2758 2995 2813; x_wconf 86' lang='lat' dir='ltr'>ruina</span> <span class='ocrx_word' id='word_1_458' title='bbox 3014 2757 3380 2829; x_wconf 72' lang='lat' dir='ltr'>jacentes,ai</span> <span class='ocrx_word' id='word_1_459' title='bbox 3404 2775 3465 2814; x_wconf 93' lang='lat' dir='ltr'>se</span> <span class='ocrx_word' id='word_1_460' title='bbox 3494 2776 3625 2831; x_wconf 86' lang='lat' dir='ltr'>per-</span> 
     </span>
    </p>
   </div>
   <div class='ocr_carea' id='block_1_61' title="bbox 1976 2848 2253 2906">
    <p class='ocr_par' dir='ltr' id='par_1_61' title="bbox 1976 2848 2253 2906">
     <span class='ocr_line' id='line_1_61' title="bbox 1976 2848 2253 2906; baseline -0.007 0"><span class='ocrx_word' id='word_1_461' title='bbox 1976 2848 2253 2906; x_wconf 84' lang='lat' dir='ltr'>traheret.</span> 
     </span>
    </p>
   </div>
   <div class='ocr_carea' id='block_1_62' title="bbox 2045 2936 3623 3010">
    <p class='ocr_par' dir='ltr' id='par_1_62' title="bbox 2045 2936 3623 3010">
     <span class='ocr_line' id='line_1_62' title="bbox 2045 2936 3623 3010; baseline -0.001 -17"><span class='ocrx_word' id='word_1_462' title='bbox 2045 2941 2098 2995; x_wconf 93' lang='lat'>7.</span> <span class='ocrx_word' id='word_1_463' title='bbox 2134 2962 2161 2989; x_wconf 87' lang='grc'>‹‹</span> <span class='ocrx_word' id='word_1_464' title='bbox 2196 2940 2262 2995; x_wconf 86' lang='lat' dir='ltr'>Et</span> <span class='ocrx_word' id='word_1_465' title='bbox 2293 2953 2444 3009; x_wconf 89' lang='lat' dir='ltr'>ecce,</span> <span class='ocrx_word' id='word_1_466' title='bbox 2494 2937 2708 3010; x_wconf 88' lang='lat' dir='ltr'>inquit,</span> <span class='ocrx_word' id='word_1_467' title='bbox 2757 2936 2933 2992; x_wconf 91' lang='lat' dir='ltr'>homo</span> <span class='ocrx_word' id='word_1_468' title='bbox 2984 2940 3108 2992; x_wconf 89' lang='lat' dir='ltr'>erat</span> <span class='ocrx_word' id='word_1_469' title='bbox 3155 2936 3211 2990; x_wconf 85' lang='lat' dir='ltr'>in</span> <span class='ocrx_word' id='word_1_470' title='bbox 3270 2936 3623 2999; x_wconf 77' lang='lat' dir='ltr'>Jerusalem,</span> 
     </span>
    </p>
   </div>
   <div class='ocr_carea' id='block_1_63' title="bbox 1975 3026 3623 3100">
    <p class='ocr_par' dir='ltr' id='par_1_63' title="bbox 1975 3026 3623 3100">
     <span class='ocr_line' id='line_1_63' title="bbox 1975 3026 3623 3100; baseline -0.001 -15"><span class='ocrx_word' id='word_1_471' title='bbox 1975 3028 2069 3085; x_wconf 94' lang='lat' dir='ltr'>cui</span> <span class='ocrx_word' id='word_1_472' title='bbox 2103 3045 2312 3084; x_wconf 85' lang='lat' dir='ltr'>nomen</span> <span class='ocrx_word' id='word_1_473' title='bbox 2344 3028 2592 3100; x_wconf 83' lang='lat' dir='ltr'>Symeon</span> <span class='ocrx_word' id='word_1_474' title='bbox 2627 3044 2639 3083; x_wconf 89' lang='lat'><strong><em>:</em></strong></span> <span class='ocrx_word' id='word_1_475' title='bbox 2676 3030 2731 3081; x_wconf 90' lang='lat' dir='ltr'>et</span> <span class='ocrx_word' id='word_1_476' title='bbox 2763 3026 2935 3082; x_wconf 88' lang='lat' dir='ltr'>homo</span> <span class='ocrx_word' id='word_1_477' title='bbox 2966 3026 3075 3082; x_wconf 91' lang='lat' dir='ltr'>iste</span> <span class='ocrx_word' id='word_1_478' title='bbox 3099 3027 3321 3097; x_wconf 87' lang='lat' dir='ltr'>justus,</span> <span class='ocrx_word' id='word_1_479' title='bbox 3354 3030 3412 3081; x_wconf 89' lang='lat' dir='ltr'>et</span> <span class='ocrx_word' id='word_1_480' title='bbox 3451 3026 3623 3083; x_wconf 85' lang='lat' dir='ltr'>timo-</span> 
     </span>
    </p>
   </div>
   <div class='ocr_carea' id='block_1_64' title="bbox 1977 3114 3629 3189">
    <p class='ocr_par' dir='ltr' id='par_1_64' title="bbox 1977 3114 3629 3189">
     <span class='ocr_line' id='line_1_64' title="bbox 1977 3114 3629 3189; baseline -0.001 -16"><span class='ocrx_word' id='word_1_481' title='bbox 1977 3122 2141 3174; x_wconf 86' lang='lat' dir='ltr'>ratus</span> <span class='ocrx_word' id='word_1_482' title='bbox 2190 3120 2536 3189; x_wconf 85' lang='lat' dir='ltr'>exspectans</span> <span class='ocrx_word' id='word_1_483' title='bbox 2585 3114 3045 3171; x_wconf 84' lang='lat' dir='ltr'>consolationem</span> <span class='ocrx_word' id='word_1_484' title='bbox 3105 3115 3274 3171; x_wconf 87' lang='lat' dir='ltr'>lsrael</span> <span class='ocrx_word' id='word_1_485' title='bbox 3310 3115 3373 3170; x_wconf 80' lang='grc'>²³.</span> <span class='ocrx_word' id='word_1_486' title='bbox 3408 3136 3436 3166; x_wconf 85' lang='grc'><strong>››</strong></span> <span class='ocrx_word' id='word_1_487' title='bbox 3485 3115 3629 3179; x_wconf 89' lang='lat' dir='ltr'>Quis</span> 
     </span>
    </p>
   </div>
   <div class='ocr_carea' id='block_1_65' title="bbox 1975 3204 3627 3277">
    <p class='ocr_par' dir='ltr' id='par_1_65' title="bbox 1975 3204 3627 3277">
     <span class='ocr_line' id='line_1_65' title="bbox 1975 3204 3627 3277; baseline -0.001 -15"><span class='ocrx_word' id='word_1_488' title='bbox 1975 3206 2097 3262; x_wconf 90' lang='lat' dir='ltr'>viro</span> <span class='ocrx_word' id='word_1_489' title='bbox 2148 3206 2469 3277; x_wconf 86' lang='lat' dir='ltr'>digniorem</span> <span class='ocrx_word' id='word_1_490' title='bbox 2520 3204 2751 3260; x_wconf 89' lang='lat' dir='ltr'>laudem</span> <span class='ocrx_word' id='word_1_491' title='bbox 2821 3220 2996 3276; x_wconf 90' lang='lat' dir='ltr'>quam</span> <span class='ocrx_word' id='word_1_492' title='bbox 3050 3220 3236 3275; x_wconf 87' lang='lat' dir='ltr'>pauca</span> <span class='ocrx_word' id='word_1_493' title='bbox 3294 3204 3627 3261; x_wconf 80' lang='lat' dir='ltr'>istiusmodi</span> 
     </span>
    </p>
   </div>
   <div class='ocr_carea' id='block_1_66' title="bbox 223 3281 1866 3371">
    <p class='ocr_par' dir='ltr' id='par_1_66' title="bbox 223 3291 1865 3371">
     <span class='ocr_line' id='line_1_66' title="bbox 223 3291 1865 3371; baseline 0.001 -25"><span class='ocrx_word' id='word_1_494' title='bbox 223 3297 319 3347; x_wconf 81' lang='grc' dir='ltr'>τῶν</span> <span class='ocrx_word' id='word_1_495' title='bbox 362 3293 580 3349; x_wconf 67' lang='grc' dir='ltr'>τούτων</span> <span class='ocrx_word' id='word_1_496' title='bbox 629 3292 890 3371; x_wconf 76' lang='grc' dir='ltr'>ῥημάτων</span> <span class='ocrx_word' id='word_1_497' title='bbox 933 3298 1014 3366; x_wconf 84' lang='grc' dir='ltr'>τῷ</span> <span class='ocrx_word' id='word_1_498' title='bbox 1044 3291 1194 3368; x_wconf 81' lang='grc' dir='ltr'>ἀνδρὶ</span> <span class='ocrx_word' id='word_1_499' title='bbox 1220 3294 1647 3370; x_wconf 67' lang='grc' dir='ltr'>προσκομίσειες</span> <span class='ocrx_word' id='word_1_500' title='bbox 1701 3319 1727 3345; x_wconf 84' lang='grc' dir='ltr'>ιι</span> <span class='ocrx_word' id='word_1_501' title='bbox 1766 3294 1865 3352; x_wconf 85' lang='grc' dir='ltr'>Καὶ</span> 
     </span>
    </p>
   </div>
   <div class='ocr_carea' id='block_1_67' title="bbox 1980 3281 3627 3371">
    <p class='ocr_par' dir='ltr' id='par_1_67' title="bbox 1980 3292 3627 3366">
     <span class='ocr_line' id='line_1_67' title="bbox 1980 3292 3627 3366; baseline -0.001 -14"><span class='ocrx_word' id='word_1_502' title='bbox 1980 3297 2153 3352; x_wconf 87' lang='lat' dir='ltr'>verba</span> <span class='ocrx_word' id='word_1_503' title='bbox 2181 3295 2685 3366; x_wconf 89' lang='lat' dir='ltr'>complectunctur</span> <span class='ocrx_word' id='word_1_504' title='bbox 2716 3292 2920 3348; x_wconf 71' lang='lat' dir='ltr'>afferre</span> <span class='ocrx_word' id='word_1_505' title='bbox 2952 3292 3184 3364; x_wconf 85' lang='lat' dir='ltr'>possit?</span> <span class='ocrx_word' id='word_1_506' title='bbox 3217 3315 3244 3343; x_wconf 87' lang='grc'><strong>‹‹</strong></span> <span class='ocrx_word' id='word_1_507' title='bbox 3279 3294 3422 3350; x_wconf 89' lang='lat' dir='ltr'>Ecce</span> <span class='ocrx_word' id='word_1_508' title='bbox 3453 3293 3627 3351; x_wconf 88' lang='lat' dir='ltr'>homo</span> 
     </span>
    </p>
   </div>
   <div class='ocr_carea' id='block_1_68' title="bbox 226 3378 1867 3462">
    <p class='ocr_par' dir='ltr' id='par_1_68' title="bbox 226 3378 1867 3462">
     <span class='ocr_line' id='line_1_68' title="bbox 226 3378 1867 3462; baseline 0.001 -26"><span class='ocrx_word' id='word_1_509' title='bbox 226 3378 335 3438; x_wconf 73' lang='grc' dir='ltr'>ἴδοὺ</span> <span class='ocrx_word' id='word_1_510' title='bbox 362 3385 424 3454; x_wconf 78' lang='grc' dir='ltr'>ἧν</span> <span class='ocrx_word' id='word_1_511' title='bbox 486 3381 798 3459; x_wconf 73' lang='grc' dir='ltr'>ἄνθρωπος’</span> <span class='ocrx_word' id='word_1_512' title='bbox 857 3408 886 3435; x_wconf 79' lang='grc'>››</span> <span class='ocrx_word' id='word_1_513' title='bbox 945 3382 1221 3458; x_wconf 75' lang='grc' dir='ltr'>ἅνθρωπος</span> <span class='ocrx_word' id='word_1_514' title='bbox 1278 3384 1340 3438; x_wconf 85' lang='grc' dir='ltr'>τὸ</span> <span class='ocrx_word' id='word_1_515' title='bbox 1372 3385 1721 3462; x_wconf 79' lang='grc' dir='ltr'>φαινόμενον,</span> <span class='ocrx_word' id='word_1_516' title='bbox 1779 3383 1867 3439; x_wconf 81' lang='grc' dir='ltr'>καὶ</span> 
     </span>
    </p>
   </div>
   <div class='ocr_carea' id='block_1_69' title="bbox 230 3469 1864 3549">
    <p class='ocr_par' dir='ltr' id='par_1_69' title="bbox 230 3469 1864 3549">
     <span class='ocr_line' id='line_1_69' title="bbox 230 3469 1864 3549; baseline 0.001 -26"><span class='ocrx_word' id='word_1_517' title='bbox 230 3470 347 3546; x_wconf 72' lang='grc' dir='ltr'>ὑπὲρ</span> <span class='ocrx_word' id='word_1_518' title='bbox 378 3471 670 3549; x_wconf 71' lang='grc' dir='ltr'>ἄνθρωπον</span> <span class='ocrx_word' id='word_1_519' title='bbox 696 3472 761 3528; x_wconf 79' lang='grc' dir='ltr'>τὸ</span> <span class='ocrx_word' id='word_1_520' title='bbox 789 3471 1109 3546; x_wconf 78' lang='grc' dir='ltr'>νοούμενον·</span> <span class='ocrx_word' id='word_1_521' title='bbox 1163 3469 1445 3548; x_wconf 81' lang='grc' dir='ltr'>ἅνθρωπος</span> <span class='ocrx_word' id='word_1_522' title='bbox 1503 3474 1603 3542; x_wconf 74' lang='grc' dir='ltr'>τὴν</span> <span class='ocrx_word' id='word_1_523' title='bbox 1663 3471 1864 3543; x_wconf 80' lang='grc' dir='ltr'>οὐσίαν,</span> 
     </span>
    </p>
   </div>
   <div class='ocr_carea' id='block_1_70' title="bbox 229 3557 1867 3638">
    <p class='ocr_par' dir='ltr' id='par_1_70' title="bbox 229 3557 1867 3638">
     <span class='ocr_line' id='line_1_70' title="bbox 229 3557 1867 3638; baseline 0.002 -25"><span class='ocrx_word' id='word_1_524' title='bbox 229 3557 359 3615; x_wconf 79' lang='grc' dir='ltr'>ἀλλᾶ</span> <span class='ocrx_word' id='word_1_525' title='bbox 383 3563 483 3631; x_wconf 80' lang='grc' dir='ltr'>τὴν</span> <span class='ocrx_word' id='word_1_526' title='bbox 525 3560 673 3633; x_wconf 83' lang='grc' dir='ltr'>ἀξίαν</span> <span class='ocrx_word' id='word_1_527' title='bbox 701 3560 897 3634; x_wconf 85' lang='grc' dir='ltr'>πολλῷ</span> <span class='ocrx_word' id='word_1_528' title='bbox 924 3567 1003 3634; x_wconf 82' lang='grc' dir='ltr'>τῷ</span> <span class='ocrx_word' id='word_1_529' title='bbox 1036 3563 1184 3635; x_wconf 83' lang='grc' dir='ltr'>μὲσῳ</span> <span class='ocrx_word' id='word_1_530' title='bbox 1229 3565 1337 3617; x_wconf 81' lang='grc' dir='ltr'>τῶν</span> <span class='ocrx_word' id='word_1_531' title='bbox 1377 3561 1677 3636; x_wconf 83' lang='grc' dir='ltr'>ἀνθρώπων</span> <span class='ocrx_word' id='word_1_532' title='bbox 1712 3561 1867 3638; x_wconf 77' lang='grc' dir='ltr'>ὑπερ-</span> 
     </span>
    </p>
   </div>
   <div class='ocr_carea' id='block_1_71' title="bbox 231 3646 1864 3727">
    <p class='ocr_par' dir='ltr' id='par_1_71' title="bbox 231 3646 1864 3727">
     <span class='ocr_line' id='line_1_71' title="bbox 231 3646 1864 3727; baseline 0.001 -25"><span class='ocrx_word' id='word_1_533' title='bbox 231 3646 459 3722; x_wconf 78' lang='grc' dir='ltr'>κείμενος</span> <span class='ocrx_word' id='word_1_534' title='bbox 489 3652 631 3725; x_wconf 82' lang='grc'>(26)·</span> <span class='ocrx_word' id='word_1_535' title='bbox 661 3651 762 3720; x_wconf 71' lang='grc' dir='ltr'>τὴν</span> <span class='ocrx_word' id='word_1_536' title='bbox 794 3650 950 3727; x_wconf 72' lang='grc' dir='ltr'>φύσιν</span> <span class='ocrx_word' id='word_1_537' title='bbox 983 3647 1287 3725; x_wconf 70' lang='grc' dir='ltr'>ἄνθρωπος,</span> <span class='ocrx_word' id='word_1_538' title='bbox 1330 3648 1475 3707; x_wconf 82' lang='grc' dir='ltr'>ἀλλᾶ</span> <span class='ocrx_word' id='word_1_539' title='bbox 1520 3651 1618 3720; x_wconf 75' lang='grc' dir='ltr'>τήν</span> <span class='ocrx_word' id='word_1_540' title='bbox 1670 3650 1864 3727; x_wconf 73' lang='grc' dir='ltr'>ἀρετὴν</span> 
     </span>
    </p>
   </div>
   <div class='ocr_carea' id='block_1_72' title="bbox 229 3734 1863 3815">
    <p class='ocr_par' dir='ltr' id='par_1_72' title="bbox 229 3734 1863 3815">
     <span class='ocr_line' id='line_1_72' title="bbox 229 3734 1863 3815; baseline 0.002 -26"><span class='ocrx_word' id='word_1_541' title='bbox 229 3734 463 3813; x_wconf 76' lang='grc' dir='ltr'>ἄγγελος,</span> <span class='ocrx_word' id='word_1_542' title='bbox 535 3740 859 3815; x_wconf 72' lang='grc' dir='ltr'>’Ἄνθρωπος</span> <span class='ocrx_word' id='word_1_543' title='bbox 915 3739 1182 3810; x_wconf 72' lang='grc' dir='ltr'>αἰσθητὴν</span> <span class='ocrx_word' id='word_1_544' title='bbox 1243 3740 1338 3811; x_wconf 72' lang='grc' dir='ltr'>μὲν</span> <span class='ocrx_word' id='word_1_545' title='bbox 1394 3737 1714 3813; x_wconf 72' lang='grc' dir='ltr'>ἐνδιαίτημα</span> <span class='ocrx_word' id='word_1_546' title='bbox 1765 3740 1863 3808; x_wconf 75' lang='grc' dir='ltr'>τήν</span> 
     </span>
    </p>
   </div>
   <div class='ocr_carea' id='block_1_73' title="bbox 233 3825 1866 3904">
    <p class='ocr_par' dir='ltr' id='par_1_73' title="bbox 233 3825 1866 3904">
     <span class='ocr_line' id='line_1_73' title="bbox 233 3825 1866 3904; baseline 0.001 -24"><span class='ocrx_word' id='word_1_547' title='bbox 233 3828 366 3882; x_wconf 73' lang='grc' dir='ltr'>κάτω</span> <span class='ocrx_word' id='word_1_548' title='bbox 419 3827 793 3904; x_wconf 74' lang='grc' dir='ltr'>Ἰερουσαλήμ</span> <span class='ocrx_word' id='word_1_549' title='bbox 844 3828 1201 3901; x_wconf 74' lang='grc' dir='ltr'>κεκτημένος·</span> <span class='ocrx_word' id='word_1_550' title='bbox 1262 3828 1457 3899; x_wconf 88' lang='grc' dir='ltr'>νοητὸν</span> <span class='ocrx_word' id='word_1_551' title='bbox 1517 3825 1573 3882; x_wconf 75' lang='grc' dir='ltr'>δὲ</span> <span class='ocrx_word' id='word_1_552' title='bbox 1628 3829 1726 3898; x_wconf 72' lang='grc' dir='ltr'>τὴν</span> <span class='ocrx_word' id='word_1_553' title='bbox 1757 3826 1866 3883; x_wconf 77' lang='grc' dir='ltr'>ἄνω</span> 
     </span>
    </p>
   </div>
   <div class='ocr_carea' id='block_1_74' title="bbox 230 3914 1866 3995">
    <p class='ocr_par' dir='ltr' id='par_1_74' title="bbox 230 3914 1866 3995">
     <span class='ocr_line' id='line_1_74' title="bbox 230 3914 1866 3995; baseline 0.001 -25"><span class='ocrx_word' id='word_1_554' title='bbox 230 3914 590 3991; x_wconf 65' lang='grc' dir='ltr'>Ἰερουσαλὴμ</span> <span class='ocrx_word' id='word_1_555' title='bbox 629 3916 729 3987; x_wconf 81' lang='grc' dir='ltr'>τήν</span> <span class='ocrx_word' id='word_1_556' title='bbox 789 3915 1156 3993; x_wconf 82' lang='grc' dir='ltr'>μητρόπολιν,</span> <span class='ocrx_word' id='word_1_557' title='bbox 1200 3942 1228 3969; x_wconf 85' lang='grc'><em>‹‹</em></span> <span class='ocrx_word' id='word_1_558' title='bbox 1260 3920 1325 3985; x_wconf 64' lang='grc' dir='ltr'>ἧς</span> <span class='ocrx_word' id='word_1_559' title='bbox 1356 3916 1616 3995; x_wconf 84' lang='grc' dir='ltr'>τεχνίτης</span> <span class='ocrx_word' id='word_1_560' title='bbox 1647 3917 1737 3973; x_wconf 79' lang='grc' dir='ltr'>καὶ</span> <span class='ocrx_word' id='word_1_561' title='bbox 1769 3914 1866 3988; x_wconf 73' lang='grc' dir='ltr'>δηο</span> 
     </span>
    </p>
   </div>
   <div class='ocr_carea' id='block_1_75' title="bbox 239 4004 1866 4083">
    <p class='ocr_par' dir='ltr' id='par_1_75' title="bbox 239 4004 1866 4083">
     <span class='ocr_line' id='line_1_75' title="bbox 239 4004 1866 4083; baseline 0.002 -26"><span class='ocrx_word' id='word_1_562' title='bbox 239 4007 479 4083; x_wconf 84' lang='grc' dir='ltr'>μιουργὸς</span> <span class='ocrx_word' id='word_1_563' title='bbox 520 4007 547 4060; x_wconf 91' lang='grc' dir='ltr'>ὁ</span> <span class='ocrx_word' id='word_1_564' title='bbox 578 4005 728 4069; x_wconf 81' lang='grc' dir='ltr'>Θεός·</span> <span class='ocrx_word' id='word_1_565' title='bbox 767 4028 795 4058; x_wconf 70' lang='grc' dir='ltr'>η</span> <span class='ocrx_word' id='word_1_566' title='bbox 828 4004 1112 4082; x_wconf 80' lang='grc' dir='ltr'>ἅνθρωπος</span> <span class='ocrx_word' id='word_1_567' title='bbox 1144 4004 1452 4082; x_wconf 84' lang='grc' dir='ltr'>ἀνθρώποις</span> <span class='ocrx_word' id='word_1_568' title='bbox 1489 4008 1581 4080; x_wconf 77' lang='grc' dir='ltr'>μὲν</span> <span class='ocrx_word' id='word_1_569' title='bbox 1609 4006 1678 4081; x_wconf 71' lang='grc' dir='ltr'>τῇ</span> <span class='ocrx_word' id='word_1_570' title='bbox 1710 4006 1866 4081; x_wconf 72' lang='grc' dir='ltr'>σαρκὶ</span> 
     </span>
    </p>
   </div>
   <div class='ocr_carea' id='block_1_76' title="bbox 235 4092 1868 4175">
    <p class='ocr_par' dir='ltr' id='par_1_76' title="bbox 235 4092 1868 4175">
     <span class='ocr_line' id='line_1_76' title="bbox 235 4092 1868 4175; baseline 0.003 -29"><span class='ocrx_word' id='word_1_571' title='bbox 235 4094 807 4175; x_wconf 73' lang='grc' dir='ltr'>συναναστρεφόμενος,</span> <span class='ocrx_word' id='word_1_572' title='bbox 856 4094 1108 4171; x_wconf 75' lang='grc' dir='ltr'>ἀγγέλοις</span> <span class='ocrx_word' id='word_1_573' title='bbox 1167 4092 1225 4150; x_wconf 71' lang='grc' dir='ltr'>δὲ</span> <span class='ocrx_word' id='word_1_574' title='bbox 1278 4099 1358 4169; x_wconf 76' lang='grc' dir='ltr'>τῷ</span> <span class='ocrx_word' id='word_1_575' title='bbox 1419 4096 1681 4169; x_wconf 74' lang='grc' dir='ltr'>πνε·3ματι</span> <span class='ocrx_word' id='word_1_576' title='bbox 1736 4117 1868 4170; x_wconf 86' lang='grc' dir='ltr'>συμ-</span> 
     </span>
    </p>
   </div>
   <div class='ocr_carea' id='block_1_77' title="bbox 232 4179 1864 4261">
    <p class='ocr_par' dir='ltr' id='par_1_77' title="bbox 232 4179 1864 4261">
     <span class='ocr_line' id='line_1_77' title="bbox 232 4179 1864 4261; baseline 0.002 -25"><span class='ocrx_word' id='word_1_577' title='bbox 232 4179 670 4258; x_wconf 83' lang='grc' dir='ltr'>πολιτευόμενος·</span> <span class='ocrx_word' id='word_1_578' title='bbox 708 4182 920 4259; x_wconf 74' lang='grc' dir='ltr'>μᾶλλον</span> <span class='ocrx_word' id='word_1_579' title='bbox 954 4182 1011 4240; x_wconf 78' lang='grc' dir='ltr'>δὲ</span> <span class='ocrx_word' id='word_1_580' title='bbox 1038 4183 1127 4239; x_wconf 78' lang='grc' dir='ltr'>καὶ</span> <span class='ocrx_word' id='word_1_581' title='bbox 1157 4189 1264 4240; x_wconf 81' lang='grc' dir='ltr'>τῶν</span> <span class='ocrx_word' id='word_1_582' title='bbox 1299 4183 1544 4261; x_wconf 68' lang='grc' dir='ltr'>ἀγγέλων</span> <span class='ocrx_word' id='word_1_583' title='bbox 1577 4185 1604 4238; x_wconf 87' lang='lat'>6</span> <span class='ocrx_word' id='word_1_584' title='bbox 1638 4185 1864 4257; x_wconf 86' lang='grc' dir='ltr'>Συμεὼν</span> 
     </span>
    </p>
   </div>
   <div class='ocr_carea' id='block_1_78' title="bbox 234 4269 1863 4352">
    <p class='ocr_par' dir='ltr' id='par_1_78' title="bbox 234 4269 1863 4352">
     <span class='ocr_line' id='line_1_78' title="bbox 234 4269 1836 4329; baseline 0.002 -5"><span class='ocrx_word' id='word_1_585' title='bbox 234 4269 319 4324; x_wconf 64' lang='grc' dir='ltr'>ὖπί</span> <span class='ocrx_word' id='word_1_586' title='bbox 515 4292 529 4304; x_wconf 91' lang='grc'>·</span> <span class='ocrx_word' id='word_1_587' title='bbox 620 4273 645 4292; x_wconf 86' lang='grc'><strong>”</strong></span> <span class='ocrx_word' id='word_1_588' title='bbox 833 4274 849 4293; x_wconf 77' lang='lat'><strong>‘</strong></span> <span class='ocrx_word' id='word_1_589' title='bbox 947 4271 1055 4329; x_wconf 77' lang='grc' dir='ltr'>ἐ¹</span> <span class='ocrx_word' id='word_1_590' title='bbox 1243 4274 1320 4327; x_wconf 75' lang='grc' dir='ltr'>’θ’</span> <span class='ocrx_word' id='word_1_591' title='bbox 1564 4274 1627 4328; x_wconf 80' lang='grc' dir='ltr'>ὗ·-</span> <span class='ocrx_word' id='word_1_592' title='bbox 1732 4272 1836 4328; x_wconf 66' lang='grc' dir='ltr'>ἷ““’</span> 
     </span>
     <span class='ocr_line' id='line_1_79' title="bbox 302 4291 1863 4352; baseline 0 -26"><span class='ocrx_word' id='word_1_593' title='bbox 302 4293 510 4349; x_wconf 65' lang='grc' dir='ltr'>ιρτερος</span> <span class='ocrx_word' id='word_1_594' title='bbox 590 4294 740 4352; x_wconf 87' lang='grc' dir='ltr'>ε.περ</span> <span class='ocrx_word' id='word_1_595' title='bbox 794 4295 886 4329; x_wconf 90' lang='grc' dir='ltr'>τον</span> <span class='ocrx_word' id='word_1_596' title='bbox 973 4295 1174 4336; x_wconf 87' lang='grc' dir='ltr'>κεινοις</span> <span class='ocrx_word' id='word_1_597' title='bbox 1233 4295 1265 4328; x_wconf 90' lang='grc' dir='ltr'>α</span> <span class='ocrx_word' id='word_1_598' title='bbox 1304 4295 1478 4342; x_wconf 85' lang='grc' dir='ltr'>εατον,</span> <span class='ocrx_word' id='word_1_599' title='bbox 1531 4295 1559 4329; x_wconf 93' lang='grc' dir='ltr'>ο</span> <span class='ocrx_word' id='word_1_600' title='bbox 1609 4295 1690 4337; x_wconf 81' lang='grc' dir='ltr'>..ος</span> <span class='ocrx_word' id='word_1_601' title='bbox 1755 4291 1863 4329; x_wconf 83' lang='grc' dir='ltr'>οειν</span> 
     </span>
    </p>
   </div>
   <div class='ocr_carea' id='block_1_79' title="bbox 231 4360 1862 4437">
    <p class='ocr_par' dir='ltr' id='par_1_79' title="bbox 231 4360 1862 4437">
     <span class='ocr_line' id='line_1_80' title="bbox 231 4360 1862 4437; baseline -0.001 -20"><span class='ocrx_word' id='word_1_602' title='bbox 231 4361 563 4433; x_wconf 73' lang='grc' dir='ltr'>κατηξίωται·</span> <span class='ocrx_word' id='word_1_603' title='bbox 596 4364 684 4418; x_wconf 80' lang='grc' dir='ltr'>καὶ</span> <span class='ocrx_word' id='word_1_604' title='bbox 717 4362 816 4418; x_wconf 82' lang='grc' dir='ltr'>οὐκ</span> <span class='ocrx_word' id='word_1_605' title='bbox 846 4360 975 4418; x_wconf 77' lang='grc' dir='ltr'>ἰδεῖν</span> <span class='ocrx_word' id='word_1_606' title='bbox 1008 4362 1187 4437; x_wconf 85' lang='grc' dir='ltr'>μόνον,</span> <span class='ocrx_word' id='word_1_607' title='bbox 1221 4361 1347 4418; x_wconf 83' lang='grc' dir='ltr'>ἀλλ’</span> <span class='ocrx_word' id='word_1_608' title='bbox 1377 4360 1407 4417; x_wconf 78' lang='grc' dir='ltr'>ὅ</span> <span class='ocrx_word' id='word_1_609' title='bbox 1435 4361 1631 4417; x_wconf 73' lang='grc' dir='ltr'>τούτου</span> <span class='ocrx_word' id='word_1_610' title='bbox 1679 4367 1862 4436; x_wconf 79' lang='grc' dir='ltr'>μεῖζον</span> 
     </span>
    </p>
   </div>
   <div class='ocr_carea' id='block_1_80' title="bbox 233 4449 1863 4529">
    <p class='ocr_par' dir='ltr' id='par_1_80' title="bbox 233 4449 1863 4529">
     <span class='ocr_line' id='line_1_81' title="bbox 233 4449 1863 4529; baseline 0.002 -27"><span class='ocrx_word' id='word_1_611' title='bbox 233 4449 293 4517; x_wconf 81' lang='grc' dir='ltr'>ἦν</span> <span class='ocrx_word' id='word_1_612' title='bbox 322 4452 401 4505; x_wconf 72' lang='grc' dir='ltr'>ιιαὲ</span> <span class='ocrx_word' id='word_1_613' title='bbox 448 4449 905 4529; x_wconf 79' lang='grc' dir='ltr'>παραδοξότερον,</span> <span class='ocrx_word' id='word_1_614' title='bbox 951 4452 1042 4507; x_wconf 77' lang='grc' dir='ltr'>καὶ</span> <span class='ocrx_word' id='word_1_615' title='bbox 1091 4450 1565 4526; x_wconf 78' lang='grc' dir='ltr'>ὲναγκαλίσασθαι.</span> <span class='ocrx_word' id='word_1_616' title='bbox 1616 4475 1642 4504; x_wconf 86' lang='grc'>‹‹</span> <span class='ocrx_word' id='word_1_617' title='bbox 1702 4450 1803 4508; x_wconf 84' lang='grc' dir='ltr'>Καὶ</span> <span class='ocrx_word' id='word_1_618' title='bbox 1835 4452 1863 4506; x_wconf 87' lang='lat'>6</span> 
     </span>
    </p>
   </div>
   <div class='ocr_carea' id='block_1_81' title="bbox 235 4537 1865 4617">
    <p class='ocr_par' dir='ltr' id='par_1_81' title="bbox 235 4537 1865 4617">
     <span class='ocr_line' id='line_1_82' title="bbox 235 4537 1865 4617; baseline 0.002 -25"><span class='ocrx_word' id='word_1_619' title='bbox 235 4537 505 4616; x_wconf 77' lang='grc' dir='ltr'>ἄνθρωπος</span> <span class='ocrx_word' id='word_1_620' title='bbox 538 4540 696 4604; x_wconf 76' lang='grc' dir='ltr'>οὗτος</span> <span class='ocrx_word' id='word_1_621' title='bbox 727 4539 954 4603; x_wconf 82' lang='grc' dir='ltr'>δίκαιος·</span> <span class='ocrx_word' id='word_1_622' title='bbox 1012 4565 1041 4594; x_wconf 78' lang='grc'>››</span> <span class='ocrx_word' id='word_1_623' title='bbox 1083 4538 1341 4597; x_wconf 88' lang='grc' dir='ltr'>ἀπεδίδου</span> <span class='ocrx_word' id='word_1_624' title='bbox 1391 4542 1491 4617; x_wconf 72' lang='grc' dir='ltr'>γὰρ</span> <span class='ocrx_word' id='word_1_625' title='bbox 1540 4539 1748 4614; x_wconf 71' lang='grc' dir='ltr'>ἑκάστῳ</span> <span class='ocrx_word' id='word_1_626' title='bbox 1802 4541 1865 4596; x_wconf 76' lang='grc' dir='ltr'>τὸ</span> 
     </span>
    </p>
   </div>
   <div class='ocr_carea' id='block_1_82' title="bbox 238 4627 1864 4705">
    <p class='ocr_par' dir='ltr' id='par_1_82' title="bbox 238 4627 1864 4705">
     <span class='ocr_line' id='line_1_83' title="bbox 327 4627 1692 4661; baseline 0.001 -12"><span class='ocrx_word' id='word_1_627' title='bbox 327 4630 341 4649; x_wconf 69' lang='grc' dir='ltr'>ι</span> <span class='ocrx_word' id='word_1_628' title='bbox 377 4629 388 4649; x_wconf 64' lang='lat'><strong>9</strong></span> <span class='ocrx_word' id='word_1_629' title='bbox 519 4650 531 4661; x_wconf 66' lang='grc'>,</span> <span class='ocrx_word' id='word_1_630' title='bbox 605 4635 631 4646; x_wconf 76' lang='lat'><strong>~</strong></span> <span class='ocrx_word' id='word_1_631' title='bbox 717 4631 732 4649; x_wconf 59' lang='grc' dir='ltr'><strong>ε</strong></span> <span class='ocrx_word' id='word_1_632' title='bbox 1043 4630 1057 4648; x_wconf 75' lang='lat'><strong><em>\</em></strong></span> <span class='ocrx_word' id='word_1_633' title='bbox 1155 4629 1170 4649; x_wconf 60' lang='grc' dir='ltr'>κ</span> <span class='ocrx_word' id='word_1_634' title='bbox 1264 4635 1310 4661; x_wconf 50' lang='grc' dir='ltr'>,υ</span> <span class='ocrx_word' id='word_1_635' title='bbox 1464 4629 1479 4649; x_wconf 80' lang='lat'><em>\</em></span> <span class='ocrx_word' id='word_1_636' title='bbox 1526 4627 1546 4660; x_wconf 66' lang='grc' dir='ltr'>ζ</span> <span class='ocrx_word' id='word_1_637' title='bbox 1670 4635 1692 4645; x_wconf 70' lang='grc' dir='ltr'>υ</span> 
     </span>
     <span class='ocr_line' id='line_1_84' title="bbox 238 4628 1864 4705; baseline 0.001 -23"><span class='ocrx_word' id='word_1_638' title='bbox 238 4647 325 4683; x_wconf 77' lang='grc' dir='ltr'>κπ</span> <span class='ocrx_word' id='word_1_639' title='bbox 367 4629 511 4701; x_wconf 81' lang='grc' dir='ltr'>αξίαν</span> <span class='ocrx_word' id='word_1_640' title='bbox 562 4652 644 4703; x_wconf 87' lang='grc' dir='ltr'>τῳ</span> <span class='ocrx_word' id='word_1_641' title='bbox 679 4651 771 4703; x_wconf 84' lang='grc' dir='ltr'>μεν</span> <span class='ocrx_word' id='word_1_642' title='bbox 822 4628 977 4705; x_wconf 85' lang='grc' dir='ltr'>λόγῳ</span> <span class='ocrx_word' id='word_1_643' title='bbox 1003 4651 1066 4685; x_wconf 91' lang='grc' dir='ltr'>το</span> <span class='ocrx_word' id='word_1_644' title='bbox 1113 4650 1180 4684; x_wconf 77' lang='grc' dir='ltr'>τα</span> <span class='ocrx_word' id='word_1_645' title='bbox 1228 4641 1344 4694; x_wconf 72' lang='grc' dir='ltr'>θιια</span> <span class='ocrx_word' id='word_1_646' title='bbox 1393 4651 1481 4685; x_wconf 84' lang='grc' dir='ltr'>και</span> <span class='ocrx_word' id='word_1_647' title='bbox 1525 4650 1719 4685; x_wconf 69' lang='grc' dir='ltr'>ιννοειν</span> <span class='ocrx_word' id='word_1_648' title='bbox 1773 4631 1864 4684; x_wconf 75' lang='grc' dir='ltr'>καὶ</span> 
     </span>
    </p>
   </div>
   <div class='ocr_carea' id='block_1_83' title="bbox 242 4711 1862 4795">
    <p class='ocr_par' dir='ltr' id='par_1_83' title="bbox 242 4711 1862 4795">
     <span class='ocr_line' id='line_1_85' title="bbox 242 4711 1862 4795; baseline 0.001 -24"><span class='ocrx_word' id='word_1_649' title='bbox 242 4711 548 4791; x_wconf 75' lang='grc' dir='ltr'>λογίζεσθαι·</span> <span class='ocrx_word' id='word_1_650' title='bbox 609 4720 672 4774; x_wconf 87' lang='grc' dir='ltr'>τὸ</span> <span class='ocrx_word' id='word_1_651' title='bbox 732 4716 1166 4795; x_wconf 81' lang='grc' dir='ltr'>αἷχμαλωτίζειν</span> <span class='ocrx_word' id='word_1_652' title='bbox 1231 4725 1333 4773; x_wconf 79' lang='grc' dir='ltr'>πᾶν</span> <span class='ocrx_word' id='word_1_653' title='bbox 1398 4719 1581 4790; x_wconf 78' lang='grc' dir='ltr'>νόημα</span> <span class='ocrx_word' id='word_1_654' title='bbox 1638 4718 1715 4782; x_wconf 81' lang='grc' dir='ltr'>εἰς</span> <span class='ocrx_word' id='word_1_655' title='bbox 1763 4720 1862 4788; x_wconf 78' lang='grc' dir='ltr'>τήν</span> 
     </span>
    </p>
   </div>
   <div class='ocr_carea' id='block_1_84' title="bbox 245 4803 1868 4883">
    <p class='ocr_par' dir='ltr' id='par_1_84' title="bbox 245 4803 1868 4883">
     <span class='ocr_line' id='line_1_86' title="bbox 245 4803 1868 4883; baseline 0.002 -25"><span class='ocrx_word' id='word_1_656' title='bbox 245 4803 468 4878; x_wconf 78' lang='grc' dir='ltr'>ὖπακοὴν</span> <span class='ocrx_word' id='word_1_657' title='bbox 663 4812 760 4863; x_wconf 70' lang='grc' dir='ltr'>τοῦ</span> <span class='ocrx_word' id='word_1_658' title='bbox 789 4809 1041 4883; x_wconf 72' lang='grc' dir='ltr'>Χριστοῦ⁸</span> <span class='ocrx_word' id='word_1_659' title='bbox 1078 4808 1139 4863; x_wconf 85' lang='grc' dir='ltr'>τὸ</span> <span class='ocrx_word' id='word_1_660' title='bbox 1176 4807 1252 4881; x_wconf 83' lang='grc' dir='ltr'>μὴ</span> <span class='ocrx_word' id='word_1_661' title='bbox 1304 4806 1586 4879; x_wconf 72' lang='grc' dir='ltr'>ἐπανιστᾷν</span> <span class='ocrx_word' id='word_1_662' title='bbox 1629 4808 1728 4878; x_wconf 75' lang='grc' dir='ltr'>τὴν</span> <span class='ocrx_word' id='word_1_663' title='bbox 1759 4807 1868 4863; x_wconf 71' lang='grc' dir='ltr'>κτίσ</span> 
     </span>
    </p>
   </div>
   <div class='ocr_carea' id='block_1_85' title="bbox 242 4894 1865 4976">
    <p class='ocr_par' dir='ltr' id='par_1_85' title="bbox 242 4894 1865 4976">
     <span class='ocr_line' id='line_1_87' title="bbox 242 4894 1865 4976; baseline 0.001 -27"><span class='ocrx_word' id='word_1_664' title='bbox 242 4913 313 4947; x_wconf 85' lang='grc' dir='ltr'>σιν</span> <span class='ocrx_word' id='word_1_665' title='bbox 340 4900 413 4968; x_wconf 78' lang='grc' dir='ltr'>τῷ</span> <span class='ocrx_word' id='word_1_666' title='bbox 444 4898 665 4972; x_wconf 81' lang='grc' dir='ltr'>Κτίστῃ,</span> <span class='ocrx_word' id='word_1_667' title='bbox 698 4897 835 4953; x_wconf 72' lang='grc' dir='ltr'>κατὰ</span> <span class='ocrx_word' id='word_1_668' title='bbox 862 4896 987 4959; x_wconf 73' lang='grc' dir='ltr'>τοὺς</span> <span class='ocrx_word' id='word_1_669' title='bbox 1019 4895 1270 4976; x_wconf 72' lang='grc' dir='ltr'>ἄφρονας·</span> <span class='ocrx_word' id='word_1_670' title='bbox 1304 4898 1366 4951; x_wconf 86' lang='grc' dir='ltr'>τὸ</span> <span class='ocrx_word' id='word_1_671' title='bbox 1400 4894 1569 4971; x_wconf 78' lang='grc' dir='ltr'>μηδὲν</span> <span class='ocrx_word' id='word_1_672' title='bbox 1618 4894 1718 4968; x_wconf 79' lang='grc' dir='ltr'>ἔξω</span> <span class='ocrx_word' id='word_1_673' title='bbox 1765 4903 1865 4967; x_wconf 78' lang='grc' dir='ltr'>τῆς</span> 
     </span>
    </p>
   </div>
   <div class='ocr_carea' id='block_1_86' title="bbox 244 4980 1866 5063">
    <p class='ocr_par' dir='ltr' id='par_1_86' title="bbox 244 4980 1866 5063">
     <span class='ocr_line' id='line_1_88' title="bbox 244 4980 1866 5063; baseline 0.004 -26"><span class='ocrx_word' id='word_1_674' title='bbox 244 4983 368 5047; x_wconf 79' lang='grc' dir='ltr'>θείας</span> <span class='ocrx_word' id='word_1_675' title='bbox 398 4986 527 5041; x_wconf 81' lang='grc' dir='ltr'>εἶναι</span> <span class='ocrx_word' id='word_1_676' title='bbox 557 4986 813 5063; x_wconf 86' lang='grc' dir='ltr'>προνοίας</span> <span class='ocrx_word' id='word_1_677' title='bbox 863 4980 1291 5059; x_wconf 76' lang='grc' dir='ltr'>ὑπολαμϐάνειν·</span> <span class='ocrx_word' id='word_1_678' title='bbox 1341 4987 1404 5041; x_wconf 85' lang='grc' dir='ltr'>τὸ</span> <span class='ocrx_word' id='word_1_679' title='bbox 1459 4983 1548 5041; x_wconf 77' lang='grc' dir='ltr'>διὰ</span> <span class='ocrx_word' id='word_1_680' title='bbox 1596 4991 1702 5041; x_wconf 82' lang='grc' dir='ltr'>τῶν</span> <span class='ocrx_word' id='word_1_681' title='bbox 1753 4989 1866 5061; x_wconf 79' lang='lat'>(28)</span> 
     </span>
    </p>
   </div>
   <div class='ocr_carea' id='block_1_87' title="bbox 241 5072 1867 5152">
    <p class='ocr_par' dir='ltr' id='par_1_87' title="bbox 241 5072 1867 5152">
     <span class='ocr_line' id='line_1_89' title="bbox 241 5072 1867 5152; baseline 0.004 -29"><span class='ocrx_word' id='word_1_682' title='bbox 241 5073 529 5146; x_wconf 77' lang='grc' dir='ltr'>κτισμάτων</span> <span class='ocrx_word' id='word_1_683' title='bbox 558 5074 843 5152; x_wconf 76' lang='grc' dir='ltr'>ἀναλόγως</span> <span class='ocrx_word' id='word_1_684' title='bbox 871 5074 962 5130; x_wconf 84' lang='grc' dir='ltr'>τὸν</span> <span class='ocrx_word' id='word_1_685' title='bbox 1003 5074 1381 5151; x_wconf 66' lang='grc' dir='ltr'>Γενεσιουργὸν</span> <span class='ocrx_word' id='word_1_686' title='bbox 1431 5074 1648 5130; x_wconf 80' lang='grc' dir='ltr'>ἐννοεῖν·</span> <span class='ocrx_word' id='word_1_687' title='bbox 1681 5080 1760 5147; x_wconf 80' lang='grc' dir='ltr'>τῷ</span> <span class='ocrx_word' id='word_1_688' title='bbox 1809 5072 1867 5130; x_wconf 78' lang='grc' dir='ltr'>δὶ</span> 
     </span>
    </p>
   </div>
   <div class='ocr_carea' id='block_1_88' title="bbox 248 5159 1867 5242">
    <p class='ocr_par' dir='ltr' id='par_1_88' title="bbox 248 5159 1867 5242">
     <span class='ocr_line' id='line_1_90' title="bbox 248 5159 1867 5242; baseline 0.008 -29"><span class='ocrx_word' id='word_1_689' title='bbox 248 5159 391 5234; x_wconf 74' lang='grc' dir='ltr'>θυμῷ</span> <span class='ocrx_word' id='word_1_690' title='bbox 429 5164 527 5234; x_wconf 76' lang='grc' dir='ltr'>τήν</span> <span class='ocrx_word' id='word_1_691' title='bbox 576 5165 711 5220; x_wconf 81' lang='grc' dir='ltr'>κατά</span> <span class='ocrx_word' id='word_1_692' title='bbox 755 5168 852 5221; x_wconf 78' lang='grc' dir='ltr'>τοῦ</span> <span class='ocrx_word' id='word_1_693' title='bbox 900 5159 1076 5242; x_wconf 73' lang='grc' dir='ltr'>ὄφεως</span> <span class='ocrx_word' id='word_1_694' title='bbox 1124 5162 1436 5240; x_wconf 69' lang='grc' dir='ltr'>αὐστηρίαν,</span> <span class='ocrx_word' id='word_1_695' title='bbox 1465 5163 1528 5218; x_wconf 78' lang='grc' dir='ltr'>τὸ</span> <span class='ocrx_word' id='word_1_696' title='bbox 1580 5164 1714 5219; x_wconf 78' lang='grc' dir='ltr'>κατὰ</span> <span class='ocrx_word' id='word_1_697' title='bbox 1768 5170 1867 5234; x_wconf 84' lang='grc' dir='ltr'>τῆς</span> 
     </span>
    </p>
   </div>
   <div class='ocr_carea' id='block_1_89' title="bbox 1977 3381 3630 3459">
    <p class='ocr_par' dir='ltr' id='par_1_89' title="bbox 1977 3381 3630 3459">
     <span class='ocr_line' id='line_1_91' title="bbox 1977 3381 3630 3459; baseline -0.001 -18"><span class='ocrx_word' id='word_1_698' title='bbox 1977 3388 2100 3441; x_wconf 88' lang='lat' dir='ltr'>erat</span> <span class='ocrx_word' id='word_1_699' title='bbox 2139 3402 2153 3453; x_wconf 86' lang='lat'><strong>;</strong></span> <span class='ocrx_word' id='word_1_700' title='bbox 2212 3406 2239 3459; x_wconf 60' lang='grc' dir='ltr'><strong>ῃ</strong></span> <span class='ocrx_word' id='word_1_701' title='bbox 2296 3384 2469 3439; x_wconf 89' lang='lat' dir='ltr'>homo</span> <span class='ocrx_word' id='word_1_702' title='bbox 2515 3382 2821 3438; x_wconf 71' lang='lat' dir='ltr'>videbatur</span> <span class='ocrx_word' id='word_1_703' title='bbox 2850 3386 2907 3437; x_wconf 87' lang='lat' dir='ltr'>et</span> <span class='ocrx_word' id='word_1_704' title='bbox 2936 3398 3114 3454; x_wconf 89' lang='lat' dir='ltr'>supra</span> <span class='ocrx_word' id='word_1_705' title='bbox 3144 3381 3441 3439; x_wconf 89' lang='lat' dir='ltr'>hominem</span> <span class='ocrx_word' id='word_1_706' title='bbox 3501 3401 3630 3440; x_wconf 82' lang='lat' dir='ltr'>esse</span> 
     </span>
    </p>
   </div>
   <div class='ocr_carea' id='block_1_90' title="bbox 1977 3470 3630 3547">
    <p class='ocr_par' dir='ltr' id='par_1_90' title="bbox 1977 3470 3630 3547">
     <span class='ocr_line' id='line_1_92' title="bbox 1977 3470 3630 3547; baseline 0 -18"><span class='ocrx_word' id='word_1_707' title='bbox 1977 3472 2434 3547; x_wconf 84' lang='lat' dir='ltr'>intelligebatur.</span> <span class='ocrx_word' id='word_1_708' title='bbox 2494 3470 2678 3527; x_wconf 88' lang='lat' dir='ltr'>Homo</span> <span class='ocrx_word' id='word_1_709' title='bbox 2736 3471 3116 3538; x_wconf 71' lang='lat' dir='ltr'>substantia;</span> <span class='ocrx_word' id='word_1_710' title='bbox 3192 3473 3293 3528; x_wconf 90' lang='lat' dir='ltr'>sed</span> <span class='ocrx_word' id='word_1_711' title='bbox 3347 3473 3630 3545; x_wconf 89' lang='lat' dir='ltr'>dignitate</span> 
     </span>
    </p>
   </div>
   <div class='ocr_carea' id='block_1_91' title="bbox 1980 3559 3630 3636">
    <p class='ocr_par' dir='ltr' id='par_1_91' title="bbox 1980 3559 3630 3636">
     <span class='ocr_line' id='line_1_93' title="bbox 1980 3559 3630 3636; baseline -0.002 -17"><span class='ocrx_word' id='word_1_712' title='bbox 1980 3579 2194 3636; x_wconf 89' lang='lat' dir='ltr'>magno</span> <span class='ocrx_word' id='word_1_713' title='bbox 2227 3561 2496 3618; x_wconf 90' lang='lat' dir='ltr'>homines</span> <span class='ocrx_word' id='word_1_714' title='bbox 2544 3559 2848 3615; x_wconf 88' lang='lat' dir='ltr'>intervallo</span> <span class='ocrx_word' id='word_1_715' title='bbox 2880 3560 3193 3631; x_wconf 85' lang='lat' dir='ltr'>superabat</span> <span class='ocrx_word' id='word_1_716' title='bbox 3227 3578 3239 3629; x_wconf 91' lang='lat'><strong>;</strong></span> <span class='ocrx_word' id='word_1_717' title='bbox 3290 3566 3499 3617; x_wconf 81' lang='lat' dir='ltr'>natura</span> <span class='ocrx_word' id='word_1_718' title='bbox 3528 3560 3630 3616; x_wconf 86' lang='lat' dir='ltr'>ho-</span> 
     </span>
    </p>
   </div>
   <div class='ocr_carea' id='block_1_92' title="bbox 1978 3648 3624 3721">
    <p class='ocr_par' dir='ltr' id='par_1_92' title="bbox 1978 3648 3624 3721">
     <span class='ocr_line' id='line_1_94' title="bbox 1978 3648 3624 3721; baseline -0.002 -13"><span class='ocrx_word' id='word_1_719' title='bbox 1978 3668 2096 3720; x_wconf 91' lang='lat' dir='ltr'>mo,</span> <span class='ocrx_word' id='word_1_720' title='bbox 2179 3651 2279 3708; x_wconf 90' lang='lat' dir='ltr'>sed</span> <span class='ocrx_word' id='word_1_721' title='bbox 2351 3651 2568 3706; x_wconf 87' lang='lat' dir='ltr'>virtute</span> <span class='ocrx_word' id='word_1_722' title='bbox 2642 3648 2907 3721; x_wconf 87' lang='lat' dir='ltr'>angelus.</span> <span class='ocrx_word' id='word_1_723' title='bbox 2975 3652 3159 3703; x_wconf 84' lang='lat' dir='ltr'>Homo</span> <span class='ocrx_word' id='word_1_724' title='bbox 3217 3648 3308 3704; x_wconf 89' lang='lat' dir='ltr'>cui</span> <span class='ocrx_word' id='word_1_725' title='bbox 3387 3648 3624 3720; x_wconf 88' lang='lat' dir='ltr'>quidem</span> 
     </span>
    </p>
   </div>
   <div class='ocr_carea' id='block_1_93' title="bbox 1977 3736 3620 3806">
    <p class='ocr_par' dir='ltr' id='par_1_93' title="bbox 1977 3736 3620 3806">
     <span class='ocr_line' id='line_1_95' title="bbox 1977 3736 3620 3806; baseline -0.002 -9"><span class='ocrx_word' id='word_1_726' title='bbox 1977 3739 2258 3797; x_wconf 80' lang='lat' dir='ltr'>sensibile</span> <span class='ocrx_word' id='word_1_727' title='bbox 2289 3737 2688 3796; x_wconf 83' lang='lat' dir='ltr'>habitaculum</span> <span class='ocrx_word' id='word_1_728' title='bbox 2719 3741 2843 3793; x_wconf 90' lang='lat' dir='ltr'>erat</span> <span class='ocrx_word' id='word_1_729' title='bbox 2872 3737 3113 3793; x_wconf 80' lang='lat' dir='ltr'>inferior</span> <span class='ocrx_word' id='word_1_730' title='bbox 3135 3736 3234 3792; x_wconf 83' lang='lat' dir='ltr'>illa</span> <span class='ocrx_word' id='word_1_731' title='bbox 3253 3737 3576 3793; x_wconf 87' lang='lat' dir='ltr'>Jerusalem</span> <span class='ocrx_word' id='word_1_732' title='bbox 3608 3756 3620 3806; x_wconf 89' lang='lat'>;</span> 
     </span>
    </p>
   </div>
   <div class='ocr_carea' id='block_1_94' title="bbox 1976 3825 3625 3902">
    <p class='ocr_par' dir='ltr' id='par_1_94' title="bbox 1976 3825 3625 3902">
     <span class='ocr_line' id='line_1_96' title="bbox 1976 3825 3625 3902; baseline -0.001 -17"><span class='ocrx_word' id='word_1_733' title='bbox 1976 3829 2283 3902; x_wconf 80' lang='lat' dir='ltr'>spirituale</span> <span class='ocrx_word' id='word_1_734' title='bbox 2339 3845 2498 3899; x_wconf 87' lang='lat' dir='ltr'>vero,</span> <span class='ocrx_word' id='word_1_735' title='bbox 2563 3843 2818 3899; x_wconf 89' lang='lat' dir='ltr'>superna</span> <span class='ocrx_word' id='word_1_736' title='bbox 2879 3825 3227 3895; x_wconf 84' lang='lat' dir='ltr'>Jerusalem,</span> <span class='ocrx_word' id='word_1_737' title='bbox 3288 3825 3625 3898; x_wconf 87' lang='lat' dir='ltr'>Metropolis</span> 
     </span>
    </p>
   </div>
   <div class='ocr_carea' id='block_1_95' title="bbox 1976 3914 3620 3987">
    <p class='ocr_par' dir='ltr' id='par_1_95' title="bbox 1976 3914 3620 3987">
     <span class='ocr_line' id='line_1_97' title="bbox 1976 3914 3620 3987; baseline -0.002 -12"><span class='ocrx_word' id='word_1_738' title='bbox 1976 3917 2099 3987; x_wconf 89' lang='lat' dir='ltr'>illa,</span> <span class='ocrx_word' id='word_1_739' title='bbox 2150 3941 2176 3968; x_wconf 88' lang='grc'>‹‹</span> <span class='ocrx_word' id='word_1_740' title='bbox 2226 3916 2396 3987; x_wconf 77' lang='lat' dir='ltr'>cujus</span> <span class='ocrx_word' id='word_1_741' title='bbox 2443 3915 2649 3972; x_wconf 75' lang='lat' dir='ltr'>artifex</span> <span class='ocrx_word' id='word_1_742' title='bbox 2695 3914 3077 3985; x_wconf 89' lang='lat' dir='ltr'>conditorque</span> <span class='ocrx_word' id='word_1_743' title='bbox 3124 3914 3279 3970; x_wconf 90' lang='lat' dir='ltr'>Deus</span> <span class='ocrx_word' id='word_1_744' title='bbox 3327 3915 3388 3969; x_wconf 75' lang='lat'>&quot;.</span> <span class='ocrx_word' id='word_1_745' title='bbox 3442 3938 3468 3963; x_wconf 87' lang='grc'><strong>››</strong></span> <span class='ocrx_word' id='word_1_746' title='bbox 3508 3919 3620 3971; x_wconf 85' lang='lat' dir='ltr'>Ho—</span> 
     </span>
    </p>
   </div>
   <div class='ocr_carea' id='block_1_96' title="bbox 1979 4002 3622 4080">
    <p class='ocr_par' dir='ltr' id='par_1_96' title="bbox 1979 4002 3622 4080">
     <span class='ocr_line' id='line_1_98' title="bbox 1979 4002 3622 4080; baseline -0.002 -17"><span class='ocrx_word' id='word_1_747' title='bbox 1979 4025 2095 4075; x_wconf 88' lang='lat' dir='ltr'>mo,</span> <span class='ocrx_word' id='word_1_748' title='bbox 2151 4006 2249 4080; x_wconf 89' lang='lat' dir='ltr'>qui</span> <span class='ocrx_word' id='word_1_749' title='bbox 2299 4021 2471 4062; x_wconf 89' lang='lat' dir='ltr'>carne</span> <span class='ocrx_word' id='word_1_750' title='bbox 2518 4020 2651 4059; x_wconf 91' lang='lat' dir='ltr'>eum</span> <span class='ocrx_word' id='word_1_751' title='bbox 2700 4002 3039 4058; x_wconf 79' lang='lat' dir='ltr'>hominibus</span> <span class='ocrx_word' id='word_1_752' title='bbox 3097 4020 3212 4059; x_wconf 88' lang='lat' dir='ltr'>una</span> <span class='ocrx_word' id='word_1_753' title='bbox 3263 4004 3622 4076; x_wconf 82' lang='lat' dir='ltr'>versabatur,</span> 
     </span>
    </p>
   </div>
   <div class='ocr_carea' id='block_1_97' title="bbox 1976 4091 3626 4170">
    <p class='ocr_par' dir='ltr' id='par_1_97' title="bbox 1976 4091 3626 4170">
     <span class='ocr_line' id='line_1_99' title="bbox 1976 4091 3626 4170; baseline -0.002 -17"><span class='ocrx_word' id='word_1_754' title='bbox 1976 4096 2187 4170; x_wconf 85' lang='lat' dir='ltr'>spiritu</span> <span class='ocrx_word' id='word_1_755' title='bbox 2244 4099 2439 4151; x_wconf 87' lang='lat' dir='ltr'>autem</span> <span class='ocrx_word' id='word_1_756' title='bbox 2499 4110 2633 4150; x_wconf 90' lang='lat' dir='ltr'>cum</span> <span class='ocrx_word' id='word_1_757' title='bbox 2692 4091 2914 4164; x_wconf 87' lang='lat' dir='ltr'>angelis</span> <span class='ocrx_word' id='word_1_758' title='bbox 2973 4092 3256 4164; x_wconf 85' lang='lat' dir='ltr'>degebat,</span> <span class='ocrx_word' id='word_1_759' title='bbox 3306 4093 3424 4149; x_wconf 92' lang='lat' dir='ltr'>imo</span> <span class='ocrx_word' id='word_1_760' title='bbox 3478 4092 3626 4169; x_wconf 83' lang='lat' dir='ltr'>ipsis</span> 
     </span>
    </p>
   </div>
   <div class='ocr_carea' id='block_1_98' title="bbox 1976 4181 3624 4257">
    <p class='ocr_par' dir='ltr' id='par_1_98' title="bbox 1976 4181 3624 4257">
     <span class='ocr_line' id='line_1_100' title="bbox 1976 4181 3624 4257; baseline -0.003 -15"><span class='ocrx_word' id='word_1_761' title='bbox 1976 4184 2201 4257; x_wconf 87' lang='lat' dir='ltr'>angelis</span> <span class='ocrx_word' id='word_1_762' title='bbox 2262 4182 2529 4255; x_wconf 84' lang='lat' dir='ltr'>superior</span> <span class='ocrx_word' id='word_1_763' title='bbox 2600 4182 2898 4254; x_wconf 79' lang='lat' dir='ltr'>Symeon:</span> <span class='ocrx_word' id='word_1_764' title='bbox 2950 4181 3240 4252; x_wconf 82' lang='lat' dir='ltr'>siquidem</span> <span class='ocrx_word' id='word_1_765' title='bbox 3318 4199 3453 4238; x_wconf 90' lang='lat' dir='ltr'>eum</span> <span class='ocrx_word' id='word_1_766' title='bbox 3528 4183 3624 4256; x_wconf 93' lang='lat' dir='ltr'>qui</span> 
     </span>
    </p>
   </div>
   <div class='ocr_carea' id='block_1_99' title="bbox 1976 4270 3629 4345">
    <p class='ocr_par' dir='ltr' id='par_1_99' title="bbox 1976 4270 3629 4345">
     <span class='ocr_line' id='line_1_101' title="bbox 1976 4270 3629 4345; baseline -0.002 -13"><span class='ocrx_word' id='word_1_767' title='bbox 1976 4275 2130 4332; x_wconf 77' lang='lat'>359</span> <span class='ocrx_word' id='word_1_768' title='bbox 2168 4271 2606 4345; x_wconf 88' lang='lat' dir='ltr'>inaspectahilis</span> <span class='ocrx_word' id='word_1_769' title='bbox 2654 4270 2800 4343; x_wconf 87' lang='lat' dir='ltr'>ipsis</span> <span class='ocrx_word' id='word_1_770' title='bbox 2844 4274 2952 4337; x_wconf 90' lang='lat' dir='ltr'>est,</span> <span class='ocrx_word' id='word_1_771' title='bbox 2996 4270 3189 4325; x_wconf 83' lang='lat' dir='ltr'>videre</span> <span class='ocrx_word' id='word_1_772' title='bbox 3241 4271 3491 4340; x_wconf 90' lang='lat' dir='ltr'>meruit;</span> <span class='ocrx_word' id='word_1_773' title='bbox 3525 4288 3629 4328; x_wconf 88' lang='lat' dir='ltr'>nec</span> 
     </span>
    </p>
   </div>
   <div class='ocr_carea' id='block_1_100' title="bbox 1975 4358 3628 4432">
    <p class='ocr_par' dir='ltr' id='par_1_100' title="bbox 1975 4358 3628 4432">
     <span class='ocr_line' id='line_1_102' title="bbox 1975 4358 3628 4432; baseline -0.001 -13"><span class='ocrx_word' id='word_1_774' title='bbox 1975 4364 2148 4420; x_wconf 91' lang='lat' dir='ltr'>modo</span> <span class='ocrx_word' id='word_1_775' title='bbox 2200 4362 2414 4430; x_wconf 86' lang='lat' dir='ltr'>videre,</span> <span class='ocrx_word' id='word_1_776' title='bbox 2446 4361 2547 4418; x_wconf 89' lang='lat' dir='ltr'>sed</span> <span class='ocrx_word' id='word_1_777' title='bbox 2580 4360 2733 4432; x_wconf 88' lang='lat' dir='ltr'>quod</span> <span class='ocrx_word' id='word_1_778' title='bbox 2766 4359 3143 4431; x_wconf 55' lang='lat' dir='ltr'>praestantius</span> <span class='ocrx_word' id='word_1_779' title='bbox 3198 4377 3264 4416; x_wconf 87' lang='lat' dir='ltr'>ac</span> <span class='ocrx_word' id='word_1_780' title='bbox 3298 4358 3628 4417; x_wconf 83' lang='lat' dir='ltr'>mirabilius</span> 
     </span>
    </p>
   </div>
   <div class='ocr_carea' id='block_1_101' title="bbox 1975 4447 3627 4522">
    <p class='ocr_par' dir='ltr' id='par_1_101' title="bbox 1975 4447 3627 4522">
     <span class='ocr_line' id='line_1_103' title="bbox 1975 4447 3627 4522; baseline -0.007 -12"><span class='ocrx_word' id='word_1_781' title='bbox 1975 4457 2083 4518; x_wconf 88' lang='lat' dir='ltr'>est,</span> <span class='ocrx_word' id='word_1_782' title='bbox 2115 4457 2171 4508; x_wconf 90' lang='lat' dir='ltr'>et</span> <span class='ocrx_word' id='word_1_783' title='bbox 2197 4451 2353 4506; x_wconf 91' lang='lat' dir='ltr'>ulnis</span> <span class='ocrx_word' id='word_1_784' title='bbox 2416 4449 2734 4522; x_wconf 75' lang='lat' dir='ltr'>suscipere.</span> <span class='ocrx_word' id='word_1_785' title='bbox 2787 4473 2815 4499; x_wconf 75' lang='grc' dir='ltr'>(ι</span> <span class='ocrx_word' id='word_1_786' title='bbox 2867 4448 2937 4503; x_wconf 89' lang='lat' dir='ltr'>Et</span> <span class='ocrx_word' id='word_1_787' title='bbox 2983 4448 3155 4505; x_wconf 81' lang='lat' dir='ltr'>homo</span> <span class='ocrx_word' id='word_1_788' title='bbox 3205 4447 3301 4504; x_wconf 90' lang='lat' dir='ltr'>ille</span> <span class='ocrx_word' id='word_1_789' title='bbox 3335 4449 3562 4520; x_wconf 85' lang='lat' dir='ltr'>justus,</span> <span class='ocrx_word' id='word_1_790' title='bbox 3601 4472 3627 4498; x_wconf 71' lang='grc' dir='ltr'>ι)</span> 
     </span>
    </p>
   </div>
   <div class='ocr_carea' id='block_1_102' title="bbox 1974 4537 3625 4613">
    <p class='ocr_par' dir='ltr' id='par_1_102' title="bbox 1974 4537 3625 4613">
     <span class='ocr_line' id='line_1_104' title="bbox 1974 4537 3625 4613; baseline -0.002 -15"><span class='ocrx_word' id='word_1_791' title='bbox 1974 4542 2188 4613; x_wconf 81' lang='lat' dir='ltr'>cuique</span> <span class='ocrx_word' id='word_1_792' title='bbox 2218 4539 2374 4597; x_wconf 89' lang='lat' dir='ltr'>enim</span> <span class='ocrx_word' id='word_1_793' title='bbox 2409 4555 2510 4612; x_wconf 90' lang='lat' dir='ltr'>pro</span> <span class='ocrx_word' id='word_1_794' title='bbox 2534 4539 2668 4610; x_wconf 89' lang='lat' dir='ltr'>jure</span> <span class='ocrx_word' id='word_1_795' title='bbox 2710 4541 2766 4592; x_wconf 90' lang='lat' dir='ltr'>et</span> <span class='ocrx_word' id='word_1_796' title='bbox 2808 4537 3137 4593; x_wconf 81' lang='lat' dir='ltr'>conditione</span> <span class='ocrx_word' id='word_1_797' title='bbox 3169 4537 3481 4594; x_wconf 87' lang='lat' dir='ltr'>tribuebat.</span> <span class='ocrx_word' id='word_1_798' title='bbox 3515 4538 3625 4594; x_wconf 81' lang='lat' dir='ltr'>Ra-</span> 
     </span>
    </p>
   </div>
   <div class='ocr_carea' id='block_1_103' title="bbox 1976 4626 3625 4703">
    <p class='ocr_par' dir='ltr' id='par_1_103' title="bbox 1976 4626 3625 4703">
     <span class='ocr_line' id='line_1_105' title="bbox 1976 4626 3625 4703; baseline -0.002 -16"><span class='ocrx_word' id='word_1_799' title='bbox 1976 4630 2121 4687; x_wconf 91' lang='lat' dir='ltr'>tioni</span> <span class='ocrx_word' id='word_1_800' title='bbox 2154 4630 2418 4703; x_wconf 86' lang='lat' dir='ltr'>quidem,</span> <span class='ocrx_word' id='word_1_801' title='bbox 2455 4632 2521 4684; x_wconf 88' lang='lat' dir='ltr'>ut</span> <span class='ocrx_word' id='word_1_802' title='bbox 2551 4626 2747 4683; x_wconf 89' lang='lat' dir='ltr'>divina</span> <span class='ocrx_word' id='word_1_803' title='bbox 2788 4628 3064 4698; x_wconf 85' lang='lat' dir='ltr'>cogitaret</span> <span class='ocrx_word' id='word_1_804' title='bbox 3095 4643 3161 4682; x_wconf 91' lang='lat' dir='ltr'>ac</span> <span class='ocrx_word' id='word_1_805' title='bbox 3202 4628 3580 4684; x_wconf 78' lang='lat' dir='ltr'>meditaretur</span> <span class='ocrx_word' id='word_1_806' title='bbox 3611 4646 3625 4685; x_wconf 91' lang='lat'>:</span> 
     </span>
    </p>
   </div>
   <div class='ocr_carea' id='block_1_104' title="bbox 1977 4716 3623 4789">
    <p class='ocr_par' dir='ltr' id='par_1_104' title="bbox 1977 4716 3623 4789">
     <span class='ocr_line' id='line_1_106' title="bbox 1977 4716 3623 4789; baseline -0.002 -13"><span class='ocrx_word' id='word_1_807' title='bbox 1977 4725 2042 4777; x_wconf 88' lang='lat' dir='ltr'>ut</span> <span class='ocrx_word' id='word_1_808' title='bbox 2069 4736 2308 4776; x_wconf 85' lang='lat' dir='ltr'>sensum</span> <span class='ocrx_word' id='word_1_809' title='bbox 2364 4734 2596 4773; x_wconf 90' lang='lat' dir='ltr'>omnem</span> <span class='ocrx_word' id='word_1_810' title='bbox 2632 4716 2948 4789; x_wconf 86' lang='lat' dir='ltr'>eaptivaret</span> <span class='ocrx_word' id='word_1_811' title='bbox 2986 4716 3044 4771; x_wconf 91' lang='lat' dir='ltr'>in</span> <span class='ocrx_word' id='word_1_812' title='bbox 3075 4716 3425 4788; x_wconf 90' lang='lat' dir='ltr'>obsequium</span> <span class='ocrx_word' id='word_1_813' title='bbox 3458 4717 3623 4774; x_wconf 90' lang='lat' dir='ltr'>Chri-</span> 
     </span>
    </p>
   </div>
   <div class='ocr_carea' id='block_1_105' title="bbox 1976 4806 3617 4878">
    <p class='ocr_par' dir='ltr' id='par_1_105' title="bbox 1976 4806 3617 4878">
     <span class='ocr_line' id='line_1_107' title="bbox 1976 4806 3617 4878; baseline -0.001 -14"><span class='ocrx_word' id='word_1_814' title='bbox 1976 4810 2051 4866; x_wconf 88' lang='lat' dir='ltr'>sti</span> <span class='ocrx_word' id='word_1_815' title='bbox 2078 4809 2123 4844; x_wconf 79' lang='grc'>²³</span> <span class='ocrx_word' id='word_1_816' title='bbox 2154 4826 2166 4865; x_wconf 89' lang='lat'><strong>:</strong></span> <span class='ocrx_word' id='word_1_817' title='bbox 2203 4814 2263 4863; x_wconf 92' lang='lat' dir='ltr'>ut</span> <span class='ocrx_word' id='word_1_818' title='bbox 2301 4823 2390 4873; x_wconf 90' lang='lat' dir='ltr'>ne,</span> <span class='ocrx_word' id='word_1_819' title='bbox 2423 4806 2824 4878; x_wconf 85' lang='lat' dir='ltr'>insipientium</span> <span class='ocrx_word' id='word_1_820' title='bbox 2888 4821 3069 4871; x_wconf 86' lang='lat' dir='ltr'>more,</span> <span class='ocrx_word' id='word_1_821' title='bbox 3115 4810 3382 4861; x_wconf 87' lang='lat' dir='ltr'>creatura</span> <span class='ocrx_word' id='word_1_822' title='bbox 3425 4806 3617 4862; x_wconf 85' lang='lat' dir='ltr'>insur-</span> 
     </span>
    </p>
   </div>
   <div class='ocr_carea' id='block_1_106' title="bbox 1975 4893 3626 4972">
    <p class='ocr_par' dir='ltr' id='par_1_106' title="bbox 1975 4893 3626 4972">
     <span class='ocr_line' id='line_1_108' title="bbox 1975 4893 3626 4972; baseline -0.001 -18"><span class='ocrx_word' id='word_1_823' title='bbox 1975 4902 2137 4972; x_wconf 90' lang='lat' dir='ltr'>geret</span> <span class='ocrx_word' id='word_1_824' title='bbox 2166 4898 2222 4952; x_wconf 90' lang='lat' dir='ltr'>in</span> <span class='ocrx_word' id='word_1_825' title='bbox 2256 4898 2582 4953; x_wconf 84' lang='lat' dir='ltr'>Creatorem</span> <span class='ocrx_word' id='word_1_826' title='bbox 2609 4912 2621 4949; x_wconf 92' lang='lat'><strong>:</strong></span> <span class='ocrx_word' id='word_1_827' title='bbox 2655 4900 2718 4950; x_wconf 90' lang='lat' dir='ltr'>ut</span> <span class='ocrx_word' id='word_1_828' title='bbox 2749 4910 2819 4950; x_wconf 91' lang='lat' dir='ltr'>ne</span> <span class='ocrx_word' id='word_1_829' title='bbox 2848 4893 2984 4965; x_wconf 88' lang='lat' dir='ltr'>quid</span> <span class='ocrx_word' id='word_1_830' title='bbox 3018 4897 3180 4950; x_wconf 78' lang='lat' dir='ltr'>extra</span> <span class='ocrx_word' id='word_1_831' title='bbox 3209 4893 3463 4950; x_wconf 88' lang='lat' dir='ltr'>divinam</span> <span class='ocrx_word' id='word_1_832' title='bbox 3496 4912 3626 4953; x_wconf 86' lang='lat' dir='ltr'>esse</span> 
     </span>
    </p>
   </div>
   <div class='ocr_carea' id='block_1_107' title="bbox 1977 4982 3625 5059">
    <p class='ocr_par' dir='ltr' id='par_1_107' title="bbox 1977 4982 3625 5059">
     <span class='ocr_line' id='line_1_109' title="bbox 1977 4982 3625 5059; baseline -0.002 -17"><span class='ocrx_word' id='word_1_833' title='bbox 1977 4985 2401 5059; x_wconf 87' lang='lat' dir='ltr'>providentiam</span> <span class='ocrx_word' id='word_1_834' title='bbox 2473 4982 2832 5040; x_wconf 83' lang='lat' dir='ltr'>existimaret</span> <span class='ocrx_word' id='word_1_835' title='bbox 2904 5000 2917 5036; x_wconf 87' lang='lat'><strong>:</strong></span> <span class='ocrx_word' id='word_1_836' title='bbox 2996 4985 3064 5038; x_wconf 88' lang='lat' dir='ltr'>ut</span> <span class='ocrx_word' id='word_1_837' title='bbox 3128 4998 3196 5037; x_wconf 84' lang='lat' dir='ltr'>ex</span> <span class='ocrx_word' id='word_1_838' title='bbox 3254 4984 3625 5055; x_wconf 89' lang='lat' dir='ltr'>proportione</span> 
     </span>
    </p>
   </div>
   <div class='ocr_carea' id='block_1_108' title="bbox 1976 5070 3626 5149">
    <p class='ocr_par' dir='ltr' id='par_1_108' title="bbox 1976 5070 3626 5149">
     <span class='ocr_line' id='line_1_110' title="bbox 1976 5070 3626 5149; baseline -0.002 -17"><span class='ocrx_word' id='word_1_839' title='bbox 1976 5076 2228 5149; x_wconf 87' lang='lat' dir='ltr'>quadam</span> <span class='ocrx_word' id='word_1_840' title='bbox 2262 5090 2366 5147; x_wconf 86' lang='lat' dir='ltr'>per</span> <span class='ocrx_word' id='word_1_841' title='bbox 2410 5077 2624 5144; x_wconf 81' lang='lat' dir='ltr'>creata,</span> <span class='ocrx_word' id='word_1_842' title='bbox 2673 5072 3002 5128; x_wconf 87' lang='lat' dir='ltr'>Creatorem</span> <span class='ocrx_word' id='word_1_843' title='bbox 3046 5070 3400 5145; x_wconf 89' lang='lat' dir='ltr'>intelligeret</span> <span class='ocrx_word' id='word_1_844' title='bbox 3428 5073 3492 5129; x_wconf 72' lang='grc'>³⁵.</span> <span class='ocrx_word' id='word_1_845' title='bbox 3525 5073 3626 5129; x_wconf 69' lang='grc' dir='ltr'>Ῑιω</span> 
     </span>
    </p>
   </div>
   <div class='ocr_carea' id='block_1_109' title="bbox 1974 5161 3627 5234">
    <p class='ocr_par' dir='ltr' id='par_1_109' title="bbox 1974 5161 3627 5234">
     <span class='ocr_line' id='line_1_111' title="bbox 1974 5161 3627 5234; baseline -0.001 -13"><span class='ocrx_word' id='word_1_846' title='bbox 1974 5170 2195 5233; x_wconf 78' lang='lat' dir='ltr'>autem,</span> <span class='ocrx_word' id='word_1_847' title='bbox 2230 5162 2633 5220; x_wconf 87' lang='lat' dir='ltr'>austeritatem</span> <span class='ocrx_word' id='word_1_848' title='bbox 2662 5161 2722 5217; x_wconf 92' lang='lat' dir='ltr'>in</span> <span class='ocrx_word' id='word_1_849' title='bbox 2770 5166 3125 5234; x_wconf 89' lang='lat' dir='ltr'>serpentem,</span> <span class='ocrx_word' id='word_1_850' title='bbox 3170 5161 3535 5220; x_wconf 84' lang='lat' dir='ltr'>severitatem</span> <span class='ocrx_word' id='word_1_851' title='bbox 3567 5163 3627 5220; x_wconf 90' lang='lat' dir='ltr'>in</span> 
     </span>
    </p>
   </div>
   <div class='ocr_carea' id='block_1_110' title="bbox 304 5336 1866 5412">
    <p class='ocr_par' dir='ltr' id='par_1_110' title="bbox 304 5336 1860 5412">
     <span class='ocr_line' id='line_1_112' title="bbox 304 5336 1860 5412; baseline 0 -17"><span class='ocrx_word' id='word_1_852' title='bbox 304 5336 350 5372; x_wconf 77' lang='lat'><strong><em>”</em></strong></span> <span class='ocrx_word' id='word_1_853' title='bbox 380 5337 561 5396; x_wconf 84' lang='lat' dir='ltr'>Galat.</span> <span class='ocrx_word' id='word_1_854' title='bbox 594 5357 679 5412; x_wconf 85' lang='grc' dir='ltr'>ιιι,</span> <span class='ocrx_word' id='word_1_855' title='bbox 712 5340 797 5396; x_wconf 86' lang='grc'>13.</span> <span class='ocrx_word' id='word_1_856' title='bbox 875 5339 922 5375; x_wconf 70' lang='grc'>³⁸</span> <span class='ocrx_word' id='word_1_857' title='bbox 950 5339 1086 5396; x_wconf 85' lang='lat' dir='ltr'>Lua.</span> <span class='ocrx_word' id='word_1_858' title='bbox 1118 5356 1181 5406; x_wconf 91' lang='grc' dir='ltr'>ιι,</span> <span class='ocrx_word' id='word_1_859' title='bbox 1212 5340 1303 5394; x_wconf 83' lang='grc'>25.</span> <span class='ocrx_word' id='word_1_860' title='bbox 1378 5340 1426 5375; x_wconf 69' lang='grc'>³⁸</span> <span class='ocrx_word' id='word_1_861' title='bbox 1457 5340 1629 5395; x_wconf 78' lang='lat' dir='ltr'>Hebr.</span> <span class='ocrx_word' id='word_1_862' title='bbox 1660 5357 1741 5406; x_wconf 81' lang='grc' dir='ltr'>ιιι,</span> <span class='ocrx_word' id='word_1_863' title='bbox 1774 5340 1860 5395; x_wconf 88' lang='grc'>10.</span> 
     </span>
    </p>
   </div>
   <div class='ocr_carea' id='block_1_111' title="bbox 1980 5336 2918 5412">
    <p class='ocr_par' dir='ltr' id='par_1_111' title="bbox 1980 5336 2918 5407">
     <span class='ocr_line' id='line_1_113' title="bbox 1980 5336 2918 5407; baseline -0.007 -10"><span class='ocrx_word' id='word_1_864' title='bbox 1980 5340 1985 5373; x_wconf 40' lang='grc' dir='ltr'><strong>ἱ</strong></span> <span class='ocrx_word' id='word_1_865' title='bbox 2014 5339 2065 5397; x_wconf 89' lang='lat' dir='ltr'>Il</span> <span class='ocrx_word' id='word_1_866' title='bbox 2095 5340 2226 5397; x_wconf 84' lang='lat' dir='ltr'>Cor.</span> <span class='ocrx_word' id='word_1_867' title='bbox 2262 5355 2319 5407; x_wconf 82' lang='grc' dir='ltr'>ιι,</span> <span class='ocrx_word' id='word_1_868' title='bbox 2347 5339 2403 5394; x_wconf 90' lang='lat'>5.</span> <span class='ocrx_word' id='word_1_869' title='bbox 2481 5337 2527 5372; x_wconf 81' lang='grc'>²⁶</span> <span class='ocrx_word' id='word_1_870' title='bbox 2557 5336 2724 5392; x_wconf 85' lang='lat' dir='ltr'>Rom.</span> <span class='ocrx_word' id='word_1_871' title='bbox 2759 5353 2799 5403; x_wconf 90' lang='grc' dir='ltr'>ι,</span> <span class='ocrx_word' id='word_1_872' title='bbox 2828 5337 2918 5390; x_wconf 84' lang='grc'>20.</span> 
     </span>
    </p>
   </div>
   <div class='ocr_carea' id='block_1_112' title="bbox 309 5514 886 5592">
    <p class='ocr_par' dir='ltr' id='par_1_112' title="bbox 309 5514 886 5592">
     <span class='ocr_line' id='line_1_114' title="bbox 309 5514 886 5592; baseline -0.007 -16"><span class='ocrx_word' id='word_1_873' title='bbox 610 5521 670 5589; x_wconf 82' lang='lat'>2,</span> <span class='ocrx_word' id='word_1_874' title='bbox 700 5514 886 5588; x_wconf 79' lang='grc' dir='ltr'>δηλοῖ.</span> 
     </span>
    </p>
   </div>
   <div class='ocr_carea' id='block_1_113' title="bbox 313 5588 1731 5718">
    <p class='ocr_par' dir='ltr' id='par_1_113' title="bbox 313 5588 1731 5718">
     <span class='ocr_line' id='line_1_115' title="bbox 313 5588 1731 5718; baseline 0.001 -74"><span class='ocrx_word' id='word_1_875' title='bbox 313 5588 416 5658; x_wconf 85' lang='grc'>(25)</span> <span class='ocrx_word' id='word_1_876' title='bbox 442 5588 696 5666; x_wconf 70' lang='grc' dir='ltr'>εἰοἮοε.</span> <span class='ocrx_word' id='word_1_877' title='bbox 719 5595 777 5661; x_wconf 90' lang='lat'>2,</span> <span class='ocrx_word' id='word_1_878' title='bbox 810 5589 1011 5663; x_wconf 86' lang='lat' dir='ltr'>probe.</span> <span class='ocrx_word' id='word_1_879' title='bbox 1041 5593 1117 5646; x_wconf 82' lang='lat' dir='ltr'>At</span> <span class='ocrx_word' id='word_1_880' title='bbox 1145 5588 1283 5718; x_wconf 62' lang='lat' dir='ltr'>Reg.</span> <span class='ocrx_word' id='word_1_881' title='bbox 1319 5591 1370 5658; x_wconf 91' lang='grc'>1,</span> <span class='ocrx_word' id='word_1_882' title='bbox 1408 5590 1731 5665; x_wconf 71' lang='grc' dir='ltr'>μνήστορος.</span> 
     </span>
     <span class='ocr_line' id='line_1_116' title="bbox 315 5658 1724 5718; baseline -0.002 0"><span class='ocrx_word' id='word_1_883' title='bbox 315 5661 419 5718; x_wconf 74' lang='grc'>(26)</span> <span class='ocrx_word' id='word_1_884' title='bbox 451 5665 582 5718; x_wconf 66' lang='grc' dir='ltr'>Περ.</span> <span class='ocrx_word' id='word_1_885' title='bbox 611 5667 685 5718; x_wconf 84' lang='grc'><strong>2..</strong></span> <span class='ocrx_word' id='word_1_886' title='bbox 723 5660 1189 5718; x_wconf 74' lang='grc' dir='ltr'>ὑπεοξκκείμενος.</span> <span class='ocrx_word' id='word_1_887' title='bbox 1261 5662 1409 5718; x_wconf 89' lang='lat' dir='ltr'>ni&#39;ra.</span> <span class='ocrx_word' id='word_1_888' title='bbox 1442 5658 1724 5718; x_wconf 73' lang='grc' dir='ltr'>ἄνθρωποι</span> 
     </span>
    </p>
   </div>
   <div class='ocr_carea' id='block_1_114' title="bbox 315 5658 1867 5738">
    <p class='ocr_par' dir='ltr' id='par_1_114' title="bbox 315 5658 1867 5738">
     <span class='ocr_line' id='line_1_117' title="bbox 315 5658 1867 5738; baseline 0.001 -21"><span class='ocrx_word' id='word_1_889' title='bbox 315 5661 433 5738; x_wconf 55' lang='grc' dir='ltr'>(ἳβλ</span> <span class='ocrx_word' id='word_1_890' title='bbox 451 5658 685 5738; x_wconf 58' lang='lat' dir='ltr'>Reg._2;</span> <span class='ocrx_word' id='word_1_891' title='bbox 723 5658 1189 5738; x_wconf 65' lang='grc' dir='ltr'>ὁπίρξκκείμενος.</span> <span class='ocrx_word' id='word_1_892' title='bbox 1234 5658 1417 5735; x_wconf 68' lang='grc' dir='ltr'>ῘηΓιὍ,</span> <span class='ocrx_word' id='word_1_893' title='bbox 1442 5658 1724 5737; x_wconf 73' lang='grc' dir='ltr'>ἄνθρωποι</span> <span class='ocrx_word' id='word_1_894' title='bbox 1762 5680 1867 5719; x_wconf 83' lang='lat' dir='ltr'>an-</span> 
     </span>
    </p>
   </div>
   <div class='ocr_carea' id='block_1_115' title="bbox 249 5730 1272 5808">
    <p class='ocr_par' dir='ltr' id='par_1_115' title="bbox 249 5730 1272 5808">
     <span class='ocr_line' id='line_1_118' title="bbox 249 5730 1272 5808; baseline 0.005 -23"><span class='ocrx_word' id='word_1_895' title='bbox 249 5732 301 5785; x_wconf 86' lang='lat' dir='ltr'>te</span> <span class='ocrx_word' id='word_1_896' title='bbox 324 5730 562 5804; x_wconf 57' lang='grc' dir='ltr'>αισθητόῑ</span> <span class='ocrx_word' id='word_1_897' title='bbox 590 5730 664 5793; x_wconf 68' lang='grc' dir='ltr'>ίιι</span> <span class='ocrx_word' id='word_1_898' title='bbox 681 5737 807 5793; x_wconf 84' lang='lat' dir='ltr'>solo</span> <span class='ocrx_word' id='word_1_899' title='bbox 824 5730 970 5808; x_wconf 66' lang='lat' dir='ltr'>Reg.</span> <span class='ocrx_word' id='word_1_900' title='bbox 1003 5730 1039 5790; x_wconf 88' lang='lat'><strong>2</strong></span> <span class='ocrx_word' id='word_1_901' title='bbox 1067 5738 1272 5792; x_wconf 79' lang='lat' dir='ltr'>exstat.</span> 
     </span>
    </p>
   </div>
   <div class='ocr_carea' id='block_1_116' title="bbox 2050 5515 3620 5659">
    <p class='ocr_par' dir='ltr' id='par_1_116' title="bbox 2050 5515 3620 5659">
     <span class='ocr_line' id='line_1_119' title="bbox 2050 5515 3620 5659; baseline -0.002 -86"><span class='ocrx_word' id='word_1_902' title='bbox 2050 5519 2163 5659; x_wconf 45' lang='lat' dir='ltr'>(i7)</span> <span class='ocrx_word' id='word_1_903' title='bbox 2198 5519 2281 5574; x_wconf 84' lang='lat' dir='ltr'>Ita</span> <span class='ocrx_word' id='word_1_904' title='bbox 2314 5523 2453 5590; x_wconf 80' lang='lat' dir='ltr'>Reg.</span> <span class='ocrx_word' id='word_1_905' title='bbox 2482 5519 2515 5572; x_wconf 84' lang='lat'><strong><em>2</em></strong></span> <span class='ocrx_word' id='word_1_906' title='bbox 2546 5524 2603 5575; x_wconf 76' lang='lat' dir='ltr'>et</span> <span class='ocrx_word' id='word_1_907' title='bbox 2632 5518 2695 5573; x_wconf 89' lang='lat' dir='ltr'>G.</span> <span class='ocrx_word' id='word_1_908' title='bbox 2728 5515 3034 5589; x_wconf 61' lang='lat' dir='ltr'>Scriptura</span> <span class='ocrx_word' id='word_1_909' title='bbox 3066 5520 3273 5574; x_wconf 82' lang='lat' dir='ltr'>textus.</span> <span class='ocrx_word' id='word_1_910' title='bbox 3307 5517 3374 5573; x_wconf 77' lang='grc' dir='ltr'>Β.</span> <span class='ocrx_word' id='word_1_911' title='bbox 3406 5516 3459 5587; x_wconf 76' lang='grc' dir='ltr'>Ι,</span> <span class='ocrx_word' id='word_1_912' title='bbox 3485 5516 3620 5570; x_wconf 79' lang='grc' dir='ltr'>ὑπο-</span> 
     </span>
     <span class='ocr_line' id='line_1_120' title="bbox 2050 5610 2542 5659; baseline 0 0"><span class='ocrx_word' id='word_1_913' title='bbox 2050 5610 2076 5659; x_wconf 80' lang='grc' dir='ltr'>Υ</span> <span class='ocrx_word' id='word_1_914' title='bbox 2122 5611 2170 5641; x_wconf 84' lang='grc' dir='ltr'>ν·</span> <span class='ocrx_word' id='word_1_915' title='bbox 2532 5658 2542 5659; x_wconf 59' lang='lat'><strong><em>,</em></strong></span> 
     </span>
    </p>
   </div>
   <div class='ocr_carea' id='block_1_117' title="bbox 1974 5610 2170 5666">
    <p class='ocr_par' dir='ltr' id='par_1_117' title="bbox 1974 5610 2170 5666">
     <span class='ocr_line' id='line_1_121' title="bbox 1974 5610 2170 5666; baseline -0.02 -21"><span class='ocrx_word' id='word_1_916' title='bbox 1974 5610 2147 5666; x_wconf 59' lang='lat' dir='ltr'>teqqu</span> <span class='ocrx_word' id='word_1_917' title='bbox 2160 5632 2170 5641; x_wconf 89' lang='lat'>.</span> 
     </span>
    </p>
   </div>
   <div class='ocr_carea' id='block_1_118' title="bbox 2044 5658 2743 5735">
    <p class='ocr_par' dir='ltr' id='par_1_118' title="bbox 2044 5658 2743 5735">
     <span class='ocr_line' id='line_1_122' title="bbox 2044 5658 2743 5735; baseline -0.003 -18"><span class='ocrx_word' id='word_1_918' title='bbox 2044 5658 2157 5733; x_wconf 74' lang='lat'>(28)</span> <span class='ocrx_word' id='word_1_919' title='bbox 2191 5662 2330 5735; x_wconf 81' lang='lat' dir='ltr'>Reg.</span> <span class='ocrx_word' id='word_1_920' title='bbox 2361 5662 2416 5731; x_wconf 80' lang='grc'>2,</span> <span class='ocrx_word' id='word_1_921' title='bbox 2443 5659 2507 5714; x_wconf 87' lang='grc' dir='ltr'>τὸ</span> <span class='ocrx_word' id='word_1_922' title='bbox 2529 5658 2587 5714; x_wconf 74' lang='grc' dir='ltr'>ὲκ</span> <span class='ocrx_word' id='word_1_923' title='bbox 2615 5663 2743 5715; x_wconf 82' lang='grc' dir='ltr'>τῶν.</span> 
     </span>
    </p>
   </div>
  </div>
