4026 6204
442 342 559 405 983

1607 347 1670 404 s.
1725 335 2344 403 ATHANASIUS.——
2375 322 2684 394 SPUBI‘A.

3697 349 3789 410 98‘

445 481 746 550 peccatum
775 494 788 534 :
820 478 1231 535 inclementem
1265 483 1439 551 atque
1471 478 1681 533 durum
1714 493 1853 549 erga
1881 472 2088 544 impios

2215 466 2482 542 ἁμαρτίας
2538 466 2830 543 ιῖισύτομον⁸
2883 470 2947 525 τὸ
2999 471 3133 527 κατά
3166 476 3274 528 τῶν
3306 468 3623 531 ἀσεϐούντων
3650 479 3787 555 ἀσυμο

447 567 739 622 animum.
766 568 842 623 Ea
865 568 1060 623 Helias
1090 570 1371 624 adversus
1393 568 1613 624 Achabi
1638 564 2005 622 centenarios
2027 563 2091 630 ³⁷,

451 655 695 712 Pbinees
729 663 930 711 contra
959 658 1398 713 Madianiticum
1453 656 1646 712 scelus
1677 656 1720 690 ²⁸
1757 673 1769 710 :
1803 655 2009 710 Petrus
2039 656 2096 705 et

447 742 701 811 Paulus;
739 746 895 816 prior
924 746 1164 816 quidem
1210 751 1414 800 contra
1444 744 1726 799 Ananiam
1760 748 1817 798 et
1844 739 2092 812 Sapphi-

449 847 574 886 ram
632 833 677 867 ²⁹
725 851 739 901 ;
819 834 1106 904 posterior
1169 850 1302 888 vero
1364 839 1567 890 contra
1619 833 1882 904 Elymam
1939 831 1983 864 ³ο
2040 832 2098 883 et

452 919 842 975 Alexandrum
868 924 910 957 ³¹
937 926 992 976 et
1014 922 1161 978 alios
1194 922 1783 993 multos,justissime
1816 936 1959 975 usus
1984 922 2090 973 est.

447 1009 760 1079 Cupiditati
795 1016 1013 1077 autem,
1063 1016 1127 1065 ut
1156 1011 1213 1065 in
1248 1012 1372 1083 lege
1401 1011 1629 1067 Domini
1665 1013 1941 1082 perpetuo
1973 1024 2095 1063 me-

447 1097 754 1168 ditaretur,
787 1099 1206 1154 desiderabiles
1250 1100 1612 1155 existimaret
1644 1097 2097 1170 justiﬁeationes

444 1186 677 1242 Domini
709 1204 886 1259 super
924 1205 1133 1244 aurum
1184 1196 1240 1245 et
1287 1188 1540 1262 lapidem
1590 1189 1911 1261 pretiosum
1944 1185 2097 1242 mul-

443 1279 593 1341 tum,
616 1280 673 1332 et
702 1275 993 1333 dulciores
1024 1294 1202 1349 super
1233 1278 1345 1334 mel
1371 1284 1429 1335 et
1462 1279 1650 1334 [avum
1670 1278 1716 1312 ⁸²
1742 1294 1755 1332 :
1781 1282 1845 1332 ut
1881 1277 2099 1332 diceret

444 1381 578 1419 cum
612 1365 828 1421 Davidc
862 1384 874 1422 :
910 1389 937 1416 ‹‹
972 1367 1155 1431 Quam
1187 1367 1401 1425 dilecta
1428 1366 1804 1423 tabernacula
1830 1371 1952 1435 tua,
1985 1364 2096 1420 Do-

448 1453 606 1510 mine
631 1454 913 1510 virtutum
947 1471 960 1509 :
998 1456 1363 1528 concupiscit
1394 1462 1450 1513 et
1497 1456 1693 1511 deﬁcit
1740 1455 1938 1511 anima
1968 1470 2099 1508 mea

445 1542 507 1597 in
539 1542 688 1599 atria
732 1542 963 1599 Domini
993 1546 1060 1600 33.
1095 1567 1123 1595 »
1157 1546 1242 1600 Ita
1265 1547 1465 1617 justus
1506 1552 1631 1602 erat
1659 1549 1904 1618 Symeon
1938 1542 2097 1598 nullo

446 1631 685 1689 virtutis
704 1648 915 1705 genere
941 1634 1262 1691 destitutus
1288 1653 1300 1690 :
1327 1636 1620 1707 siquidem
1643 1634 1935 1705 justitiam
1963 1633 2095 1689 relio

446 1737 596 1793 quas
623 1738 828 1778 omnes
870 1722 1283 1781 existimamus
1329 1724 1636 1797 complecti
1672 1725 1934 1792 virtutes,
1967 1740 2095 1795 quae

444 1811 744 1883 genericas
767 1810 910 1867 istas
945 1812 1409 1885 subsequuntur.
1435 1837 1463 1864 «
1488 1814 1824 1870 Timoratus
1848 1835 1876 1862 ››
1901 1828 2094 1884 porro,

441 1915 559 1969 qua
615 1898 889 1956 ratione?
920 1903 1077 1973 quod
1134 1908 1431 1959 vereretur
1488 1903 1695 1959 faciem
1758 1902 1985 1957 Domini
2042 1905 2100 1958 et

440 1989 724 2044 mandata
753 1990 882 2062 ejus
915 2008 928 2045 :
964 1991 1180 2062 legerat
1209 1993 1427 2065 quippe
1475 1992 1620 2048 illud
1670 2007 1775 2048 nec
1806 1992 1936 2047 sine
1969 2008 2097 2047 ma-

435 2090 551 2148 gna
581 2077 903 2134 attentione
928 2097 975 2134 ει
1012 2080 1201 2151 Super
1229 2096 1405 2152 quem
1437 2081 1887 2153 respiciam,nisi
1920 2096 2099 2152 super

434 2164 665 2235 mitem,
743 2172 801 2223 et
877 2167 1168 2241 quietum,
1242 2174 1297 2226 et
1368 2174 1714 2227 trementem
1795 2186 2098 2227 sermones

436 2269 605 2310 meos
635 2256 683 2292 3"
710 2253 734 2309 Ρ
764 2277 813 2311 ››.

504 2342 560 2397 8.
596 2344 1011 2416 «Exspectans
1059 2346 1519 2403 consolationem
1576 2346 1774 2405 Israel.
1829 2371 1851 2400 ι
1907 2349 2093 2413 Quam

436 2430 943 2489 consolationem?
1000 2435 1141 2490 Eam
1194 2435 1417 2492 scilicet
1463 2453 1636 2508 quam
1689 2437 1981 2493 Abraham
2033 2437 2091 2492 in
2136 2428 2139 2431 Α

437 2518 633 2592 angeli
661 2521 855 2593 specie
884 2522 1115 2579 videns.
1141 2524 1433 2596 religiose,
1452 2533 1516 2580 ut
1544 2525 1659 2581 Deo
1692 2526 2094 2592 conveniebat,

436 2607 700 2665 adoravit
728 2612 793 2665 ³⁸.
827 2612 1012 2677 Quam
1067 2613 1527 2670 consolationem
1552 2614 1579 2669 ?
1614 2619 1687 2670 De
1733 2631 1847 2686 qua
1888 2617 2091 2688 praefa-

431 2700 528 2753 tus
560 2703 651 2753 est
678 2698 858 2756 Jacob
907 2716 920 2756 :
977 2723 999 2753 ι
1047 2702 1173 2758 Non
1223 2703 1474 2773 deﬁciet,
1508 2704 1691 2772 aiens,
1727 2704 1996 2776 princeps
2024 2722 2093 2761 ex

428 2786 602 2855 Juda,
638 2804 828 2860 neque
879 2789 996 2844 dux
1043 2807 1112 2846 ex
1147 2791 1471 2847 femoribus
1502 2792 1652 2864 ejus,
1687 2792 1868 2848 donec
1896 2792 2091 2849 veniat

433 2874 525 2930 cui
560 2876 881 2947 repositum
913 2883 1021 2950 est,
1053 2883 1109 2934 et
1138 2879 1264 2952 ipse
1294 2882 1647 2953 exspectatio
1679 2881 1941 2952 gentium
1973 2883 2035 2936 ³⁸.
2062 2905 2082 2929 ο

434 2964 619 3029 Quam
652 2964 1136 3034 consolationem,
1161 2968 1446 3038 inquam?
1478 2970 1612 3025 Eam
1647 2968 1835 3041 ipsam
1869 2971 1940 3025 de
1971 2988 2089 3042 qua

436 3049 696 3124 Balaam,
756 3052 892 3110 licet
938 3060 1102 3112 extra
1150 3056 1606 3113 ecclesiasticam
1639 3058 1832 3113 aulam
1879 3063 2082 3125 staret,

433 3140 805 3213 prophetavit
857 3143 948 3199 his
990 3146 1182 3200 verbis
1217 3163 1230 3200 :
1259 3167 1286 3196 «ι
1322 3146 1552 3202 Orietur
1585 3147 1757 3203 stella
1787 3165 1852 3203 ex
1878 3148 2080 3216 Jacob,

432 3232 490 3284 et
518 3235 723 3302 surget
753 3230 929 3287 homo
961 3249 1030 3288 ex
1060 3234 1234 3290 Israel
1268 3236 1312 3271 ⁸⁷
1345 3252 1358 3291 :
1392 3259 1411 3286 ι

430 3318 659 3391 Moyses
681 3319 762 3374 ait
795 3338 808 3376 :
840 3342 867 3371 ‹‹
891 3321 1238 3393 Prophetam
1267 3324 1579 3380 suscitabit
1607 3326 1767 3381 vobis
1800 3326 2085 3381 Dominus

432 3405 589 3462 Deus
643 3412 845 3463 noster
891 3426 958 3463 ex
1018 3411 1297 3467 fratribus
1354 3414 1564 3469 vestris
1621 3414 1776 3469 sicut
1834 3431 1924 3469 me
1953 3416 2018 3470 ³⁸.
2051 3436 2076 3465 ι

436 3493 599 3551 Hanc
629 3496 1092 3553 consolationem
1144 3503 1517 3572 exspectabat
1546 3502 1816 3575 Symeon,
1849 3510 2084 3575 accepto

435 3582 693 3655 Spiritus
722 3586 908 3641 sancti
933 3587 1185 3644 oraculo.
1214 3590 1361 3655 Quid
1390 3590 1614 3663 igitur?
1644 3592 1921 3663 Nunquid
1954 3609 2082 3648 eam

435 3687 670 3745 semper
716 3680 1081 3745 exspectans,
1114 3694 1216 3749 spe
1247 3695 1355 3733 sua
1383 3679 1624 3748 jexcidit,
1653 3687 1754 3735 aut
1788 3688 2084 3752 exspecta-

431 3760 588 3817 tione
621 3762 939 3820 frustratus
960 3770 1052 3821 est
1072 3765 1095 3820 Ρ
1117 3767 1774 3839 Nequaquam,minime
1793 3771 2084 3843 gentium;

432 3850 534 3905 sed
568 3854 626 3906 et
653 3851 800 3907 vidit
849 3856 908 3909 et
948 3854 1106 3911 ulnis
1143 3858 1385 3928 excepit.
1447 3857 1490 3913 Ο
1549 3857 1818 3914 virtutem
1872 3860 2017 3914 viri!
2053 3877 2085 3914 o

432 3938 770 4010 praeclaram
796 3942 1067 4014 pietatem
1095 3946 1553 4017 puritatemque!
1574 3970 1600 3998 υ
1624 3947 1684 4003 Ιιι
1708 3964 1858 4018 quae,
1878 3948 2086 4019 njuxta

429 4025 494 4082 B.
528 4027 779 4085 Paulum
814 4031 875 4101 [ι.
913 4031 1190 4105 Petrum],
1219 4057 1246 4084 ‹‹
1271 4034 1606 4091 desiderant
1636 4035 1823 4108 angeli
1859 4037 2083 4109 prospi-

429 4130 557 4170 cere
586 4115 633 4152 ³⁸
658 4141 672 4182 ;
702 4138 730 4166 »
753 4117 811 4171 in
835 4135 903 4173 ea
926 4119 1057 4191 ipsa
1076 4127 1346 4193 Symeon,
1381 4140 1495 4179 non
1530 4124 1860 4196 prospicere
1892 4125 2083 4191 modo,

428 4203 530 4258 sed
564 4219 707 4276 pure
739 4204 988 4278 ingredi,
1023 4224 1091 4263 ea
1138 4216 1497 4268 contrectare
1551 4213 1743 4286 iisque
1792 4230 1934 4285 pure
1971 4214 2084 4268 ini-

426 4289 562 4348 tiari
596 4291 777 4348 valuit
797 4292 809 4348 ι

496 4469 550 4523 9.
590 4487 612 4517 α
647 4469 715 4525 Et
748 4471 873 4525 veni
908 4472 965 4526 in
996 4475 1212 4545 Spiritu
1272 4477 1330 4531 in
1390 4478 1676 4550 templum
1706 4481 1770 4533 ⁸ο.
1807 4503 1834 4529 ››
1890 4481 1932 4536 O
1982 4482 2083 4536 mi-

2202 557 2362 616 παθὲς
2392 555 2483 609 καὶ
2514 556 2810 634 ἀνήμερον.
2842 560 2904 618 Ὁ
2934 558 3122 623 ’Πλίας
3157 562 3250 635 μὲν
3302 562 3439 617 κατᾶ
3481 568 3581 619 τῶν
3622 568 3787 644 ’Λχαᾶϐ

2201 648 2709 723 πεντηκοντάρχων.
2767 652 2949 712 Φινεὲς
3008 647 3067 705 δὲ
3122 653 3255 707 κατὰ
3325 658 3424 708 τοῦ
3495 653 3788 714 Μαδιανιτίου

2207 735 2429 808 μύσους”
2486 737 2684 812 Πὲτρος
2735 735 2794 792 δὲ
2839 741 2927 793 καὶ
2977 739 3213 812 Παῦλος,
3246 743 3277 799 ὁ
3311 742 3407 816 μὲν
3435 745 3564 799 κατὰ
3589 746 3789 802 ’Δνανίου

2203 823 2291 880 καί
2324 825 2652 901 Σαπφείρας,
2685 827 2714 881 ὁ
2772 824 2831 882 δὲ
2883 828 3019 884 κατά
3067 828 3280 903 Ἐλύμα
3321 832 3411 886 καὶ
3468 832 3788 912 Ἀλεξάνδρου,

2202 913 2291 970 καὶ
2322 912 2548 969 πολλῶν
2581 914 2767 971 ἄλλων
2800 914 3110 973 δικαιότατα
3138 920 3512 996 ἀπεχρήσατο.
3539 926 3610 997 Τῇ
3638 922 3686 979 δὲ
3705 924 3790 980 ἐπι-

2205 1004 2373 1077 Θυμίᾳ
2400 1006 2462 1060 τὸ
2497 1004 2723 1078 μελετᾷν
2757 1007 2809 1062 ἐν
2838 1009 2995 1081 νόμῳ
3025 1010 3223 1086 Κυρίου
3255 1007 3561 1074 διαπαντός
3608 1015 3664 1070 τὸ
3702 1014 3787 1071 ἐτι-

2205 1094 2421 1166 θυμητὰ
2451 1096 2698 1171 ἡγεῖσθαι
2727 1096 2794 1150 τὰ
2822 1094 3164 1171 δικαιώματα
3206 1099 3408 1175 Κυρίου
3448 1102 3572 1178 ὑπὲρ
3614 1105 3791 1179 χρυσίον

2202 1183 2292 1238 xui
2325 1180 2478 1237 λίθον
2506 1181 2691 1256 τίμιον
2738 1184 2940 1254 πολὺν,
2967 1187 3059 1241 καὶ
3083 1185 3388 1264 γλυκύτερα
3421 1190 3547 1267 ὑπὲρ
3580 1190 3687 1265 μέλι
3724 1195 3791 1249 καὶ

2202 1271 2412 1345 κηρίον·
2472 1274 2534 1328 τὸ
2590 1272 2769 1349 λέγειν
2829 1276 2962 1347 μετᾶ
3018 1274 3201 1332 Δαυ’ίδ’
3264 1302 3294 1331 ‹‹
3343 1280 3432 1341 Ὠς
3481 1281 3703 1355 ἀγαπητά
3742 1286 3790 1337 τὶ

2203 1361 2535 1435 σκηνώματα
2582 1383 2699 1434 σου,
2749 1362 2912 1439 Κύριε
2958 1370 3064 1420 τῶν
3112 1363 3417 1440 δυνάμεων
3450 1367 3679 1425 ἐπιποθεῖ
3724 1373 3790 1427 καὶ

2205 1448 2444 1505 ἐκλείπει
2475 1453 2509 1520 ἡ
2543 1454 2695 1527 ψυχή
2734 1473 2838 1524 μου
2870 1454 2946 1516 εἷς
2975 1455 3068 1517 τὰς
3098 1455 3267 1518 αύλάς
3298 1461 3397 1512 τοῦ
3421 1457 3628 1533 Κυρίου.
3656 1485 3675 1513 ι
3705 1459 3791 1517 Οὗ-

2202 1558 2311 1601 τως
2341 1540 2408 1608 ἦν
2441 1537 2646 1603 δίκαιος
2679 1542 2707 1595 ὁ
2738 1543 2984 1615 Συμεὼν,
3027 1541 3264 1616 μηδενὸς
3298 1542 3474 1608 εἷ’δους
3515 1553 3607 1616 τῆς
3636 1548 3787 1623 ἀρετῆς

2206 1627 2613 1704 ὑστερούμενος·
2684 1627 2835 1707 εἷ’περ
2909 1630 3327 1707 ἐμπεριεκτικὴν
3401 1630 3546 1709 ἴσμεν
3595 1638 3680 1705 τήν
3726 1635 3786 1692 δι-

2202 1717 2493 1787 καιοσύνην
2548 1718 2636 1773 καὶ
2676 1722 2782 1773 τῶν
2841 1717 3027 1775 ἄλλων
3076 1727 3262 1777 πασῶν
3314 1722 3536 1797 ἀρετῶν,
3575 1723 3787 1788 gemui;

2130 1845 2174 1910 Β
2203 1812 2444 1881 γενικαῖς
2474 1806 2690 1871 ταύταις
2720 1804 3141 1879 ὑποϐεϐηκασιν.
3176 1836 3206 1864 ι(
3238 1807 3492 1883 Εὐλαϐής
3545 1839 3565 1864 ι
3603 1811 3786 1884 δὶπῶςς

2206 1891 2607 1969 εὐλαϐούμενος
2658 1897 2765 1952 ἀπὸ
2820 1898 3117 1971 προσώπου
3168 1901 3368 1977 Κυρίου
3413 1900 3500 1957 καὶ
3542 1906 3636 1957 τῶν
3661 1903 3787 1958 αύτοῦ

2206 1986 2669 2060 προσταγμάτων·
2702 1985 2994 2061 ἀνεγνώκει
3023 1989 3124 2065 γὰρ
3155 1989 3246 2045 καὶ
3279 1988 3402 2046 λίαν
3437 1991 3784 2065 ἑπεσκεμμένως

2202 2071 2287 2145 τὸ,
2341 2095 2368 2127 α
2417 2074 2538 2129 Ἐπὶ
2584 2072 2705 2129 τίνα
2749 2071 3031 2151 ἐπιϐλὲψω
3088 2076 3217 2133 ἀλλ’
3246 2078 3281 2149 ἢ
3319 2077 3405 2135 ἐπὶ
3434 2080 3521 2134 τὸν
3550 2087 3695 2155 πρᾶον
3719 2081 3785 2135 καὶ

2204 2162 2436 2238 ἡσύχιον
2469 2163 2559 2220 καὶ
2588 2164 2860 2241 τρέμοντά
2894 2186 2998 2239 μου
3028 2165 3154 2230 τοὺς
3187 2165 3425 2245 λόγουςς
3455 2191 3481 2224 ι

2272 2343 2327 2398 8.
2361 2365 2390 2393 ‹‹
2452 2338 2897 2418 Προσδεχόμενος
2948 2344 3295 2421 παράκλησιν
3351 2349 3466 2406 τοῦ.
3521 2345 3722 2418 Ἰσραήλ.
3754 2370 3776 2402 ι

2204 2430 2369 2487 Ποίαν
2418 2429 2800 2506 παράκλησιν;
2853 2433 2950 2489 Ἢν
2999 2428 3247 2510 ’Δϐραὰὸ
3296 2435 3347 2489 ἐν
3398 2435 3618 2511 ἀγγέλου
3649 2437 3779 2511 ἑωρα-

2200 2521 2311 2583 κὼς
2343 2522 2611 2596 σχήματι,
2659 2522 2968 2595 θεοπρεπῶς
3016 2524 3407 2600 προσεκύνησε.
3459 2524 3602 2579 Ποίαν
3645 2526 3773 2597 παρά-

2200 2608 2395 2680 κλησιν
2422 2626 2435 2678 ;
2470 2609 2601 2683 Περὶ
2629 2608 2696 2678 ἧς
2727 2605 2923 2665 Ἰακὼϐ
2955 2611 3381 2687 προηγόρευσεν·
3433 2636 3460 2664 ι(
3504 2612 3606 2671 Οὐκ
3642 2610 3773 2667 ἐκλεί-

2199 2701 2287 2773 ψει
2320 2695 2529 2775 ἅρχων,
2562 2697 2728 2754 εἰπὼν
2763 2702 2897 2772 (29),
2930 2698 2982 2771 ἐξ
3010 2698 3205 2772 Ἰούδα,
3255 2698 3382 2757 οὐδὲ
3429 2700 3695 2776 ἡγούμενος
3731 2700 3774 2755 ἐι

2197 2791 2304 2842 τῶν
2370 2792 2561 2863 μηρῶν
2614 2787 2799 2856 αὐτοῦ,
2844 2784 2948 2851 ἕως
2998 2788 3056 2843 ἂν
3107 2787 3239 2865 ἔλθῃ
3291 2791 3338 2863 ᾧ
3395 2790 3661 2859 ἀπόκειται,
3706 2790 3772 2844 καί

2199 2876 2360 2938 αὐτὸς
2392 2873 2689 2950 προσδοκία
2720 2876 2906 2941 ἐθνῶν.
2956 2900 2983 2928 »
3026 2877 3204 2934 Ἀλλά
3248 2878 3409 2934 ποίαν
3461 2877 3770 2953 παράκλησινς

2195 2965 2374 3034 Αὐτὴν
2410 2965 2618 3035 ἐκείνην
2664 2964 2788 3040 περὶ
2836 2967 2903 3035 ἦς
2953 2964 3205 3040 Βαλαὰμ,
3257 2968 3304 3023 εί
3352 2968 3438 3023 καὶ
3488 2974 3577 3037 τῆς
3620 2965 3772 3036 ἐκκλη-

2198 3060 2479 3123 σιαστικῆς
2565 3053 2740 3123 αὐλῆς
2824 3050 3012 3128 ἔξωθεν
3091 3054 3356 3127 ἑστηκὼς,
3426 3057 3769 3134 προεφήτευσεν·

2196 3167 2224 3195 ‹‹
2277 3141 2578 3211 Ἀνατελεϊ,
2665 3140 2862 3218 λὲγων,
2941 3141 3135 3220 ἄστρον
3189 3144 3242 3215 ἐξ
3302 3139 3512 3216 Ἰακὼϐ,
3561 3144 3635 3200 καὶ
3679 3144 3768 3198 ἀνσ-

1468 3237 1608 3291 Eam
1642 3237 1832 3307 ipsam
1866 3238 1936 3292 de
1968 3254 2083 3310 qua

2197 3233 2448 3302 στήσεται
2481 3211 2766 3306 ἅνθρωπος
2797 3211 2858 3303 ἐξγ
2879 3211 3122 3307 Ἰσραήλ.
3160 3256 3187 3283 ι)
3220 3211 3402 3303 eam
3451 3211 3633 3301 ἐκείνην
3678 3229 3766 3304 περὶ

2190 3322 2260 3391 ἧς
2294 3322 2536 3390 Μωυσῆς
2586 3342 2774 3399 φησιν,
2813 3320 2896 3375 ὅτι
2960 3344 2989 3376 α
3032 3324 3329 3399 Προφήτην
3382 3324 3498 3396 ὑμῖν
3543 3319 3763 3389 ἀναστήσει

2192 3408 2389 3485 Κύριος
2430 3411 2457 3463 ὁ
2488 3410 2616 3471 Θεὸς
2644 3412 2803 3483 ἡμῶν
2835 3408 2895 3464 ἐκ
2920 3415 3028 3465 τῶν
3062 3409 3313 3490 ἀδελφῶν
3348 3412 3513 3484 ὑμῶν,
3544 3410 3609 3471 ὡς
3633 3408 3762 3481 ἐμὲ.»

2193 3499 2408 3570 Ταύτην
2456 3499 2555 3567 τήν
2600 3497 2966 3574 παράκλησιν,
3019 3496 3108 3554 διὰ
3157 3499 3463 3572 Πνεύματος
3491 3498 3621 3575 ἁγίου
3654 3515 3761 3572 χρη·

2196 3587 2468 3660 ματισθεῖς
2518 3588 2769 3659 Συμεὼν,
2834 3583 3218 3664 προσεδέχετο.
3276 3588 3343 3646 Τί
3390 3590 3514 3658 οὗν;
3568 3589 3674 3661 μήτι
3715 3604 3760 3657 γε

2193 3676 2294 3751 ἄρα
2349 3676 2547 3747 ταύτην
2610 3675 2691 3731 ἀεὶ
2762 3673 3207 3752 προσδεχόμενος
3271 3677 3493 3752 ἐψεύσθη
3542 3679 3640 3736 πῶς
3680 3676 3757 3726 τῶν

2194 3762 2455 3832 ἐλπίδων,
2526 3767 2561 3835 ἢ
2617 3772 2716 3835 τῆς
2774 3762 3102 3841 προσδοκίας
3162 3763 3476 3842 διήμαρτεν,
3528 3760 3759 3837 Οῦμενουν,

2193 3852 2469 3928 οὐδαμῶς
2530 3852 2675 3909 ἀλλᾶ
2729 3854 2819 3909 καὶ
2873 3851 2981 3909 εἶδε
3031 3856 3120 3909 καὶ
3162 3854 3566 3931 ἐνηγκαλίσατο.
3614 3852 3667 3905 Ὠ
3688 3855 3760 3916 τῆς

2189 3947 2288 3998 τοῦ
2319 3940 2512 4017 ἀνδρὸς
2543 3943 2738 4015 ἀρετῆς
2759 3964 2786 3997 Λ
2843 3940 2887 3997 ὢ
2915 3949 3016 4012 τῆς
3051 3938 3500 4019 ὑπερϐαλλούσης
3541 3933 3759 3996 εὐλαϐείας

2192 4031 2280 4086 καὶ
2320 4031 2732 4108 καθαρότητοςί
2796 4055 2823 4083 ‹‹
2878 4030 2970 4094 Εἷς
3029 4031 3083 4097 ἃ,
3135 4055 3164 4085 ››
3222 4033 3361 4088 κασᾶ
3412 4032 3497 4088 τὸν
3552 4028 3758 4102 μακάριον

2194 4118 2406 4175 Παῦλον
2442 4122 2502 4195 [ἱ.
2539 4122 2786 4196 [Iétpov],
2818 4145 2845 4172 «
2879 4118 3233 4194 ἐπιθυμοῦσιν
3258 4120 3473 4198 ἄγγελοι
3494 4115 3757 4193 πφακῦψαι.

2194 4206 2267 4269 εἷς
2315 4212 2482 4262 ταῦτα
2539 4209 2763 4281 Συμεὼν
2826 4205 2889 4262 οὐ
2944 4208 3258 4283 παρακύψαι
3315 4209 3489 4283 μόνον,
3539 4202 3659 4260 ἀλλὰ
3693 4198 3757 4253 καὶ

2190 4300 2438 4373 καθαρῶς
2516 4292 2862 4370 ἐμϐατεῦσαι,
2933 4297 3023 4352 καὶ
3099 4296 3420 4377 ψηλαφῆσαι
3486 4291 3643 4364 ταῦτα,
3693 4287 3756 4343 καῖ

2190 4386 2494 4464 ἀκραιφνῶς
2527 4386 2794 4459 μυηθῆναι
2827 4382 3133 4457 δεδύνηται.

2263 4480 2316 4533 9.
2354 4503 2377 4527 (ι
2410 4475 2508 4529 Καὶ
2538 4475 2704 4544 ἦλθεν
2757 4474 2808 4529 ἐν
2858 4480 2938 4548 τῷ
2992 4474 3265 4548 Πνεύματι
3316 4476 3389 4538 εἷς
3417 4475 3476 4529 τὸ
3500 4470 3641 4548 ἱερόν.
3666 4492 3689 4518 ιι
3710 4466 3757 4517 Ὦ

428 4557 731 4614 raculum!
768 4559 849 4615 Ne
882 4562 1006 4616 suis
1060 4564 1298 4634 quidem
1338 4566 1587 4636 pedibus
1621 4568 1691 4623 ad
1738 4574 2087 4625 sacramenti

2196 4569 2293 4620 τοῦ
2325 4564 2627 4636 θαύματοςί
2660 4560 2796 4618 Οὐδὲ
2824 4564 2979 4619 ποσὶν
3014 4563 3235 4627 οίκείοις
3267 4565 3398 4640 πρὸς
3436 4561 3527 4629 τὴν
3568 4560 3648 4612 τοῦ
3683 4574 3756 4626 μιν

428 4643 825 4702 ministerium
877 4666 1021 4706 usus
1072 4658 1179 4708 est.
1236 4653 1457 4707 Currus
1517 4656 1627 4726 ipsi
1686 4663 1775 4709 est
1826 4657 2081 4726 Spiritus

423 4739 665 4790 sanctus
716 4737 815 4807 qui
865 4755 997 4793 eum
1060 4741 1230 4812 quasi
1283 4741 1532 4809 alatum,
1565 4743 1651 4798 vel
1697 4745 1862 4815 quasi
1898 4746 2077 4801 alium

424 4822 576 4879 aeris
608 4830 1281 4896 cursoremAmbacum,
1320 4831 1374 4885 in
1418 4831 1700 4903 templum
1733 4833 1977 4900 inducit,
2013 4852 2079 4891 ac

424 4911 584 4967 sistit
614 4914 868 4969 sacrario
901 4918 963 4971 ⁴¹.
1019 4917 1116 4973 His
1168 4920 1338 4991 plano
1382 4921 1569 4977 verbis
1603 4922 1962 4995 compellans
1996 4927 2077 4978 vi-

424 5016 555 5056 rum
590 5017 604 5055 :
638 5004 883 5072 Accede,
915 5004 1127 5062 dilecte
1159 5024 1354 5078 senex,
1405 5028 1521 5083 quo
1570 5011 1928 5068 redditorum
1969 5014 2075 5069 tibi

494 5224 539 5258 ⁸⁷
570 5224 808 5300 [γραεξ.
844 5244 883 5297 ι,
920 5228 1006 5284 14.
1111 5230 1155 5264 ²⁸
1210 5230 1381 5287 Num.
1410 5250 1539 5300 xxv,
1570 5236 1624 5289 9.

423 5295 525 5369 1⁸1ζ
612 5296 658 5330 ³³
680 5295 831 5353 Psal.
865 5295 1095 5363 ιχχχιιι,
1128 5306 1181 5356 2.
1287 5304 1332 5339 ³⁸
1361 5306 1472 5360 lsa.
1509 5295 1655 5369 ιζχνι,
1686 5309 1740 5360 2.

422 5366 468 5401 ³⁸
500 5367 663 5423 Deut.
697 5386 857 5440 xvm,
896 5372 979 5426 15.
1059 5373 1106 5407 ⁸⁹
1137 5374 1158 5427 Ι
1190 5378 1343 5429 Petr.
1379 5393 1416 5442 1,
1454 5378 1539 5431 12.
1619 5366 1664 5412 ιδ
1696 5377 1833 5432 Luc.
1871 5395 1935 5447 11,
1964 5380 2055 5434 26.

491 5585 607 5732 ίξὲἐ

493 5589 607 5730 (29γ
638 5589 723 5645 Ita
754 5593 889 5662 Reg.
919 5592 972 5646 2.
1009 5595 1085 5648 At
1112 5591 1175 5648 in
1208 5593 1345 5668 Reg.
1384 5596 1434 5669 1,
1469 5595 1632 5652 εἰπών
1667 5600 1849 5656 deest.

493 5658 586 5730 (30
638 5659 778 5730 Reg.
812 5662 848 5717 2
876 5659 1273 5730 ἀποκέχρηται.

638 5659 778 5735 Reg.
812 5659 861 5717 2'
876 5659 1273 5738 ἀποκέχρηται.

1742 5236 1787 5271 ²⁹
1815 5239 1942 5291 Act.
1978 5252 2028 5304 γ,
2064 5238 2113 5292 4.

1845 5307 2127 5364 88Genes.
2179 5325 2339 5374 xvm,
2390 5310 2443 5362 2.

2193 4654 2415 4728 στηρίου
2464 4650 2735 4707 διακονίαν
2776 4652 3042 4729 κέχρηται
3097 4655 3229 4729 (30)·
3278 4655 3419 4731 ἅρμα
3446 4648 3500 4706 δὶ
3545 4645 3689 4715 τούτῳ
3711 4640 3757 4695 τὸ

2196 4748 2409 4816 Πνεῦμα
2465 4741 2528 4795 τὸ
2587 4742 2739 4817 ἅγιον
2799 4740 3001 4817 γίνεται
3058 4742 3146 4797 καὶ
3197 4742 3310 4797 οἷον
3360 4734 3625 4813 ὗπόπεερόν
3648 4748 3751 4797 τινα,

2188 4832 2277 4887 καὶ
2336 4826 2725 4907 α’θεροδρὸμον
2789 4824 3107 4902 Ἀμϐακοὺμ
3158 4828 3348 4900 ἄλλον,
3399 4827 3521 4899 πρὸς
3562 4819 3636 4878 τὸν
3660 4817 3749 4872 ναὸν

2190 4921 2411 4996 ε’σάγει,
2469 4919 2557 4975 καὶ
2614 4924 2693 4991 τῷ
2749 4920 2881 4994 ἱερῷ
2936 4924 3189 4996 παριστᾷ·
3231 4917 3436 4979 πάντως
3462 4936 3554 4970 που
3575 4911 3751 4965 τοιαῦτα

2188 5012 2322 5087 πρὸς
2354 5009 2512 5063 αὑτὸν
2564 5005 2727 5084 λέγον
2778 5008 2867 5063 καὶ
2916 5008 3415 5087 προσφθεγγόμενον
3442 5007 3561 5080 (31)”
3605 4999 3749 5070 Δεῦρο.

2764 5232 3047 5288 ³¹1Τίιιι.
3100 5250 3139 5299 1,
3189 5235 3278 5289 20.
3374 5230 3418 5266 ”
3467 5222 3745 5299 PsalJVgI.

2217 5237 2263 5271 ³ο
2290 5238 2414 5291 Act.
2448 5252 2582 5300 χιιι,
2612 5235 2667 5289 8.
2764 5235 2809 5268 ³¹
2847 5235 3047 5288 lTim.
3100 5250 3139 5299 1,
3189 5235 3278 5289 20.
3374 5235 3418 5266 "
3467 5235 3736 5282 Psal.xvut

2220 5325 2339 5360 vm.
2390 5310 2443 5360 2.
2548 5307 2593 5342 ³⁸
2649 5305 2857 5360 Genes.
2890 5321 3039 5360 xux.
3074 5305 3159 5360 10.
3262 5305 3305 5340 ³⁷
3333 5302 3491 5360 Num.
3518 5308 3644 5360 nm
3669 5287 3736 5344 17·

2548 5307 2593 5342 ³⁸
2649 5305 2857 5361 Genes.
2890 5321 3039 5374 xux,
3074 5305 3159 5360 10.

2131 5382 2173 5416 ⁴¹
2208 5381 2354 5436 Dan.
2385 5396 2500 5450 xw,
2531 5380 2620 5434 35.

2246 5598 2479 5683 (aqua
2504 5598 2649 5683 'Reg.
2681 5599 2739 5669 2,
2795 5596 3036 5671 optime.
3092 5598 3167 5656 At
3230 5582 3736 5683 Βοε..1,λίγωνιαί

2178 5667 2707 5749 προσφθεγγόμινος.
