4026 6204
200 381 321 443 985

1274 374 1601 435 HUMlLlA
1648 372 1723 431 IN
1769 362 2190 428 OCCURSUM
2241 358 2541 421 DOMINI.

3492 350 3611 411 986

207 512 301 578 ἴθι,
337 511 497 587 γέρον
526 508 673 588 φίλε,
706 509 787 564 ἵνα
815 512 921 563 τῶν
960 507 1131 563 πάλαι
1190 527 1271 561 σοι
1326 502 1845 581 κεχρηματισμένωι

1972 494 2113 551 olim
2138 492 2505 550 oraculorum
2537 491 2808 545 eventum
2839 484 3062 557 liquido
3113 483 3461 555 conspicias,
3512 500 3614 540 no-

205 601 503 673 θαυμάτων
560 600 655 661 τὰς
716 594 961 660 ἐκϐάσεις
1020 597 1257 672 ἐναργῶς
1313 592 1668 669 κατὸψῃ,καὶ
1717 595 1859 668 γνῷς

204 688 333 744 οἵων
395 687 729 763 πραγμάτων
794 688 1002 760 μύστης
1058 683 1409 758 ἐταμιεόθης,
1443 681 1560 745 οἳας
1611 678 1857 740 εὐκλείας

208 778 355 853 παρά
415 776 541 838 τοὺς
602 775 806 837 ἄλλους
859 773 1185 851 τετύχηκας.
1246 772 1555 848 Δεῦρο,τὰς
1612 766 1856 831 ἐκϐάσεις

211 874 309 935 τῆς
370 867 547 935 καλῆς
583 869 691 934 (32)
723 866 915 940 ἀρετῆς
974 858 1336 937 ἀναλάμϐανε
1378 862 1467 918 καὶ
1516 860 1550 915 ἃ
1594 859 1854 937 πρότερον

209 958 235 1009 ὁ
266 956 506 1025 θεόπτης
537 955 804 1023 αἰσθητῶς
846 956 937 1027 μὲν
967 958 1034 1027 τῇ
1064 953 1233 1029 πέτρᾳ
1261 955 1329 1027 τῇ
1362 951 1412 1006 ἰν
1462 956 1616 1019 Σινᾶ,
1645 953 1856 1020 νοητῶς

214 1042 269 1099 δὲ
299 1048 367 1109 τῆ
400 1044 525 1117 περὶ
556 1044 648 1098 τὸν
676 1044 801 1099 Θεὸν
834 1043 1054 1120 ἀῤῥαγεῖ
1099 1041 1413 1106 σκεπασθεὶς
1470 1039 1644 1095 πίστει
1698 1037 1858 1111 μόλις

209 1133 283 1193 ὡς
328 1130 418 1186 διά
468 1153 617 1194 τινος
652 1133 809 1201 ὀπῆς,
839 1139 941 1201 τῆς
991 1130 1259 1208 ἀμυδρᾶς,
1295 1132 1467 1204 οἶμαι,
1501 1128 1725 1204 Θεωρίας
1767 1127 1858 1182 καὶ

206 1219 482 1296 γνώσεως,
516 1221 567 1275 ἐν
627 1220 884 1277 ὀπισθίων
945 1218 1074 1276 εἷ’δει
1122 1222 1385 1276 τεθέαται·
1419 1224 1586 1274 ταῦτα
1644 1217 1705 1272 σὺ
1763 1221 1854 1271 νῦν

208 1310 447 1384 ἐναργῶς
482 1311 874 1384 καταμάνθανε,
906 1310 994 1365 καὶ
1030 1305 1317 1384 μετάϐαινε
1364 1308 1557 1365 λοιπὸν
1607 1308 1712 1362 ἀπὸ
1758 1310 1856 1361 τοῦ

208 1399 430 1453 θανάτου
488 1404 587 1453 τοῦ
645 1398 696 1453 ἐν
755 1404 835 1471 τῷ
891 1400 1105 1470 σώματι
1155 1399 1289 1472 πρὸς
1344 1399 1443 1466 τὴν
1496 1399 1639 1467 ζωὴν
1672 1397 1771 1465 τὴν
1805 1396 1856 1451 ἐν

208 1488 495 1559 πνεύματι·
528 1488 618 1542 καὶ
648 1488 738 1542 τὸν
771 1486 824 1543 ἐν
853 1487 1136 1562 γράμματι
1168 1487 1359 1560 νόμον,
1392 1488 1437 1558 ᾧ
1479 1486 1664 1548 καλῶς
1718 1486 1852 1560 ἄγαν

203 1578 287 1632 καὶ
345 1576 623 1655 θεοφιλῶς
676 1577 1121 1655 ἐλειτουργήσας,
1183 1578 1404 1650 μετάθες
1474 1576 1608 1651 πρὸς
1664 1575 1755 1629 τὸν
1802 1574 1856 1628 ἐν

206 1667 411 1743 χάριτι.
456 1667 744 1739 Κέκμηκας
802 1666 904 1742 γὰρ
962 1667 1155 1728 ἱκανῶς
1211 1664 1320 1737 ἤδη
1367 1670 1485 1728 τοῖς
1514 1665 1706 1726 τόποις
1762 1662 1852 1717 καὶ

899 1753 977 1772 ἢν
1054 1759 1083 1771 ιν

203 1762 312 1817 ταῖς
344 1760 549 1817 σκιαῖς·
583 1757 760 1809 νεάσαι
793 1777 850 1810 σε
894 1753 977 1810 δεῖ
1016 1759 1086 1830 τῇ
1136 1753 1367 1826 ἀληθείᾳ
1412 1753 1627 1825 λοιπὸν,
1654 1752 1745 1807 ’ἕνα
1787 1753 1854 1807 τὰ

1968 587 2235 656 verisque
2285 581 2524 655 quantis
2576 580 2750 635 rebus
2795 573 3120 630 initiandus
3153 576 3481 628 reservatus
3512 573 3611 637 sis,

1969 680 2251 748 quantam
2285 688 2400 744 pra)
2433 668 2563 724 aliis
2595 665 2839 740 gloriam
2883 665 2965 720 sis
3024 667 3394 718 consecutus.
3445 662 3611 727 Veni,

1970 763 2242 837 praeclare
2288 759 2521 815 virtutis
2572 762 2682 812 tuas
2733 758 3002 810 eventum
3052 752 3302 824 percipe.
3362 753 3442 806 Ac
3490 768 3613 821 qum

1968 854 2107 911 olim
2139 853 2237 908 ille
2272 851 2369 906 Dei
2400 849 2710 920 inspector,
2757 841 3116 899 sensibiliter
3163 841 3401 912 quidem
3453 846 3615 912 petra

1969 943 2185 999 montis
2216 939 2389 1007 Sinai,
2416 934 2800 1010 spiritualiter
2830 936 3027 987 autem
3060 931 3309 985 infracta
3339 946 3447 985 sua
3477 946 3615 1001 erga

1968 1034 2152 1091 Deum
2187 1032 2299 1086 ﬁde
2348 1029 2633 1092 obtectus,
2684 1024 2779 1080 vix
2827 1021 2994 1093 quasi
3047 1037 3149 1092 per
3197 1020 3454 1074 foramen
3507 1021 3611 1073 ob-

1968 1139 2171 1187 scure,
2218 1119 2443 1188 opinor,
2475 1112 2892 1189 speculationis
2924 1114 3099 1181 atque
3130 1108 3480 1181 cognitionis
3513 1126 3613 1180 po-

1968 1212 2279 1268 steriorum
2312 1206 2501 1279 specie
2545 1204 2687 1260 vidit
2725 1203 2801 1269 ";
2855 1217 2923 1256 ea
2968 1204 3031 1253 tu
3088 1197 3259 1253 modo
3309 1198 3616 1269 perspicue

1967 1301 2216 1364 ediscas,
2265 1303 2439 1370 atque
2486 1296 2723 1351 demum
2752 1296 3015 1346 transeas
3047 1305 3080 1342 a
3109 1285 3393 1358 corporali
3428 1292 3611 1341 morte

1968 1392 2039 1447 ad
2072 1390 2256 1445 vitam
2300 1383 2665 1460 spiritualem
2718 1397 2731 1438 :
2782 1396 2847 1435 ac
2897 1379 3084 1451 legem
3135 1392 3263 1447 qua:
3312 1376 3369 1429 in
3419 1373 3612 1430 littera

1968 1481 2081 1537 sita
2124 1484 2248 1544 est,
2300 1476 2393 1531 cui
2444 1474 2621 1547 probe
2669 1469 2988 1525 admodum
3038 1481 3103 1522 ac
3154 1463 3427 1537 religioso
3476 1479 3612 1535 erga

1970 1573 2147 1626 Deum
2181 1568 2389 1623 ati‘ectu
2441 1559 2807 1629 ministrasti,
2859 1560 3158 1614 commuta
3186 1555 3244 1610 in
3296 1569 3425 1609 eam
3484 1570 3615 1625 quae

1964 1660 2119 1716 860
2148 1662 2237 1713 est
2260 1656 2319 1710 in
2351 1653 2559 1727 gratia.
2591 1650 2840 1705 Multum
2871 1662 3126 1717 namque
3164 1644 3222 1698 in
3273 1641 3477 1715 figuris
3520 1648 3613 1697 at-

1964 1767 2077 1822 que
2108 1746 2335 1803 umbris
2364 1740 2810 1799 laborasti.Jam
2845 1742 2899 1792 te
2928 1738 3151 1808 oportet
3181 1733 3239 1788 in
3263 1732 3614 1803 veritateju-

204 1845 326 1916 τέλη
358 1849 466 1899 τῶν
498 1850 742 1918 νομικῶν
768 1865 978 1919 παρατη
991 1820 1250 1920 ρηιμάτων
1284 1820 1391 1917 (33)
1418 1846 1562 1919 ἀρχή
1601 1820 1682 1898 σοι
1715 1843 1845 1919 πρὸς

1964 1820 2093 1894 nior
2123 1836 2298 1904 efﬁci,
2332 1838 2395 1889 ut
2423 1830 2701 1904 legalium
2752 1824 3224 1882 Observationum
3276 1823 3442 1891 lines,
3492 1820 3608 1875 ini-

202 1935 263 1987 τὰ
284 1941 383 2003 τῆς
417 1936 654 2010 χάριτος
686 1935 1006 2011 χρηματέσῃ
1038 1932 1366 2009 διδάγματα.

270 2026 351 2080 10.
382 2028 567 2079 Ταῦτα
598 2026 734 2079 κατὰ
761 2026 822 2079 τὸ
852 2025 1047 2094 νοητὸν
1096 2024 1188 2085 οὖς
1235 2025 1262 2077 ὁ
1315 2029 1457 2087 θεῖος
1511 2023 1672 2085 οὗτος
1721 2043 1849 2097 πρε-

206 2107 393 2182 σϐύτης
424 2112 667 2175 ἀκούσας
697 2114 848 2188 παρά
873 2118 970 2169 τοῦ
1002 2112 1338 2187 Ηνεύματος,
1373 2119 1546 2188 χαρᾶς
1588 2112 1731 2173 ὅλως
1760 2111 1849 2166 καὶ

207 2201 533 2279 εὐφροσύνης
589 2200 984 2277 πεπλήρωται’
1044 2202 1133 2257 καὶ
1187 2204 1300 2257 οἷον
1357 2200 1537 2263 ἔνθους
1597 2201 1697 2255 ὑπὸ
1753 2204 1849 2255 τοῦ

206 2286 433 2363 θάμϐους
497 2291 797 2365 γενόμενος
830 2335 845 2360 ,
907 2292 1105 2346 οὑτωσί
1162 2313 1278 2353 πως
1335 2290 1415 2363 τῷ
1473 2288 1848 2365 διαλεγομένῳ

207 2376 700 2454 προσαντημείϐετο
735 2401 748 2411 ·
814 2381 912 2435 Καὶ
968 2378 1134 2450 ἦλθεν
1189 2380 1364 2435 ἐκεῖνα
1399 2426 1413 2449 ,
1475 2377 1800 2455 Παράκλητε
1833 2422 1847 2446 ,

209 2469 328 2539 ἅπερ
391 2468 499 2542 ἐγὼ
573 2470 857 2533 θεάσασθαι
927 2469 1413 2544 κεχρημάτισμαι;
1472 2468 1617 2530 ὅλως
1684 2468 1850 2537 ἦλθεν

207 2556 383 2629 ἐκεῖνα,
442 2558 585 2630 ἅπερ
648 2556 776 2613 ἰδεῖν
836 2558 941 2634 ἐγὼ
994 2559 1139 2634 παρὰ
1197 2564 1291 2613 σοῦ
1346 2557 1845 2634 προεπήγγελμαι;

210 2648 296 2708 Δὸς
352 2652 648 2721 τοιγαροῦν
720 2653 799 2719 τῶ
877 2650 1024 2722 γήρᾳ
1080 2653 1260 2724 χεῖρα,
1322 2647 1667 2721 Ηαράκλητε,
1732 2645 1846 2709 δός.

207 2735 406 2798 Ὑπόθες
466 2757 569 2808 μοι
623 2738 724 2805 τὴν
780 2736 925 2811 παρὰ
983 2740 1080 2791 σοῦ
1132 2738 1317 2813 χάριν,
1355 2736 1567 2800 ὑπόθες.
1625 2736 1694 2790 Τὸ
1745 2735 1846 2813 γὰρ

211 2823 353 2895 σῶμά
397 2846 490 2895 μοι
545 2826 817 2896 κέκμηκεν
868 2822 1000 2894 ἤδη,
1034 2825 1123 2879 καὶ
1176 2823 1408 2900 βαδίζειν
1443 2828 1556 2898 (34)
1589 2825 1841 2895 ἐξατονεῖ.

210 2911 454 2966 Βάπασον
512 2912 691 2975 αὐτὸς,
754 2912 798 2967 ὦ
857 2912 1012 2991 φύσις
1081 2914 1381 2990 παντουργὶ
1436 2913 1523 2968 καὶ
1584 2914 1845 2986 ἀκάματε,

215 3000 455 3073 βάστασόν
533 3024 598 3075 με
654 3003 743 3056 τὸν
802 3002 1021 3072 ἀσθενῆ,
1078 3004 1168 3058 τὸν
1249 3002 1493 3079 γέροντα,
1546 3002 1635 3057 καὶ
1712 3002 1848 3077 πρὸς

212 3087 363 3144 ἐκεῖνα
418 3092 479 3145 τὸ
548 3090 718 3166 τάχος
773 3092 1030 3167 ἀπάγαγε.
1087 3093 1205 3146 Ἐὰν
1256 3091 1356 3168 γὰρ
1413 3092 1630 3162 θελήσω
1687 3091 1844 3145 ποσὶν

214 3178 412 3241 ιῖκείοις
468 3179 616 3253 πρὸς
678 3177 886 3255 βάδισιν
947 3182 1274 3256 χρήσασθαι,
1329 3179 1570 3257 χρονίζω
1628 3179 1843 3242 πάντως

1956 1929 2107 1984 tium
2135 1926 2239 1981 tibi
2267 1924 2389 1980 sint
2419 1922 2490 1977 ad
2523 1918 2717 1990 gratiae
2748 1917 3117 1972 documenta.
3603 1958 3607 1973 ,

2033 2017 2119 2072 10.
2152 2014 2255 2069 His
2285 2008 2638 2082 intelligibili
2672 2022 2811 2063 aure
2842 2022 2875 2059 a
2903 2003 3123 2075 Spiritu
3174 2000 3413 2071 auditis,
3460 2000 3606 2055 (livi-

1959 2123 2071 2161 nus
2120 2120 2298 2161 senex
2326 2099 2539 2173 gaudio
2570 2097 2741 2170 plane
2770 2099 2944 2165 atque
2976 2091 3173 2146 latitia
3196 2091 3451 2161 repletus
3495 2092 3605 2158 est,

1959 2212 2024 2250 ac
2073 2198 2313 2265 stupore
2362 2188 2526 2262 quasi
2578 2185 2881 2250 attonitus,
2932 2182 3285 2251 afﬂatusque
3332 2177 3603 2251 Numine,

1959 2285 2080 2340 haec
2102 2284 2219 2338 fere
2248 2277 2623 2351 compellanti
2655 2271 2915 2346 reposuit
2945 2287 2959 2326 :
2994 2271 3236 2341 Ergone,
3292 2267 3607 2335 Paraclete,

1957 2377 2242 2432 venerunt
2268 2371 2389 2439 illa,
2423 2387 2551 2442 quae
2578 2368 2841 2423 visurum
2876 2380 2967 2419 me
2999 2363 3234 2418 oraculo
3258 2359 3496 2431 accepi?
3518 2361 3605 2416 An

1958 2464 2130 2538 plane
2159 2465 2446 2518 venerunt
2476 2457 2576 2513 illa
2607 2473 2733 2529 quae
2765 2471 2857 2511 me
2887 2454 3339 2522 conspecturum
3368 2447 3604 2521 pollice-

1956 2553 2138 2610 bare?
2158 2556 2394 2607 Manum
2425 2545 2713 2605 senectuti
2744 2543 2994 2617 porrige,
3018 2539 3329 2607 Paraclete,
3351 2538 3602 2610 porrige,

1958 2644 2221 2715 inquam.
2258 2639 2517 2697 Gratiam
2549 2650 2814 2708 suppone
2844 2636 3043 2699 tuam;
3077 2644 3362 2702 suppone,
3386 2642 3600 2700 quaeso.

1956 2732 2251 2788 Caducum
2296 2743 2511 2800 corpus
2559 2740 2755 2780 meum
2803 2720 3069 2777 incedere
3118 2717 3209 2773 vix
3254 2720 3463 2788 potest.
3514 2717 3601 2771 Tu

1954 2826 2200 2895 gestato,
2253 2835 2467 2891 quieso,
2518 2832 2549 2870 ο
2600 2819 2808 2869 natura
2836 2808 3099 2866 omnium
3134 2806 3324 2878 opifex
3354 2809 3406 2861 et
3438 2806 3600 2860 inde-

1956 2912 2129 2976 fessa,
2160 2912 2405 2980 gestam,
2439 2922 2531 2961 me
2560 2901 2943 2967 imbecillum,
2976 2896 3280 2967 senem,!et
3309 2910 3485 2965 quam
3507 2910 3600 2948 ce-

1954 2999 2191 3055 lerrime
2221 3015 2286 3053 eo
2317 2994 2613 3052 adducito.
2648 2993 2795 3047 Nam
2826 2990 2876 3045 si
2910 2987 3157 3060 pedibus
3182 2983 3327 3040 meis
3359 2984 3468 3039 iter
3496 2999 3597 3055 ag-

1955 3089 2207 3161 grediar,
2236 3087 2294 3141 in
2326 3086 2419 3141 via
2448 3082 2787 3150 cunctahor,
2833 3078 2935 3133 illa
2982 3075 3215 3132 interim
3263 3074 3596 3140 abscedent,

1954 3194 2061 3234 nec
2107 3176 2445 3248 conspicere
2491 3171 2685 3228 licebit
2732 3168 2897 3224 mihi.
2948 3168 3025 3222 Ac
3071 3182 3151 3221 vae
3207 3163 3370 3230 mihi,
3420 3178 3594 3233 quam

213 3264 256 3321 ἐν
284 3272 345 3342 τῇ
375 3267 520 3339 ὁδῷ,
551 3270 767 3323 κάκεῖνα
816 3270 1169 3345 παρέρχεται,
1200 3271 1289 3325 καὶ
1321 3270 1382 3325 οὐ
1442 3274 1630 3345 θεωρῶ
1688 3268 1840 3325 αὐτά.

1960 3266 2121 3322 triste
2165 3264 2331 3335 illud,
2374 3263 2424 3319 si
2466 3262 2539 3317 iis
2570 3258 2859 3332 privabor,
2892 3270 3139 3327 quorum
3160 3251 3391 3324 jamdiu
3421 3250 3597 3307 visio—

214 3357 297 3410 Καὶ
326 3354 383 3412 οἷ’
426 3380 529 3431 μοι
558 3362 666 3413 τῶν
700 3364 1054 3431 σκυθρωπῶν,
1087 3360 1132 3414 εἰ
1188 3358 1333 3433 ξένος
1381 3358 1585 3414 τούτων
1616 3360 1841 3433 γενήσο-

218 3467 317 3516 μαι,
348 3449 417 3501 ὧν
465 3447 566 3509 τὰς
620 3447 877 3525 ἐμφάσεις
907 3450 1022 3521 (35)
1069 3448 1348 3525 πόῤῥωθεν
1400 3444 1630 3505 ἔλαϐονῐ
1675 3446 1843 3505 Οὔπω

213 3540 358 3590 ταῦτα
382 3538 518 3592 κατᾶ
548 3542 676 3591 νοῦν
719 3538 746 3591 ὁ
792 3533 1100 3613 πρεσϐύτης
1151 3538 1549 3606 ἀνετυπὼσατο,
1578 3539 1666 3593 καὶ
1723 3543 1843 3599 ταῖς

214 3629 295 3678 τοῦ
333 3625 430 3681 νεὼ
481 3625 688 3687 πύλαις
736 3628 925 3681 θᾶττον
966 3628 999 3695 ἣ
1028 3624 1193 3702 λόγος
1244 3627 1581 3704 παρίσταται.
1616 3652 1642 3678 ‹‹
1677 3626 1844 3690 Ἦλθε

215 3712 301 3787 γὰρ
355 3713 401 3769 ἐν
452 3720 531 3787 τῷ
597 3714 892 3788 Πνεύματι,
925 3715 1107 3792 φησὶν,
1142 3714 1193 3770 ἐν
1242 3720 1322 3787 τῷ
1361 3717 1512 3792 ἱερῷ.
1548 3740 1575 3767 ››
1607 3715 1839 3784 Τοιαύτη

1955 3374 2056 3412 nes
2086 3355 2301 3427 accepi.
2334 3353 2464 3408 Haec
2493 3350 2729 3406 vixdum
2763 3362 2939 3403 senex
2985 3342 3180 3399 animo
3234 3347 3598 3413 conceperat,

1953 3450 2128 3518 atque
2159 3444 2230 3501 ad
2262 3440 2464 3514 templi
2498 3440 2646 3495 fores
2677 3436 2851 3493 citius
2883 3434 3035 3489 dicto
3061 3432 3295 3489 sistitur
3323 3447 3337 3486 :
3372 3453 3400 3481 «
3441 3430 3603 3485 Venit

1952 3536 2133 3601 enim,
2161 3532 2395 3604 [inquit,
2429 3531 2487 3585 in
2517 3528 2733 3602 Spiritu
2757 3525 2818 3580 in
2848 3522 3156 3595 templum.
3192 3543 3219 3571 ››
3254 3519 3602 3591 Hujusmodi

1952 3629 2042 3682 est
2068 3624 2224 3680 enim
2255 3622 2439 3677 virtus
2469 3618 2747 3691 Spiritus,
2781 3618 2847 3670 ut
2877 3614 2951 3669 sit
2983 3611 3069 3667 illi
3110 3610 3381 3666 voluntas
3427 3625 3597 3680 opus,

1951 3718 2007 3770 et
2037 3731 2128 3769 res
2156 3712 2296 3784 ipsa:
2328 3710 2647 3781 cogitatum
2681 3704 3136 3774 subsequantur.

218 3800 303 3873 γὶρ
354 3805 386 3871 ἦ
438 3808 535 3858 τοῦ
600 3803 913 3876 [Ινεῦματος
972 3801 1238 3877 δύναμις,
1294 3803 1448 3881 ἔργον
1523 3806 1621 3875 τὴν
1701 3802 1964 3881 βούλησιν
2027 3800 2267 3876 ἔχουσα,
2322 3797 2412 3852 καὶ
2467 3798 2536 3870 τῇ
2600 3791 2859 3870 βουλήσει
2914 3789 3479 3863 συμπαρομαρτῶντα
3534 3786 3601 3838 τὰ

224 3892 506 3966 πράγματα.

281 3983 355 4036 11.
390 4006 413 4027 σε
448 3982 545 4036 Καὶ
608 3981 658 4035 ἐν
719 3986 798 4053 τῷ
856 3982 1084 4057 εἰσάγειν
1144 3982 1270 4045 τοὺς
1330 3989 1505 4058 γονεῖς
1532 3984 1595 4039 τὸ
1624 3980 1838 4038 παιδίον

222 4067 425 4137 Ἰησοῦν,
456 4075 555 4125 τοῦ
588 4078 812 4140 ποιῆσαι
873 4072 1009 4125 κατὰ
1051 4072 1112 4126 τὸ
1165 4071 1459 4146 εἰθισμένον
1517 4071 1614 4128 toi}
1672 4072 1842 4145 νόμου

223 4156 328 4227 περὶ
356 4157 532 4227 αὐτοῦ,
567 4160 656 4213 καὶ
688 4160 847 4221 αὐτὸς
898 4158 1110 4232 ἐδέξατο
1160 4160 1289 4216 αὐτὸ
1340 4161 1417 4223 εἷς
1463 4163 1555 4223 τὰς
1606 4161 1841 4237 ἀγκάλας

221 4242 378 4301 αὐτοῦ.
414 4272 440 4297 n
473 4246 628 4310 Εἶδες
658 4248 953 4318 ἀπάντησιν
1001 4250 1152 4322 ξένην
1196 4250 1285 4305 καὶ
1337 4251 1467 4326 ὑπὲρ
1516 4249 1838 4326 ἅνθρωπον;

222 4330 351 4395 Εἶδες
379 4336 810 4408 ἀπάντησιν,οὑκ
838 4337 898 4392 ἐκ
928 4338 1219 4414 συντυχίας
1249 4341 1466 4409 τινὸς,ἢ
1497 4341 1842 4413 συνθήματος

219 4425 505 4495 γενομένην,
527 4425 655 4481 ἀλλ’
677 4425 735 4480 ἐκ
764 4434 1133 4499 πνευματικῆς
1169 4427 1431 4503 ἐνεργείας
1460 4430 1548 4484 καὶ
1580 4430 1837 4505 χάριτοςς

222 4507 376 4579 Καὶ,ὣ
405 4518 495 4566 τοῦ
526 4513 802 4585 θαύματος
822 4515 832 4569 !
855 4510 980 4568 οὐδὲ
1014 4516 1206 4590 μικρόν
1233 4536 1285 4569 τι
1319 4516 1538 4589 θάτερος
1567 4511 1842 4591 προέλαϐε

222 4595 437 4672 θάτερον,
461 4599 590 4657 ἀλλ’
620 4604 761 4674 ὁμοῢ
793 4602 1020 4675 Χριστός
1052 4624 1109 4659 τε
1138 4603 1226 4658 καὶ
1261 4605 1510 4677 Συμεὼν,
1531 4607 1558 4660 ὁ
1596 4606 1690 4678 μὲν
1720 4611 1840 4668 ταῖς

226 4696 480 4759 μητρικαῖς
507 4690 756 4759 ὠλέναις,
790 4693 818 4745 ὁ
863 4689 920 4747 δὲ
965 4697 1042 4765 τῷ
1093 4693 1363 4767 Πνεόματι
1419 4694 1839 4769 βασταζόμενος,

2026 3983 2110 4036 11.
2148 4002 2176 4031 ‹‹
2206 3981 2275 4035 Et
2304 3994 2439 4033 cum
2471 3974 2816 4031 inducerent
2846 3986 3093 4042 puerum
3137 3968 3339 4023 Jesum
3391 3981 3598 4037 paren-

1952 4076 2040 4127 tes
2071 4071 2221 4140 ejus,
2256 4072 2320 4122 ut
2352 4067 2610 4122 facerent
2641 4062 2964 4119 secundum
2998 4054 3484 4113 consuetudinem
3519 4053 3599 4110 le-

1951 4160 2041 4231 gis
2074 4176 2176 4231 pro
2208 4174 2273 4213 eo
2311 4173 2323 4213 :
2358 4160 2417 4211 et
2447 4155 2573 4225 ipse
2604 4151 2827 4223 accepit
2855 4165 2989 4204 eum
3025 4147 3081 4202 in
3116 4144 3286 4201 ulnas
3317 4160 3457 4199 suas
3479 4144 3542 4197 ‘3.
3571 4165 3597 4191 ››

1952 4248 2221 4304 Vidistin’
2253 4260 2562 4302 occursum
2594 4240 2946 4305 mirabilem,
2972 4254 3039 4293 ac
3061 4253 3238 4309 supra
3264 4233 3599 4290 hominem?

1948 4337 2222 4393 Vidistin’
2254 4349 2587 4400 occursum,
2620 4349 2743 4387 non
2781 4345 2957 4385 causa
3004 4331 3106 4382 aut
3152 4325 3469 4381 constituto
3519 4323 3599 4377 fa-

1950 4434 2132 4496 ctum,
2165 4427 2263 4482 sed
2295 4442 2363 4481 ex
2393 4420 2689 4495 spirituali
2721 4416 3059 4491 operatione
3091 4419 3148 4471 et
3176 4412 3414 4486 gratia?
3446 4416 3529 4476 Et,
3564 4430 3597 4467 ο

1950 4534 2043 4573 res
2072 4516 2241 4587 mira,
2279 4531 2348 4570 ne
2380 4512 2691 4569 minimum
2727 4508 2962 4581 quidem
2999 4506 3143 4561 alter
3171 4505 3417 4559 alterum
3450 4519 3593 4573 pras-

1950 4608 2273 4680 occupavit,
2306 4606 2408 4661 sed
2440 4621 2558 4659 una
2587 4600 2855 4659 Christus
2885 4602 2941 4653 et
2988 4597 3261 4669 Symeon,
3313 4592 3594 4649 maternis

1952 4696 2049 4753 ille
2100 4696 2276 4763 ulnis,
2328 4695 2423 4750 hic
2470 4692 2692 4765 Spiritu
2734 4691 3020 4762 gestatus,
3051 4686 3122 4740 ad
3154 4683 3357 4757 templi
3388 4682 3593 4738 limina

221 4792 277 4845 τῃ
324 4782 408 4831 τοῦ
447 4778 593 4855 ἱεροῦ
644 4778 779 4857 φλιᾷ
827 4783 1302 4855 παρειστήκεισαν.
1337 4784 1393 4840 Ὀ
1449 4785 1541 4856 μὲν
1594 4782 1705 4851 οὖν,
1737 4791 1837 4852 τῆς

1960 4786 2122 4842 simul
2173 4760 2483 4842 steterunt.
2516 4760 2779 4854 —Symeon
2829 4782 3023 4833 autem
3075 4792 3108 4829 a
3156 4774 3438 4829 curvitate
3487 4788 3595 4827 sua

226 4863 338 4936 πρὸς
383 4875 478 4941 γῆν
538 4869 827 4929 ἀνανεόσας
884 4870 1218 4944 συγκύψεως·
1250 4873 1396 4926 κάτω
1425 4874 1524 4948 γάρ
1583 4872 1648 4943 ἧν
1699 4872 1835 4935 τέως

225 4955 457 5055 σῗννεὲων
501 4962 576 5055 τῶ
629 4961 775 5055 γήρᾳ
820 4961 1227 5032 καμπτόμενος·
1266 4962 1443 5037 βραχύ
1490 4983 1541 5016 τι
1570 4963 1648 5017 τὼ
1680 4960 1833 5032 πόδε,

223 5044 304 5144 ξῆν
332 5044 635 5144 Ιβακτηρίαν
695 5046 879 5123 ῥίψας,
911 5046 1332 5125 έπιστηρίζεται,
1366 5050 1452 5105 καὶ
1496 5051 1589 5113 τὰς
1642 5056 1833 5128 ’χεῖρας

226 5128 450 5227 ἐκτείνας,
503 5140 608 5189 τῶν
670 5140 951 5208 μητοῖικῶν
1025 5138 1278 5211 ἀγκαΛῶν
1336 5135 1522 5196 λαϐεῖν
1581 5139 1829 5216 ἐπειρᾶτο

222 5221 298 5268 τὸν
343 5221 669 5298 θεάνθρωπον
719 5227 937 5295 νήπιονο
988 5229 1024 5297 ἡ
1074 5224 1132 5281 δὲ
1170 5230 1361 5304 μικρὸν
1425 5230 1519 5302 μὶν
1579 5229 1825 5307 ἐπέσχεν

284 5427 322 5460 ⁸²
351 5428 511 5487 Exod.
542 5451 745 5501 χχχιιι,
774 5434 865 5490 2|.
944 5436 988 5470 ⁸⁸
1020 5437 1151 5492 Luc.
1186 5455 1249 5507 ιι,
1284 5440 1375 5494 27.

416 5622 589 5751 gulf}:
615 5629 779 5715 deest
810 5628 869 5685 in
904 5629 1042 5717 R33.
1074 5633 1129 5690 2.

466 5711 547 5764 eg.
576 5700 633 5764 2,
663 5720 771 5754 των
800 5720 1010 5764 νοητων
1036 5723 1129 5764 παι

419 5694 556 5769 Reg.
576 5700 633 5770 2,
663 5703 771 5754 τῶν
800 5694 1020 5772 νοητῶῖ
1036 5723 1164 5780 παρ.

1946 4892 2161 4948 corpus
2210 4876 2442 4946 erigens
2488 4888 2501 4925 :
2548 4887 2681 4925 nam
2717 4884 2831 4938 prie
2863 4868 3160 4922 senectute
3191 4878 3430 4934 corpore
3462 4878 3591 4916 cur-

1945 4983 2051 5021 vus
2083 4978 2420 5037 pronusque
2450 4964 2592 5027 erat,
2628 4959 2851 5029 abjecto
2882 4952 3108 5020 baculo,
3143 4951 3388 5024 pedibus
3437 4950 3593 5007 brevi

1943 5058 2203 5126 tempore
2254 5052 2480 5120 nititur,
2531 5046 2904 5118 extensisque
2954 5042 3253 5108 manibus,
3302 5039 3589 5095 infantem

1946 5148 2123 5199 Deum
2172 5141 2472 5197 hominem
2522 5135 2805 5193 maternis
2837 5149 2906 5190 ex
2938 5132 3094 5189 ulnis
3123 5130 3383 5202 accipere
3413 5146 3591 5185 cona-

1936 5233 2147 5289 batur.
2191 5229 2502 5287 Paululum
2533 5228 2716 5285 Mater
2771 5223 3068 5294 cohibuit,
3126 5221 3376 5277 necdum
3432 5217 3586 5275 enim

2015 5636 2129 5779 (34)
2159 5634 2298 5706 Reg.
2329 5634 2384 5701 2,
2422 5628 2678 5719 βαδίζων.

2039 5707 2109 5763 35
2162 5706 2303 5779 Reg.
2334 5708 2391 5774 2,
2419 5723 2514 5765 τας
2546 5696 2675 5757 ἑκόά

2039 5696 2129 5779 35)
2162 5696 2303 5779 Reg.
2334 5696 2391 5774 2,
2419 5696 2514 5765 τὰς
2546 5696 2810 5763 ἐκϐάσεις.
