4026 6204
175 410 285 470 989
1232 404 1560 466 HOMILIA
1605 407 1684 466 IN
1728 386 2150 468 OCCURSUM
2199 406 2500 467 DOMINI.
3449 399 3570 460 990

177 540 362 605 οἶκτος,
393 536 483 593 καὶ
513 537 579 592 τὸ
618 535 689 610 μὴ
725 532 1015 612 βούλεσθαι
1048 533 1265 611 βλέπειν
1291 535 1392 604 τὴν
1440 534 1577 607 ἐμὴν
1627 533 1767 590 εἶχόν

1975 552 2057 608 -ga
2086 552 2190 593 vos
2220 535 2639 606 misericordia,
2688 536 2840 608 quod
2893 534 3073 590 nolim
3121 546 3311 588 meam
3354 530 3565 602 imagi-

178 625 357 689 δεινῶς
387 623 927 702 ἀνδραποδιζομένην
957 629 1075 686 τοῖς
1121 620 1362 697 δαίμοσι’
1394 624 1457 678 τὸ
1508 625 1585 697 μὴ
1630 624 1768 702 φέρει

1972 642 2054 682 em
2093 625 2428 698 conspicere
2477 624 2890 683 miserabiliter
2937 641 2970 679 a
3027 619 3393 678 daemonibus
3436 622 3562 675 vin-

177 719 294 789 ὁρᾷν
325 716 417 770 τὸν
451 713 681 790 βασιλέα
705 721 804 783 τῆς
853 712 1077 775 κτίσεως
1120 717 1301 774 κακῶς
1347 716 1415 787 τῇ
1462 712 1630 768 κτίσει
1680 710 1767 768 Seu

1978 731 2073 770 am
2107 731 2120 769 :
2156 716 2310 788 quod
2331 732 2446 771 non
2479 716 2659 772 feram
2676 720 2891 787 Regem
2924 718 3204 769 creaturae
3234 708 3566 781 conspicere

178 803 409 861 λεύονεια⁸
442 803 508 859 τὸ
542 804 620 876 μὴ
652 808 925 880 καρτερεῖν
958 804 1179 879 θεωρεῖν
1223 802 1316 857 τὸν
1365 802 1671 874 ἀποστάτην
1721 823 1768 857 κε

1974 803 2034 859 νεὶ
2065 809 2344 861 creatura:
2375 807 2587 862 misere
2620 805 2968 861 servientem
3002 820 3015 859 :
3050 802 3203 874 quod
3237 817 3353 856 non
3385 799 3564 856 susti-

180 895 505 972 ὑπερήφανον
596 896 694 946 τοῦ
776 891 911 964 ἐμοῦ
995 890 1278 969 σφαλερῶς
1351 892 1770 967 κατεπαιρόμενε

1976 910 2091 950 eam
2107 899 2435 966 npostatam
2458 894 2625 949 illum
2658 898 2835 966 atque
2866 890 3185 965 superbum
3211 905 3445 946 cernere
3469 889 3566 943 ad-

176 980 499 1055 πλάσματος.
558 980 734 1035 Ταῦτά
802 1001 866 1054 με
918 984 1025 1035 τῶν
1084 984 1358 1056 πατρικῶν
1409 981 1766 1060 ἀνεκφοιτήτιι

2099 1000 2127 1039 s
2156 982 2452 1057 Opiﬁcium
2486 999 2684 1040 meum
2715 980 2961 1038 subdole
2991 980 3409 1052 insurgentem.
3434 978 3565 1033 Haec
3672 982 3682 993 ‘

179 1070 477 1141 ἐξανέστησε
529 1069 784 1138 κόλπων,
840 1069 930 1124 καὶ
987 1068 1062 1132 ὡς
1123 1068 1262 1143 ὑμᾶς
1318 1071 1418 1139 τὴν
1475 1069 1564 1126 διὰ
1620 1071 1769 1145 σαρκί

1976 1088 2017 1129 ιθ
2052 1089 2120 1129 ex
2150 1079 2389 1145 paterno
2433 1072 2567 1129 sinu
2614 1073 2960 1140 excitarunt,
2995 1069 3131 1125 licet
3158 1068 3295 1123 inde
3324 1067 3566 1123 minime

180 1159 384 1236 πορείαν
442 1162 778 1230 ποιήσασθαι
834 1157 1119 1226 πεποίηκε’
1150 1158 1317 1214 ταῦτά
1374 1181 1440 1233 με
1486 1166 1770 1235 γεννηθῆνι

1977 1162 2294 1219 scesserim
2336 1166 2512 1235 atque
2552 1176 2750 1217 meum
2795 1161 2867 1217 ad
2920 1176 3019 1215 vos
3069 1158 3127 1213 in
3176 1173 3349 1214 carne
3382 1157 3567 1229 profe-

178 1249 256 1304 καὶ
285 1248 563 1321 νηπιάσαι,
593 1253 685 1303 καί
713 1252 793 1321 τῷ
823 1248 956 1325 ἱερῷ
1001 1254 1359 1325 παραστῆναι,
1390 1249 1479 1304 καὶ
1526 1255 1644 1312 ταῖς
1695 1255 1768 1305 σοι’

1983 1268 2081 1307 um
2114 1251 2588 1308 eii'eceruntﬂaac
2610 1250 2669 1306 in
2700 1266 2881 1306 causa
2910 1248 3166 1314 fuerunt,
3198 1246 3349 1318 quod
3375 1250 3570 1311 natus,

180 1337 428 1413 ἀγκάλαις
477 1335 840 1408 ἀνακλιθῆναι
884 1336 1201 1409 πεποίηκεν.
1233 1337 1307 1393 Ού
1355 1339 1458 1416 γὰρ
1507 1340 1574 1409 ἦν
1626 1337 1770 1395 ἄλλα

1991 1341 2121 1398 fans
2150 1341 2372 1409 fierem,
2409 1341 2464 1396 in
2518 1338 2733 1411 templo
2773 1338 3030 1404 sisterer,
3064 1334 3298 1407 tuisque
3328 1334 3388 1390 in
3420 1333 3574 1390 ulnis

179 1429 261 1483 τὸν
290 1425 547 1504 τύραννον
582 1425 968 1501 δεσμευθῆναι,
998 1428 1089 1483 καὶ
1116 1427 1183 1482 τὰ
1208 1428 1405 1483 τούτου
1451 1427 1613 1499 σκεύη
1665 1426 1769 1504 διαί

1990 1430 2260 1486 clinarer.
2297 1429 2421 1488 Non
2452 1429 2611 1485 enim
2643 1428 2790 1485 alias
2823 1427 2942 1483 fieri
2975 1425 3169 1499 potuit
3200 1429 3263 1480 ut
3292 1429 3576 1497 tyrannus

180 1519 453 1585 maﬂivaz,
518 1515 564 1572 εἰ
623 1518 700 1589 μή
763 1515 1163 1592 παραπλησίως
1218 1516 1342 1590 ὑμῖν
1394 1524 1496 1587 τῆς
1553 1517 1770 1591 ἀμαρτίε

1985 1520 2322 1592 ιιιίεατοῑυτ,
2376 1524 2556 1591 utque
2605 1536 2747 1575 vasa
2796 1517 2955 1572 illius
2997 1514 3428 1586 diriperentur;
3461 1512 3575 1568 nisi

182 1607 340 1685 χωρὶς
369 1608 695 1677 κοινωνήσω
741 1613 842 1676 τῆς
902 1605 1349 1681 ἀνθρωπότητος·
1382 1606 1482 1662 οὐκ
1508 1607 1576 1676 ἦν
1632 1605 1772 1663 ἄλλο

1987 1608 2052 1665 iri
2081 1613 2257 1680 atque
2287 1625 2389 1664 vos
2429 1606 2674 1674 ratione,
2714 1611 2951 1678 excepto
2994 1608 3253 1678 peccato,
3301 1602 3577 1657 humana:

181 1702 272 1753 τῶν
302 1694 674 1751 πολυπλόκων
705 1699 803 1751 τοῦ
834 1690 966 1765 ᾅδου
998 1694 1210 1771 ἀρκύων
1258 1696 1349 1751 τὸν
1384 1693 1562 1770 Ἀδὰμ
1615 1693 1771 1751 ἀναθῦ

1983 1702 2146 1753 itura:
2178 1697 2468 1770 particeps
2517 1697 2735 1754 fierem.
2769 1695 2893 1752 Non
2935 1697 3161 1767 poterat
3188 1692 3358 1748 aliter
3387 1691 3573 1746 Adam

183 1807 276 1855 ναι,
303 1784 388 1839 καὶ
442 1784 545 1853 τὴν
604 1784 831 1855 πρώτην
891 1783 1207 1840 κατάστασιν
1266 1784 1667 1859 ἀπολήψεσθαι,
1724 1806 1773 1840 κε

1984 1786 2245 1860 Jplicatis
2276 1785 2490 1843 inferni
2522 1785 2747 1858 laqueis
2787 1784 2953 1856 solvi,
2986 1789 3161 1856 atque
3199 1781 3453 1854 priorem
3486 1796 3574 1836 re-

182 1876 236 1930 τὸ
281 1873 403 1929 ὅλον
450 1874 582 1930 Θεὸν
634 1877 826 1929 τοῦτον
881 1874 1148 1950 γενέσθαι,
1181 1873 1225 1929 εἰ
1280 1875 1356 1947 μή
1389 1873 1499 1950 ἐγὼ
1530 1871 1772 1951 ἄνθρωπε

1988 1893 2159 1934 tmere
2211 1876 2630 1946 conditionem,
2688 1892 2755 1931 eo
2812 1875 3052 1930 demum
3104 1870 3254 1928 efﬁci
3285 1870 3463 1938 Deus,
3493 1869 3578 1924 ni-

2008 1967 2023 1978 .
2354 1965 2383 1978 η
2642 1970 2651 1978 .
2877 1963 2893 1978 .
3092 1977 3097 1978 ,
3174 1958 3265 1978 ε..-
3306 1958 3539 1978 mh.--

183 1964 423 2041 γένωμαι,
452 1962 677 2033 καὶτῆς
709 1960 877 2033 αὐτῆς
930 1961 1075 2035 αύτῷ
1121 1965 1441 2035 κοινωνήσω
1488 1963 1577 2019 καὶ
1636 1963 1773 2020 οὖσίο

2008 1967 2183 2024 homo
2212 1982 2318 2039 ego
2349 1965 2569 2034 fierem,
2602 1970 2775 2037 atque
2792 1963 2994 2020 eadem
3027 1977 3143 2034 qua
3172 1958 3272 2016 ille
3300 1958 3573 2016 substan-

185 2054 262 2109 καὶ
289 2051 512 2131 φύσεως.

1925 2056 2006 2111 tio
2037 2060 2213 2127 atque
2244 2060 2452 2111 natura
2486 2054 2774 2126 particeps
2798 2053 3001 2108 forem.

249 2144 325 2199 13.
357 2140 539 2196 Τοίνυν
595 2140 696 2204 τὰς
749 2146 850 2211 τῆς
903 2138 1358 2217 ἐνανθρωπήσεως
1389 2163 1487 2213 της
1536 2140 1673 2215 ἐμῆς
1732 2142 1815 2196 αἰ-

2001 2146 2086 2202 13.
2120 2148 2254 2201 Meaa
2285 2144 2479 2216 itaque
2508 2142 2931 2199 incarnationis
2964 2156 3174 2197 causas
3202 2139 3444 2196 edoctus
3472 2137 3570 2194 ab-

184 2221 286 2294 ⁴ιΞίιις
341 2230 542 2304 μαθὼν,
576 2231 755 2285 ἄπιθι·
789 2230 879 2285 καὶ
940 2235 1279 2305 σκυθρωπῶς
1328 2231 1380 2286 ἐν
1428 2237 1545 2294 τοῖς
1579 2231 1653 2294 ετ’ς
1685 2226 1774 2302 ᾅδο

1980 2236 2097 2291 :ede
2130 2252 2143 2290 :
2174 2251 2240 2289 ac
2269 2234 2491 2290 Adamo
2523 2248 2653 2288 cum
2687 2229 2923 2288 tristitia
2949 2230 3009 2286 in
3063 2230 3291 2285 inferno
3338 2226 3570 2301 degenti

184 2324 254 2390 τῷ
304 2315 475 2391 Ἀδὰμ
529 2313 868 2395 διατρίϐοντι
926 2315 1347 2395 φαιδροπρεπῶς
1421 2318 1774 2398 ἐμφανίσοητι

1979 2341 2059 2379 ιω
2108 2322 2403 2379 hilaritate
2444 2338 2511 2378 ac
2558 2320 2759 2377 laetitia
2796 2326 2853 2375 te
2895 2320 3055 2375 siste.
3108 2319 3233 2375 Evaa
3276 2320 3417 2374 item
3467 2333 3569 2389 pro

184 2407 261 2461 καὶ
286 2407 392 2461 ἀντὶ
420 2412 526 2461 τῶν
562 2407 616 2462 έν
652 2406 853 2469 λύπαις
887 2404 1098 2462 ὠδίνων
1129 2407 1197 2462 τὰ
1223 2410 1321 2475 τῆς
1363 2414 1536 2483 χαρᾶς
1586 2412 1655 2483 τῇ
1706 2406 1774 2466 Eii

1983 2417 2130 2469 irtus
2163 2410 2465 2468 doloribus
2495 2412 2689 2468 fausta
2719 2409 2964 2482 lataque
3010 2410 3170 2466 defer
3201 2406 3427 2463 nuntia.
3460 2405 3573 2462 Ve-

186 2492 478 2567 διακόμισον
536 2495 834 2571 εὐαγγέλια
866 2515 879 2528 '
939 2498 1118 2569 "stt,
1176 2495 1371 2572 λέγων,
1426 2499 1461 2566 ἡ
1522 2494 1776 2574 λύτρωσιι

1982 2506 2036 2569 it,
2071 2501 2255 2569 aiens,
2286 2500 2635 2573 redemptio,
2666 2500 2826 2555 venit
2872 2498 3249 2570 Redemptor,
3280 2496 3439 2553 venit
3484 2512 3572 2550 re-

185 2584 288 2654 ἦκει
341 2586 369 2640 6
402 2584 627 2661 ῥύστης·
665 2584 789 2654 ἥκει
819 2587 853 2653 ἡ
888 2582 1096 2663 ἄφεσις*
1158 2586 1282 2655 ἥκει
1336 2587 1365 2640 6
1424 2584 1775 2662 ἐλευθερωτήε

1984 2591 2153 2657 issio,
2193 2590 2352 2646 venit
2379 2588 2662 2647 liberator
2693 2604 2707 2645 :
2744 2604 2814 2643 ne
2855 2587 3009 2644 ultra
3047 2586 3271 2659 lugeas,
3305 2602 3337 2643 ο
3369 2584 3574 2643 buma-

189 2675 376 2743 Μηκέτι
425 2675 637 2750 θρήνει,
676 2673 835 2751 φύσις
885 2676 920 2743 ἡ
956 2673 1285 2750 ἀνθρωπεία·
1318 2673 1433 2744 ἥξει
1486 2676 1591 2752 γὰρ
1649 2676 1677 2731 6
1726 2676 1779 2731 ἀν

1987 2698 2071 2737 1m
2102 2695 2327 2752 genus;
2360 2677 2552 2735 veniet
2580 2678 2738 2734 enim
2768 2677 2866 2750 qui
2899 2693 3069 2749 opem
3100 2675 3267 2746 ierat,
3297 2674 3487 2731 veniet
3520 2678 3577 2730 et

188 2761 534 2837 τιληψόμενος
568 2763 752 2838 ὑμῶν,
783 2762 897 2834 ἥξει
928 2763 1016 2818 καὶ
1067 2764 1128 2818 ού
1176 2770 1409 2841 χρονιεῖ.
1437 2764 1654 2820 Τούτων
1702 2770 1778 2821 τοί

1983 2787 2044 2827 )n
2075 2769 2349 2825 tardabit.
2387 2768 2603 2824 Divinis
2633 2767 2794 2823 hisce
2822 2766 3065 2823 vocibus
3107 2763 3401 2838 spirituali
3434 2781 3573 2820 aure

190 2872 267 2905 νυν
317 2857 417 2907 τῶν
473 2851 633 2907 θείων
698 2856 891 2927 φωνῶν
948 2852 1084 2907 κατά
1133 2854 1194 2906 τὸ
1220 2853 1405 2928 νοερὸν
1439 2853 1530 2915 οὖς
1561 2854 1589 2907 6
1619 2849 1780 2928 ’Δϐρα

1980 2859 2147 2916 iditis
2192 2856 2619 2915 Abrahamicus
2660 2856 2756 2913 ille
2804 2871 2997 2923 senex,
3030 2852 3349 2911 senectutis
3401 2852 3570 2925 quasi

196 2944 351 3007 μιαῖος
378 2939 577 3003 ἐκεῖνος
612 2940 850 3002 ἀκούσας
889 2935 1216 3015 πρεσϐύτης,
1250 2946 1345 2996 τοῦ
1389 2943 1577 3018 γήρως
1634 2941 1781 2999 ὥσπε

1980 2947 2168 3017 alitus,
2201 2947 2355 3002 illico
2390 2945 2623 3003 exsiliit.
2659 2945 3053 3017 Repletusque
3096 2942 3397 2999 alacritate
3426 2960 3570 3015 prie-

194 3030 236 3085 ἒν
282 3030 414 3108 λήθῃ
464 3033 785 3108 γενόμενος,
817 3034 1007 3089 θᾶττον
1068 3034 1303 3110 ἀνέθορε,
1361 3034 1450 3089 καὶ
1506 3034 1784 3112 προθυμία

1987 3042 2045 3093 ta
2070 3053 2206 3094 voce
2235 3036 2357 3092 haec
2385 3035 2618 3091 locutus
2649 3041 2739 3091 est
2771 3052 2784 3089 :
2822 3054 2850 3087 ιι
2888 3032 3329 3104 Coufortamini,
3362 3047 3573 3088 manus

195 3117 305 3181 ὅλος
332 3118 611 3191 πλησθεὶς,
647 3120 1001 3196 γεγωνοτάτῃ
1031 3125 1207 3201 φωνῇ·
1236 3147 1263 3173 ‹‹
1299 3121 1597 3198 ’ἰσχύσατε,
1630 3123 1785 3201 φησὶν

1989 3125 2248 3194 ssolute,
2289 3123 2704 3181 confortamini
2755 3138 2769 3179 :
2824 3139 3017 3196 genua
3059 3119 3367 3191 dissoluta,
3401 3119 3574 3192 erigi-

196 3208 438 3283 ἀνειμέναι
492 3216 700 3287 χεῖρες,
763 3210 1059 3286 ἰσχύσατε·
1117 3210 1315 3287 γόνατα
1369 3210 1786 3287 παραλελυμένα

1990 3216 2073 3271 ini
2103 3216 2149 3251 ⁸ο
2199 3231 2212 3269 :
2270 3242 2292 3264 -
2349 3214 2501 3270 tibiis
2550 3212 2832 3281 contritae,
2866 3210 3265 3279 roboramini;
3309 3213 3374 3265 ut
3423 3216 3576 3266 recto

196 3296 525 3372 ἇνορθώθητε·
582 3326 604 3353 ι
661 3305 870 3373 κνῆμαι
930 3300 1415 3375 συντετριμμέναι,
1456 3302 1786 3375 κρατυνθῆτε

1983 3322 2101 3362 ιτειι
2131 3305 2242 3361 iter
2271 3303 2329 3359 in
2363 3304 2656 3360 infernum
2689 3318 2960 3372 emensas,
3010 3304 3308 3356 tantorum
3355 3290 3573 3355 nuntia:

189 3380 398 3456 ἵνα,τὴν
455 3387 529 3450 είς
588 3383 728 3459 ᾅδου
784 3388 1003 3464 πορείαν
1063 3384 1374 3451 εύθυϐύλως
1404 3390 1778 3462 ἀνύσασαι,τη

1981 3411 2207 3450 morum
2264 3390 2738 3465 progenitoribus
2781 3389 2932 3446 sitis.
2968 3389 3141 3455 Tum,
3177 3403 3351 3459 quam
3393 3386 3571 3443 citius

196 3471 433 3530 λικούτων
463 3477 686 3552 ἀγαθῶν
715 3473 943 3553 ἄγγελοι
991 3478 1377 3552 χρηματίσηεε
1429 3483 1545 3541 τοῖς
1602 3478 1780 3555 προγό

1978 3484 2111 3540 ituit
2142 3483 2214 3539 ad
2245 3482 2511 3538 divinum
2544 3495 2863 3537 conversus
2886 3477 3168 3534 Infantem
3194 3493 3207 3531 :
3234 3498 3263 3527 «
3287 3476 3455 3533 Nunc
3486 3476 3568 3531 di-

196 3582 311 3626 νοις.
338 3565 448 3621 Εἶθ’
474 3566 550 3629 ὡς
610 3566 733 3641 εἶχε
780 3564 984 3642 τάχους
1011 3567 1148 3642 πρὸς
1176 3566 1240 3621 τὸ
1271 3567 1413 3621 θεῖον
1468 3567 1778 3648 ἐπιστραφεὶ

1974 3573 2130 3641 .ittis,
2162 3572 2375 3644 inquit,
2408 3587 2644 3627 servum
2691 3574 2881 3636 tuum,
2932 3566 3200 3636 Domine,
3241 3566 3564 3621 secundum

201 3650 388 3731 βρέφος·
422 3678 446 3709 α
473 3659 578 3710 Νῦν
614 3651 1147 3733 ἀπολύεις,ἔφη,τὸν
1180 3652 1375 3712 δοῦλόν
1409 3677 1526 3716 σου.
1547 3658 1785 3713 Δέσποτα

1981 3663 2160 3718 ιτὺυω
2191 3665 2361 3718 tuum
2394 3662 2452 3717 in
2485 3677 2662 3733 pace:
2688 3659 2827 3732 quia
2855 3657 3131 3714 viderunt
3160 3655 3311 3713 oculi
3343 3655 3454 3711 mei
3480 3672 3571 3710 sa-

198 3742 310 3795 κατά
331 3743 387 3797 τὸ
417 3742 564 3819 ῥῆμά
597 3765 699 3799 σού
752 3742 803 3799 ἐν
846 3744 1053 3820 εἰρήνην
1088 3743 1170 3799 ὅτι
1234 3742 1371 3800 εἶδον
1428 3746 1479 3799 οἱ
1536 3745 1786 3823 ὀφθαλμο

1974 3757 2108 3808 tare
2137 3758 2305 3807 tuum
2342 3768 2354 3806 :
2388 3750 2544 3823 quod
2596 3749 2811 3822 parasti
2864 3752 2998 3804 ante
3045 3745 3252 3803 faciem
3300 3744 3564 3800 omnium

205 3850 290 3899 μου
337 3832 394 3885 τὸ
449 3828 719 3908 σωτῆριόν
778 3851 893 3887 σου·
926 3833 956 3887 ὃ
986 3832 1288 3905 ἡτοίμασας
1334 3833 1470 3889 κατὰ
1516 3835 1795 3911 πρόσωποκ

1980 3841 2270 3915 ιρυιοτυω
2319 3839 2565 3896 :lumon
2614 3838 2686 3894 ad
2732 3835 3141 3893 revelationem
3192 3834 3456 3907 gentium
3514 3838 3570 3888 et

200 3914 378 4004 πάντων
430 3924 533 3975 τῶν
586 3918 762 3977 λαῶν·
806 3924 921 3999 φῶς
970 3921 1046 3983 εἰς
1086 3921 1429 3997 ἀποκάλυψιν
1483 3922 1670 3993 ἐθνῶν,
1718 3945 1786 3980 κα

1980 3914 2163 3988 oriam
2194 3930 2381 4002 plebis
2411 3933 2523 3985 tum
2558 3927 2733 3984 Israel
2763 3928 2827 3983 ‘7.
2880 3948 2908 3976 »
2948 3925 2993 3982 Ο
3021 3924 3339 3981 fervorem!
3387 3938 3420 3978 ο
3468 3940 3563 3978 ar-

204 4000 329 4076 δᾶξαν
382 4014 471 4064 τοῦ
526 4009 668 4067 λαοῦ
728 4030 825 4066 σου
883 4010 1124 4086 Ἰσραήλ.
1158 4035 1185 4063 ››
1239 4012 1305 4066 Ὠ
1352 4015 1453 4083 τῆς
1502 4014 1729 4082 ζέσεωςί
1763 4012 1794 4068 ἃ

1974 4028 2153 4078 antem
2185 4000 2484 4076 animum!
2523 4015 3032 4090 Quandoquidem,
3064 4013 3328 4078 Domine,
3360 4010 3441 4067 ita
3472 4017 3564 4067 de-

200 4101 281 4162 τῆς
324 4098 691 4172 θερμότητοςί
742 4096 964 4170 Ἐπειδή
1030 4120 1136 4173 σοι,
1196 4099 1382 4179 φησὶν,
1444 4100 1488 4155 ὧ
1542 4102 1790 4173 Δέσποτα,

1970 4109 2166 4178 ιονὶειὶ,
2213 4115 2390 4181 atque
2438 4106 2791 4179 benignitate
2845 4108 3147 4178 permotus
3200 4118 3348 4175 opus
3392 4106 3560 4157 tuum

201 4186 339 4238 ταῦτα
364 4183 520 4257 ἔδοξε,
552 4187 646 4243 καὶ
676 4186 897 4257 ἆλεῆσαι
926 4187 990 4241 τὸ
1020 4188 1109 4243 σὸν
1165 4188 1267 4244 ὑπὸ
1325 4194 1424 4258 τῆς
1483 4188 1621 4252 ἶδίας
1680 4187 1791 4269 φιλ⁴

1967 4198 2217 4255 iiseraris
2250 4215 2262 4251 :
2296 4213 2487 4270 neque
2512 4212 2617 4268 ego
2648 4212 2752 4268 spe
2782 4195 2986 4266 lapsus
3014 4209 3148 4249 sum
3183 4206 3333 4260 mea,
3372 4207 3439 4247 ac
3472 4190 3557 4245 di-

204 4275 471 4359 ανθρωπίας
498 4275 777 4347 κεκίνησαι
809 4274 1057 4350 πλάσμα,
1088 4275 1193 4351 ἐγώ
1222 4298 1279 4332 τε
1325 4279 1448 4352 περὶ
1498 4278 1592 4341 τάς
1652 4278 1794 4335 έλπί·

1975 4287 2033 4343 ni
2065 4286 2319 4359 Spiritus
2348 4284 2649 4342 oraculum
2680 4280 3014 4339 inviolabile
3044 4280 3298 4337 mansit:
3331 4279 3560 4335 dimitte

204 4353 278 4420 δας
304 4360 392 4417 ούκ
418 4362 677 4438 ἐψεύσθην
710 4367 845 4439 (43),
878 4366 966 4419 καὶ
1002 4364 1029 4420 ὁ
1059 4370 1156 4421 τοῦ
1212 4365 1356 4421 θείου
1413 4370 1794 4443 χρηματισμὸς

1972 4393 2010 4432 ο
2039 4353 2502 4448 quamprimum,
2537 4373 2786 4443 dimitte,
2820 4387 3049 4445 quaeso;
3082 4386 3154 4426 ne
3199 4385 3293 4425 me
3339 4368 3562 4424 diutius

204 4449 473 4521 Πνεύματος
522 4454 982 4531 ἀπαραχάρακτος
1040 4452 1264 4528 ἔμεινεν·
1298 4455 1569 4512 ἀπόλυσόν
1630 4479 1698 4530 με
1744 4460 1794 4514 τε

1972 4466 2213 4521 atineas:
2241 4482 2311 4520 ne
2342 4464 2567 4519 tardem
2600 4461 2807 4535 primis
2842 4460 3177 4534 parentibus
3208 4458 3337 4514 laeta
3358 4458 3562 4514 afferre

202 4536 362 4614 τάχος·
393 4541 684 4613 ἀπόλυσον,
717 4541 928 4618 δέομαι.
964 4546 1055 4616 Μή
1109 4567 1177 4619 με
1222 4545 1454 4623 κατέχῃς
1502 4547 1589 4603 ἐπὶ
1636 4548 1781 4604 πολὺ

1966 4555 2121 4610 untia
2151 4571 2165 4609 :
2200 4571 2271 4609 ne
2303 4570 2415 4622 me,
2457 4552 2722 4622 Domine,
2763 4551 3019 4607 infantes
3052 4548 3426 4622 praeveniunt,
3459 4548 3556 4619 qui

208 4625 428 4716 Δέσποτα·
461 4635 535 4707 μὴ
570 4632 824 4711 βραδύνω
878 4639 1043 4690 ταῦτα
1083 4642 1200 4698 τοῖς
1250 4636 1543 4714 γενάρχαις
1598 4638 1798 4695 ἀποκο-

1967 4647 2153 4716 rupter
2180 4648 2236 4699 te
2262 4644 2333 4698 ab
2365 4642 2588 4700 Herode
2628 4640 2803 4697 occisi
2854 4644 2993 4695 sunt
3025 4656 3038 4694 :
3084 4636 3249 4710 pueri
3300 4641 3459 4709 sunt,
3492 4652 3557 4693 ac

211 4713 336 4785 μίσαι
360 4721 420 4775 τὰ
445 4723 719 4799 χαροποιά
749 4722 1052 4800 εύαγγέλια’
1089 4726 1164 4798 μή
1197 4721 1450 4802 προλάϐῃ
1505 4728 1572 4782 τὰ
1633 4728 1801 4806 βρέφη

1964 4713 2103 4806 ageti
2134 4732 2465 4805 agilesque;
2491 4735 2548 4786 at
2567 4747 2672 4803 ego
2700 4745 2873 4785 senex
2896 4745 2910 4796 ;
2930 4727 3236 4795 tardus,ae
3256 4741 3407 4798 aegre
3428 4741 3554 4781 mo-

211 4824 281 4894 με,
307 4808 548 4883 Δέσποτα,
576 4808 733 4866 ’ἀδιά
772 4811 830 4867 σὶ
882 4814 973 4867 τὸν
1021 4814 1157 4888 πρὸς
1202 4811 1447 4890 Ἡρώδου
1497 4815 1657 4894 φόνον
1716 4818 1801 4871 ύπσ

1965 4821 2050 4878 ilis
2084 4840 2097 4877 :
2130 4837 2446 4893 vereorque
2478 4837 2549 4875 ne
2595 4820 2711 4875 cito
2742 4835 2918 4874 cursu
2958 4820 3399 4889 praecurrentes,
3430 4831 3555 4870 ma-

209 4892 373 4983 ἑμεινε.
422 4904 598 4973 Νήπια
647 4902 748 4957 εἶσι
796 4902 886 4957 καὶ
936 4903 1113 4979 γοργὰ
1158 4904 1246 4959 καὶ
1288 4892 1562 4976 εὐκίνητα·
1596 4905 1700 4983 ἐγὼ
1750 4907 1799 4963 δὲ

1966 4916 2208 4967 morum
2251 4892 2780 4982 przeclarorumque
2806 4907 3094 4962 bonorum
3128 4903 3317 4960 nuntii
3350 4904 3556 4976 primis

208 4980 349 5057 γέρων
401 4988 483 5044 καὶ
532 4987 729 5067 βραδὺς
776 4990 866 5045 καὶ
919 4988 1258 5063 δυσκίνητος’
1299 4992 1388 5048 καὶ
1438 4980 1653 5050 δέδοικα
1698 4997 1798 5069 μή·

1966 4999 2145 5056 3neris
2182 4980 2521 5070 parentibus
2550 4996 2687 5053 sint.
2710 4996 2797 5051 Ita
2817 4995 2969 5051 862
3004 4992 3174 5067 plano
3205 4992 3438 5048 divinus
3460 4991 3556 5049 ille

211 5088 313 5161 frob,
337 5078 617 5154 ταχύτερον
649 5077 1033 5157 προδραμόντα
1082 5103 1189 5154 μου
1244 5081 1510 5159 μεγίστων
1543 5082 1684 5138 οὕτω
1714 5085 1801 5139 καὶ

1973 5108 2020 5159 r,
2050 5106 2115 5145 ac
2147 5086 2464 5161 praeclarus
2512 5086 2798 5141 adventus
2848 5082 3064 5139 Christi
3112 5098 3323 5154 praeco,
3352 5081 3559 5156 gratiis

212 5154 438 5239 λαμπρῶν
489 5154 701 5243 ἀγαθῶν.
755 5167 974 5245 ἄγγελοι
1027 5175 1147 5233 τοῖς
1200 5154 1298 5226 τοῦ
1326 5154 1535 5248 *γένους
1587 5173 1802 5247 προπά-

1972 5154 2083 5243 :tis,
2118 5154 2183 5232 u-t
2214 5174 2350 5231 hinc
2393 5174 2599 5248 liquet,
2645 5173 2801 5247 quod
2833 5173 3017 5229 Deum
3048 5154 3427 5242 benedixerit,
3459 5187 3562 5244 ap-

208 5266 334 5339 τορσι
381 5255 624 5328 γένωνται
656 5261 790 5331 (44).
847 5257 1007 5317 Οὕτω
1062 5260 1156 5332 μὶν
1211 5259 1301 5315 οὖν
1354 5262 1382 5316 6
1432 5262 1576 5325 θεῖος
1633 5259 1798 5326 ὅντως

1967 5269 2303 5337 recatusque
2353 5264 2637 5321 dimissus
2666 5266 2775 5320 est.
2809 5262 3036 5318 Afflavit
3064 5259 3223 5317 enim
3252 5258 3557 5316 invisibili-

213 5335 342 5427 ἀγὴρ.
377 5344 458 5396 καὶ
502 5353 599 5415 τῆς
645 5352 880 5419 Χριστοῦ
921 5349 1217 5424 παρουσίας
1268 5348 1583 5426 διαπρύσιος
1633 5353 1802 5427 κήρυξ

1964 5374 2022 5422 ιιι,
2052 5356 2279 5427 opinor,
2314 5358 2563 5411 mentem
2607 5354 2734 5423 ejus
2772 5351 3052 5417 Salvator,
3085 5366 3151 5406 ao
3207 5347 3554 5406 obsecratio

211 5423 583 5502 εὐχαριστήσας,
612 5442 770 5491 τοῦτο
800 5438 899 5512 γὰρ
947 5423 1011 5492 τὸ
1052 5438 1144 5493 τὸν
1194 5439 1322 5495 Θεὸν
1368 5423 1665 5515 εύλογῆσαι
1698 5423 1801 5515 δηέ

1967 5462 2048 5502 3m
2079 5423 2209 5517 ejus
2238 5444 2408 5518 plane
2438 5441 2754 5508 exaudivit,
2785 5445 2844 5497 et
2875 5446 2938 5497 ut
2965 5437 3271 5513 proprium
3300 5437 3415 5495 sibi
3436 5436 3557 5493 eul-

274 5571 312 5605 “
337 5575 409 5630 Cf.
434 5576 537 5633 Isa.
565 5596 725 5649 xxxv,
749 5582 802 5636 3.
883 5583 925 5617 ⁵⁷
960 5583 1091 5639 Luc.
1128 5599 1191 5654 ιι,
1213 5584 1305 5639 29.

275 5713 373 5788 (43)
399 5717 526 5793 Βεε-
553 5725 606 5796 2,
635 5721 696 5779 οὗ
726 5720 1063 5800 διεψεύσθην.
1991 5732 2107 5805 (44)
2135 5732 2274 5806 Reg.
2305 5735 2364 5800 2,
2392 5729 2630 5808 γένηται.
