4026 6204
448 337 562 399 991

1613 342 1676 398 S.
1725 339 2250 399 ATHANASIUS.
2273 373 2350 382 —
2382 338 2693 400 SPURIA.

3723 335 3834 392 992

449 475 638 527 torem
690 472 1037 544 assumpsit,
1072 472 1170 544 qui
1205 472 1315 529 sub
1352 472 1477 544 lege
1521 476 1578 528 et
1606 473 1716 528 sub
1762 474 1971 528 umbra
1999 472 2096 527 diu

2215 469 2327 540 λοῖ,
2360 471 2789 546 προσευξάμενος
2839 467 3128 525 ἀπελύετο.
3156 470 3367 541 Ἥψατο
3423 469 3523 542 γὰρ
3582 465 3834 538 ἀοράτως,

457 560 832 633 multumque
863 560 1208 631 laborasset,
1243 567 1501 633 tuncque
1546 562 1739 617 divina
1770 562 1971 635 gratiae
2002 562 2101 615 do-

458 650 649 706 ctrina
671 649 874 721 junior
903 650 1140 706 eﬂ‘ectue
1168 655 1339 705 esset.

2214 560 2392 633 οἶμαι,
2421 566 2528 614 τῶν
2561 560 2761 615 τούτου
2794 564 2997 636 φρενῶν
3033 560 3061 613 ὁ
3095 560 3311 629 Σωτὴρ,
3343 558 3431 611 καὶ
3477 564 3583 624 τῆς
3626 553 3835 625 δεήσεως

2212 648 2407 704 τούτου
2438 649 2572 704 κατὰ
2617 649 2786 704 πάντα
2833 649 3135 719 εἶσήκουσε,
3166 648 3253 702 καὶ
3313 648 3386 707 ὡς
3446 644 3588 700 ἴδιον
3629 644 3834 720 λάτρῃν,

455 735 768 809 κεκμηκότα
829 738 923 810 μὶν
981 735 1208 791 πλεῖστα
1263 742 1341 808 τῷ
1396 736 1553 809 νόμῳ
1610 736 1697 791 καὶ
1755 740 1823 810 τῇ
1882 741 2022 809 σκιᾷ,
2075 735 2326 807 νεάζοντα
2382 734 2440 793 δὲ
2493 744 2609 800 τοῖς
2668 736 2831 799 θείοις
2896 744 2995 807 τῆς
3071 737 3295 813 χάριτος
3370 732 3635 809 δόγμασι,
3691 754 3834 807 προσ-

447 824 506 882 ελ
514 820 674 881 άϐετο
684 869 695 881 .

520 918 605 970 14.
636 916 850 989 Josepb
884 921 1077 971 autem
1112 921 1168 972 et
1214 918 1395 972 Mater
1424 919 1573 988 ejus,
1607 940 1635 967 (τ
1670 916 1973 983 mirantes,
2005 917 2098 972 in-

446 1004 596 1077 quit,
630 1010 795 1061 erant
823 1022 996 1076 super
1029 1006 1118 1061 his
1170 1024 1295 1079 quae
1341 1007 1689 1062 dicebantur
1734 1007 1804 1061 de
1834 1006 1934 1061 illo
1967 1007 2029 1060 ⁸⁸.
2068 1028 2096 1055 ››

442 1094 806 1150 Mirabantur
837 1100 1055 1163 autem,
1092 1096 1538 1166 arbitror,quod
1573 1095 1834 1150 nondum
1870 1096 1938 1150 de
1968 1096 2096 1166 ejus

441 1182 745 1238 divinitate
775 1185 1048 1239 certiores
1082 1184 1218 1239 lacti
1251 1189 1485 1240 essent:
1512 1184 1744 1240 tametsi
1768 1185 1910 1240 satis
1932 1188 2098 1240 erant

442 1271 727 1328 miracula
750 1272 804 1327 in
834 1274 961 1343 ejus
984 1274 1287 1329 nativitate
1304 1278 1507 1345 gesta;
1547 1274 1665 1340 illa,
1695 1273 2094 1345 inquam,quaz

440 1378 645 1435 magos
676 1366 943 1434 spectant
971 1366 1143 1433 atque
1178 1368 1443 1435 pastores
1481 1380 1492 1416 :
1528 1378 1752 1419 necnon
1784 1363 1953 1418 variae
1988 1379 2093 1418 an-

442 1449 706 1522 gelorum
737 1451 988 1506 visiones
1023 1470 1035 1507 :
1071 1453 1343 1524 quodque
1390 1452 1674 1507 miracula
1704 1460 1940 1523 superat
1968 1468 2092 1507 om-

440 1538 559 1609 nia,
607 1540 965 1611 virginitatis
1012 1541 1374 1597 conservatio
1419 1559 1485 1597 ac
1536 1541 1987 1612 perseverantia,
2021 1542 2091 1596 ad

441 1628 521 1683 rei
552 1632 769 1683 certam
802 1630 1000 1697 fidem,
1033 1646 1098 1685 ac
1129 1631 1393 1686 omnium
1431 1647 1804 1686 consensum.
1826 1632 2091 1685 Attamen

436 1732 571 1772 cum
618 1716 884 1772 miraculi
934 1718 1404 1790 magnitudinem
1455 1720 1880 1792 conspicerent,
1913 1723 2089 1790 atque

440 1804 652 1877 pietate
700 1822 809 1860 sua
852 1806 1233 1878 cogitationes
1283 1808 1577 1863 frenarent
1623 1808 1752 1879 (rati
1802 1824 2079 1880 magnum

440 1910 591 1963 esse,
626 1898 690 1949 ut
736 1911 934 1950 revera
965 1901 1073 1961 est,
1107 1898 1260 1968 quod
1313 1896 1942 1969 Deus'incarnaretur),
1970 1897 2082 1952 ﬂu-

444 1988 679 2039 ctuante
708 1984 900 2040 adhuc
927 1989 1103 2056 atque
1133 1986 1439 2042 dubitante
1464 1992 1631 2042 erant
1656 1987 1873 2042 animo.
1899 1990 2088 2053 Quare

444 2087 577 2127 cum
610 2074 814 2145 paucis
870 2090 1047 2130 senex
1077 2076 1246 2146 quasi
1282 2073 1587 2131 elementis
1616 2092 1743 2147 quae
1770 2076 1934 2147 pueri
1968 2076 2088 2131 dei-

445 2164 624 2217 tatem
659 2162 1005 2234 spectabant
1034 2162 1391 2231 tradidisset,
1420 2163 1553 2220 illos
1584 2164 1815 2236 deiceps
1847 2163 2091 2236 alloqui-

445 2252 562 2319 tur,
595 2251 967 2319 benedicens,
1018 2270 1085 2308 ac
1134 2253 1330 2310 beatos
1373 2253 1504 2309 illos
1556 2254 1898 2327 prmdicans,
1932 2254 2089 2326 quod

447 2345 645 2395 essent
672 2340 1004 2397 meonomiaa
1028 2341 1188 2397 illius
1213 2342 1577 2411 administri;
1604 2360 1669 2399 ea
1700 2360 1825 2416 quae
1859 2359 2089 2399 crucem

451 2430 799 2503 spectabant
825 2430 1042 2503 optime
1072 2436 1128 2487 et
1159 2432 1597 2488 absolutissime
1628 2433 1911 2505 praedixit.

521 2695 609 2749 14.
646 2717 673 2746 ‹‹
704 2695 1002 2752 Benedixit
1031 2696 1208 2765 enim,
1242 2698 1453 2769 inquit,
1480 2698 1596 2754 illis
1624 2702 1893 2772 Symeon,
1926 2705 1983 2756 et
2011 2701 2094 2756 di-

449 2783 534 2839 xit
562 2785 633 2839 ad
667 2783 909 2840 Mariam
942 2789 1181 2841 Matrem
1230 2788 1359 2857 ejus
1391 2803 1403 2842 :
1439 2788 1582 2843 Ecce
1624 2788 1719 2843 hic
1750 2790 1975 2859 positus
2008 2795 2097 2845 est

450 2871 508 2927 in
541 2873 794 2943 ruinam,
829 2879 885 2930 et
913 2874 970 2929 in
1021 2877 1503 2931 resurrectionem
1549 2877 1870 2933 multorum
1920 2878 1979 2933 in
2013 2880 2094 2934 Is-

451 2962 571 3018 rael
606 2979 618 3019 :
651 2967 707 3019 et
739 2964 797 3018 in
829 2964 1065 3035 signum
1097 2965 1189 3020 cui
1234 2966 1664 3022 contradicetur
1691 2968 1754 3020 ‘9.
1789 2989 1817 3015 »
1864 2967 2099 3024 Contra-

453 3050 606 3106 dicet
634 3051 791 3107 enim
825 3058 999 3123 atque
1041 3054 1389 3125 disceptabit
1436 3054 1507 3110 de
1555 3054 1673 3123 illo,
1724 3072 1789 3110 ac
1832 3056 2099 3112 doctrina

2280 919 2362 975 14.
2399 918 2458 974 Ὀ
2518 914 2577 971 δὲ
2626 918 2823 993 Ἰωσὴφ
2872 915 2959 971 καὶ
3013 918 3048 984 ἡ
3105 917 3287 989 μήτηρ
3343 912 3532 981 αὑτοῦ,
3570 936 3600 963 ‹‹
3653 912 3830 981 θαυμά-

2209 1010 2405 1074 ζοντες,
2464 1006 2648 1082 φησὶν,
2726 1008 2857 1075 ἦσαν
2936 1005 3023 1059 ἐπὶ
3096 1010 3213 1065 τοῖς
3288 1000 3660 1073 λαλουμένοις
3729 1001 3832 1071 περὶ

2207 1095 2389 1152 αὐτοῦ.
2425 1120 2453 1148 ››
2504 1094 2838 1167 Ἐθαύμαζον
2895 1092 2974 1164 δὲ,
3030 1096 3198 1166 μήπω
3246 1089 3480 1159 τελείαν,
3533 1090 3710 1160 οἶμαι,
3750 1087 3830 1142 λα-

2205 1179 2386 1245 ϐόντες
2420 1183 2797 1261 πληροφορίαν
2838 1191 2937 1253 τῆς
2982 1182 3179 1237 τούτου
3228 1180 3505 1249 θεότητος·
3539 1176 3716 1232 καίτοι
3755 1176 3831 1252 ἆρ-

2202 1273 2442 1328 κούντων
2500 1278 2604 1328 τῶν
2665 1274 2799 1328 κατὰ
2842 1275 2943 1342 τήν
2988 1273 3236 1348 γέννησιν
3268 1270 3585 1341 θαυμάτων·
3622 1265 3833 1332 ἐκείνων,

2204 1361 2370 1440 φημὶ,
2420 1368 2527 1417 τῶν
2585 1362 2722 1417 κατὰ
2773 1361 2901 1424 τοὺς
2968 1362 3174 1436 μάγους
3230 1358 3317 1414 καὶ
3375 1357 3505 1418 τοὺς
3564 1356 3829 1427 ποιμένας·

2202 1449 2277 1505 ἔτι
2328 1471 2386 1505 τε
2441 1458 2540 1521 τῆς
2602 1448 2866 1529 διαφόρου
2917 1450 3026 1505 τῶν
3084 1447 3327 1524 ἀγγέλων
3378 1445 3715 1516 ἐπιστασίας,
3756 1446 3831 1497 καὶ

2202 1544 2297 1595 τοῦ
2328 1540 2542 1596 πάντων
2601 1538 2888 1613 θαυμάτων
2940 1538 3186 1594 ἐπέκεινα
3232 1534 3533 1610 θαύματος,
3563 1540 3663 1602 τῆς
3714 1552 3831 1609 παρ-

2200 1628 2377 1691 θενίας
2407 1631 2441 1697 ἡ
2476 1628 2693 1705 φυλακὴ
2724 1629 2815 1683 καὶ
2846 1630 3170 1702 συντήρησις
3218 1626 3353 1701 πρὸς
3409 1623 3627 1678 τελείαν
3656 1621 3829 1676 τοῦτου

2200 1717 2579 1795 πληροφορίαν
2656 1717 2747 1772 καὶ
2804 1715 3210 1793 συγκατάθεσιν.
3267 1711 3424 1771 Ἀλλ’
3484 1712 3663 1785 ὅμως,
3712 1712 3828 1784 πρὸς

2192 1808 2282 1862 τὸν
2318 1802 2475 1884 ὄγκον
2511 1808 2948 1869 ἀποσκοποῦντες
2999 1810 3096 1860 τοῦ
3145 1802 3444 1877 θαύματος,
3476 1801 3567 1855 καὶ
3621 1801 3716 1869 τὴν
3757 1800 3823 1854 οἷ-

2194 1896 2340 1951 κείαν
2394 1891 2675 1951 εὐλάϐειαν
2724 1895 3055 1971 χαλινοῦσαν
3102 1892 3227 1956 τοὺς
3272 1891 3575 1968 λογισμοὺς
3626 1888 3821 1965 ἔχοντες

2196 1983 2361 2059 (μέγα
2420 1985 2521 2058 γὰρ
2591 1983 2676 2039 καὶ
2755 1985 2870 2039 κατ’
2927 1984 3183 2054 ἀλήθειαν
3237 1982 3295 2036 ’ὃν
3348 1981 3413 2035 τὸ
3473 1978 3819 2054 σεσαρκῶσθαι

2197 2076 2324 2129 Θεὸν
2384 2069 2811 2146 ὑπελάμϐανον),
2843 2071 2920 2128 ἔτι
2968 2074 3059 2128 τὸν
3102 2076 3222 2127 νοῦν
3268 2068 3642 2142 κλονούμενον
3690 2070 3819 2141 εἶχον

2197 2164 2287 2218 καὶ
2353 2158 2796 2241 ἀμφιϐάλλοντα.
2847 2163 3007 2219 ’Ὁθεν
3054 2160 3104 2215 έν
3178 2160 3408 2236 βραχέσι
3454 2180 3556 2226 την
3608 2157 3737 2211 κατὰ
3775 2155 3824 2209 τὸ

2203 2251 2398 2329 βρέφος
2454 2250 2741 2326 θεολογίαν
2783 2254 2811 2306 ὁ
2868 2245 3110 2326 πρέσϐυς
3167 2248 3682 2324 στοιχειωσάμενος,
3713 2246 3825 2320 πρὸς

2200 2341 2433 2402 ἐκείνους
2465 2338 2657 2395 λοιπὸν
2688 2362 2786 2402 τας
2818 2345 2923 2395 τῶν
2958 2338 3138 2414 λόγων
3179 2338 3333 2407 ἡνίας
3391 2335 3825 2411 μεταχειρίζεται,

2201 2430 2440 2506 εὐλογῶν
2475 2450 2532 2484 σε
2558 2431 2783 2490 τούτους
2819 2430 2909 2484 καὶ
2945 2427 3254 2503 μακαρίζων
3283 2433 3382 2495 τῆς
3431 2425 3555 2499 περὶ
3612 2425 3705 2492 τὴν
3757 2422 3823 2476 οἷο

2200 2520 2462 2593 κονομίαν
2522 2516 2814 2579 διακονίας·
2858 2516 3147 2594 προλέγων
3199 2537 3258 2571 τε
3312 2515 3402 2569 καὶ
3459 2515 3529 2568 τὰ
3587 2512 3705 2588 περὶ
3753 2512 3828 2564 τὸν

2204 2609 2429 2684 σταυρὸν
2453 2605 2646 2683 ἄριστά
2672 2628 2732 2662 τε
2760 2606 2849 2661 καὶ
2877 2603 3206 2661 τελεώτατα.

2277 2701 2363 2754 15.
2426 2722 2452 2749 ι(
2512 2694 2801 2771 Εὐλόγησε
2875 2695 3019 2771 γὰρ,
3078 2694 3280 2769 φησὶν,
3337 2691 3533 2753 αὐτοὺς
3607 2690 3823 2761 Συμεὼν,

2202 2786 2291 2842 καὶ
2352 2788 2469 2841 εἷπε
2515 2784 2651 2861 πρὸς
2703 2784 2933 2860 Μαριὰμ
2978 2784 3075 2852 τὴν
3131 2781 3338 2857 μητέρα
3369 2780 3555 2835 αὐτοῦ·
3589 2777 3718 2836 Ἰδοὺ
3747 2778 3819 2831 οὗ·

2202 2896 2294 2937 τος
2354 2881 2525 2929 κεῖται
2582 2874 2657 2936 εἰς
2716 2879 2920 2929 πτῶσιν
2950 2894 3041 2928 και
3076 2873 3359 2928 ἀνάστασιν
3393 2867 3626 2925 πολλῶν
3670 2868 3716 2921 έν
3757 2870 3821 2936 τῷ

2205 2961 2448 3037 Ἰσραὴλ,
2505 2963 2595 3017 καὶ
2654 2962 2729 3025 εἷς
2786 2967 3015 3035 σημεῖον
3094 2960 3507 3035 ἀντιλεγόμενον
3588 2983 3609 3011 ι
3669 2958 3821 3011 Ἀντι-

2207 3051 2347 3123 λέξει
2405 3051 2508 3127 γὰρ
2551 3050 2640 3106 καὶ
2687 3046 2991 3127 ἀμφιϐαλεῖ
3039 3049 3161 3124 περὶ
3206 3048 3403 3103 τούτου
3451 3046 3541 3102 καὶ
3584 3050 3677 3101 τοῦ
3726 3047 3820 3096 κατ’

450 3156 582 3195 cum
616 3145 939 3213 spectante,
974 3142 1175 3198 Simon
1215 3144 1493 3199 adversus
1516 3144 1889 3212 Marcionem,
1923 3145 2097 3201 Arius

2212 3141 2365 3197 αὐτὸν
2427 3139 2696 3217 δόγματος
2758 3140 2943 3213 Σίμων
3022 3139 3160 3215 πρὸς
3232 3137 3324 3192 τὸν
3390 3136 3696 3211 Μαρκίωνα,
3748 3131 3819 3186 καὶ

455 3229 734 3285 adversus
766 3230 1407 3304 Sabellium,Eutyches
1437 3234 1715 3289 adversus
1744 3234 2100 3302 Nestorium,

460 3316 694 3390 utrique
742 3319 1024 3374 adversus
1072 3320 1389 3376 Ecclesiam
1429 3339 1442 3389 ;
1493 3322 1576 3378 ita
1624 3327 1688 3377 ut
1736 3323 1831 3377 alii
1862 3324 2100 3393 quidem

457 3406 643 3462 solam
670 3407 782 3480 ipsi
814 3407 1107 3477 deitatem,
1142 3408 1239 3464 alii
1290 3427 1524 3466 carnem
1574 3410 1758 3467 solam
1801 3413 2099 3468 tribuant:

459 3495 558 3552 alii
588 3502 871 3565 creatum,
904 3514 969 3554 ac
1000 3504 1252 3571 paternas
1285 3500 1627 3556 substantias
1658 3500 1913 3557 alienum
1940 3501 2102 3557 indu-

455 3590 607 3654 cant,
633 3587 730 3643 alii
753 3588 1010 3644 Verbum
1042 3589 1338 3660 quoddam
1370 3590 1668 3662 hypostasi
1687 3608 1753 3646 ac
1775 3591 2107 3648 substantia

456 3692 730 3746 vacuum,
758 3676 1021 3750 nihilque
1053 3678 1393 3751 discrepans
1416 3678 1487 3734 ab
1508 3695 1573 3735 eo
1595 3681 1748 3751 quod
1783 3696 1885 3751 per
1914 3680 2105 3753 prola-

455 3764 674 3823 tionem
707 3767 1031 3823 effunditur
1064 3784 1076 3822 :
1110 3766 1206 3823 alii
1235 3768 1364 3838 ejus
1394 3783 1497 3839 per
1524 3784 1758 3824 carnem
1792 3771 2103 3826 adventum

458 3854 832 3928 phantasiam
862 3873 990 3913 esse
1012 3861 1328 3927 suggerant
1352 3875 1364 3912 :
1391 3856 1490 3912 alii
1512 3873 1744 3913 carnem
1770 3858 2107 3916 nullatenus

461 3945 790 4017 sumpsisse
816 3945 1302 4011 contendant,aut
1324 3946 1717 4018 assumpsisse
1740 3948 2105 4019 quidem,sed

459 4034 1053 4107 inanimatam,atque
1077 4035 1430 4091 inefﬁcacem
1457 4054 1470 4104 ;
1494 4040 1594 4092 aut
1615 4038 1872 4093 animam
1895 4038 2110 4094 haben-

461 4128 577 4178 tem
590 4125 711 4189 ,sed
726 4128 920 4179 mente
934 4141 1000 4179 ac
1014 4125 1235 4180 ratione
1251 4126 1615 4182 destitutam.
1631 4127 1869 4182 Demum
1885 4128 1983 4183 alii
1998 4128 2109 4185 alio

462 4212 634 4267 modo
660 4212 1013 4268 haesitabth
1034 4229 1099 4268 ac
1121 4215 1797 4288 contradicent,singulis
1821 4218 2109 4273 arbitratu

460 4318 567 4357 suo
598 4318 727 4373 quae
746 4301 941 4373 ipsum
964 4306 1231 4372 spectant
1262 4305 1848 4361 determinantibus.«
1872 4306 2018 4362 Nam
2040 4308 2110 4363 de

456 4394 617 4448 secta
647 4391 777 4457 hac,
810 4413 839 4440 »
885 4390 1053 4446 aiunt
1095 4392 1281 4447 Judaei
1324 4395 1392 4448 ad
1424 4394 1692 4462 Paulum,
1724 4418 1751 4445 «
1785 4392 1991 4452 notum
2023 4400 2113 4452 est

456 4481 625 4537 nobis
642 4480 783 4553 quia
811 4480 1029 4552 ubique
1052 4481 1100 4537 ei
1124 4482 1655 4539 contradiciturm.»
1677 4484 2112 4542 Contradicitur

459 4570 719 4644 quidem,
753 4574 813 4625 at
848 4587 963 4626 non
991 4570 1264 4642 dejicitur
1287 4589 1299 4626 :
1325 4577 1719 4645 oppugnatur,
1751 4578 1810 4629 at
1853 4592 1965 4630 non
1989 4575 2113 4630 vin-

459 4660 614 4715 citur
647 4676 659 4715 :
694 4659 825 4715 telis
856 4659 1093 4732 petitur,
1128 4664 1185 4717 at
1214 4677 1329 4716 non
1361 4660 1703 4717 vulneratur
1731 4679 1744 4717 :
1788 4662 2109 4733 obsidetur,

465 4753 523 4805 at
569 4765 682 4805 non
734 4750 963 4821 captiva
1012 4750 1248 4806 ducitur
1285 4766 1298 4805 :
1342 4751 1617 4823 quodque
1647 4751 1970 4808 maximum
2002 4757 2111 4821 est,

467 4837 644 4905 cadit,
690 4854 794 4893 nec
826 4838 1164 4904 conteritur,
1190 4838 1328 4910 quin
1357 4838 1551 4912 potius
1582 4839 1643 4895 in
1676 4841 1870 4912 fugam
1920 4843 2113 4898 vertit.

464 4927 542 4983 Ea
571 4927 788 5001 quippe
816 4932 903 4983 est
944 4944 1089 5000 pura
1145 4928 1280 4984 ﬂdei
1330 4934 1546 4985 nostrae
1595 4931 1953 5003 praestantia,
1986 4949 2114 5004 quae

464 5033 638 5073 omne
666 5021 905 5091 superat
936 5017 1286 5075 miraculum
1313 5035 1327 5087 ;
1360 5023 1424 5074 ut
1454 5036 1571 5075 non
1603 5020 1774 5076 modo
1808 5020 1955 5093 ipsa,
1982 5020 2118 5077 licet

464 5107 725 5179 undique
757 5107 1019 5164 factiosis
1067 5107 1357 5165 haaresum
1404 5109 1595 5166 turbis
1640 5114 1815 5182 atque
1846 5109 2117 5183 procellis

464 5196 877 5269 circumsessa,
912 5197 1156 5254 immota
1186 5201 1243 5254 et
1272 5198 1623 5256 inconcussa
1673 5204 1911 5256 maneat
1950 5218 1963 5268 ;
2015 5200 2115 5257 sed

469 5290 536 5344 ut
564 5288 739 5344 etiam
771 5303 841 5345 ex
889 5287 1198 5346 contrariis
1227 5288 1517 5345 contraria
1560 5289 1855 5361 sapienter
1882 5288 2116 5360 efﬁciat,

537 5484 581 5520 ⁴⁸
614 5483 749 5541 Luc.
775 5498 838 5551 ιι,
868 5481 958 5539 33.
1036 5483 1081 5518 ‘°
1098 5482 1243 5540 ibid.
1272 5483 1365 5540 34.
1440 5481 1485 5518 ⁸ο
1513 5484 1643 5539 Act.
1673 5497 1849 5552 xxvn,
1873 5482 1966 5538 22.

540 5678 653 5750 (t5)
681 5677 821 5737 Vide
846 5691 978 5749 quae
1008 5676 1079 5733 de
1106 5675 1203 5733 his
1230 5674 1487 5733 diximus
1515 5675 1574 5733 in
1604 5675 1840 5736 Monito.

204 5926 231 5943 ³
408 5900 787 6083 Χ

2210 3234 2423 3306 ’Ἄρειος
2464 3230 2598 3303 πρὸς
2626 3231 2716 3284 τὸν
2752 3223 3081 3298 Σαϐέλλιον,
3112 3226 3200 3282 καὶ
3258 3225 3514 3301 Εὐτυχὴς
3574 3224 3699 3297 πρὸς
3746 3222 3817 3274 τὸν

2211 3319 2499 3397 Νεστὸριον
2556 3322 2690 3391 (45),
2742 3318 2831 3373 καὶ
2890 3317 3191 3395 ἀμφότεροι
3274 3316 3411 3391 πρὸς
3472 3316 3569 3382 τὴν
3625 3309 3819 3374 Ἐκκλη-

2212 3409 2350 3464 σίαν·
2385 3410 2437 3463 οἱ
2499 3408 2593 3481 μὶν
2651 3408 2748 3476 τὴν
2810 3406 3041 3477 θεότητα
3099 3406 3293 3479 μόνην,
3326 3406 3377 3458 οἱ
3428 3401 3487 3458 δὲ
3532 3405 3627 3472 τήν
3685 3400 3820 3475 σάρκα

2209 3499 2388 3572 τούτῳ
2435 3500 2853 3574 προσνέμοντες·
2888 3497 2940 3550 οἱ
2993 3496 3086 3569 μὶν
3136 3495 3347 3550 κτιστὸν
3400 3494 3718 3568 εἰσάγοντες,
3750 3485 3819 3540 κιιῖ

2212 3591 2311 3659 τῆς
2368 3594 2638 3662 πατρικῆς
2698 3585 2880 3647 οὐσίας
2934 3584 3227 3659 ἀλλότριον
3258 3626 3273 3649 ,
3322 3584 3373 3637 οἱ
3434 3580 3493 3637 δὲ
3542 3580 3699 3656 Λόγον
3745 3577 3819 3629 ὠδ-

2216 3676 2512 3733 υπόστατόν
2545 3696 2662 3731 τινα
2689 3675 2779 3730 καὶ
2810 3675 2955 3729 κενὸν
2991 3673 3200 3741 οὐσίας,
3230 3674 3319 3727 καὶ
3371 3668 3540 3744 μηδὲν
3579 3672 3670 3723 τοῦ
3712 3662 3820 3719 uti

2213 3766 2491 3845 προφορὰν
2537 3766 2807 3840 χεομένου
2857 3761 3330 3819 διεναλλάττοντα·
3394 3762 3446 3815 οἱ
3508 3761 3598 3832 μὶν
3653 3774 3821 3834 φαντα-

2216 3854 2330 3911 σίαν
2364 3855 2529 3910 αὐτοῦ
2559 3856 2658 3923 τὴν
2706 3852 2795 3909 διὰ
2848 3853 3043 3928 σαρκὸς
3105 3849 3399 3928 παρουσίαν
3462 3848 3819 3919 ὑποτιθέμενοι,

2216 3946 2268 4001 οἱ
2300 3942 2358 4000 δὲ
2391 3942 2532 4017 μηδὲ
2562 3942 2907 4021 ἀνειληφέναι
2941 3941 3110 4015 σάρκα
3151 3938 3391 3995 καθόλου
3444 3936 3816 4021 διατεινόι.ι.τπιιοι⁸

2216 4035 2251 4103 ἢ
2283 4030 2631 4105 ἀνειληφέναι
2675 4018 2792 4103 μὲν,
2826 4028 3037 4105 ἄψυχον
3089 4025 3147 4083 δὲ
3194 4025 3392 4095 ταύτην
3438 4026 3528 4079 καὶ
3572 4018 3817 4092 ἀνενέρτη·

2215 4144 2331 4192 τον,
2361 4124 2396 4191 ἣ
2424 4121 2609 4196 ψυχὴν
2646 4120 2739 4193 μὶν
2773 4116 3024 4195 ἔχουσαν,
3057 4114 3213 4195 ἄνουν
3249 4113 3307 4170 δὲ
3332 4114 3532 4184 ταύτην
3588 4110 3671 4166 καὶ
3712 4106 3817 4207 ilo:

2217 4230 2329 4288 γον·
2381 4212 2469 4265 καὶ
2519 4207 2851 4279 ἁπαξαπλῶς
2902 4207 3066 4263 ἄλλοι
3116 4204 3305 4267 ἄλλως
3352 4197 3710 4295 ἀμφιϐαλοῦσι

2218 4297 2608 4373 ἀντιλέξουσιν,
2638 4295 2861 4360 ἕκαστος
2920 4296 3056 4352 κατὰ
3102 4296 3164 4350 τὸ
3215 4292 3406 4349 δοκοῦν
3436 4292 3580 4363 αὖτῷ
3617 4288 3677 4343 τὰ
3724 4288 3820 4356 περὶ

2218 4390 2382 4445 αὺτοῦ
2441 4385 2919 4464 συμπεραίνοντες.
2978 4410 3007 4438 ‹‹
3066 4384 3195 4459 Περὶ
3244 4384 3381 4472 ,γάρ
3436 4389 3534 4450 τῆς
3604 4378 3820 4472 αἱρέσεως

2217 4478 2440 4552 ’κύττηῆ
2461 4503 2489 4529 θ)
2510 4476 2650 4551 πρὸς
2669 4476 2760 4532 τὸν
2800 4474 3015 4531 Παῦλον
3049 4476 3099 4529 οἱ
3129 4470 3383 4531 Ἰουδαῖοί
3415 4490 3600 4549 eam,“
3621 4470 3820 4540 γνωστον

2221 4571 2358 4643 ἡμῖν
2404 4568 2567 4638 ἐστιν,
2626 4565 2708 4623 ὅτι
2760 4570 3041 4642 πανταχοῦ
3090 4561 3447 4637 ἀντιλέγεται.
3482 4585 3509 4613 ››
3559 4552 3819 4625 Ἀντιλέγε-

2218 4683 2305 4717 ται
2342 4662 2460 4735 μὶν,
2493 4658 2616 4717 ἀλλ’
2646 4658 2708 4714 οὐ
2761 4658 3038 4734 βάλλεται·
3088 4655 3436 4727 πολεμεῖται,
3494 4650 3615 4706 ἀλλ’
3662 4646 3717 4701 οὐ
3758 4665 3819 4695 νι-

2221 4756 2397 4806 κᾶται·
2458 4750 2749 4821 τοξεύεται,
2798 4746 2925 4803 ἀλλ’
2982 4746 3043 4802 οὐ
3098 4746 3493 4821 τιτρώσκεται·
3548 4737 3818 4804 πολιορκεῖ-

2220 4861 2330 4908 ται,
2375 4838 2502 4896 ἀλλ’
2549 4836 2648 4893 οὐκ
2704 4832 3169 4912 ἀνδραποδίζεται·
3201 4832 3263 4887 τὸ
3324 4831 3593 4905 μέγιστον,
3646 4824 3821 4912 πίπτει,

2224 4928 2349 4985 ἀλλ’
2402 4928 2462 4984 οὐ
2522 4910 2857 5003 συντρίϐεται
2892 4944 2904 4957 ·
2972 4922 3182 4996 μᾶλλον
3260 4918 3318 4976 δὲ
3391 4918 3482 4973 καὶ
3556 4910 3818 5003 ἀνατρέπει.

2223 5023 2394 5074 Τοῦτο
2426 5019 2530 5093 γὰρ
2560 5002 2661 5087 τῆς
2690 5016 2927 5090 καθαρᾶς
2964 5011 3193 5072 πίστεως
3242 5011 3403 5082 ἡμῶν
3461 5007 3549 5099 τὸΔ
3576 5002 3819 5099 éEaipaf’i'.

2227 5106 2316 5163 καὶ
2350 5107 2553 5169 παντὸς
2602 5102 2845 5161 ἐπέκεινα
2893 5101 3184 5174 θαύματος·
3219 5098 3299 5154 ὅτι
3360 5096 3423 5152 οὗ
3482 5094 3640 5169 μόνον
3693 5094 3819 5152 αὕτη,

2226 5197 2402 5254 καίτοι
2461 5194 2797 5270 πανταχόθεν
2857 5188 3107 5270 σφοδρῶς
3180 5183 3680 5277 περιστοιχιζομένη
3730 5177 3822 5229 τιῖς

2231 5286 2290 5344 ἐκ
2317 5290 2424 5343 τῶν
2464 5286 2719 5362 αἱρέσεων
2748 5285 3071 5361 συστροφαῖς
3099 5300 3159 5335 τε
3184 5277 3273 5334 καὶ
3314 5274 3591 5348 λαίλαψιν,
3618 5270 3822 5324 ἄπιστος
