4026 6204
479 303 599 362 995
1646 302 1708 360 S.
1756 297 2278 361 ATHANASIUS.
2298 334 2373 344 —-
2407 302 2715 364 SPURIA.
3707 323 3801 380 993

484 439 671 493 visum
718 435 989 494 restitui?
1036 435 1182 499 Quid
1244 452 1432 491 causa:
1489 433 1600 490 erit
1656 434 1809 504 quod
1869 432 2092 488 animal:

2200 437 2456 506 ,γενετῆς
2504 433 2703 511 τυφλὸν
2761 434 3079 509 ὠμμάτωσα
3127 440 3238 512 (49)
3292 461 3306 508 ;
3363 439 3504 503 Τίνος
3546 446 3678 518 χάριν
3722 453 3796 518 τήν

484 545 671 584 meam
706 526 938 600 gladius
1001 521 1422 598 pertransibit?
1469 527 1553 578 An
1605 524 1760 596 quod
1810 522 2092 579 Sabbatut

2245 520 2380 593 ἐμὴν
2414 525 2594 599 ψυχὴν
2629 527 2661 593 ἡ
2697 524 2939 600 ⁸ἶομφαία
2970 523 3340 602 διαδραμεῖται
3368 549 3380 597 ;
3413 531 3524 586 Ὅτι
3551 535 3602 587 τὸ
3630 533 3796 591 Σάὂει-

479 615 773 674 violat-im?
804 623 889 671 An
925 615 1076 688 quod
1109 614 1294 687 legem
1328 620 1694 685 transgressa
1725 613 1864 667 sim?
1891 613 1969 666 En
2002 611 2087 666 tib

2240 631 2331 665 τον
2365 607 2564 680 Elusa;
2595 614 2715 670 Ὅτι
2745 615 2835 668 τὸν
2867 613 3034 688 νόμον
3067 612 3306 692 παρέϐην
3335 638 3348 686 ;
3383 616 3510 674 Ἰδοὺ
3555 619 3614 676 δι’
3641 623 3792 680 ἐκεῖνον

479 709 608 778 ejus
640 705 936 763 servandas
970 722 1170 774 causa,
1199 703 1412 758 Filium
1447 702 1811 768 circumcidi,
1864 701 2092 757 Hieroso

2239 700 2329 754 τόν
2382 722 2437 755 τε
2467 703 2589 756 rte»
2622 704 2962 779 περιετεμον,
2996 707 3093 776 τήν
3144 727 3201 760 τε
3249 707 3590 783 Ἰερουσαλὴμ
3628 711 3794 785 gratiam,

479 775 692 868 lvmam
725 793 1053 867 properavi,
1085 793 1142 848 in
1180 792 1394 863 templo
1428 793 1659 859 adsum,
1693 808 1759 846 ac
1788 790 1981 862 pullos
2013 795 2092 846 tu:

2239 789 2326 843 καὶ
2357 795 2435 862 τῷ
2466 796 2574 863 ναῷ
2609 791 2853 867 πάρειμι,
2891 795 2978 848 καὶ
3009 794 3134 856 τοὺς
3164 797 3407 858 νεοττοὺς
3437 803 3535 852 τῶν
3563 803 3793 876 τρυγόνων,

477 894 700 951 turum,
733 889 1148 955 argumentum
1183 883 1340 953 parvi
1391 881 1782 954 pauperisque
1832 878 2126 945 sacrificii,
2240 876 2432 955 δεῖγμα
2465 887 2660 955 μικρᾶς
2689 903 2744 936 τε
2770 881 2856 936 καὶ
2891 883 3214 954 πενεστάτης
3239 881 3392 947 ὄντας
3425 871 3610 955 θυσίας,
3714 871 3790 947 θεῗέ

477 975 548 1030 ad
597 974 856 1028 divinam
910 989 1126 1044 repono
1192 988 1476 1027 mensam.
1529 970 1673 1036 Quid
1731 969 1908 1042 igitur
1964 968 2125 1041 parvi

474 1063 744 1136 magnive
777 1067 866 1118 est
895 1064 954 1117 in
986 1062 1133 1134 lege,
1167 1061 1322 1133 quod
1353 1049 1720 1131 transgressa
1751 1060 1885 1125 sim,
1921 1063 1984 1113 ut
2011 1057 2127 1128 gla-

469 1153 604 1210 dius
634 1153 892 1210 animam
926 1169 1116 1208 meam
1149 1153 1225 1208 sit
1255 1149 1758 1223 pertransiturus?
1793 1150 1888 1204 Dic
1916 1148 2025 1202 cito
2053 1164 2124 1203 ne

465 1243 713 1300 delirum
738 1248 813 1312 te,
834 1260 897 1298 ar
922 1243 1104 1296 nimia
1133 1246 1303 1296 aetate
1355 1241 1741 1311 desipientem
1773 1255 1901 1294 esse
1933 1237 2124 1310 suspi-

460 1349 579 1389 cer.
617 1331 1026 1404 Nequaquam,
1061 1332 1140 1384 ait
1169 1329 1403 1385 divinus
1435 1345 1632 1399 senex,
1667 1344 1732 1383 ac
1781 1325 2123 1399 prophetica

459 1420 669 1494 plenus
719 1420 925 1491 gratia.
983 1417 1139 1473 Nihil
1174 1434 1376 1473 eorum
1410 1417 1469 1472 in
1503 1434 1681 1472 causa
1712 1421 1839 1483 est;
1867 1422 1928 1470 tu
1959 1420 2120 1470 extra

462 1526 528 1564 ac
559 1526 740 1581 supra
772 1507 870 1562 illa
895 1507 1096 1562 omnia
1125 1507 1316 1578 posita
1346 1521 1447 1573 es;
1483 1506 1607 1575 sed,
1646 1530 1666 1554 ιι
1707 1510 1768 1560 ut
1794 1503 2119 1559 revelantur

462 1614 528 1654 ex
582 1597 788 1652 multis
855 1597 1132 1652 cordibus
1197 1594 1578 1667 cogitationes
1629 1595 1694 1648 ⁸ο.
1749 1617 1768 1643 ι
1815 1594 1978 1658 Quod
2029 1593 2116 1649 ais

2240 876 2432 955 δεῖγμα
2465 887 2660 957 μικρᾶς
2689 903 2744 936 τε
2770 881 2856 936 καὶ
2891 883 3214 954 πενεστάτης
3239 881 3392 947 ὄντας
3425 886 3610 959 θυσίας,
3714 896 3794 962 tisi;

2234 968 2470 1043 τραπέζῃ
2526 971 2977 1044 προσανατίθημι.
3026 971 3088 1026 Τί
3135 974 3310 1028 τοίνυν
3352 973 3540 1045 ἐστὶν
3574 981 3727 1053 μικρὸν
3771 984 3793 1050 ἦ

2238 1063 2440 1128 μεῖζον,
2477 1059 2505 1113 δ
2534 1063 2629 1114 τοῦ
2660 1055 2828 1132 νόμου
2857 1059 3157 1136 παρέλυσα,
3183 1059 3270 1117 ’ίνα
3297 1062 3526 1142 ομφαία
3551 1067 3636 1134 τήν
3661 1072 3796 1142 φυγῇ-ι

2236 1145 2371 1218 ἐμὴν
2404 1145 2743 1218 διελεύσηται
2773 1167 2786 1218 ;
2821 1150 3031 1225 Φράσον
3062 1151 3124 1205 τὸ
3153 1152 3345 1226 τάχος,
3385 1155 3570 1225 μήπως
3595 1155 3655 1216 ὡς
3683 1157 3794 1232 ὓπερ-

2231 1230 2523 1307 ϐεϐηκότα,
2555 1237 2642 1292 καὶ
2674 1237 2872 1311 πολλῷ
2899 1243 2980 1311 τῷ
3015 1239 3118 1315 βίῳ
3140 1240 3563 1317 καταγηράσαντα
3589 1230 3794 1302 ὑποπτεύ-

2228 1345 2429 1397 τωμεν.
2465 1325 2562 1395 Οῧ,
2597 1327 2778 1404 φησὶν,
2815 1329 2840 1381 ὁ
2873 1333 3012 1392 θεῖος
3044 1328 3245 1391 ἐκεῖνος
3277 1326 3589 1404 πρεσϐύτης,
3615 1335 3686 1387 καὶ
3724 1339 3793 1403 τῆς

2229 1421 2576 1490 προφητικῆς
2649 1415 2932 1478 ἀνάπλεως
2991 1417 3236 1493 χάριτος·
3300 1417 3368 1473 δι’
3428 1418 3567 1475 οὐδὲν
3617 1423 3792 1478 τούτων·

2229 1501 2329 1571 ἔξω
2361 1506 2471 1577 (50)
2501 1505 2604 1579 γὰρ
2659 1504 2866 1558 τούτων
2928 1505 3140 1560 πάντων
3199 1509 3341 1575 ἦσθα
3395 1509 3480 1562 καὶ
3527 1510 3791 1583 ὑπερέκεινα·

2225 1589 2352 1647 ἀλλ’
2405 1617 2425 1642 ι
2479 1593 2626 1655 ὅπως
2677 1593 2734 1648 ἂν
2784 1592 3238 1672 ἀποκαλυφθῶσιν
3291 1595 3351 1651 ἐκ
3379 1596 3588 1652 πολλῶν
3611 1597 3790 1674 καρδιῶν

461 1686 759 1758 :enigmati
789 1684 984 1740 simile
1013 1689 1122 1750 est,
1148 1684 1407 1739 nondum
1441 1682 1746 1755 perspicue
1778 1681 2114 1738 afﬂictionis

1917 1771 2111 1828 adhuc
2141 1808 2188 1872 D
2224 1775 2406 1848 σαφῶς
2435 1772 2532 1840 τήν
2565 1771 2735 1826 αἶτίαν
2765 1777 2861 1827 τοῦ
2891 1772 3092 1837 πάθους
3123 1772 3398 1852 ἐνέφηνας.
3450 1775 3616 1831 Εἷπεῖν
3652 1797 3697 1832 σε
3733 1775 3792 1832 δεῖ

458 1793 697 1847 causam
747 1773 1050 1847 aperuisti.
1104 1775 1269 1830 Dicas
1319 1777 1545 1845 oportet
1590 1771 1804 1827 clarius
1853 1787 1865 1826 :

451 1865 608 1921 enim
657 1865 973 1920 obscurum
1006 1879 1071 1920 ac
1105 1864 1482 1919 tenebrosum
1515 1865 1606 1917 est
1636 1860 1790 1932 quod
1822 1859 2104 1931 loqueris.

450 1955 602 2010 Tum
633 1951 771 2009 ille:
805 1953 957 2023 Tibi,
1006 1951 1217 2024 inquit,
1247 1969 1278 2006 o
1330 1950 1541 2006 Christi
1595 1949 1906 2020 possessio,
1957 1966 2106 2020 prae-

453 2043 638 2112 dium,
658 2048 715 2098 et
745 2040 1168 2110 habitaculum,
1188 2056 1421 2096 omnem
1447 2038 1842 2110 quaestionum
1867 2041 2103 2093 tuarum

455 2131 673 2188 solvam
707 2129 1131 2186 difﬁcultatem.
1152 2133 1225 2184 At
1246 2143 1378 2184 cave
1403 2144 1494 2194 ne,
1514 2127 1562 2182 si
1581 2131 1636 2182 te
1654 2126 1817 2182 dolor
1848 2129 2103 2197 superet,

455 2219 877 2294 pusillanimen
898 2223 972 2287 te,
999 2235 1101 2275 nec
1123 2217 1270 2274 satis
1291 2215 1493 2274 virtuti
1524 2221 1821 2272 assuetam
1853 2220 2061 2287 arguat
2085 2232 2099 2270 :

455 2310 613 2383 quod
641 2309 748 2365 tibi
778 2326 892 2366 non
925 2308 1058 2382 plus
1084 2307 1217 2364 licet
1248 2306 1558 2373 ascribere,
1591 2321 1768 2378 quam
1790 2303 1898 2360 soli
1951 2303 2101 2360 lucis

453 2404 629 2472 atque
678 2398 886 2454 caloris
917 2397 1288 2453 vacuitatem.
1320 2395 1468 2451 Eum
1500 2410 1671 2465 quem
1702 2393 1895 2449 divino
1929 2392 2100 2448 modo

450 2487 703 2560 genuisti
737 2486 936 2543 visura
965 2501 1026 2542 es
1055 2485 1230 2555 tradi,
1264 2484 1454 2556 ligari,
1486 2483 1752 2555 conspui,
1785 2480 2096 2549 verberari,

450 2575 699 2650 ﬂagellis
725 2575 1105 2648 colaphisque
1153 2575 1316 2643 caedi,
1368 2573 1591 2629 calamo
1642 2570 2098 2645 percuti,spinis

445 2666 731 2734 coronari,
766 2665 1072 2738 chlamyde
1099 2664 1285 2732 indui,
1319 2663 1744 2719 Pharismorum
1785 2659 2097 2716 calumniis

445 2757 669 2828 impeti,
690 2773 723 2810 a
751 2753 1085 2810 Sadducaeis
1116 2754 1325 2825 probro
1357 2751 1532 2819 attici,
1554 2769 1587 2806 a
1610 2749 1792 2806 Pilato
1815 2749 2092 2820 judicari,

448 2863 481 2899 a
514 2843 800 2900 militibus
834 2842 1084 2910 irrideri,
1111 2860 1144 2896 a
1174 2841 1411 2897 cohorte
1441 2857 1595 2912 genu
1629 2839 1774 2894 ﬂexo
1813 2837 2044 2893 adorari
2077 2855 2091 2893 :

446 2933 770 2989 Barabbam
803 2932 999 2988 visura
1028 2948 1089 2986 es
1121 2930 1206 2986 illi
1239 2930 1618 3002 anteponi,ac
1641 2927 1826 3000 pluris
1855 2943 1922 2982 eo
1946 2927 2090 2997 fieri,

446 3023 684 3078 domum
741 3022 898 3076 cruci
930 3019 1097 3075 illum
1128 3019 1309 3090 afﬁgi,
1336 3021 1498 3074 aceto
1527 3033 1660 3073 cum
1701 3015 1832 3072 felle
1882 3016 2088 3088 potari,

435 3109 640 3166 lancea
684 3109 998 3182 perforari,
1039 3107 1307 3179 sepulcro
1355 3106 1662 3172 concludi,
1714 3107 2084 3162 seductorem

2225 1676 2597 1757 διαλογισμοί.
2632 1708 2660 1735 ››
2696 1682 3006 1757 Αἷνίγματι,
3038 1683 3192 1760 φησὶ,
3246 1683 3423 1759 λὲγεις
3453 1684 3643 1758 ὅμοιον·
3677 1687 3790 1742 οὔπω

2220 1860 2608 1936 φανερώτερον·
2671 1858 2747 1915 ἔτι
2791 1863 2890 1937 γὰρ
2941 1861 3137 1938 ἀφανὲς
3181 1884 3303 1926 πως
3360 1863 3447 1918 καὶ
3493 1864 3710 1920 ὗπόσκιον
3746 1867 3790 1920 τὸ

2219 1947 2580 2022 λαλούμενον.
2615 1950 2754 2026 Ἐγώ
2785 1971 2889 2016 σοι,
2925 1948 3109 2028 φησῗν,
3143 1951 3186 2005 ὧ
3237 1953 3468 2027 Χριστοῦ
3510 1957 3686 2026 κτῆμα,
3723 1956 3787 2010 καὶ

2213 2038 2524 2114 χρῆμα,καί
2557 2041 2952 2112 σκήνωμα,τῶν
2988 2040 3338 2113 ζητουμένων
3373 2041 3502 2096 ἅπαν
3530 2042 3728 2098 ἐπιλύσω
3743 2046 3788 2099 τὸ

2213 2130 2437 2203 ἀπορον.
2471 2126 2631 2183 Ἀλλ’
2664 2127 2762 2201 δρα
2795 2129 2869 2200 μή
2905 2148 2961 2182 σε
2988 2129 3050 2182 τὸ
3081 2128 3250 2192 πάθος
3274 2132 3488 2199 νικῆσαν
3509 2131 3784 2208 μικρόψυχόν

2208 2235 2327 2270 τινα
2359 2212 2502 2290 δείξῃ
2530 2215 2619 2270 καὶ
2651 2213 3004 2293 ἀφιλόσοφον·
3032 2215 3162 2293 ὅπερ
3194 2217 3282 2272 ἐπὶ
3317 2222 3411 2273 σοῦ
3433 2217 3595 2294 λέγειν
3617 2220 3782 2292 μᾶλλον

2211 2304 2271 2358 οὐ
2321 2306 2475 2378 οὲμις
2530 2307 2564 2374 ἢ
2609 2304 2696 2360 ἐπὶ
2752 2303 2916 2375 ἡλίου
2962 2307 3023 2360 τὸ
3072 2307 3306 2382 ἀφεγγὲς
3355 2309 3442 2362 καὶ
3493 2309 3781 2384 ἀθέρμαντον·

2207 2391 2604 2469 Προδιδόμενον
2639 2390 2756 2468 ὄψει
2787 2399 3000 2465 τοῦτον,
3033 2394 3092 2450 δν
3123 2397 3438 2471 θεοπρεπῶς
3460 2397 3781 2473 ἀπεγέννησας,

2205 2483 2292 2538 καὶ
2327 2480 2713 2556 δεσμούμενον,
2746 2481 3072 2556 ἐπτυσμένον
3104 2485 3190 2539 καὶ
3243 2485 3610 2560 ῥαπιζόμενον,
3650 2508 3778 2564 φραγ-

2203 2571 2533 2648 γελούμενον
2577 2572 2665 2627 καὶ
2709 2571 3162 2651 κολαφιζόμενον,
3207 2573 3445 2648 καλάμῳ
3489 2575 3778 2647 τυπτόμενον,

2203 2660 2452 2723 ἀκάνθαις
2532 2661 2994 2739 στεφανούμενον,
3070 2660 3305 2737 χλαῖνον
3382 2661 3778 2736 ὲνδιδυσκόμενον,

2206 2751 2308 2806 ὑπὸ
2366 2750 2674 2827 Φαρισαίων
2728 2750 3249 2829 συκοφαντούμενον,
3315 2753 3413 2806 ὑπὸ
3467 2749 3774 2807 Σαδδουκαίων

2203 2835 2620 2912 δνειδιζόμενον,
2674 2840 2774 2894 ὑπὸ
2824 2838 3061 2895 Πιλάτου
3119 2839 3464 2915 κρινόμενον,
3523 2842 3610 2895 ὑπὸ
3658 2861 3776 2914 στραο

2198 2933 2409 2983 τιωτῶν
2441 2927 2868 3004 χλευαζόμενον,
2899 2931 2966 3001 τῇ
2999 2927 3188 3002 σπείρᾳ
3221 2929 3678 3002 γονυπετούμενον·
3708 2931 3774 2982 τὸν

2348 3012 2446 3040 ep-

2200 3013 2478 3094 Βαραϐϐᾶν
2531 3013 2649 3091 ὄψει
2682 3017 3105 3092 προτιμώμενον
3136 3017 3335 3072 τούτου
3365 3018 3452 3074 καὶ
3482 3018 3774 3094 προκρινάμε-

2195 3127 2304 3162 νον·
2337 3107 2497 3169 τέλος
2529 3107 3291 3182 σταυρῷπροσπηγνύμενον,
3325 3103 3446 3179 ὅξος
3478 3109 3597 3181 μετὰ
3639 3105 3774 3182 χολῆς

434 3197 646 3264 vocari,
680 3197 996 3268 signaculis
1029 3195 1337 3268 obstringi,
1373 3214 1405 3250 a
1436 3195 1722 3250 militibus
1773 3195 2079 3250 custodiri.

2200 3196 2572 3269 ποτιζόμενον,
2607 3194 2783 3271 λόγχη⁸
2813 3196 3129 3269 νυττόμενον
3163 3199 3301 3270 (51),
3349 3199 3499 3275 τάιρῳ
3527 3195 3770 3273 περικλειίο

433 3293 538 3352 Ac,
573 3293 633 3341 ut
665 3287 1010 3359 compendio
1044 3286 1256 3352 dicam,
1307 3301 1479 3340 omne
1529 3287 1586 3340 in
1637 3300 1703 3339 eo
1753 3283 1968 3338 doloris
2018 3299 2084 3339 ac

433 3375 733 3431 dedecoris
762 3393 970 3448 genus,
991 3373 1357 3430 atrocissime
1377 3373 1626 3441 illatum,
1648 3372 1842 3427 visura
1863 3371 2084 3427 es.Pro-

434 3471 632 3537 pterea
677 3467 937 3520 animum
985 3470 1150 3520 tuam
1197 3464 1575 3535 pertransibit
1602 3461 1836 3534 gladius
1869 3479 1881 3516 :
1916 3478 1983 3517 ea
2012 3462 2082 3516 de

433 3571 613 3610 causa
641 3553 872 3628 lugebis
902 3570 970 3610 ac
999 3552 1427 3626 congemisces;
1455 3557 1512 3607 et
1541 3556 1738 3621 utpote
1763 3551 1961 3618 Mater,
1979 3568 2080 3621 pro

431 3644 576 3698 Filio
607 3642 1041 3716 lacrymaberis,
1077 3658 1251 3714 quem
1301 3639 1498 3696 sclesti
1553 3639 1723 3695 morti
1775 3641 2008 3695 tradent
2063 3656 2076 3696 :

427 3737 679 3805 tumque
729 3733 981 3789 maxime
1030 3733 1186 3788 304
1235 3746 1370 3786 cum
1420 3734 1674 3785 secretas
1724 3728 1853 3786 illas
1883 3735 2077 3786 tecum

427 3822 625 3879 volves
691 3823 1094 3893 cogitationes,
1153 3820 1398 3890 scilicet,
1467 3821 1724 3875 faustum
1793 3819 2078 3876 Gabrielis

426 3912 722 3983 nuntium,
773 3910 1216 3982 conceptionem
1272 3910 1497 3980 absque
1543 3907 1788 3978 semine,
1843 3914 2075 3980 partum

424 4002 552 4057 sine
583 4001 977 4073 corruptione,
1009 3998 1342 4054 inviolatam
1378 3997 1795 4069 virginitatem,
1829 3998 2073 4053 inteme-

421 4095 610 4144 ratam
633 4090 987 4154 castitatem,
1021 4091 1080 4143 in
1115 4093 1282 4160 partu
1316 4087 1668 4142 vacuitatem
1700 4085 1940 4152 doloris,
1972 4085 2072 4157 qui

424 4175 752 4232 naturalem
786 4179 989 4232 matris
1019 4177 1206 4248 legem
1259 4176 1660 4246 consequitur,
1708 4176 1846 4248 quia
1897 4175 2070 4230 nimi-

424 4283 558 4320 rum
610 4271 728 4320 tam
774 4272 908 4321 ante
939 4282 1118 4337 quam
1152 4269 1284 4336 post
1315 4271 1548 4337 partum
1581 4265 1740 4336 virgo
1771 4264 2072 4320 verissime

420 4354 612 4426 fuisti,
640 4371 705 4410 ac
732 4355 813 4410 ita
840 4353 1236 4427 permansisti.

493 4533 578 4587 18.
613 4557 640 4583 ‹‹
674 4533 749 4589 Ut
781 4533 1107 4589 revelentur
1157 4549 1226 4588 ex
1279 4531 1480 4587 multis
1523 4531 1799 4587 cordibus
1849 4532 2066 4604 cogila-
2099 4542 2145 4606 D

416 4622 625 4678 tiones.
645 4645 671 4672 ››
695 4623 1059 4679 Revelabitur
1085 4623 1299 4694 quippe
1328 4622 1553 4676 fervens
1573 4625 1746 4692 atque
1781 4622 2067 4676 ardentis-

418 4711 608 4768 simus
640 4713 789 4768 Petri
822 4713 1001 4782 zelus,
1037 4711 1266 4782 tepidus
1293 4727 1358 4765 ac
1391 4709 1638 4780 frigidus
1666 4727 1766 4780 per
1810 4709 2066 4781 negatio-

421 4817 556 4855 nem
591 4802 778 4856 l'actus
811 4819 824 4857 :
859 4801 1104 4857 Joannis
1136 4807 1354 4866 autem,
1385 4799 1586 4854 Jacobi
1617 4806 1674 4854 et
1705 4806 2065 4870 caeterorum,

419 4905 522 4960 per
551 4890 747 4962 fugam
782 4909 897 4962 qua
938 4907 1004 4945 eo
1051 4889 1328 4945 derelicto
1378 4904 1582 4943 omnes
1632 4888 2064 4958 abscesserunt,

418 4978 588 5049 quasi
621 4978 887 5034 omnium
921 4979 1310 5033 maximorum
1340 4977 1717 5032 immemores
1751 4978 2064 5035 miraculo-

415 5084 568 5123 rum.
603 5069 747 5123 Item
779 5069 1154 5130 revelabitur,
1184 5068 1336 5137 quod
1386 5066 1608 5121 Pilatus
1652 5069 1723 5122 ad
1780 5069 2064 5139 paeniten-

412 5159 555 5212 tiam
610 5157 952 5223 deducatur,
1004 5172 1106 5228 per
1148 5172 1432 5211 manuum
1463 5154 1823 5213 ablutionem
1860 5174 1874 5212 :
1907 5158 2061 5228 quod

483 5337 527 5372 ⁶⁰
559 5337 690 5393 Luc.
723 5353 782 5400 ιι,
815 5337 906 5393 35.

483 5490 594 5555 (49)
626 5490 757 5561 Reg.
790 5489 847 5555 2,
878 5485 1197 5561 ὠμμάτωσα
1227 5483 1290 5561 ἐν-
1319 5478 1608 5561 Σαϐβάτῳ.

481 5554 594 5632 (50)
630 5554 878 5632 ΙιιῖΗβεζ.
909 5554 1069 5615 2.Ἀῑ
1098 5559 1237 5632 Reg.
1269 5557 1322 5628 4,
1354 5554 1578 5632 νούτων·
1613 5555 1742 5632 ἀλλ’
1771 5556 1944 5623 ὅπως.

481 5629 592 5710 (51)
634 5637 763 5688 Haec
794 5629 972 5706 λόγχῃ
1001 5629 1350 5704 νυττόμενον,
1382 5630 1597 5686 desunt
1626 5630 1686 5688 in
1717 5635 1856 5706 Reg.
1890 5634 1944 5692 ‘l.

2196 3308 2376 3358 μενον,
2410 3285 2608 3341 πλάνον
2639 3285 3064 3358 ἀνομαζόμενλν,
3097 3291 3355 3362 σφραγῖσι
3400 3284 3768 3359 καταδεσμούμε-

2190 3395 2303 3444 νον»
2337 3373 2740 3450 φρουρούμενον
2772 3373 2990 3450 φύλαξι.
3018 3374 3110 3428 Καὶ
3136 3374 3484 3447 ἁπαξαπλῶς,
3517 3382 3605 3429 πᾶν
3629 3372 3768 3447 ἀλγει-

2189 3463 2278 3518 νὸν
2312 3464 2398 3518 καὶ
2430 3463 2646 3536 ἀτιμίας
2689 3461 3014 3540 ἐμφαντικὸν
3064 3463 3146 3518 ἐπ’
3205 3463 3354 3536 αὐτῷ
3401 3465 3600 3537 κατόψει
3643 3482 3767 3533 13:21-

2187 3552 2413 3625 τόμενον
2469 3553 2586 3625 μεθ’
2637 3545 2966 3626 ὑπερϐολῆς·
3015 3548 3104 3606 διὰ
3156 3556 3348 3624 ταῦτα,
3384 3559 3476 3608 σοῦ
3518 3554 3602 3620 τήν
3627 3553 3767 3625 ψυχὴν

2191 3637 2516 3696 διελεύσεται
2565 3640 2824 3717 ῥομιραίω
2895 3637 2982 3694 διὰ
3023 3645 3189 3695 ταῦτα
3232 3639 3484 3704 κλαύσεις
3528 3643 3604 3696 καὶ
3645 3641 3763 3712 κᾴψῃ,

2186 3731 2273 3784 καὶ
2306 3732 2394 3784 οἷα
2454 3731 2638 3805 μήτηρ
2687 3731 2972 3804 θρηνήσεις
3018 3727 3104 3783 ἐπὶ
3156 3730 3288 3802 Υἱῷ,
3338 3732 3425 3786 τὸν
3456 3734 3551 3786 τῶν
3590 3727 3767 3802 saxo-3p-

2187 3841 2298 3893 γων
2365 3819 2687 3892 ὑπομένοντι
2733 3820 2974 3882 θάνατον·
3029 3817 3271 3892 μάλιστα
3317 3821 3444 3882 τοὺς
3487 3818 3766 3894 ἀπορῥήτους

2187 3909 2422 3972 ἐκείνους
2456 3912 2573 3964 καθ’
2606 3910 2800 3979 ἑαυτὴν
2833 3907 3180 3964 ἀνελίττουσα
3236 3909 3544 3986 λογισμοῦς·
3588 3910 3698 3976 οἷον,
3721 3906 3766 3958 τὸ

2183 4003 2278 4054 τοῦ
2327 3994 2570 4074 Γαϐριὴλ
2606 3996 2935 4074 εὐαγγέλιον,
2966 4000 3064 4066 τὴν
3101 4000 3341 4074 ἄσπορον
3375 3997 3624 4071 σύλληψιν
3664 3998 3763 4069 (5‘2),

2179 4088 2272 4142 τὸν
2329 4087 2486 4142 τόκον
2536 4089 2625 4142 τὸν
2689 4087 2948 4164 ἄφθορον,
2999 4088 3098 4155 τὴν
3145 4086 3348 4144 ἄσυλον
3410 4087 3677 4163 παρθενίαν,
3719 4082 3765 4136 τὸ

2184 4175 2488 4248 ἀμόλυντον
2520 4179 2618 4244 τῆς
2650 4176 2884 4250 ἁγνείας,
2915 4176 2977 4230 τὸ
3029 4174 3198 4248 μηδὲν
3232 4180 3418 4232 παθεῖν
3468 4177 3517 4230 ἐν
3545 4181 3612 4246 τῷ
3651 4171 3761 4240 τόκῳ

2181 4269 2407 4338 φυσικοῦ
2437 4265 2610 4338 νόμου
2641 4264 2729 4318 καὶ
2765 4267 3033 4338 μητρικῇς
3063 4263 3415 4331 ἀκολουθίας,
3467 4263 3548 4319 διὰ
3596 4267 3674 4317 τοῦ
3697 4259 3760 4314 καὶ

2178 4355 2284 4430 πρὸ
2313 4353 2474 4409 τόκου
2504 4354 2593 4408 καὶ
2630 4353 2762 4426 μετὰ
2790 4352 2945 4407 rex-2v
2982 4364 3240 4428 παρθενον
3277 4354 3526 4416 ὡσαύτως
3553 4353 3630 4407 καὶ
3658 4349 3758 4404 εἶναι

2177 4445 2265 4498 καὶ
2281 4443 2284 4446 ’
2302 4449 2477 4516 μεῖναι
2503 4441 2970 4512 παναληθέστατα.

2251 4536 2338 4588 18.
2374 4557 2401 4583 ‹‹
2451 4534 2637 4592 ’Όπως
2690 4529 2748 4584 ἂν
2797 4529 3253 4607 ἀποκαλυφθῶσιν
3307 4530 3364 4586 ἐκ
3406 4530 3607 4586 πολλῶν
3662 4546 3758 4600 καρ-

2179 4617 2305 4675 3.th
2359 4619 2730 4695 διαλογισμοί.
2803 4646 2829 4669 ››
2879 4617 3421 4698 ’Δποκαλυσρθιςσεται
3465 4620 3558 4693 γὰρ
3600 4617 3760 4687 Πέτρον

2181 4710 2275 4782 μὶν
2305 4711 2332 4763 ὁ
2366 4708 2532 4782 πυρὸς
2564 4710 2699 4770 τὲως
2896 4708 3219 4782 θερμότερος
3257 4705 3443 4777 ζῆλος,
3474 4705 3676 4782 χλιαρὸς
3698 4723 3759 4762 τις

2175 4799 2263 4854 καὶ
2296 4799 2407 4853 οἷον
2465 4797 2778 4873 ύπόψυχρος
2830 4794 2918 4851 διὰ
2973 4803 3073 4866 τῆς
3121 4796 3418 4872 ἀρνήσεως·
3479 4797 3692 4854 Ἰωάννου
3716 4787 3758 4843 δὶ

2175 4888 2264 4943 καὶ
2325 4882 2584 4944 Ἰακώϐου
2637 4887 2724 4941 καὶ
2782 4891 2889 4940 τῶν
2952 4884 3158 4940 λοιπῷ-,ρ
3219 4884 3307 4940 διὰ
3348 4890 3444 4950 τῆς
3491 4881 3755 4962 sufﬁgit

2174 4977 2398 5053 ἀφὲοτες
2444 4975 2625 5046 αὐτὸν,
2674 4978 2900 5036 ἅπαντες
2946 4971 3165 5052 ἔφυγον,
3214 4976 3428 5028 πάντων
3474 4973 3632 5044 ὣσπερ
3673 4972 3753 5022 τῶν

2178 5067 2440 5142 μεγίστων
2490 5064 2774 5138 θαυμάτων
2828 5063 3231 5136 ἐπιλαθόμενοι.
3284 5064 3379 5117 Καὶ
3427 5062 3490 5116 αὖ
3528 5058 3666 5114 πάλιν
3710 5055 3755 5109 ἐκ

2171 5159 2268 5211 τοῦ
2317 5153 2559 5210 ἐναντίου
2600 5150 3109 5229 ἀποκαλυφθήσεται
3163 5149 3396 5213 Πιλᾶτος
3436 5151 3523 5224 μὶν
3574 5148 3637 5208 εἰς
3683 5144 3752 5197 τὸν

2257 5489 2328 5546 52
2383 5488 2522 5562 Reg.
2555 5491 2609 5561 2,
2639 5485 2731 5544 τὸν
2763 5484 3072 5562 ἀπόρρητον
3106 5479 3397 5556 σύλληψιν.

2233 5489 2349 5633 ἕὸΒί
2378 5566 2465 5617 Ita
2495 5561 2635 5633 Reg.
2667 5564 2721 5616 2.
2756 5561 2894 5633 Reg.
2929 5576 3062 5623 vero
3096 5559 3146 5630 1,
3177 5557 3204 5611 ὁ
3251 5551 3504 5631 διάπυρος
3552 5555 3633 5606 καῖ

2211 5551 2346 5688 όζδε)
2378 5551 2635 5703 ΙῐεέἬοέ.
2667 5564 2721 5616 2.
2756 5551 3062 5634 Reg'.'vero
3096 5559 3146 5630 1,
3177 5557 3204 5611 δ
3251 5551 3504 5631 διάπυρος
3552 5555 3633 5606 καῖ
3657 5560 3747 5620 θερ-

2168 5651 2209 5706 μ
2243 5651 2400 5695 τατος
2467 5672 2480 5685 .
2554 5703 2561 5706 _
