  <div class='ocr_page' id='page_1' title='image "/cluster/home/n/w/nwhite01/storage/ocr_20150623/28/hvd.32044052794351/505.png"; bbox 0 0 4026 6204; ppageno 0'>
   <div class='ocr_carea' id='block_1_1' title="bbox 477 335 595 394">
    <p class='ocr_par' dir='ltr' id='par_1_1' title="bbox 477 335 595 394">
     <span class='ocr_line' id='line_1_1' title="bbox 477 335 595 394; baseline -0.008 0"><span class='ocrx_word' id='word_1_1' title='bbox 477 335 595 394; x_wconf 83' lang='lat'><strong>999</strong></span> 
     </span>
    </p>
   </div>
   <div class='ocr_carea' id='block_1_2' title="bbox 1637 321 2710 387">
    <p class='ocr_par' dir='ltr' id='par_1_2' title="bbox 1637 321 2710 387">
     <span class='ocr_line' id='line_1_2' title="bbox 1637 321 2710 387; baseline 0.001 -4"><span class='ocrx_word' id='word_1_2' title='bbox 1637 322 1698 383; x_wconf 93' lang='lat' dir='ltr'><strong>S.</strong></span> <span class='ocrx_word' id='word_1_3' title='bbox 1751 321 2271 384; x_wconf 80' lang='lat' dir='ltr'><strong>ATHANASIUS.</strong></span> <span class='ocrx_word' id='word_1_4' title='bbox 2290 358 2365 367; x_wconf 98' lang='lat'>—</span> <span class='ocrx_word' id='word_1_5' title='bbox 2396 323 2710 387; x_wconf 79' lang='lat' dir='ltr'><strong>SPUBIA.</strong></span> 
     </span>
    </p>
   </div>
   <div class='ocr_carea' id='block_1_3' title="bbox 3679 339 3796 398">
    <p class='ocr_par' dir='ltr' id='par_1_3' title="bbox 3679 339 3796 398">
     <span class='ocr_line' id='line_1_3' title="bbox 3679 339 3796 398; baseline 0.026 -3"><span class='ocrx_word' id='word_1_6' title='bbox 3679 339 3796 398; x_wconf 70' lang='lat'><strong>1000</strong></span> 
     </span>
    </p>
   </div>
   <div class='ocr_carea' id='block_1_4' title="bbox 479 451 2106 538">
    <p class='ocr_par' dir='ltr' id='par_1_4' title="bbox 479 452 2106 534">
     <span class='ocr_line' id='line_1_4' title="bbox 479 452 2106 534; baseline -0.008 -12"><span class='ocrx_word' id='word_1_7' title='bbox 479 481 665 522; x_wconf 68' lang='lat' dir='ltr'><strong>causa</strong></span> <span class='ocrx_word' id='word_1_8' title='bbox 697 466 786 518; x_wconf 88' lang='lat' dir='ltr'><strong>est</strong></span> <span class='ocrx_word' id='word_1_9' title='bbox 805 461 960 534; x_wconf 89' lang='lat' dir='ltr'><strong>quod</strong></span> <span class='ocrx_word' id='word_1_10' title='bbox 991 459 1134 515; x_wconf 87' lang='lat' dir='ltr'><strong>adeo</strong></span> <span class='ocrx_word' id='word_1_11' title='bbox 1165 461 1502 513; x_wconf 85' lang='lat' dir='ltr'><strong>accuratam</strong></span> <span class='ocrx_word' id='word_1_12' title='bbox 1533 454 1894 527; x_wconf 82' lang='lat' dir='ltr'><strong>evangelista</strong></span> <span class='ocrx_word' id='word_1_13' title='bbox 1914 452 2106 509; x_wconf 80' lang='lat' dir='ltr'><strong>fecerit</strong></span> 
     </span>
    </p>
   </div>
   <div class='ocr_carea' id='block_1_5' title="bbox 2213 451 3789 538">
    <p class='ocr_par' dir='ltr' id='par_1_5' title="bbox 2227 451 3789 538">
     <span class='ocr_line' id='line_1_5' title="bbox 2227 451 3789 538; baseline 0.01 -32"><span class='ocrx_word' id='word_1_14' title='bbox 2227 453 2482 525; x_wconf 81' lang='grc' dir='ltr'>τοιαύτην</span> <span class='ocrx_word' id='word_1_15' title='bbox 2540 451 2737 530; x_wconf 79' lang='grc' dir='ltr'>ἀκριϐῆ</span> <span class='ocrx_word' id='word_1_16' title='bbox 2797 458 2923 532; x_wconf 86' lang='grc' dir='ltr'>περὶ</span> <span class='ocrx_word' id='word_1_17' title='bbox 2968 465 3069 528; x_wconf 87' lang='grc' dir='ltr'>τῆς</span> <span class='ocrx_word' id='word_1_18' title='bbox 3123 458 3458 538; x_wconf 67' lang='grc' dir='ltr'>προφηιιδος</span> <span class='ocrx_word' id='word_1_19' title='bbox 3503 462 3675 534; x_wconf 49' lang='lat' dir='ltr'><strong>tam:</strong></span> <span class='ocrx_word' id='word_1_20' title='bbox 3719 471 3789 521; x_wconf 82' lang='grc' dir='ltr'>τὸν</span> 
     </span>
    </p>
   </div>
   <div class='ocr_carea' id='block_1_6' title="bbox 476 546 2117 624">
    <p class='ocr_par' dir='ltr' id='par_1_6' title="bbox 476 546 2117 624">
     <span class='ocr_line' id='line_1_6' title="bbox 476 546 2117 624; baseline -0.008 -14"><span class='ocrx_word' id='word_1_21' title='bbox 476 553 652 624; x_wconf 83' lang='lat' dir='ltr'><strong>hujus</strong></span> <span class='ocrx_word' id='word_1_22' title='bbox 678 549 1058 623; x_wconf 62' lang='lat' dir='ltr'><strong>prophetissa</strong></span> <span class='ocrx_word' id='word_1_23' title='bbox 1108 546 1540 613; x_wconf 78' lang='lat' dir='ltr'><strong>narrationem;</strong></span> <span class='ocrx_word' id='word_1_24' title='bbox 1589 549 1654 600; x_wconf 94' lang='lat' dir='ltr'><strong>ut</strong></span> <span class='ocrx_word' id='word_1_25' title='bbox 1699 549 1756 599; x_wconf 91' lang='lat' dir='ltr'><strong>et</strong></span> <span class='ocrx_word' id='word_1_26' title='bbox 1804 547 2029 616; x_wconf 78' lang='lat' dir='ltr'><strong>patrem</strong></span> <span class='ocrx_word' id='word_1_27' title='bbox 2061 546 2117 598; x_wconf 89' lang='lat' dir='ltr'><strong>et</strong></span> 
     </span>
    </p>
   </div>
   <div class='ocr_carea' id='block_1_7' title="bbox 474 632 2114 711">
    <p class='ocr_par' dir='ltr' id='par_1_7' title="bbox 474 632 2114 711">
     <span class='ocr_line' id='line_1_7' title="bbox 474 632 2114 711; baseline -0.007 -13"><span class='ocrx_word' id='word_1_28' title='bbox 474 641 754 698; x_wconf 81' lang='lat' dir='ltr'><strong>familiam</strong></span> <span class='ocrx_word' id='word_1_29' title='bbox 789 641 917 711; x_wconf 86' lang='lat' dir='ltr'><strong>ejus</strong></span> <span class='ocrx_word' id='word_1_30' title='bbox 957 636 1385 700; x_wconf 80' lang='lat' dir='ltr'><strong>memoraverit,</strong></span> <span class='ocrx_word' id='word_1_31' title='bbox 1419 635 1573 706; x_wconf 87' lang='lat' dir='ltr'><strong>quod</strong></span> <span class='ocrx_word' id='word_1_32' title='bbox 1603 633 1696 688; x_wconf 84' lang='lat' dir='ltr'><strong>vix</strong></span> <span class='ocrx_word' id='word_1_33' title='bbox 1728 633 1798 689; x_wconf 91' lang='lat' dir='ltr'><strong>de</strong></span> <span class='ocrx_word' id='word_1_34' title='bbox 1827 632 1939 689; x_wconf 90' lang='lat' dir='ltr'><strong>alio</strong></span> <span class='ocrx_word' id='word_1_35' title='bbox 1971 648 2114 704; x_wconf 86' lang='lat' dir='ltr'><strong>quo-</strong></span> 
     </span>
    </p>
   </div>
   <div class='ocr_carea' id='block_1_8' title="bbox 471 723 2113 803">
    <p class='ocr_par' dir='ltr' id='par_1_8' title="bbox 471 723 2113 803">
     <span class='ocr_line' id='line_1_8' title="bbox 471 723 2113 803; baseline -0.007 -17"><span class='ocrx_word' id='word_1_36' title='bbox 471 747 649 803; x_wconf 87' lang='lat' dir='ltr'><strong>quam</strong></span> <span class='ocrx_word' id='word_1_37' title='bbox 682 729 1041 803; x_wconf 80' lang='lat' dir='ltr'><strong>reperiatur?</strong></span> <span class='ocrx_word' id='word_1_38' title='bbox 1061 728 1208 782; x_wconf 83' lang='lat' dir='ltr'><strong>Sane</strong></span> <span class='ocrx_word' id='word_1_39' title='bbox 1230 730 1447 780; x_wconf 79' lang='lat' dir='ltr'><strong>certum</strong></span> <span class='ocrx_word' id='word_1_40' title='bbox 1472 725 1717 794; x_wconf 84' lang='lat' dir='ltr'><strong>hujusce</strong></span> <span class='ocrx_word' id='word_1_41' title='bbox 1748 723 1830 778; x_wconf 85' lang='lat' dir='ltr'><strong>rei</strong></span> <span class='ocrx_word' id='word_1_42' title='bbox 1851 738 2113 791; x_wconf 87' lang='lat' dir='ltr'><strong>causam,</strong></span> 
     </span>
    </p>
   </div>
   <div class='ocr_carea' id='block_1_9' title="bbox 471 811 2116 883">
    <p class='ocr_par' dir='ltr' id='par_1_9' title="bbox 471 811 2116 883">
     <span class='ocr_line' id='line_1_9' title="bbox 471 811 2116 883; baseline -0.007 -6"><span class='ocrx_word' id='word_1_43' title='bbox 471 821 632 877; x_wconf 89' lang='lat' dir='ltr'><strong>solus</strong></span> <span class='ocrx_word' id='word_1_44' title='bbox 663 819 885 875; x_wconf 85' lang='lat' dir='ltr'><strong>noverit</strong></span> <span class='ocrx_word' id='word_1_45' title='bbox 933 821 1273 873; x_wconf 90' lang='lat' dir='ltr'><strong>sanctorum</strong></span> <span class='ocrx_word' id='word_1_46' title='bbox 1322 813 1496 881; x_wconf 83' lang='lat' dir='ltr'><strong>Deus,</strong></span> <span class='ocrx_word' id='word_1_47' title='bbox 1531 813 1688 883; x_wconf 90' lang='lat' dir='ltr'><strong>iique</strong></span> <span class='ocrx_word' id='word_1_48' title='bbox 1737 811 1836 882; x_wconf 90' lang='lat' dir='ltr'><strong>qui</strong></span> <span class='ocrx_word' id='word_1_49' title='bbox 1869 827 1937 866; x_wconf 88' lang='lat' dir='ltr'><strong>ex</strong></span> <span class='ocrx_word' id='word_1_50' title='bbox 1987 812 2116 879; x_wconf 85' lang='lat' dir='ltr'><strong>ejus</strong></span> 
     </span>
    </p>
   </div>
   <div class='ocr_carea' id='block_1_10' title="bbox 469 897 2112 983">
    <p class='ocr_par' dir='ltr' id='par_1_10' title="bbox 469 897 2112 983">
     <span class='ocr_line' id='line_1_10' title="bbox 469 897 2112 983; baseline -0.009 -17"><span class='ocrx_word' id='word_1_51' title='bbox 469 911 726 983; x_wconf 82' lang='lat' dir='ltr'><strong>Spiritus</strong></span> <span class='ocrx_word' id='word_1_52' title='bbox 785 908 1064 963; x_wconf 88' lang='lat' dir='ltr'><strong>instinctu</strong></span> <span class='ocrx_word' id='word_1_53' title='bbox 1125 904 1468 976; x_wconf 86' lang='lat' dir='ltr'><strong>loquuntur,</strong></span> <span class='ocrx_word' id='word_1_54' title='bbox 1551 900 1827 973; x_wconf 87' lang='lat' dir='ltr'><strong>mysteria</strong></span> <span class='ocrx_word' id='word_1_55' title='bbox 1903 897 2112 967; x_wconf 89' lang='lat' dir='ltr'><strong>edocti,</strong></span> 
     </span>
    </p>
   </div>
   <div class='ocr_carea' id='block_1_11' title="bbox 463 986 2116 1070">
    <p class='ocr_par' dir='ltr' id='par_1_11' title="bbox 463 986 2116 1070">
     <span class='ocr_line' id='line_1_11' title="bbox 463 986 2116 1070; baseline -0.007 -15"><span class='ocrx_word' id='word_1_56' title='bbox 463 999 635 1070; x_wconf 81' lang='lat' dir='ltr'><strong>juxta</strong></span> <span class='ocrx_word' id='word_1_57' title='bbox 665 997 926 1054; x_wconf 89' lang='lat' dir='ltr'><strong>divinum</strong></span> <span class='ocrx_word' id='word_1_58' title='bbox 972 993 1340 1066; x_wconf 82' lang='lat' dir='ltr'><strong>Apostolum.</strong></span> <span class='ocrx_word' id='word_1_59' title='bbox 1393 995 1524 1046; x_wconf 63' lang='lat' dir='ltr'><strong>Haec</strong></span> <span class='ocrx_word' id='word_1_60' title='bbox 1575 1005 1744 1062; x_wconf 89' lang='lat' dir='ltr'><strong>porro</strong></span> <span class='ocrx_word' id='word_1_61' title='bbox 1776 986 2116 1060; x_wconf 80' lang='lat' dir='ltr'><strong>prOphetica</strong></span> 
     </span>
    </p>
   </div>
   <div class='ocr_carea' id='block_1_12' title="bbox 471 1077 2112 1158">
    <p class='ocr_par' dir='ltr' id='par_1_12' title="bbox 471 1077 2112 1158">
     <span class='ocr_line' id='line_1_12' title="bbox 471 1077 2112 1158; baseline -0.009 -13"><span class='ocrx_word' id='word_1_62' title='bbox 471 1088 622 1144; x_wconf 75' lang='lat'><strong>805</strong></span> <span class='ocrx_word' id='word_1_63' title='bbox 669 1086 899 1158; x_wconf 85' lang='lat' dir='ltr'><strong>fulgens</strong></span> <span class='ocrx_word' id='word_1_64' title='bbox 930 1084 1135 1157; x_wconf 87' lang='lat' dir='ltr'><strong>gratia,</strong></span> <span class='ocrx_word' id='word_1_65' title='bbox 1168 1083 1241 1137; x_wconf 90' lang='lat' dir='ltr'><strong>iis</strong></span> <span class='ocrx_word' id='word_1_66' title='bbox 1271 1081 1371 1153; x_wconf 91' lang='lat' dir='ltr'><strong>qui</strong></span> <span class='ocrx_word' id='word_1_67' title='bbox 1403 1079 1463 1135; x_wconf 87' lang='lat' dir='ltr'><strong>in</strong></span> <span class='ocrx_word' id='word_1_68' title='bbox 1490 1079 1816 1136; x_wconf 78' lang='lat' dir='ltr'><strong>Jerusalem</strong></span> <span class='ocrx_word' id='word_1_69' title='bbox 1849 1077 2112 1148; x_wconf 88' lang='lat' dir='ltr'><strong>redemp-</strong></span> 
     </span>
    </p>
   </div>
   <div class='ocr_carea' id='block_1_13' title="bbox 468 1167 2114 1246">
    <p class='ocr_par' dir='ltr' id='par_1_13' title="bbox 468 1167 2114 1246">
     <span class='ocr_line' id='line_1_13' title="bbox 468 1167 2114 1246; baseline -0.007 -15"><span class='ocrx_word' id='word_1_70' title='bbox 468 1178 685 1233; x_wconf 88' lang='lat' dir='ltr'><strong>tionem</strong></span> <span class='ocrx_word' id='word_1_71' title='bbox 719 1173 1152 1246; x_wconf 83' lang='lat' dir='ltr'><strong>exspectabant,</strong></span> <span class='ocrx_word' id='word_1_72' title='bbox 1187 1188 1219 1226; x_wconf 91' lang='lat' dir='ltr'><strong>a</strong></span> <span class='ocrx_word' id='word_1_73' title='bbox 1244 1173 1353 1226; x_wconf 89' lang='lat' dir='ltr'><strong>Deo</strong></span> <span class='ocrx_word' id='word_1_74' title='bbox 1383 1170 1580 1224; x_wconf 87' lang='lat' dir='ltr'><strong>datam</strong></span> <span class='ocrx_word' id='word_1_75' title='bbox 1605 1167 1883 1222; x_wconf 71' lang='lat' dir='ltr'><strong>afferebat</strong></span> <span class='ocrx_word' id='word_1_76' title='bbox 1911 1180 2114 1221; x_wconf 86' lang='lat' dir='ltr'><strong>conso-</strong></span> 
     </span>
    </p>
   </div>
   <div class='ocr_carea' id='block_1_14' title="bbox 467 1255 2114 1332">
    <p class='ocr_par' dir='ltr' id='par_1_14' title="bbox 467 1255 2114 1332">
     <span class='ocr_line' id='line_1_14' title="bbox 467 1255 2114 1332; baseline -0.008 -11"><span class='ocrx_word' id='word_1_77' title='bbox 467 1265 766 1332; x_wconf 83' lang='lat' dir='ltr'><strong>lationem,</strong></span> <span class='ocrx_word' id='word_1_78' title='bbox 791 1281 920 1320; x_wconf 91' lang='lat' dir='ltr'><strong>cum</strong></span> <span class='ocrx_word' id='word_1_79' title='bbox 949 1262 1186 1327; x_wconf 87' lang='lat' dir='ltr'><strong>diceret,</strong></span> <span class='ocrx_word' id='word_1_80' title='bbox 1221 1259 1472 1315; x_wconf 87' lang='lat' dir='ltr'><strong>universi</strong></span> <span class='ocrx_word' id='word_1_81' title='bbox 1496 1256 1800 1314; x_wconf 86' lang='lat' dir='ltr'><strong>advenisse</strong></span> <span class='ocrx_word' id='word_1_82' title='bbox 1831 1255 2114 1326; x_wconf 81' lang='lat' dir='ltr'><strong>Redemp-</strong></span> 
     </span>
    </p>
   </div>
   <div class='ocr_carea' id='block_1_15' title="bbox 470 1347 2112 1425">
    <p class='ocr_par' dir='ltr' id='par_1_15' title="bbox 470 1347 2112 1425">
     <span class='ocr_line' id='line_1_15' title="bbox 470 1347 2112 1425; baseline -0.006 -15"><span class='ocrx_word' id='word_1_83' title='bbox 470 1363 673 1425; x_wconf 86' lang='lat' dir='ltr'><strong>torem,</strong></span> <span class='ocrx_word' id='word_1_84' title='bbox 706 1353 1090 1424; x_wconf 90' lang='lat' dir='ltr'><strong>omniumque</strong></span> <span class='ocrx_word' id='word_1_85' title='bbox 1138 1350 1489 1406; x_wconf 66' lang='lat' dir='ltr'><strong>Salvatorem</strong></span> <span class='ocrx_word' id='word_1_86' title='bbox 1540 1347 1770 1402; x_wconf 85' lang='lat' dir='ltr'><strong>venisse</strong></span> <span class='ocrx_word' id='word_1_87' title='bbox 1821 1351 1880 1401; x_wconf 90' lang='lat' dir='ltr'><strong>et</strong></span> <span class='ocrx_word' id='word_1_88' title='bbox 1930 1361 2112 1416; x_wconf 88' lang='lat' dir='ltr'><strong>appa-</strong></span> 
     </span>
    </p>
   </div>
   <div class='ocr_carea' id='block_1_16' title="bbox 469 1435 2110 1515">
    <p class='ocr_par' dir='ltr' id='par_1_16' title="bbox 469 1435 2110 1515">
     <span class='ocr_line' id='line_1_16' title="bbox 469 1435 2110 1515; baseline -0.007 -16"><span class='ocrx_word' id='word_1_89' title='bbox 469 1445 680 1515; x_wconf 83' lang='lat' dir='ltr'><strong>ruisse,</strong></span> <span class='ocrx_word' id='word_1_90' title='bbox 698 1460 868 1499; x_wconf 90' lang='lat' dir='ltr'><strong>suam</strong></span> <span class='ocrx_word' id='word_1_91' title='bbox 893 1443 1335 1513; x_wconf 89' lang='lat' dir='ltr'><strong>redempturum</strong></span> <span class='ocrx_word' id='word_1_92' title='bbox 1363 1436 1703 1508; x_wconf 84' lang='lat' dir='ltr'><strong>imaginem,</strong></span> <span class='ocrx_word' id='word_1_93' title='bbox 1726 1435 2110 1490; x_wconf 88' lang='lat' dir='ltr'><strong>liberaturum</strong></span> 
     </span>
    </p>
   </div>
   <div class='ocr_carea' id='block_1_17' title="bbox 467 1521 2111 1604">
    <p class='ocr_par' dir='ltr' id='par_1_17' title="bbox 467 1521 2111 1604">
     <span class='ocr_line' id='line_1_17' title="bbox 467 1521 2111 1604; baseline -0.008 -15"><span class='ocrx_word' id='word_1_94' title='bbox 467 1533 623 1604; x_wconf 88' lang='lat' dir='ltr'><strong>quod</strong></span> <span class='ocrx_word' id='word_1_95' title='bbox 656 1531 996 1589; x_wconf 85' lang='lat' dir='ltr'><strong>condiderat</strong></span> <span class='ocrx_word' id='word_1_96' title='bbox 1024 1528 1345 1601; x_wconf 86' lang='lat' dir='ltr'><strong>opiﬁcium.</strong></span> <span class='ocrx_word' id='word_1_97' title='bbox 1390 1524 1610 1580; x_wconf 88' lang='lat' dir='ltr'><strong>Idcirco</strong></span> <span class='ocrx_word' id='word_1_98' title='bbox 1659 1523 1817 1579; x_wconf 90' lang='lat' dir='ltr'><strong>enim</strong></span> <span class='ocrx_word' id='word_1_99' title='bbox 1843 1521 2111 1577; x_wconf 82' lang='lat' dir='ltr'><strong>Christus</strong></span> 
     </span>
    </p>
   </div>
   <div class='ocr_carea' id='block_1_18' title="bbox 465 1612 2110 1690">
    <p class='ocr_par' dir='ltr' id='par_1_18' title="bbox 465 1612 2110 1690">
     <span class='ocr_line' id='line_1_18' title="bbox 465 1612 2110 1690; baseline -0.008 -12"><span class='ocrx_word' id='word_1_100' title='bbox 465 1622 638 1678; x_wconf 87' lang='lat' dir='ltr'><strong>Jesus</strong></span> <span class='ocrx_word' id='word_1_101' title='bbox 667 1625 925 1688; x_wconf 84' lang='lat' dir='ltr'><strong>vocatur,</strong></span> <span class='ocrx_word' id='word_1_102' title='bbox 979 1618 1272 1690; x_wconf 90' lang='lat' dir='ltr'><strong>siquidem</strong></span> <span class='ocrx_word' id='word_1_103' title='bbox 1321 1616 1496 1672; x_wconf 90' lang='lat' dir='ltr'><strong>Jesus</strong></span> <span class='ocrx_word' id='word_1_104' title='bbox 1535 1613 1798 1671; x_wconf 89' lang='lat' dir='ltr'><strong>Salvator</strong></span> <span class='ocrx_word' id='word_1_105' title='bbox 1826 1612 2110 1683; x_wconf 89' lang='lat' dir='ltr'><strong>interpre-</strong></span> 
     </span>
    </p>
   </div>
   <div class='ocr_carea' id='block_1_19' title="bbox 466 1714 645 1767">
    <p class='ocr_par' dir='ltr' id='par_1_19' title="bbox 466 1714 645 1767">
     <span class='ocr_line' id='line_1_19' title="bbox 466 1714 645 1767; baseline 0 -2"><span class='ocrx_word' id='word_1_106' title='bbox 466 1714 645 1767; x_wconf 89' lang='lat' dir='ltr'><strong>tatur.</strong></span> 
     </span>
    </p>
   </div>
   <div class='ocr_carea' id='block_1_20' title="bbox 534 1789 2109 1868">
    <p class='ocr_par' dir='ltr' id='par_1_20' title="bbox 534 1789 2109 1868">
     <span class='ocr_line' id='line_1_20' title="bbox 534 1789 2109 1868; baseline -0.006 -14"><span class='ocrx_word' id='word_1_107' title='bbox 534 1801 624 1856; x_wconf 88' lang='lat'><strong>20.</strong></span> <span class='ocrx_word' id='word_1_108' title='bbox 660 1800 760 1855; x_wconf 86' lang='lat' dir='ltr'><strong>His</strong></span> <span class='ocrx_word' id='word_1_109' title='bbox 791 1799 1068 1856; x_wconf 89' lang='lat' dir='ltr'><strong>omnibus</strong></span> <span class='ocrx_word' id='word_1_110' title='bbox 1089 1798 1169 1853; x_wconf 91' lang='lat' dir='ltr'><strong>ita</strong></span> <span class='ocrx_word' id='word_1_111' title='bbox 1198 1795 1402 1868; x_wconf 83' lang='lat' dir='ltr'><strong>gestis,</strong></span> <span class='ocrx_word' id='word_1_112' title='bbox 1435 1793 1515 1849; x_wconf 83' lang='lat' dir='ltr'><strong>ita</strong></span> <span class='ocrx_word' id='word_1_113' title='bbox 1543 1791 1884 1860; x_wconf 85' lang='lat' dir='ltr'><strong>enuntiatis,</strong></span> <span class='ocrx_word' id='word_1_114' title='bbox 1909 1789 2109 1846; x_wconf 90' lang='lat' dir='ltr'><strong>obstu-</strong></span> 
     </span>
    </p>
   </div>
   <div class='ocr_carea' id='block_1_21' title="bbox 467 1880 2112 1962">
    <p class='ocr_par' dir='ltr' id='par_1_21' title="bbox 467 1880 2112 1962">
     <span class='ocr_line' id='line_1_21' title="bbox 467 1880 2112 1962; baseline -0.007 -16"><span class='ocrx_word' id='word_1_115' title='bbox 467 1890 740 1962; x_wconf 86' lang='lat' dir='ltr'><strong>pescebat</strong></span> <span class='ocrx_word' id='word_1_116' title='bbox 756 1889 854 1945; x_wconf 88' lang='lat' dir='ltr'><strong>Dei</strong></span> <span class='ocrx_word' id='word_1_117' title='bbox 875 1893 1062 1944; x_wconf 87' lang='lat' dir='ltr'><strong>mater</strong></span> <span class='ocrx_word' id='word_1_118' title='bbox 1083 1887 1284 1952; x_wconf 88' lang='lat' dir='ltr'><strong>Maria,</strong></span> <span class='ocrx_word' id='word_1_119' title='bbox 1308 1890 1364 1942; x_wconf 93' lang='lat' dir='ltr'><strong>et</strong></span> <span class='ocrx_word' id='word_1_120' title='bbox 1382 1884 1705 1939; x_wconf 87' lang='lat' dir='ltr'><strong>mirabatur</strong></span> <span class='ocrx_word' id='word_1_121' title='bbox 1721 1881 1821 1953; x_wconf 88' lang='lat' dir='ltr'><strong>qui</strong></span> <span class='ocrx_word' id='word_1_122' title='bbox 1841 1897 1959 1936; x_wconf 90' lang='lat' dir='ltr'><strong>una</strong></span> <span class='ocrx_word' id='word_1_123' title='bbox 1979 1880 2112 1935; x_wconf 88' lang='lat' dir='ltr'><strong>ade-</strong></span> 
     </span>
    </p>
   </div>
   <div class='ocr_carea' id='block_1_22' title="bbox 465 1972 2109 2051">
    <p class='ocr_par' dir='ltr' id='par_1_22' title="bbox 465 1972 2109 2051">
     <span class='ocr_line' id='line_1_22' title="bbox 465 1972 2109 2051; baseline -0.006 -16"><span class='ocrx_word' id='word_1_124' title='bbox 465 1984 556 2035; x_wconf 83' lang='lat' dir='ltr'><strong>rat</strong></span> <span class='ocrx_word' id='word_1_125' title='bbox 585 1979 823 2051; x_wconf 82' lang='lat' dir='ltr'><strong>Joseph.</strong></span> <span class='ocrx_word' id='word_1_126' title='bbox 877 1976 1140 2049; x_wconf 88' lang='lat' dir='ltr'><strong>Impletis</strong></span> <span class='ocrx_word' id='word_1_127' title='bbox 1172 1981 1366 2031; x_wconf 85' lang='lat' dir='ltr'><strong>tamen</strong></span> <span class='ocrx_word' id='word_1_128' title='bbox 1417 1974 1490 2029; x_wconf 90' lang='lat' dir='ltr'><strong>iis</strong></span> <span class='ocrx_word' id='word_1_129' title='bbox 1515 1990 1636 2044; x_wconf 79' lang='lat' dir='ltr'><strong>quae</strong></span> <span class='ocrx_word' id='word_1_130' title='bbox 1669 1972 1793 2043; x_wconf 84' lang='lat' dir='ltr'><strong>lege</strong></span> <span class='ocrx_word' id='word_1_131' title='bbox 1823 1973 2109 2042; x_wconf 69' lang='lat' dir='ltr'><strong>praecepta</strong></span> 
     </span>
    </p>
   </div>
   <div class='ocr_carea' id='block_1_23' title="bbox 463 2056 2109 2138">
    <p class='ocr_par' dir='ltr' id='par_1_23' title="bbox 463 2056 2109 2138">
     <span class='ocr_line' id='line_1_23' title="bbox 463 2056 2109 2138; baseline -0.007 -14"><span class='ocrx_word' id='word_1_132' title='bbox 463 2071 660 2136; x_wconf 80' lang='lat' dir='ltr'><strong>erant;</strong></span> <span class='ocrx_word' id='word_1_133' title='bbox 694 2065 988 2138; x_wconf 88' lang='lat' dir='ltr'><strong>siquidem</strong></span> <span class='ocrx_word' id='word_1_134' title='bbox 1022 2064 1258 2121; x_wconf 88' lang='lat' dir='ltr'><strong>advenit</strong></span> <span class='ocrx_word' id='word_1_135' title='bbox 1287 2063 1553 2118; x_wconf 87' lang='lat' dir='ltr'><strong>Christus</strong></span> <span class='ocrx_word' id='word_1_136' title='bbox 1584 2061 1783 2116; x_wconf 89' lang='lat' dir='ltr'><strong>omnia</strong></span> <span class='ocrx_word' id='word_1_137' title='bbox 1813 2076 1939 2130; x_wconf 73' lang='lat' dir='ltr'><strong>qua:</strong></span> <span class='ocrx_word' id='word_1_138' title='bbox 1963 2056 2109 2130; x_wconf 81' lang='lat' dir='ltr'><strong>legis</strong></span> 
     </span>
    </p>
   </div>
   <div class='ocr_carea' id='block_1_24' title="bbox 461 2149 2105 2226">
    <p class='ocr_par' dir='ltr' id='par_1_24' title="bbox 461 2149 2105 2226">
     <span class='ocr_line' id='line_1_24' title="bbox 461 2149 2105 2226; baseline -0.008 -12"><span class='ocrx_word' id='word_1_139' title='bbox 461 2161 605 2214; x_wconf 91' lang='lat' dir='ltr'><strong>sunt</strong></span> <span class='ocrx_word' id='word_1_140' title='bbox 622 2154 995 2226; x_wconf 89' lang='lat' dir='ltr'><strong>impleturus,</strong></span> <span class='ocrx_word' id='word_1_141' title='bbox 1021 2171 1086 2209; x_wconf 88' lang='lat' dir='ltr'><strong>ac</strong></span> <span class='ocrx_word' id='word_1_142' title='bbox 1109 2154 1283 2208; x_wconf 90' lang='lat' dir='ltr'><strong>ﬁnem</strong></span> <span class='ocrx_word' id='word_1_143' title='bbox 1315 2151 1461 2224; x_wconf 83' lang='lat' dir='ltr'><strong>legis</strong></span> <span class='ocrx_word' id='word_1_144' title='bbox 1487 2149 1790 2223; x_wconf 69' lang='lat' dir='ltr'><strong>praeceptis</strong></span> <span class='ocrx_word' id='word_1_145' title='bbox 1819 2149 2067 2203; x_wconf 88' lang='lat' dir='ltr'><strong>daturus</strong></span> <span class='ocrx_word' id='word_1_146' title='bbox 2091 2162 2105 2213; x_wconf 91' lang='lat'><strong>;</strong></span> 
     </span>
    </p>
   </div>
   <div class='ocr_carea' id='block_1_25' title="bbox 459 2239 2110 2315">
    <p class='ocr_par' dir='ltr' id='par_1_25' title="bbox 459 2239 2110 2315">
     <span class='ocr_line' id='line_1_25' title="bbox 459 2239 2110 2315; baseline -0.006 -14"><span class='ocrx_word' id='word_1_147' title='bbox 459 2246 522 2301; x_wconf 92' lang='lat' dir='ltr'><strong>in</strong></span> <span class='ocrx_word' id='word_1_148' title='bbox 554 2245 800 2304; x_wconf 86' lang='lat' dir='ltr'><strong>Nazaret</strong></span> <span class='ocrx_word' id='word_1_149' title='bbox 829 2244 1168 2315; x_wconf 81' lang='lat' dir='ltr'><strong>remigrant,</strong></span> <span class='ocrx_word' id='word_1_150' title='bbox 1197 2241 1293 2297; x_wconf 93' lang='lat' dir='ltr'><strong>ubi</strong></span> <span class='ocrx_word' id='word_1_151' title='bbox 1326 2259 1359 2296; x_wconf 91' lang='lat' dir='ltr'><strong>a</strong></span> <span class='ocrx_word' id='word_1_152' title='bbox 1389 2239 1655 2296; x_wconf 90' lang='lat' dir='ltr'><strong>Gabriele</strong></span> <span class='ocrx_word' id='word_1_153' title='bbox 1676 2239 1938 2294; x_wconf 80' lang='lat' dir='ltr'><strong>faustum</strong></span> <span class='ocrx_word' id='word_1_154' title='bbox 1963 2253 2110 2292; x_wconf 87' lang='lat' dir='ltr'><strong>nun-</strong></span> 
     </span>
    </p>
   </div>
   <div class='ocr_carea' id='block_1_26' title="bbox 461 2326 2105 2406">
    <p class='ocr_par' dir='ltr' id='par_1_26' title="bbox 461 2326 2105 2406">
     <span class='ocr_line' id='line_1_26' title="bbox 461 2326 2105 2406; baseline -0.006 -16"><span class='ocrx_word' id='word_1_155' title='bbox 461 2335 612 2390; x_wconf 91' lang='lat' dir='ltr'><strong>tium</strong></span> <span class='ocrx_word' id='word_1_156' title='bbox 653 2338 957 2406; x_wconf 87' lang='lat' dir='ltr'><strong>acceperat</strong></span> <span class='ocrx_word' id='word_1_157' title='bbox 985 2349 1054 2388; x_wconf 91' lang='lat' dir='ltr'><strong>ea</strong></span> <span class='ocrx_word' id='word_1_158' title='bbox 1083 2349 1210 2404; x_wconf 71' lang='lat' dir='ltr'><strong>quis</strong></span> <span class='ocrx_word' id='word_1_159' title='bbox 1241 2330 1599 2386; x_wconf 89' lang='lat' dir='ltr'><strong>Salvatorem</strong></span> <span class='ocrx_word' id='word_1_160' title='bbox 1634 2328 1852 2383; x_wconf 90' lang='lat' dir='ltr'><strong>mundo</strong></span> <span class='ocrx_word' id='word_1_161' title='bbox 1882 2326 2105 2398; x_wconf 88' lang='lat' dir='ltr'><strong>genuit,</strong></span> 
     </span>
    </p>
   </div>
   <div class='ocr_carea' id='block_1_27' title="bbox 465 2415 2110 2496">
    <p class='ocr_par' dir='ltr' id='par_1_27' title="bbox 465 2415 2110 2496">
     <span class='ocr_line' id='line_1_27' title="bbox 465 2415 2110 2496; baseline -0.006 -17"><span class='ocrx_word' id='word_1_162' title='bbox 465 2439 710 2496; x_wconf 65' lang='lat' dir='ltr'><strong>quisque</strong></span> <span class='ocrx_word' id='word_1_163' title='bbox 739 2423 866 2478; x_wconf 90' lang='lat' dir='ltr'><strong>sine</strong></span> <span class='ocrx_word' id='word_1_164' title='bbox 895 2421 1119 2478; x_wconf 91' lang='lat' dir='ltr'><strong>semine</strong></span> <span class='ocrx_word' id='word_1_165' title='bbox 1141 2419 1518 2490; x_wconf 91' lang='lat' dir='ltr'><strong>concipiendo</strong></span> <span class='ocrx_word' id='word_1_166' title='bbox 1549 2433 1858 2490; x_wconf 70' lang='lat' dir='ltr'><strong>praagnans</strong></span> <span class='ocrx_word' id='word_1_167' title='bbox 1890 2415 2020 2481; x_wconf 82' lang='lat' dir='ltr'><strong>fuit,</strong></span> <span class='ocrx_word' id='word_1_168' title='bbox 2052 2419 2110 2470; x_wconf 90' lang='lat' dir='ltr'><strong>et</strong></span> 
     </span>
    </p>
   </div>
   <div class='ocr_carea' id='block_1_28' title="bbox 465 2503 2107 2584">
    <p class='ocr_par' dir='ltr' id='par_1_28' title="bbox 465 2503 2107 2584">
     <span class='ocr_line' id='line_1_28' title="bbox 465 2503 2107 2584; baseline -0.005 -18"><span class='ocrx_word' id='word_1_169' title='bbox 465 2513 626 2584; x_wconf 92' lang='lat' dir='ltr'><strong>virgo</strong></span> <span class='ocrx_word' id='word_1_170' title='bbox 658 2517 791 2584; x_wconf 91' lang='lat' dir='ltr'><strong>post</strong></span> <span class='ocrx_word' id='word_1_171' title='bbox 818 2515 1051 2583; x_wconf 86' lang='lat' dir='ltr'><strong>partum</strong></span> <span class='ocrx_word' id='word_1_172' title='bbox 1087 2509 1326 2575; x_wconf 87' lang='lat' dir='ltr'><strong>mansit,</strong></span> <span class='ocrx_word' id='word_1_173' title='bbox 1347 2507 1800 2578; x_wconf 86' lang='lat' dir='ltr'><strong>videntibusque</strong></span> <span class='ocrx_word' id='word_1_174' title='bbox 1831 2503 2107 2560; x_wconf 90' lang='lat' dir='ltr'><strong>omnibus</strong></span> 
     </span>
    </p>
   </div>
   <div class='ocr_carea' id='block_1_29' title="bbox 464 2593 2106 2662">
    <p class='ocr_par' dir='ltr' id='par_1_29' title="bbox 464 2593 2106 2662">
     <span class='ocr_line' id='line_1_29' title="bbox 464 2593 2106 2662; baseline -0.007 -5"><span class='ocrx_word' id='word_1_175' title='bbox 464 2601 722 2657; x_wconf 87' lang='lat' dir='ltr'><strong>ostendit</strong></span> <span class='ocrx_word' id='word_1_176' title='bbox 751 2605 948 2656; x_wconf 85' lang='lat' dir='ltr'><strong>notum</strong></span> <span class='ocrx_word' id='word_1_177' title='bbox 988 2600 1206 2655; x_wconf 86' lang='lat' dir='ltr'><strong>factum</strong></span> <span class='ocrx_word' id='word_1_178' title='bbox 1237 2614 1367 2654; x_wconf 81' lang='lat' dir='ltr'><strong>esse</strong></span> <span class='ocrx_word' id='word_1_179' title='bbox 1415 2596 1673 2652; x_wconf 87' lang='lat' dir='ltr'><strong>salutare</strong></span> <span class='ocrx_word' id='word_1_180' title='bbox 1701 2593 1824 2662; x_wconf 89' lang='lat' dir='ltr'><strong>Dei,</strong></span> <span class='ocrx_word' id='word_1_181' title='bbox 1876 2595 2106 2648; x_wconf 90' lang='lat' dir='ltr'><strong>lumen-</strong></span> 
     </span>
    </p>
   </div>
   <div class='ocr_carea' id='block_1_30' title="bbox 465 2681 2107 2764">
    <p class='ocr_par' dir='ltr' id='par_1_30' title="bbox 465 2681 2107 2764">
     <span class='ocr_line' id='line_1_30' title="bbox 465 2681 2107 2764; baseline -0.006 -17"><span class='ocrx_word' id='word_1_182' title='bbox 465 2707 578 2762; x_wconf 88' lang='lat' dir='ltr'><strong>que</strong></span> <span class='ocrx_word' id='word_1_183' title='bbox 608 2689 882 2764; x_wconf 85' lang='lat' dir='ltr'><strong>gentibus</strong></span> <span class='ocrx_word' id='word_1_184' title='bbox 912 2688 1215 2754; x_wconf 78' lang='lat' dir='ltr'><strong>illuxisse;</strong></span> <span class='ocrx_word' id='word_1_185' title='bbox 1267 2686 1369 2742; x_wconf 91' lang='lat' dir='ltr'><strong>Dei</strong></span> <span class='ocrx_word' id='word_1_186' title='bbox 1402 2686 1541 2740; x_wconf 90' lang='lat' dir='ltr'><strong>item</strong></span> <span class='ocrx_word' id='word_1_187' title='bbox 1584 2681 1882 2756; x_wconf 87' lang='lat' dir='ltr'><strong>justitiam</strong></span> <span class='ocrx_word' id='word_1_188' title='bbox 1915 2698 1982 2736; x_wconf 88' lang='lat' dir='ltr'><strong>ac</strong></span> <span class='ocrx_word' id='word_1_189' title='bbox 2012 2697 2107 2737; x_wconf 91' lang='lat' dir='ltr'><strong>re-</strong></span> 
     </span>
    </p>
   </div>
   <div class='ocr_carea' id='block_1_31' title="bbox 464 2770 2105 2850">
    <p class='ocr_par' dir='ltr' id='par_1_31' title="bbox 464 2770 2105 2850">
     <span class='ocr_line' id='line_1_31' title="bbox 464 2770 2105 2850; baseline -0.006 -16"><span class='ocrx_word' id='word_1_190' title='bbox 464 2779 858 2850; x_wconf 88' lang='lat' dir='ltr'><strong>demptionem</strong></span> <span class='ocrx_word' id='word_1_191' title='bbox 890 2778 949 2832; x_wconf 89' lang='lat' dir='ltr'><strong>in</strong></span> <span class='ocrx_word' id='word_1_192' title='bbox 972 2777 1246 2833; x_wconf 86' lang='lat' dir='ltr'><strong>omnibus</strong></span> <span class='ocrx_word' id='word_1_193' title='bbox 1277 2780 1441 2830; x_wconf 70' lang='lat' dir='ltr'><strong>terra:</strong></span> <span class='ocrx_word' id='word_1_194' title='bbox 1476 2773 1692 2828; x_wconf 90' lang='lat' dir='ltr'><strong>ﬁnibus</strong></span> <span class='ocrx_word' id='word_1_195' title='bbox 1722 2770 2105 2844; x_wconf 86' lang='lat' dir='ltr'><strong>apparuisse;</strong></span> 
     </span>
    </p>
   </div>
   <div class='ocr_carea' id='block_1_32' title="bbox 464 2859 2110 2940">
    <p class='ocr_par' dir='ltr' id='par_1_32' title="bbox 464 2859 2110 2940">
     <span class='ocr_line' id='line_1_32' title="bbox 464 2859 2110 2940; baseline -0.007 -16"><span class='ocrx_word' id='word_1_196' title='bbox 464 2885 531 2924; x_wconf 82' lang='lat' dir='ltr'><strong>ac</strong></span> <span class='ocrx_word' id='word_1_197' title='bbox 562 2873 850 2940; x_wconf 89' lang='lat' dir='ltr'><strong>quotquot</strong></span> <span class='ocrx_word' id='word_1_198' title='bbox 879 2870 1224 2938; x_wconf 88' lang='lat' dir='ltr'><strong>receperunt</strong></span> <span class='ocrx_word' id='word_1_199' title='bbox 1254 2881 1410 2931; x_wconf 88' lang='lat' dir='ltr'><strong>eum,</strong></span> <span class='ocrx_word' id='word_1_200' title='bbox 1451 2861 1637 2934; x_wconf 88' lang='lat' dir='ltr'><strong>gloria</strong></span> <span class='ocrx_word' id='word_1_201' title='bbox 1667 2860 1864 2916; x_wconf 89' lang='lat' dir='ltr'><strong>divina</strong></span> <span class='ocrx_word' id='word_1_202' title='bbox 1893 2859 2110 2931; x_wconf 88' lang='lat' dir='ltr'><strong>pariter</strong></span> 
     </span>
    </p>
   </div>
   <div class='ocr_carea' id='block_1_33' title="bbox 464 2947 2107 3027">
    <p class='ocr_par' dir='ltr' id='par_1_33' title="bbox 464 2947 2107 3027">
     <span class='ocr_line' id='line_1_33' title="bbox 464 2947 2107 3027; baseline -0.005 -16"><span class='ocrx_word' id='word_1_203' title='bbox 464 2972 530 3011; x_wconf 85' lang='lat' dir='ltr'><strong>ac</strong></span> <span class='ocrx_word' id='word_1_204' title='bbox 579 2955 937 3027; x_wconf 85' lang='lat' dir='ltr'><strong>sempiterna</strong></span> <span class='ocrx_word' id='word_1_205' title='bbox 983 2954 1270 3021; x_wconf 89' lang='lat' dir='ltr'><strong>induisse,</strong></span> <span class='ocrx_word' id='word_1_206' title='bbox 1321 2951 1598 3008; x_wconf 82' lang='lat' dir='ltr'><strong>ﬂuxionis</strong></span> <span class='ocrx_word' id='word_1_207' title='bbox 1645 2947 1822 3005; x_wconf 89' lang='lat' dir='ltr'><strong>simul</strong></span> <span class='ocrx_word' id='word_1_208' title='bbox 1873 2965 1937 3003; x_wconf 92' lang='lat' dir='ltr'><strong>ac</strong></span> <span class='ocrx_word' id='word_1_209' title='bbox 1981 2964 2107 3003; x_wconf 91' lang='lat' dir='ltr'><strong>cor-</strong></span> 
     </span>
    </p>
   </div>
   <div class='ocr_carea' id='block_1_34' title="bbox 464 3044 1004 3117">
    <p class='ocr_par' dir='ltr' id='par_1_34' title="bbox 464 3044 1004 3117">
     <span class='ocr_line' id='line_1_34' title="bbox 464 3044 1004 3117; baseline -0.002 -17"><span class='ocrx_word' id='word_1_210' title='bbox 464 3063 532 3100; x_wconf 92' lang='lat' dir='ltr'><strong>ru</strong></span> <span class='ocrx_word' id='word_1_211' title='bbox 539 3045 755 3117; x_wconf 82' lang='lat' dir='ltr'><strong>ptionis</strong></span> <span class='ocrx_word' id='word_1_212' title='bbox 787 3044 1004 3100; x_wconf 86' lang='lat' dir='ltr'><strong>nescia.</strong></span> 
     </span>
    </p>
   </div>
   <div class='ocr_carea' id='block_1_35' title="bbox 527 3209 2178 3288">
    <p class='ocr_par' dir='ltr' id='par_1_35' title="bbox 527 3209 2178 3288">
     <span class='ocr_line' id='line_1_35' title="bbox 527 3209 2178 3288; baseline -0.007 -8"><span class='ocrx_word' id='word_1_213' title='bbox 527 3226 618 3281; x_wconf 86' lang='lat'><strong>21.</strong></span> <span class='ocrx_word' id='word_1_214' title='bbox 652 3225 769 3280; x_wconf 88' lang='lat' dir='ltr'><strong>Nos</strong></span> <span class='ocrx_word' id='word_1_215' title='bbox 800 3228 1019 3288; x_wconf 89' lang='lat' dir='ltr'><strong>autem,</strong></span> <span class='ocrx_word' id='word_1_216' title='bbox 1053 3239 1085 3277; x_wconf 94' lang='grc' dir='ltr'><strong>ο</strong></span> <span class='ocrx_word' id='word_1_217' title='bbox 1112 3218 1622 3286; x_wconf 83' lang='lat' dir='ltr'><strong>desideratissimi,</strong></span> <span class='ocrx_word' id='word_1_218' title='bbox 1663 3217 1900 3288; x_wconf 88' lang='lat' dir='ltr'><strong>perinde</strong></span> <span class='ocrx_word' id='word_1_219' title='bbox 1932 3220 2106 3288; x_wconf 88' lang='lat' dir='ltr'><strong>atque</strong></span> <span class='ocrx_word' id='word_1_220' title='bbox 2137 3209 2178 3275; x_wconf 90' lang='lat' dir='ltr'>C</span> 
     </span>
    </p>
   </div>
   <div class='ocr_carea' id='block_1_36' title="bbox 455 3304 2100 3381">
    <p class='ocr_par' dir='ltr' id='par_1_36' title="bbox 455 3304 2100 3381">
     <span class='ocr_line' id='line_1_36' title="bbox 455 3304 2100 3381; baseline -0.007 -11"><span class='ocrx_word' id='word_1_221' title='bbox 455 3315 564 3381; x_wconf 90' lang='lat' dir='ltr'><strong>illi,</strong></span> <span class='ocrx_word' id='word_1_222' title='bbox 599 3314 828 3372; x_wconf 85' lang='lat' dir='ltr'><strong>Christo</strong></span> <span class='ocrx_word' id='word_1_223' title='bbox 872 3313 988 3370; x_wconf 92' lang='lat' dir='ltr'><strong>Deo</strong></span> <span class='ocrx_word' id='word_1_224' title='bbox 1032 3327 1434 3376; x_wconf 84' lang='lat' dir='ltr'><strong>occurramus,</strong></span> <span class='ocrx_word' id='word_1_225' title='bbox 1485 3306 1931 3379; x_wconf 84' lang='lat' dir='ltr'><strong>temperantiam</strong></span> <span class='ocrx_word' id='word_1_226' title='bbox 1964 3304 2100 3360; x_wconf 77' lang='lat' dir='ltr'><strong>aﬁ‘e-</strong></span> 
     </span>
    </p>
   </div>
   <div class='ocr_carea' id='block_1_37' title="bbox 454 3394 2104 3476">
    <p class='ocr_par' dir='ltr' id='par_1_37' title="bbox 454 3394 2104 3476">
     <span class='ocr_line' id='line_1_37' title="bbox 454 3394 2104 3476; baseline -0.008 -15"><span class='ocrx_word' id='word_1_227' title='bbox 454 3409 670 3476; x_wconf 89' lang='lat' dir='ltr'><strong>rentes,</strong></span> <span class='ocrx_word' id='word_1_228' title='bbox 712 3405 1041 3460; x_wconf 85' lang='lat' dir='ltr'><strong>castitatem</strong></span> <span class='ocrx_word' id='word_1_229' title='bbox 1067 3403 1388 3474; x_wconf 87' lang='lat' dir='ltr'><strong>gestantes,</strong></span> <span class='ocrx_word' id='word_1_230' title='bbox 1420 3396 1818 3453; x_wconf 90' lang='lat' dir='ltr'><strong>innocentiam</strong></span> <span class='ocrx_word' id='word_1_231' title='bbox 1851 3394 2104 3450; x_wconf 74' lang='lat' dir='ltr'><strong>offeren-</strong></span> 
     </span>
    </p>
   </div>
   <div class='ocr_carea' id='block_1_38' title="bbox 454 3483 2100 3566">
    <p class='ocr_par' dir='ltr' id='par_1_38' title="bbox 454 3483 2100 3566">
     <span class='ocr_line' id='line_1_38' title="bbox 454 3483 2100 3566; baseline -0.009 -15"><span class='ocrx_word' id='word_1_232' title='bbox 454 3501 562 3566; x_wconf 89' lang='lat' dir='ltr'><strong>tes,</strong></span> <span class='ocrx_word' id='word_1_233' title='bbox 597 3492 948 3565; x_wconf 88' lang='lat' dir='ltr'><strong>injuriarum</strong></span> <span class='ocrx_word' id='word_1_234' title='bbox 997 3489 1349 3547; x_wconf 88' lang='lat' dir='ltr'><strong>oblivionem</strong></span> <span class='ocrx_word' id='word_1_235' title='bbox 1396 3487 1760 3551; x_wconf 82' lang='lat' dir='ltr'><strong>exhibentes,</strong></span> <span class='ocrx_word' id='word_1_236' title='bbox 1807 3501 1842 3539; x_wconf 93' lang='lat' dir='ltr'><strong>a</strong></span> <span class='ocrx_word' id='word_1_237' title='bbox 1885 3483 2100 3538; x_wconf 87' lang='lat' dir='ltr'><strong>distra-</strong></span> 
     </span>
    </p>
   </div>
   <div class='ocr_carea' id='block_1_39' title="bbox 455 3573 2101 3650">
    <p class='ocr_par' dir='ltr' id='par_1_39' title="bbox 455 3573 2101 3650">
     <span class='ocr_line' id='line_1_39' title="bbox 455 3573 2101 3650; baseline -0.007 -11"><span class='ocrx_word' id='word_1_238' title='bbox 455 3583 734 3639; x_wconf 87' lang='lat' dir='ltr'><strong>hentibus</strong></span> <span class='ocrx_word' id='word_1_239' title='bbox 782 3581 938 3637; x_wconf 87' lang='lat' dir='ltr'><strong>curis</strong></span> <span class='ocrx_word' id='word_1_240' title='bbox 998 3596 1105 3636; x_wconf 91' lang='lat' dir='ltr'><strong>nos</strong></span> <span class='ocrx_word' id='word_1_241' title='bbox 1162 3581 1564 3650; x_wconf 89' lang='lat' dir='ltr'><strong>segregantes,</strong></span> <span class='ocrx_word' id='word_1_242' title='bbox 1626 3591 1692 3630; x_wconf 89' lang='lat' dir='ltr'><strong>ac</strong></span> <span class='ocrx_word' id='word_1_243' title='bbox 1751 3573 1865 3630; x_wconf 90' lang='lat' dir='ltr'><strong>Deo</strong></span> <span class='ocrx_word' id='word_1_244' title='bbox 1921 3588 2101 3645; x_wconf 92' lang='lat' dir='ltr'><strong>puros</strong></span> 
     </span>
    </p>
   </div>
   <div class='ocr_carea' id='block_1_40' title="bbox 453 3666 2101 3746">
    <p class='ocr_par' dir='ltr' id='par_1_40' title="bbox 453 3666 2101 3746">
     <span class='ocr_line' id='line_1_40' title="bbox 453 3666 2101 3746; baseline -0.008 -17"><span class='ocrx_word' id='word_1_245' title='bbox 453 3674 782 3746; x_wconf 80' lang='lat' dir='ltr'><strong>otl‘erentes,</strong></span> <span class='ocrx_word' id='word_1_246' title='bbox 815 3685 1046 3726; x_wconf 88' lang='lat' dir='ltr'><strong>morum</strong></span> <span class='ocrx_word' id='word_1_247' title='bbox 1085 3667 1382 3724; x_wconf 88' lang='lat' dir='ltr'><strong>lenitatem</strong></span> <span class='ocrx_word' id='word_1_248' title='bbox 1437 3671 1727 3738; x_wconf 87' lang='lat' dir='ltr'><strong>gerentes,</strong></span> <span class='ocrx_word' id='word_1_249' title='bbox 1761 3666 2101 3718; x_wconf 87' lang='lat' dir='ltr'><strong>mansuetu-</strong></span> 
     </span>
    </p>
   </div>
   <div class='ocr_carea' id='block_1_41' title="bbox 451 3751 2097 3833">
    <p class='ocr_par' dir='ltr' id='par_1_41' title="bbox 451 3751 2097 3833">
     <span class='ocr_line' id='line_1_41' title="bbox 451 3751 2097 3833; baseline -0.008 -15"><span class='ocrx_word' id='word_1_250' title='bbox 451 3763 648 3818; x_wconf 89' lang='lat' dir='ltr'><strong>dinem</strong></span> <span class='ocrx_word' id='word_1_251' title='bbox 680 3767 857 3833; x_wconf 88' lang='lat' dir='ltr'><strong>atque</strong></span> <span class='ocrx_word' id='word_1_252' title='bbox 911 3758 1257 3815; x_wconf 84' lang='lat' dir='ltr'><strong>charitatem</strong></span> <span class='ocrx_word' id='word_1_253' title='bbox 1307 3761 1576 3811; x_wconf 89' lang='lat' dir='ltr'><strong>mutuam</strong></span> <span class='ocrx_word' id='word_1_254' title='bbox 1628 3753 1905 3809; x_wconf 88' lang='lat' dir='ltr'><strong>omnibus</strong></span> <span class='ocrx_word' id='word_1_255' title='bbox 1937 3751 2097 3806; x_wconf 80' lang='lat' dir='ltr'><strong>exhi-</strong></span> 
     </span>
    </p>
   </div>
   <div class='ocr_carea' id='block_1_42' title="bbox 450 3843 2098 3908">
    <p class='ocr_par' dir='ltr' id='par_1_42' title="bbox 450 3843 2098 3908">
     <span class='ocr_line' id='line_1_42' title="bbox 450 3843 2098 3908; baseline -0.008 0"><span class='ocrx_word' id='word_1_256' title='bbox 450 3852 674 3908; x_wconf 89' lang='lat' dir='ltr'><strong>bentes.</strong></span> <span class='ocrx_word' id='word_1_257' title='bbox 693 3851 778 3908; x_wconf 86' lang='lat' dir='ltr'><strong>Ad</strong></span> <span class='ocrx_word' id='word_1_258' title='bbox 810 3850 930 3907; x_wconf 69' lang='lat' dir='ltr'><strong>haec</strong></span> <span class='ocrx_word' id='word_1_259' title='bbox 964 3848 1164 3906; x_wconf 84' lang='lat' dir='ltr'><strong>omnia</strong></span> <span class='ocrx_word' id='word_1_260' title='bbox 1183 3844 1756 3903; x_wconf 87' lang='lat' dir='ltr'><strong>commiserationem</strong></span> <span class='ocrx_word' id='word_1_261' title='bbox 1781 3843 1838 3896; x_wconf 91' lang='lat' dir='ltr'><strong>in</strong></span> <span class='ocrx_word' id='word_1_262' title='bbox 1873 3843 2098 3897; x_wconf 86' lang='lat' dir='ltr'><strong>univer-</strong></span> 
     </span>
    </p>
   </div>
   <div class='ocr_carea' id='block_1_43' title="bbox 449 3932 2095 4012">
    <p class='ocr_par' dir='ltr' id='par_1_43' title="bbox 449 3932 2095 4012">
     <span class='ocr_line' id='line_1_43' title="bbox 449 3932 2095 4012; baseline -0.009 -13"><span class='ocrx_word' id='word_1_263' title='bbox 449 3959 545 3998; x_wconf 90' lang='lat' dir='ltr'><strong>sos</strong></span> <span class='ocrx_word' id='word_1_264' title='bbox 577 3941 886 4009; x_wconf 86' lang='lat' dir='ltr'><strong>habentes;</strong></span> <span class='ocrx_word' id='word_1_265' title='bbox 919 3944 1094 4012; x_wconf 86' lang='lat' dir='ltr'><strong>atque</strong></span> <span class='ocrx_word' id='word_1_266' title='bbox 1123 3955 1192 3994; x_wconf 87' lang='lat' dir='ltr'><strong>ex</strong></span> <span class='ocrx_word' id='word_1_267' title='bbox 1222 3934 1659 3992; x_wconf 88' lang='lat' dir='ltr'><strong>commiseranti</strong></span> <span class='ocrx_word' id='word_1_268' title='bbox 1691 3932 1887 3988; x_wconf 87' lang='lat' dir='ltr'><strong>animo</strong></span> <span class='ocrx_word' id='word_1_269' title='bbox 1921 3932 2095 3986; x_wconf 90' lang='lat' dir='ltr'><strong>mise-</strong></span> 
     </span>
    </p>
   </div>
   <div class='ocr_carea' id='block_1_44' title="bbox 448 4021 2093 4100">
    <p class='ocr_par' dir='ltr' id='par_1_44' title="bbox 448 4021 2093 4100">
     <span class='ocr_line' id='line_1_44' title="bbox 448 4021 2093 4100; baseline -0.006 -16"><span class='ocrx_word' id='word_1_270' title='bbox 448 4031 760 4085; x_wconf 89' lang='lat' dir='ltr'><strong>ricordiam</strong></span> <span class='ocrx_word' id='word_1_271' title='bbox 791 4045 1024 4100; x_wconf 87' lang='lat' dir='ltr'><strong>semper</strong></span> <span class='ocrx_word' id='word_1_272' title='bbox 1055 4027 1222 4100; x_wconf 86' lang='lat' dir='ltr'><strong>quasi</strong></span> <span class='ocrx_word' id='word_1_273' title='bbox 1256 4023 1662 4087; x_wconf 88' lang='lat' dir='ltr'><strong>scaturientes,</strong></span> <span class='ocrx_word' id='word_1_274' title='bbox 1701 4021 1782 4076; x_wconf 88' lang='lat' dir='ltr'><strong>ita</strong></span> <span class='ocrx_word' id='word_1_275' title='bbox 1810 4021 2093 4076; x_wconf 87' lang='lat' dir='ltr'><strong>acceden-</strong></span> 
     </span>
    </p>
   </div>
   <div class='ocr_carea' id='block_1_45' title="bbox 447 4108 2092 4187">
    <p class='ocr_par' dir='ltr' id='par_1_45' title="bbox 447 4108 2092 4187">
     <span class='ocr_line' id='line_1_45' title="bbox 447 4108 2092 4187; baseline -0.005 -14"><span class='ocrx_word' id='word_1_276' title='bbox 447 4123 565 4173; x_wconf 88' lang='lat' dir='ltr'><strong>tem</strong></span> <span class='ocrx_word' id='word_1_277' title='bbox 597 4117 895 4172; x_wconf 88' lang='lat' dir='ltr'><strong>Christum</strong></span> <span class='ocrx_word' id='word_1_278' title='bbox 927 4115 1320 4187; x_wconf 83' lang='lat' dir='ltr'><strong>excipiamus;</strong></span> <span class='ocrx_word' id='word_1_279' title='bbox 1370 4113 1451 4168; x_wconf 87' lang='lat' dir='ltr'><strong>ita</strong></span> <span class='ocrx_word' id='word_1_280' title='bbox 1480 4111 1777 4168; x_wconf 87' lang='lat' dir='ltr'><strong>Christum</strong></span> <span class='ocrx_word' id='word_1_281' title='bbox 1807 4110 1868 4164; x_wconf 88' lang='lat' dir='ltr'><strong>in</strong></span> <span class='ocrx_word' id='word_1_282' title='bbox 1903 4108 2092 4176; x_wconf 86' lang='lat' dir='ltr'><strong>ulnas,</strong></span> 
     </span>
    </p>
   </div>
   <div class='ocr_carea' id='block_1_46' title="bbox 449 4199 2094 4274">
    <p class='ocr_par' dir='ltr' id='par_1_46' title="bbox 449 4199 2094 4274">
     <span class='ocr_line' id='line_1_46' title="bbox 449 4199 2094 4274; baseline -0.005 -13"><span class='ocrx_word' id='word_1_283' title='bbox 449 4211 514 4261; x_wconf 86' lang='lat' dir='ltr'><strong>ut</strong></span> <span class='ocrx_word' id='word_1_284' title='bbox 543 4206 729 4262; x_wconf 91' lang='lat' dir='ltr'><strong>Deum</strong></span> <span class='ocrx_word' id='word_1_285' title='bbox 776 4206 960 4270; x_wconf 85' lang='lat' dir='ltr'><strong>decet,</strong></span> <span class='ocrx_word' id='word_1_286' title='bbox 997 4203 1418 4274; x_wconf 87' lang='lat' dir='ltr'><strong>suscipiamus,</strong></span> <span class='ocrx_word' id='word_1_287' title='bbox 1459 4206 1633 4272; x_wconf 90' lang='lat' dir='ltr'><strong>atque</strong></span> <span class='ocrx_word' id='word_1_288' title='bbox 1663 4199 1921 4255; x_wconf 87' lang='lat' dir='ltr'><strong>vicissim</strong></span> <span class='ocrx_word' id='word_1_289' title='bbox 1956 4215 2094 4270; x_wconf 89' lang='lat' dir='ltr'><strong>pro-</strong></span> 
     </span>
    </p>
   </div>
   <div class='ocr_carea' id='block_1_47' title="bbox 447 4287 2091 4366">
    <p class='ocr_par' dir='ltr' id='par_1_47' title="bbox 447 4287 2091 4366">
     <span class='ocr_line' id='line_1_47' title="bbox 447 4287 2091 4366; baseline -0.005 -17"><span class='ocrx_word' id='word_1_290' title='bbox 447 4294 696 4366; x_wconf 91' lang='lat' dir='ltr'><strong>pheticis</strong></span> <span class='ocrx_word' id='word_1_291' title='bbox 742 4294 1130 4349; x_wconf 88' lang='lat' dir='ltr'><strong>conﬁteamur</strong></span> <span class='ocrx_word' id='word_1_292' title='bbox 1171 4291 1384 4357; x_wconf 88' lang='lat' dir='ltr'><strong>verbis,</strong></span> <span class='ocrx_word' id='word_1_293' title='bbox 1433 4290 1792 4345; x_wconf 88' lang='lat' dir='ltr'><strong>celebrantes</strong></span> <span class='ocrx_word' id='word_1_294' title='bbox 1849 4288 1979 4358; x_wconf 90' lang='lat' dir='ltr'><strong>ejus</strong></span> <span class='ocrx_word' id='word_1_295' title='bbox 2019 4287 2091 4342; x_wconf 85' lang='lat' dir='ltr'><strong>ad</strong></span> 
     </span>
    </p>
   </div>
   <div class='ocr_carea' id='block_1_48' title="bbox 446 4376 2091 4455">
    <p class='ocr_par' dir='ltr' id='par_1_48' title="bbox 446 4376 2091 4455">
     <span class='ocr_line' id='line_1_48' title="bbox 446 4376 2091 4455; baseline -0.004 -17"><span class='ocrx_word' id='word_1_296' title='bbox 446 4400 553 4439; x_wconf 88' lang='lat' dir='ltr'><strong>nos</strong></span> <span class='ocrx_word' id='word_1_297' title='bbox 588 4383 930 4455; x_wconf 84' lang='lat' dir='ltr'><strong>profectum:</strong></span> <span class='ocrx_word' id='word_1_298' title='bbox 955 4382 1201 4452; x_wconf 87' lang='lat' dir='ltr'><strong>ejusque</strong></span> <span class='ocrx_word' id='word_1_299' title='bbox 1229 4395 1366 4452; x_wconf 86' lang='lat' dir='ltr'><strong>erga</strong></span> <span class='ocrx_word' id='word_1_300' title='bbox 1392 4395 1497 4434; x_wconf 90' lang='lat' dir='ltr'><strong>nos</strong></span> <span class='ocrx_word' id='word_1_301' title='bbox 1519 4376 2091 4434; x_wconf 88' lang='lat' dir='ltr'><strong>commiserationem</strong></span> 
     </span>
    </p>
   </div>
   <div class='ocr_carea' id='block_1_49' title="bbox 445 4469 2088 4544">
    <p class='ocr_par' dir='ltr' id='par_1_49' title="bbox 445 4469 2088 4544">
     <span class='ocr_line' id='line_1_49' title="bbox 445 4469 2088 4544; baseline -0.003 -17"><span class='ocrx_word' id='word_1_302' title='bbox 445 4472 776 4544; x_wconf 87' lang='lat' dir='ltr'><strong>magniﬁcis</strong></span> <span class='ocrx_word' id='word_1_303' title='bbox 825 4471 1210 4544; x_wconf 65' lang='lat' dir='ltr'><strong>praedicamus</strong></span> <span class='ocrx_word' id='word_1_304' title='bbox 1265 4469 1547 4535; x_wconf 89' lang='lat' dir='ltr'><strong>vocibus;</strong></span> <span class='ocrx_word' id='word_1_305' title='bbox 1610 4472 1674 4522; x_wconf 91' lang='lat' dir='ltr'><strong>ut</strong></span> <span class='ocrx_word' id='word_1_306' title='bbox 1732 4473 1789 4522; x_wconf 89' lang='lat' dir='ltr'><strong>et</strong></span> <span class='ocrx_word' id='word_1_307' title='bbox 1845 4483 2088 4539; x_wconf 85' lang='lat' dir='ltr'><strong>regnum</strong></span> 
     </span>
    </p>
   </div>
   <div class='ocr_carea' id='block_1_50' title="bbox 2228 541 3794 627">
    <p class='ocr_par' dir='ltr' id='par_1_50' title="bbox 2228 541 3794 627">
     <span class='ocr_line' id='line_1_50' title="bbox 2228 541 3794 627; baseline 0.009 -31"><span class='ocrx_word' id='word_1_308' title='bbox 2228 541 2615 618; x_wconf 77' lang='grc' dir='ltr'>εὐαγγελιστὴν</span> <span class='ocrx_word' id='word_1_309' title='bbox 2674 548 3004 616; x_wconf 65' lang='grc' dir='ltr'>ποιήσασθαι</span> <span class='ocrx_word' id='word_1_310' title='bbox 3057 549 3158 618; x_wconf 80' lang='grc' dir='ltr'>τὴν</span> <span class='ocrx_word' id='word_1_311' title='bbox 3219 549 3517 627; x_wconf 66' lang='grc' dir='ltr'>ἀφήγησινσ</span> <span class='ocrx_word' id='word_1_312' title='bbox 3573 552 3686 608; x_wconf 77' lang='grc' dir='ltr'>ὥστε</span> <span class='ocrx_word' id='word_1_313' title='bbox 3727 559 3794 610; x_wconf 73' lang='grc' dir='ltr'><strong>καὶ</strong></span> 
     </span>
    </p>
   </div>
   <div class='ocr_carea' id='block_1_51' title="bbox 2223 632 3794 716">
    <p class='ocr_par' dir='ltr' id='par_1_51' title="bbox 2223 632 3794 716">
     <span class='ocr_line' id='line_1_51' title="bbox 2223 632 3794 716; baseline 0.009 -31"><span class='ocrx_word' id='word_1_314' title='bbox 2223 636 2322 686; x_wconf 89' lang='grc' dir='ltr'><strong>τοῦ</strong></span> <span class='ocrx_word' id='word_1_315' title='bbox 2347 632 2548 704; x_wconf 77' lang='grc' dir='ltr'>ταύτης</span> <span class='ocrx_word' id='word_1_316' title='bbox 2582 636 2784 712; x_wconf 88' lang='grc' dir='ltr'>πατρὸς</span> <span class='ocrx_word' id='word_1_317' title='bbox 2815 635 2906 692; x_wconf 82' lang='grc' dir='ltr'><strong>καὶ</strong></span> <span class='ocrx_word' id='word_1_318' title='bbox 2936 644 3035 706; x_wconf 77' lang='grc' dir='ltr'>τῆς</span> <span class='ocrx_word' id='word_1_319' title='bbox 3065 637 3241 716; x_wconf 79' lang='grc' dir='ltr'>φυλῆς</span> <span class='ocrx_word' id='word_1_320' title='bbox 3284 637 3670 711; x_wconf 83' lang='grc' dir='ltr'>ἐπιμνησθῆναι,</span> <span class='ocrx_word' id='word_1_321' title='bbox 3696 644 3794 716; x_wconf 74' lang='grc' dir='ltr'>ὅπερ</span> 
     </span>
    </p>
   </div>
   <div class='ocr_carea' id='block_1_52' title="bbox 2226 703 3792 804">
    <p class='ocr_par' dir='ltr' id='par_1_52' title="bbox 2226 703 3792 804">
     <span class='ocr_line' id='line_1_52' title="bbox 2226 703 3792 804; baseline 0.009 -30"><span class='ocrx_word' id='word_1_322' title='bbox 2226 719 2309 776; x_wconf 81' lang='grc' dir='ltr'><strong>ἐπ’</strong></span> <span class='ocrx_word' id='word_1_323' title='bbox 2339 721 2514 779; x_wconf 82' lang='grc' dir='ltr'>οὐδενὶ</span> <span class='ocrx_word' id='word_1_324' title='bbox 2549 725 2716 802; x_wconf 72' lang='grc' dir='ltr'>ἑτέρῳ</span> <span class='ocrx_word' id='word_1_325' title='bbox 2749 724 2943 802; x_wconf 83' lang='grc' dir='ltr'>σχεδὸν</span> <span class='ocrx_word' id='word_1_326' title='bbox 2977 727 3236 802; x_wconf 56' lang='grc' dir='ltr'>εὕρηταη</span> <span class='ocrx_word' id='word_1_327' title='bbox 3269 729 3368 783; x_wconf 88' lang='grc' dir='ltr'><strong>Τὸν</strong></span> <span class='ocrx_word' id='word_1_328' title='bbox 3401 729 3492 801; x_wconf 78' lang='grc' dir='ltr'>μὶν</span> <span class='ocrx_word' id='word_1_329' title='bbox 3511 731 3619 804; x_wconf 81' lang='grc' dir='ltr'>περὶ</span> <span class='ocrx_word' id='word_1_330' title='bbox 3644 703 3792 787; x_wconf 63' lang='grc' dir='ltr'>τούτου</span> 
     </span>
    </p>
   </div>
   <div class='ocr_carea' id='block_1_53' title="bbox 2223 808 3790 895">
    <p class='ocr_par' dir='ltr' id='par_1_53' title="bbox 2223 808 3790 895">
     <span class='ocr_line' id='line_1_53' title="bbox 2223 808 3790 895; baseline 0.008 -31"><span class='ocrx_word' id='word_1_331' title='bbox 2223 808 2425 887; x_wconf 73' lang='grc' dir='ltr'>ἀκριϐῆ</span> <span class='ocrx_word' id='word_1_332' title='bbox 2454 811 2620 888; x_wconf 86' lang='grc' dir='ltr'>λόγον</span> <span class='ocrx_word' id='word_1_333' title='bbox 2657 815 2822 888; x_wconf 78' lang='grc' dir='ltr'>μόνος</span> <span class='ocrx_word' id='word_1_334' title='bbox 2855 815 2912 870; x_wconf 76' lang='grc' dir='ltr'><strong>ἂν</strong></span> <span class='ocrx_word' id='word_1_335' title='bbox 2946 814 3113 886; x_wconf 75' lang='grc' dir='ltr'>εἰδείη</span> <span class='ocrx_word' id='word_1_336' title='bbox 3148 816 3306 879; x_wconf 72' lang='grc' dir='ltr'>αὐτὸς</span> <span class='ocrx_word' id='word_1_337' title='bbox 3330 819 3356 873; x_wconf 87' lang='grc' dir='ltr'>ὁ</span> <span class='ocrx_word' id='word_1_338' title='bbox 3377 823 3479 872; x_wconf 80' lang='grc' dir='ltr'><strong>τῶν</strong></span> <span class='ocrx_word' id='word_1_339' title='bbox 3510 819 3652 895; x_wconf 74' lang='grc' dir='ltr'>ἁγίων</span> <span class='ocrx_word' id='word_1_340' title='bbox 3677 825 3790 888; x_wconf 68' lang='grc' dir='ltr'>Θεὸς,</span> 
     </span>
    </p>
   </div>
   <div class='ocr_carea' id='block_1_54' title="bbox 2221 901 3794 981">
    <p class='ocr_par' dir='ltr' id='par_1_54' title="bbox 2221 901 3794 981">
     <span class='ocr_line' id='line_1_54' title="bbox 2221 901 3794 981; baseline 0.008 -28"><span class='ocrx_word' id='word_1_341' title='bbox 2221 901 2310 954; x_wconf 78' lang='grc' dir='ltr'><strong>καὶ</strong></span> <span class='ocrx_word' id='word_1_342' title='bbox 2344 903 2396 956; x_wconf 78' lang='lat' dir='ltr'><strong>o&#39;t</strong></span> <span class='ocrx_word' id='word_1_343' title='bbox 2425 907 2491 977; x_wconf 81' lang='grc' dir='ltr'>τῇ</span> <span class='ocrx_word' id='word_1_344' title='bbox 2523 902 2687 959; x_wconf 82' lang='grc' dir='ltr'>αὐτοῦ</span> <span class='ocrx_word' id='word_1_345' title='bbox 2715 904 2947 977; x_wconf 70' lang='grc' dir='ltr'>έμπνοίᾳ</span> <span class='ocrx_word' id='word_1_346' title='bbox 2991 906 3303 979; x_wconf 68' lang='grc' dir='ltr'>Ιινεόματος</span> <span class='ocrx_word' id='word_1_347' title='bbox 3487 906 3671 980; x_wconf 72' lang='grc' dir='ltr'>λαλεῖν,</span> <span class='ocrx_word' id='word_1_348' title='bbox 3697 914 3794 965; x_wconf 67' lang='lat' dir='ltr'><strong>uti</strong></span> 
     </span>
    </p>
   </div>
   <div class='ocr_carea' id='block_1_55' title="bbox 2220 990 3793 1074">
    <p class='ocr_par' dir='ltr' id='par_1_55' title="bbox 2220 990 3793 1074">
     <span class='ocr_line' id='line_1_55' title="bbox 2220 990 3793 1074; baseline 0.008 -31"><span class='ocrx_word' id='word_1_349' title='bbox 2220 990 2310 1045; x_wconf 88' lang='grc' dir='ltr'>τὸν</span> <span class='ocrx_word' id='word_1_350' title='bbox 2343 997 2484 1054; x_wconf 90' lang='grc' dir='ltr'>θεῖον</span> <span class='ocrx_word' id='word_1_351' title='bbox 2518 993 2880 1068; x_wconf 83' lang='grc' dir='ltr'>Ἀπόστολον,</span> <span class='ocrx_word' id='word_1_352' title='bbox 2912 993 3281 1072; x_wconf 66' lang='grc' dir='ltr'><strong>δεδιδαγμένοι</strong></span> <span class='ocrx_word' id='word_1_353' title='bbox 3317 1001 3592 1074; x_wconf 70' lang='grc' dir='ltr'>μυστήρια·</span> <span class='ocrx_word' id='word_1_354' title='bbox 3621 998 3729 1069; x_wconf 68' lang='grc' dir='ltr'>αὐτὴ</span> <span class='ocrx_word' id='word_1_355' title='bbox 3754 1000 3793 1056; x_wconf 73' lang='grc' dir='ltr'>δὲ</span> 
     </span>
    </p>
   </div>
   <div class='ocr_carea' id='block_1_56' title="bbox 2221 1079 3791 1164">
    <p class='ocr_par' dir='ltr' id='par_1_56' title="bbox 2221 1079 3791 1164">
     <span class='ocr_line' id='line_1_56' title="bbox 2221 1079 3791 1164; baseline 0.007 -31"><span class='ocrx_word' id='word_1_356' title='bbox 2221 1085 2535 1158; x_wconf 71' lang='grc' dir='ltr'>προφητικῇ</span> <span class='ocrx_word' id='word_1_357' title='bbox 2565 1079 2948 1156; x_wconf 84' lang='grc' dir='ltr'>διαλάμπουσα</span> <span class='ocrx_word' id='word_1_358' title='bbox 2979 1084 3187 1162; x_wconf 82' lang='grc' dir='ltr'>χάριτι,</span> <span class='ocrx_word' id='word_1_359' title='bbox 3232 1091 3351 1149; x_wconf 87' lang='grc' dir='ltr'>τοῖς</span> <span class='ocrx_word' id='word_1_360' title='bbox 3398 1085 3791 1164; x_wconf 72' lang='grc' dir='ltr'>προσδεχομένοις</span> 
     </span>
    </p>
   </div>
   <div class='ocr_carea' id='block_1_57' title="bbox 2223 1166 3794 1252">
    <p class='ocr_par' dir='ltr' id='par_1_57' title="bbox 2223 1166 3794 1252">
     <span class='ocr_line' id='line_1_57' title="bbox 2223 1166 3794 1252; baseline 0.007 -32"><span class='ocrx_word' id='word_1_361' title='bbox 2223 1166 2274 1221; x_wconf 79' lang='grc' dir='ltr'><strong>ἐν</strong></span> <span class='ocrx_word' id='word_1_362' title='bbox 2298 1170 2660 1245; x_wconf 78' lang='grc' dir='ltr'>Ἰερουσαλήμ</span> <span class='ocrx_word' id='word_1_363' title='bbox 2682 1170 2950 1246; x_wconf 75' lang='grc' dir='ltr'>λύτρωσιν</span> <span class='ocrx_word' id='word_1_364' title='bbox 2973 1175 3110 1248; x_wconf 87' lang='grc'><strong>(56),</strong></span> <span class='ocrx_word' id='word_1_365' title='bbox 3134 1173 3419 1238; x_wconf 81' lang='grc' dir='ltr'><strong>θεόσδοτον</strong></span> <span class='ocrx_word' id='word_1_366' title='bbox 3437 1174 3651 1252; x_wconf 82' lang='grc' dir='ltr'>ἐνεγέννα</span> <span class='ocrx_word' id='word_1_367' title='bbox 3669 1179 3794 1252; x_wconf 71' lang='grc' dir='ltr'>παρὰ-</span> 
     </span>
    </p>
   </div>
   <div class='ocr_carea' id='block_1_58' title="bbox 2219 1255 3797 1342">
    <p class='ocr_par' dir='ltr' id='par_1_58' title="bbox 2219 1255 3797 1342">
     <span class='ocr_line' id='line_1_58' title="bbox 2219 1255 3797 1342; baseline 0.006 -31"><span class='ocrx_word' id='word_1_368' title='bbox 2219 1255 2439 1328; x_wconf 77' lang='grc' dir='ltr'>κλησιν·</span> <span class='ocrx_word' id='word_1_369' title='bbox 2472 1259 2554 1314; x_wconf 79' lang='grc' dir='ltr'><strong>ὅτι</strong></span> <span class='ocrx_word' id='word_1_370' title='bbox 2587 1262 2615 1315; x_wconf 97' lang='lat'><strong>6</strong></span> <span class='ocrx_word' id='word_1_371' title='bbox 2643 1266 2742 1316; x_wconf 86' lang='grc' dir='ltr'><strong>τοῦ</strong></span> <span class='ocrx_word' id='word_1_372' title='bbox 2768 1263 2961 1325; x_wconf 83' lang='grc' dir='ltr'>παντὸς</span> <span class='ocrx_word' id='word_1_373' title='bbox 2994 1265 3313 1340; x_wconf 75' lang='grc' dir='ltr'>Λυτρωτής,</span> <span class='ocrx_word' id='word_1_374' title='bbox 3347 1263 3585 1342; x_wconf 75' lang='grc' dir='ltr'><strong>λέγουσα,</strong></span> <span class='ocrx_word' id='word_1_375' title='bbox 3616 1267 3797 1341; x_wconf 61' lang='grc' dir='ltr'>παραιαρ-</span> 
     </span>
    </p>
   </div>
   <div class='ocr_carea' id='block_1_59' title="bbox 2219 1349 3795 1431">
    <p class='ocr_par' dir='ltr' id='par_1_59' title="bbox 2219 1349 3795 1431">
     <span class='ocr_line' id='line_1_59' title="bbox 2219 1349 3795 1431; baseline 0.004 -29"><span class='ocrx_word' id='word_1_376' title='bbox 2219 1369 2361 1423; x_wconf 86' lang='grc' dir='ltr'>γονε,</span> <span class='ocrx_word' id='word_1_377' title='bbox 2393 1349 2480 1403; x_wconf 81' lang='grc' dir='ltr'><strong>καὶ</strong></span> <span class='ocrx_word' id='word_1_378' title='bbox 2512 1355 2619 1404; x_wconf 83' lang='grc' dir='ltr'><strong>τῶν</strong></span> <span class='ocrx_word' id='word_1_379' title='bbox 2646 1350 2858 1405; x_wconf 89' lang='grc' dir='ltr'>πάντων</span> <span class='ocrx_word' id='word_1_380' title='bbox 2891 1353 2919 1406; x_wconf 87' lang='grc' dir='ltr'><strong>ὁ</strong></span> <span class='ocrx_word' id='word_1_381' title='bbox 2953 1354 3148 1427; x_wconf 76' lang='grc' dir='ltr'>Σωτὴρ</span> <span class='ocrx_word' id='word_1_382' title='bbox 3179 1353 3316 1422; x_wconf 77' lang='grc' dir='ltr'>ἦλθε</span> <span class='ocrx_word' id='word_1_383' title='bbox 3346 1354 3432 1407; x_wconf 80' lang='grc' dir='ltr'><strong>καὶ</strong></span> <span class='ocrx_word' id='word_1_384' title='bbox 3470 1355 3795 1431; x_wconf 76' lang='grc' dir='ltr'>πειρανέρωται,</span> 
     </span>
    </p>
   </div>
   <div class='ocr_carea' id='block_1_60' title="bbox 2218 1435 3796 1517">
    <p class='ocr_par' dir='ltr' id='par_1_60' title="bbox 2218 1435 3796 1517">
     <span class='ocr_line' id='line_1_60' title="bbox 2218 1435 3796 1517; baseline 0.004 -26"><span class='ocrx_word' id='word_1_385' title='bbox 2218 1439 2317 1506; x_wconf 80' lang='grc' dir='ltr'><strong>τὴν</strong></span> <span class='ocrx_word' id='word_1_386' title='bbox 2353 1435 2488 1492; x_wconf 73' lang='grc' dir='ltr'>ἰδίαν</span> <span class='ocrx_word' id='word_1_387' title='bbox 2525 1439 2700 1494; x_wconf 80' lang='grc' dir='ltr'>εἰκόνα</span> <span class='ocrx_word' id='word_1_388' title='bbox 2731 1439 3056 1514; x_wconf 79' lang='grc' dir='ltr'><strong>λυτροῦσθαι</strong></span> <span class='ocrx_word' id='word_1_389' title='bbox 3093 1441 3450 1517; x_wconf 84' lang='grc' dir='ltr'>βουλόμενος,</span> <span class='ocrx_word' id='word_1_390' title='bbox 3477 1443 3557 1497; x_wconf 78' lang='grc' dir='ltr'><strong>καὶ</strong></span> <span class='ocrx_word' id='word_1_391' title='bbox 3575 1445 3730 1512; x_wconf 84' lang='grc' dir='ltr'>σώζειν</span> <span class='ocrx_word' id='word_1_392' title='bbox 3753 1446 3796 1498; x_wconf 76' lang='grc' dir='ltr'>τὸ</span> 
     </span>
    </p>
   </div>
   <div class='ocr_carea' id='block_1_61' title="bbox 2220 1525 3798 1606">
    <p class='ocr_par' dir='ltr' id='par_1_61' title="bbox 2220 1525 3798 1606">
     <span class='ocr_line' id='line_1_61' title="bbox 2220 1525 3798 1606; baseline 0.004 -27"><span class='ocrx_word' id='word_1_393' title='bbox 2220 1525 2445 1598; x_wconf 80' lang='grc' dir='ltr'>πλάσμα</span> <span class='ocrx_word' id='word_1_394' title='bbox 2483 1527 2675 1597; x_wconf 79' lang='grc' dir='ltr'>θέλων,</span> <span class='ocrx_word' id='word_1_395' title='bbox 2723 1530 2751 1583; x_wconf 82' lang='grc' dir='ltr'>ὃ</span> <span class='ocrx_word' id='word_1_396' title='bbox 2802 1527 3021 1585; x_wconf 83' lang='grc' dir='ltr'>ἔπλασε.</span> <span class='ocrx_word' id='word_1_397' title='bbox 3059 1532 3156 1584; x_wconf 63' lang='grc' dir='ltr'><strong>Διά</strong></span> <span class='ocrx_word' id='word_1_398' title='bbox 3200 1535 3364 1585; x_wconf 84' lang='grc' dir='ltr'>τοῦτο</span> <span class='ocrx_word' id='word_1_399' title='bbox 3409 1533 3508 1606; x_wconf 73' lang='grc' dir='ltr'>γὰρ</span> <span class='ocrx_word' id='word_1_400' title='bbox 3555 1533 3580 1585; x_wconf 92' lang='lat'><strong>6</strong></span> <span class='ocrx_word' id='word_1_401' title='bbox 3626 1533 3798 1604; x_wconf 74' lang='grc' dir='ltr'>Χριστὸς</span> 
     </span>
    </p>
   </div>
   <div class='ocr_carea' id='block_1_62' title="bbox 2219 1616 3798 1697">
    <p class='ocr_par' dir='ltr' id='par_1_62' title="bbox 2219 1616 3798 1697">
     <span class='ocr_line' id='line_1_62' title="bbox 2219 1616 3798 1697; baseline 0.002 -27"><span class='ocrx_word' id='word_1_402' title='bbox 2219 1616 2430 1684; x_wconf 79' lang='grc' dir='ltr'>Ἰησοῦς</span> <span class='ocrx_word' id='word_1_403' title='bbox 2483 1616 2826 1690; x_wconf 77' lang='grc' dir='ltr'>ὀνομάζεται,</span> <span class='ocrx_word' id='word_1_404' title='bbox 2878 1616 3065 1688; x_wconf 81' lang='grc' dir='ltr'>ἐπειδὴ</span> <span class='ocrx_word' id='word_1_405' title='bbox 3117 1620 3206 1673; x_wconf 80' lang='grc' dir='ltr'><strong>καὶ</strong></span> <span class='ocrx_word' id='word_1_406' title='bbox 3251 1621 3445 1694; x_wconf 74' lang='grc' dir='ltr'>Σωτὴρ</span> <span class='ocrx_word' id='word_1_407' title='bbox 3476 1621 3502 1674; x_wconf 86' lang='grc' dir='ltr'>ὁ</span> <span class='ocrx_word' id='word_1_408' title='bbox 3533 1622 3710 1689; x_wconf 74' lang='grc' dir='ltr'>Ἰησοῦς</span> <span class='ocrx_word' id='word_1_409' title='bbox 3735 1619 3798 1697; x_wconf 79' lang='grc' dir='ltr'><strong>ἐρ-</strong></span> 
     </span>
    </p>
   </div>
   <div class='ocr_carea' id='block_1_63' title="bbox 2225 1705 2528 1777">
    <p class='ocr_par' dir='ltr' id='par_1_63' title="bbox 2225 1705 2528 1777">
     <span class='ocr_line' id='line_1_63' title="bbox 2225 1705 2528 1777; baseline 0.017 -20"><span class='ocrx_word' id='word_1_410' title='bbox 2225 1705 2528 1777; x_wconf 79' lang='grc' dir='ltr'>μηνε·3εται.</span> 
     </span>
    </p>
   </div>
   <div class='ocr_carea' id='block_1_64' title="bbox 2287 1792 3792 1872">
    <p class='ocr_par' dir='ltr' id='par_1_64' title="bbox 2287 1792 3792 1872">
     <span class='ocr_line' id='line_1_64' title="bbox 2287 1792 3792 1872; baseline 0.001 -23"><span class='ocrx_word' id='word_1_411' title='bbox 2287 1796 2376 1849; x_wconf 84' lang='lat'><strong>20.</strong></span> <span class='ocrx_word' id='word_1_412' title='bbox 2419 1794 2634 1849; x_wconf 73' lang='grc' dir='ltr'>Τούτων</span> <span class='ocrx_word' id='word_1_413' title='bbox 2682 1792 2739 1849; x_wconf 70' lang='grc' dir='ltr'>δὲ</span> <span class='ocrx_word' id='word_1_414' title='bbox 2786 1797 2999 1850; x_wconf 76' lang='grc' dir='ltr'>πάντων</span> <span class='ocrx_word' id='word_1_415' title='bbox 3046 1796 3351 1870; x_wconf 84' lang='grc' dir='ltr'>γινόμένων</span> <span class='ocrx_word' id='word_1_416' title='bbox 3397 1802 3509 1859; x_wconf 81' lang='grc' dir='ltr'>τοῖς</span> <span class='ocrx_word' id='word_1_417' title='bbox 3553 1798 3792 1872; x_wconf 78' lang='grc' dir='ltr'><strong>πράγμασι,</strong></span> 
     </span>
    </p>
   </div>
   <div class='ocr_carea' id='block_1_65' title="bbox 2219 1882 3795 1961">
    <p class='ocr_par' dir='ltr' id='par_1_65' title="bbox 2219 1882 3795 1961">
     <span class='ocr_line' id='line_1_65' title="bbox 2219 1882 3795 1961; baseline 0.001 -24"><span class='ocrx_word' id='word_1_418' title='bbox 2219 1883 2307 1937; x_wconf 78' lang='grc' dir='ltr'><strong>καὶ</strong></span> <span class='ocrx_word' id='word_1_419' title='bbox 2359 1882 2670 1958; x_wconf 83' lang='grc' dir='ltr'>λεγομένων</span> <span class='ocrx_word' id='word_1_420' title='bbox 2718 1890 2834 1946; x_wconf 88' lang='grc' dir='ltr'>τοῖς</span> <span class='ocrx_word' id='word_1_421' title='bbox 2869 1884 3108 1960; x_wconf 71' lang='grc' dir='ltr'>ρήμασν,</span> <span class='ocrx_word' id='word_1_422' title='bbox 3141 1886 3175 1955; x_wconf 81' lang='grc' dir='ltr'>ἥ</span> <span class='ocrx_word' id='word_1_423' title='bbox 3210 1907 3268 1940; x_wconf 90' lang='grc' dir='ltr'><strong>τε</strong></span> <span class='ocrx_word' id='word_1_424' title='bbox 3312 1889 3595 1960; x_wconf 77' lang='grc' dir='ltr'>Θεομήτωρ</span> <span class='ocrx_word' id='word_1_425' title='bbox 3624 1887 3795 1961; x_wconf 68' lang='grc' dir='ltr'>Μαριὰμ</span> 
     </span>
    </p>
   </div>
   <div class='ocr_carea' id='block_1_66' title="bbox 2220 1973 3792 2052">
    <p class='ocr_par' dir='ltr' id='par_1_66' title="bbox 2220 1973 3792 2052">
     <span class='ocr_line' id='line_1_66' title="bbox 2220 1973 3792 2052; baseline 0.002 -25"><span class='ocrx_word' id='word_1_426' title='bbox 2220 1973 2513 2042; x_wconf 80' lang='grc' dir='ltr'>ἐξενίζετο,</span> <span class='ocrx_word' id='word_1_427' title='bbox 2572 1974 2661 2027; x_wconf 74' lang='grc' dir='ltr'><strong>καὶ</strong></span> <span class='ocrx_word' id='word_1_428' title='bbox 2720 1974 2748 2027; x_wconf 88' lang='grc' dir='ltr'><strong>ὁ</strong></span> <span class='ocrx_word' id='word_1_429' title='bbox 2809 1975 3108 2048; x_wconf 70' lang='grc' dir='ltr'>ωμπαρὼν</span> <span class='ocrx_word' id='word_1_430' title='bbox 3168 1977 3405 2052; x_wconf 68' lang='grc' dir='ltr'>Ἰωστήνρ</span> <span class='ocrx_word' id='word_1_431' title='bbox 3461 1975 3792 2047; x_wconf 66' lang='grc' dir='ltr'>ἀπεθαύμαζεν.</span> 
     </span>
    </p>
   </div>
   <div class='ocr_carea' id='block_1_67' title="bbox 2217 2060 3791 2138">
    <p class='ocr_par' dir='ltr' id='par_1_67' title="bbox 2217 2060 3791 2138">
     <span class='ocr_line' id='line_1_67' title="bbox 2217 2060 3791 2138; baseline -0.001 -19"><span class='ocrx_word' id='word_1_432' title='bbox 2217 2064 2409 2135; x_wconf 84' lang='grc' dir='ltr'>’Όμως</span> <span class='ocrx_word' id='word_1_433' title='bbox 2456 2063 2523 2116; x_wconf 72' lang='grc' dir='ltr'>τὰ</span> <span class='ocrx_word' id='word_1_434' title='bbox 2562 2060 2861 2137; x_wconf 71' lang='grc' dir='ltr'>δεδογμένα</span> <span class='ocrx_word' id='word_1_435' title='bbox 2901 2063 3214 2125; x_wconf 69' lang='grc' dir='ltr'>τελέσαντες</span> <span class='ocrx_word' id='word_1_436' title='bbox 3258 2069 3339 2136; x_wconf 83' lang='grc' dir='ltr'>τῷ</span> <span class='ocrx_word' id='word_1_437' title='bbox 3386 2065 3536 2136; x_wconf 81' lang='grc' dir='ltr'>νόμῳ</span> <span class='ocrx_word' id='word_1_438' title='bbox 3566 2108 3580 2132; x_wconf 91' lang='grc'><strong>,</strong></span> <span class='ocrx_word' id='word_1_439' title='bbox 3625 2064 3791 2138; x_wconf 76' lang='grc' dir='ltr'>ἐπείπερ</span> 
     </span>
    </p>
   </div>
   <div class='ocr_carea' id='block_1_68' title="bbox 2219 2151 3791 2232">
    <p class='ocr_par' dir='ltr' id='par_1_68' title="bbox 2219 2151 3791 2232">
     <span class='ocr_line' id='line_1_68' title="bbox 2219 2151 3791 2232; baseline 0.001 -27"><span class='ocrx_word' id='word_1_440' title='bbox 2219 2153 2426 2206; x_wconf 80' lang='grc' dir='ltr'>ἅπαντα</span> <span class='ocrx_word' id='word_1_441' title='bbox 2449 2155 2544 2206; x_wconf 87' lang='grc' dir='ltr'><strong>τοῦ</strong></span> <span class='ocrx_word' id='word_1_442' title='bbox 2573 2151 2746 2224; x_wconf 84' lang='grc' dir='ltr'>νόμου</span> <span class='ocrx_word' id='word_1_443' title='bbox 2779 2151 3026 2227; x_wconf 78' lang='grc' dir='ltr'>πληροῦν</span> <span class='ocrx_word' id='word_1_444' title='bbox 3062 2155 3088 2207; x_wconf 85' lang='grc' dir='ltr'>ὁ</span> <span class='ocrx_word' id='word_1_445' title='bbox 3121 2154 3349 2228; x_wconf 84' lang='grc' dir='ltr'>Χριστὸς</span> <span class='ocrx_word' id='word_1_446' title='bbox 3375 2154 3791 2232; x_wconf 77' lang='grc' dir='ltr'>παραγέγονε(57),</span> 
     </span>
    </p>
   </div>
   <div class='ocr_carea' id='block_1_69' title="bbox 2216 2238 3790 2318">
    <p class='ocr_par' dir='ltr' id='par_1_69' title="bbox 2216 2238 3790 2318">
     <span class='ocr_line' id='line_1_69' title="bbox 2216 2238 3790 2318; baseline -0.002 -23"><span class='ocrx_word' id='word_1_447' title='bbox 2216 2240 2306 2295; x_wconf 78' lang='grc' dir='ltr'><strong>καὶ</strong></span> <span class='ocrx_word' id='word_1_448' title='bbox 2336 2240 2629 2295; x_wconf 78' lang='grc' dir='ltr'>ἀνάπαυσιν</span> <span class='ocrx_word' id='word_1_449' title='bbox 2676 2238 2882 2295; x_wconf 82' lang='grc' dir='ltr'>διδόναι</span> <span class='ocrx_word' id='word_1_450' title='bbox 2926 2247 3045 2304; x_wconf 86' lang='grc' dir='ltr'>τοῖς</span> <span class='ocrx_word' id='word_1_451' title='bbox 3093 2247 3191 2297; x_wconf 79' lang='grc' dir='ltr'><strong>τοῦ</strong></span> <span class='ocrx_word' id='word_1_452' title='bbox 3229 2243 3404 2314; x_wconf 87' lang='grc' dir='ltr'>νόμου</span> <span class='ocrx_word' id='word_1_453' title='bbox 3433 2244 3790 2318; x_wconf 70' lang='grc' dir='ltr'>προστάγμασιν,</span> 
     </span>
    </p>
   </div>
   <div class='ocr_carea' id='block_1_70' title="bbox 2218 2328 3792 2406">
    <p class='ocr_par' dir='ltr' id='par_1_70' title="bbox 2218 2328 3792 2406">
     <span class='ocr_line' id='line_1_70' title="bbox 2218 2328 3792 2406; baseline 0 -22"><span class='ocrx_word' id='word_1_454' title='bbox 2218 2329 2295 2391; x_wconf 82' lang='grc' dir='ltr'><strong>εἰς</strong></span> <span class='ocrx_word' id='word_1_455' title='bbox 2325 2332 2564 2403; x_wconf 79' lang='grc' dir='ltr'>Ναζαρὲτ</span> <span class='ocrx_word' id='word_1_456' title='bbox 2616 2329 3026 2406; x_wconf 73' lang='grc' dir='ltr'>ἐπανέρχονται·</span> <span class='ocrx_word' id='word_1_457' title='bbox 3060 2329 3182 2394; x_wconf 83' lang='grc' dir='ltr'>ἔνθα</span> <span class='ocrx_word' id='word_1_458' title='bbox 3238 2331 3329 2386; x_wconf 82' lang='grc' dir='ltr'><strong>καὶ</strong></span> <span class='ocrx_word' id='word_1_459' title='bbox 3378 2332 3509 2405; x_wconf 80' lang='grc' dir='ltr'>πρὸς</span> <span class='ocrx_word' id='word_1_460' title='bbox 3553 2335 3635 2384; x_wconf 87' lang='grc' dir='ltr'><strong>τοῦ</strong></span> <span class='ocrx_word' id='word_1_461' title='bbox 3675 2328 3792 2404; x_wconf 72' lang='grc' dir='ltr'>ἀγγέ-</span> 
     </span>
    </p>
   </div>
   <div class='ocr_carea' id='block_1_71' title="bbox 2218 2413 3791 2494">
    <p class='ocr_par' dir='ltr' id='par_1_71' title="bbox 2218 2413 3791 2494">
     <span class='ocr_line' id='line_1_71' title="bbox 2218 2413 3791 2494; baseline -0.001 -20"><span class='ocrx_word' id='word_1_462' title='bbox 2218 2417 2320 2474; x_wconf 87' lang='grc' dir='ltr'><strong>λου</strong></span> <span class='ocrx_word' id='word_1_463' title='bbox 2349 2413 2593 2493; x_wconf 77' lang='grc' dir='ltr'>Γαϐριήλ</span> <span class='ocrx_word' id='word_1_464' title='bbox 2644 2418 3032 2494; x_wconf 73' lang='grc' dir='ltr'>εὐηγγελίσατο</span> <span class='ocrx_word' id='word_1_465' title='bbox 3061 2422 3096 2489; x_wconf 79' lang='grc' dir='ltr'>ἡ</span> <span class='ocrx_word' id='word_1_466' title='bbox 3127 2420 3220 2474; x_wconf 88' lang='grc' dir='ltr'><strong>τὸν</strong></span> <span class='ocrx_word' id='word_1_467' title='bbox 3274 2427 3504 2494; x_wconf 78' lang='grc' dir='ltr'>Σωτῆρα</span> <span class='ocrx_word' id='word_1_468' title='bbox 3545 2425 3613 2491; x_wconf 82' lang='grc' dir='ltr'>τῷ</span> <span class='ocrx_word' id='word_1_469' title='bbox 3646 2419 3791 2490; x_wconf 76' lang='grc' dir='ltr'>κόσμῳ</span> 
     </span>
    </p>
   </div>
   <div class='ocr_carea' id='block_1_72' title="bbox 2214 2506 3792 2583">
    <p class='ocr_par' dir='ltr' id='par_1_72' title="bbox 2214 2506 3792 2583">
     <span class='ocr_line' id='line_1_72' title="bbox 2214 2506 3792 2583; baseline -0.001 -22"><span class='ocrx_word' id='word_1_470' title='bbox 2214 2509 2562 2582; x_wconf 74' lang='grc' dir='ltr'>γεννήσασα,</span> <span class='ocrx_word' id='word_1_471' title='bbox 2621 2506 2672 2577; x_wconf 78' lang='grc' dir='ltr'><strong>ἐξ</strong></span> <span class='ocrx_word' id='word_1_472' title='bbox 2729 2507 2970 2582; x_wconf 82' lang='grc' dir='ltr'>ἀσπόρου</span> <span class='ocrx_word' id='word_1_473' title='bbox 3032 2509 3126 2582; x_wconf 76' lang='grc' dir='ltr'>μὶν</span> <span class='ocrx_word' id='word_1_474' title='bbox 3189 2507 3514 2583; x_wconf 70' lang='grc' dir='ltr'>συλλήψεως</span> <span class='ocrx_word' id='word_1_475' title='bbox 3565 2509 3792 2577; x_wconf 68' lang='grc' dir='ltr'>κυήσασα,</span> 
     </span>
    </p>
   </div>
   <div class='ocr_carea' id='block_1_73' title="bbox 2215 2593 3793 2671">
    <p class='ocr_par' dir='ltr' id='par_1_73' title="bbox 2215 2593 3793 2671">
     <span class='ocr_line' id='line_1_73' title="bbox 2215 2593 3793 2671; baseline -0.001 -21"><span class='ocrx_word' id='word_1_476' title='bbox 2215 2597 2481 2671; x_wconf 82' lang='grc' dir='ltr'>παρθένος</span> <span class='ocrx_word' id='word_1_477' title='bbox 2539 2593 2597 2650; x_wconf 75' lang='grc' dir='ltr'>δὲ</span> <span class='ocrx_word' id='word_1_478' title='bbox 2657 2598 2792 2669; x_wconf 81' lang='grc' dir='ltr'>μετᾶ</span> <span class='ocrx_word' id='word_1_479' title='bbox 2847 2598 3096 2671; x_wconf 73' lang='grc' dir='ltr'>γέννησιν</span> <span class='ocrx_word' id='word_1_480' title='bbox 3159 2597 3406 2670; x_wconf 78' lang='grc' dir='ltr'>μείνασα,</span> <span class='ocrx_word' id='word_1_481' title='bbox 3449 2597 3533 2652; x_wconf 77' lang='grc' dir='ltr'><strong>καὶ</strong></span> <span class='ocrx_word' id='word_1_482' title='bbox 3579 2593 3793 2650; x_wconf 56' lang='lat' dir='ltr'><strong>nimiis:-</strong></span> 
     </span>
    </p>
   </div>
   <div class='ocr_carea' id='block_1_74' title="bbox 2215 2685 3791 2762">
    <p class='ocr_par' dir='ltr' id='par_1_74' title="bbox 2215 2685 3791 2762">
     <span class='ocr_line' id='line_1_74' title="bbox 2215 2685 3791 2762; baseline -0.001 -24"><span class='ocrx_word' id='word_1_483' title='bbox 2215 2685 2449 2740; x_wconf 73' lang='grc' dir='ltr'>κνῦουσα</span> <span class='ocrx_word' id='word_1_484' title='bbox 2494 2691 2613 2747; x_wconf 83' lang='grc' dir='ltr'>τοῖς</span> <span class='ocrx_word' id='word_1_485' title='bbox 2662 2687 2978 2760; x_wconf 85' lang='grc' dir='ltr'>βλέπουσιν,</span> <span class='ocrx_word' id='word_1_486' title='bbox 3011 2687 3084 2748; x_wconf 86' lang='grc' dir='ltr'>ὡς</span> <span class='ocrx_word' id='word_1_487' title='bbox 3131 2685 3434 2762; x_wconf 81' lang='grc' dir='ltr'>ἐγνωρίσθη</span> <span class='ocrx_word' id='word_1_488' title='bbox 3477 2691 3597 2740; x_wconf 85' lang='grc' dir='ltr'><strong>Θεοῦ</strong></span> <span class='ocrx_word' id='word_1_489' title='bbox 3635 2686 3684 2738; x_wconf 84' lang='grc' dir='ltr'>τὸ</span> <span class='ocrx_word' id='word_1_490' title='bbox 3709 2690 3791 2737; x_wconf 84' lang='grc' dir='ltr'><strong>Σω-</strong></span> 
     </span>
    </p>
   </div>
   <div class='ocr_carea' id='block_1_75' title="bbox 2213 2772 3792 2852">
    <p class='ocr_par' dir='ltr' id='par_1_75' title="bbox 2213 2772 3792 2852">
     <span class='ocr_line' id='line_1_75' title="bbox 2213 2772 3792 2852; baseline -0.002 -24"><span class='ocrx_word' id='word_1_491' title='bbox 2213 2777 2427 2847; x_wconf 79' lang='grc' dir='ltr'>τήριον,</span> <span class='ocrx_word' id='word_1_492' title='bbox 2460 2774 2549 2828; x_wconf 77' lang='grc' dir='ltr'><strong>καὶ</strong></span> <span class='ocrx_word' id='word_1_493' title='bbox 2580 2775 2641 2828; x_wconf 86' lang='grc' dir='ltr'>τὸ</span> <span class='ocrx_word' id='word_1_494' title='bbox 2673 2779 2786 2852; x_wconf 64' lang='grc' dir='ltr'><strong>φῶς</strong></span> <span class='ocrx_word' id='word_1_495' title='bbox 2816 2780 2933 2836; x_wconf 89' lang='grc' dir='ltr'>τοῖς</span> <span class='ocrx_word' id='word_1_496' title='bbox 2963 2772 3160 2830; x_wconf 80' lang='grc' dir='ltr'>ἔθνεσιν</span> <span class='ocrx_word' id='word_1_497' title='bbox 3209 2772 3441 2849; x_wconf 72' lang='grc' dir='ltr'>ἔλαμψε·</span> <span class='ocrx_word' id='word_1_498' title='bbox 3474 2776 3555 2830; x_wconf 74' lang='grc' dir='ltr'><strong>καὶ</strong></span> <span class='ocrx_word' id='word_1_499' title='bbox 3599 2775 3662 2835; x_wconf 82' lang='grc' dir='ltr'>ὡς</span> <span class='ocrx_word' id='word_1_500' title='bbox 3695 2775 3792 2828; x_wconf 72' lang='grc' dir='ltr'>Θεοῦ</span> 
     </span>
    </p>
   </div>
   <div class='ocr_carea' id='block_1_76' title="bbox 2218 2861 3792 2941">
    <p class='ocr_par' dir='ltr' id='par_1_76' title="bbox 2218 2861 3792 2941">
     <span class='ocr_line' id='line_1_76' title="bbox 2218 2861 3792 2941; baseline -0.002 -25"><span class='ocrx_word' id='word_1_501' title='bbox 2218 2861 2534 2933; x_wconf 70' lang='grc' dir='ltr'>δικαιοσύνη</span> <span class='ocrx_word' id='word_1_502' title='bbox 2593 2863 2682 2917; x_wconf 88' lang='grc' dir='ltr'><strong>καὶ</strong></span> <span class='ocrx_word' id='word_1_503' title='bbox 2748 2863 3016 2940; x_wconf 70' lang='grc' dir='ltr'>λύτρωσις</span> <span class='ocrx_word' id='word_1_504' title='bbox 3074 2870 3205 2919; x_wconf 73' lang='grc' dir='ltr'>πᾶσι</span> <span class='ocrx_word' id='word_1_505' title='bbox 3255 2868 3356 2934; x_wconf 70' lang='grc' dir='ltr'>τῆς</span> <span class='ocrx_word' id='word_1_506' title='bbox 3403 2872 3500 2939; x_wconf 73' lang='grc' dir='ltr'>γῆς</span> <span class='ocrx_word' id='word_1_507' title='bbox 3548 2863 3682 2941; x_wconf 56' lang='grc' dir='ltr'>ἐφάνη</span> <span class='ocrx_word' id='word_1_508' title='bbox 3707 2866 3792 2920; x_wconf 79' lang='grc' dir='ltr'>τοῖς</span> 
     </span>
    </p>
   </div>
   <div class='ocr_carea' id='block_1_77' title="bbox 2216 2949 3789 3027">
    <p class='ocr_par' dir='ltr' id='par_1_77' title="bbox 2216 2949 3789 3027">
     <span class='ocr_line' id='line_1_77' title="bbox 2216 2949 3789 3027; baseline -0.012 -4"><span class='ocrx_word' id='word_1_509' title='bbox 2216 2952 2428 3026; x_wconf 71' lang='grc' dir='ltr'>πέρασι·</span> <span class='ocrx_word' id='word_1_510' title='bbox 2480 2952 2568 3006; x_wconf 69' lang='grc' dir='ltr'>καὶ</span> <span class='ocrx_word' id='word_1_511' title='bbox 2617 2949 2770 3022; x_wconf 78' lang='grc' dir='ltr'>δόξαν</span> <span class='ocrx_word' id='word_1_512' title='bbox 2819 2951 2946 3014; x_wconf 65' lang='grc' dir='ltr'>τοὺς</span> <span class='ocrx_word' id='word_1_513' title='bbox 2997 2950 3358 3027; x_wconf 77' lang='grc' dir='ltr'>δεδεγμένους</span> <span class='ocrx_word' id='word_1_514' title='bbox 3411 2950 3603 3008; x_wconf 77' lang='grc' dir='ltr'>ἐνέδυσε</span> <span class='ocrx_word' id='word_1_515' title='bbox 3649 2951 3789 3016; x_wconf 69' lang='grc' dir='ltr'><strong>Θεῖκὴν</strong></span> 
     </span>
    </p>
   </div>
   <div class='ocr_carea' id='block_1_78' title="bbox 2219 3037 3790 3120">
    <p class='ocr_par' dir='ltr' id='par_1_78' title="bbox 2219 3037 3790 3120">
     <span class='ocr_line' id='line_1_78' title="bbox 2219 3037 3790 3120; baseline -0.003 -24"><span class='ocrx_word' id='word_1_516' title='bbox 2219 3041 2360 3113; x_wconf 87' lang='grc' dir='ltr'>ὁμοῦ</span> <span class='ocrx_word' id='word_1_517' title='bbox 2390 3041 2480 3094; x_wconf 83' lang='grc' dir='ltr'><strong>καί</strong></span> <span class='ocrx_word' id='word_1_518' title='bbox 2512 3037 2707 3111; x_wconf 69' lang='grc' dir='ltr'>ἀίδιον,</span> <span class='ocrx_word' id='word_1_519' title='bbox 2739 3041 2827 3094; x_wconf 75' lang='grc' dir='ltr'><strong>καὶ</strong></span> <span class='ocrx_word' id='word_1_520' title='bbox 2859 3040 3035 3117; x_wconf 70' lang='grc' dir='ltr'>ῥεῦσιν</span> <span class='ocrx_word' id='word_1_521' title='bbox 3067 3043 3155 3097; x_wconf 83' lang='grc' dir='ltr'><strong>καὶ</strong></span> <span class='ocrx_word' id='word_1_522' title='bbox 3214 3043 3417 3120; x_wconf 69' lang='grc' dir='ltr'>φθορὰν</span> <span class='ocrx_word' id='word_1_523' title='bbox 3467 3042 3524 3097; x_wconf 77' lang='grc' dir='ltr'>οὗ</span> <span class='ocrx_word' id='word_1_524' title='bbox 3557 3043 3790 3116; x_wconf 77' lang='grc' dir='ltr'>γινώσκον-</span> 
     </span>
    </p>
   </div>
   <div class='ocr_carea' id='block_1_79' title="bbox 2221 3149 2331 3185">
    <p class='ocr_par' dir='ltr' id='par_1_79' title="bbox 2221 3149 2331 3185">
     <span class='ocr_line' id='line_1_79' title="bbox 2221 3149 2331 3185; baseline 0.027 -3"><span class='ocrx_word' id='word_1_525' title='bbox 2221 3149 2331 3185; x_wconf 86' lang='grc' dir='ltr'>σαν.</span> 
     </span>
    </p>
   </div>
   <div class='ocr_carea' id='block_1_80' title="bbox 2287 3215 3787 3295">
    <p class='ocr_par' dir='ltr' id='par_1_80' title="bbox 2287 3215 3787 3295">
     <span class='ocr_line' id='line_1_80' title="bbox 2287 3215 3787 3295; baseline -0.005 -21"><span class='ocrx_word' id='word_1_526' title='bbox 2287 3220 2376 3274; x_wconf 75' lang='grc' dir='ltr'>2ίε.</span> <span class='ocrx_word' id='word_1_527' title='bbox 2407 3219 2597 3290; x_wconf 80' lang='grc' dir='ltr'>Ἡμεῖς</span> <span class='ocrx_word' id='word_1_528' title='bbox 2657 3215 2736 3287; x_wconf 79' lang='grc' dir='ltr'>δὶ,</span> <span class='ocrx_word' id='word_1_529' title='bbox 2784 3220 2829 3273; x_wconf 83' lang='grc' dir='ltr'>ὦ</span> <span class='ocrx_word' id='word_1_530' title='bbox 2885 3219 3292 3290; x_wconf 78' lang='grc' dir='ltr'>ποθεινότατοι,</span> <span class='ocrx_word' id='word_1_531' title='bbox 3352 3219 3575 3295; x_wconf 72' lang='grc' dir='ltr'>καθάπερ</span> <span class='ocrx_word' id='word_1_532' title='bbox 3624 3217 3787 3283; x_wconf 78' lang='grc' dir='ltr'>ἐκεῖνοι,</span> 
     </span>
    </p>
   </div>
   <div class='ocr_carea' id='block_1_81' title="bbox 2214 3303 3788 3388">
    <p class='ocr_par' dir='ltr' id='par_1_81' title="bbox 2214 3303 3788 3388">
     <span class='ocr_line' id='line_1_81' title="bbox 2214 3303 3788 3388; baseline -0.004 -26"><span class='ocrx_word' id='word_1_533' title='bbox 2214 3307 2358 3362; x_wconf 68' lang='grc' dir='ltr'>οὕτω</span> <span class='ocrx_word' id='word_1_534' title='bbox 2409 3309 2626 3384; x_wconf 78' lang='grc' dir='ltr'>Χριστῷ</span> <span class='ocrx_word' id='word_1_535' title='bbox 2683 3312 2762 3380; x_wconf 79' lang='grc' dir='ltr'>τῷ</span> <span class='ocrx_word' id='word_1_536' title='bbox 2821 3313 2936 3380; x_wconf 84' lang='grc' dir='ltr'><strong>Θεῴ</strong></span> <span class='ocrx_word' id='word_1_537' title='bbox 2996 3313 3455 3386; x_wconf 76' lang='grc' dir='ltr'>συναντήσωμεν,</span> <span class='ocrx_word' id='word_1_538' title='bbox 3507 3303 3788 3388; x_wconf 59' lang='grc' dir='ltr'>σωφροσύνην</span> 
     </span>
    </p>
   </div>
   <div class='ocr_carea' id='block_1_82' title="bbox 2210 3392 3789 3474">
    <p class='ocr_par' dir='ltr' id='par_1_82' title="bbox 2210 3392 3789 3474">
     <span class='ocr_line' id='line_1_82' title="bbox 2210 3392 3789 3474; baseline -0.011 -10"><span class='ocrx_word' id='word_1_539' title='bbox 2210 3395 2529 3470; x_wconf 79' lang='grc' dir='ltr'>κομίζοντες</span> <span class='ocrx_word' id='word_1_540' title='bbox 2564 3444 2579 3470; x_wconf 91' lang='grc'><strong>,</strong></span> <span class='ocrx_word' id='word_1_541' title='bbox 2638 3397 2848 3472; x_wconf 76' lang='grc' dir='ltr'>ἁγνείαν</span> <span class='ocrx_word' id='word_1_542' title='bbox 2912 3399 3298 3474; x_wconf 73' lang='grc' dir='ltr'>βαστάζοντες,</span> <span class='ocrx_word' id='word_1_543' title='bbox 3358 3399 3567 3455; x_wconf 79' lang='grc' dir='ltr'>ἀκακίαν</span> <span class='ocrx_word' id='word_1_544' title='bbox 3613 3392 3789 3472; x_wconf 56' lang='grc' dir='ltr'>προσσέ-</span> 
     </span>
    </p>
   </div>
   <div class='ocr_carea' id='block_1_83' title="bbox 2212 3483 3788 3566">
    <p class='ocr_par' dir='ltr' id='par_1_83' title="bbox 2212 3483 3788 3566">
     <span class='ocr_line' id='line_1_83' title="bbox 2212 3483 3788 3566; baseline -0.004 -26"><span class='ocrx_word' id='word_1_545' title='bbox 2212 3506 2413 3558; x_wconf 86' lang='grc' dir='ltr'>ροντες,</span> <span class='ocrx_word' id='word_1_546' title='bbox 2473 3485 2772 3560; x_wconf 77' lang='grc' dir='ltr'>ἀμνηστίαν</span> <span class='ocrx_word' id='word_1_547' title='bbox 2831 3485 3182 3566; x_wconf 45' lang='grc' dir='ltr'>ἐμςςαίνοντες</span> <span class='ocrx_word' id='word_1_548' title='bbox 3221 3533 3235 3558; x_wconf 94' lang='grc'><strong>,</strong></span> <span class='ocrx_word' id='word_1_549' title='bbox 3298 3492 3659 3566; x_wconf 82' lang='grc' dir='ltr'>περισπασμῶν</span> <span class='ocrx_word' id='word_1_550' title='bbox 3703 3483 3788 3536; x_wconf 76' lang='grc' dir='ltr'>έαυ·</span> 
     </span>
    </p>
   </div>
   <div class='ocr_carea' id='block_1_84' title="bbox 2207 3572 3790 3652">
    <p class='ocr_par' dir='ltr' id='par_1_84' title="bbox 2207 3572 3790 3652">
     <span class='ocr_line' id='line_1_84' title="bbox 2207 3572 3790 3652; baseline 0.002 -24"><span class='ocrx_word' id='word_1_551' title='bbox 2207 3575 2334 3637; x_wconf 71' lang='grc' dir='ltr'>τοὺς</span> <span class='ocrx_word' id='word_1_552' title='bbox 2384 3574 2750 3652; x_wconf 77' lang='grc' dir='ltr'>ἀφορίζοντες,</span> <span class='ocrx_word' id='word_1_553' title='bbox 2808 3575 2898 3630; x_wconf 82' lang='grc' dir='ltr'><strong>καὶ</strong></span> <span class='ocrx_word' id='word_1_554' title='bbox 2957 3581 3073 3648; x_wconf 81' lang='grc' dir='ltr'><strong>Θεῷ</strong></span> <span class='ocrx_word' id='word_1_555' title='bbox 3131 3577 3410 3652; x_wconf 75' lang='grc' dir='ltr'>καθαροὺς</span> <span class='ocrx_word' id='word_1_556' title='bbox 3463 3572 3790 3651; x_wconf 78' lang='grc' dir='ltr'>προσκομίζον·</span> 
     </span>
    </p>
   </div>
   <div class='ocr_carea' id='block_1_85' title="bbox 2205 3663 3785 3744">
    <p class='ocr_par' dir='ltr' id='par_1_85' title="bbox 2205 3663 3785 3744">
     <span class='ocr_line' id='line_1_85' title="bbox 2205 3663 3785 3744; baseline -0.018 -7"><span class='ocrx_word' id='word_1_557' title='bbox 2205 3685 2312 3735; x_wconf 66' lang='grc' dir='ltr'><strong>τες»</strong></span> <span class='ocrx_word' id='word_1_558' title='bbox 2343 3663 2558 3739; x_wconf 76' lang='grc' dir='ltr'>τρόπων</span> <span class='ocrx_word' id='word_1_559' title='bbox 2611 3664 2928 3740; x_wconf 72' lang='grc' dir='ltr'>ἡμερότητα</span> <span class='ocrx_word' id='word_1_560' title='bbox 2972 3665 3248 3744; x_wconf 70' lang='grc' dir='ltr'>φέροντες,</span> <span class='ocrx_word' id='word_1_561' title='bbox 3283 3667 3373 3721; x_wconf 72' lang='grc' dir='ltr'><strong>καὶ</strong></span> <span class='ocrx_word' id='word_1_562' title='bbox 3420 3667 3482 3721; x_wconf 84' lang='grc' dir='ltr'>τὸ</span> <span class='ocrx_word' id='word_1_563' title='bbox 3518 3667 3635 3740; x_wconf 76' lang='grc' dir='ltr'>πρὸς</span> <span class='ocrx_word' id='word_1_564' title='bbox 3664 3663 3785 3716; x_wconf 70' lang='grc' dir='ltr'>ἄπαν-</span> 
     </span>
    </p>
   </div>
   <div class='ocr_carea' id='block_1_86' title="bbox 2205 3750 3783 3832">
    <p class='ocr_par' dir='ltr' id='par_1_86' title="bbox 2205 3750 3783 3832">
     <span class='ocr_line' id='line_1_86' title="bbox 2205 3750 3783 3832; baseline -0.002 -24"><span class='ocrx_word' id='word_1_565' title='bbox 2205 3775 2298 3815; x_wconf 85' lang='grc' dir='ltr'><strong>τας</strong></span> <span class='ocrx_word' id='word_1_566' title='bbox 2328 3754 2596 3828; x_wconf 73' lang='grc' dir='ltr'>προσηνὲς</span> <span class='ocrx_word' id='word_1_567' title='bbox 2625 3754 2713 3808; x_wconf 83' lang='grc' dir='ltr'><strong>καὶ</strong></span> <span class='ocrx_word' id='word_1_568' title='bbox 2744 3753 3096 3832; x_wconf 76' lang='grc' dir='ltr'>φιλάλληλον</span> <span class='ocrx_word' id='word_1_569' title='bbox 3149 3754 3393 3832; x_wconf 77' lang='grc' dir='ltr'>ἔχοντες.</span> <span class='ocrx_word' id='word_1_570' title='bbox 3429 3757 3523 3812; x_wconf 77' lang='grc' dir='ltr'>Καὶ</span> <span class='ocrx_word' id='word_1_571' title='bbox 3559 3754 3672 3830; x_wconf 81' lang='grc' dir='ltr'>πρὸς</span> <span class='ocrx_word' id='word_1_572' title='bbox 3695 3750 3783 3805; x_wconf 67' lang='grc' dir='ltr'>τοῦ-</span> 
     </span>
    </p>
   </div>
   <div class='ocr_carea' id='block_1_87' title="bbox 2203 3836 3784 3918">
    <p class='ocr_par' dir='ltr' id='par_1_87' title="bbox 2203 3836 3784 3918">
     <span class='ocr_line' id='line_1_87' title="bbox 2203 3836 3784 3918; baseline -0.002 -22"><span class='ocrx_word' id='word_1_573' title='bbox 2203 3862 2318 3905; x_wconf 88' lang='grc' dir='ltr'>τοις</span> <span class='ocrx_word' id='word_1_574' title='bbox 2352 3844 2512 3897; x_wconf 70' lang='grc' dir='ltr'>ἅπασι</span> <span class='ocrx_word' id='word_1_575' title='bbox 2542 3844 2642 3912; x_wconf 72' lang='grc' dir='ltr'>τὴν</span> <span class='ocrx_word' id='word_1_576' title='bbox 2673 3843 2808 3918; x_wconf 87' lang='grc' dir='ltr'>πρὸς</span> <span class='ocrx_word' id='word_1_577' title='bbox 2855 3843 3056 3906; x_wconf 75' lang='grc' dir='ltr'>πάντας</span> <span class='ocrx_word' id='word_1_578' title='bbox 3099 3848 3437 3918; x_wconf 75' lang='grc' dir='ltr'>συμπάθειαν</span> <span class='ocrx_word' id='word_1_579' title='bbox 3486 3836 3784 3918; x_wconf 76' lang='grc' dir='ltr'>ἄγοντες,καῖ</span> 
     </span>
    </p>
   </div>
   <div class='ocr_carea' id='block_1_88' title="bbox 2202 3927 3788 4011">
    <p class='ocr_par' dir='ltr' id='par_1_88' title="bbox 2202 3927 3788 4011">
     <span class='ocr_line' id='line_1_88' title="bbox 2202 3927 3788 4011; baseline -0.006 -25"><span class='ocrx_word' id='word_1_580' title='bbox 2202 3932 2293 3986; x_wconf 87' lang='grc' dir='ltr'><strong>τὸν</strong></span> <span class='ocrx_word' id='word_1_581' title='bbox 2328 3930 2387 3986; x_wconf 84' lang='grc' dir='ltr'>ὲκ</span> <span class='ocrx_word' id='word_1_582' title='bbox 2419 3933 2604 4006; x_wconf 75' lang='grc' dir='ltr'>ψυχῆς</span> <span class='ocrx_word' id='word_1_583' title='bbox 2636 3935 2952 4004; x_wconf 78' lang='grc' dir='ltr'>συμπαθοῦς</span> <span class='ocrx_word' id='word_1_584' title='bbox 2980 3933 3061 3987; x_wconf 78' lang='grc' dir='ltr'>ἀεὶ</span> <span class='ocrx_word' id='word_1_585' title='bbox 3092 3934 3505 4011; x_wconf 84' lang='grc' dir='ltr'>προερχόμενον</span> <span class='ocrx_word' id='word_1_586' title='bbox 3537 3930 3665 3988; x_wconf 78' lang='grc' dir='ltr'>ἔλεον</span> <span class='ocrx_word' id='word_1_587' title='bbox 3694 3927 3788 4004; x_wconf 71' lang='grc' dir='ltr'><strong>βλῦ.</strong></span> 
     </span>
    </p>
   </div>
   <div class='ocr_carea' id='block_1_89' title="bbox 2208 4015 3785 4097">
    <p class='ocr_par' dir='ltr' id='par_1_89' title="bbox 2208 4015 3785 4097">
     <span class='ocr_line' id='line_1_89' title="bbox 2208 4015 3785 4097; baseline 0 -23"><span class='ocrx_word' id='word_1_588' title='bbox 2208 4027 2428 4090; x_wconf 83' lang='grc' dir='ltr'>ζοντες,</span> <span class='ocrx_word' id='word_1_589' title='bbox 2489 4019 2631 4074; x_wconf 77' lang='grc' dir='ltr'>οὕτω</span> <span class='ocrx_word' id='word_1_590' title='bbox 2689 4021 2916 4097; x_wconf 83' lang='grc' dir='ltr'>Χριστὸν</span> <span class='ocrx_word' id='word_1_591' title='bbox 2975 4021 3268 4096; x_wconf 84' lang='grc' dir='ltr'>προσιόντα</span> <span class='ocrx_word' id='word_1_592' title='bbox 3329 4020 3629 4095; x_wconf 81' lang='grc' dir='ltr'>δεξώμεθα·</span> <span class='ocrx_word' id='word_1_593' title='bbox 3679 4015 3785 4070; x_wconf 66' lang='grc' dir='ltr'>οὕτω</span> 
     </span>
    </p>
   </div>
   <div class='ocr_carea' id='block_1_90' title="bbox 2204 4108 3784 4188">
    <p class='ocr_par' dir='ltr' id='par_1_90' title="bbox 2204 4108 3784 4188">
     <span class='ocr_line' id='line_1_90' title="bbox 2204 4108 3784 4188; baseline -0.005 -22"><span class='ocrx_word' id='word_1_594' title='bbox 2204 4110 2438 4184; x_wconf 81' lang='grc' dir='ltr'>Χριστὸν</span> <span class='ocrx_word' id='word_1_595' title='bbox 2517 4108 2891 4182; x_wconf 81' lang='grc' dir='ltr'>είσοικίσωμεν</span> <span class='ocrx_word' id='word_1_596' title='bbox 2927 4129 2938 4142; x_wconf 88' lang='grc'><strong>·</strong></span> <span class='ocrx_word' id='word_1_597' title='bbox 3001 4109 3144 4164; x_wconf 78' lang='grc' dir='ltr'>οὕτω</span> <span class='ocrx_word' id='word_1_598' title='bbox 3232 4113 3463 4188; x_wconf 76' lang='grc' dir='ltr'>Χριστὸν</span> <span class='ocrx_word' id='word_1_599' title='bbox 3534 4108 3784 4182; x_wconf 77' lang='grc' dir='ltr'>θεοπρεπῶς</span> 
     </span>
    </p>
   </div>
   <div class='ocr_carea' id='block_1_91' title="bbox 2204 4194 3786 4275">
    <p class='ocr_par' dir='ltr' id='par_1_91' title="bbox 2204 4194 3786 4275">
     <span class='ocr_line' id='line_1_91' title="bbox 2204 4194 3786 4275; baseline -0.004 -22"><span class='ocrx_word' id='word_1_600' title='bbox 2204 4198 2708 4274; x_wconf 81' lang='grc' dir='ltr'>ἐναγκαλισώμεθα,</span> <span class='ocrx_word' id='word_1_601' title='bbox 2739 4197 2829 4252; x_wconf 85' lang='grc' dir='ltr'><strong>καὶ</strong></span> <span class='ocrx_word' id='word_1_602' title='bbox 2861 4205 3224 4275; x_wconf 67' lang='grc' dir='ltr'>προφητικοῖς</span> <span class='ocrx_word' id='word_1_603' title='bbox 3270 4194 3786 4272; x_wconf 72' lang='grc' dir='ltr'>ἀνθομολογησώμεθι</span> 
     </span>
    </p>
   </div>
   <div class='ocr_carea' id='block_1_92' title="bbox 2204 4281 3784 4365">
    <p class='ocr_par' dir='ltr' id='par_1_92' title="bbox 2204 4281 3784 4365">
     <span class='ocr_line' id='line_1_92' title="bbox 2204 4281 3784 4365; baseline -0.005 -23"><span class='ocrx_word' id='word_1_604' title='bbox 2204 4287 2431 4365; x_wconf 74' lang='grc' dir='ltr'>ῥήμασι,</span> <span class='ocrx_word' id='word_1_605' title='bbox 2463 4288 2562 4355; x_wconf 81' lang='grc' dir='ltr'>τήν</span> <span class='ocrx_word' id='word_1_606' title='bbox 2593 4285 2756 4341; x_wconf 76' lang='grc' dir='ltr'>αὐτοῦ</span> <span class='ocrx_word' id='word_1_607' title='bbox 2803 4289 2939 4363; x_wconf 84' lang='grc' dir='ltr'>πρὸς</span> <span class='ocrx_word' id='word_1_608' title='bbox 2989 4289 3137 4361; x_wconf 75' lang='grc' dir='ltr'>ἡμᾶς</span> <span class='ocrx_word' id='word_1_609' title='bbox 3181 4288 3538 4362; x_wconf 82' lang='grc' dir='ltr'>ἆνυμνοῦντες</span> <span class='ocrx_word' id='word_1_610' title='bbox 3578 4281 3784 4362; x_wconf 78' lang='grc' dir='ltr'>προέλεν·</span> 
     </span>
    </p>
   </div>
   <div class='ocr_carea' id='block_1_93' title="bbox 2202 4370 3784 4454">
    <p class='ocr_par' dir='ltr' id='par_1_93' title="bbox 2202 4370 3784 4454">
     <span class='ocr_line' id='line_1_93' title="bbox 2202 4370 3784 4454; baseline -0.005 -23"><span class='ocrx_word' id='word_1_611' title='bbox 2202 4398 2306 4450; x_wconf 84' lang='grc' dir='ltr'>σιν,</span> <span class='ocrx_word' id='word_1_612' title='bbox 2333 4377 2420 4432; x_wconf 76' lang='grc' dir='ltr'><strong>καὶ</strong></span> <span class='ocrx_word' id='word_1_613' title='bbox 2452 4377 2512 4445; x_wconf 78' lang='grc' dir='ltr'>ἣν</span> <span class='ocrx_word' id='word_1_614' title='bbox 2545 4377 2680 4452; x_wconf 83' lang='grc' dir='ltr'>πρὸς</span> <span class='ocrx_word' id='word_1_615' title='bbox 2712 4379 2860 4450; x_wconf 74' lang='grc' dir='ltr'>ἡμᾶς</span> <span class='ocrx_word' id='word_1_616' title='bbox 2904 4377 3236 4450; x_wconf 75' lang='grc' dir='ltr'>συμπάθειαν</span> <span class='ocrx_word' id='word_1_617' title='bbox 3291 4377 3557 4454; x_wconf 64' lang='grc' dir='ltr'>εἴργασται</span> <span class='ocrx_word' id='word_1_618' title='bbox 3603 4370 3784 4448; x_wconf 75' lang='grc' dir='ltr'>μεγαλο-</span> 
     </span>
    </p>
   </div>
   <div class='ocr_carea' id='block_1_94' title="bbox 2203 4457 3787 4544">
    <p class='ocr_par' dir='ltr' id='par_1_94' title="bbox 2203 4457 3787 4544">
     <span class='ocr_line' id='line_1_94' title="bbox 2203 4457 3787 4544; baseline -0.004 -24"><span class='ocrx_word' id='word_1_619' title='bbox 2203 4468 2402 4544; x_wconf 71' lang='grc' dir='ltr'>φώνοις</span> <span class='ocrx_word' id='word_1_620' title='bbox 2431 4465 2789 4542; x_wconf 74' lang='grc' dir='ltr'>κηρύττοντες</span> <span class='ocrx_word' id='word_1_621' title='bbox 2837 4466 3118 4539; x_wconf 86' lang='grc' dir='ltr'>στόμασιν·</span> <span class='ocrx_word' id='word_1_622' title='bbox 3146 4465 3242 4522; x_wconf 66' lang='grc' dir='ltr'>’ίνα</span> <span class='ocrx_word' id='word_1_623' title='bbox 3289 4469 3378 4522; x_wconf 81' lang='grc' dir='ltr'><strong>καὶ</strong></span> <span class='ocrx_word' id='word_1_624' title='bbox 3432 4463 3678 4542; x_wconf 78' lang='grc' dir='ltr'>βασιλείας</span> <span class='ocrx_word' id='word_1_625' title='bbox 3717 4457 3787 4513; x_wconf 72' lang='grc' dir='ltr'><strong>οὐ·</strong></span> 
     </span>
    </p>
   </div>
   <div class='ocr_carea' id='block_1_95' title="bbox 444 4549 2106 4646">
    <p class='ocr_par' dir='ltr' id='par_1_95' title="bbox 444 4555 2086 4632">
     <span class='ocr_line' id='line_1_95' title="bbox 444 4555 2086 4632; baseline -0.003 -17"><span class='ocrx_word' id='word_1_626' title='bbox 444 4559 722 4616; x_wconf 71' lang='grc' dir='ltr'>οωιοτυω</span> <span class='ocrx_word' id='word_1_627' title='bbox 740 4555 1434 4632; x_wconf 84' lang='lat' dir='ltr'><strong>consequamur,etbonis</strong></span> <span class='ocrx_word' id='word_1_628' title='bbox 1450 4555 1820 4627; x_wconf 83' lang='lat' dir='ltr'><strong>perfruamur</strong></span> <span class='ocrx_word' id='word_1_629' title='bbox 1833 4555 2086 4611; x_wconf 62' lang='lat' dir='ltr'><strong>aternis:</strong></span> 
     </span>
    </p>
   </div>
   <div class='ocr_carea' id='block_1_96' title="bbox 2213 4549 3786 4646">
    <p class='ocr_par' dir='ltr' id='par_1_96' title="bbox 2213 4549 3786 4632">
     <span class='ocr_line' id='line_1_96' title="bbox 2213 4549 3786 4632; baseline -0.007 -21"><span class='ocrx_word' id='word_1_630' title='bbox 2213 4561 2378 4612; x_wconf 73' lang='grc' dir='ltr'>οανῶν</span> <span class='ocrx_word' id='word_1_631' title='bbox 2421 4554 2793 4630; x_wconf 67' lang='grc' dir='ltr'>ἐπι-τύχωμεν,</span> <span class='ocrx_word' id='word_1_632' title='bbox 2836 4555 2924 4609; x_wconf 78' lang='grc' dir='ltr'><strong>καὶ</strong></span> <span class='ocrx_word' id='word_1_633' title='bbox 2981 4555 3214 4610; x_wconf 85' lang='grc' dir='ltr'>αἰωνίων</span> <span class='ocrx_word' id='word_1_634' title='bbox 3268 4558 3475 4632; x_wconf 80' lang='grc' dir='ltr'>ἀγαθῶν</span> <span class='ocrx_word' id='word_1_635' title='bbox 3523 4549 3786 4610; x_wconf 66' lang='grc' dir='ltr'>ἀπολαύσω-</span> 
     </span>
    </p>
   </div>
   <div class='ocr_carea' id='block_1_97' title="bbox 444 4644 2088 4722">
    <p class='ocr_par' dir='ltr' id='par_1_97' title="bbox 444 4644 2088 4722">
     <span class='ocr_line' id='line_1_97' title="bbox 444 4644 2088 4722; baseline -0.002 -18"><span class='ocrx_word' id='word_1_636' title='bbox 444 4649 506 4704; x_wconf 88' lang='lat' dir='ltr'><strong>in</strong></span> <span class='ocrx_word' id='word_1_637' title='bbox 536 4647 664 4722; x_wconf 91' lang='lat' dir='ltr'><strong>ipso</strong></span> <span class='ocrx_word' id='word_1_638' title='bbox 695 4650 920 4706; x_wconf 91' lang='lat' dir='ltr'><strong>Christo</strong></span> <span class='ocrx_word' id='word_1_639' title='bbox 953 4654 1064 4704; x_wconf 91' lang='lat' dir='ltr'><strong>Deo</strong></span> <span class='ocrx_word' id='word_1_640' title='bbox 1098 4653 1320 4715; x_wconf 91' lang='lat' dir='ltr'><strong>nostro,</strong></span> <span class='ocrx_word' id='word_1_641' title='bbox 1355 4645 1449 4701; x_wconf 89' lang='lat' dir='ltr'><strong>cui</strong></span> <span class='ocrx_word' id='word_1_642' title='bbox 1480 4661 1613 4699; x_wconf 92' lang='lat' dir='ltr'><strong>cum</strong></span> <span class='ocrx_word' id='word_1_643' title='bbox 1647 4644 1866 4714; x_wconf 91' lang='lat' dir='ltr'><strong>optimo</strong></span> <span class='ocrx_word' id='word_1_644' title='bbox 1897 4649 2088 4715; x_wconf 86' lang='lat' dir='ltr'><strong>Patre,</strong></span> 
     </span>
    </p>
   </div>
   <div class='ocr_carea' id='block_1_98' title="bbox 445 4733 2088 4810">
    <p class='ocr_par' dir='ltr' id='par_1_98' title="bbox 445 4733 2088 4810">
     <span class='ocr_line' id='line_1_98' title="bbox 445 4733 2088 4810; baseline -0.004 -14"><span class='ocrx_word' id='word_1_645' title='bbox 445 4756 512 4796; x_wconf 87' lang='lat' dir='ltr'><strong>ac</strong></span> <span class='ocrx_word' id='word_1_646' title='bbox 543 4739 916 4796; x_wconf 88' lang='lat' dir='ltr'><strong>sanctissimo</strong></span> <span class='ocrx_word' id='word_1_647' title='bbox 974 4737 1195 4810; x_wconf 89' lang='lat' dir='ltr'><strong>Spiritu</strong></span> <span class='ocrx_word' id='word_1_648' title='bbox 1250 4735 1456 4809; x_wconf 87' lang='lat' dir='ltr'><strong>gloria,</strong></span> <span class='ocrx_word' id='word_1_649' title='bbox 1488 4733 1828 4805; x_wconf 89' lang='lat' dir='ltr'><strong>imperium,</strong></span> <span class='ocrx_word' id='word_1_650' title='bbox 1881 4735 2088 4806; x_wconf 90' lang='lat' dir='ltr'><strong>honor,</strong></span> 
     </span>
    </p>
   </div>
   <div class='ocr_carea' id='block_1_99' title="bbox 445 4823 2089 4900">
    <p class='ocr_par' dir='ltr' id='par_1_99' title="bbox 445 4823 2089 4900">
     <span class='ocr_line' id='line_1_99' title="bbox 445 4823 2089 4900; baseline -0.005 -14"><span class='ocrx_word' id='word_1_651' title='bbox 445 4829 708 4885; x_wconf 83' lang='lat' dir='ltr'><strong>adoratio</strong></span> <span class='ocrx_word' id='word_1_652' title='bbox 737 4835 793 4884; x_wconf 90' lang='lat' dir='ltr'><strong>et</strong></span> <span class='ocrx_word' id='word_1_653' title='bbox 849 4826 1304 4900; x_wconf 87' lang='lat' dir='ltr'><strong>magniﬁcentia,</strong></span> <span class='ocrx_word' id='word_1_654' title='bbox 1367 4839 1522 4879; x_wconf 88' lang='lat' dir='ltr'><strong>nunc</strong></span> <span class='ocrx_word' id='word_1_655' title='bbox 1552 4829 1608 4879; x_wconf 90' lang='lat' dir='ltr'><strong>et</strong></span> <span class='ocrx_word' id='word_1_656' title='bbox 1650 4839 1882 4895; x_wconf 87' lang='lat' dir='ltr'><strong>semper</strong></span> <span class='ocrx_word' id='word_1_657' title='bbox 1910 4827 1969 4879; x_wconf 90' lang='lat' dir='ltr'><strong>et</strong></span> <span class='ocrx_word' id='word_1_658' title='bbox 2027 4823 2089 4878; x_wconf 92' lang='lat' dir='ltr'><strong>in</strong></span> 
     </span>
    </p>
   </div>
   <div class='ocr_carea' id='block_1_100' title="bbox 445 4917 1303 4974">
    <p class='ocr_par' dir='ltr' id='par_1_100' title="bbox 445 4917 1303 4974">
     <span class='ocr_line' id='line_1_100' title="bbox 445 4917 1303 4974; baseline -0.008 0"><span class='ocrx_word' id='word_1_659' title='bbox 445 4919 657 4974; x_wconf 69' lang='lat' dir='ltr'><strong>secula</strong></span> <span class='ocrx_word' id='word_1_660' title='bbox 688 4917 1058 4974; x_wconf 67' lang='lat' dir='ltr'><strong>saeculorum.</strong></span> <span class='ocrx_word' id='word_1_661' title='bbox 1100 4920 1303 4972; x_wconf 82' lang='lat' dir='ltr'><strong>Amen.</strong></span> 
     </span>
    </p>
   </div>
   <div class='ocr_carea' id='block_1_101' title="bbox 517 5073 1915 5225">
    <p class='ocr_par' dir='ltr' id='par_1_101' title="bbox 517 5073 1915 5225">
     <span class='ocr_line' id='line_1_101' title="bbox 517 5073 1915 5225; baseline -0.004 -91"><span class='ocrx_word' id='word_1_662' title='bbox 517 5079 628 5225; x_wconf 50' lang='lat'><strong>(553</strong></span> <span class='ocrx_word' id='word_1_663' title='bbox 658 5080 795 5153; x_wconf 77' lang='lat' dir='ltr'><strong>Heg.</strong></span> <span class='ocrx_word' id='word_1_664' title='bbox 826 5083 880 5147; x_wconf 86' lang='lat'><strong>2,</strong></span> <span class='ocrx_word' id='word_1_665' title='bbox 912 5075 1001 5130; x_wconf 83' lang='grc' dir='ltr'><strong>καὶ</strong></span> <span class='ocrx_word' id='word_1_666' title='bbox 1030 5079 1099 5149; x_wconf 79' lang='grc' dir='ltr'>τῇ</span> <span class='ocrx_word' id='word_1_667' title='bbox 1141 5074 1304 5130; x_wconf 84' lang='grc' dir='ltr'>αὐτοῦ</span> <span class='ocrx_word' id='word_1_668' title='bbox 1336 5073 1592 5145; x_wconf 80' lang='grc' dir='ltr'>ἐπιπνοίᾳ</span> <span class='ocrx_word' id='word_1_669' title='bbox 1623 5074 1915 5148; x_wconf 80' lang='grc' dir='ltr'>ΙΙνεύματι.</span> 
     </span>
     <span class='ocr_line' id='line_1_102' title="bbox 517 5147 1332 5225; baseline 0 -20"><span class='ocrx_word' id='word_1_670' title='bbox 517 5152 607 5225; x_wconf 84' lang='grc'><strong>(56</strong></span> <span class='ocrx_word' id='word_1_671' title='bbox 659 5152 800 5224; x_wconf 84' lang='lat' dir='ltr'><strong>Reg.</strong></span> <span class='ocrx_word' id='word_1_672' title='bbox 833 5152 889 5219; x_wconf 82' lang='lat'><strong>2,</strong></span> <span class='ocrx_word' id='word_1_673' title='bbox 925 5147 1332 5223; x_wconf 75' lang='grc' dir='ltr'>ἀπολύτρωσιν.</span> 
     </span>
    </p>
   </div>
   <div class='ocr_carea' id='block_1_102' title="bbox 517 5147 1332 5225">
    <p class='ocr_par' dir='ltr' id='par_1_102' title="bbox 517 5147 1332 5225">
     <span class='ocr_line' id='line_1_103' title="bbox 517 5147 1332 5225; baseline 0 -20"><span class='ocrx_word' id='word_1_674' title='bbox 659 5147 800 5224; x_wconf 55' lang='lat' dir='ltr'><strong>Reg.</strong></span> <span class='ocrx_word' id='word_1_675' title='bbox 833 5152 889 5219; x_wconf 82' lang='lat'><strong>2,</strong></span> <span class='ocrx_word' id='word_1_676' title='bbox 925 5147 1332 5223; x_wconf 71' lang='grc' dir='ltr'>ἀπολῦτρωσιν.</span> 
     </span>
    </p>
   </div>
   <div class='ocr_carea' id='block_1_103' title="bbox 2204 4639 3782 4719">
    <p class='ocr_par' dir='ltr' id='par_1_103' title="bbox 2204 4639 3782 4719">
     <span class='ocr_line' id='line_1_104' title="bbox 2204 4639 3782 4719; baseline -0.006 -19"><span class='ocrx_word' id='word_1_677' title='bbox 2204 4666 2317 4718; x_wconf 83' lang='grc' dir='ltr'>μεν,</span> <span class='ocrx_word' id='word_1_678' title='bbox 2379 4644 2430 4699; x_wconf 77' lang='grc' dir='ltr'>έν</span> <span class='ocrx_word' id='word_1_679' title='bbox 2490 4641 2636 4716; x_wconf 81' lang='grc' dir='ltr'>αὐτῷ</span> <span class='ocrx_word' id='word_1_680' title='bbox 2697 4645 2915 4719; x_wconf 87' lang='grc' dir='ltr'>Χριστῷ</span> <span class='ocrx_word' id='word_1_681' title='bbox 2959 4649 3038 4716; x_wconf 82' lang='grc' dir='ltr'>τῷ</span> <span class='ocrx_word' id='word_1_682' title='bbox 3086 4648 3204 4718; x_wconf 76' lang='grc' dir='ltr'><strong>θεῷ</strong></span> <span class='ocrx_word' id='word_1_683' title='bbox 3251 4648 3436 4718; x_wconf 76' lang='grc' dir='ltr'>ἡμῶν,</span> <span class='ocrx_word' id='word_1_684' title='bbox 3489 4645 3595 4718; x_wconf 83' lang='grc' dir='ltr'>μεθ’</span> <span class='ocrx_word' id='word_1_685' title='bbox 3635 4640 3686 4694; x_wconf 80' lang='grc' dir='ltr'>οὗ</span> <span class='ocrx_word' id='word_1_686' title='bbox 3723 4639 3782 4706; x_wconf 78' lang='grc' dir='ltr'>τῷ</span> 
     </span>
    </p>
   </div>
   <div class='ocr_carea' id='block_1_104' title="bbox 2198 4725 3786 4808">
    <p class='ocr_par' dir='ltr' id='par_1_104' title="bbox 2198 4725 3786 4808">
     <span class='ocr_line' id='line_1_105' title="bbox 2198 4725 3786 4808; baseline -0.011 -19"><span class='ocrx_word' id='word_1_687' title='bbox 2198 4733 2493 4808; x_wconf 84' lang='grc' dir='ltr'>παναγάθῳ</span> <span class='ocrx_word' id='word_1_688' title='bbox 2524 4732 2693 4806; x_wconf 86' lang='grc' dir='ltr'>Πατρὶ</span> <span class='ocrx_word' id='word_1_689' title='bbox 2745 4732 2841 4786; x_wconf 58' lang='grc' dir='ltr'>καὶ</span> <span class='ocrx_word' id='word_1_690' title='bbox 2906 4737 2986 4805; x_wconf 77' lang='grc' dir='ltr'>τῷ</span> <span class='ocrx_word' id='word_1_691' title='bbox 3042 4734 3293 4808; x_wconf 75' lang='grc' dir='ltr'>παναγὶφ</span> <span class='ocrx_word' id='word_1_692' title='bbox 3350 4734 3621 4806; x_wconf 48' lang='lat' dir='ltr'><strong>nea-5,111,,</strong></span> <span class='ocrx_word' id='word_1_693' title='bbox 3673 4725 3786 4794; x_wconf 68' lang='grc' dir='ltr'>δόξα,</span> 
     </span>
    </p>
   </div>
   <div class='ocr_carea' id='block_1_105' title="bbox 2197 4817 3786 4898">
    <p class='ocr_par' dir='ltr' id='par_1_105' title="bbox 2197 4817 3786 4898">
     <span class='ocr_line' id='line_1_106' title="bbox 2197 4817 3786 4898; baseline -0.009 -21"><span class='ocrx_word' id='word_1_694' title='bbox 2197 4824 2415 4898; x_wconf 83' lang='grc' dir='ltr'>κράτος,</span> <span class='ocrx_word' id='word_1_695' title='bbox 2465 4821 2602 4893; x_wconf 74' lang='grc' dir='ltr'>τιμὴ</span> <span class='ocrx_word' id='word_1_696' title='bbox 2662 4819 2753 4874; x_wconf 77' lang='grc' dir='ltr'><strong>καὶ</strong></span> <span class='ocrx_word' id='word_1_697' title='bbox 2811 4819 3178 4896; x_wconf 71' lang='grc' dir='ltr'>προσκύνησις</span> <span class='ocrx_word' id='word_1_698' title='bbox 3235 4821 3325 4875; x_wconf 80' lang='grc' dir='ltr'><strong>καὶ</strong></span> <span class='ocrx_word' id='word_1_699' title='bbox 3388 4817 3786 4894; x_wconf 74' lang='grc' dir='ltr'>μεγαλοπρέπεια,</span> 
     </span>
    </p>
   </div>
   <div class='ocr_carea' id='block_1_106' title="bbox 2197 4903 3788 4974">
    <p class='ocr_par' dir='ltr' id='par_1_106' title="bbox 2197 4903 3788 4974">
     <span class='ocr_line' id='line_1_107' title="bbox 2197 4903 3788 4974; baseline -0.004 -8"><span class='ocrx_word' id='word_1_700' title='bbox 2197 4916 2288 4966; x_wconf 91' lang='grc' dir='ltr'><strong>νῦν</strong></span> <span class='ocrx_word' id='word_1_701' title='bbox 2322 4909 2410 4964; x_wconf 82' lang='grc' dir='ltr'><strong>καὶ</strong></span> <span class='ocrx_word' id='word_1_702' title='bbox 2442 4908 2524 4964; x_wconf 82' lang='grc' dir='ltr'>ἀεὶ</span> <span class='ocrx_word' id='word_1_703' title='bbox 2553 4908 2643 4962; x_wconf 82' lang='grc' dir='ltr'><strong>καὶ</strong></span> <span class='ocrx_word' id='word_1_704' title='bbox 2676 4907 2750 4970; x_wconf 81' lang='grc' dir='ltr'>εἷς</span> <span class='ocrx_word' id='word_1_705' title='bbox 2799 4907 2926 4970; x_wconf 75' lang='grc' dir='ltr'>τοὺς</span> <span class='ocrx_word' id='word_1_706' title='bbox 2970 4908 3164 4972; x_wconf 73' lang='grc' dir='ltr'>αἰῶνας</span> <span class='ocrx_word' id='word_1_707' title='bbox 3212 4914 3320 4965; x_wconf 82' lang='grc' dir='ltr'>τῶν</span> <span class='ocrx_word' id='word_1_708' title='bbox 3376 4909 3595 4963; x_wconf 82' lang='grc' dir='ltr'>αἰώνων.</span> <span class='ocrx_word' id='word_1_709' title='bbox 3624 4903 3788 4974; x_wconf 72' lang='grc' dir='ltr'>Ἀμήν.</span> 
     </span>
    </p>
   </div>
   <div class='ocr_carea' id='block_1_107' title="bbox 2280 5071 3022 5147">
    <p class='ocr_par' dir='ltr' id='par_1_107' title="bbox 2280 5071 3022 5147">
     <span class='ocr_line' id='line_1_108' title="bbox 2280 5071 3022 5147; baseline -0.001 -18"><span class='ocrx_word' id='word_1_710' title='bbox 2280 5076 2394 5147; x_wconf 87' lang='grc'>(57)</span> <span class='ocrx_word' id='word_1_711' title='bbox 2425 5073 2565 5146; x_wconf 83' lang='lat' dir='ltr'><strong>Reg.</strong></span> <span class='ocrx_word' id='word_1_712' title='bbox 2597 5073 2652 5144; x_wconf 82' lang='lat'><strong>2,</strong></span> <span class='ocrx_word' id='word_1_713' title='bbox 2683 5071 3022 5146; x_wconf 78' lang='grc' dir='ltr'>παρεγένετο.</span> 
     </span>
    </p>
   </div>
  </div>
