4026 6204
223 342 378 403 1001

1211 341 1545 404 HOMILIA
1589 343 1666 402 ΙΝ
1717 341 1994 402 CAECUM
2045 343 2093 398 A
2140 338 2643 402 NA'l‘lVl'l‘ATE.

3486 343 3642 405 1002

1176 614 1246 670 ΙΝ
1291 613 1651 670 l-IOMILIAM
1692 613 1783 669 DE
1823 612 2021 669 CIECO
2062 611 2248 667 ΝΑΤο
2287 610 2710 667 ADMONITIO.

290 739 415 794 Non
473 743 552 794 est
605 740 751 812 quod
806 742 864 796 in
921 741 1147 813 hujusce
1201 741 1455 798 homitige
1482 738 1662 808 νοθείᾳ
1716 737 2196 794 commonstranda
2254 738 2352 792 diu
2408 740 2786 808 immorentur,
2826 754 2951 793 cum
2982 739 3249 794 orationis
3275 754 3468 809 genus,
3499 753 3653 794 voces

212 829 533 898 caeteraque
556 830 744 884 omnia
771 831 1090 901 scriptorem
1114 828 1357 901 prodant
1387 828 1685 884 Athanasio
1719 828 1884 899 longe
1913 827 2210 897 imparem.
2260 827 2324 880 Et
2379 840 2502 880 vero
2554 841 2665 878 non
2731 841 2800 880 ex
2853 826 3069 882 vocibus
3124 834 3178 882 et
3231 827 3374 898 ston
3430 831 3650 882 tantum

212 918 425 983 spuria
482 918 585 973 illa
639 917 1071 988 deprehenditur
1119 937 1142 974 ,ο

1198 936 1322 975 cum
1381 919 1555 973 multa
1583 918 1963 989 complectatur
1992 918 2198 988 inepta,
2228 919 2280 970 et
2306 917 2492 985 sagaci
2523 916 2709 986 quovis
2742 914 2980 982 homine,
3014 932 3083 971 ne
3112 915 3290 972 dicam
3320 915 3645 985 Athanasio,

211 1003 500 1072 indigna;
530 1014 592 1062 ut
616 1011 695 1063 est
723 1007 866 1064 illud
895 1009 965 1064 de
995 1009 1250 1066 Samuete
1273 1008 1544 1082 propheta
1599 1012 1985 1076 commentum,
2045 1009 2098 1062 et
2151 1005 2384 1072 similia,
2439 1019 2558 1075 qua
2616 1003 2806 1060 lectori
2855 1007 3040 1077 primo
3089 1010 3309 1079 aspectu
3365 1013 3651 1064 occurrent

205 1096 586 1153 observanda.

1386 1335 1513 1388 ΤΟΥ
1552 1331 1636 1385 EN
1678 1329 1912 1385 ΑῘῚΟΙΣ
1957 1330 2228 1386 ΙΙΑΤΡΟΣ
2271 1330 2458 1386 ΗΜΩΝ

1575 1470 2306 1569 ΑΘΑΝΑΣΙΟΥ

1157 1635 1270 1707 (58)
1309 1635 1560 1691 ΟΜΙᾹΙΑ
1603 1635 1713 1690 ΕΙΣ
1754 1634 1886 1691 ΤΟΝ
1927 1635 2020 1690 ΕΚ
2059 1635 2370 1691 ΓΕΝΕΤΗΣ
2413 1635 2694 1690 ΤΥΦΑΟΝ

1345 1909 1436 2001 S.
1491 1909 1594 2000 P.
1647 1909 1756 2002 N.
1829 1909 2505 2003 ATHANASII

1316 2077 1390 2126 IN
1421 2077 1673 2128 C/ECUM
1707 2081 1745 2127 Α
1785 2077 2195 2127 NATIVITATE
2240 2078 2544 2128 ιιοΜιιιΑ.

272 2377 326 2430 1.
369 2369 856 2429 Πολυσποῦδαστόν
905 2372 1014 2429 ἐστι
1070 2379 1230 2429 πᾶσιν
1281 2373 1589 2449 ἀνθρώποις
1633 2373 1696 2428 τὸ
1753 2378 1861 2428 τῶν
1892 2377 1946 2440 Α

192 2462 408 2538 γονέων
466 2461 776 2537 γλύκασμα,
836 2464 1083 2538 γνήσιον,
1142 2463 1382 2534 ποΟητὸν
1439 2465 1598 2536 (59),
1657 2463 1858 2524 παντὸς

196 2551 443 2627 χρυσίου
499 2553 848 2627 τιμιώτερον.
909 2552 1022 2609 Οὐκ
1079 2549 1217 2607 ἔστιν
1270 2552 1320 2606 ἐν
1374 2557 1456 2624 τῷ
1494 2551 1719 2626 παρόντι
1757 2550 1859 2627 βίῳ

197 2646 454 2717 γονεῦσιν
506 2641 1058 2714 ἀντισταθμιζόμενον
1109 2649 1313 2714 κτῆμα.
1349 2642 1555 2717 Χρυσὸ..
1585 2639 1858 2702 πολλάκις

197 2729 540 2785 ἀπόλλυται·
589 2730 788 2806 γονέων
847 2728 904 2785 δὲ
959 2729 1184 2808 φίλτρον
1229 2730 1290 2785 οὐ
1342 2731 1672 2806 μαραίνεται.
1725 2735 1856 2804 ’Ἁρ-

196 2840 370 2896 γυρος
402 2818 674 2880 πολλάκις
722 2820 916 2873 ἱοῦται·
967 2825 1070 2874 τῶν
1123 2817 1179 2875 δὲ
1227 2820 1596 2895 γεννησάντων
1639 2821 1693 2874 αἱ
1724 2817 1854 2874 ὡδῖ-

195 2929 285 2968 νες
339 2905 402 2959 οὐ
458 2911 760 2979 μειοῦνται.
814 2909 1155 2982 Μαργαρῖται
1198 2904 1468 2968 πολλάκις
1519 2903 1852 2984 διαφθείρον-

193 3015 316 3050 ται·
345 2993 551 3069 γονέων
585 2993 642 3049 δὲ
669 2993 871 3069 δάκρυα
895 3000 973 3066 τῷ
1008 2996 1189 3070 Κυρίῳ
1218 2994 1590 3070 παρίστανται.
1627 2996 1718 3050 Διὸ
1766 2996 1853 3049 καὶ

193 3091 310 3140 τῶν
372 3083 572 3160 γονέων
634 3084 696 3138 τὸ
749 3085 931 3157 τίμιον
989 3087 1023 3153 ἡ
1087 3085 1204 3138 θεία
1263 3086 1446 3162 Γραφή
1496 3085 1852 3160 γνωρίζουσα,

197 3179 458 3246 παραινεῖ
506 3177 619 3234 τοῖς
664 3173 871 3234 τέκνοις
925 3173 1106 3248 βοῶσα
1142 3193 1153 3204 ·
1196 3195 1220 3226 α
1268 3174 1329 3228 Ὁ
1373 3173 1692 3250 κακολογῶν
1750 3195 1851 3227 πα-

197 3265 332 3336 τέρα
376 3264 410 3330 ἧ
466 3260 695 3336 μητέρα,
749 3261 960 3334 θανάτῳ
1005 3260 1329 3318 τελευτάτω.
1369 3287 1389 3313 ι
1426 3269 1577 3316 Ἔστι
1610 3261 1667 3316 δὲ
1715 3262 1852 3316 πάν-

197 3373 312 3412 τως
377 3352 543 3407 εὶπεῖν
571 3370 710 3405 τινα⁶
746 3351 844 3404 Καὶ
888 3351 936 3405 εί
966 3349 1428 3427 περισπούδαστόν
1481 3351 1591 3406 ἐστι
1635 3352 1696 3406 τὸ
1743 3356 1848 3405 τῶν

193 3441 404 3514 γονέων
456 3439 770 3514 γλῦκασμα,
819 3440 965 3501 τίνος
997 3437 1170 3494 ἕνεκεν
1228 3443 1255 3495 6
1288 3436 1450 3494 Δαϐὶδ
1498 3443 1623 3502 τοὺς
1674 3446 1852 3515 γονεῖς

196 3524 519 3583 διαϐάλλων
550 3525 753 3602 ἔλεγεν·
792 3553 819 3580 ‹‹
851 3530 910 3584 Ὁ
945 3531 1133 3602 lla-:7]?
1171 3551 1274 3601 μου
1322 3531 1410 3584 καὶ
1441 3531 1476 3598 ἡ
1514 3532 1696 3604 μήτηρ
1745 3551 1850 3602 μου

197 3617 555 3692 ἐγκατέλιπόν
607 3635 691 3689 με·
745 3618 772 3672 6
822 3615 878 3671 δὲ
923 3617 1115 3691 Κύριος
1167 3613 1534 3692 προσελάϐετό
1589 3637 1697 3690 με;
1735 3643 1760 3668 n
1791 3617 1851 3670 Τί

195 3707 410 3781 λέγεις,
443 3708 487 3760 ὼ
519 3705 664 3783 φίλε,
695 3707 832 3780 πρὸς
879 3706 946 3760 τὰ
991 3705 1230 3781 παρόντα
1261 3727 1274 3775 ;
1307 3709 1512 3766 Παντὸς
1556 3707 1851 3778 κτίσματος

196 3795 533 3868 τιμιώτερον
589 3796 651 3850 τὸ
705 3801 811 3851 τῶν
868 3795 1066 3872 γονέων
1128 3794 1437 3869 γλύκασμα·
1496 3796 1572 3868 μὴ
1629 3795 1728 3870 γὰρ
1779 3795 1854 3858 ὡς

197 3885 338 3957 πρὸς
390 3885 482 3938 τὸν
526 3883 864 3960 δημιουργὸν
913 3888 1022 3940 τῶν
1075 3884 1324 3938 ἁπάντων
1374 3883 1540 3939 Θεὸν·
1593 3883 1692 3938 οὐκ
1743 3882 1853 3939 ἔστι

198 3975 406 4045 κτίσμα
460 3974 647 4047 κτίστῃ
701 3975 1050 4050 συγκριθῆναι
1113 3971 1430 4046 δυνάμενον.
1485 3973 1542 4028 Εἰ
1589 3973 1684 4045 μὲν
1730 3975 1794 4041 ἦν
1826 3973 1854 4026 6

199 4057 370 4116 Δαϐἱδ
433 4061 686 4134 εἰρηκώςι
725 4086 752 4113 ‹‹
786 4063 847 4119 Ὁ
896 4067 1075 4134 πατήρ
1130 4084 1236 4134 μου
1291 4061 1379 4116 καὶ
1431 4064 1465 4130 ἡ
1523 4064 1706 4135 μήτηρ
1750 4082 1854 4134 μου

197 4149 555 4227 ἐγκατέλιπον
593 4173 678 4224 με,
716 4177 741 4203 ››
777 4146 1099 4206 ἀντελάϐετο
1150 4149 1206 4204 δέ
1257 4173 1362 4224 μου
1412 4152 1438 4205 ὁ
1482 4149 1649 4218 δεῖνα,
1682 4153 1709 4206 6
1741 4151 1852 4225 γεί-

193 4242 398 4308 των,ἢ
444 4240 471 4294 6
530 4241 813 4314 συγγενὴς,
872 4241 964 4308 ἢὸ
1022 4239 1206 4318 φίλος,
1266 4240 1339 4302 ὡς
1396 4240 1703 4295 ὑπεναντίον
1746 4237 1854 4294 διε-

195 4325 424 4384 ϐεῧαίου
479 4331 611 4402 (60)·
646 4328 693 4382 εἷ
739 4326 796 4383 δὲ
854 4329 941 4383 καὶ
989 4334 1096 4383 τῶν
1141 4329 1341 4404 γονέων
1389 4329 1481 4384 τὸν
1530 4328 1722 4404 Κύριον
1775 4328 1856 4382 εὐ-

197 4416 642 4493 σπλαγχνότερον
691 4418 1025 4496 ἀπεφήνατο,
1076 4417 1165 4473 καὶ
1211 4417 1339 4481 τοὺς
1387 4424 1568 4494 γονεῖς
1617 4417 1716 4474 οὐκ
1769 4417 1854 4472 ἐν-

197 4502 412 4581 ύϐρισε,
439 4507 524 4560 καὶ
557 4507 647 4561 τὸν
681 4508 808 4561 Θεὸν
843 4504 1106 4578 ἐδόξασεν.

273 4778 331 4829 2.
366 4773 527 4834 Τίνος
562 4769 619 4828 δὶ
663 4774 825 4850 χάριν
875 4775 902 4828 ὁ
954 4769 1120 4828 Δαϐἶδ
1170 4791 1484 4847 προσηκατο
1523 4774 1618 4834 τὰς
1649 4771 1852 4828 συλλα-

200 4859 326 4933 ϐὰς,
362 4862 558 4937 λέγων·
591 4886 612 4911 ι
635 4869 694 4920 '0
725 4866 909 4937 Πατήρ
946 4885 1048 4936 μου
1080 4863 1166 4917 καὶ
1207 4865 1234 4931 ἦ
1275 4866 1456 4938 μήτηρ
1485 4885 1588 4935 μου
1641 4861 1853 4938 ἐγκοιτὲ-

202 4951 367 5006 λιπόν
424 4972 508 5023 με’
563 4953 590 5005 ὁ
644 4949 700 5006 δὲ
752 4953 952 5028 Κύριος
1006 4946 1328 5006 ἀντελάϐετό
1360 4953 1472 5025 (61)
1507 4973 1572 5024 με
1607 4969 1620 5020 ;
1655 4975 1682 5002 ››
1717 4956 1855 5008 ’Ίστε

196 5043 399 5102 πάντες
450 5044 656 5117 σασῶς,
709 5039 808 5094 ὅσα
850 5061 909 5095 τε
953 5038 1264 5117 φιλόλογοι,
1317 5045 1432 5101 πῶς
1476 5043 1503 5095 6
1543 5045 1648 5095 τῶν
1684 5041 1852 5094 ἁπάν-

2052 2377 2101 2430 1.
2136 2377 2381 2431 Summa
2411 2392 2552 2432 cura
2581 2375 2920 2432 hominibus
2963 2375 3243 2434 colendus
3300 2381 3389 2434 est
3444 2377 3635 2436 dulcis

1972 2462 2091 2530 ille,
2150 2479 2490 2535 germanus,
2541 2463 2972 2530 desiderabilis,
3005 2464 3212 2537 quovis
3241 2482 3382 2522 auro
3414 2465 3630 2539 pretio-

1970 2554 2108 2621 sior,
2143 2557 2454 2625 parentum
2478 2552 2853 2609 amonNullaa
2883 2557 3020 2609 sunt
3048 2554 3107 2610 in
3143 2555 3247 2612 hac
3277 2556 3397 2612 vita
3447 2555 3634 2612 facul-

1968 2647 2118 2698 tates
2147 2643 2489 2715 parentibus
2519 2643 2948 2715 comparandas.
2983 2648 3206 2700 Aurum
3239 2661 3390 2716 saepe
3448 2647 3618 2717 perit,

1969 2738 2275 2803 parentum
2307 2738 2502 2788 autem
2532 2749 2698 2788 umor
2728 2748 2842 2788 non
2871 2733 3616 2806 exstinguitur.Argentum

1965 2822 2312 2895 plerumque
2342 2822 2669 2894 rubiginem
2705 2821 3014 2890 contrahit,
3048 2827 3358 2894 parentum
3417 2828 3614 2879 autem

1965 2929 2100 2977 erga
2148 2911 2366 2983 prolem
2401 2912 2642 2967 affectus
2671 2928 2790 2966 non
2824 2911 3465 2984 minuiturMargaritzs
3498 2929 3613 2968 non

1967 3017 2096 3055 raro
2127 3004 2922 3072 corrumpuntur,parentum
2954 3015 3087 3055 vero
3119 2999 3388 3073 lacrymze
3416 3018 3613 3057 coram

1965 3089 2079 3144 Deo
2111 3089 2424 3144 sistuntur.
2466 3089 2856 3152 Quamobrem
2890 3089 3085 3145 divina
3114 3089 3440 3162 Scriptura,
3470 3089 3617 3145 indi-

1963 3197 2104 3234 cans
2135 3184 2392 3249 quantus
2423 3178 2499 3234 sit
2530 3179 2714 3234 honor
2743 3194 2882 3252 erga
2902 3183 3173 3250 parentes
3195 3179 3616 3246 habendus,sic

1963 3274 2163 3323 monet
2194 3267 2366 3333 ﬁlios,
2401 3267 2737 3324 exclamans
2771 3284 2784 3324 :
2819 3291 2847 3318 ‹‹
2879 3267 2988 3333 Qui
3019 3267 3316 3324 maledicit
3348 3268 3497 3339 patri
3529 3267 3615 3323 vel

1964 3357 2158 3422 matri,
2191 3361 2374 3411 morte
2408 3355 2692 3410 moriatur
2721 3356 2784 3412 (⁵³.
2840 3377 2868 3405 ››
2925 3356 3036 3411 Sed
3105 3355 3351 3411 fortasse
3408 3356 3619 3411 dixerit

1962 3445 2276 3517 quispiam.
2337 3445 2396 3499 Si
2450 3450 2612 3499 tanta
2643 3462 2782 3500 cura
2814 3446 2967 3501 306
2999 3445 3279 3500 colendus
3309 3450 3397 3501 est
3427 3445 3618 3500 dulcis

1963 3533 2058 3589 ille
2088 3550 2225 3605 erga
2255 3539 2528 3605 parentes
2550 3535 2812 3599 affectus,
2871 3533 3008 3606 quid
3068 3551 3258 3589 causa:
3318 3539 3408 3589 est
3463 3535 3615 3605 quod

1962 3623 2139 3677 David
2175 3629 2445 3695 parentes
2476 3639 2762 3678 accusans
2794 3623 3002 3678 dixerit
3041 3639 3053 3676 :
3095 3644 3122 3676 α
3153 3627 3324 3678 Pater
3354 3638 3518 3677 meus
3561 3627 3620 3677 et

1887 3745 1932 3809 B
1966 3719 2152 3767 mater
2182 3729 2309 3768 mea
2338 3711 2780 3783 dereliqucrunt
2810 3729 2936 3780 me;
2970 3712 3256 3768 Dominus
3284 3716 3478 3766 autem
3531 3728 3622 3767 as-

1965 3800 2222 3872 sumpsit
2278 3818 2370 3856 me
2402 3801 2491 3855 “‘I
2525 3823 2552 3850 »
2585 3800 2732 3865 Quid
2767 3802 2838 3856 ad
2875 3802 2991 3856 haec
3025 3802 3134 3866 ais,
3167 3798 3414 3856 dilecte?
3446 3799 3620 3855 Omni

1965 3896 2230 3945 creatura
2255 3888 2560 3961 pretiosior
2581 3905 2705 3944 esse
2727 3890 2899 3944 debet
2920 3888 3110 3944 dulcis
3135 3887 3231 3944 ille
3258 3905 3395 3960 erga
3417 3905 3619 3959 paren-

1965 3984 2052 4035 tes
2083 3979 2344 4047 aii'ectus,
2381 3993 2486 4032 nec
2516 3982 2712 4033 tamen
2745 3993 2878 4031 cum
2926 3981 3037 4033 Deo
3090 3975 3354 4032 omnium
3413 3976 3618 4050 opiﬁce

1965 4066 2398 4139 comparandus
2433 4083 2444 4119 :
2480 4065 2642 4120 nulla
2671 4065 2885 4137 quippe
2914 4069 3002 4121 est
3031 4069 3298 4122 creatura
3323 4083 3449 4138 qua:
3481 4083 3617 4122 cum

1963 4160 2230 4210 Creatore
2263 4155 2510 4210 conferri
2543 4154 2746 4226 possit.
2779 4154 2836 4209 Si
2868 4153 3048 4209 David
3082 4157 3393 4226 postquam
3426 4154 3569 4210 dixit
3602 4169 3614 4208 :

1967 4267 1994 4296 ‹‹
2029 4245 2196 4299 Pater
2226 4260 2392 4299 meus
2424 4248 2480 4298 et
2509 4247 2696 4299 mater
2724 4259 2853 4299 mea
2884 4243 3325 4316 dereliquerunt
3348 4259 3460 4311 me,
3479 4245 3621 4300 nad-

1955 4332 2328 4405 jecisset,llle
2352 4333 2591 4404 quidam
2621 4332 2874 4398 vicinus,
2889 4337 2990 4388 aut
3020 4337 3327 4404 cognatus,
3344 4337 3445 4387 aut
3469 4332 3618 4388 ami-

1963 4439 2067 4477 cus
2098 4420 2358 4494 suscepit
2389 4437 2513 4488 me;
2550 4422 2605 4476 id
2639 4422 2807 4493 quasi
2837 4437 2904 4477 ex
2930 4422 3174 4477 adverso
3233 4421 3612 4477 afﬁrmasset.

1964 4511 2125 4575 Quod
2146 4511 2224 4566 sit
2245 4509 2433 4582 magis
2457 4526 2630 4582 quam
2663 4514 2932 4581 parentes
2963 4509 3400 4566 misericordem
3437 4511 3616 4566 Deum

1965 4598 2382 4672 pronuntiavit,
2417 4598 2761 4671 parentibus
2785 4599 3064 4672 injuriam
3095 4616 3211 4656 non
3244 4599 3473 4666 fecit,et
3503 4599 3619 4655 Deo

1965 4689 2212 4760 gloriam
2248 4687 2427 4743 dedit.

2034 4780 2086 4831 2.
2123 4776 2268 4840 Quid
2295 4793 2487 4832 causae
2520 4782 2608 4832 est
2636 4782 2857 4848 autem,
2907 4776 3061 4848 quod
3121 4775 3298 4832 David
3364 4775 3623 4850 syllabas

1965 4867 2206 4938 apponit
2237 4866 2436 4920 dicens
2470 4882 2482 4919 :
2520 4888 2547 4915 ‹‹
2583 4865 2754 4920 Pater
2785 4881 2950 4920 meus
2981 4870 3037 4920 et
3069 4869 3255 4920 mater
3285 4881 3416 4922 mea
3455 4867 3621 4924 dere-

1967 4954 2268 5025 liqueruut
2326 4971 2439 5022 me,
2501 4954 2786 5009 Dominus
2830 4957 3025 5009 autem
3054 4954 3382 5026 assumpsit
3413 4954 3549 5011 me?
3591 4979 3614 5009 ι

1965 5044 2140 5098 Gnari
2175 5059 2379 5098 omnes
2410 5043 2574 5112 estis,
2607 5047 2804 5114 utpote
2853 5042 3121 5099 lectionis
3175 5043 3450 5111 studiosi,
3509 5061 3622 5115 quo

192 5151 310 5184 των
342 5131 471 5191 Θεὸς
506 5126 846 5204 βουλόμενος
879 5131 970 5184 τὸν
1007 5129 1208 5198 Σαοὺλ,
1243 5130 1317 5192 ὡς
1350 5129 1580 5208 φαῦλον,
1609 5137 1708 5200 τῆς
1763 5130 1850 5204 βα-
1884 5111 1908 5176 (

1972 5137 2133 5203 pacto
2165 5133 2429 5188 omnium
2461 5111 2614 5187 Deus
2647 5111 2779 5187 cum
2812 5131 2985 5188 vellet
3013 5131 3489 5206 Saulem,utpote
3516 5111 3623 5190 im-

197 5217 410 5280 σιλείας
443 5217 802 5289 διαδέξασθαι,
835 5219 924 5274 καὶ
971 5221 1061 5273 τὸν
1097 5213 1284 5291 Δαόὶδ,
1316 5219 1389 5280 ὠς
1437 5218 1619 5297 φίλον,
1653 5219 1728 5280 εἷς
1755 5220 1854 5287 τήν

270 5365 318 5399 ⁸³
350 5363 527 5420 Exod.
559 5379 676 5432 xxi,
711 5363 799 5420 17.
877 5364 923 5399 ⁸⁸
952 5362 1108 5420 Psal.
1144 5379 1295 5436 xxvx,
1332 5364 1420 5420 10.

272 5505 383 5580 (ξᾷ)
415 5507 558 5580 εἶρε.
601 5504 656 5572 1,
689 5500 904 5580 ὁμιλία.
934 5504 1073 5577 Reg.
1107 5506 1177 5580 2,_
1198 5521 1331 5580 cum
1364 5505 1564 5575 editis,
1594 5500 1780 5580 λόγος.

293 5576 388 5650 59)
421 5575 504 5650 l_ta
536 5591 679 5650 mss.
715 5575 1050 5650 Edijiiyero,
1082 5575 1348 5650 ποθηρόν.

425 5648 513 5704 Ita
542 5647 680 5720 Reg.
713 5648 768 5704 2.
805 5645 953 5704 Editi
984 5642 1312 5716 autemﬂbc
1349 5646 1434 5702 ὑπ’
1467 5645 1713 5702 ἐναντίων
1747 5642 1854 5701 διε-

532 5775 798 5837 Ριτιιοι.
846 5775 959 5837 Gn.
1003 5775 1279 5838 XXVIII.

1967 5223 2215 5294 probum
2250 5221 2546 5276 hominem
2584 5237 2758 5292 regno
2793 5220 3080 5292 abdicare,
3113 5227 3170 5277 et
3201 5223 3500 5293 Davidem,
3556 5228 3623 5280 ut

1967 5495 2274 5558 ϐεϐαιοῦτο.

2038 5575 2150 5649 (ﬁt)
2183 5578 2319 5646 Reg.
2369 5575 2404 5627 2
2451 5574 2637 5649 solus,
2686 5569 3076 5649 προσελάϐετο.
3112 5575 3256 5633 Item
3309 5575 3479 5645 ibid.,
3528 5593 3617 5647 με,

1968 5651 2025 5702 et
2053 5646 2134 5702 ita
2163 5661 2416 5719 semper.
2451 5647 2622 5716 Editi,
2657 5646 2781 5720 pou.

3218 5774 3298 5834 32
