4102 6218
16 700 27 841 ξ

16 848 29 1055 1l

28 784 31 791 ι

72 1012 85 1027 Ι

416 364 573 433 1003
1580 368 1641 428 s.
1692 362 2315 429 ATHANASIUS.—
2346 362 2651 430 SPURIA.
3440 455 3453 461 δ
3678 370 3839 433 1004

415 505 693 560 dilectum
725 502 859 570 sibi,
890 517 1137 575 regnum
1164 502 1345 569 adire,
1379 501 1713 558 ministrum
1748 517 1920 557 suum
1955 500 2049 554 mi-

2182 496 2458 573 βασιλείαν
2512 500 2889 575 προσήκασθαι
2945 500 3058 574 (62)
3106 499 3433 557 ἀποστέλλει
3490 502 3584 558 τὸν
3641 503 3837 559 ἑαυτοῦ

415 593 558 650 serit
583 591 913 648 Samuelem
944 592 1015 647 ad
1047 592 1290 648 domum
1321 596 1635 664 parentum
1668 590 1868 656 David,
1888 605 2067 646 cornu

418 683 696 738 ferentem
728 680 1136 748 ordinationis,
1169 679 1496 751 dixeritque
1552 678 1807 736 Samueli
1872 678 2064 735 Domi-

416 787 531 827 nus
559 770 809 842 “:Perge
822 771 891 825 ad
909 770 1149 825 domum
1169 770 1434 835 Jessae,et
1465 786 1616 842 unge
1636 768 1779 824 mihi
1804 785 1987 824 unum
2002 785 2069 823 ex

417 859 555 915 filiis
584 859 714 930 ejus
744 858 802 914 in
834 875 1049 932 regem.
1082 857 1314 915 Samuel
1346 864 1541 914 autem
1571 861 1641 913 ad
1676 856 2067 913 ministerium

416 946 1229 1020 missus,responditDomino
1245 964 1257 1001 :
1276 951 1528 1019 Ecquem
1554 944 2070 1003 ordinabo‘Hndica

414 1036 934 1106 nomen,Domine,
956 1039 1019 1091 ut
1050 1035 1396 1108 diligentius
1429 1036 1500 1091 ad
1527 1037 1701 1107 jussa
1730 1040 1833 1091 tua
1862 1050 2067 1107 prope-

414 1127 717 1183 rem.Tum
748 1124 1033 1182 Dominus
1056 1126 1127 1181 ad
1153 1125 1483 1182 Samuelem
1505 1142 1518 1182 :
1540 1123 1684 1181 Nolo
1714 1124 1867 1180 scias
1893 1139 2065 1195 quem

412 1215 843 1282 constituerim,
877 1231 947 1271 ne
984 1214 1154 1286 quasi
1186 1231 1498 1287 personam
1529 1211 1844 1287 acceperis,
1898 1229 2067 1268 accu-

413 1320 561 1361 sere.
594 1304 784 1360 Habes
813 1320 995 1360 cornu
1022 1303 1429 1369 ordinationis,
1466 1303 1523 1358 in
1557 1319 1732 1376 quem
1764 1299 2069 1358 inclinabi-

408 1396 508 1449 tur
536 1397 805 1460 cornu,et
825 1391 1017 1448 oleum
1051 1392 1370 1461 emanabit,
1403 1391 1567 1447 illum
1601 1391 1746 1447 mihi
1778 1389 2069 1447 constitue

409 1481 780 1556 regem.Cum
813 1498 994 1537 cornu
1028 1486 1226 1539 teneas
1253 1483 1406 1553 quod
1433 1480 1656 1537 nullam
1682 1496 2065 1554 personarum

410 1570 807 1644 acceptionem
838 1571 1132 1628 facturum
1163 1575 1271 1640 est,
1306 1587 1378 1626 ne
1433 1570 1680 1628 moleste
1734 1570 1907 1626 feras.
1965 1567 2067 1624 His

409 1661 628 1718 auditis
675 1659 930 1731 Samuel,
988 1660 1160 1732 quasi
1219 1678 1253 1716 a
1304 1659 1421 1717 Deo
1448 1664 1685 1733 accepta
1715 1657 2063 1731 cognitione,

409 1750 791 1819 statim,haud
824 1750 1004 1806 dubio
1036 1749 1470 1822 pede,accurrit
1492 1748 1563 1804 ad
1588 1749 1828 1804 domum
1861 1747 2062 1814 Jessae,

2181 582 2430 642 διάκονον
2465 586 2734 661 Σαμουὴλ
2768 587 2844 650 εἷς
2889 589 2981 644 τὸν
3028 588 3176 644 οἷκον
3227 595 3336 646 τῶν
3367 589 3573 667 γονέων
3604 596 3698 647 τοῦ
3729 598 3835 648 Δα-

2179 670 2268 731 ϐὶδ
2299 678 2433 751 (63),
2466 676 2853 755 ἐπιφερόμενον
2902 678 2964 732 τὸ
2995 676 3152 755 κέρας
3199 686 3301 749 τῆς
3341 682 3708 756 χειροτονίας,
3740 681 3834 737 λέ-

2176 786 2287 842 γων
2318 766 2453 841 πρὸς
2496 766 2589 820 τὸν
2634 764 2904 839 Σαμουὴλ
2952 767 2980 821 6
3033 767 3251 844 Κύριος·
3289 769 3582 845 Πορευθείς
3633 769 3709 832 εἷς
3738 771 3831 826 τὸν

2179 855 2325 910 οἶκον
2357 856 2569 927 Ἰεσσαὶ,
2602 855 2793 931 χρῖσόν
2829 876 2923 928 μοι
2952 852 3047 911 ἕνα
3075 862 3183 912 τῶν
3239 859 3372 912 υἱῶν
3422 857 3587 914 αὐτοῦ
3618 858 3693 922 εἷς
3730 861 3833 936 βα-

2179 941 2351 1001 σιλέα.
2385 945 2446 1001 Ὁ
2478 941 2534 999 δὲ
2567 942 2833 1019 Σαμουὴλ
2888 944 2962 1007 ὡς
3016 945 3089 1007 εἰς
3139 943 3412 1002 διακονίαν
3463 945 3832 1022 στελλόμενος

2179 1034 2505 1108 ἀντερήσατο
2554 1036 2666 1109 (64)
2722 1034 2858 1111 πρὸς
2905 1035 2998 1089 τὸν
3047 1034 3266 1109 Κύριον,
3317 1034 3512 1113 λέγων’
3564 1036 3664 1091 Καὶ
3711 1037 3833 1092 τίνα

2178 1122 2663 1199 προχειρίσομαι;
2722 1121 2859 1199 Λέγε
2917 1145 3011 1198 μοι
3068 1126 3131 1180 τὸ
3186 1119 3379 1199 ὄνομα,
3412 1125 3694 1195 Δέσποτα,
3742 1123 3836 1180 ἵνα

2179 1208 2595 1287 σπουδαιότερον
2646 1211 2782 1287 πρὸς
2828 1212 2892 1267 τὸ
2941 1209 3133 1268 δοκοῦν
3196 1234 3280 1268 σοι
3338 1208 3715 1288 διαϐήσωμαι.
3766 1215 3831 1272 Ὁ

2178 1296 2237 1355 δὲ
2267 1300 2467 1375 Κύριος
2497 1301 2632 1376 πρὸς
2677 1301 2770 1355 τὸν
2812 1300 3101 1374 Σαμουήλ’
3135 1301 3212 1359 Οὐ
3263 1301 3406 1367 θέλω
3456 1323 3515 1358 σε
3543 1303 3831 1378 γινώσκειν

2174 1390 2266 1444 τὸν
2298 1388 2810 1466 προχειριζόμενον,
2836 1388 2929 1445 ’ἱνα
2964 1392 3041 1463 μή
3074 1392 3147 1454 ὡς
3175 1389 3667 1468 προσωπολήπτης
3715 1389 3836 1447 δια-

2177 1472 2416 1553 ϐληθῇς.
2448 1485 2638 1555 Ἔχεις
2666 1479 2729 1535 τὸ
2758 1479 2917 1556 κὲρας
2966 1486 3067 1551 τῆς
3118 1481 3487 1556 χειροτονίας,
3520 1480 3659 1536 ὅπου
3691 1479 3738 1536 δ’
3767 1481 3829 1536 ἂν

2176 1566 2437 1623 ἐπινεύσει
2481 1568 2543 1623 τὸ
2584 1568 2766 1644 κέρας,
2816 1568 2905 1623 καὶ
2952 1570 3014 1624 τὸ
3064 1566 3249 1624 ἔλαιον
3300 1569 3571 1644 λιμνάσει,
3623 1568 3828 1626 ἐκεῖνον

2180 1677 2273 1726 μοι
2303 1656 2655 1734 προχείρισον
2686 1660 2794 1731 (65)
2824 1658 2901 1721 εἷς
2954 1657 3199 1733 βασιλέα.
3242 1660 3499 1734 Κατέχων
3541 1659 3606 1714 τὸ
3640 1660 3827 1736 κέρας,

2173 1744 2685 1822 ἀπροσωπὸληπτον
2746 1743 3054 1817 διαιτητήν,
3116 1744 3392 1820 μηδαμῶς
3451 1743 3773 1824 δυσχέραινι
3809 1792 3824 1805 .

408 1855 583 1910 quem
617 1838 699 1894 sic
731 1837 1256 1912 alloquiturzMisit
1287 1853 1379 1893 me
1410 1836 1696 1893 Dominus
1726 1836 2049 1892 ordinatum

2171 1838 2345 1889 Ταῦτα
2402 1834 2633 1897 ἀκούσας
2691 1835 2719 1889 6
2779 1834 3071 1909 Σαμουὴλ,
3102 1836 3192 1890 καὶ
3246 1836 3321 1899 ὡς
3368 1836 3516 1910 παρά
3561 1841 3695 1892 Θεοῦ
3722 1838 3826 1907 τὴν

411 1886 583 1910 τη.-.
617 1886 698 1894 -.-
732 1886 1040 1912 “-1---”
1066 1886 1255 1894 ._._-__-
1288 1886 1379 1893 ...-
1410 1886 1695 1893 --ηηηπ
1730 1886 2049 1892 ---ω----

408 1945 476 1984 ex
505 1928 640 1984 ﬁliis
672 1928 788 1984 tuis
819 1944 1004 1983 unum
1036 1927 1097 1983 in
1134 1942 1352 2000 regem.
1411 1925 1730 1983 Confestim
1788 1926 1954 1982 Jesse
2008 1936 2049 1981 ei

2171 1886 2371 1999 se...
2406 1886 2715 1997 satis“;
2765 1886 2964 1988 εξὸἕῷἐ
2982 1886 3539 2003 ᾝεςέιζέιεὶᾷφζὲξι
3565 1886 3826 2003 me;

408 2034 554 2074 uxor
578 2018 708 2087 ejus
737 2016 923 2072 ﬁlium
951 2032 1128 2071 suum
1163 2016 1483 2087 producere
1513 2019 1652 2071 natu
1685 2014 1964 2087 primum,
1997 2017 2063 2069 ut

407 2105 502 2177 qui
538 2106 1064 2178 primogenitorum
1109 2105 1575 2160 benedictionem
1608 2108 1888 2176 gestaret,
1911 2110 1970 2159 et
1998 2107 2063 2158 ut

406 2194 560 2250 inter
589 2194 802 2251 liberos
832 2210 971 2251 suos
1000 2198 1224 2250 rectum
1257 2193 1523 2249 ordinem
1540 2190 2060 2249 servaret.Samuel

407 2287 601 2339 autem
632 2284 865 2340 elevans
896 2283 1093 2339 statim
1126 2299 1389 2350 manum,
1423 2300 1489 2338 ac
1519 2298 1647 2338 sese
1694 2283 1766 2337 ad
1812 2270 2055 2337 ordina-

404 2371 622 2428 tionem
692 2387 1054 2445 componens
1087 2411 1101 2438 ,
1158 2370 1560 2443 inclinatoque
1615 2387 1794 2427 cornu
1829 2412 1842 2432 .
1901 2370 2052 2442 prio-

402 2476 525 2517 rem
585 2460 808 2533 absque
864 2459 1228 2517 ordinatione
1286 2461 1549 2527 dimisit,
1607 2460 1773 2525 oleo,
1828 2477 1898 2516 ex
1956 2461 2052 2515 Dei

403 2549 815 2618 nutu,el‘lluere
844 2549 1249 2606 nolente.Cum
1280 2555 1477 2605 autem
1511 2549 1595 2605 illi
1626 2554 1869 2606 cunctos
1902 2548 2052 2605 ﬁlios

401 2655 537 2695 suos
567 2643 774 2712 praeter
793 2638 1068 2695 Davidem
1100 2639 1465 2706 adduxisset,
1496 2641 1910 2695 abscesserunt
1930 2654 2051 2694 om.

399 2742 504 2784 nes
536 2727 701 2783 vacui
733 2744 839 2783 nec
868 2727 1140 2784 ordinati.

2301 2011 2388 2067 é‘
2485 2012 2498 2029 ’
2624 2013 2660 2043 τ
2862 2017 2888 2027 ”
2951 2013 2987 2069 Ἰ
3125 2013 3139 2031 ‘
3223 2011 3287 2068 λὲ
3533 2015 3548 2033 ⁸
3684 2013 3698 2035 ’
3804 2034 3820 2047 ·

2175 2033 2270 2086 μεν
2330 2032 2390 2066 πι
2447 2033 2538 2068 τον
2595 2033 2740 2068 οικον
2795 2033 2892 2067 του
2993 2033 3162 2082 εσσαι,
3290 2034 3398 2089 γων
3449 2034 3585 2090 προς
3641 2016 3799 2070 αυτόν

2169 2100 2482 2157 ’Δπέστειλέ
2555 2123 2623 2175 με
2680 2103 2708 2158 6
2767 2101 2968 2178 Κύριος
3046 2101 3497 2178 προχειρίσασθαι
3564 2100 3659 2159 ἕνα
3711 2108 3824 2159 τῶν

2167 2191 2298 2245 υἱῶν
2332 2211 2428 2246 σου
2460 2191 2535 2253 εἱς
2568 2189 2816 2267 βασιλέα.
2849 2189 3065 2253 Εὐθέως
3099 2187 3156 2246 δὲ
3186 2193 3214 2246 ὁ
3247 2191 3441 2247 Ἰεσσαὶ
3481 2193 3573 2248 καὶ
3622 2194 3659 2263 ἡ
3687 2191 3816 2248 τού-

2162 2300 2261 2334 του
2307 2280 2519 2355 γαμετὴ
2565 2279 2657 2335 τὸν
2711 2283 2926 2356 πρῶτον
2971 2280 3086 2335 υἱὸν
3146 2275 3535 2354 προεϐίϐασαν,
3583 2281 3662 2345 ὡς
3714 2281 3815 2351 τὴν

2164 2367 2416 2444 εὐλογίαν
2468 2373 2576 2424 τῶν
2628 2368 2991 2445 πρωτοτόκων
3046 2368 3396 2445 βαστάζοντα,
3448 2369 3540 2425 καὶ
3590 2369 3643 2425 ἐν
3693 2375 3811 2433 τοῖς

2158 2459 2366 2521 τέκνοις
2423 2459 2520 2528 τὴν
2580 2458 2820 2530 εὐταξίαν
2879 2456 3234 2535 φυλάττοντα.
3286 2460 3347 2516 Ὁ
3400 2456 3459 2514 δὲ
3515 2458 3807 2533 Σαμουὴλ,

2161 2546 2357 2611 εὐθέως
2386 2548 2485 2617 τὴν
2532 2554 2695 2625 χεῖρα
2740 2548 2981 2623 ὑψώσας,
3014 2547 3103 2603 καὶ
3150 2548 3287 2625 πρὸς
3334 2550 3436 2618 τήν
3466 2547 3811 2625 χειροτονίαν

2157 2636 2581 2712 σχηματισθεὶς,
2627 2636 2717 2692 καὶ
2757 2637 2819 2692 τὸ
2867 2635 3026 2714 κέρας
3078 2636 3377 2708 ἐπινεύσας,
3428 2635 3663 2693 ἀπέλυσε
3718 2637 3809 2692 τὸν

2156 2727 2372 2798 πρῶτον
2435 2724 2858 2800 ἀχειροτόνητον
2894 2770 2908 2797 ,
2968 2724 3098 2797 θείῳ
3165 2724 3391 2797 νεύματι
3463 2729 3562 2779 τοῦ
3622 2724 3807 2781 ἐλαίου

399 2818 582 2890 στάξαι
618 2818 694 2892 μή
732 2817 1118 2895 βουληθέντος.
1150 2819 1238 2881 Ὠς
1267 2815 1359 2873 ἕνα
1385 2814 1606 2873 ἕκαστον
1632 2822 1740 2873 τῶν
1770 2816 1899 2871 υἱῶν
1932 2814 2096 2871 αὐτοῦ
2124 2816 2435 2891 παρήγαγεν
2471 2815 2616 2889 αὐτῷ
2645 2814 2797 2879 ἐκτὸς
2828 2820 2923 2871 τοῦ
2955 2810 3142 2886 Δαϐὶδ,
3176 2815 3509 2891 ὑπέστρεψαν
3534 2817 3587 2871 οἱ
3616 2818 3811 2879 πάντες

399 2905 545 2963 λιτοὶ
576 2909 683 2982 (69)
715 2908 805 2962 καὶ
838 2907 1270 2984 ἀχειροτόνητοι.

469 2997 618 3054 3.Iis
650 3000 1049 3070 porrovacuis
1081 2996 1723 3072 regressis,Samuclem
1754 2997 1920 3052 Jesse
1950 3012 2054 3068 ag-

411 3101 652 3158 gressus
676 3090 787 3155 est,
820 3085 914 3142 his
943 3087 1137 3143 verbis
1168 3103 1182 3143 :
1216 3087 1363 3151 Quid
1394 3086 1638 3156 fecisti,o
1670 3084 1885 3141 homo?
1927 3085 2049 3140 hal-

408 3173 707 3231 lucinatus
736 3191 819 3245 es,
853 3192 957 3232 nec
1015 3181 1070 3231 te
1126 3175 1554 3231 hallucinatum
1605 3175 1904 3247 intelligis.
1940 3181 2054 3229 Aut

407 3263 686 3334 deceptus
714 3280 797 3335 es,
827 3268 929 3320 aut
965 3279 1058 3319 me
1106 3263 1369 3321 illisurus
1427 3263 1544 3319 huc
1602 3264 1942 3335 properasti.
2001 3271 2046 3317 Α

395 3351 593 3422 januae
650 3349 917 3424 ingressu
962 3353 1244 3408 aberrasti
1280 3369 1294 3407 :
1328 3352 1441 3408 alio
1474 3352 1715 3418 missus,
1748 3352 1841 3407 hic
1867 3368 2047 3407 cornu

401 3437 695 3512 protulisti
730 3458 745 3496 :
773 3456 881 3497 nos
908 3450 1055 3496 vano
1086 3440 1300 3513 gaudio
1332 3439 1630 3513 replevisti
1679 3456 1692 3495 :
1749 3439 2049 3512 pollicitus

398 3544 593 3593 es,nec
623 3528 915 3602 promissa
939 3529 1476 3602 complevisti.Tum
1508 3526 1744 3585 Samuel
1766 3528 1837 3583 ad
1860 3526 2044 3585 Jesse:

398 3618 546 3685 Quid
569 3633 662 3674 me
690 3617 985 3689 incusas,o
1016 3618 1223 3674 senex?
1245 3616 1492 3673 damnas
1515 3635 1647 3672 eum
1681 3618 1783 3689 qui
1814 3634 1906 3673 me
1936 3619 2045 3672 mi-

396 3707 492 3764 sit.
512 3709 597 3763 An
629 3712 819 3779 potest
851 3724 1109 3781 unquam
1143 3724 1335 3763 errare
1368 3705 1694 3779 propheta?
1723 3706 1778 3761 Si
1812 3707 2044 3779 proprio

396 3796 641 3853 consilio
666 3796 782 3852 huc
810 3796 1216 3863 accessissem,
1240 3797 1376 3867 jure
1408 3795 1807 3851 dubitares.At
1838 3794 1886 3850 si
1917 3812 2043 3851 cor-

395 3884 559 3942 dium
591 3890 884 3942 scrutator
912 3902 1004 3943 me
1034 3886 1217 3955 misit,
1251 3886 1392 3957 quid
1423 3884 1664 3940 renuis?
1690 3884 1856 3941 Jesse
1911 3900 2043 3941 vero

398 3975 470 4031 ad
500 3975 867 4032 Samuelem:
894 3976 950 4031 ln
969 3991 1084 4047 quo
1114 3974 1351 4031 demum
1385 3972 1688 4029 annuam?
1718 3974 1942 4028 Adduxi
1970 3974 2041 4029 ad

395 4069 453 4119 te
484 4081 719 4120 omnem
751 4064 1065 4121 liberorum
1102 4079 1365 4119 meorum
1399 4062 1623 4128 ﬂorem,
1650 4066 1705 4117 et
1746 4078 2039 4133 nusquam

397 4153 671 4224 promissi
698 4153 781 4207 tui
813 4150 1093 4208 indicium
1129 4157 1445 4224 comparet.
1480 4154 1557 4205 An
1593 4166 1703 4206 non
1740 4152 1933 4222 potius
1964 4151 2041 4223 ig-

396 4258 567 4299 noras
600 4257 735 4296 eum
768 4242 868 4314 qui
900 4247 954 4297 te
988 4240 1189 4297 misit?
1218 4235 1303 4296 An
1334 4257 1447 4296 non
1481 4239 1594 4296 alio
1654 4241 1874 4295 missus
1931 4240 2041 4295 es?

392 4328 671 4402 Nunquid
703 4333 767 4385 ut
797 4346 889 4385 me
920 4346 1117 4386 senem
1147 4329 1531 4385 constitueres
1563 4345 1754 4401 regem
1773 4327 1889 4383 huc
1906 4346 2037 4401 pro—

389 4422 647 4493 perasti?
677 4423 826 4479 Tum
857 4422 1087 4479 Samuel
1119 4424 1189 4478 ad
1220 4421 1585 4489 Jessezouid
1624 4438 1716 4477 me
1746 4421 2034 4494 inerepas,

388 4526 421 4566 ο
460 4527 655 4579 senex,
680 4528 752 4569 an
783 4527 897 4567 non
931 4510 1110 4568 alium
1145 4511 1322 4567 babes
1354 4507 1568 4565 ﬁlium?
1590 4509 1649 4565 Si
1681 4525 1796 4566 non
1827 4509 2031 4576 habes,

384 4598 787 4657 hallucinatus
817 4600 1081 4669 sum;sin
1104 4599 1685 4672 habes,nequaquam
1708 4599 2029 4655 erravi.Ite-

2232 2995 2285 3051 3.
2313 2995 2789 3072 Ὑποστρεψάντων
2831 2990 2889 3050 δὲ
2936 2993 3142 3050 τούτων
3193 2992 3384 3059 λιτῶν,
3416 2989 3748 3051 ἀντέὄαλλεν
3781 2996 3811 3050 6

2163 3083 2355 3138 Ἰεσσαὶ
2412 3084 2547 3161 πρὸς
2604 3084 2694 3139 τὸν
2756 3082 3044 3158 Σαμουὴλ,
3105 3082 3304 3159 λέγων.
3362 3083 3423 3138 Τί
3478 3085 3807 3155 πεποίηκας,

2162 3170 2750 3251 ἅνθρωπε;ἑσφάλης,
2804 3172 2893 3229 καὶ
2951 3172 3051 3228 οὐκ
3106 3170 3274 3235 οἶδας.
3332 3178 3397 3227 Ἡ
3455 3172 3722 3252 ἐσφάλης,
3769 3175 3803 3243 ἡ

2160 3262 2346 3332 παῖξαι
2404 3283 2469 3335 με
2514 3259 2879 3338 παρὲδραμες.
2933 3262 3085 3337 [Ιαρᾶ
3126 3261 3291 3338 θύρας
3338 3260 3656 3333 εἷσήλυθεςο
3707 3261 3806 3318 άλ-

2161 3347 2339 3425 λαχοῦ
2368 3349 2699 3423 ἀπεστάλης,
2731 3351 2822 3406 καὶ
2866 3348 2975 3406 ὦδε
3018 3352 3081 3406 τὸ
3127 3351 3286 3427 κέρας
3336 3350 3671 3427 ἐγύμνωσας’
3708 3353 3809 3425 μάο

2155 3459 2255 3509 την
2292 3441 2438 3513 ἡμᾶς
2489 3440 2921 3516 ἐχαροποίησας,
2974 3437 3312 3515 θρυλλησας,
3363 3439 3453 3495 καὶ
3500 3441 3603 3510 τὴν
3642 3440 3801 3517 ἐπάγη

2154 3525 2339 3604 γελίαν
2376 3530 2452 3603 μή
2486 3529 2808 3605 πληρώσας.
2839 3531 2897 3583 Ὃ
2945 3526 3003 3585 δὲ
3053 3526 3319 3602 Σαμουὴλ
3367 3529 3504 3605 πρὸς
3545 3529 3641 3584 τὸν
3674 3532 3800 3587 Ἰεσ-

2157 3617 2262 3671 σαί·
2320 3619 2381 3673 Τί
2435 3615 2837 3690 καταπλήττεις
2895 3621 3031 3692 (67),
3089 3612 3400 3693 «pa-.063“;
3449 3620 3800 3697 καταψηφίζῃ

2151 3710 2254 3761 τοῦ
2303 3705 2723 3770 ἀποστείλαντός
2772 3728 2858 3781 με.
2905 3710 3059 3765 ’Ἐστι
3114 3709 3402 3785 προφήτην
3454 3707 3803 3779 πλανηθῆναί

2152 3814 2285 3850 ποτε
2318 3814 2331 3865 ;
2365 3794 2429 3853 Εἴ
2461 3796 2556 3869 μὲν
2589 3794 2761 3868 οἰκείᾳ
2802 3797 2999 3873 γνώμῃ
3050 3791 3447 3873 παρεγενόμην,
3493 3797 3681 3860 καλῶς
3730 3795 3805 3852 δι-

2154 3883 2380 3954 στάζειςο
2414 3884 2459 3939 εί
2492 3883 2550 3940 δὲ
2579 3885 2607 3940 6
2634 3889 2741 3941 τῶν
2790 3883 3025 3963 καρδιῶν
3078 3885 3330 3960 γνώστης
3378 3885 3664 3942 ἀπέστειλὲ
3714 3907 3801 3960 με,

2149 3972 2203 4028 τί
2234 3973 2504 4036 ἀνανεύεις
2537 3994 2551 4043 ;
2584 3976 2646 4033 Ὁ
2685 3972 2743 4029 δὲ
2790 3974 2981 4029 Ἰεσσαὶ
3030 3974 3167 4050 πρὸς
3216 3973 3308 4030 τὸν
3359 3972 3652 4048 Σαμουήλ”
3702 3975 3798 4031 Καὶ

2153 4060 2205 4116 ἐν
2251 4062 2356 4117 τίνι
2405 4060 2599 4118 λοιπὸν
2650 4063 2910 4118 ἐπινεύσω
2946 4083 2960 4133 ;
2991 4062 3307 4140 Παρήγαγὸν
3359 4084 3442 4119 σοι
3483 4070 3658 4120 πᾶσαν
3688 4069 3795 4120 τῶν

2149 4152 2347 4206 τέκνων
2382 4173 2485 4225 μου
2526 4153 2626 4221 τὴν
2672 4150 2973 4221 καλλονὴν,
3005 4152 3091 4207 καὶ
3139 4151 3384 4224 οὐδαμοῦ
3422 4158 3524 4222 τῆς
3572 4153 3793 4231 ἐπαγγε-

2148 4238 2272 4302 λίας
2300 4241 2362 4296 τὸ
2393 4240 2698 4318 γνώρισμα.
2733 4242 2826 4310 Μὴ
2863 4239 3076 4314 μᾶλλον
3110 4240 3209 4295 οὐκ
3230 4237 3399 4316 ἔγνως
3429 4242 3521 4297 τὸν
3553 4242 3795 4298 ἀποστεί-

2146 4328 2316 4386 λαντά
2346 4351 2403 4385 σε
2435 4349 2449 4400 ;
2484 4331 2571 4399 Μὴ
2606 4332 2706 4407 ἄρα
2744 4327 2997 4406 ἀλλαχοῦ
3047 4327 3358 4400 ἀπεστάλης
3388 4348 3403 4400 ;
3434 4331 3654 4408 Μήτιγε

2147 4416 2245 4491 ἐμὲ
2289 4419 2379 4474 τὸν
2430 4413 2737 4494 πρεσϐύτην
2780 4415 3113 4493 κατὲὂραμες
3160 4420 3546 4496 χειροτονῆσαι
3582 4420 3689 4489 ;Ὁ
3736 4417 3793 4476 δὶ

2146 4506 2414 4581 Σαμουὴλ
2472 4512 2608 4583 πρὸς
2658 4508 2749 4562 τὸν
2800 4505 2997 4563 Ἰεσσαί
3032 4524 3045 4539 ο
3103 4506 3163 4561 Τί
3226 4528 3293 4580 με
3344 4509 3743 4579 καταπλήττεις
3773 4551 3788 4578 ,

2141 4591 2414 4673 πρεσϐῦτα
2446 4616 2460 4667 ;
2494 4596 2602 4651 Οὐκ
2649 4592 2796 4672 ἔχεις
2842 4592 3011 4651 ἄλλον
3063 4594 3178 4650 υἱόν
3215 4615 3228 4665 ;
3262 4595 3307 4651 εἰ
3343 4597 3438 4670 μὶν
3490 4596 3592 4652 οὐκ
3621 4596 3788 4673 ἔχεις,

381 4689 546 4761 ponit
573 4690 737 4747 Jesse
765 4690 833 4747 ad
869 4689 1203 4747 Samuelem
1238 4706 1251 4745 :
1287 4689 1444 4744 Alius
1470 4688 1708 4760 quidem
1743 4686 1886 4743 mihi
1927 4704 2024 4743 ευ.

2164 4684 2396 4764 σιράλην’
2454 4684 2498 4740 εἰ
2549 4682 2607 4740 δὲ
2653 4682 2822 4761 ἔχεις,
2854 4684 2958 4740 οὐκ
3006 4684 3344 4756 ἐπλανήθην.
3393 4686 3449 4739 Ὀ
3501 4682 3561 4741 δὲ
3600 4686 3788 4742 Ἰεσσαὶ

380 4783 575 4850 perest
604 4779 797 4848 filius;
829 4781 929 4838 sed
965 4796 1200 4852 parvus,
1234 4776 1827 4850 despicabilis,neque
1857 4781 2029 4847 aptus

381 4883 582 4940 regno,
614 4885 788 4942 quem
824 4869 1141 4942 producere
1172 4868 1405 4941 pudeat.
1459 4870 1605 4921 Tum
1663 4865 1899 4921 Samuel
1956 4865 2027 4921 ad

380 4953 548 5012 illum
583 4973 596 5012 :
630 4956 842 5013 Vin’tu
878 4958 1190 5013 immutare
1221 4963 1573 5029 praeceptum
1605 4954 2031 5026 Creatoris?pu-

380 5046 478 5102 det
509 5050 564 5103 te
594 5046 742 5103 367
770 5045 937 5103 illum
972 5046 1329 5119 producere?
1352 5045 1498 5108 Quid
1532 5043 1731 5100 enim?
1763 5050 1849 5098 An
1876 5041 2027 5098 mul-

378 5138 509 5193 tam'
529 5135 723 5192 carnis
753 5134 967 5191 molem
1003 5135 1170 5207 ungit
1195 5132 1588 5190 Deus?Adduc
1620 5131 1816 5204 itaque
1837 5130 2029 5200 illum;

444 5278 490 5315 “
517 5277 542 5335 Ι
571 5281 712 5353 Reg.
743 5295 858 5347 xvr,
893 5278 1036 5335 1-13.

705 5421 848 5492 Reg:
962 5416 1298 5492 Editiyero,
1329 5414 1696 5492 τεοοήκασθαι.

463 5418 555 5492 62)
588 5418 676 5475 Ita
705 5421 844 5491 Reg.
877 5421 931 5473 2.
962 5418 1114 5474 Editi
1143 5433 1298 5485 vero,
1329 5418 1696 5485 προήκασθαι.

439 5418 554 5563 (63)
586 5491 724 5564 Reg.
743 5492 799 5562 2,
828 5487 1075 5564 διάκονον
1104 5488 1189 5564 ei;
1206 5487 1296 5542 τὸν
1325 5487 1472 5543 οἷκον
1505 5490 1604 5543 τοῦ
1636 5482 1844 5543 Ἰεσσαί.
1881 5485 2012 5543 Mox

365 5562 821 5690 χειὲοτονήσεως.
856 5563 994 5633 Reg.
1030 5564 1054 5619 1
1083 5565 1141 5619 et
1166 5562 1222 5617 2.

435 5635 453 5707 (
497 5634 551 5707 4)
583 5632 723 5707 Reg.
761 5636 816 5702 2,
867 5632 1199 5707 ἀντερίσατο.

497 5634 551 5707 4)
583 5628 723 5710 Reg.
761 5636 816 5702 2,
867 5628 1199 5712 ἀντερίσατο.
1248 5633 1381 5691 Mox
1428 5633 1605 5703 idem,
1653 5628 2014 5707 προχειοίσο-

369 5725 487 5782 μαι.

2138 4775 2274 4851 πρὸς
2304 4774 2394 4829 τὸν
2443 4768 2726 4846 Σαμουηλ·
2780 4775 2935 4849 Ἕχω
2988 4773 3081 4847 μὲν
3127 4773 3220 4828 καὶ
3270 4771 3440 4829 ἄλλον
3492 4775 3630 4844 υἱὸν,
3661 4772 3790 4829 ἀλλ’

2139 4862 2291 4937 ὅμως
2328 4862 2547 4938 μικρὸν,
2577 4861 2794 4932 εὐτελῆ,
2850 4862 2926 4936 μὴ
2975 4866 3237 4918 ποιοῦντα
3290 4860 3536 4924 Βασιλέα.
3572 4862 3785 4941 Αἰσχύ-

2137 4972 2301 5025 νομαι
2327 4952 2414 5007 καὶ
2446 4944 2775 5025 προϐιϐάσαι
2805 4950 2987 5008 αὐτόν.
3018 4951 3077 5009 Ὀ
3109 4948 3168 5006 δὲ
3200 4948 3462 5024 Σαμουὴλ
3514 4953 3654 5027 πρὸς
3686 4951 3783 5007 αὐ-

2135 5040 2251 5096 τόν’
2308 5037 2716 5115 ΙΙαραδιατάττῃ
2761 5044 2839 5113 τῷ
2888 5039 3187 5110 Κτίσαντις
3238 5039 3469 5117 αἱσχύνῃ
3513 5035 3783 5113 προϐιϐά-

2138 5151 2224 5184 σαι
2280 5134 2469 5184 τοῦτον
2506 5128 2593 5201 ,Τί
2649 5131 2798 5206 γάρ;
2842 5126 3215 5204 [Ιολυσαρκίαν
3276 5127 3453 5205 χρίζει
3513 5130 3542 5183 6
3602 5130 3784 5201 Θεός;

2220 5415 2310 5485 65)
2344 5414 2480 5486 Reg.
2517 5415 2569 5485 1,
2600 5413 2990 5490 προχείρησαι.
3018 5415 3162 5489 Reg.
3200 5416 3257 5487 2,
3298 5413 3670 5490 προχειρίσαι.

2219 5487 2311 5543 66)
2343 5484 2497 5540 Λιτοί
2528 5489 2693 5543 deest
2724 5490 2784 5542 in
2818 5486 2957 5543 Reg.
2988 5490 3045 5543 2.

2198 5488 2311 5557 (66)
2343 5488 2497 5540 Λιτοί
2528 5488 2693 5544 deest
2718 5488 2784 5542 in
2810 5488 2957 5560 Reg.
2988 5490 3045 5543 2.

2196 5559 2311 5703 (67)
2342 5562 2481 5631 Reg.
2516 5558 2570 5628 1,
2599 5560 2653 5625 2,
2685 5556 2738 5612 τί
2773 5556 2947 5687 λὲγεις
2980 5577 2997 5627 ;
3041 5646 3045 5655 η

2217 5630 2288 5685 68
2342 5629 2429 5687 Ita
2456 5630 2596 5703 Reg.
2620 5630 2675 5698 4,
2702 5631 2761 5689 2.
2796 5632 2833 5685 Ε
2880 5638 2940 5687 ιιι
2969 5644 3045 5688 vel

2217 5627 2309 5703 68)
2342 5627 2596 5704 Ita'Reg.
2620 5630 2675 5698 4,
2702 5631 2761 5689 2.
2796 5627 2940 5687 Editi
2969 5644 3125 5704 vero,
3161 5628 3237 5704 μή
3267 5627 3437 5687 τοίνε.
