2051 3109
189 155 267 184 1009

682 155 847 186 HOMILIA
871 157 904 185 ΙΝ
930 155 1074 185 ΟΛΞΟΗΜ
1098 157 1118 184 Α
1147 155 1396 184 ΝΑΤΙνΙΤΑΤΕ.

1815 156 1893 187 1010

187 218 265 251 Εἶδες
295 219 433 259 τύφλωσιν
471 218 644 258 ἀναϐλέψειας
674 221 819 259 πρόξενον;
853 221 883 249 Ὁ
911 219 1002 259 τυφλὸη

1069 220 1168 249 dicitis
1183 221 1215 248 ".
1234 232 1248 245 »
1265 221 1373 249 Videns
1393 221 1551 249 caecitatem
1575 221 1702 250 restituti
1724 221 1805 250 visus
1821 230 1889 250 con-

186 262 319 302 ἀνέϐλεψε
342 265 386 292 καὶ
412 266 437 292 οἱ
469 266 613 303 βλέποντες
641 265 837 305 ὲτυφλώθησαν
918 265 1008 300 κακίᾳ.

187 309 244 336 Ἀεὶ
273 310 323 347 γὰρ
361 311 379 344 ἡ
398 309 479 337 κακία
506 310 595 349 τυφλή
625 312 693 347 (75).
723 310 773 337 Λιὸ
800 310 845 337 καὶ
870 308 1008 337 Ἰουδαίων

186 352 281 385 παῖδες
297 354 350 381 ἀπὸ
365 354 458 386 κακίας
471 354 594 392 έπήχουν
609 355 655 382 τὸν
672 355 702 382 ἐκ
715 357 823 392 γενετῆς
837 353 951 393 τυφλὸν,
967 354 1010 381 λέ-

186 408 278 435 γοντες
301 399 369 436 πρὸς
394 398 484 426 αὐτόν·
511 399 576 437 Λέγε
599 400 677 435 ἡμῖν,
705 400 840 436 ἄνθρωπε,
864 398 935 429 τίνος
957 398 1009 436 χά-

185 452 227 479 ριν
254 445 409 480 συγκροτεῖς
436 444 504 479 ἡμῖν
525 443 570 471 τὸν
593 444 650 470 υἱὸν
675 446 723 471 τοῦ
747 444 882 479 τέκτονος,
910 443 954 470 καὶ
971 443 1007 473 ὡς

184 488 249 514 Θεὸν
278 487 356 515 αὐτὸν
379 487 467 519 Θέλεις
492 487 720 526 διαφημίζεσθαι;
752 488 809 517 Οὐκ
832 487 853 515 εἶ
884 487 915 514 σὺ
937 487 951 514 ὁ
979 487 1009 514 ὲκ

182 535 294 569 γενετῆς
322 531 434 570 τυφλός·
465 532 634 570 γνωρίζομεν
663 534 745 569 ἡμεῖς
769 532 880 560 ἐκεῖνον·
902 530 1008 559 πολλο-

184 577 247 603 στὸν
278 576 352 612 αὐτῴ
375 577 409 603 τὰ
431 577 500 614 πρὸς
523 577 570 608 τὰς
586 577 681 615 χρείας
699 577 918 615 έχορηγήσαμεν.
946 579 1007 607 Πῶς

184 619 232 647 οὖν
259 619 388 658 θρυλλεῖς
417 620 459 657 σὺ,
488 621 533 648 καὶ
561 621 661 659 λέγεις,
681 621 723 649 ὅτι
740 621 825 652 Αὐτὸς
840 621 939 658 ἀνέῳξε
956 631 1007 657 μου

182 665 248 696 τοὺς
265 664 424 703 ὀφθαλμούς
438 675 445 700 ;
462 666 493 693 Εἰ
509 666 662 704 χρημάτων
686 665 745 703 δέῃ,
761 666 805 693 καὶ
830 666 933 693 τούτων
956 665 1007 703 χά-

183 719 226 745 ριν
240 708 428 747 ψευδολογεῖς,
444 710 506 738 ὅσον
524 710 617 748 βούλει
633 711 747 747 κομίζου
764 712 831 747 (76)·
859 710 940 747 μόνον
956 713 1007 745 τῆς

182 752 315 789 ἀληθείας
346 754 384 791 μή
415 755 531 792 ἀπέχου.
562 755 650 782 Πάντα
679 755 725 782 οὖν
752 754 871 789 ἐποίουν,
891 754 935 782 ’ἱνα
948 765 1007 786 πως

181 795 378 825 διασκεδάσωσι
406 798 437 826 τὸ
459 799 558 835 θαῦμα.
584 799 614 827 Ὁ
638 797 666 826 δὲ
690 798 842 836 ὰναδλέψας
861 799 929 836 πρὸς
942 797 1006 829 τοὺς

180 842 372 880 ἀντιλέγοντας
412 842 559 874 Ἰουδαίους
599 841 705 881 ἔφασκε·
744 843 777 871 Τί
813 854 846 880 με
873 853 1006 882 συκοφαν-

180 889 272 920 τεῖτε;
300 887 331 914 Τί
354 897 405 923 μου
428 888 460 915 τὸ
483 888 600 925 ψυχικὸν
628 887 740 925 βλέμμα
753 887 895 927 τυφλῶσαι
907 897 1004 925 προαι-

181 933 289 969 ρεῑσθε;
317 930 477 969 Ἀνέϐλεψα,
503 932 534 959 οὐ
557 932 733 971 τυςπλοῦμαι·
763 933 851 969 μάτην
883 942 928 968 μοι
957 942 1005 959 κο-

179 976 286 1012 νιορτὸν
302 975 478 1015 βλασφημίας
494 976 672 1014 προσρίπτετε
687 978 754 1014 (77).
770 976 873 1007 ’Ἄλλος
895 975 1005 1015 ἐφιλαν-

180 1020 367 1056 θρωπεύσατο,
391 1021 437 1048 καὶ
467 1020 540 1052 ὑλεῖς
566 1019 751 1050 ἀντιϐάλλετε.
768 1021 806 1050 Οὐ
821 1024 1004 1058 προσκυνεῖτε,

179 1064 255 1092 ἀλλὰ
270 1064 431 1103 λοιδορεῖτι·
457 1065 553 1096 Καλῶς
569 1065 598 1093 δὲ
622 1066 700 1093 αὐτὸν
724 1067 781 1093 υἱὸν
808 1068 857 1093 τοῦ
880 1066 1005 1096 τέκτονος

179 1110 404 1148 προσαγορεύετε’
439 1110 610 1149 μετημφίασε
638 1110 687 1148 γὰρ
712 1113 765 1138 τῶν
796 1110 869 1147 ἐμῶν
905 1109 1006 1149 ὀφθαλ-

179 1156 239 1190 μῶν
253 1154 301 1185 τὰς
330 1153 450 1192 θυρίδας.
474 1154 575 1192 Μικρόν
602 1165 649 1190 μοι
669 1156 878 1192 συγχωρήσατε,
908 1154 932 1181 εἴ
948 1155 1005 1191 μετ’

177 1197 276 1235 ὀλίγον
295 1199 357 1235 ὑμῖν
374 1197 550 1236 διαλέγομαι.
565 1198 766 1237 Συγχωρήσατέ
779 1202 943 1237 μοιπρῶτον
959 1210 1005 1227 κα-

175 1246 308 1278 τανοῆσαι
322 1245 371 1270 τοῦ
400 1243 516 1280 οὐρανοῦ
537 1244 568 1271 τὸ
592 1243 706 1278 κάλλος,
727 1246 775 1271 τοῦ
800 1243 882 1279 ἡλίου
896 1244 927 1272 τὸ
943 1243 1004 1271 κέν-

177 1297 258 1325 τρον,
273 1288 321 1322 τῆς
338 1286 466 1323 σελήνης,
480 1288 512 1315 τὸ
529 1288 607 1326 φάος,
621 1291 672 1322 τῆς
685 1289 789 1326 ἡμέρας
802 1288 848 1315 τὸν
863 1288 937 1326 ὂρον,
953 1292 1003 1322 τῆς

175 1331 275 1362 νυκτὸς
301 1331 332 1358 τὸ
364 1331 474 1369 μέτρον,
503 1334 555 1359 τῶν
586 1333 704 1370 ἀστέρων
733 1333 783 1368 τήν
799 1332 922 1371 χορείαν,
949 1335 1004 1361 τῶν

175 1386 267 1414 νεφερν
292 1376 341 1410 τήν
372 1375 536 1414 διαδρομὴν,
564 1378 613 1410 τῆς
638 1381 689 1414 γῆς
713 1377 762 1411 τήν
782 1377 923 1414 εὐθύτητα,
952 1379 1002 1411 τῆς

177 1420 317 1456 θαλάσσης
330 1421 361 1448 τὸ
376 1421 468 1456 κύτος,
483 1424 538 1448 τῶν
554 1420 659 1449 πλοίων
676 1422 725 1455 τήν
742 1419 853 1458 ἃτριϐον
870 1423 927 1459 (78)
943 1421 1000 1450 διά-

178 1463 271 1499 ϐασιν,
299 1467 352 1492 τῶν
382 1464 538 1502 ἀνωμάλων
561 1466 611 1500 τήν
627 1467 774 1504 περιοχὴν,
800 1468 854 1494 τῶν
870 1466 953 1504 ὀρέων
968 1468 1002 1494 τὰ

173 1510 353 1547 κυρτώματα,
381 1512 434 1537 τῶν
462 1512 593 1547 ποταμῶν
620 1511 653 1538 τὰ
682 1511 810 1548 ῥεύματα,
836 1514 889 1539 τῶν
903 1514 1000 1548 πηγῶν

172 1555 208 1582 τὰ
223 1554 341 1591 νάματα,
356 1557 410 1581 τῶν
427 1555 548 1593 φρεάτων
563 1555 597 1582 τὰ
617 1554 787 1592 ἀντλήματα,
812 1556 865 1583 τῶν
893 1558 1000 1591 κτηνῶν

1065 265 1237 293 ciliatricem
1249 267 1260 293 Ρ
1274 266 1371 293 Caecus
1386 265 1480 293 visum
1499 266 1616 302 recepit,
1633 269 1660 293 et
1675 266 1727 302 qui
1742 264 1888 301 videbant,

1065 310 1178 338 malitia
1194 319 1248 338 sua
1264 310 1393 338 excaecati
1410 313 1488 338 sunt.
1507 310 1628 346 Semper
1645 310 1723 338 enim
1750 318 1825 338 creua
1847 313 1892 338 est

1065 354 1188 382 malitia.
1214 355 1307 387 Quare
1330 355 1423 382 Judaei
1448 355 1560 382 malitia
1582 355 1660 382 ducti
1677 355 1745 382 eieci
1761 355 1889 383 natisn-

1064 399 1146 426 ribus
1159 399 1356 435 personabant
1371 399 1417 427 his
1432 400 1529 427 verbis
1547 408 1552 427 :
1573 400 1620 428 Dic
1637 399 1733 433 nobis,
1749 408 1765 427 ο
1791 399 1888 431 homo,

1064 452 1153 479 quare
1169 443 1288 479 jactitas
1306 444 1390 471 nobis
1405 443 1480 471 fabri
1495 443 1587 471 filium
1605 443 1699 477 illum,
1716 452 1842 479 eumque
1857 446 1889 471 ut

1066 489 1154 515 Deum
1166 488 1209 515 vis
1222 487 1421 524 proclamare?
1438 488 1628 524 Nequaquam
1643 491 1670 515 tu
1684 497 1714 515 es
1730 488 1778 515 ille
1794 497 1887 516 caecus

1063 541 1081 559 α
1096 532 1262 566 nulivitate;
1280 532 1415 560 novimus
1432 532 1526 567 illum,
1553 541 1585 560 ac
1608 541 1807 568 saepenumero
1831 533 1886 568 ipsi

1064 576 1228 603 necessaria
1244 576 1503 612 suppeditavimus.
1516 577 1608 608 Quare
1624 579 1653 603 tu
1667 577 1785 611 jactitas
1800 585 1833 604 ac
1848 577 1888 604 di-

1063 620 1105 648 cis
1121 629 1127 647 :
1146 620 1209 655 ipsc
1225 620 1339 656 aperuit
1365 628 1444 648 meos
1469 620 1588 648 oculos?
1612 621 1638 647 Si
1665 621 1786 656 pecunia
1809 630 1887 657 cgcs,

1062 665 1186 701 ejusque
1200 673 1289 693 causa
1306 665 1447 698 mentiris,
1465 667 1610 701 quantum
1627 665 1752 693 volueris
1769 666 1866 702 accipe
1881 675 1886 693 ε

1063 709 1158 737 solum
1183 717 1218 737 ne
1243 718 1259 737 a
1282 709 1404 737 veritate
1429 710 1559 737 recedas.
1586 709 1661 738 Nihil
1699 710 1797 745 itaque
1831 719 1888 738 non

1062 754 1188 790 agebant
1216 754 1390 782 miraculum
1420 757 1453 783 ut
1481 754 1677 790 dissiparent.
1708 755 1761 787 Qui
1790 757 1887 783 autem

1061 799 1156 826 visum
1174 801 1331 835 receperat,
1348 799 1616 827 contradicentibus
1631 799 1741 827 Judzcis
1754 801 1887 835 reponit:

1061 844 1120 872 Cur
1143 851 1190 871 me
1213 843 1460 872 oalumniamini?
1485 844 1542 872 Cur
1565 844 1660 872 visum
1687 844 1790 872 animae
1816 853 1887 872 meae

1061 895 1204 916 excauare
1231 887 1378 916 studetis?
1402 888 1505 916 Visum
1531 889 1644 924 recepi,
1672 897 1729 916 non
1755 890 1884 917 cazcutio.

1061 933 1180 960 Frustra
1197 940 1242 960 me
1257 932 1445 968 blasphemiae
1462 932 1578 969 pulvere
1593 933 1794 968 conspergitis.
1805 933 1887 961 Alius

1062 985 1108 1004 me
1124 977 1264 1005 beneﬁcio
1280 977 1386 1013 ail'ecit,
1409 980 1437 1005 et
1447 986 1498 1005 vos
1523 978 1704 1013 repugnatis.
1730 978 1791 1005 Non
1817 979 1886 1005 adn-

1061 1021 1144 1055 ratis,
1171 1022 1220 1050 sed
1248 1023 1361 1058 probris
1378 1022 1574 1050 insectamini.
1595 1023 1682 1050 Probe
1698 1026 1794 1050 autem
1812 1023 1886 1050 fabri

1061 1066 1153 1093 lilium
1170 1067 1280 1094 vocatis
1296 1066 1396 1100 illnm;
1411 1075 1478 1094 nam
1495 1067 1645 1095 oculorum
1664 1076 1793 1095 meorum
1812 1068 1887 1095 fenc-

1061 1114 1137 1138 stras
1154 1111 1354 1138 commutavit.
1368 1112 1489 1139 Veniam
1506 1112 1588 1140 mihil
1606 1113 1762 1148 prmbctote
1775 1113 1799 1140 si
1817 1121 1886 1140 non-

1061 1155 1116 1183 nisi
1141 1155 1228 1191 paulo
1254 1158 1318 1192 post
1347 1156 1498 1184 vobiscum
1528 1156 1687 1193 colloquar.
1718 1157 1810 1185 Sinite
1841 1167 1886 1184 me

1061 1200 1189 1236 primum
1215 1200 1400 1229 considerare
1427 1201 1491 1228 coeli
1516 1201 1789 1237 pulchritudinem,
1815 1202 1887 1229 solis

1059 1244 1179 1279 orbem,
1205 1244 1282 1272 luna:
1316 1245 1480 1281 fulgorem,
1507 1245 1565 1273 diei
1586 1246 1765 1278 terminum,
1792 1247 1884 1274 noctis

1059 1297 1242 1323 mensuram,
1250 1288 1403 1317 stellarum
1420 1289 1553 1317 cboream
1560 1311 1566 1323 ,
1574 1290 1696 1317 nubium
1715 1291 1869 1317 decursum
1878 1313 1885 1324 ,

1057 1336 1143 1361 terrae
1157 1333 1320 1369 planitiem,
1338 1334 1428 1362 maris
1445 1334 1643 1368 latitudinem,
1657 1335 1772 1362 navium
1791 1338 1883 1362 trans-

1057 1378 1132 1406 itum
1147 1378 1227 1406 nullo
1242 1378 1363 1414 vestigio
1389 1378 1500 1411 relicto,
1524 1379 1699 1406 convallium
1725 1380 1879 1414 ambitum,

1057 1423 1203 1451 montium
1236 1423 1456 1458 rotunditatem,
1486 1423 1640 1451 ﬂuviorum
1676 1423 1782 1456 alveos,
1818 1424 1879 1451 i‘on-

1056 1467 1130 1495 tium
1156 1466 1361 1503 scaturigines,
1386 1470 1539 1503 puteorum
1564 1467 1704 1501 haustus,
1734 1468 1877 1503 pecudum

1056 1511 1161 1545 saltus,
1188 1512 1314 1539 ferarum
1335 1512 1499 1547 varietates,
1516 1512 1612 1539 avium
1628 1513 1789 1540 multilidas
1805 1513 1876 1547 alas,

1055 1555 1181 1592 piscium
1197 1556 1401 1591 proprietates,
1416 1556 1553 1584 arborum
1579 1557 1795 1592 proceritatem,
1821 1557 1879 1584 i'ru-

172 1599 209 1626 τᾶ
248 1599 430 1636 σκιρτήματα,
464 1601 518 1627 τῶν
549 1599 647 1637 θῃρίων
677 1600 710 1627 τὰ
738 1599 916 1637 ποικίλματα,
945 1603 998 1628 τῶν

1059 1603 1155 1628 ctuum
1178 1601 1363 1628 suavitatem.
1389 1600 1482 1628 Sinite
1508 1608 1554 1629 me
1570 1601 1629 1628 haec
1646 1602 1773 1636 primum
1789 1604 1818 1629 et
1833 1601 1879 1629 his

174 1643 279 1681 ὀρνέων
291 1644 326 1671 τὰ
337 1643 514 1681 σχιζόπτερα,
528 1646 582 1672 τῶν
599 1644 702 1682 ἰχθύων
718 1645 751 1672 τὰ
778 1643 923 1681 ἰδιώματα,
945 1647 1000 1672 τῶν

175 1686 296 1722 δένδρων
321 1688 355 1715 τὰ
381 1688 526 1725 ὑψώματα,
555 1691 609 1716 τῶν
630 1691 740 1727 καρπῶν
762 1690 795 1717 τὰ
810 1689 999 1727 γλυκάσματα.

178 1732 384 1770 Συγχωρήσατέ
421 1743 467 1769 μοι
506 1735 613 1770 πρῶτον
640 1736 724 1761 ταῦτα
750 1734 794 1761 καὶ
823 1733 1001 1771 παραπλήσια

175 1776 282 1804 τουτων
298 1777 452 1811 θεάσασθαι,
468 1777 513 1804 καὶ
540 1778 588 1810 εἷθ’
616 1777 702 1809 οὕτως
733 1778 796 1815 ὑμῖν
824 1777 999 1816 διαλέγομαι,

175 1824 238 1851 πῶς
255 1818 399 1858 ἀνέϐλεψα.
429 1822 517 1849 Πάλαι
545 1822 591 1858 μὲν
607 1822 761 1859 ἐγεννήθην,
777 1822 833 1850 νυνί
849 1822 877 1850 δὲ
892 1825 999 1861 πρῶτον

175 1865 308 1900 εἰσῆλθον
325 1865 362 1896 εἰς
377 1866 422 1893 τὸν
438 1867 540 1903 κόσμον
555 1862 595 1902 τῷ
612 1867 685 1905 μέρει
700 1870 750 1902 τῆς
765 1865 865 1904 ὅψεως.
882 1868 1001 1896 Ἤκουσα

172 1911 224 1938 τοῦ
240 1911 383 1949 προφήτου
409 1911 536 1947 βοῶντος·
561 1923 574 1936 u
590 1912 636 1939 Ἐκ
652 1912 782 1949 μεγέθους
803 1912 847 1939 καὶ
863 1912 1000 1948 καλλονῆς

175 1955 334 1992 κτισμάτων
363 1954 506 1993 ἀναλόγως
534 1956 548 1983 ὁ
576 1957 761 1994 γενεσιουργὸς
783 1957 870 1984 αὐτῶν
888 1961 1000 1996 θεωρεῖ-

173 2010 230 2028 ται.
249 2011 263 2024 n
280 2000 351 2037 Ἐγὼ
365 1999 395 2027 ἐκ
417 2002 470 2026 τῶν
495 2001 664 2037 κτισμάτων,
694 2001 770 2037 ὑμεῖς
799 2001 828 2029 ἐκ
856 2004 909 2029 τῶν
926 2001 998 2038 ἐμῶν

177 2042 328 2083 ὀφθαλμῶν
357 2043 499 2081 ἀναλόγως
522 2044 567 2071 τὸν
593 2042 762 2081 δημιουργὸν
787 2046 950 2082 θεωρήσατε.
969 2045 1000 2073 Τί

178 2098 224 2124 μοι
249 2088 401 2125 ’χρημάτων
429 2087 584 2124 περιουσίαν
609 2088 827 2127 ὲπαγγέλλισθε;
848 2089 884 2116 Οὐ
898 2090 999 2126 πιπρά-

178 2143 234 2160 σκω
249 2132 281 2159 τὸ
297 2130 395 2169 δῶρον,
411 2132 441 2159 οὐ
456 2132 605 2167 καπηλεύω
619 2135 672 2160 τῶν
691 2133 763 2170 ἐμῶν
785 2133 933 2172 ὁρθαλμῶν
950 2134 999 2168 τὴν

179 2174 336 2214 ἂνάϐλεψιν.
352 2180 483 2213 ’Ἄμεινον
508 2177 687 2214 εὐγνωμόνως
715 2181 881 2216 προσαιτεῖν,
910 2179 927 2212 ἢ
950 2189 998 2205 κα-

177 2222 323 2259 κοτρόπως
360 2221 499 2250 πλουτεῖν.
539 2222 573 2249 Τὸ
605 2222 701 2250 λοιπὸν
730 2222 818 2250 οὓκέτι
848 2225 997 2260 προσαιτῶ”

1055 1645 1165 1673 similia
1188 1644 1402 1681 contemplari,
1427 1648 1512 1681 atque
1535 1646 1639 1673 exinde
1665 1646 1789 1673 narrabo
1822 1655 1881 1681 qua

1055 1690 1167 1718 ratione
1190 1689 1286 1717 visum
1306 1690 1411 1725 recepi.
1435 1690 1503 1717 Jam
1527 1689 1597 1718 olim
1624 1694 1710 1718 natus
1736 1699 1812 1725 sum,
1830 1692 1880 1719 sed

1055 1735 1131 1770 quod
1149 1734 1245 1762 visum
1261 1737 1375 1770 spectat
1390 1735 1477 1762 modo
1494 1735 1622 1771 primum
1641 1735 1791 1771 ingressus
1814 1744 1878 1763 sum

1054 1779 1084 1806 in
1107 1779 1261 1807 mundum.
1287 1779 1389 1806 Audivi
1415 1779 1585 1815 prophetam
1609 1780 1783 1807 clamantem
1803 1789 1808 1806 :
1829 1791 1842 1804 α
1859 1782 1881 1807 Α

1056 1824 1259 1860 magnitudine
1267 1826 1296 1851 et
1303 1823 1400 1859 specie
1414 1826 1614 1851 creaturarum
1621 1832 1647 1858 ,ιι
1654 1824 1705 1850 uad
1712 1832 1756 1850 am
1771 1823 1881 1851 ratione

1055 1870 1168 1896 creator
1180 1876 1280 1896 eorum
1298 1868 1476 1904 conspicitur
1489 1868 1522 1894 ⁷ο.
1549 1878 1563 1892 »
1587 1868 1627 1894 Ex
1651 1868 1791 1894 creaturis
1816 1876 1879 1903 ego,

1054 1920 1105 1940 vos
1131 1921 1164 1940 ex
1191 1912 1266 1940 389
1292 1912 1365 1940 meis
1390 1911 1483 1939 oculis
1510 1911 1629 1947 quidam
1648 1912 1833 1947 proportione
1849 1920 1881 1939 ac

1055 1958 1168 1985 ratione
1184 1960 1345 1984 creatorem
1361 1955 1610 1991 contemplamini.
1634 1956 1705 1988 Quid
1732 1956 1802 1983 mihi
1830 1964 1880 1992 pc—

1055 2001 1210 2029 cuniarum
1235 2001 1292 2028 vim
1318 1999 1520 2036 pollicemini?
1550 2000 1741 2035 Nequaquam
1768 2000 1878 2027 donum

1055 2047 1156 2077 vendo.
1175 2045 1269 2072 visum
1287 2044 1379 2072 oculis
1395 2045 1496 2072 datum
1514 2044 1587 2071 meis
1602 2053 1659 2071 non
1676 2053 1832 2079 conponor.
1848 2046 1883 2071 At

1055 2092 1175 2126 praestat
1199 2097 1266 2117 cum
1283 2091 1365 2125 grato
1381 2089 1480 2116 animo
1492 2088 1666 2117 mendicare.
1685 2097 1772 2124 quam
1790 2089 1880 2116 scclc-

1055 2135 1136 2162 ribus
1152 2134 1303 2162 ditescere.
1326 2136 1388 2161 Non
1413 2132 1538 2161 ulterius
1563 2133 1751 2165 menrlicabo;
1779 2137 1882 2161 nactus

1054 2188 1119 2207 sum
1138 2179 1216 2206 enim
1233 2178 1281 2214 qui
1300 2178 1370 2205 mihi
1383 2178 1417 2205 ad
1430 2178 1559 2205 laborem
1586 2177 1734 2205 lucernam
1750 2178 1882 2213 corporis

1055 2224 1241 2251 accenderet.
1268 2223 1328 2250 Non
1355 2222 1478 2249 ulterius
1503 2222 1693 2254 mendicabo,
1719 2222 1768 2249 sed
1794 2231 1882 2257 agros

178 2263 276 2293 ἔλαϐον
293 2267 346 2304 γὰρ
361 2266 405 2293 τὸν
436 2266 608 2304 παράπτοντά
637 2277 683 2303 μοι
706 2268 776 2304 πρὸς
804 2267 928 2305 ἐργασίαν
954 2267 1000 2295 λύ-

1059 2268 1168 2302 colamf.
1194 2268 1254 2295 Non
1282 2267 1411 2303 amplius
1435 2267 1526 2302 gratis
1551 2269 1645 2302 petam
1661 2287 1667 2298 ,
1693 2267 1743 2293 sed
1770 2275 1878 2294 mercc-

177 2320 241 2348 χνον
257 2313 305 2338 τοῦ
320 2311 560 2348 σώματος.οὐκέτι
577 2310 624 2338 οὖν
641 2311 866 2349 προσαιτῶ,ἀλλὰ
876 2314 998 2350 γεωργῶ·

180 2354 269 2383 οὐκέτι
285 2355 366 2393 χάριν
380 2355 458 2389 αίτῶ,
471 2355 543 2383 ἀλλὰ
559 2356 654 2392 μισθὸν
669 2356 784 2383 ἀπκιτῶσ
801 2356 890 2383 οὐκέτι
907 2354 999 2394 ῥάϐδῳ

178 2400 227 2434 τήν
241 2403 293 2437 γῆν
308 2399 517 2439 ψηλαφῶριλλᾶ
525 2401 575 2435 τὴν
587 2399 708 2437 ἄμπελον
726 2400 849 2439 δρεπάνῳ
864 2400 998 2428 κλαδεύω·

181 2443 268 2472 οὐκέτι
284 2444 398 2483 ἀργύρια
413 2444 530 2482 συνάγω,
547 2444 620 2472 ἀλλὰ
636 2444 777 2483 δράγματα
803 2445 910 2481 θερίζω
942 2445 1002 2472 οὑκ-

181 2487 281 2524 έτιτήν
297 2490 386 2525 πήραν
416 2490 593 2528 περισφίγγω,
623 2489 686 2517 ἀλλ’
711 2491 812 2526 ἅμαξαν
835 2488 918 2517 ἕλκω*
935 2490 1000 2517 οὑκ-

182 2530 321 2571 έτιᾶἱρτων
350 2533 495 2570 κλάσματα
524 2531 666 2570 λαμϐάνω,
693 2533 765 2562 ἀλλὰ
792 2537 866 2561 σῖτον
882 2533 999 2570 κομίζω·

183 2574 269 2604 οὐκέτι
284 2577 382 2606 στένων
400 2578 468 2615 βοῶ·
485 2581 557 2605 Δῶτε
571 2580 611 2614 τῷ
625 2578 655 2605 τὸ
671 2580 727 2617 φῶς
745 2579 783 2614 μή
804 2577 905 2616 ἔχοντι,
930 2577 1002 2606 ἀλλά

217 2662 238 2680 ⁶⁹
249 2664 333 2692 Joan.
351 2673 390 2700 ix,
405 2665 433 2699 8,
448 2665 474 2693 9.
513 2665 536 2682 7°
550 2665 616 2701 Sap.
632 2673 694 2699 xm,
707 2665 735 2693 5.

220 2748 274 2787 (153)
289 2749 358 2787 Bel;-
373 2749 401 2787 2»
417 2747 528 2787 τυφλοῖε

220 2783 275 2822 (ΖΦ)
289 2783 359 2821 Ριθῐξ-
375 2785 403 2822 1,
416 2786 444 2820 2.
457 2783 579 2822 Mille”.
593 2785 700 2822 χρῆμα-

221 2819 276 2855 (77)
291 2819 361 2856 Reg.
376 2819 404 2857 2,
419 2819 652 2859 προσαντιλέγέτε.

1054 2313 1121 2340 dem
1137 2315 1275 2348 repetam.
1288 2312 1352 2339 Non
1368 2311 1495 2347 amplius
1510 2310 1614 2338 baculo
1631 2313 1736 2337 terram
1753 2312 1881 2346 tentaho,

1056 2357 1105 2384 sed
1135 2357 1248 2383 vineam
1280 2355 1375 2383 facula
1400 2354 1528 2390 putabo.
1552 2354 1615 2381 Non
1646 2354 1769 2381 ulterius
1796 2363 1881 2381 num-

1057 2401 1153 2429 mulos
1182 2409 1295 2436 cogam,
1313 2400 1363 2427 sed
1379 2398 1544 2434 manipulos
1558 2398 1704 2434 colligam.
1722 2399 1783 2426 Non
1806 2399 1883 2427 ultra

1057 2454 1156 2481 peram
1186 2445 1407 2480 constringam,
1432 2444 1483 2471 sed
1514 2440 1633 2471 currum
1664 2443 1788 2471 traham.
1819 2444 1880 2471 Non

1057 2490 1133 2518 ultra
1149 2490 1242 2517 frusta
1267 2488 1352 2525 panis
1375 2488 1527 2524 accipiam,
1553 2488 1601 2516 sed
1628 2489 1809 2515 frumentum
1835 2489 1882 2516 de-

1057 2535 1158 2562 feram.
1189 2534 1251 2561 Non
1278 2532 1406 2568 amplius
1434 2540 1501 2559 cum
1530 2532 1641 2568 gemitu
1672 2532 1842 2560 exclamabo
1875 2542 1882 2561 :

1059 2579 1127 2606 Date
1150 2578 1175 2606 ei
1200 2577 1249 2613 qui
1272 2577 1384 2605 lumine
1399 2585 1456 2604 non
1472 2576 1598 2611 fruitur;
1614 2578 1664 2604 sed
1682 2586 1787 2612 magna
1813 2586 1882 2605 voce

1097 2750 1152 2785 (78)
1170 2751 1212 2777 ιιι
1227 2749 1296 2785 Reg.
1315 2747 1476 2785 1,72.7Editi
1491 2755 1568 2785 vero,
1584 2744 1693 2784 ἀτριϐῆ.
1715 2750 1776 2775 Mox
1791 2747 1877 2773 iidem

1063 2783 1125 2814 mss
1131 2806 1137 2813 .
1146 2783 1337 2822 'xup'cu'ipa'tw"
1345 2784 1430 2818 Edili,
1444 2783 1613 2820 κυρτήματα.
