4102 6218
277 295 424 355 1011

1444 290 1508 351 8.
1555 288 2073 351 A'lHANASlUS.
2108 322 2178 334 --
2209 290 2522 353 SPUllIA.

3544 290 3695 355 1012

275 430 543 488 clamabo
578 444 591 482 :
625 427 911 483 Dominus
939 423 1294 482 iliuminatio
1326 440 1456 481 mea
1484 428 1541 480 et
1570 422 1733 480 salus
1772 437 1920 489 mea,

2043 419 2449 499 μεγαλοφώνως
2481 421 2689 496 κράζω·
2726 446 2753 476 «
2786 421 2984 497 Κύριος
3025 421 3306 495 φωτισμός
3336 443 3448 497 μου
3476 421 3567 478 καὶ
3595 442 3698 480 σω-

279 536 458 594 quem
490 517 711 575 timebo
741 518 784 551 τί
805 516 832 571 ‘?
870 540 890 566 ι

346 614 403 665 7.
439 607 538 664 His
582 605 802 663 auditis
852 603 1316 662 contradicentes
1360 602 1572 671 Judaei,
1621 606 1685 658 ut
1730 602 1929 659 vident

278 699 445 754 illum
474 714 586 752 non
622 696 793 751 modo
825 697 1099 751 sanatum
1122 710 1271 760 esse,
1292 693 1394 749 sed
1418 690 1769 749 miraculum
1791 706 1930 764 quo-

277 805 390 861 que
419 786 751 853 defendere,
784 784 1071 839 accedunt
1102 784 1313 838 iterum
1352 781 1758 837 sciscitantes:
1785 787 1931 847 Quo-

277 876 451 933 modo
482 875 670 930 visum
703 870 1023 945 accepisti?
1054 870 1203 937 Quid
1248 870 1384 926 fecit
1432 869 1537 927 tibi
1585 869 1760 925 homo
1808 867 1928 934 ille,

282 967 437 1039 quod
491 970 611 1020 tam
662 962 910 1018 firmiter
958 978 1087 1016 eam
1117 976 1239 1015 rem
1271 958 1527 1016 asseris?
1557 960 1709 1014 Tum
1746 956 1799 1013 is
1829 956 1931 1029 qui

276 1056 466 1113 visum
501 1056 796 1125 receperat
823 1051 894 1106 ad
927 1054 1242 1105 excaecatos
1286 1047 1421 1104 illos
1455 1065 1467 1103 :
1501 1048 1803 1113 Quomodo
1846 1045 1932 1101 vi-

278 1161 412 1201 sum
461 1140 696 1214 accepi?
746 1140 940 1196 Deone
988 1138 1205 1203 dicitis,
1256 1138 1550 1209 quomodo
1599 1136 1742 1192 illud
1793 1152 1936 1192 con-

278 1238 593 1306 sequenter
622 1231 695 1285 ad
730 1215 950 1284 naturae
983 1227 1246 1284 ordinem
1280 1228 1496 1283 factum
1531 1223 1660 1281 est?
1691 1224 1749 1281 Si
1781 1240 1935 1296 quae-

280 1324 430 1388 ritis,
486 1319 817 1392 quomodo;
872 1316 1136 1373 vicissim
1187 1332 1288 1372 vos
1339 1331 1445 1387 ego
1497 1313 1868 1387 interrogabo
1917 1329 1931 1368 :

284 1411 584 1478 Quomodo
616 1411 676 1464 in
707 1408 909 1463 vinum
940 1423 1155 1479 aquam
1186 1401 1607 1461 commutavit?
1642 1404 1731 1459 An
1763 1406 1933 1460 natu-

276 1519 351 1557 rae
384 1501 670 1566 ordinem,
705 1502 805 1553 aut
837 1494 1188 1552 miraculum
1221 1498 1286 1551 ut
1323 1492 1667 1550 exhiberet?
1688 1508 1933 1565 quomo-

279 1592 351 1646 do
383 1594 660 1644 Lazarum
711 1604 781 1641 ex
808 1584 1077 1658 sepulcro
1130 1582 1427 1641 evocavit?
1457 1581 1712 1639 naturali
1740 1598 1814 1638 an
1845 1581 1934 1636 di-

280 1680 414 1734 vino
447 1675 658 1733 modo?
689 1675 989 1741 Quomodo
1018 1674 1316 1746 leprosum
1370 1672 1576 1729 morbo
1624 1669 1935 1729 liberavit?

2033 511 2140 584 τήρ
2176 531 2306 583 μου,
2326 510 2444 565 τίνα
2470 505 2861 588 φοϐηθήσομαι
2886 531 2899 581 ;
2931 535 2959 563 ››

2107 602 2161 654 7.
2197 601 2379 656 Ταῦτα
2411 598 2733 662 ἀκούσαντες
2766 601 2819 654 οἱ
2866 598 3238 677 ἀντιλέγοντες
3286 598 3565 674 Ἰουδαῖοι,
3613 602 3688 665 ὡς

2038 681 2182 740 εἶδον
2240 684 2399 741 αὐτὸν
2460 688 2536 760 μὴ
2599 686 2764 761 μόνον
2827 687 3059 757 ἶαθέντα,
3119 686 3267 744 ἀλλὰ
3313 688 3405 744 καὶ
3464 709 3689 767 συνηγο-

2040 779 2235 851 ροῦντα
2278 780 2359 850 τῷ
2407 776 2663 851 θαύματι,
2714 777 3021 855 προσῄεσαν
3073 776 3151 833 ἔτι
3187 778 3565 854 ἐπερωτῶντες
3592 778 3686 835 αὖ·

2037 862 2152 918 τόν·
2189 869 2311 929 [Ιῶς
2361 861 2701 941 ἀνέϐλεψαςς
2759 867 2820 923 Τί
2875 889 2959 923 σοι
3010 867 3260 940 ἐποίησεν
3309 868 3569 932 ἐκεῖνοςὸ
3598 867 3684 924 ἃν-

2042 964 2283 1030 θρωπος,
2314 956 2398 1011 ὃτι
2432 954 2704 1030 ἐπιμένεις
2733 961 2812 1031 τῷ
2843 959 3130 1034 πράγματι
3157 977 3170 1029 ;
3226 960 3287 1017 '0
3347 956 3406 1014 δὲ
3464 952 3686 1014 ἁναϐλὲο

2041 1046 2144 1117 ψας
2205 1045 2340 1120 πρὸς
2401 1044 2528 1108 τοὺς
2584 1046 2966 1125 τυφλωθέντας
3021 1043 3147 1126 ἔφη’
3207 1052 3332 1112 Πῶς
3381 1042 3686 1121 ἆνέϐλεψα;

2042 1132 2165 1189 Ἐπὶ
2225 1138 2360 1188 Θεοῦ
2409 1133 2618 1211 λέγετε,
2668 1140 2783 1199 πῶς
2829 1143 2928 1207 τῆς
2976 1135 3185 1214 φύσεως
3232 1136 3531 1195 ἀκολουθία
3557 1136 3694 1213 γίνε-

2041 1240 2165 1291 ται;
2216 1221 2278 1277 Εἰ
2335 1223 2397 1278 τὸ
2445 1225 2562 1287 πῶς
2621 1224 2874 1301 ἐρωτᾶτε,
2927 1224 3286 1298 άντερωτήσω
3337 1226 3480 1300 ὑμᾶς
3524 1226 3693 1301 κάγώ’

2043 1313 2167 1373 ΙΙῶς
2195 1311 2257 1366 τὸ
2286 1308 2434 1388 ὕδωρ
2465 1312 2542 1375 εἰς
2574 1313 2721 1367 οἶνον
2758 1307 3075 1385 μετέϐαλεν,
3122 1311 3445 1369 ἀκολουθίαν
3477 1314 3513 1383 ἦ
3563 1314 3693 1367 θαυ-

2046 1398 2380 1476 ματουργίαν
2416 1401 2661 1475 μηνύσας
2687 1422 2701 1473 ;
2736 1406 2858 1465 Πῶς
2886 1401 2977 1458 τὸν
3012 1403 3256 1475 Λάζαρον
3309 1401 3369 1458 ἐκ
3394 1407 3492 1457 τοῦ
3522 1400 3690 1480 τάφου

2044 1490 2303 1561 ἐκάλεσε,
2352 1498 2594 1569 φυσικῶς
2650 1493 2685 1564 ἢ
2742 1496 3098 1569 θεοπρεπῶς;
3159 1495 3286 1556 Πῶς
3338 1493 3430 1549 τὸν
3492 1491 3691 1563 λεπρόν

2040 1584 2138 1635 τοῦ
2169 1581 2372 1646 πάθους
2402 1580 2659 1651 ἀπέλυσε,
2719 1580 3097 1659 περιοδεύσας,
3154 1583 3189 1653 ἢ
3242 1579 3517 1654 θελήσας;
3568 1584 3691 1645 Πῶς

2039 1669 2139 1738 τήν
2198 1669 2565 1746 αἱμορροὖσαν
2624 1676 2875 1746 γυναῖκα,
2932 1675 3261 1748 ναυαγοῦσαν
3323 1671 3382 1727 ἐκ
3431 1677 3533 1741 τῆς
3580 1674 3689 1726 τῶν

284 1767 627 1826 circuitione
678 1764 955 1836 quadam,
990 1780 1063 1819 an
1094 1759 1435 1818 voluntate?
1467 1759 1769 1826 Quomodo
1796 1776 1931 1815 san-

2043 1758 2289 1831 αίμάτων
2346 1764 2539 1837 φορᾶς,
2598 1764 2696 1815 τοῦ
2752 1757 3034 1823 κλύδωνος
3077 1757 3336 1830 διέσωσε;
3396 1760 3469 1815 Τὸ
3520 1759 3690 1822 πάθος

280 1858 479 1931 guinis
510 1856 669 1910 ﬂuxu
701 1852 1065 1909 laborantem
1098 1849 1429 1918 mulierem,
1461 1865 1588 1921 quis
1619 1846 1928 1921 sanguinis

2043 1847 2351 1923 ἐρευνήσας,
2403 1848 2438 1917 ἢ
2489 1849 2589 1918 τήν
2638 1847 2816 1904 πίστιν
2865 1851 3239 1920 κατανοήσας;
3291 1849 3357 1906 Οἱ
3391 1846 3449 1905 δὲ
3478 1846 3688 1904 ἀντιλέ-

286 1946 568 2017 proﬂuvio
601 1941 771 2015 quasi
802 1940 1175 2014 naufragium
1202 1940 1437 2008 fecerat,
1483 1954 1554 1994 ex
1590 1953 1660 1993 ea
1704 1942 1926 2009 tempe-

2034 1955 2222 2011 γοντες
2256 1932 2534 2009 Ἰουδαῖοι,
2566 1937 2640 2000 ὡς
2688 1934 2828 1992 εἶδον
2879 1937 3038 1993 αὐτὸν
3091 1936 3436 2012 ἐπιμένοντα,
3491 1934 3682 2012 δριμύ-

282 2040 434 2091 state
481 2031 741 2105 eripuit?
787 2029 1259 2103 Perquirendone
1289 2027 1481 2083 morbi
1511 2027 1820 2092 rationem,
1853 2040 1928 2080 an

2043 2044 2187 2099 τερον
2246 2025 2670 2102 κατεσχηκότες,
2728 2027 2909 2081 εἷλκον
2960 2025 3120 2082 αὐτὸν
3171 2027 3306 2099 μετὰ
3354 2026 3472 2103 βίας
3504 2022 3593 2082 ἐπὶ
3618 2024 3682 2079 τὸ

283 2127 595 2195 conspecta
624 2121 753 2193 ejus
794 2119 927 2175 ﬁde.
982 2118 1133 2174 Tum
1183 2115 1645 2174 contradicentes
1692 2113 1776 2171 illi
1823 2113 1925 2170 Ju-

172 2232 187 2241 -'
283 2213 413 2283 daei,
466 2217 528 2266 ut
558 2210 827 2266 viderunt
855 2224 992 2264 eum
1021 2207 1081 2263 in
1116 2205 1412 2279 proposito
1439 2207 1925 2276 perseverantem,

280 2300 491 2357 acriter
520 2297 1008 2371 comprehensum
1037 2296 1089 2353 vi
1136 2294 1480 2368 pertrahunt
1522 2294 1594 2349 ad
1641 2290 1929 2349 Pharisai-

281 2407 415 2446 cum
446 2387 727 2455 tribunal,
761 2386 1150 2457 dicebantque
1180 2384 1265 2440 illi
1298 2401 1311 2439 :
1344 2384 1475 2440 Jam
1507 2398 1713 2439 carnes
1742 2381 1926 2438 lanci-

190 2490 195 2493 '
280 2479 409 2534 nari
440 2485 571 2533 tuas
602 2476 961 2543 curabimus,
985 2480 1050 2530 ut
1070 2473 1244 2541 servi,
1266 2489 1383 2529 non
1413 2471 1689 2539 doctoris,
1713 2487 1931 2527 munus

281 2584 621 2638 exsequare.
656 2565 783 2623 Non
808 2568 989 2634 taces,
1022 2563 1126 2619 sed
1155 2562 1495 2618 concionem
1527 2560 1732 2627 habes,
1757 2563 1931 2631 atque

283 2663 348 2713 ut
398 2658 577 2712 Deum
628 2653 796 2710 illum
839 2653 929 2709 vis
981 2651 1343 2724 proclamare
1412 2650 1600 2706 ﬁlium
1647 2647 1933 2719 Josephi?

283 2747 431 2803 Casu
488 2745 744 2815 quodam
791 2742 982 2798 visum
1017 2740 1308 2814 recepisti,
1334 2738 1646 2811 eti'utisque
1675 2738 1845 2795 nobis
1875 2742 1933 2794 te

284 2853 318 2890 a
349 2834 650 2891 nativitate
679 2848 897 2888 caecum
929 2846 1080 2902 esse,
1124 2834 1300 2901 atque
1343 2827 1589 2885 adducis
1632 2826 1801 2883 nobis
1851 2825 1930 2883 is-

284 2930 412 2979 tum
448 2924 594 2979 fabri
630 2921 863 2978 ﬁlium?
895 2920 1017 2977 Non
1044 2923 1197 2976 taces
1230 2936 1243 2975 :
1276 2919 1377 2975 sed
1410 2933 1625 2991 magna
1655 2932 1791 2973 voce
1821 2914 1934 2972 cla-

284 3012 457 3068 mas?
490 3012 595 3077 Qui
630 3027 802 3083 porro
833 3010 1024 3065 visum
1059 3011 1355 3079 receperat
1398 3006 1627 3079 reponit
1672 3007 1740 3061 ad
1789 3021 1931 3062 con-

282 3100 636 3156 tradicentes
685 3116 698 3153 :
747 3097 805 3153 Si
855 3113 947 3153 me
977 3096 1229 3153 clamare
1258 3112 1374 3152 non
1405 3095 1602 3162 vultis,
1633 3093 1776 3167 quid
1807 3098 1931 3150 tam

2037 2115 2367 2192 Φαρισαϊκὸν
2397 2119 2707 2194 κριτήριον,
2740 2114 2994 2193 λέγοντες
3026 2118 3162 2192 πρὸς
3194 2116 3374 2174 αὐτόν.
3426 2116 3557 2174 Novi
3588 2140 3683 2175 σου

2034 2203 2130 2267 τὰς
2183 2203 2381 2282 σάρκας
2427 2206 2818 2277 καταξανθῆναι
2867 2207 3368 2281 παρασκευάσομεν,
3411 2204 3506 2262 ’ἱνα
3562 2204 3684 2263 δου-

2039 2289 2212 2364 λείαν,
2243 2293 2333 2348 καὶ
2368 2295 2443 2367 μή
2479 2291 2829 2350 διδασκαλίαν
2864 2296 3129 2371 μετέρχῃ.
3161 2293 3232 2349 Οὐ
3264 2300 3492 2367 σιωπᾷς,
3545 2294 3689 2353 ἀλλᾶ

2039 2378 2401 2459 δημηγορεῖς,
2432 2383 2522 2439 καὶ
2552 2384 2625 2446 ὡς
2656 2383 2785 2440 Θεὸν
2817 2383 2975 2441 αὐτὸν
2999 2383 3174 2446 θέλεις
3199 2383 3529 2463 φημίζεσθαι
3549 2387 3686 2455 (79),

2040 2469 2238 2528 ἐκεῖνον
2266 2473 2359 2528 τὸν
2389 2475 2504 2529 υἱὸν
2530 2478 2628 2529 τοῦ
2658 2475 2897 2552 Ἰωσήφ;
2953 2474 3090 2530 Ἀπὸ
3140 2469 3551 2548 συμϐεϐηκότος
3608 2497 3687 2531 τι·

2038 2559 2129 2622 νὸς
2182 2555 2501 2636 ἀνέϐλεψας,
2550 2562 2639 2618 καὶ
2687 2568 3028 2641 προσφωνεῖς
3057 2565 3217 2636 ἡμῖν,
3249 2563 3325 2627 ὡς
3357 2562 3419 2619 ἐκ
3464 2567 3685 2642 γενετῆς

2036 2648 2242 2727 τυφλὸς
2300 2649 2552 2727 ἐτέχθης,
2608 2651 2698 2707 καὶ
2752 2651 2970 2727 ἐτ’άγεις
3014 2654 3150 2725 ἡμῖν
3202 2650 3405 2708 ἐκεῖνον
3440 2652 3532 2708 τὸν
3589 2657 3686 2708 τοῦ

2036 2736 2287 2802 τέκτονος
2317 2740 2431 2795 υἱόν
2459 2759 2473 2810 ;
2506 2739 2583 2798 Οὐ
2613 2744 2844 2812 σιωπᾷς,
2891 2737 3040 2796 ἀλλὰ
3090 2738 3298 2816 μεγάλα
3332 2742 3463 2815 βοᾷς
3490 2762 3505 2795 ι
3535 2743 3596 2800 Ὁ
3629 2739 3687 2796 δὲ

2039 2820 2341 2902 ἀναϐλέψας
2388 2829 2525 2905 πρὸς
2573 2828 2701 2892 τοὺς
2748 2826 3129 2906 ἀντιλέγοντας
3160 2825 3362 2904 ἔλεγεν·
3398 2829 3461 2884 Εἰ
3498 2829 3560 2885 οὐ
3593 2829 3685 2886 θέο

2041 2912 2163 2971 λετέ
2239 2937 2307 2989 με
2382 2917 2534 2992 βοᾷν,
2588 2916 2643 2971 τί
2700 2916 3005 2993 ἐπερωτᾶτέ
3062 2939 3130 2990 με
3181 2922 3439 2994 συχνῶς;
3505 2924 3685 2992 Ὑμεῖς

2041 3001 2262 3066 ἑαυτοὺς
2316 3002 2621 3076 θρυλλεῖτε,
2678 3004 2849 3078 κάμοὶ
2895 3005 2958 3061 τὸ
3015 3003 3269 3081 ἔγκλημα
3324 3006 3680 3083 προσάπτετε,

2041 3095 2138 3157 ’Ὡς
2170 3115 2322 3173 φατε,
2372 3094 2418 3150 εί
2462 3094 2522 3151 ἐκ
2568 3091 2981 3179 συμϐεϐηκότος
3008 3096 3154 3158 τινὸς
3179 3090 3471 3170 ἀνέϐλεψα,
3498 3098 3550 3152 τί
3581 3118 3687 3171 μου

282 3154 1068 3260 ireqiientersciscitamini?
1096 3185 1498 3257 Vosmetipsos
1526 3154 1844 3242 diffamatis
1872 3186 1931 3239 et

2125 3154 2193 3173 -.
2306 3154 2322 3169 ι
2639 3154 2649 3169 .
2727 3172 2735 3179 ο
2805 3154 2816 3166 .
2967 3154 2977 3158 -
3140 3154 3151 3158 -
3391 3154 3401 3170 .
3452 3154 3470 3165 .
3581 3154 3593 3171 ,

2043 3181 2168 3246 τοὺς
2223 3189 2400 3260 γονεῖς
2451 3187 2860 3261 παρεστήσατε;
2904 3189 3095 3255 Μάτην
3142 3179 3475 3262 θορυϐεῖσθε
3509 3184 3572 3241 οὐ
3603 3183 3693 3241 δύο

285 3277 431 3333 mihi
465 3277 699 3347 culpam
731 3275 1133 3343 ascribitis.Si,
1166 3278 1231 3330 ut
1260 3273 1476 3342 dicitis,
1503 3290 1643 3330 casu
1674 3273 1931 3344 quodam

282 3367 472 3420 visum
506 3364 721 3437 accepi,
756 3380 861 3419 cur
890 3368 1161 3436 parentes
1204 3379 1367 3419 meos
1413 3361 1744 3418 accivistis?
1789 3362 1933 3419 Fru-

284 3460 409 3512 stra
456 3455 660 3509 turbas
709 3452 861 3509 datis
895 3470 908 3509 :
940 3470 1056 3508 non
1106 3451 1352 3525 potestis
1380 3452 1651 3524 obtegere
1680 3450 1933 3507 miracu-

284 3545 407 3600 lum
446 3562 457 3598 :
491 3544 599 3600 etsi
632 3542 898 3599 siluerim
929 3557 1056 3613 ego,
1089 3540 1345 3598 clamant
1372 3539 1523 3596 oculi
1559 3539 1692 3596 mei.
1747 3540 1932 3596 Homo

286 3635 527 3707 quidam
578 3633 750 3689 Jcsus
798 3630 1055 3700 nomine,
1106 3631 1280 3701 cujus
1327 3646 1540 3686 nomen
1569 3634 1659 3685 est
1684 3628 1932 3697 curatio,

218 3756 227 3761 -
284 3726 407 3780 luto
440 3723 606 3779 unxit
634 3721 834 3779 oculos
864 3737 1050 3789 meos,
1080 3724 1137 3776 et
1160 3720 1307 3776 dixit
1333 3717 1481 3776 mihi
1511 3736 1525 3775 :
1563 3717 1783 3788 «Vade,
1805 3718 1935 3775 lava

284 3815 343 3870 in
376 3813 604 3887 piscina
632 3811 850 3870 Siloam
880 3812 946 3865 ⁷³.
979 3831 1008 3862 ››
1041 3809 1370 3881 Abiensque
1399 3807 1531 3880 lavi,
1554 3807 1709 3864 lotus
1740 3806 1933 3863 lutum

284 3903 551 3976 deposui,
585 3902 689 3958 sed
718 3899 909 3958 visum
940 3898 1152 3971 recepi.

356 3996 408 4049 8.
443 3992 544 4047 His
575 3989 793 4047 auditis
822 3986 1141 4045 Pharisaici
1166 3986 1416 4058 judices,
1448 3985 1790 4059 ingentique
1836 4002 1931 4043 co-

285 4087 415 4137 acta
460 4080 634 4135 turba
667 4097 678 4133 ε
713 4078 1036 4134 Sabbatum
1083 4076 1239 4132 enim
1272 4079 1416 4142 erat,
1448 4090 1582 4130 cum
1615 4074 1725 4131 hoc
1751 4075 1932 4132 mira-

285 4170 482 4226 culum
518 4169 651 4223 l‘ccit
678 4168 885 4223 Jesus:
920 4165 1353 4237 interregabant
1380 4182 1515 4220 eum
1555 4165 1755 4221 eadem
1805 4181 1933 4237 quae

283 4258 469 4315 Judaei
521 4256 780 4313 dicentes
809 4273 823 4311 ε
856 4253 1040 4319 Nosti,
1074 4270 1107 4309 ο
1138 4253 1333 4319 homo,
1367 4269 1483 4325 quo
1513 4257 1671 4310 astes
1704 4252 1931 4319 inloco,

286 4353 342 4403 et
370 4344 799 4416 indeprecabile
833 4345 937 4398 hoc
965 4342 1223 4397 tribunal
1253 4357 1403 4412 esse,
1436 4357 1624 4413 neque
1666 4341 1931 4399 fraudem

285 4437 380 4492 hic
431 4450 693 4506 unquam
737 4432 915 4488 latere
940 4448 1134 4501 posse.
1180 4430 1275 4487 Dic
1306 4430 1475 4488 nobis
1504 4430 1664 4487 omni
1696 4448 1931 4487 accura-

2039 3283 2197 3338 ναςθε
2250 3272 2451 3350 κρύψαι
2507 3274 2567 3329 τὸ
2625 3278 2824 3348 θαῦμα⁸
2883 3272 2979 3329 κᾶν
3039 3274 3141 3350 γὰρ
3171 3274 3281 3349 ἐγὼ
3314 3276 3604 3346 σιωπήσω,
3638 3277 3692 3331 οἱ

2043 3362 2320 3442 ὀφθαλμοί
2355 3386 2460 3437 μου
2494 3365 2716 3440 βοῶσιν.
2750 3365 3075 3439 Ἄνθρωπός
3112 3387 3196 3428 τις
3232 3363 3523 3442 λεγόμενος
3575 3370 3688 3440 Ἰηη

2041 3450 2190 3525 σοῦς,
2252 3451 2315 3508 οὗ
2361 3452 2451 3508 καὶ
2497 3454 2560 3508 τὸ
2609 3449 2785 3527 ὄνομα
2836 3451 2995 3522 ἴασις,
3036 3451 3218 3524 πηλὸν
3268 3454 3524 3532 ἐπέχρισέ
3582 3478 3689 3530 μου

2037 3546 2155 3605 τοῖς
2180 3540 2514 3619 ὀφθαλμοῖς,
2546 3542 2637 3598 καὶ
2670 3543 2785 3598 εἶπέ
2838 3563 2952 3616 μοι·
2986 3566 3015 3597 ‹‹
3064 3545 3273 3619 Ὕπαγε
3298 3545 3451 3619 νίψαι
3482 3544 3558 3608 εἷς
3586 3546 3686 3615 τήν

2038 3624 2431 3705 κολυμϐήθραν
2481 3635 2578 3688 τοῦ
2629 3628 2882 3704 Σιλωάμ.
2937 3655 2967 3684 ‹‹
3000 3631 3099 3686 Καὶ
3128 3630 3379 3689 ἀπελθὼν
3416 3633 3687 3707 ἐνιψάμην

2040 3720 2173 3793 (80)⁶
2205 3721 2519 3793 νιψάμενος,
2548 3720 2639 3776 τὸν
2676 3720 2769 3794 μὲν
2804 3718 2983 3790 πηλὸν
3024 3719 3312 3795 ἐπεθέμην,
3366 3723 3428 3778 τὸ
3457 3719 3517 3778 δὲ
3572 3728 3687 3801 φῶς

2039 3805 2325 3882 ἐδεξάμην.

2109 3989 2163 4047 8.
2194 3991 2369 4041 Ταῦτα
2399 3985 2716 4049 ἀκούσαντες
2748 3987 2798 4041 οἱ
2832 3986 3157 4062 Φαρισαῖκοὶ
3187 3986 3389 4063 κριταὶ,
3420 3988 3510 4042 γαὶ
3543 3988 3691 4061 πλή-

2042 4087 2166 4139 θους
2223 4074 2446 4152 ἀπείρου
2508 4075 2998 4151 συναθροιζομένου
3028 4094 3041 4107 °
3101 4070 3390 4145 σάϐϐατον,
3445 4076 3548 4151 γάρ
3604 4080 3689 4149 ἦν,

2041 4161 2132 4220 ὅτε
2159 4164 2222 4219 τὸ
2253 4168 2435 4235 θαῦμα
2491 4166 2655 4217 τοῦτο
2707 4162 3002 4234 πεποίηκεν
3054 4164 3082 4218 ὁ
3127 4164 3357 4235 Ἰησοῦς*
3388 4162 3690 4241 ἐπηρώτων

2041 4251 2199 4308 αὐτὸν
2229 4252 2294 4307 τά
2322 4251 2456 4307 αὐτὰ
2509 4257 2629 4315 τοῖς
2686 4249 2966 4315 Ἰουδαίοις
3028 4251 3300 4328 λέγοντες⁸
3352 4250 3540 4323 Οἶδας,
3598 4254 3695 4311 ἄν·

2042 4353 2247 4418 θρωπε,
2278 4340 2422 4414 ποίῳ
2451 4340 2605 4414 τόπῳ
2635 4342 2998 4418 παρέστηκας,
3030 4342 3120 4397 καὶ
3159 4341 3243 4397 ὅτι
3286 4342 3689 4420 ἀσυγχώρητον

2039 4429 2102 4485 τὸ
2131 4428 2302 4506 παρὸν
2343 4432 2623 4505 κριτήριον
2680 4428 2953 4505 τυγχάνει,
3011 4430 3100 4485 καὶ
3150 4431 3223 4492 ὡς
3255 4430 3354 4487 οὐκ
3405 4431 3547 4486 ἐστιν
3600 4430 3692 4487 ἐν-

286 4527 445 4581 tione
479 4541 491 4579 ;
526 4523 826 4589 Quomodo
858 4520 1048 4577 visum
1080 4518 1395 4592 accepisti?
1433 4520 1595 4584 Quod
1645 4519 1749 4575 tibi
1801 4520 1931 4575 fecit

2043 4520 2207 4574 ταῢθα
2260 4517 2474 4588 πλάνην
2531 4519 2643 4591 (81)
2696 4515 2971 4583 διαλαθεῖν
3016 4539 3166 4576 ποτε.
3200 4519 3333 4596 Λέγε
3364 4521 3499 4593 ἡμῖν
3553 4522 3691 4593 μετὰ

286 4616 462 4671 homo
492 4613 586 4668 ille
617 4628 790 4684 quem
821 4608 1011 4666 dicis?
1040 4609 1191 4665 Tum
1217 4606 1312 4663 ille
1342 4607 1443 4679 qui
1472 4608 1665 4664 visum
1695 4623 1932 4681 accepe-

288 4709 379 4760 rat
409 4704 474 4758 ad
514 4699 912 4758 Pharisaicum
964 4695 1222 4755 tribunal
1270 4696 1574 4769 respondit
1623 4713 1637 4753 :
1686 4697 1933 4762 Quomo-

288 4794 361 4846 do
415 4790 604 4845 visum
655 4786 997 4859 receperim,
1043 4800 1281 4841 rursum
1338 4782 1565 4840 curiose
1593 4783 1936 4855 inquiritis?

287 4881 513 4936 Rursus
547 4884 609 4933 ut
640 4893 803 4934 reum
837 4892 927 4932 me
948 4871 1933 4941 examinatis,dicentes:Quomodo

281 4970 471 5024 visum
498 4965 811 5039 recepisti?
833 4966 879 5021 si
912 4964 1104 5021 dicam
1130 4962 1297 5020 vobis
1344 4963 1558 5018 iterum
1610 4961 1929 5018 tumultum

281 5058 631 5113 cxcitabitis.
682 5054 886 5112 Dicam
936 5052 1107 5110 vobis
1155 5052 1446 5123 quomodo
1477 5051 1669 5108 visum
1702 5068 1931 5124 recepe-

278 5148 409 5202 rim.
443 5151 692 5202 Causam
724 5144 965 5217 quidem
998 5141 1321 5198 curationis
1351 5141 1565 5206 dicam,
1619 5140 1720 5197 sed
1772 5144 1932 5213 pote-

275 5241 483 5292 statem
508 5234 718 5291 edendi
749 5230 1036 5290 miracula
1065 5229 1256 5286 dicere
1276 5246 1500 5302 nequeo
1526 5246 1539 5286 :
1564 5252 1591 5281 (ι
1616 5228 1756 5295 Quis
1772 5229 1930 5286 enim

349 5370 391 5404 τί
426 5368 575 5425 Psal.
608 5384 761 5438 xxv1,
796 5366 848 5422 1.
926 5366 971 5400 τ’
999 5365 1167 5420 Joan.
1201 5364 1392 5433 1x,11.

377 5512 466 5579 79)
495 5511 583 5567 Sic
617 5510 756 5583 Reg.
876 5506 1217 5583 Editi__v9ro,
1249 5498 1602 5583 ψηφίζεσθαι.

381 5574 471 5657 80)
504 5585 588 5638 lta
620 5574 759 5655 Reg.
796 5580 848 5651 4,
881 5581 936 5636 2.
960 5576 1113 5634 Editi
1143 5574 1298 5648 vero,
1325 5574 1640 5651 νιψάμενος.

2041 4607 2221 4678 πάσης
2251 4601 2547 4682 ἀκριϐείας·
2612 4609 2731 4669 Πῶς
2792 4603 3131 4681 ἀνέϐλεψαςς
3187 4606 3249 4662 Τί
3298 4628 3384 4664 σοι
3433 4606 3685 4680 ἐποίησεν

2042 4693 2245 4758 ἐκεῖνος
2278 4695 2306 4748 ὁ
2336 4692 2639 4771 ἅνθρωπος,
2673 4692 2730 4749 ὅν
2763 4693 2939 4769 λέγεις
2964 4714 2978 4764 ;
3008 4696 3071 4753 Ὁ
3119 4691 3176 4751 δὲ
3213 4691 3518 4771 ἀναϐλέψας
3549 4697 3688 4774 πρὸς

2039 4783 2103 4839 τὸ
2134 4782 2463 4859 Φαρισαϊκὸν
2487 4785 2794 4859 κριτήριον,
2828 4784 3174 4861 ἀπεκρίνατο⁶
3221 4790 3344 4848 Πῶς
3389 4780 3688 4861 ἀνέϐλεψα,

2041 4869 2206 4928 πάλιν
2256 4870 2704 4948 περιεργάζεσθε;
2753 4869 2916 4928 πάλιν
2964 4872 3039 4936 ὡς
3083 4870 3375 4930 κατάδικον
3422 4873 3688 4947 εὐθύνετε,

2042 4958 2285 5037 λέγοντές
2319 4980 2433 5033 μοι’
2472 4963 2595 5023 Πῶς
2625 4955 2924 5035 ἀνέϐλεψας
2954 4980 2967 5033 ;
3001 4962 3122 5017 Ἐάν
3171 4962 3298 5035 ὑμῖν
3331 4960 3491 5034 εἴπω,
3521 4961 3689 5020 πάλιν

2042 5042 2378 5125 θορυϐεῖσθε.
2436 5047 2509 5103 Τὸ
2564 5052 2679 5110 πῶς
2738 5043 3028 5124 ἀνέϐλεψα,
3089 5049 3199 5127 ἐγὼ
3247 5051 3372 5125 ὑμῖν
3422 5051 3551 5128 ἐρῶ.
3581 5053 3691 5123 Τὴν

2044 5138 2139 5213 μὲν
2204 5137 2378 5193 αἰτίαν
2427 5144 2528 5208 τῆς
2578 5135 2856 5213 περιοδίας
2898 5136 3068 5217 λέγω,
3099 5141 3199 5211 τήν
3233 5138 3291 5196 δὲ
3321 5141 3558 5213 ἐξουσίαν
3588 5150 3691 5215 τῆς

2042 5227 2501 5304 θαυματουργίας,
2532 5226 2632 5283 οὐκ
2661 5223 2776 5305 ἔχω
2806 5229 3004 5305 Λέγειν·
3037 5253 3066 5281 ‹‹
3098 5228 3187 5294 Τίς
3232 5230 3337 5307 γὰρ
3381 5224 3520 5307 ἔγνω
3565 5237 3690 5287 νοῦν

2111 5506 2223 5580 (81)
2256 5506 2402 5579 Reg.
2433 5507 2488 5579 1,
2518 5503 2749 5566 πλάνον.
2778 5507 2919 5581 Reg.
2948 5506 3005 5580 2,
3038 5503 3239 5581 πλάνῃ.
