  <div class='ocr_page' id='page_1' title='image "/cluster/home/n/w/nwhite01/storage/ocr_20150623/28/hvd.32044052794351/513.png"; bbox 0 0 4102 6218; ppageno 0'>
   <div class='ocr_carea' id='block_1_1' title="bbox 338 326 494 386">
    <p class='ocr_par' dir='ltr' id='par_1_1' title="bbox 338 326 494 386">
     <span class='ocr_line' id='line_1_1' title="bbox 338 326 494 386; baseline -0.006 0"><span class='ocrx_word' id='word_1_1' title='bbox 338 326 494 386; x_wconf 82' lang='grc'>1015</span> 
     </span>
    </p>
   </div>
   <div class='ocr_carea' id='block_1_2' title="bbox 1496 319 2581 382">
    <p class='ocr_par' dir='ltr' id='par_1_2' title="bbox 1496 319 2581 382">
     <span class='ocr_line' id='line_1_2' title="bbox 1496 319 2581 382; baseline -0.001 -2"><span class='ocrx_word' id='word_1_2' title='bbox 1496 323 1558 380; x_wconf 91' lang='lat' dir='ltr'>S.</span> <span class='ocrx_word' id='word_1_3' title='bbox 1611 319 2136 381; x_wconf 85' lang='lat' dir='ltr'>ATHANASIUS.</span> <span class='ocrx_word' id='word_1_4' title='bbox 2166 354 2241 362; x_wconf 87' lang='lat'>—-</span> <span class='ocrx_word' id='word_1_5' title='bbox 2276 321 2581 382; x_wconf 77' lang='lat' dir='ltr'>SPURIA.</span> 
     </span>
    </p>
   </div>
   <div class='ocr_carea' id='block_1_3' title="bbox 3604 321 3763 381">
    <p class='ocr_par' dir='ltr' id='par_1_3' title="bbox 3604 321 3763 381">
     <span class='ocr_line' id='line_1_3' title="bbox 3604 321 3763 381; baseline -0.013 0"><span class='ocrx_word' id='word_1_6' title='bbox 3604 321 3763 381; x_wconf 88' lang='grc'>1016</span> 
     </span>
    </p>
   </div>
   <div class='ocr_carea' id='block_1_4' title="bbox 341 449 2018 533">
    <p class='ocr_par' dir='ltr' id='par_1_4' title="bbox 341 453 1997 533">
     <span class='ocr_line' id='line_1_4' title="bbox 341 453 1997 533; baseline -0.005 -18"><span class='ocrx_word' id='word_1_7' title='bbox 341 460 639 533; x_wconf 81' lang='lat' dir='ltr'>probetur,</span> <span class='ocrx_word' id='word_1_8' title='bbox 675 458 1034 530; x_wconf 78' lang='lat' dir='ltr'>evangelista</span> <span class='ocrx_word' id='word_1_9' title='bbox 1064 456 1188 528; x_wconf 83' lang='lat' dir='ltr'>ipse</span> <span class='ocrx_word' id='word_1_10' title='bbox 1222 456 1478 512; x_wconf 83' lang='lat' dir='ltr'>Joannes</span> <span class='ocrx_word' id='word_1_11' title='bbox 1514 454 1857 511; x_wconf 79' lang='lat' dir='ltr'>memoravit</span> <span class='ocrx_word' id='word_1_12' title='bbox 1902 453 1997 507; x_wconf 91' lang='lat' dir='ltr'>his</span> 
     </span>
    </p>
   </div>
   <div class='ocr_carea' id='block_1_5' title="bbox 2129 449 3767 533">
    <p class='ocr_par' dir='ltr' id='par_1_5' title="bbox 2129 450 3767 528">
     <span class='ocr_line' id='line_1_5' title="bbox 2129 450 3767 528; baseline 0.003 -25"><span class='ocrx_word' id='word_1_13' title='bbox 2129 450 2197 504; x_wconf 67' lang='grc' dir='ltr'>ιπὶ</span> <span class='ocrx_word' id='word_1_14' title='bbox 2252 450 2504 516; x_wconf 75' lang='grc' dir='ltr'>πάντωνς</span> <span class='ocrx_word' id='word_1_15' title='bbox 2537 455 2707 510; x_wconf 80' lang='grc' dir='ltr'>Πόθεν</span> <span class='ocrx_word' id='word_1_16' title='bbox 2759 453 2849 510; x_wconf 63' lang='grc' dir='ltr'>οὖν</span> <span class='ocrx_word' id='word_1_17' title='bbox 2909 458 3044 528; x_wconf 79' lang='grc' dir='ltr'>ἡμῖν</span> <span class='ocrx_word' id='word_1_18' title='bbox 3099 457 3132 525; x_wconf 82' lang='grc' dir='ltr'>ἠ</span> <span class='ocrx_word' id='word_1_19' title='bbox 3190 452 3487 526; x_wconf 78' lang='grc' dir='ltr'>ἀπόδειξις,</span> <span class='ocrx_word' id='word_1_20' title='bbox 3522 452 3681 516; x_wconf 76' lang='grc' dir='ltr'>αὐτὸς</span> <span class='ocrx_word' id='word_1_21' title='bbox 3732 454 3767 508; x_wconf 86' lang='grc' dir='ltr'>ὁ</span> 
     </span>
    </p>
   </div>
   <div class='ocr_carea' id='block_1_6' title="bbox 340 542 1993 616">
    <p class='ocr_par' dir='ltr' id='par_1_6' title="bbox 340 542 1993 616">
     <span class='ocr_line' id='line_1_6' title="bbox 340 542 1993 616; baseline -0.004 -13"><span class='ocrx_word' id='word_1_22' title='bbox 340 549 536 605; x_wconf 81' lang='lat' dir='ltr'>verbis</span> <span class='ocrx_word' id='word_1_23' title='bbox 588 564 601 602; x_wconf 86' lang='lat'><strong>:</strong></span> <span class='ocrx_word' id='word_1_24' title='bbox 654 569 683 598; x_wconf 86' lang='lat'><strong>«</strong></span> <span class='ocrx_word' id='word_1_25' title='bbox 735 550 868 601; x_wconf 63' lang='lat' dir='ltr'>Haec</span> <span class='ocrx_word' id='word_1_26' title='bbox 900 550 1095 602; x_wconf 88' lang='lat' dir='ltr'>autem</span> <span class='ocrx_word' id='word_1_27' title='bbox 1128 546 1403 600; x_wconf 86' lang='lat' dir='ltr'>dixerunt</span> <span class='ocrx_word' id='word_1_28' title='bbox 1434 550 1704 616; x_wconf 88' lang='lat' dir='ltr'>parentes</span> <span class='ocrx_word' id='word_1_29' title='bbox 1734 544 1861 615; x_wconf 82' lang='lat' dir='ltr'>ejus</span> <span class='ocrx_word' id='word_1_30' title='bbox 1892 542 1993 613; x_wconf 87' lang='lat' dir='ltr'>qui</span> 
     </span>
    </p>
   </div>
   <div class='ocr_carea' id='block_1_7' title="bbox 342 632 1993 707">
    <p class='ocr_par' dir='ltr' id='par_1_7' title="bbox 342 632 1993 707">
     <span class='ocr_line' id='line_1_7' title="bbox 342 632 1993 707; baseline -0.003 -16"><span class='ocrx_word' id='word_1_31' title='bbox 342 638 537 693; x_wconf 92' lang='lat' dir='ltr'>visum</span> <span class='ocrx_word' id='word_1_32' title='bbox 570 639 887 707; x_wconf 79' lang='lat' dir='ltr'>receperat,</span> <span class='ocrx_word' id='word_1_33' title='bbox 940 634 1221 705; x_wconf 87' lang='lat' dir='ltr'>quoniam</span> <span class='ocrx_word' id='word_1_34' title='bbox 1270 633 1516 689; x_wconf 84' lang='lat' dir='ltr'>timebat</span> <span class='ocrx_word' id='word_1_35' title='bbox 1557 633 1811 688; x_wconf 72' lang='lat' dir='ltr'>Judmos.</span> <span class='ocrx_word' id='word_1_36' title='bbox 1860 632 1993 687; x_wconf 87' lang='lat' dir='ltr'>Jam</span> 
     </span>
    </p>
   </div>
   <div class='ocr_carea' id='block_1_8' title="bbox 346 721 1999 797">
    <p class='ocr_par' dir='ltr' id='par_1_8' title="bbox 346 721 1999 797">
     <span class='ocr_line' id='line_1_8' title="bbox 346 721 1999 797; baseline -0.005 -14"><span class='ocrx_word' id='word_1_37' title='bbox 346 727 500 783; x_wconf 89' lang='lat' dir='ltr'>enim</span> <span class='ocrx_word' id='word_1_38' title='bbox 537 725 1013 797; x_wconf 80' lang='lat' dir='ltr'>conspiraverant</span> <span class='ocrx_word' id='word_1_39' title='bbox 1038 722 1246 792; x_wconf 62' lang='lat' dir='ltr'>Judaei,</span> <span class='ocrx_word' id='word_1_40' title='bbox 1268 727 1332 778; x_wconf 89' lang='lat' dir='ltr'>ut</span> <span class='ocrx_word' id='word_1_41' title='bbox 1356 722 1405 778; x_wconf 93' lang='lat' dir='ltr'>si</span> <span class='ocrx_word' id='word_1_42' title='bbox 1437 722 1569 794; x_wconf 83' lang='lat' dir='ltr'>quis</span> <span class='ocrx_word' id='word_1_43' title='bbox 1600 739 1732 777; x_wconf 91' lang='lat' dir='ltr'>eum</span> <span class='ocrx_word' id='word_1_44' title='bbox 1765 721 1999 777; x_wconf 83' lang='lat' dir='ltr'>conﬁte-</span> 
     </span>
    </p>
   </div>
   <div class='ocr_carea' id='block_1_9' title="bbox 348 812 1997 884">
    <p class='ocr_par' dir='ltr' id='par_1_9' title="bbox 348 812 1997 884">
     <span class='ocr_line' id='line_1_9' title="bbox 348 812 1997 884; baseline -0.004 -12"><span class='ocrx_word' id='word_1_45' title='bbox 348 822 509 872; x_wconf 81' lang='lat' dir='ltr'>retur</span> <span class='ocrx_word' id='word_1_46' title='bbox 540 831 667 870; x_wconf 81' lang='lat' dir='ltr'>esse</span> <span class='ocrx_word' id='word_1_47' title='bbox 714 814 1035 879; x_wconf 81' lang='lat' dir='ltr'>Christum,</span> <span class='ocrx_word' id='word_1_48' title='bbox 1061 817 1220 867; x_wconf 83' lang='lat' dir='ltr'>extra</span> <span class='ocrx_word' id='word_1_49' title='bbox 1268 828 1627 884; x_wconf 85' lang='lat' dir='ltr'>synagogam</span> <span class='ocrx_word' id='word_1_50' title='bbox 1651 812 1813 867; x_wconf 87' lang='lat' dir='ltr'>ﬁeret</span> <span class='ocrx_word' id='word_1_51' title='bbox 1852 812 1915 865; x_wconf 80' lang='grc'>⁷⁸.</span> <span class='ocrx_word' id='word_1_52' title='bbox 1972 832 1997 858; x_wconf 83' lang='grc'><strong>››</strong></span> 
     </span>
    </p>
   </div>
   <div class='ocr_carea' id='block_1_10' title="bbox 346 901 2001 971">
    <p class='ocr_par' dir='ltr' id='par_1_10' title="bbox 346 901 2001 971">
     <span class='ocr_line' id='line_1_10' title="bbox 346 901 2001 971; baseline -0.002 -13"><span class='ocrx_word' id='word_1_53' title='bbox 346 904 552 961; x_wconf 84' lang='lat' dir='ltr'>Viden’</span> <span class='ocrx_word' id='word_1_54' title='bbox 586 903 980 958; x_wconf 81' lang='lat' dir='ltr'>Pharisaicam</span> <span class='ocrx_word' id='word_1_55' title='bbox 1015 901 1330 957; x_wconf 81' lang='lat' dir='ltr'>malitiam?</span> <span class='ocrx_word' id='word_1_56' title='bbox 1351 905 1491 955; x_wconf 92' lang='lat' dir='ltr'>Cum</span> <span class='ocrx_word' id='word_1_57' title='bbox 1527 903 1883 971; x_wconf 80' lang='lat' dir='ltr'>oportuisset</span> <span class='ocrx_word' id='word_1_58' title='bbox 1903 916 2001 955; x_wconf 89' lang='lat' dir='ltr'>eos</span> 
     </span>
    </p>
   </div>
   <div class='ocr_carea' id='block_1_11' title="bbox 349 989 2003 1062">
    <p class='ocr_par' dir='ltr' id='par_1_11' title="bbox 349 989 2003 1062">
     <span class='ocr_line' id='line_1_11' title="bbox 349 989 2003 1062; baseline -0.002 -13"><span class='ocrx_word' id='word_1_59' title='bbox 349 993 665 1050; x_wconf 88' lang='lat' dir='ltr'>Dominum</span> <span class='ocrx_word' id='word_1_60' title='bbox 699 991 986 1057; x_wconf 77' lang='lat' dir='ltr'>confiteri,</span> <span class='ocrx_word' id='word_1_61' title='bbox 1035 990 1337 1062; x_wconf 89' lang='lat' dir='ltr'>procidere</span> <span class='ocrx_word' id='word_1_62' title='bbox 1385 1006 1579 1045; x_wconf 88' lang='lat' dir='ltr'>coram</span> <span class='ocrx_word' id='word_1_63' title='bbox 1633 989 1780 1061; x_wconf 91' lang='lat' dir='ltr'>ipso,</span> <span class='ocrx_word' id='word_1_64' title='bbox 1829 994 2003 1060; x_wconf 88' lang='lat' dir='ltr'>atque</span> 
     </span>
    </p>
   </div>
   <div class='ocr_carea' id='block_1_12' title="bbox 348 1078 2001 1149">
    <p class='ocr_par' dir='ltr' id='par_1_12' title="bbox 348 1078 2001 1149">
     <span class='ocr_line' id='line_1_12' title="bbox 348 1078 2001 1149; baseline -0.004 -10"><span class='ocrx_word' id='word_1_65' title='bbox 348 1084 589 1139; x_wconf 88' lang='lat' dir='ltr'>adorare</span> <span class='ocrx_word' id='word_1_66' title='bbox 618 1083 969 1145; x_wconf 85' lang='lat' dir='ltr'>Creatorem,</span> <span class='ocrx_word' id='word_1_67' title='bbox 1003 1096 1069 1134; x_wconf 92' lang='lat' dir='ltr'>ac</span> <span class='ocrx_word' id='word_1_68' title='bbox 1100 1078 1322 1134; x_wconf 91' lang='lat' dir='ltr'>morbis</span> <span class='ocrx_word' id='word_1_69' title='bbox 1354 1078 1678 1133; x_wconf 88' lang='lat' dir='ltr'>remedium</span> <span class='ocrx_word' id='word_1_70' title='bbox 1711 1094 2001 1149; x_wconf 82' lang='lat' dir='ltr'>quaerere;</span> 
     </span>
    </p>
   </div>
   <div class='ocr_carea' id='block_1_13' title="bbox 349 1167 2004 1239">
    <p class='ocr_par' dir='ltr' id='par_1_13' title="bbox 349 1167 2004 1239">
     <span class='ocr_line' id='line_1_13' title="bbox 349 1167 2004 1239; baseline -0.004 -10"><span class='ocrx_word' id='word_1_71' title='bbox 349 1190 466 1229; x_wconf 88' lang='lat' dir='ltr'>non</span> <span class='ocrx_word' id='word_1_72' title='bbox 497 1172 669 1227; x_wconf 89' lang='lat' dir='ltr'>modo</span> <span class='ocrx_word' id='word_1_73' title='bbox 701 1169 788 1224; x_wconf 85' lang='lat' dir='ltr'>illi</span> <span class='ocrx_word' id='word_1_74' title='bbox 821 1186 934 1224; x_wconf 90' lang='lat' dir='ltr'>non</span> <span class='ocrx_word' id='word_1_75' title='bbox 968 1167 1418 1234; x_wconf 87' lang='lat' dir='ltr'>conﬁtebantur,</span> <span class='ocrx_word' id='word_1_76' title='bbox 1441 1168 1540 1223; x_wconf 79' lang='lat' dir='ltr'>sed</span> <span class='ocrx_word' id='word_1_77' title='bbox 1574 1184 1672 1223; x_wconf 89' lang='lat' dir='ltr'>eos</span> <span class='ocrx_word' id='word_1_78' title='bbox 1718 1168 1817 1239; x_wconf 87' lang='lat' dir='ltr'>qui</span> <span class='ocrx_word' id='word_1_79' title='bbox 1866 1184 2004 1223; x_wconf 90' lang='lat' dir='ltr'>con-</span> 
     </span>
    </p>
   </div>
   <div class='ocr_carea' id='block_1_14' title="bbox 349 1257 2004 1321">
    <p class='ocr_par' dir='ltr' id='par_1_14' title="bbox 349 1257 2004 1321">
     <span class='ocr_line' id='line_1_14' title="bbox 349 1257 2004 1321; baseline -0.003 -5"><span class='ocrx_word' id='word_1_80' title='bbox 349 1262 659 1316; x_wconf 87' lang='lat' dir='ltr'>ﬁterentur</span> <span class='ocrx_word' id='word_1_81' title='bbox 688 1259 1003 1315; x_wconf 68' lang='lat' dir='ltr'>credebant.</span> <span class='ocrx_word' id='word_1_82' title='bbox 1039 1257 1428 1321; x_wconf 81' lang='lat' dir='ltr'>Quamobrem</span> <span class='ocrx_word' id='word_1_83' title='bbox 1462 1257 1542 1312; x_wconf 92' lang='lat' dir='ltr'>sic</span> <span class='ocrx_word' id='word_1_84' title='bbox 1581 1272 1680 1313; x_wconf 91' lang='lat' dir='ltr'>eos</span> <span class='ocrx_word' id='word_1_85' title='bbox 1730 1257 2004 1312; x_wconf 85' lang='lat' dir='ltr'>condem-</span> 
     </span>
    </p>
   </div>
   <div class='ocr_carea' id='block_1_15' title="bbox 350 1345 2006 1412">
    <p class='ocr_par' dir='ltr' id='par_1_15' title="bbox 350 1345 2006 1412">
     <span class='ocr_line' id='line_1_15' title="bbox 350 1345 2006 1412; baseline -0.003 -6"><span class='ocrx_word' id='word_1_86' title='bbox 350 1353 456 1406; x_wconf 89' lang='lat' dir='ltr'>nat</span> <span class='ocrx_word' id='word_1_87' title='bbox 504 1348 794 1405; x_wconf 89' lang='lat' dir='ltr'>Dominus</span> <span class='ocrx_word' id='word_1_88' title='bbox 849 1365 861 1402; x_wconf 94' lang='lat'>:</span> <span class='ocrx_word' id='word_1_89' title='bbox 914 1369 940 1397; x_wconf 86' lang='grc'>‹‹</span> <span class='ocrx_word' id='word_1_90' title='bbox 993 1347 1083 1403; x_wconf 62' lang='lat' dir='ltr'>Va:</span> <span class='ocrx_word' id='word_1_91' title='bbox 1130 1345 1319 1412; x_wconf 85' lang='lat' dir='ltr'>vobis,</span> <span class='ocrx_word' id='word_1_92' title='bbox 1369 1345 1581 1400; x_wconf 65' lang='lat' dir='ltr'>Scriba:</span> <span class='ocrx_word' id='word_1_93' title='bbox 1628 1350 1684 1401; x_wconf 89' lang='lat' dir='ltr'>et</span> <span class='ocrx_word' id='word_1_94' title='bbox 1730 1346 2006 1401; x_wconf 67' lang='lat' dir='ltr'>Pharisaei</span> 
     </span>
    </p>
   </div>
   <div class='ocr_carea' id='block_1_16' title="bbox 350 1434 2009 1511">
    <p class='ocr_par' dir='ltr' id='par_1_16' title="bbox 350 1434 2009 1511">
     <span class='ocr_line' id='line_1_16' title="bbox 350 1434 2009 1511; baseline -0.003 -17"><span class='ocrx_word' id='word_1_95' title='bbox 350 1438 686 1511; x_wconf 82' lang='lat' dir='ltr'>hypocritae,</span> <span class='ocrx_word' id='word_1_96' title='bbox 718 1436 859 1508; x_wconf 88' lang='lat' dir='ltr'>quia</span> <span class='ocrx_word' id='word_1_97' title='bbox 886 1434 1093 1491; x_wconf 88' lang='lat' dir='ltr'>tollitis</span> <span class='ocrx_word' id='word_1_98' title='bbox 1137 1434 1356 1490; x_wconf 87' lang='lat' dir='ltr'>clavem</span> <span class='ocrx_word' id='word_1_99' title='bbox 1388 1434 1551 1506; x_wconf 83' lang='lat' dir='ltr'>regni</span> <span class='ocrx_word' id='word_1_100' title='bbox 1602 1434 1901 1503; x_wconf 78' lang='lat' dir='ltr'>ccslorum,</span> <span class='ocrx_word' id='word_1_101' title='bbox 1951 1438 2009 1491; x_wconf 89' lang='lat' dir='ltr'>et</span> 
     </span>
    </p>
   </div>
   <div class='ocr_carea' id='block_1_17' title="bbox 354 1522 2007 1600">
    <p class='ocr_par' dir='ltr' id='par_1_17' title="bbox 354 1522 2007 1600">
     <span class='ocr_line' id='line_1_17' title="bbox 354 1522 2007 1600; baseline -0.007 -16"><span class='ocrx_word' id='word_1_102' title='bbox 354 1543 461 1584; x_wconf 89' lang='lat' dir='ltr'>nec</span> <span class='ocrx_word' id='word_1_103' title='bbox 510 1526 622 1600; x_wconf 88' lang='lat' dir='ltr'>ipsi</span> <span class='ocrx_word' id='word_1_104' title='bbox 670 1524 926 1596; x_wconf 85' lang='lat' dir='ltr'>intratis,</span> <span class='ocrx_word' id='word_1_105' title='bbox 961 1540 1066 1580; x_wconf 89' lang='lat' dir='ltr'>nec</span> <span class='ocrx_word' id='word_1_106' title='bbox 1121 1522 1383 1579; x_wconf 91' lang='lat' dir='ltr'>volentes</span> <span class='ocrx_word' id='word_1_107' title='bbox 1414 1523 1608 1580; x_wconf 85' lang='lat' dir='ltr'>sinitis</span> <span class='ocrx_word' id='word_1_108' title='bbox 1637 1524 1855 1580; x_wconf 89' lang='lat' dir='ltr'>intrare</span> <span class='ocrx_word' id='word_1_109' title='bbox 1883 1525 1946 1578; x_wconf 72' lang='lat'>79.</span> <span class='ocrx_word' id='word_1_110' title='bbox 1979 1546 2007 1574; x_wconf 84' lang='lat'>»</span> 
     </span>
    </p>
   </div>
   <div class='ocr_carea' id='block_1_18' title="bbox 430 1790 2088 1889">
    <p class='ocr_par' dir='ltr' id='par_1_18' title="bbox 430 1790 2088 1889">
     <span class='ocr_line' id='line_1_18' title="bbox 430 1790 2088 1889; baseline -0.004 -38"><span class='ocrx_word' id='word_1_111' title='bbox 430 1797 515 1851; x_wconf 89' lang='grc'>10.</span> <span class='ocrx_word' id='word_1_112' title='bbox 560 1793 895 1889; x_wconf 57' lang='lat' dir='ltr'>Quid_ergo</span> <span class='ocrx_word' id='word_1_113' title='bbox 932 1791 1166 1889; x_wconf 38' lang='lat' dir='ltr'>j-udi-ces</span> <span class='ocrx_word' id='word_1_114' title='bbox 1210 1791 1575 1847; x_wconf 87' lang='lat' dir='ltr'>Pharisaici?</span> <span class='ocrx_word' id='word_1_115' title='bbox 1623 1792 1693 1847; x_wconf 89' lang='lat' dir='ltr'>Ut</span> <span class='ocrx_word' id='word_1_116' title='bbox 1737 1790 2011 1846; x_wconf 81' lang='lat' dir='ltr'>viderunt</span> <span class='ocrx_word' id='word_1_117' title='bbox 2040 1824 2088 1889; x_wconf 83' lang='lat' dir='ltr'><strong>B</strong></span> 
     </span>
    </p>
   </div>
   <div class='ocr_carea' id='block_1_19' title="bbox 357 1881 2013 1957">
    <p class='ocr_par' dir='ltr' id='par_1_19' title="bbox 357 1881 2013 1957">
     <span class='ocr_line' id='line_1_19' title="bbox 357 1881 2013 1957; baseline -0.002 -18"><span class='ocrx_word' id='word_1_118' title='bbox 357 1887 630 1957; x_wconf 89' lang='lat' dir='ltr'>parentes</span> <span class='ocrx_word' id='word_1_119' title='bbox 687 1882 814 1952; x_wconf 88' lang='lat' dir='ltr'>ejus</span> <span class='ocrx_word' id='word_1_120' title='bbox 871 1882 971 1953; x_wconf 87' lang='lat' dir='ltr'>qui</span> <span class='ocrx_word' id='word_1_121' title='bbox 1019 1881 1214 1937; x_wconf 89' lang='lat' dir='ltr'>visum</span> <span class='ocrx_word' id='word_1_122' title='bbox 1266 1884 1581 1953; x_wconf 82' lang='lat' dir='ltr'>receperat,</span> <span class='ocrx_word' id='word_1_123' title='bbox 1633 1896 1747 1935; x_wconf 90' lang='lat' dir='ltr'>non</span> <span class='ocrx_word' id='word_1_124' title='bbox 1800 1896 1866 1935; x_wconf 89' lang='lat' dir='ltr'>ex</span> <span class='ocrx_word' id='word_1_125' title='bbox 1905 1896 2013 1935; x_wconf 88' lang='lat' dir='ltr'>sua</span> 
     </span>
    </p>
   </div>
   <div class='ocr_carea' id='block_1_20' title="bbox 357 1969 2013 2044">
    <p class='ocr_par' dir='ltr' id='par_1_20' title="bbox 357 1969 2013 2044">
     <span class='ocr_line' id='line_1_20' title="bbox 357 1969 2013 2044; baseline -0.002 -16"><span class='ocrx_word' id='word_1_126' title='bbox 357 1972 709 2044; x_wconf 89' lang='lat' dir='ltr'>respondere</span> <span class='ocrx_word' id='word_1_127' title='bbox 759 1970 1084 2037; x_wconf 86' lang='lat' dir='ltr'>sententia;</span> <span class='ocrx_word' id='word_1_128' title='bbox 1138 1970 1213 2025; x_wconf 90' lang='lat' dir='ltr'>iis</span> <span class='ocrx_word' id='word_1_129' title='bbox 1259 1986 1361 2042; x_wconf 91' lang='lat' dir='ltr'>per</span> <span class='ocrx_word' id='word_1_130' title='bbox 1392 1969 1567 2025; x_wconf 82' lang='lat' dir='ltr'>aliam</span> <span class='ocrx_word' id='word_1_131' title='bbox 1591 1970 1841 2041; x_wconf 90' lang='lat' dir='ltr'>januam</span> <span class='ocrx_word' id='word_1_132' title='bbox 1873 1970 2013 2039; x_wconf 85' lang='lat' dir='ltr'>reje-</span> 
     </span>
    </p>
   </div>
   <div class='ocr_carea' id='block_1_21' title="bbox 356 2057 2015 2131">
    <p class='ocr_par' dir='ltr' id='par_1_21' title="bbox 356 2057 2015 2131">
     <span class='ocr_line' id='line_1_21' title="bbox 356 2057 2015 2131; baseline -0.002 -15"><span class='ocrx_word' id='word_1_133' title='bbox 356 2062 488 2130; x_wconf 88' lang='lat' dir='ltr'>ctis,</span> <span class='ocrx_word' id='word_1_134' title='bbox 521 2064 700 2131; x_wconf 88' lang='lat' dir='ltr'>atque</span> <span class='ocrx_word' id='word_1_135' title='bbox 729 2059 942 2113; x_wconf 82' lang='lat' dir='ltr'>iterum</span> <span class='ocrx_word' id='word_1_136' title='bbox 973 2058 1155 2114; x_wconf 88' lang='lat' dir='ltr'>accito</span> <span class='ocrx_word' id='word_1_137' title='bbox 1187 2074 1389 2114; x_wconf 88' lang='lat' dir='ltr'>eorum</span> <span class='ocrx_word' id='word_1_138' title='bbox 1423 2057 1540 2114; x_wconf 83' lang='lat' dir='ltr'>ﬁlio</span> <span class='ocrx_word' id='word_1_139' title='bbox 1572 2058 1673 2129; x_wconf 91' lang='lat' dir='ltr'>qui</span> <span class='ocrx_word' id='word_1_140' title='bbox 1705 2057 1897 2113; x_wconf 90' lang='lat' dir='ltr'>visum</span> <span class='ocrx_word' id='word_1_141' title='bbox 1931 2074 2015 2113; x_wconf 91' lang='lat' dir='ltr'>re-</span> 
     </span>
    </p>
   </div>
   <div class='ocr_carea' id='block_1_22' title="bbox 358 2145 2013 2222">
    <p class='ocr_par' dir='ltr' id='par_1_22' title="bbox 358 2145 2013 2222">
     <span class='ocr_line' id='line_1_22' title="bbox 358 2145 2013 2222; baseline -0.002 -17"><span class='ocrx_word' id='word_1_142' title='bbox 358 2152 609 2222; x_wconf 90' lang='lat' dir='ltr'>ceperat,</span> <span class='ocrx_word' id='word_1_143' title='bbox 642 2164 759 2204; x_wconf 91' lang='lat' dir='ltr'>non</span> <span class='ocrx_word' id='word_1_144' title='bbox 792 2147 993 2203; x_wconf 88' lang='lat' dir='ltr'>aderat</span> <span class='ocrx_word' id='word_1_145' title='bbox 1022 2146 1177 2202; x_wconf 92' lang='lat' dir='ltr'>enim</span> <span class='ocrx_word' id='word_1_146' title='bbox 1212 2145 1392 2211; x_wconf 87' lang='lat' dir='ltr'>ﬁlius,</span> <span class='ocrx_word' id='word_1_147' title='bbox 1423 2163 1555 2202; x_wconf 90' lang='lat' dir='ltr'>cum</span> <span class='ocrx_word' id='word_1_148' title='bbox 1584 2145 1858 2201; x_wconf 65' lang='lat' dir='ltr'>Pharisaei</span> <span class='ocrx_word' id='word_1_149' title='bbox 1908 2163 2013 2218; x_wconf 80' lang='lat' dir='ltr'>pa-</span> 
     </span>
    </p>
   </div>
   <div class='ocr_carea' id='block_1_23' title="bbox 359 2233 2013 2308">
    <p class='ocr_par' dir='ltr' id='par_1_23' title="bbox 359 2233 2013 2308">
     <span class='ocr_line' id='line_1_23' title="bbox 359 2233 2013 2308; baseline -0.003 -14"><span class='ocrx_word' id='word_1_150' title='bbox 359 2242 551 2294; x_wconf 87' lang='lat' dir='ltr'>rentes</span> <span class='ocrx_word' id='word_1_151' title='bbox 601 2237 730 2308; x_wconf 88' lang='lat' dir='ltr'>ejus</span> <span class='ocrx_word' id='word_1_152' title='bbox 780 2236 1243 2307; x_wconf 84' lang='lat' dir='ltr'>interrogarent;</span> <span class='ocrx_word' id='word_1_153' title='bbox 1276 2233 1548 2291; x_wconf 84' lang='lat' dir='ltr'>coloratis</span> <span class='ocrx_word' id='word_1_154' title='bbox 1580 2236 1771 2290; x_wconf 89' lang='lat' dir='ltr'>verbis</span> <span class='ocrx_word' id='word_1_155' title='bbox 1800 2235 2013 2291; x_wconf 85' lang='lat' dir='ltr'>iterum</span> 
     </span>
    </p>
   </div>
   <div class='ocr_carea' id='block_1_24' title="bbox 360 2324 2015 2399">
    <p class='ocr_par' dir='ltr' id='par_1_24' title="bbox 360 2324 2015 2399">
     <span class='ocr_line' id='line_1_24' title="bbox 360 2324 2015 2399; baseline -0.001 -18"><span class='ocrx_word' id='word_1_156' title='bbox 360 2328 725 2399; x_wconf 86' lang='lat' dir='ltr'>interrogant</span> <span class='ocrx_word' id='word_1_157' title='bbox 754 2324 1053 2381; x_wconf 89' lang='lat' dir='ltr'>hominem</span> <span class='ocrx_word' id='word_1_158' title='bbox 1087 2324 1187 2396; x_wconf 89' lang='lat' dir='ltr'>qui</span> <span class='ocrx_word' id='word_1_159' title='bbox 1221 2324 1409 2380; x_wconf 87' lang='lat' dir='ltr'>visum</span> <span class='ocrx_word' id='word_1_160' title='bbox 1449 2330 1767 2397; x_wconf 89' lang='lat' dir='ltr'>receperat,</span> <span class='ocrx_word' id='word_1_161' title='bbox 1820 2325 2015 2380; x_wconf 92' lang='lat' dir='ltr'>dicen-</span> 
     </span>
    </p>
   </div>
   <div class='ocr_carea' id='block_1_25' title="bbox 360 2413 2019 2486">
    <p class='ocr_par' dir='ltr' id='par_1_25' title="bbox 360 2413 2019 2486">
     <span class='ocr_line' id='line_1_25' title="bbox 360 2413 2019 2486; baseline -0.001 -14"><span class='ocrx_word' id='word_1_162' title='bbox 360 2422 449 2474; x_wconf 88' lang='lat' dir='ltr'>tes</span> <span class='ocrx_word' id='word_1_163' title='bbox 500 2432 512 2472; x_wconf 94' lang='lat'><strong>:</strong></span> <span class='ocrx_word' id='word_1_164' title='bbox 562 2415 663 2471; x_wconf 92' lang='lat' dir='ltr'>Vel</span> <span class='ocrx_word' id='word_1_165' title='bbox 721 2415 894 2471; x_wconf 91' lang='lat' dir='ltr'>modo</span> <span class='ocrx_word' id='word_1_166' title='bbox 923 2429 1059 2470; x_wconf 88' lang='lat' dir='ltr'>vera</span> <span class='ocrx_word' id='word_1_167' title='bbox 1089 2414 1406 2483; x_wconf 88' lang='lat' dir='ltr'>conﬁteris,</span> <span class='ocrx_word' id='word_1_168' title='bbox 1442 2417 1615 2485; x_wconf 89' lang='lat' dir='ltr'>atque</span> <span class='ocrx_word' id='word_1_169' title='bbox 1648 2413 1839 2486; x_wconf 90' lang='lat' dir='ltr'>palam</span> <span class='ocrx_word' id='word_1_170' title='bbox 1876 2414 2019 2470; x_wconf 86' lang='lat' dir='ltr'>facis</span> 
     </span>
    </p>
   </div>
   <div class='ocr_carea' id='block_1_26' title="bbox 365 2502 2014 2573">
    <p class='ocr_par' dir='ltr' id='par_1_26' title="bbox 365 2502 2014 2573">
     <span class='ocr_line' id='line_1_26' title="bbox 365 2502 2014 2573; baseline -0.001 -13"><span class='ocrx_word' id='word_1_171' title='bbox 365 2505 665 2573; x_wconf 85' lang='lat' dir='ltr'>omnibus,</span> <span class='ocrx_word' id='word_1_172' title='bbox 697 2507 753 2560; x_wconf 89' lang='lat' dir='ltr'>te</span> <span class='ocrx_word' id='word_1_173' title='bbox 784 2519 900 2559; x_wconf 89' lang='lat' dir='ltr'>non</span> <span class='ocrx_word' id='word_1_174' title='bbox 931 2519 1061 2559; x_wconf 89' lang='lat' dir='ltr'>esse</span> <span class='ocrx_word' id='word_1_175' title='bbox 1089 2502 1263 2557; x_wconf 92' lang='lat' dir='ltr'>illum</span> <span class='ocrx_word' id='word_1_176' title='bbox 1302 2520 1336 2558; x_wconf 89' lang='lat' dir='ltr'>a</span> <span class='ocrx_word' id='word_1_177' title='bbox 1381 2502 1687 2558; x_wconf 90' lang='lat' dir='ltr'>nativitate</span> <span class='ocrx_word' id='word_1_178' title='bbox 1738 2520 1951 2559; x_wconf 64' lang='lat' dir='ltr'>caecum</span> <span class='ocrx_word' id='word_1_179' title='bbox 2002 2520 2014 2558; x_wconf 90' lang='lat'>:</span> 
     </span>
    </p>
   </div>
   <div class='ocr_carea' id='block_1_27' title="bbox 364 2590 2021 2667">
    <p class='ocr_par' dir='ltr' id='par_1_27' title="bbox 364 2590 2021 2667">
     <span class='ocr_line' id='line_1_27' title="bbox 364 2590 2021 2667; baseline -0.002 -15"><span class='ocrx_word' id='word_1_180' title='bbox 364 2596 539 2652; x_wconf 90' lang='lat' dir='ltr'>modo</span> <span class='ocrx_word' id='word_1_181' title='bbox 582 2610 838 2667; x_wconf 60' lang='lat' dir='ltr'>praesens</span> <span class='ocrx_word' id='word_1_182' title='bbox 895 2590 1131 2648; x_wconf 88' lang='lat' dir='ltr'>dicebas</span> <span class='ocrx_word' id='word_1_183' title='bbox 1179 2598 1237 2648; x_wconf 90' lang='lat' dir='ltr'>te</span> <span class='ocrx_word' id='word_1_184' title='bbox 1286 2592 1359 2647; x_wconf 88' lang='lat' dir='ltr'>iis</span> <span class='ocrx_word' id='word_1_185' title='bbox 1409 2608 1540 2648; x_wconf 88' lang='lat' dir='ltr'>esse</span> <span class='ocrx_word' id='word_1_186' title='bbox 1571 2594 1932 2664; x_wconf 87' lang='lat' dir='ltr'>parentibus,</span> <span class='ocrx_word' id='word_1_187' title='bbox 1964 2597 2021 2649; x_wconf 92' lang='lat' dir='ltr'>et</span> 
     </span>
    </p>
   </div>
   <div class='ocr_carea' id='block_1_28' title="bbox 368 2680 2019 2751">
    <p class='ocr_par' dir='ltr' id='par_1_28' title="bbox 368 2680 2019 2751">
     <span class='ocr_line' id='line_1_28' title="bbox 368 2680 2019 2751; baseline -0.003 -10"><span class='ocrx_word' id='word_1_188' title='bbox 368 2702 500 2741; x_wconf 90' lang='lat' dir='ltr'>ecce</span> <span class='ocrx_word' id='word_1_189' title='bbox 531 2682 868 2739; x_wconf 83' lang='lat' dir='ltr'>audivimus</span> <span class='ocrx_word' id='word_1_190' title='bbox 897 2682 969 2737; x_wconf 91' lang='lat' dir='ltr'>ab</span> <span class='ocrx_word' id='word_1_191' title='bbox 1001 2681 1203 2750; x_wconf 92' lang='lat' dir='ltr'>illis,te</span> <span class='ocrx_word' id='word_1_192' title='bbox 1234 2680 1471 2737; x_wconf 91' lang='lat' dir='ltr'>illorum</span> <span class='ocrx_word' id='word_1_193' title='bbox 1503 2698 1617 2737; x_wconf 89' lang='lat' dir='ltr'>non</span> <span class='ocrx_word' id='word_1_194' title='bbox 1650 2697 1778 2738; x_wconf 91' lang='lat' dir='ltr'>esse</span> <span class='ocrx_word' id='word_1_195' title='bbox 1810 2682 2019 2751; x_wconf 86' lang='lat' dir='ltr'>ﬁlium,</span> 
     </span>
    </p>
   </div>
   <div class='ocr_carea' id='block_1_29' title="bbox 366 2770 2015 2830">
    <p class='ocr_par' dir='ltr' id='par_1_29' title="bbox 366 2770 2015 2830">
     <span class='ocr_line' id='line_1_29' title="bbox 366 2770 2015 2830; baseline -0.002 0"><span class='ocrx_word' id='word_1_196' title='bbox 366 2790 471 2830; x_wconf 91' lang='lat' dir='ltr'>nec</span> <span class='ocrx_word' id='word_1_197' title='bbox 503 2772 781 2830; x_wconf 83' lang='lat' dir='ltr'>habuisse</span> <span class='ocrx_word' id='word_1_198' title='bbox 812 2787 876 2828; x_wconf 83' lang='lat' dir='ltr'>se</span> <span class='ocrx_word' id='word_1_199' title='bbox 911 2770 1101 2826; x_wconf 83' lang='lat' dir='ltr'>ﬁlium</span> <span class='ocrx_word' id='word_1_200' title='bbox 1151 2788 1183 2826; x_wconf 88' lang='lat' dir='ltr'>a</span> <span class='ocrx_word' id='word_1_201' title='bbox 1233 2770 1536 2826; x_wconf 85' lang='lat' dir='ltr'>nativitate</span> <span class='ocrx_word' id='word_1_202' title='bbox 1583 2787 1819 2826; x_wconf 63' lang='lat' dir='ltr'>caecum.</span> <span class='ocrx_word' id='word_1_203' title='bbox 1868 2773 2015 2827; x_wconf 72' lang='lat'>871</span> 
     </span>
    </p>
   </div>
   <div class='ocr_carea' id='block_1_30' title="bbox 365 2860 2021 2934">
    <p class='ocr_par' dir='ltr' id='par_1_30' title="bbox 365 2860 2021 2934">
     <span class='ocr_line' id='line_1_30' title="bbox 365 2860 2021 2934; baseline -0.001 -15"><span class='ocrx_word' id='word_1_204' title='bbox 365 2863 512 2929; x_wconf 86' lang='lat' dir='ltr'>Quid</span> <span class='ocrx_word' id='word_1_205' title='bbox 543 2866 608 2919; x_wconf 92' lang='lat' dir='ltr'>tu</span> <span class='ocrx_word' id='word_1_206' title='bbox 638 2876 776 2934; x_wconf 91' lang='lat' dir='ltr'>ergo</span> <span class='ocrx_word' id='word_1_207' title='bbox 807 2876 1144 2934; x_wconf 86' lang='lat' dir='ltr'>perseveras</span> <span class='ocrx_word' id='word_1_208' title='bbox 1175 2860 1635 2917; x_wconf 78' lang='lat' dir='ltr'>dicendozllomo</span> <span class='ocrx_word' id='word_1_209' title='bbox 1658 2860 1896 2931; x_wconf 89' lang='lat' dir='ltr'>quidam</span> <span class='ocrx_word' id='word_1_210' title='bbox 1921 2878 2021 2917; x_wconf 94' lang='lat' dir='ltr'>no-</span> 
     </span>
    </p>
   </div>
   <div class='ocr_carea' id='block_1_31' title="bbox 369 2949 2025 3018">
    <p class='ocr_par' dir='ltr' id='par_1_31' title="bbox 369 2949 2025 3018">
     <span class='ocr_line' id='line_1_31' title="bbox 369 2949 2025 3018; baseline -0.002 -10"><span class='ocrx_word' id='word_1_211' title='bbox 369 2953 528 3008; x_wconf 90' lang='lat' dir='ltr'>mine</span> <span class='ocrx_word' id='word_1_212' title='bbox 557 2954 727 3007; x_wconf 83' lang='lat' dir='ltr'>Jcsus</span> <span class='ocrx_word' id='word_1_213' title='bbox 750 2950 874 3007; x_wconf 92' lang='lat' dir='ltr'>luto</span> <span class='ocrx_word' id='word_1_214' title='bbox 909 2949 1073 3005; x_wconf 79' lang='lat' dir='ltr'>unxit</span> <span class='ocrx_word' id='word_1_215' title='bbox 1105 2949 1305 3005; x_wconf 91' lang='lat' dir='ltr'>oculos</span> <span class='ocrx_word' id='word_1_216' title='bbox 1331 2954 1579 3018; x_wconf 83' lang='lat' dir='ltr'>meos,et</span> <span class='ocrx_word' id='word_1_217' title='bbox 1606 2950 1803 3016; x_wconf 86' lang='lat' dir='ltr'>lavi,et</span> <span class='ocrx_word' id='word_1_218' title='bbox 1830 2950 2025 3005; x_wconf 88' lang='lat' dir='ltr'>video?</span> 
     </span>
    </p>
   </div>
   <div class='ocr_carea' id='block_1_32' title="bbox 369 3039 2026 3110">
    <p class='ocr_par' dir='ltr' id='par_1_32' title="bbox 369 3039 2026 3110">
     <span class='ocr_line' id='line_1_32' title="bbox 369 3039 2026 3110; baseline -0.001 -14"><span class='ocrx_word' id='word_1_219' title='bbox 369 3043 468 3096; x_wconf 88' lang='lat' dir='ltr'>His</span> <span class='ocrx_word' id='word_1_220' title='bbox 500 3040 718 3096; x_wconf 90' lang='lat' dir='ltr'>auditis</span> <span class='ocrx_word' id='word_1_221' title='bbox 749 3039 845 3095; x_wconf 91' lang='lat' dir='ltr'>ille</span> <span class='ocrx_word' id='word_1_222' title='bbox 877 3039 978 3110; x_wconf 91' lang='lat' dir='ltr'>qui</span> <span class='ocrx_word' id='word_1_223' title='bbox 1009 3039 1200 3094; x_wconf 87' lang='lat' dir='ltr'>visum</span> <span class='ocrx_word' id='word_1_224' title='bbox 1249 3042 1563 3109; x_wconf 89' lang='lat' dir='ltr'>receperat,</span> <span class='ocrx_word' id='word_1_225' title='bbox 1614 3042 2026 3110; x_wconf 87' lang='lat' dir='ltr'>compertaque</span> 
     </span>
    </p>
   </div>
   <div class='ocr_carea' id='block_1_33' title="bbox 370 3126 2026 3199">
    <p class='ocr_par' dir='ltr' id='par_1_33' title="bbox 370 3126 2026 3199">
     <span class='ocr_line' id='line_1_33' title="bbox 370 3126 2026 3199; baseline -0.001 -14"><span class='ocrx_word' id='word_1_226' title='bbox 370 3146 572 3186; x_wconf 89' lang='lat' dir='ltr'>eorum</span> <span class='ocrx_word' id='word_1_227' title='bbox 606 3127 851 3195; x_wconf 86' lang='lat' dir='ltr'>malitia,</span> <span class='ocrx_word' id='word_1_228' title='bbox 882 3127 1185 3199; x_wconf 87' lang='lat' dir='ltr'>respondit</span> <span class='ocrx_word' id='word_1_229' title='bbox 1214 3126 1329 3182; x_wconf 84' lang='lat' dir='ltr'>illis</span> <span class='ocrx_word' id='word_1_230' title='bbox 1363 3145 1375 3181; x_wconf 90' lang='lat'>:</span> <span class='ocrx_word' id='word_1_231' title='bbox 1410 3127 1617 3182; x_wconf 83' lang='lat' dir='ltr'>Mirum</span> <span class='ocrx_word' id='word_1_232' title='bbox 1652 3127 1701 3183; x_wconf 90' lang='lat' dir='ltr'>si</span> <span class='ocrx_word' id='word_1_233' title='bbox 1731 3144 1861 3183; x_wconf 91' lang='lat' dir='ltr'>vere</span> <span class='ocrx_word' id='word_1_234' title='bbox 1907 3128 2026 3183; x_wconf 71' lang='lat' dir='ltr'>haec</span> 
     </span>
    </p>
   </div>
   <div class='ocr_carea' id='block_1_34' title="bbox 2105 538 3761 619">
    <p class='ocr_par' dir='ltr' id='par_1_34' title="bbox 2105 538 3761 619">
     <span class='ocr_line' id='line_1_34' title="bbox 2105 538 3761 619; baseline 0.003 -26"><span class='ocrx_word' id='word_1_235' title='bbox 2105 538 2493 617; x_wconf 76' lang='grc' dir='ltr'>εὖαγγελιστής</span> <span class='ocrx_word' id='word_1_236' title='bbox 2567 546 2824 615; x_wconf 77' lang='grc' dir='ltr'>Ἰωάννης</span> <span class='ocrx_word' id='word_1_237' title='bbox 2903 545 3352 619; x_wconf 78' lang='grc' dir='ltr'>ἀπεμνημόνευσε</span> <span class='ocrx_word' id='word_1_238' title='bbox 3400 589 3415 615; x_wconf 83' lang='grc'>,</span> <span class='ocrx_word' id='word_1_239' title='bbox 3527 542 3697 619; x_wconf 72' lang='grc' dir='ltr'>λέγων</span> <span class='ocrx_word' id='word_1_240' title='bbox 3746 562 3761 576; x_wconf 88' lang='grc'><strong>·</strong></span> 
     </span>
    </p>
   </div>
   <div class='ocr_carea' id='block_1_35' title="bbox 2110 628 3763 709">
    <p class='ocr_par' dir='ltr' id='par_1_35' title="bbox 2110 628 3763 709">
     <span class='ocr_line' id='line_1_35' title="bbox 2110 628 3763 709; baseline 0.004 -29"><span class='ocrx_word' id='word_1_241' title='bbox 2110 654 2130 680; x_wconf 75' lang='grc' dir='ltr'>σι</span> <span class='ocrx_word' id='word_1_242' title='bbox 2168 632 2349 686; x_wconf 76' lang='grc' dir='ltr'>Ταῦτα</span> <span class='ocrx_word' id='word_1_243' title='bbox 2398 628 2455 686; x_wconf 76' lang='grc' dir='ltr'>δὲ</span> <span class='ocrx_word' id='word_1_244' title='bbox 2512 628 2695 709; x_wconf 72' lang='grc' dir='ltr'>ἔλεγον</span> <span class='ocrx_word' id='word_1_245' title='bbox 2744 635 2795 688; x_wconf 74' lang='grc' dir='ltr'>οἱ</span> <span class='ocrx_word' id='word_1_246' title='bbox 2842 640 3019 709; x_wconf 86' lang='grc' dir='ltr'>γονεῖς</span> <span class='ocrx_word' id='word_1_247' title='bbox 3060 634 3156 690; x_wconf 70' lang='grc' dir='ltr'>τοῦ</span> <span class='ocrx_word' id='word_1_248' title='bbox 3202 628 3624 707; x_wconf 70' lang='grc' dir='ltr'>ἀναϐλέψαντος,</span> <span class='ocrx_word' id='word_1_249' title='bbox 3675 631 3763 687; x_wconf 77' lang='grc' dir='ltr'>ὅτι</span> 
     </span>
    </p>
   </div>
   <div class='ocr_carea' id='block_1_36' title="bbox 2108 713 3767 800">
    <p class='ocr_par' dir='ltr' id='par_1_36' title="bbox 2108 713 3767 800">
     <span class='ocr_line' id='line_1_36' title="bbox 2108 713 3767 800; baseline 0.001 -28"><span class='ocrx_word' id='word_1_250' title='bbox 2108 713 2401 795; x_wconf 65' lang='grc' dir='ltr'>ἐφοϐοῦντο</span> <span class='ocrx_word' id='word_1_251' title='bbox 2446 720 2571 783; x_wconf 73' lang='grc' dir='ltr'>τοὺς</span> <span class='ocrx_word' id='word_1_252' title='bbox 2604 720 2921 785; x_wconf 72' lang='grc' dir='ltr'>Ἰουδαίους.</span> <span class='ocrx_word' id='word_1_253' title='bbox 2953 721 3096 791; x_wconf 79' lang='grc' dir='ltr'>’Ήδη</span> <span class='ocrx_word' id='word_1_254' title='bbox 3144 723 3245 800; x_wconf 84' lang='grc' dir='ltr'>γὰρ</span> <span class='ocrx_word' id='word_1_255' title='bbox 3296 724 3655 778; x_wconf 70' lang='grc' dir='ltr'>συνετέθειντο</span> <span class='ocrx_word' id='word_1_256' title='bbox 3707 722 3767 775; x_wconf 74' lang='grc' dir='ltr'>οἱ</span> 
     </span>
    </p>
   </div>
   <div class='ocr_carea' id='block_1_37' title="bbox 2110 806 3768 887">
    <p class='ocr_par' dir='ltr' id='par_1_37' title="bbox 2110 806 3768 887">
     <span class='ocr_line' id='line_1_37' title="bbox 2110 806 3768 887; baseline 0 -22"><span class='ocrx_word' id='word_1_257' title='bbox 2110 806 2383 879; x_wconf 82' lang='grc' dir='ltr'>Ἰουδαῖοι,</span> <span class='ocrx_word' id='word_1_258' title='bbox 2411 807 2523 875; x_wconf 58' lang='grc' dir='ltr'>ἵνα,</span> <span class='ocrx_word' id='word_1_259' title='bbox 2551 810 2635 865; x_wconf 80' lang='grc' dir='ltr'>ἐάν</span> <span class='ocrx_word' id='word_1_260' title='bbox 2668 832 2748 874; x_wconf 87' lang='grc' dir='ltr'>τις</span> <span class='ocrx_word' id='word_1_261' title='bbox 2778 812 2936 868; x_wconf 79' lang='grc' dir='ltr'>αὐτὸν</span> <span class='ocrx_word' id='word_1_262' title='bbox 2982 811 3309 886; x_wconf 66' lang='grc' dir='ltr'>ὁμολογήσῃ</span> <span class='ocrx_word' id='word_1_263' title='bbox 3338 813 3593 887; x_wconf 82' lang='grc' dir='ltr'>Χριστὸν,</span> <span class='ocrx_word' id='word_1_264' title='bbox 3625 811 3768 865; x_wconf 84' lang='grc' dir='ltr'>ἀπο-</span> 
     </span>
    </p>
   </div>
   <div class='ocr_carea' id='block_1_38' title="bbox 2111 898 3767 976">
    <p class='ocr_par' dir='ltr' id='par_1_38' title="bbox 2111 898 3767 976">
     <span class='ocr_line' id='line_1_38' title="bbox 2111 898 3767 976; baseline 0.001 -25"><span class='ocrx_word' id='word_1_265' title='bbox 2111 900 2426 974; x_wconf 83' lang='grc' dir='ltr'>συνάγωγος</span> <span class='ocrx_word' id='word_1_266' title='bbox 2482 900 2725 974; x_wconf 71' lang='grc' dir='ltr'>γενηται.</span> <span class='ocrx_word' id='word_1_267' title='bbox 2780 927 2801 955; x_wconf 67' lang='grc' dir='ltr'>ι</span> <span class='ocrx_word' id='word_1_268' title='bbox 2859 898 3009 963; x_wconf 69' lang='grc' dir='ltr'>Εἶδες</span> <span class='ocrx_word' id='word_1_269' title='bbox 3070 903 3407 976; x_wconf 77' lang='grc' dir='ltr'>Φαρισαϊκὴν</span> <span class='ocrx_word' id='word_1_270' title='bbox 3469 898 3767 973; x_wconf 74' lang='grc' dir='ltr'>πονηρίαν.</span> 
     </span>
    </p>
   </div>
   <div class='ocr_carea' id='block_1_39' title="bbox 2113 987 3767 1066">
    <p class='ocr_par' dir='ltr' id='par_1_39' title="bbox 2113 987 3767 1066">
     <span class='ocr_line' id='line_1_39' title="bbox 2113 987 3767 1066; baseline 0.002 -26"><span class='ocrx_word' id='word_1_271' title='bbox 2113 987 2240 1041; x_wconf 79' lang='grc' dir='ltr'>Δὲον</span> <span class='ocrx_word' id='word_1_272' title='bbox 2290 987 2485 1050; x_wconf 79' lang='grc' dir='ltr'>αὐτοὺς</span> <span class='ocrx_word' id='word_1_273' title='bbox 2536 988 2827 1064; x_wconf 77' lang='grc' dir='ltr'>ὁμολογεῖν</span> <span class='ocrx_word' id='word_1_274' title='bbox 2876 992 2966 1045; x_wconf 82' lang='grc' dir='ltr'>τὸν</span> <span class='ocrx_word' id='word_1_275' title='bbox 3019 991 3235 1063; x_wconf 74' lang='grc' dir='ltr'>Κύριον,</span> <span class='ocrx_word' id='word_1_276' title='bbox 3269 988 3624 1066; x_wconf 76' lang='grc' dir='ltr'>προσπίπτειν</span> <span class='ocrx_word' id='word_1_277' title='bbox 3681 1010 3767 1063; x_wconf 75' lang='grc' dir='ltr'>τε,</span> 
     </span>
    </p>
   </div>
   <div class='ocr_carea' id='block_1_40' title="bbox 2111 1076 3768 1153">
    <p class='ocr_par' dir='ltr' id='par_1_40' title="bbox 2111 1076 3768 1153">
     <span class='ocr_line' id='line_1_40' title="bbox 2111 1076 3768 1153; baseline -0.001 -22"><span class='ocrx_word' id='word_1_278' title='bbox 2111 1076 2200 1131; x_wconf 82' lang='grc' dir='ltr'>καὶ</span> <span class='ocrx_word' id='word_1_279' title='bbox 2234 1084 2551 1153; x_wconf 84' lang='grc' dir='ltr'>προσκυνεῖν</span> <span class='ocrx_word' id='word_1_280' title='bbox 2584 1079 2675 1133; x_wconf 90' lang='grc' dir='ltr'>τὸν</span> <span class='ocrx_word' id='word_1_281' title='bbox 2707 1079 2955 1150; x_wconf 83' lang='grc' dir='ltr'>Κτίστην,</span> <span class='ocrx_word' id='word_1_282' title='bbox 2984 1077 3061 1135; x_wconf 66' lang='grc' dir='ltr'>ἔτι</span> <span class='ocrx_word' id='word_1_283' title='bbox 3098 1078 3154 1135; x_wconf 72' lang='grc' dir='ltr'>δὲ</span> <span class='ocrx_word' id='word_1_284' title='bbox 3182 1080 3271 1135; x_wconf 83' lang='grc' dir='ltr'>καὶ</span> <span class='ocrx_word' id='word_1_285' title='bbox 3300 1084 3407 1134; x_wconf 82' lang='grc' dir='ltr'>τῶν</span> <span class='ocrx_word' id='word_1_286' title='bbox 3442 1083 3625 1143; x_wconf 78' lang='grc' dir='ltr'>παθῶν</span> <span class='ocrx_word' id='word_1_287' title='bbox 3662 1079 3768 1147; x_wconf 76' lang='grc' dir='ltr'>τὴν</span> 
     </span>
    </p>
   </div>
   <div class='ocr_carea' id='block_1_41' title="bbox 2115 1164 3767 1244">
    <p class='ocr_par' dir='ltr' id='par_1_41' title="bbox 2115 1164 3767 1244">
     <span class='ocr_line' id='line_1_41' title="bbox 2115 1164 3767 1244; baseline 0 -23"><span class='ocrx_word' id='word_1_288' title='bbox 2115 1164 2268 1221; x_wconf 80' lang='grc' dir='ltr'>λύσιν</span> <span class='ocrx_word' id='word_1_289' title='bbox 2304 1166 2812 1237; x_wconf 78' lang='grc' dir='ltr'>ἐπιζητεῖν-ἐκεῖνοι</span> <span class='ocrx_word' id='word_1_290' title='bbox 2847 1166 2905 1224; x_wconf 78' lang='grc' dir='ltr'>δὲ</span> <span class='ocrx_word' id='word_1_291' title='bbox 2934 1169 2996 1224; x_wconf 79' lang='grc' dir='ltr'>οὐ</span> <span class='ocrx_word' id='word_1_292' title='bbox 3032 1169 3195 1242; x_wconf 89' lang='grc' dir='ltr'>μόνον</span> <span class='ocrx_word' id='word_1_293' title='bbox 3230 1168 3337 1244; x_wconf 80' lang='grc' dir='ltr'>οὐχ</span> <span class='ocrx_word' id='word_1_294' title='bbox 3367 1168 3767 1244; x_wconf 73' lang='grc' dir='ltr'>ὡμολόγησαν,</span> 
     </span>
    </p>
   </div>
   <div class='ocr_carea' id='block_1_42' title="bbox 2115 1253 3776 1333">
    <p class='ocr_par' dir='ltr' id='par_1_42' title="bbox 2115 1253 3776 1333">
     <span class='ocr_line' id='line_1_42' title="bbox 2115 1253 3776 1333; baseline 0.001 -24"><span class='ocrx_word' id='word_1_295' title='bbox 2115 1253 2260 1310; x_wconf 82' lang='grc' dir='ltr'>ἀλλά</span> <span class='ocrx_word' id='word_1_296' title='bbox 2307 1255 2394 1310; x_wconf 80' lang='grc' dir='ltr'>καὶ</span> <span class='ocrx_word' id='word_1_297' title='bbox 2455 1257 2579 1318; x_wconf 76' lang='grc' dir='ltr'>τοὺς</span> <span class='ocrx_word' id='word_1_298' title='bbox 2636 1257 3046 1333; x_wconf 71' lang='grc' dir='ltr'>ὁμολογοῦντας</span> <span class='ocrx_word' id='word_1_299' title='bbox 3104 1258 3416 1331; x_wconf 79' lang='grc' dir='ltr'>ἐμάστιζον.</span> <span class='ocrx_word' id='word_1_300' title='bbox 3451 1260 3543 1313; x_wconf 85' lang='grc' dir='ltr'>Διὸ</span> <span class='ocrx_word' id='word_1_301' title='bbox 3599 1257 3689 1311; x_wconf 80' lang='grc' dir='ltr'>καὶ</span> <span class='ocrx_word' id='word_1_302' title='bbox 3740 1259 3776 1311; x_wconf 87' lang='grc' dir='ltr'>ὁ</span> 
     </span>
    </p>
   </div>
   <div class='ocr_carea' id='block_1_43' title="bbox 2117 1343 3774 1423">
    <p class='ocr_par' dir='ltr' id='par_1_43' title="bbox 2117 1343 3774 1423">
     <span class='ocr_line' id='line_1_43' title="bbox 2117 1343 3774 1423; baseline 0 -24"><span class='ocrx_word' id='word_1_303' title='bbox 2117 1343 2313 1420; x_wconf 77' lang='grc' dir='ltr'>Κύριος</span> <span class='ocrx_word' id='word_1_304' title='bbox 2376 1345 2708 1422; x_wconf 84' lang='grc' dir='ltr'>κατακρίνων</span> <span class='ocrx_word' id='word_1_305' title='bbox 2784 1346 2977 1409; x_wconf 73' lang='grc' dir='ltr'>αὐτοὺς</span> <span class='ocrx_word' id='word_1_306' title='bbox 3037 1344 3215 1423; x_wconf 83' lang='grc' dir='ltr'>ἔλεγεν</span> <span class='ocrx_word' id='word_1_307' title='bbox 3250 1365 3263 1378; x_wconf 82' lang='lat'><strong><em>°</em></strong></span> <span class='ocrx_word' id='word_1_308' title='bbox 3326 1372 3353 1397; x_wconf 85' lang='lat'><strong>«</strong></span> <span class='ocrx_word' id='word_1_309' title='bbox 3414 1346 3552 1403; x_wconf 62' lang='grc' dir='ltr'>Οὐαὶ</span> <span class='ocrx_word' id='word_1_310' title='bbox 3613 1346 3774 1418; x_wconf 78' lang='grc' dir='ltr'>ὑμῖν,</span> 
     </span>
    </p>
   </div>
   <div class='ocr_carea' id='block_1_44' title="bbox 2117 1434 3765 1511">
    <p class='ocr_par' dir='ltr' id='par_1_44' title="bbox 2117 1434 3765 1511">
     <span class='ocr_line' id='line_1_44' title="bbox 2117 1434 3765 1511; baseline 0 -24"><span class='ocrx_word' id='word_1_311' title='bbox 2117 1439 2466 1508; x_wconf 82' lang='grc' dir='ltr'>Γραμματεῖς</span> <span class='ocrx_word' id='word_1_312' title='bbox 2498 1434 2585 1490; x_wconf 83' lang='grc' dir='ltr'>καὶ</span> <span class='ocrx_word' id='word_1_313' title='bbox 2638 1441 2926 1511; x_wconf 74' lang='grc' dir='ltr'>Φαρισαῖοι</span> <span class='ocrx_word' id='word_1_314' title='bbox 2963 1435 3271 1510; x_wconf 75' lang='grc' dir='ltr'>ὑποκριταὶ,</span> <span class='ocrx_word' id='word_1_315' title='bbox 3304 1434 3386 1490; x_wconf 80' lang='grc' dir='ltr'>ὅτι</span> <span class='ocrx_word' id='word_1_316' title='bbox 3439 1434 3607 1511; x_wconf 71' lang='grc' dir='ltr'>ἤρατε</span> <span class='ocrx_word' id='word_1_317' title='bbox 3661 1436 3765 1503; x_wconf 70' lang='grc' dir='ltr'>τήν</span> 
     </span>
    </p>
   </div>
   <div class='ocr_carea' id='block_1_45' title="bbox 2116 1521 3773 1601">
    <p class='ocr_par' dir='ltr' id='par_1_45' title="bbox 2116 1521 3773 1601">
     <span class='ocr_line' id='line_1_45' title="bbox 2116 1521 3773 1601; baseline 0 -24"><span class='ocrx_word' id='word_1_318' title='bbox 2116 1521 2306 1579; x_wconf 81' lang='grc' dir='ltr'>κλεῖδα</span> <span class='ocrx_word' id='word_1_319' title='bbox 2355 1530 2455 1594; x_wconf 78' lang='grc' dir='ltr'>τῆς</span> <span class='ocrx_word' id='word_1_320' title='bbox 2506 1523 2785 1599; x_wconf 79' lang='grc' dir='ltr'>βασιλείας</span> <span class='ocrx_word' id='word_1_321' title='bbox 2836 1530 2943 1580; x_wconf 82' lang='grc' dir='ltr'>τῶν</span> <span class='ocrx_word' id='word_1_322' title='bbox 2990 1526 3255 1601; x_wconf 79' lang='grc' dir='ltr'>οὐρανῶν,</span> <span class='ocrx_word' id='word_1_323' title='bbox 3296 1524 3384 1579; x_wconf 80' lang='grc' dir='ltr'>καὶ</span> <span class='ocrx_word' id='word_1_324' title='bbox 3434 1522 3557 1579; x_wconf 77' lang='grc' dir='ltr'>οὕτε</span> <span class='ocrx_word' id='word_1_325' title='bbox 3610 1525 3773 1597; x_wconf 76' lang='grc' dir='ltr'>ὑμεῖς</span> 
     </span>
    </p>
   </div>
   <div class='ocr_carea' id='block_1_46' title="bbox 2119 1611 3777 1690">
    <p class='ocr_par' dir='ltr' id='par_1_46' title="bbox 2119 1611 3777 1690">
     <span class='ocr_line' id='line_1_46' title="bbox 2119 1611 3777 1690; baseline 0.001 -24"><span class='ocrx_word' id='word_1_326' title='bbox 2119 1611 2450 1688; x_wconf 79' lang='grc' dir='ltr'>εἲσὲρχεσοε,</span> <span class='ocrx_word' id='word_1_327' title='bbox 2482 1611 2604 1668; x_wconf 74' lang='grc' dir='ltr'>οὔτε</span> <span class='ocrx_word' id='word_1_328' title='bbox 2636 1611 2693 1669; x_wconf 71' lang='grc' dir='ltr'>δὲ</span> <span class='ocrx_word' id='word_1_329' title='bbox 2740 1613 2867 1676; x_wconf 81' lang='grc' dir='ltr'>τοὺς</span> <span class='ocrx_word' id='word_1_330' title='bbox 2919 1614 3288 1690; x_wconf 68' lang='grc' dir='ltr'>βουλομένους</span> <span class='ocrx_word' id='word_1_331' title='bbox 3338 1611 3596 1669; x_wconf 75' lang='grc' dir='ltr'>εἰσελθεῖν</span> <span class='ocrx_word' id='word_1_332' title='bbox 3644 1634 3777 1689; x_wconf 76' lang='grc' dir='ltr'>συγ-</span> 
     </span>
    </p>
   </div>
   <div class='ocr_carea' id='block_1_47' title="bbox 2118 1708 2436 1778">
    <p class='ocr_par' dir='ltr' id='par_1_47' title="bbox 2118 1708 2436 1778">
     <span class='ocr_line' id='line_1_47' title="bbox 2118 1708 2436 1778; baseline -0.016 -21"><span class='ocrx_word' id='word_1_333' title='bbox 2118 1708 2371 1778; x_wconf 86' lang='grc' dir='ltr'>χωρεῖτε.</span> <span class='ocrx_word' id='word_1_334' title='bbox 2407 1727 2436 1753; x_wconf 84' lang='grc'><strong>››</strong></span> 
     </span>
    </p>
   </div>
   <div class='ocr_carea' id='block_1_48' title="bbox 2189 1788 3771 1869">
    <p class='ocr_par' dir='ltr' id='par_1_48' title="bbox 2189 1788 3771 1869">
     <span class='ocr_line' id='line_1_48' title="bbox 2189 1788 3771 1869; baseline -0.002 -21"><span class='ocrx_word' id='word_1_335' title='bbox 2189 1793 2276 1848; x_wconf 86' lang='grc'>10.</span> <span class='ocrx_word' id='word_1_336' title='bbox 2308 1790 2368 1845; x_wconf 89' lang='grc' dir='ltr'>Τί</span> <span class='ocrx_word' id='word_1_337' title='bbox 2424 1790 2513 1845; x_wconf 77' lang='grc' dir='ltr'>οὖν</span> <span class='ocrx_word' id='word_1_338' title='bbox 2575 1794 2627 1847; x_wconf 74' lang='grc' dir='ltr'>οἱ</span> <span class='ocrx_word' id='word_1_339' title='bbox 2686 1792 3010 1869; x_wconf 75' lang='grc' dir='ltr'>Φαρισαίκοῖ</span> <span class='ocrx_word' id='word_1_340' title='bbox 3064 1792 3402 1868; x_wconf 75' lang='grc' dir='ltr'>κριταίςὩς</span> <span class='ocrx_word' id='word_1_341' title='bbox 3458 1788 3595 1847; x_wconf 66' lang='grc' dir='ltr'>εἶδον</span> <span class='ocrx_word' id='word_1_342' title='bbox 3639 1813 3771 1852; x_wconf 81' lang='grc' dir='ltr'>τους</span> 
     </span>
    </p>
   </div>
   <div class='ocr_carea' id='block_1_49' title="bbox 2119 1876 3773 1958">
    <p class='ocr_par' dir='ltr' id='par_1_49' title="bbox 2119 1876 3773 1958">
     <span class='ocr_line' id='line_1_49' title="bbox 2119 1876 3773 1958; baseline -0.001 -23"><span class='ocrx_word' id='word_1_343' title='bbox 2119 1886 2294 1957; x_wconf 82' lang='grc' dir='ltr'>γονεῖς</span> <span class='ocrx_word' id='word_1_344' title='bbox 2320 1885 2418 1936; x_wconf 75' lang='grc' dir='ltr'>τοῦ</span> <span class='ocrx_word' id='word_1_345' title='bbox 2448 1876 2848 1955; x_wconf 75' lang='grc' dir='ltr'>ἀναϐλέψαντος</span> <span class='ocrx_word' id='word_1_346' title='bbox 2884 1879 3050 1955; x_wconf 73' lang='grc' dir='ltr'>μηδὲν</span> <span class='ocrx_word' id='word_1_347' title='bbox 3085 1883 3221 1958; x_wconf 86' lang='grc' dir='ltr'>πρὸς</span> <span class='ocrx_word' id='word_1_348' title='bbox 3250 1882 3316 1936; x_wconf 86' lang='grc' dir='ltr'>τὸ</span> <span class='ocrx_word' id='word_1_349' title='bbox 3349 1879 3541 1935; x_wconf 76' lang='grc' dir='ltr'>δοκοῦν</span> <span class='ocrx_word' id='word_1_350' title='bbox 3585 1880 3773 1943; x_wconf 70' lang='grc' dir='ltr'>αὐτοῖς</span> 
     </span>
    </p>
   </div>
   <div class='ocr_carea' id='block_1_50' title="bbox 2121 1968 3778 2045">
    <p class='ocr_par' dir='ltr' id='par_1_50' title="bbox 2121 1968 3778 2045">
     <span class='ocr_line' id='line_1_50' title="bbox 2121 1968 3778 2045; baseline -0.001 -20"><span class='ocrx_word' id='word_1_351' title='bbox 2121 1971 2606 2045; x_wconf 69' lang='grc' dir='ltr'>ἀποκρινομένους,</span> <span class='ocrx_word' id='word_1_352' title='bbox 2657 1971 2882 2032; x_wconf 63' lang='grc' dir='ltr'>τούτους</span> <span class='ocrx_word' id='word_1_353' title='bbox 2933 1970 3279 2043; x_wconf 73' lang='grc' dir='ltr'>ἀπωσάμενοι</span> <span class='ocrx_word' id='word_1_354' title='bbox 3333 1968 3400 2025; x_wconf 79' lang='grc' dir='ltr'>δι’</span> <span class='ocrx_word' id='word_1_355' title='bbox 3448 1969 3629 2044; x_wconf 65' lang='grc' dir='ltr'>ἐτέρας</span> <span class='ocrx_word' id='word_1_356' title='bbox 3679 1969 3778 2034; x_wconf 71' lang='lat'>0&#39;5-</span> 
     </span>
    </p>
   </div>
   <div class='ocr_carea' id='block_1_51' title="bbox 2124 2054 3777 2136">
    <p class='ocr_par' dir='ltr' id='par_1_51' title="bbox 2124 2054 3777 2136">
     <span class='ocr_line' id='line_1_51' title="bbox 2124 2054 3777 2136; baseline -0.001 -24"><span class='ocrx_word' id='word_1_357' title='bbox 2124 2079 2236 2133; x_wconf 81' lang='grc' dir='ltr'>ρας,</span> <span class='ocrx_word' id='word_1_358' title='bbox 2265 2057 2353 2113; x_wconf 79' lang='grc' dir='ltr'>καὶ</span> <span class='ocrx_word' id='word_1_359' title='bbox 2385 2057 2443 2112; x_wconf 77' lang='grc' dir='ltr'>ἐκ</span> <span class='ocrx_word' id='word_1_360' title='bbox 2473 2056 2722 2134; x_wconf 70' lang='grc' dir='ltr'>δευτέρου</span> <span class='ocrx_word' id='word_1_361' title='bbox 2754 2060 3208 2136; x_wconf 73' lang='grc' dir='ltr'>προφωνήσαντες</span> <span class='ocrx_word' id='word_1_362' title='bbox 3258 2060 3348 2113; x_wconf 87' lang='grc' dir='ltr'>τὸν</span> <span class='ocrx_word' id='word_1_363' title='bbox 3396 2054 3777 2131; x_wconf 69' lang='grc' dir='ltr'>ἀναϐλέψαντα</span> 
     </span>
    </p>
   </div>
   <div class='ocr_carea' id='block_1_52' title="bbox 2124 2145 3773 2224">
    <p class='ocr_par' dir='ltr' id='par_1_52' title="bbox 2124 2145 3773 2224">
     <span class='ocr_line' id='line_1_52' title="bbox 2124 2145 3773 2224; baseline -0.001 -23"><span class='ocrx_word' id='word_1_364' title='bbox 2124 2145 2309 2202; x_wconf 81' lang='grc' dir='ltr'>παῖδα⁶</span> <span class='ocrx_word' id='word_1_365' title='bbox 2341 2148 2441 2202; x_wconf 83' lang='grc' dir='ltr'>οὑκ</span> <span class='ocrx_word' id='word_1_366' title='bbox 2495 2151 2559 2217; x_wconf 69' lang='grc' dir='ltr'>ἦν</span> <span class='ocrx_word' id='word_1_367' title='bbox 2617 2149 2718 2223; x_wconf 81' lang='grc' dir='ltr'>γὰρ</span> <span class='ocrx_word' id='word_1_368' title='bbox 2780 2149 2966 2224; x_wconf 84' lang='grc' dir='ltr'>παρὼν</span> <span class='ocrx_word' id='word_1_369' title='bbox 3029 2150 3056 2202; x_wconf 90' lang='grc' dir='ltr'>ὁ</span> <span class='ocrx_word' id='word_1_370' title='bbox 3106 2154 3253 2216; x_wconf 88' lang='grc' dir='ltr'>παῖς,</span> <span class='ocrx_word' id='word_1_371' title='bbox 3285 2147 3373 2203; x_wconf 80' lang='grc' dir='ltr'>ὅτε</span> <span class='ocrx_word' id='word_1_372' title='bbox 3428 2149 3525 2216; x_wconf 71' lang='grc' dir='ltr'>τὴν</span> <span class='ocrx_word' id='word_1_373' title='bbox 3588 2146 3773 2202; x_wconf 65' lang='grc' dir='ltr'>πεῦσιν</span> 
     </span>
    </p>
   </div>
   <div class='ocr_carea' id='block_1_53' title="bbox 2125 2237 3775 2313">
    <p class='ocr_par' dir='ltr' id='par_1_53' title="bbox 2125 2237 3775 2313">
     <span class='ocr_line' id='line_1_53' title="bbox 2125 2237 3775 2313; baseline 0 -22"><span class='ocrx_word' id='word_1_374' title='bbox 2125 2242 2402 2312; x_wconf 76' lang='grc' dir='ltr'>προσῆγον</span> <span class='ocrx_word' id='word_1_375' title='bbox 2437 2238 2489 2291; x_wconf 72' lang='grc' dir='ltr'>οὶ</span> <span class='ocrx_word' id='word_1_376' title='bbox 2520 2243 2808 2313; x_wconf 80' lang='grc' dir='ltr'>Φαρισαῖοι</span> <span class='ocrx_word' id='word_1_377' title='bbox 2856 2242 2973 2299; x_wconf 84' lang='grc' dir='ltr'>τοῖς</span> <span class='ocrx_word' id='word_1_378' title='bbox 3028 2242 3269 2313; x_wconf 76' lang='grc' dir='ltr'>γονεῦσιν</span> <span class='ocrx_word' id='word_1_379' title='bbox 3326 2237 3510 2292; x_wconf 71' lang='grc' dir='ltr'>αὐτοῦ·</span> <span class='ocrx_word' id='word_1_380' title='bbox 3545 2239 3775 2291; x_wconf 76' lang='grc' dir='ltr'>πιθανο-</span> 
     </span>
    </p>
   </div>
   <div class='ocr_carea' id='block_1_54' title="bbox 2125 2321 3771 2402">
    <p class='ocr_par' dir='ltr' id='par_1_54' title="bbox 2125 2321 3771 2402">
     <span class='ocr_line' id='line_1_54' title="bbox 2125 2321 3771 2402; baseline -0.002 -21"><span class='ocrx_word' id='word_1_381' title='bbox 2125 2324 2413 2402; x_wconf 80' lang='grc' dir='ltr'>λογοῦντες</span> <span class='ocrx_word' id='word_1_382' title='bbox 2471 2328 2582 2399; x_wconf 88' lang='grc'>(83)</span> <span class='ocrx_word' id='word_1_383' title='bbox 2639 2325 2935 2402; x_wconf 81' lang='grc' dir='ltr'>ἐπηρώτων</span> <span class='ocrx_word' id='word_1_384' title='bbox 2997 2325 3161 2381; x_wconf 79' lang='grc' dir='ltr'>πάλιν</span> <span class='ocrx_word' id='word_1_385' title='bbox 3217 2327 3308 2380; x_wconf 80' lang='grc' dir='ltr'>τὸν</span> <span class='ocrx_word' id='word_1_386' title='bbox 3371 2321 3771 2399; x_wconf 67' lang='grc' dir='ltr'>ἀναϐλέψαντα,</span> 
     </span>
    </p>
   </div>
   <div class='ocr_carea' id='block_1_55' title="bbox 2128 2413 3777 2501">
    <p class='ocr_par' dir='ltr' id='par_1_55' title="bbox 2128 2413 3777 2501">
     <span class='ocr_line' id='line_1_55' title="bbox 2128 2413 3777 2501; baseline -0.002 -30"><span class='ocrx_word' id='word_1_387' title='bbox 2128 2413 2381 2489; x_wconf 76' lang='grc' dir='ltr'>λὲγοντες</span> <span class='ocrx_word' id='word_1_388' title='bbox 2437 2415 2601 2487; x_wconf 75' lang='grc' dir='ltr'>αὐτῷ·</span> <span class='ocrx_word' id='word_1_389' title='bbox 2663 2414 2770 2472; x_wconf 72' lang='grc' dir='ltr'>Κᾶν</span> <span class='ocrx_word' id='word_1_390' title='bbox 2830 2420 2921 2469; x_wconf 79' lang='grc' dir='ltr'>νῦν</span> <span class='ocrx_word' id='word_1_391' title='bbox 2984 2413 3277 2501; x_wconf 67' lang='grc' dir='ltr'>ὁμολογεῖς</span> <span class='ocrx_word' id='word_1_392' title='bbox 3334 2416 3434 2483; x_wconf 72' lang='grc' dir='ltr'>τὴν</span> <span class='ocrx_word' id='word_1_393' title='bbox 3492 2413 3777 2484; x_wconf 72' lang='grc' dir='ltr'>ἀλήθειαν,</span> 
     </span>
    </p>
   </div>
   <div class='ocr_carea' id='block_1_56' title="bbox 2127 2502 3776 2582">
    <p class='ocr_par' dir='ltr' id='par_1_56' title="bbox 2127 2502 3776 2582">
     <span class='ocr_line' id='line_1_56' title="bbox 2127 2502 3776 2582; baseline -0.001 -23"><span class='ocrx_word' id='word_1_394' title='bbox 2127 2508 2217 2559; x_wconf 82' lang='grc' dir='ltr'>καὶ</span> <span class='ocrx_word' id='word_1_395' title='bbox 2248 2510 2379 2559; x_wconf 84' lang='grc' dir='ltr'>πᾶσι</span> <span class='ocrx_word' id='word_1_396' title='bbox 2411 2502 2635 2582; x_wconf 73' lang='grc' dir='ltr'>φανερὸν</span> <span class='ocrx_word' id='word_1_397' title='bbox 2691 2509 2963 2576; x_wconf 80' lang='grc' dir='ltr'>καθιστᾷς,</span> <span class='ocrx_word' id='word_1_398' title='bbox 3008 2503 3089 2558; x_wconf 78' lang='grc' dir='ltr'>δτι</span> <span class='ocrx_word' id='word_1_399' title='bbox 3140 2502 3244 2558; x_wconf 82' lang='grc' dir='ltr'>οὐκ</span> <span class='ocrx_word' id='word_1_400' title='bbox 3291 2503 3336 2558; x_wconf 81' lang='grc' dir='ltr'>εἶ</span> <span class='ocrx_word' id='word_1_401' title='bbox 3385 2503 3446 2558; x_wconf 71' lang='grc' dir='ltr'>σὺ</span> <span class='ocrx_word' id='word_1_402' title='bbox 3495 2504 3523 2557; x_wconf 85' lang='grc' dir='ltr'>ὁ</span> <span class='ocrx_word' id='word_1_403' title='bbox 3582 2502 3639 2558; x_wconf 79' lang='grc' dir='ltr'>ἐκ</span> <span class='ocrx_word' id='word_1_404' title='bbox 3685 2524 3776 2577; x_wconf 84' lang='grc' dir='ltr'>γε-</span> 
     </span>
    </p>
   </div>
   <div class='ocr_carea' id='block_1_57' title="bbox 2128 2590 3777 2670">
    <p class='ocr_par' dir='ltr' id='par_1_57' title="bbox 2128 2590 3777 2670">
     <span class='ocr_line' id='line_1_57' title="bbox 2128 2590 3777 2670; baseline -0.001 -24"><span class='ocrx_word' id='word_1_405' title='bbox 2128 2599 2285 2661; x_wconf 81' lang='grc' dir='ltr'>νετῆς</span> <span class='ocrx_word' id='word_1_406' title='bbox 2336 2591 2559 2670; x_wconf 75' lang='grc' dir='ltr'>τυφλός·</span> <span class='ocrx_word' id='word_1_407' title='bbox 2594 2590 2702 2663; x_wconf 69' lang='grc' dir='ltr'>ἤδη</span> <span class='ocrx_word' id='word_1_408' title='bbox 2764 2592 2865 2669; x_wconf 74' lang='grc' dir='ltr'>γὰρ</span> <span class='ocrx_word' id='word_1_409' title='bbox 2926 2595 3110 2669; x_wconf 87' lang='grc' dir='ltr'>παρὼν</span> <span class='ocrx_word' id='word_1_410' title='bbox 3143 2590 3275 2670; x_wconf 77' lang='grc' dir='ltr'>ἔφης</span> <span class='ocrx_word' id='word_1_411' title='bbox 3302 2593 3508 2667; x_wconf 78' lang='grc' dir='ltr'>γονὲων</span> <span class='ocrx_word' id='word_1_412' title='bbox 3560 2590 3777 2646; x_wconf 79' lang='grc' dir='ltr'>ἐκείνων</span> 
     </span>
    </p>
   </div>
   <div class='ocr_carea' id='block_1_58' title="bbox 2132 2678 3782 2758">
    <p class='ocr_par' dir='ltr' id='par_1_58' title="bbox 2132 2678 3782 2758">
     <span class='ocr_line' id='line_1_58' title="bbox 2132 2678 3782 2758; baseline -0.001 -23"><span class='ocrx_word' id='word_1_413' title='bbox 2132 2682 2286 2752; x_wconf 74' lang='grc' dir='ltr'>εἶναι,</span> <span class='ocrx_word' id='word_1_414' title='bbox 2318 2679 2405 2735; x_wconf 81' lang='grc' dir='ltr'>καί</span> <span class='ocrx_word' id='word_1_415' title='bbox 2467 2678 2583 2736; x_wconf 70' lang='grc' dir='ltr'>ἰδοὺ</span> <span class='ocrx_word' id='word_1_416' title='bbox 2644 2684 2952 2754; x_wconf 75' lang='grc' dir='ltr'>ἀκηκόαμεν</span> <span class='ocrx_word' id='word_1_417' title='bbox 3010 2683 3137 2758; x_wconf 88' lang='grc' dir='ltr'>παρ’</span> <span class='ocrx_word' id='word_1_418' title='bbox 3188 2680 3386 2753; x_wconf 79' lang='grc' dir='ltr'>αὐτῶν,</span> <span class='ocrx_word' id='word_1_419' title='bbox 3438 2680 3521 2736; x_wconf 76' lang='grc' dir='ltr'>ὅτι</span> <span class='ocrx_word' id='word_1_420' title='bbox 3579 2680 3677 2735; x_wconf 70' lang='grc' dir='ltr'>οὐκ</span> <span class='ocrx_word' id='word_1_421' title='bbox 3732 2680 3782 2735; x_wconf 70' lang='grc' dir='ltr'>εἴ</span> 
     </span>
    </p>
   </div>
   <div class='ocr_carea' id='block_1_59' title="bbox 2130 2768 3778 2848">
    <p class='ocr_par' dir='ltr' id='par_1_59' title="bbox 2130 2768 3778 2848">
     <span class='ocr_line' id='line_1_59' title="bbox 2130 2768 3778 2848; baseline -0.001 -22"><span class='ocrx_word' id='word_1_422' title='bbox 2130 2770 2302 2826; x_wconf 76' lang='grc' dir='ltr'>αὐτῶν</span> <span class='ocrx_word' id='word_1_423' title='bbox 2363 2771 2500 2840; x_wconf 73' lang='grc' dir='ltr'>υἱὸς,</span> <span class='ocrx_word' id='word_1_424' title='bbox 2536 2768 2659 2825; x_wconf 76' lang='grc' dir='ltr'>οὐδὲ</span> <span class='ocrx_word' id='word_1_425' title='bbox 2715 2771 2876 2846; x_wconf 78' lang='grc' dir='ltr'>ἔσχον</span> <span class='ocrx_word' id='word_1_426' title='bbox 2937 2772 2996 2825; x_wconf 79' lang='grc' dir='ltr'>ἐκ</span> <span class='ocrx_word' id='word_1_427' title='bbox 3050 2773 3267 2847; x_wconf 71' lang='grc' dir='ltr'>γενετῆς</span> <span class='ocrx_word' id='word_1_428' title='bbox 3311 2769 3515 2848; x_wconf 73' lang='grc' dir='ltr'>τυφλὸν</span> <span class='ocrx_word' id='word_1_429' title='bbox 3571 2770 3778 2825; x_wconf 71' lang='grc' dir='ltr'>τέκνον.</span> 
     </span>
    </p>
   </div>
   <div class='ocr_carea' id='block_1_60' title="bbox 2135 2856 3779 2934">
    <p class='ocr_par' dir='ltr' id='par_1_60' title="bbox 2135 2856 3779 2934">
     <span class='ocr_line' id='line_1_60' title="bbox 2135 2856 3779 2934; baseline -0.002 -19"><span class='ocrx_word' id='word_1_430' title='bbox 2135 2862 2257 2921; x_wconf 73' lang='grc' dir='ltr'>Πῶς</span> <span class='ocrx_word' id='word_1_431' title='bbox 2291 2860 2382 2913; x_wconf 71' lang='grc' dir='ltr'>οὖν</span> <span class='ocrx_word' id='word_1_432' title='bbox 2435 2858 2497 2913; x_wconf 80' lang='grc' dir='ltr'>σὺ</span> <span class='ocrx_word' id='word_1_433' title='bbox 2562 2856 2807 2934; x_wconf 72' lang='grc' dir='ltr'>ἐπιτρίϐῃ</span> <span class='ocrx_word' id='word_1_434' title='bbox 2834 2857 3025 2934; x_wconf 72' lang='grc' dir='ltr'>λέγων,</span> <span class='ocrx_word' id='word_1_435' title='bbox 3059 2861 3141 2915; x_wconf 77' lang='grc' dir='ltr'>ὅτι</span> <span class='ocrx_word' id='word_1_436' title='bbox 3170 2858 3497 2932; x_wconf 78' lang='grc' dir='ltr'>’Ἄνθρωπός</span> <span class='ocrx_word' id='word_1_437' title='bbox 3552 2880 3634 2920; x_wconf 88' lang='grc' dir='ltr'>τις</span> <span class='ocrx_word' id='word_1_438' title='bbox 3692 2856 3779 2913; x_wconf 81' lang='grc' dir='ltr'>λε-</span> 
     </span>
    </p>
   </div>
   <div class='ocr_carea' id='block_1_61' title="bbox 2131 2945 3784 3025">
    <p class='ocr_par' dir='ltr' id='par_1_61' title="bbox 2131 2945 3784 3025">
     <span class='ocr_line' id='line_1_61' title="bbox 2131 2945 3784 3025; baseline -0.001 -22"><span class='ocrx_word' id='word_1_439' title='bbox 2131 2948 2361 3024; x_wconf 88' lang='grc' dir='ltr'>γόμενος</span> <span class='ocrx_word' id='word_1_440' title='bbox 2390 2949 2593 3014; x_wconf 73' lang='grc' dir='ltr'>Ἰησοῦς</span> <span class='ocrx_word' id='word_1_441' title='bbox 2628 2948 2882 3025; x_wconf 71' lang='grc' dir='ltr'>ἐπέχρισε</span> <span class='ocrx_word' id='word_1_442' title='bbox 2909 2946 3089 3019; x_wconf 84' lang='grc' dir='ltr'>πηλὸν</span> <span class='ocrx_word' id='word_1_443' title='bbox 3124 2947 3211 3003; x_wconf 80' lang='grc' dir='ltr'>ἐπὶ</span> <span class='ocrx_word' id='word_1_444' title='bbox 3244 2950 3357 3022; x_wconf 82' lang='grc'>(84)</span> <span class='ocrx_word' id='word_1_445' title='bbox 3386 2947 3514 3010; x_wconf 82' lang='grc' dir='ltr'>τοὺς</span> <span class='ocrx_word' id='word_1_446' title='bbox 3577 2945 3784 3025; x_wconf 56' lang='lat' dir='ltr'>deadl-</span> 
     </span>
    </p>
   </div>
   <div class='ocr_carea' id='block_1_62' title="bbox 2140 3034 3788 3112">
    <p class='ocr_par' dir='ltr' id='par_1_62' title="bbox 2140 3034 3788 3112">
     <span class='ocr_line' id='line_1_62' title="bbox 2140 3034 3788 3112; baseline -0.002 -20"><span class='ocrx_word' id='word_1_447' title='bbox 2140 3038 2273 3110; x_wconf 68' lang='grc' dir='ltr'>μοῦς</span> <span class='ocrx_word' id='word_1_448' title='bbox 2310 3058 2434 3109; x_wconf 88' lang='grc' dir='ltr'>μου,</span> <span class='ocrx_word' id='word_1_449' title='bbox 2462 3039 2550 3091; x_wconf 82' lang='grc' dir='ltr'>καὶ</span> <span class='ocrx_word' id='word_1_450' title='bbox 2584 3037 2874 3111; x_wconf 73' lang='grc' dir='ltr'>ἐνιψάμην,</span> <span class='ocrx_word' id='word_1_451' title='bbox 2909 3038 2996 3091; x_wconf 82' lang='grc' dir='ltr'>καὶ</span> <span class='ocrx_word' id='word_1_452' title='bbox 3059 3037 3287 3112; x_wconf 58' lang='lat' dir='ltr'>sum;</span> <span class='ocrx_word' id='word_1_453' title='bbox 3320 3041 3496 3091; x_wconf 76' lang='grc' dir='ltr'>Ταῦτα</span> <span class='ocrx_word' id='word_1_454' title='bbox 3556 3034 3788 3095; x_wconf 79' lang='grc' dir='ltr'>ἀκούσας</span> 
     </span>
    </p>
   </div>
   <div class='ocr_carea' id='block_1_63' title="bbox 2138 3121 3785 3201">
    <p class='ocr_par' dir='ltr' id='par_1_63' title="bbox 2138 3121 3785 3201">
     <span class='ocr_line' id='line_1_63' title="bbox 2138 3121 3785 3201; baseline -0.001 -20"><span class='ocrx_word' id='word_1_455' title='bbox 2138 3128 2165 3181; x_wconf 85' lang='grc' dir='ltr'>ὁ</span> <span class='ocrx_word' id='word_1_456' title='bbox 2198 3121 2647 3200; x_wconf 73' lang='grc' dir='ltr'>ἀναϐλέψας,καὶ</span> <span class='ocrx_word' id='word_1_457' title='bbox 2706 3126 2951 3201; x_wconf 79' lang='grc' dir='ltr'>ἐπιγνοὺς</span> <span class='ocrx_word' id='word_1_458' title='bbox 3009 3124 3189 3180; x_wconf 77' lang='grc' dir='ltr'>αὐτῶν</span> <span class='ocrx_word' id='word_1_459' title='bbox 3243 3126 3344 3195; x_wconf 79' lang='grc' dir='ltr'>τήν</span> <span class='ocrx_word' id='word_1_460' title='bbox 3392 3126 3603 3197; x_wconf 80' lang='grc' dir='ltr'>κακίαν,</span> <span class='ocrx_word' id='word_1_461' title='bbox 3662 3124 3785 3179; x_wconf 81' lang='grc' dir='ltr'>ἆντ-</span> 
     </span>
    </p>
   </div>
   <div class='ocr_carea' id='block_1_64' title="bbox 372 3189 2018 3292">
    <p class='ocr_par' dir='ltr' id='par_1_64' title="bbox 372 3189 2018 3289">
     <span class='ocr_line' id='line_1_64' title="bbox 372 3189 2018 3289; baseline 0 -17"><span class='ocrx_word' id='word_1_462' title='bbox 372 3216 586 3272; x_wconf 87' lang='lat' dir='ltr'>dicitis.</span> <span class='ocrx_word' id='word_1_463' title='bbox 611 3189 889 3289; x_wconf 87' lang='lat' dir='ltr'>Nunquid</span> <span class='ocrx_word' id='word_1_464' title='bbox 922 3189 1193 3288; x_wconf 71' lang='lat' dir='ltr'>parentes</span> <span class='ocrx_word' id='word_1_465' title='bbox 1226 3216 1524 3288; x_wconf 90' lang='lat' dir='ltr'>proprium</span> <span class='ocrx_word' id='word_1_466' title='bbox 1558 3216 1746 3271; x_wconf 86' lang='lat' dir='ltr'>ﬁlium</span> <span class='ocrx_word' id='word_1_467' title='bbox 1779 3217 2018 3289; x_wconf 90' lang='lat' dir='ltr'>abnega-</span> 
     </span>
    </p>
   </div>
   <div class='ocr_carea' id='block_1_65' title="bbox 2129 3189 3783 3292">
    <p class='ocr_par' dir='ltr' id='par_1_65' title="bbox 2139 3211 3783 3292">
     <span class='ocr_line' id='line_1_65' title="bbox 2139 3211 3783 3292; baseline -0.002 -22"><span class='ocrx_word' id='word_1_468' title='bbox 2139 3215 2459 3291; x_wconf 87' lang='grc' dir='ltr'>απεκρίνατο</span> <span class='ocrx_word' id='word_1_469' title='bbox 2518 3217 2654 3292; x_wconf 83' lang='grc' dir='ltr'>πρὸς</span> <span class='ocrx_word' id='word_1_470' title='bbox 2711 3214 2905 3277; x_wconf 75' lang='grc' dir='ltr'>αὐτοὺς</span> <span class='ocrx_word' id='word_1_471' title='bbox 2956 3214 3152 3290; x_wconf 74' lang='grc' dir='ltr'>λέγων·</span> <span class='ocrx_word' id='word_1_472' title='bbox 3187 3213 3477 3287; x_wconf 80' lang='grc' dir='ltr'>Θαυμάζω.</span> <span class='ocrx_word' id='word_1_473' title='bbox 3544 3214 3589 3268; x_wconf 81' lang='grc' dir='ltr'>εἷ</span> <span class='ocrx_word' id='word_1_474' title='bbox 3643 3211 3783 3282; x_wconf 68' lang='grc' dir='ltr'>ἀλη-</span> 
     </span>
    </p>
   </div>
   <div class='ocr_carea' id='block_1_66' title="bbox 374 3304 2025 3377">
    <p class='ocr_par' dir='ltr' id='par_1_66' title="bbox 374 3304 2025 3377">
     <span class='ocr_line' id='line_1_66' title="bbox 374 3304 2025 3377; baseline 0 -16"><span class='ocrx_word' id='word_1_475' title='bbox 374 3323 435 3361; x_wconf 90' lang='lat' dir='ltr'>re</span> <span class='ocrx_word' id='word_1_476' title='bbox 464 3308 782 3377; x_wconf 89' lang='lat' dir='ltr'>potuerunt</span> <span class='ocrx_word' id='word_1_477' title='bbox 813 3322 826 3360; x_wconf 88' lang='lat'>:</span> <span class='ocrx_word' id='word_1_478' title='bbox 861 3305 1185 3377; x_wconf 66' lang='lat' dir='ltr'>praesertim</span> <span class='ocrx_word' id='word_1_479' title='bbox 1220 3309 1404 3361; x_wconf 92' lang='lat' dir='ltr'>mater</span> <span class='ocrx_word' id='word_1_480' title='bbox 1434 3304 1895 3376; x_wconf 88' lang='lat' dir='ltr'>masculum,aut</span> <span class='ocrx_word' id='word_1_481' title='bbox 1926 3323 2025 3377; x_wconf 88' lang='lat' dir='ltr'>pa-</span> 
     </span>
    </p>
   </div>
   <div class='ocr_carea' id='block_1_67' title="bbox 377 3392 2026 3450">
    <p class='ocr_par' dir='ltr' id='par_1_67' title="bbox 377 3392 2026 3450">
     <span class='ocr_line' id='line_1_67' title="bbox 377 3392 2026 3450; baseline -0.001 -1"><span class='ocrx_word' id='word_1_482' title='bbox 377 3402 465 3449; x_wconf 88' lang='lat' dir='ltr'>ter</span> <span class='ocrx_word' id='word_1_483' title='bbox 492 3394 552 3449; x_wconf 92' lang='lat' dir='ltr'>in</span> <span class='ocrx_word' id='word_1_484' title='bbox 584 3392 747 3449; x_wconf 90' lang='lat' dir='ltr'>nullo</span> <span class='ocrx_word' id='word_1_485' title='bbox 778 3393 1080 3450; x_wconf 79' lang='lat' dir='ltr'>oﬂ‘ensus?</span> <span class='ocrx_word' id='word_1_486' title='bbox 1110 3392 1361 3448; x_wconf 90' lang='lat' dir='ltr'>multum</span> <span class='ocrx_word' id='word_1_487' title='bbox 1396 3393 1734 3449; x_wconf 86' lang='lat' dir='ltr'>incredibile</span> <span class='ocrx_word' id='word_1_488' title='bbox 1765 3394 1909 3449; x_wconf 91' lang='lat' dir='ltr'>illud</span> <span class='ocrx_word' id='word_1_489' title='bbox 1942 3394 2026 3448; x_wconf 90' lang='lat' dir='ltr'>vi-</span> 
     </span>
    </p>
   </div>
   <div class='ocr_carea' id='block_1_68' title="bbox 380 3481 2025 3554">
    <p class='ocr_par' dir='ltr' id='par_1_68' title="bbox 380 3481 2025 3554">
     <span class='ocr_line' id='line_1_68' title="bbox 380 3481 2025 3554; baseline -0.001 -15"><span class='ocrx_word' id='word_1_490' title='bbox 380 3484 569 3551; x_wconf 90' lang='lat' dir='ltr'>detur,</span> <span class='ocrx_word' id='word_1_491' title='bbox 604 3499 709 3539; x_wconf 89' lang='lat' dir='ltr'>nec</span> <span class='ocrx_word' id='word_1_492' title='bbox 737 3481 882 3537; x_wconf 89' lang='lat' dir='ltr'>illud</span> <span class='ocrx_word' id='word_1_493' title='bbox 917 3498 1056 3537; x_wconf 73' lang='lat' dir='ltr'>mea:</span> <span class='ocrx_word' id='word_1_494' title='bbox 1088 3486 1337 3553; x_wconf 78' lang='lat' dir='ltr'>possunt</span> <span class='ocrx_word' id='word_1_495' title='bbox 1362 3498 1568 3554; x_wconf 89' lang='lat' dir='ltr'>capere</span> <span class='ocrx_word' id='word_1_496' title='bbox 1598 3499 1788 3538; x_wconf 86' lang='lat' dir='ltr'>aures.</span> <span class='ocrx_word' id='word_1_497' title='bbox 1837 3483 1893 3537; x_wconf 87' lang='lat' dir='ltr'>Si</span> <span class='ocrx_word' id='word_1_498' title='bbox 1941 3488 2025 3537; x_wconf 91' lang='lat' dir='ltr'>ta-</span> 
     </span>
    </p>
   </div>
   <div class='ocr_carea' id='block_1_69' title="bbox 380 3569 2028 3636">
    <p class='ocr_par' dir='ltr' id='par_1_69' title="bbox 380 3569 2028 3636">
     <span class='ocr_line' id='line_1_69' title="bbox 380 3569 2028 3636; baseline -0.002 -6"><span class='ocrx_word' id='word_1_499' title='bbox 380 3589 515 3630; x_wconf 86' lang='lat' dir='ltr'>men</span> <span class='ocrx_word' id='word_1_500' title='bbox 563 3571 712 3628; x_wconf 90' lang='lat' dir='ltr'>illud</span> <span class='ocrx_word' id='word_1_501' title='bbox 770 3572 987 3626; x_wconf 79' lang='lat' dir='ltr'>factum</span> <span class='ocrx_word' id='word_1_502' title='bbox 1020 3569 1149 3636; x_wconf 85' lang='lat' dir='ltr'>fuit,</span> <span class='ocrx_word' id='word_1_503' title='bbox 1181 3569 1325 3625; x_wconf 92' lang='lat' dir='ltr'>nihil</span> <span class='ocrx_word' id='word_1_504' title='bbox 1358 3570 1573 3626; x_wconf 78' lang='lat' dir='ltr'>mirum</span> <span class='ocrx_word' id='word_1_505' title='bbox 1609 3588 1622 3626; x_wconf 90' lang='lat'><strong>:</strong></span> <span class='ocrx_word' id='word_1_506' title='bbox 1657 3571 1714 3626; x_wconf 91' lang='lat' dir='ltr'>id</span> <span class='ocrx_word' id='word_1_507' title='bbox 1756 3571 2028 3627; x_wconf 65' lang='lat' dir='ltr'>humana:</span> 
     </span>
    </p>
   </div>
   <div class='ocr_carea' id='block_1_70' title="bbox 379 3660 2025 3733">
    <p class='ocr_par' dir='ltr' id='par_1_70' title="bbox 379 3660 2025 3733">
     <span class='ocr_line' id='line_1_70' title="bbox 379 3660 2025 3733; baseline -0.002 -14"><span class='ocrx_word' id='word_1_508' title='bbox 379 3666 602 3719; x_wconf 84' lang='lat' dir='ltr'>naturae</span> <span class='ocrx_word' id='word_1_509' title='bbox 634 3660 937 3733; x_wconf 92' lang='lat' dir='ltr'>proprium</span> <span class='ocrx_word' id='word_1_510' title='bbox 968 3662 1076 3729; x_wconf 86' lang='lat' dir='ltr'>est,</span> <span class='ocrx_word' id='word_1_511' title='bbox 1123 3674 1303 3731; x_wconf 87' lang='lat' dir='ltr'>quare</span> <span class='ocrx_word' id='word_1_512' title='bbox 1344 3660 1574 3714; x_wconf 86' lang='lat' dir='ltr'>veniam</span> <span class='ocrx_word' id='word_1_513' title='bbox 1624 3661 2025 3731; x_wconf 88' lang='lat' dir='ltr'>merebuntur,</span> 
     </span>
    </p>
   </div>
   <div class='ocr_carea' id='block_1_71' title="bbox 379 3747 2026 3823">
    <p class='ocr_par' dir='ltr' id='par_1_71' title="bbox 379 3747 2026 3823">
     <span class='ocr_line' id='line_1_71' title="bbox 379 3747 2026 3823; baseline -0.001 -17"><span class='ocrx_word' id='word_1_514' title='bbox 379 3750 534 3823; x_wconf 92' lang='lat' dir='ltr'>quod</span> <span class='ocrx_word' id='word_1_515' title='bbox 566 3766 635 3806; x_wconf 84' lang='lat' dir='ltr'>ex</span> <span class='ocrx_word' id='word_1_516' title='bbox 666 3755 823 3805; x_wconf 90' lang='lat' dir='ltr'>metu</span> <span class='ocrx_word' id='word_1_517' title='bbox 857 3748 913 3804; x_wconf 91' lang='lat' dir='ltr'>id</span> <span class='ocrx_word' id='word_1_518' title='bbox 946 3749 1189 3819; x_wconf 85' lang='lat' dir='ltr'>egerint.</span> <span class='ocrx_word' id='word_1_519' title='bbox 1222 3747 1338 3803; x_wconf 89' lang='lat' dir='ltr'>Vos</span> <span class='ocrx_word' id='word_1_520' title='bbox 1368 3748 1601 3819; x_wconf 69' lang='lat' dir='ltr'>Scribaa,</span> <span class='ocrx_word' id='word_1_521' title='bbox 1635 3747 1813 3803; x_wconf 91' lang='lat' dir='ltr'>Deum</span> <span class='ocrx_word' id='word_1_522' title='bbox 1845 3749 2026 3805; x_wconf 82' lang='lat' dir='ltr'>abne-</span> 
     </span>
    </p>
   </div>
   <div class='ocr_carea' id='block_1_72' title="bbox 378 3836 2032 3913">
    <p class='ocr_par' dir='ltr' id='par_1_72' title="bbox 378 3836 2032 3913">
     <span class='ocr_line' id='line_1_72' title="bbox 378 3836 2032 3913; baseline -0.002 -17"><span class='ocrx_word' id='word_1_523' title='bbox 378 3840 530 3913; x_wconf 87' lang='lat' dir='ltr'>gatis</span> <span class='ocrx_word' id='word_1_524' title='bbox 557 3857 570 3897; x_wconf 90' lang='lat'><strong>:</strong></span> <span class='ocrx_word' id='word_1_525' title='bbox 597 3844 766 3911; x_wconf 90' lang='lat' dir='ltr'>atque</span> <span class='ocrx_word' id='word_1_526' title='bbox 796 3839 879 3895; x_wconf 90' lang='lat' dir='ltr'>ita</span> <span class='ocrx_word' id='word_1_527' title='bbox 908 3854 1011 3894; x_wconf 90' lang='lat' dir='ltr'>vos</span> <span class='ocrx_word' id='word_1_528' title='bbox 1040 3836 1242 3909; x_wconf 82' lang='lat' dir='ltr'>geritis</span> <span class='ocrx_word' id='word_1_529' title='bbox 1274 3836 1441 3909; x_wconf 90' lang='lat' dir='ltr'>quasi</span> <span class='ocrx_word' id='word_1_530' title='bbox 1476 3836 1621 3892; x_wconf 87' lang='lat' dir='ltr'>nihil</span> <span class='ocrx_word' id='word_1_531' title='bbox 1656 3837 1794 3892; x_wconf 92' lang='lat' dir='ltr'>mali</span> <span class='ocrx_word' id='word_1_532' title='bbox 1825 3839 2032 3893; x_wconf 88' lang='lat' dir='ltr'>admit-</span> 
     </span>
    </p>
   </div>
   <div class='ocr_carea' id='block_1_73' title="bbox 378 3926 2026 3998">
    <p class='ocr_par' dir='ltr' id='par_1_73' title="bbox 378 3926 2026 3998">
     <span class='ocr_line' id='line_1_73' title="bbox 378 3926 2026 3998; baseline -0.001 -14"><span class='ocrx_word' id='word_1_533' title='bbox 378 3930 598 3987; x_wconf 89' lang='lat' dir='ltr'>teretis.</span> <span class='ocrx_word' id='word_1_534' title='bbox 627 3928 788 3993; x_wconf 88' lang='lat' dir='ltr'>Quod</span> <span class='ocrx_word' id='word_1_535' title='bbox 818 3944 920 3984; x_wconf 86' lang='lat' dir='ltr'>vos</span> <span class='ocrx_word' id='word_1_536' title='bbox 949 3927 1228 3982; x_wconf 89' lang='lat' dir='ltr'>adversus</span> <span class='ocrx_word' id='word_1_537' title='bbox 1261 3931 1439 3981; x_wconf 91' lang='lat' dir='ltr'>Deum</span> <span class='ocrx_word' id='word_1_538' title='bbox 1472 3926 1804 3996; x_wconf 88' lang='lat' dir='ltr'>admittitis,</span> <span class='ocrx_word' id='word_1_539' title='bbox 1837 3928 1891 3980; x_wconf 88' lang='lat' dir='ltr'>id</span> <span class='ocrx_word' id='word_1_540' title='bbox 1928 3944 2026 3998; x_wconf 89' lang='lat' dir='ltr'>pa-</span> 
     </span>
    </p>
   </div>
   <div class='ocr_carea' id='block_1_74' title="bbox 378 4013 2030 4075">
    <p class='ocr_par' dir='ltr' id='par_1_74' title="bbox 378 4013 2030 4075">
     <span class='ocr_line' id='line_1_74' title="bbox 378 4013 2030 4075; baseline -0.001 -2"><span class='ocrx_word' id='word_1_541' title='bbox 378 4023 571 4075; x_wconf 87' lang='lat' dir='ltr'>rentes</span> <span class='ocrx_word' id='word_1_542' title='bbox 602 4019 915 4074; x_wconf 87' lang='lat' dir='ltr'>adversum</span> <span class='ocrx_word' id='word_1_543' title='bbox 947 4032 1041 4071; x_wconf 92' lang='lat' dir='ltr'>me</span> <span class='ocrx_word' id='word_1_544' title='bbox 1073 4015 1279 4070; x_wconf 87' lang='lat' dir='ltr'>fecisse</span> <span class='ocrx_word' id='word_1_545' title='bbox 1309 4013 1712 4071; x_wconf 86' lang='lat' dir='ltr'>insimulatis?</span> <span class='ocrx_word' id='word_1_546' title='bbox 1757 4020 1952 4071; x_wconf 86' lang='lat' dir='ltr'>Nonne</span> <span class='ocrx_word' id='word_1_547' title='bbox 1997 4033 2030 4072; x_wconf 88' lang='lat' dir='ltr'>a</span> 
     </span>
    </p>
   </div>
   <div class='ocr_carea' id='block_1_75' title="bbox 380 4104 2025 4178">
    <p class='ocr_par' dir='ltr' id='par_1_75' title="bbox 380 4104 2025 4178">
     <span class='ocr_line' id='line_1_75' title="bbox 380 4104 2025 4178; baseline -0.001 -16"><span class='ocrx_word' id='word_1_548' title='bbox 380 4107 583 4162; x_wconf 85' lang='lat' dir='ltr'>multis</span> <span class='ocrx_word' id='word_1_549' title='bbox 608 4107 731 4178; x_wconf 85' lang='lat' dir='ltr'>jam</span> <span class='ocrx_word' id='word_1_550' title='bbox 750 4105 1115 4177; x_wconf 89' lang='lat' dir='ltr'>temporibus</span> <span class='ocrx_word' id='word_1_551' title='bbox 1131 4105 1201 4159; x_wconf 90' lang='lat' dir='ltr'>de</span> <span class='ocrx_word' id='word_1_552' title='bbox 1218 4104 1381 4159; x_wconf 90' lang='lat' dir='ltr'>vobis</span> <span class='ocrx_word' id='word_1_553' title='bbox 1399 4104 1683 4159; x_wconf 91' lang='lat' dir='ltr'>Dominus</span> <span class='ocrx_word' id='word_1_554' title='bbox 1700 4121 1802 4176; x_wconf 89' lang='lat' dir='ltr'>per</span> <span class='ocrx_word' id='word_1_555' title='bbox 1817 4105 2025 4161; x_wconf 82' lang='lat' dir='ltr'>Isaiam</span> 
     </span>
    </p>
   </div>
   <div class='ocr_carea' id='block_1_76' title="bbox 382 4192 2031 4267">
    <p class='ocr_par' dir='ltr' id='par_1_76' title="bbox 382 4192 2031 4267">
     <span class='ocr_line' id='line_1_76' title="bbox 382 4192 2031 4267; baseline -0.001 -18"><span class='ocrx_word' id='word_1_556' title='bbox 382 4194 725 4267; x_wconf 89' lang='lat' dir='ltr'>prophetam</span> <span class='ocrx_word' id='word_1_557' title='bbox 758 4193 1101 4248; x_wconf 83' lang='lat' dir='ltr'>exclamavit</span> <span class='ocrx_word' id='word_1_558' title='bbox 1130 4192 1329 4248; x_wconf 89' lang='lat' dir='ltr'>dicens</span> <span class='ocrx_word' id='word_1_559' title='bbox 1379 4209 1391 4246; x_wconf 93' lang='lat'>:</span> <span class='ocrx_word' id='word_1_560' title='bbox 1447 4216 1474 4242; x_wconf 90' lang='grc'>‹‹</span> <span class='ocrx_word' id='word_1_561' title='bbox 1527 4192 1701 4249; x_wconf 89' lang='lat' dir='ltr'>Filios</span> <span class='ocrx_word' id='word_1_562' title='bbox 1752 4194 1925 4266; x_wconf 87' lang='lat' dir='ltr'>genui</span> <span class='ocrx_word' id='word_1_563' title='bbox 1974 4200 2031 4249; x_wconf 92' lang='lat' dir='ltr'>et</span> 
     </span>
    </p>
   </div>
   <div class='ocr_carea' id='block_1_77' title="bbox 380 4281 2029 4354">
    <p class='ocr_par' dir='ltr' id='par_1_77' title="bbox 380 4281 2029 4354">
     <span class='ocr_line' id='line_1_77' title="bbox 380 4281 2029 4354; baseline 0 -16"><span class='ocrx_word' id='word_1_564' title='bbox 380 4281 656 4350; x_wconf 82' lang='lat' dir='ltr'>exaltavi;</span> <span class='ocrx_word' id='word_1_565' title='bbox 689 4281 801 4354; x_wconf 89' lang='lat' dir='ltr'>ipsi</span> <span class='ocrx_word' id='word_1_566' title='bbox 832 4286 1026 4336; x_wconf 91' lang='lat' dir='ltr'>autem</span> <span class='ocrx_word' id='word_1_567' title='bbox 1060 4285 1405 4352; x_wconf 89' lang='lat' dir='ltr'>spreverunt</span> <span class='ocrx_word' id='word_1_568' title='bbox 1435 4297 1527 4337; x_wconf 93' lang='lat' dir='ltr'>me</span> <span class='ocrx_word' id='word_1_569' title='bbox 1553 4282 1640 4336; x_wconf 73' lang='grc' dir='ltr'><strong>⁸οῨ</strong></span> <span class='ocrx_word' id='word_1_570' title='bbox 1661 4303 1688 4331; x_wconf 87' lang='grc'><strong>››</strong></span> <span class='ocrx_word' id='word_1_571' title='bbox 1713 4283 1835 4338; x_wconf 88' lang='lat' dir='ltr'>Etsi</span> <span class='ocrx_word' id='word_1_572' title='bbox 1867 4283 2029 4339; x_wconf 89' lang='lat' dir='ltr'>vobis</span> 
     </span>
    </p>
   </div>
   <div class='ocr_carea' id='block_1_78' title="bbox 380 4368 2027 4443">
    <p class='ocr_par' dir='ltr' id='par_1_78' title="bbox 380 4368 2027 4443">
     <span class='ocr_line' id='line_1_78' title="bbox 380 4368 2027 4443; baseline 0 -16"><span class='ocrx_word' id='word_1_573' title='bbox 380 4369 688 4443; x_wconf 87' lang='lat' dir='ltr'>abnegatio</span> <span class='ocrx_word' id='word_1_574' title='bbox 737 4370 816 4425; x_wconf 88' lang='lat' dir='ltr'>sit</span> <span class='ocrx_word' id='word_1_575' title='bbox 863 4368 1190 4434; x_wconf 79' lang='lat' dir='ltr'>familiaris,</span> <span class='ocrx_word' id='word_1_576' title='bbox 1240 4369 1386 4424; x_wconf 90' lang='lat' dir='ltr'>illud</span> <span class='ocrx_word' id='word_1_577' title='bbox 1435 4374 1631 4425; x_wconf 90' lang='lat' dir='ltr'>tamen</span> <span class='ocrx_word' id='word_1_578' title='bbox 1680 4370 1868 4425; x_wconf 88' lang='lat' dir='ltr'>facere</span> <span class='ocrx_word' id='word_1_579' title='bbox 1912 4389 2027 4428; x_wconf 92' lang='lat' dir='ltr'>non</span> 
     </span>
    </p>
   </div>
   <div class='ocr_carea' id='block_1_79' title="bbox 380 4458 2027 4532">
    <p class='ocr_par' dir='ltr' id='par_1_79' title="bbox 380 4458 2027 4532">
     <span class='ocr_line' id='line_1_79' title="bbox 380 4458 2027 4532; baseline 0.001 -16"><span class='ocrx_word' id='word_1_580' title='bbox 380 4460 759 4516; x_wconf 87' lang='lat' dir='ltr'>sustinerem.</span> <span class='ocrx_word' id='word_1_581' title='bbox 794 4459 937 4513; x_wconf 87' lang='lat' dir='ltr'>Eum</span> <span class='ocrx_word' id='word_1_582' title='bbox 974 4459 1254 4514; x_wconf 89' lang='lat' dir='ltr'>conﬁteor</span> <span class='ocrx_word' id='word_1_583' title='bbox 1284 4458 1383 4529; x_wconf 90' lang='lat' dir='ltr'>qui</span> <span class='ocrx_word' id='word_1_584' title='bbox 1417 4475 1510 4514; x_wconf 93' lang='lat' dir='ltr'>me</span> <span class='ocrx_word' id='word_1_585' title='bbox 1549 4459 1792 4530; x_wconf 77' lang='lat' dir='ltr'>curavit,</span> <span class='ocrx_word' id='word_1_586' title='bbox 1848 4477 2027 4532; x_wconf 85' lang='lat' dir='ltr'>agno-</span> 
     </span>
    </p>
   </div>
   <div class='ocr_carea' id='block_1_80' title="bbox 381 4552 1068 4621">
    <p class='ocr_par' dir='ltr' id='par_1_80' title="bbox 381 4552 1068 4621">
     <span class='ocr_line' id='line_1_80' title="bbox 381 4552 1068 4621; baseline -0.004 -16"><span class='ocrx_word' id='word_1_587' title='bbox 381 4566 477 4605; x_wconf 89' lang='lat' dir='ltr'>sco</span> <span class='ocrx_word' id='word_1_588' title='bbox 526 4552 797 4621; x_wconf 88' lang='lat' dir='ltr'>parentes</span> <span class='ocrx_word' id='word_1_589' title='bbox 845 4563 1007 4602; x_wconf 88' lang='lat' dir='ltr'>meos</span> <span class='ocrx_word' id='word_1_590' title='bbox 1057 4564 1068 4603; x_wconf 94' lang='lat'><strong>:</strong></span> 
     </span>
    </p>
   </div>
   <div class='ocr_carea' id='block_1_81' title="bbox 381 4636 2026 4709">
    <p class='ocr_par' dir='ltr' id='par_1_81' title="bbox 381 4636 2026 4709">
     <span class='ocr_line' id='line_1_81' title="bbox 381 4636 2026 4709; baseline -0.001 -15"><span class='ocrx_word' id='word_1_591' title='bbox 381 4639 516 4705; x_wconf 88' lang='lat' dir='ltr'>rint,</span> <span class='ocrx_word' id='word_1_592' title='bbox 550 4652 621 4693; x_wconf 90' lang='lat' dir='ltr'>ne</span> <span class='ocrx_word' id='word_1_593' title='bbox 663 4638 744 4692; x_wconf 87' lang='lat' dir='ltr'>ita</span> <span class='ocrx_word' id='word_1_594' title='bbox 792 4637 1031 4709; x_wconf 89' lang='lat' dir='ltr'>quidem</span> <span class='ocrx_word' id='word_1_595' title='bbox 1081 4636 1385 4709; x_wconf 88' lang='lat' dir='ltr'>augustior</span> <span class='ocrx_word' id='word_1_596' title='bbox 1426 4652 1439 4689; x_wconf 88' lang='lat'><strong>:</strong></span> <span class='ocrx_word' id='word_1_597' title='bbox 1488 4636 1639 4703; x_wconf 87' lang='lat' dir='ltr'>novi,</span> <span class='ocrx_word' id='word_1_598' title='bbox 1691 4638 1820 4691; x_wconf 89' lang='lat' dir='ltr'>novi</span> <span class='ocrx_word' id='word_1_599' title='bbox 1870 4640 2026 4693; x_wconf 90' lang='lat' dir='ltr'>Davi-</span> 
     </span>
    </p>
   </div>
   <div class='ocr_carea' id='block_1_82' title="bbox 380 4724 2028 4783">
    <p class='ocr_par' dir='ltr' id='par_1_82' title="bbox 380 4724 2028 4783">
     <span class='ocr_line' id='line_1_82' title="bbox 380 4724 2028 4783; baseline -0.001 0"><span class='ocrx_word' id='word_1_600' title='bbox 380 4728 510 4783; x_wconf 94' lang='lat' dir='ltr'>dem</span> <span class='ocrx_word' id='word_1_601' title='bbox 544 4726 759 4782; x_wconf 91' lang='lat' dir='ltr'>diserte</span> <span class='ocrx_word' id='word_1_602' title='bbox 789 4726 1113 4781; x_wconf 83' lang='lat' dir='ltr'>exclamare</span> <span class='ocrx_word' id='word_1_603' title='bbox 1163 4742 1177 4778; x_wconf 90' lang='lat'><strong>:</strong></span> <span class='ocrx_word' id='word_1_604' title='bbox 1230 4748 1260 4773; x_wconf 76' lang='grc' dir='ltr'>α</span> <span class='ocrx_word' id='word_1_605' title='bbox 1310 4724 1478 4779; x_wconf 86' lang='lat' dir='ltr'>Pater</span> <span class='ocrx_word' id='word_1_606' title='bbox 1526 4740 1691 4780; x_wconf 90' lang='lat' dir='ltr'>meus</span> <span class='ocrx_word' id='word_1_607' title='bbox 1737 4730 1793 4780; x_wconf 89' lang='lat' dir='ltr'>et</span> <span class='ocrx_word' id='word_1_608' title='bbox 1841 4733 2028 4782; x_wconf 86' lang='lat' dir='ltr'>mater</span> 
     </span>
    </p>
   </div>
   <div class='ocr_carea' id='block_1_83' title="bbox 382 4814 2023 4888">
    <p class='ocr_par' dir='ltr' id='par_1_83' title="bbox 382 4814 2023 4888">
     <span class='ocr_line' id='line_1_83' title="bbox 382 4814 2023 4888; baseline -0.001 -16"><span class='ocrx_word' id='word_1_609' title='bbox 382 4834 511 4872; x_wconf 89' lang='lat' dir='ltr'>mea</span> <span class='ocrx_word' id='word_1_610' title='bbox 542 4814 980 4887; x_wconf 88' lang='lat' dir='ltr'>dereliquerunt</span> <span class='ocrx_word' id='word_1_611' title='bbox 1010 4831 1122 4882; x_wconf 90' lang='lat' dir='ltr'>me,</span> <span class='ocrx_word' id='word_1_612' title='bbox 1156 4814 1443 4870; x_wconf 89' lang='lat' dir='ltr'>Dominus</span> <span class='ocrx_word' id='word_1_613' title='bbox 1474 4818 1666 4869; x_wconf 89' lang='lat' dir='ltr'>autem</span> <span class='ocrx_word' id='word_1_614' title='bbox 1702 4817 2023 4888; x_wconf 88' lang='lat' dir='ltr'>assumpsit</span> 
     </span>
    </p>
   </div>
   <div class='ocr_carea' id='block_1_84' title="bbox 382 4902 2022 4977">
    <p class='ocr_par' dir='ltr' id='par_1_84' title="bbox 382 4902 2022 4977">
     <span class='ocr_line' id='line_1_84' title="bbox 382 4902 2022 4977; baseline 0 -16"><span class='ocrx_word' id='word_1_615' title='bbox 382 4923 473 4961; x_wconf 92' lang='lat' dir='ltr'>me</span> <span class='ocrx_word' id='word_1_616' title='bbox 502 4907 565 4961; x_wconf 68' lang='lat'>3’.</span> <span class='ocrx_word' id='word_1_617' title='bbox 603 4928 629 4954; x_wconf 88' lang='grc'>››</span> <span class='ocrx_word' id='word_1_618' title='bbox 663 4905 995 4977; x_wconf 81' lang='lat' dir='ltr'>Eanperati</span> <span class='ocrx_word' id='word_1_619' title='bbox 1031 4920 1202 4976; x_wconf 92' lang='lat' dir='ltr'>porro</span> <span class='ocrx_word' id='word_1_620' title='bbox 1232 4903 1510 4959; x_wconf 73' lang='lat' dir='ltr'>Pharisaei</span> <span class='ocrx_word' id='word_1_621' title='bbox 1542 4902 1849 4959; x_wconf 88' lang='lat' dir='ltr'>dicebant:</span> <span class='ocrx_word' id='word_1_622' title='bbox 1877 4906 2022 4971; x_wconf 92' lang='lat' dir='ltr'>Quid</span> 
     </span>
    </p>
   </div>
   <div class='ocr_carea' id='block_1_85' title="bbox 380 4992 2023 5063">
    <p class='ocr_par' dir='ltr' id='par_1_85' title="bbox 380 4992 2023 5063">
     <span class='ocr_line' id='line_1_85' title="bbox 380 4992 2023 5063; baseline 0 -13"><span class='ocrx_word' id='word_1_623' title='bbox 380 4995 487 5063; x_wconf 79' lang='lat' dir='ltr'>ais,</span> <span class='ocrx_word' id='word_1_624' title='bbox 520 4995 694 5050; x_wconf 87' lang='lat' dir='ltr'>homo</span> <span class='ocrx_word' id='word_1_625' title='bbox 723 4993 1062 5062; x_wconf 87' lang='lat' dir='ltr'>vanissime,</span> <span class='ocrx_word' id='word_1_626' title='bbox 1093 4997 1224 5049; x_wconf 90' lang='lat' dir='ltr'>tene</span> <span class='ocrx_word' id='word_1_627' title='bbox 1253 4992 1456 5049; x_wconf 88' lang='lat' dir='ltr'>Davidi</span> <span class='ocrx_word' id='word_1_628' title='bbox 1497 4993 1773 5050; x_wconf 82' lang='lat' dir='ltr'>confers?</span> <span class='ocrx_word' id='word_1_629' title='bbox 1823 4995 1889 5049; x_wconf 79' lang='lat' dir='ltr'>Et</span> <span class='ocrx_word' id='word_1_630' title='bbox 1940 4995 2023 5051; x_wconf 82' lang='lat' dir='ltr'>fa-</span> 
     </span>
    </p>
   </div>
   <div class='ocr_carea' id='block_1_86' title="bbox 378 5081 2020 5154">
    <p class='ocr_par' dir='ltr' id='par_1_86' title="bbox 378 5081 2020 5154">
     <span class='ocr_line' id='line_1_86' title="bbox 378 5081 2020 5154; baseline -0.001 -14"><span class='ocrx_word' id='word_1_631' title='bbox 378 5084 465 5140; x_wconf 89' lang='lat' dir='ltr'>bri</span> <span class='ocrx_word' id='word_1_632' title='bbox 519 5083 706 5138; x_wconf 85' lang='lat' dir='ltr'>ﬁlium</span> <span class='ocrx_word' id='word_1_633' title='bbox 739 5081 1055 5138; x_wconf 89' lang='lat' dir='ltr'>Dominum</span> <span class='ocrx_word' id='word_1_634' title='bbox 1088 5082 1406 5149; x_wconf 79' lang='lat' dir='ltr'>confiteris,</span> <span class='ocrx_word' id='word_1_635' title='bbox 1437 5082 1539 5154; x_wconf 91' lang='lat' dir='ltr'>qui</span> <span class='ocrx_word' id='word_1_636' title='bbox 1571 5099 1685 5139; x_wconf 91' lang='lat' dir='ltr'>non</span> <span class='ocrx_word' id='word_1_637' title='bbox 1718 5082 1894 5139; x_wconf 87' lang='lat' dir='ltr'>habet</span> <span class='ocrx_word' id='word_1_638' title='bbox 1924 5084 2020 5139; x_wconf 93' lang='lat' dir='ltr'>ubi</span> 
     </span>
    </p>
   </div>
   <div class='ocr_carea' id='block_1_87' title="bbox 378 5170 2017 5244">
    <p class='ocr_par' dir='ltr' id='par_1_87' title="bbox 378 5170 2017 5244">
     <span class='ocr_line' id='line_1_87' title="bbox 378 5170 2017 5244; baseline 0 -16"><span class='ocrx_word' id='word_1_639' title='bbox 378 5181 550 5242; x_wconf 82' lang='lat' dir='ltr'>caput</span> <span class='ocrx_word' id='word_1_640' title='bbox 600 5170 884 5227; x_wconf 85' lang='lat' dir='ltr'>reclinet?</span> <span class='ocrx_word' id='word_1_641' title='bbox 930 5170 1294 5226; x_wconf 86' lang='lat' dir='ltr'>Concedatur</span> <span class='ocrx_word' id='word_1_642' title='bbox 1340 5174 1397 5225; x_wconf 93' lang='lat' dir='ltr'>te</span> <span class='ocrx_word' id='word_1_643' title='bbox 1441 5171 1632 5226; x_wconf 89' lang='lat' dir='ltr'>visum</span> <span class='ocrx_word' id='word_1_644' title='bbox 1682 5172 2017 5244; x_wconf 90' lang='lat' dir='ltr'>recepisse:</span> 
     </span>
    </p>
   </div>
   <div class='ocr_carea' id='block_1_88' title="bbox 377 5258 2022 5332">
    <p class='ocr_par' dir='ltr' id='par_1_88' title="bbox 377 5258 2022 5332">
     <span class='ocr_line' id='line_1_88' title="bbox 377 5258 2022 5332; baseline 0 -15"><span class='ocrx_word' id='word_1_645' title='bbox 377 5262 561 5317; x_wconf 89' lang='lat' dir='ltr'>Deum</span> <span class='ocrx_word' id='word_1_646' title='bbox 593 5260 852 5317; x_wconf 91' lang='lat' dir='ltr'>laudato.</span> <span class='ocrx_word' id='word_1_647' title='bbox 883 5259 1029 5327; x_wconf 88' lang='lat' dir='ltr'>Quid</span> <span class='ocrx_word' id='word_1_648' title='bbox 1080 5258 1218 5314; x_wconf 92' lang='lat' dir='ltr'>huic</span> <span class='ocrx_word' id='word_1_649' title='bbox 1268 5259 1490 5330; x_wconf 89' lang='lat' dir='ltr'>gratias</span> <span class='ocrx_word' id='word_1_650' title='bbox 1532 5260 1703 5332; x_wconf 87' lang='lat' dir='ltr'>agis?</span> <span class='ocrx_word' id='word_1_651' title='bbox 1752 5264 1877 5316; x_wconf 86' lang='lat' dir='ltr'>Non</span> <span class='ocrx_word' id='word_1_652' title='bbox 1931 5266 2022 5317; x_wconf 91' lang='lat' dir='ltr'>est</span> 
     </span>
    </p>
   </div>
   <div class='ocr_carea' id='block_1_89' title="bbox 2137 3304 3783 3380">
    <p class='ocr_par' dir='ltr' id='par_1_89' title="bbox 2137 3304 3783 3380">
     <span class='ocr_line' id='line_1_89' title="bbox 2137 3304 3783 3380; baseline -0.002 -21"><span class='ocrx_word' id='word_1_653' title='bbox 2137 3304 2315 3368; x_wconf 78' lang='grc' dir='ltr'>θεύετε</span> <span class='ocrx_word' id='word_1_654' title='bbox 2366 3309 2531 3359; x_wconf 79' lang='grc' dir='ltr'>ταῦτα</span> <span class='ocrx_word' id='word_1_655' title='bbox 2589 3304 2862 3380; x_wconf 73' lang='grc' dir='ltr'>λέγοντες.</span> <span class='ocrx_word' id='word_1_656' title='bbox 2894 3306 2961 3362; x_wconf 79' lang='lat' dir='ltr'>Ol</span> <span class='ocrx_word' id='word_1_657' title='bbox 3018 3310 3195 3380; x_wconf 75' lang='grc' dir='ltr'>γονεῖς</span> <span class='ocrx_word' id='word_1_658' title='bbox 3253 3306 3406 3379; x_wconf 78' lang='grc' dir='ltr'>εἶχον</span> <span class='ocrx_word' id='word_1_659' title='bbox 3456 3304 3783 3377; x_wconf 80' lang='grc' dir='ltr'>ἀρνήσασθαι</span> 
     </span>
    </p>
   </div>
   <div class='ocr_carea' id='block_1_90' title="bbox 2135 3392 3827 3470">
    <p class='ocr_par' dir='ltr' id='par_1_90' title="bbox 2135 3392 3827 3470">
     <span class='ocr_line' id='line_1_90' title="bbox 2135 3392 3827 3470; baseline -0.001 -22"><span class='ocrx_word' id='word_1_660' title='bbox 2135 3396 2197 3449; x_wconf 83' lang='grc' dir='ltr'>τὸ</span> <span class='ocrx_word' id='word_1_661' title='bbox 2230 3392 2367 3449; x_wconf 63' lang='grc' dir='ltr'>ἴδιον</span> <span class='ocrx_word' id='word_1_662' title='bbox 2400 3396 2609 3462; x_wconf 81' lang='grc' dir='ltr'>τὲκνον,</span> <span class='ocrx_word' id='word_1_663' title='bbox 2641 3395 2729 3448; x_wconf 83' lang='grc' dir='ltr'>καὶ</span> <span class='ocrx_word' id='word_1_664' title='bbox 2768 3393 3027 3467; x_wconf 67' lang='grc' dir='ltr'>μάλιστα</span> <span class='ocrx_word' id='word_1_665' title='bbox 3056 3395 3240 3470; x_wconf 79' lang='grc' dir='ltr'>μήτηρ</span> <span class='ocrx_word' id='word_1_666' title='bbox 3290 3393 3505 3469; x_wconf 61' lang='grc' dir='ltr'>ἄρρενα,</span> <span class='ocrx_word' id='word_1_667' title='bbox 3539 3395 3573 3461; x_wconf 84' lang='grc' dir='ltr'>ἣ</span> <span class='ocrx_word' id='word_1_668' title='bbox 3602 3394 3782 3467; x_wconf 76' lang='grc' dir='ltr'>πατὴρ</span> <span class='ocrx_word' id='word_1_669' title='bbox 3820 3412 3827 3419; x_wconf 78' lang='lat'><em>‘</em></span> 
     </span>
    </p>
   </div>
   <div class='ocr_carea' id='block_1_91' title="bbox 2140 3481 3787 3561">
    <p class='ocr_par' dir='ltr' id='par_1_91' title="bbox 2140 3481 3787 3561">
     <span class='ocr_line' id='line_1_91' title="bbox 2140 3481 3787 3561; baseline -0.002 -23"><span class='ocrx_word' id='word_1_670' title='bbox 2140 3485 2215 3555; x_wconf 78' lang='grc' dir='ltr'>μή</span> <span class='ocrx_word' id='word_1_671' title='bbox 2279 3483 2661 3560; x_wconf 45' lang='grc' dir='ltr'>παροξυνθείς</span> <span class='ocrx_word' id='word_1_672' title='bbox 2723 3481 2929 3561; x_wconf 78' lang='grc' dir='ltr'>σφόδρα</span> <span class='ocrx_word' id='word_1_673' title='bbox 2994 3482 3217 3537; x_wconf 77' lang='grc' dir='ltr'>ἄπιστόν</span> <span class='ocrx_word' id='word_1_674' title='bbox 3278 3504 3371 3555; x_wconf 89' lang='grc' dir='ltr'>μοι</span> <span class='ocrx_word' id='word_1_675' title='bbox 3429 3482 3671 3559; x_wconf 72' lang='grc' dir='ltr'>φαίνεται</span> <span class='ocrx_word' id='word_1_676' title='bbox 3726 3481 3787 3535; x_wconf 84' lang='grc' dir='ltr'>τὸ</span> 
     </span>
    </p>
   </div>
   <div class='ocr_carea' id='block_1_92' title="bbox 2137 3568 3791 3647">
    <p class='ocr_par' dir='ltr' id='par_1_92' title="bbox 2137 3568 3791 3647">
     <span class='ocr_line' id='line_1_92' title="bbox 2137 3568 3791 3647; baseline -0.002 -19"><span class='ocrx_word' id='word_1_677' title='bbox 2137 3571 2454 3647; x_wconf 86' lang='grc' dir='ltr'>λεγόμενον,</span> <span class='ocrx_word' id='word_1_678' title='bbox 2488 3571 2577 3627; x_wconf 72' lang='grc' dir='ltr'>καῖ</span> <span class='ocrx_word' id='word_1_679' title='bbox 2632 3577 2737 3626; x_wconf 80' lang='grc' dir='ltr'>τῶν</span> <span class='ocrx_word' id='word_1_680' title='bbox 2785 3572 2927 3645; x_wconf 81' lang='grc' dir='ltr'>ἐμῶν</span> <span class='ocrx_word' id='word_1_681' title='bbox 2980 3571 3154 3626; x_wconf 79' lang='grc' dir='ltr'>ἀκοῶν</span> <span class='ocrx_word' id='word_1_682' title='bbox 3198 3568 3584 3645; x_wconf 82' lang='grc' dir='ltr'>ἀπρόσδεκτον.</span> <span class='ocrx_word' id='word_1_683' title='bbox 3617 3570 3680 3624; x_wconf 74' lang='grc' dir='ltr'>Εἰ</span> <span class='ocrx_word' id='word_1_684' title='bbox 3733 3568 3791 3624; x_wconf 73' lang='grc' dir='ltr'>δὲ</span> 
     </span>
    </p>
   </div>
   <div class='ocr_carea' id='block_1_93' title="bbox 2134 3657 3789 3738">
    <p class='ocr_par' dir='ltr' id='par_1_93' title="bbox 2134 3657 3789 3738">
     <span class='ocr_line' id='line_1_93' title="bbox 2134 3657 3789 3738; baseline -0.002 -21"><span class='ocrx_word' id='word_1_685' title='bbox 2134 3667 2296 3717; x_wconf 72' lang='grc' dir='ltr'>τοῦτο</span> <span class='ocrx_word' id='word_1_686' title='bbox 2353 3663 2587 3738; x_wconf 72' lang='grc' dir='ltr'>γέγονεν,</span> <span class='ocrx_word' id='word_1_687' title='bbox 2648 3658 2798 3715; x_wconf 74' lang='grc' dir='ltr'>οὐδὲν</span> <span class='ocrx_word' id='word_1_688' title='bbox 2854 3661 3160 3733; x_wconf 85' lang='grc' dir='ltr'>Θαυμαστόν</span> <span class='ocrx_word' id='word_1_689' title='bbox 3196 3678 3209 3692; x_wconf 82' lang='grc'><strong><em>⁸</em></strong></span> <span class='ocrx_word' id='word_1_690' title='bbox 3271 3664 3431 3715; x_wconf 77' lang='grc' dir='ltr'>τοῦτο</span> <span class='ocrx_word' id='word_1_691' title='bbox 3492 3657 3633 3714; x_wconf 72' lang='grc' dir='ltr'>ξ’διον</span> <span class='ocrx_word' id='word_1_692' title='bbox 3686 3666 3789 3729; x_wconf 74' lang='grc' dir='ltr'>τῆς</span> 
     </span>
    </p>
   </div>
   <div class='ocr_carea' id='block_1_94' title="bbox 2139 3747 3791 3829">
    <p class='ocr_par' dir='ltr' id='par_1_94' title="bbox 2139 3747 3791 3829">
     <span class='ocr_line' id='line_1_94' title="bbox 2139 3747 3791 3829; baseline -0.002 -24"><span class='ocrx_word' id='word_1_693' title='bbox 2139 3751 2481 3827; x_wconf 80' lang='grc' dir='ltr'>ἀνθρωπίνης</span> <span class='ocrx_word' id='word_1_694' title='bbox 2539 3750 2749 3829; x_wconf 63' lang='grc' dir='ltr'>φύσεως</span> <span class='ocrx_word' id='word_1_695' title='bbox 2818 3751 3098 3825; x_wconf 77' lang='grc' dir='ltr'>ὑπάρχει,</span> <span class='ocrx_word' id='word_1_696' title='bbox 3161 3747 3245 3805; x_wconf 81' lang='grc' dir='ltr'>διὸ</span> <span class='ocrx_word' id='word_1_697' title='bbox 3299 3749 3388 3804; x_wconf 77' lang='grc' dir='ltr'>καὶ</span> <span class='ocrx_word' id='word_1_698' title='bbox 3465 3750 3791 3823; x_wconf 73' lang='grc' dir='ltr'>συγγνώμης</span> 
     </span>
    </p>
   </div>
   <div class='ocr_carea' id='block_1_95' title="bbox 2137 3832 3790 3914">
    <p class='ocr_par' dir='ltr' id='par_1_95' title="bbox 2137 3832 3790 3914">
     <span class='ocr_line' id='line_1_95' title="bbox 2137 3832 3790 3914; baseline -0.004 -20"><span class='ocrx_word' id='word_1_699' title='bbox 2137 3840 2544 3910; x_wconf 77' lang='grc' dir='ltr'>ἀξιωθήσονται,</span> <span class='ocrx_word' id='word_1_700' title='bbox 2588 3839 2659 3899; x_wconf 83' lang='grc' dir='ltr'>ὡς</span> <span class='ocrx_word' id='word_1_701' title='bbox 2712 3832 2865 3914; x_wconf 68' lang='grc' dir='ltr'>φόϐῳ</span> <span class='ocrx_word' id='word_1_702' title='bbox 2912 3842 3071 3891; x_wconf 74' lang='grc' dir='ltr'>τοῦτο</span> <span class='ocrx_word' id='word_1_703' title='bbox 3120 3838 3467 3907; x_wconf 74' lang='grc' dir='ltr'>ποιήσαντες.</span> <span class='ocrx_word' id='word_1_704' title='bbox 3503 3836 3688 3907; x_wconf 81' lang='grc' dir='ltr'>Ὑμεῖς</span> <span class='ocrx_word' id='word_1_705' title='bbox 3741 3836 3790 3888; x_wconf 67' lang='grc' dir='ltr'>οἱ</span> 
     </span>
    </p>
   </div>
   <div class='ocr_carea' id='block_1_96' title="bbox 2135 3922 3791 4005">
    <p class='ocr_par' dir='ltr' id='par_1_96' title="bbox 2135 3922 3791 4005">
     <span class='ocr_line' id='line_1_96' title="bbox 2135 3922 3791 4005; baseline -0.004 -22"><span class='ocrx_word' id='word_1_706' title='bbox 2135 3934 2475 4005; x_wconf 85' lang='grc' dir='ltr'>γραμματεῖς</span> <span class='ocrx_word' id='word_1_707' title='bbox 2506 3928 2595 3982; x_wconf 87' lang='grc' dir='ltr'>τὸν</span> <span class='ocrx_word' id='word_1_708' title='bbox 2630 3928 2756 3982; x_wconf 83' lang='grc' dir='ltr'>Θεὸν</span> <span class='ocrx_word' id='word_1_709' title='bbox 2800 3928 3064 4002; x_wconf 80' lang='grc' dir='ltr'>ἁρνεῖσθε,</span> <span class='ocrx_word' id='word_1_710' title='bbox 3099 3926 3187 3981; x_wconf 83' lang='grc' dir='ltr'>καὶ</span> <span class='ocrx_word' id='word_1_711' title='bbox 3238 3926 3311 3987; x_wconf 82' lang='grc' dir='ltr'>ὡς</span> <span class='ocrx_word' id='word_1_712' title='bbox 3363 3922 3530 3997; x_wconf 70' lang='grc' dir='ltr'>μηδὶν</span> <span class='ocrx_word' id='word_1_713' title='bbox 3585 3923 3791 4001; x_wconf 74' lang='grc' dir='ltr'>φαῦλον</span> 
     </span>
    </p>
   </div>
   <div class='ocr_carea' id='block_1_97' title="bbox 2138 4012 3785 4091">
    <p class='ocr_par' dir='ltr' id='par_1_97' title="bbox 2138 4012 3785 4091">
     <span class='ocr_line' id='line_1_97' title="bbox 2138 4012 3785 4091; baseline -0.003 -20"><span class='ocrx_word' id='word_1_714' title='bbox 2138 4016 2458 4091; x_wconf 78' lang='grc' dir='ltr'>πράττοντες</span> <span class='ocrx_word' id='word_1_715' title='bbox 2514 4014 2797 4071; x_wconf 77' lang='grc' dir='ltr'>διάκεισθε.</span> <span class='ocrx_word' id='word_1_716' title='bbox 2834 4016 2935 4071; x_wconf 82' lang='grc' dir='ltr'>Καὶ</span> <span class='ocrx_word' id='word_1_717' title='bbox 2992 4015 3113 4088; x_wconf 85' lang='grc' dir='ltr'>περί</span> <span class='ocrx_word' id='word_1_718' title='bbox 3172 4015 3279 4068; x_wconf 77' lang='grc' dir='ltr'>τῶν</span> <span class='ocrx_word' id='word_1_719' title='bbox 3332 4012 3477 4085; x_wconf 78' lang='grc' dir='ltr'>ἐμῶν</span> <span class='ocrx_word' id='word_1_720' title='bbox 3524 4012 3726 4088; x_wconf 65' lang='grc' dir='ltr'>γονέων</span> <span class='ocrx_word' id='word_1_721' title='bbox 3758 4014 3785 4066; x_wconf 88' lang='grc' dir='ltr'>ὁ</span> 
     </span>
    </p>
   </div>
   <div class='ocr_carea' id='block_1_98' title="bbox 2139 4099 3785 4181">
    <p class='ocr_par' dir='ltr' id='par_1_98' title="bbox 2139 4099 3785 4181">
     <span class='ocr_line' id='line_1_98' title="bbox 2139 4099 3785 4181; baseline -0.004 -21"><span class='ocrx_word' id='word_1_722' title='bbox 2139 4104 2324 4181; x_wconf 87' lang='grc' dir='ltr'>λόγος·</span> <span class='ocrx_word' id='word_1_723' title='bbox 2358 4105 2387 4159; x_wconf 77' lang='grc' dir='ltr'>’ὁ</span> <span class='ocrx_word' id='word_1_724' title='bbox 2448 4106 2601 4175; x_wconf 82' lang='grc' dir='ltr'>ὑμεῖς</span> <span class='ocrx_word' id='word_1_725' title='bbox 2661 4104 2796 4179; x_wconf 87' lang='grc' dir='ltr'>πρὸς</span> <span class='ocrx_word' id='word_1_726' title='bbox 2852 4105 2943 4157; x_wconf 73' lang='grc' dir='ltr'>τὸν</span> <span class='ocrx_word' id='word_1_727' title='bbox 3003 4104 3128 4157; x_wconf 85' lang='grc' dir='ltr'>Θεὸν</span> <span class='ocrx_word' id='word_1_728' title='bbox 3184 4108 3413 4170; x_wconf 82' lang='grc' dir='ltr'>ποιεῖτε,</span> <span class='ocrx_word' id='word_1_729' title='bbox 3442 4105 3605 4155; x_wconf 75' lang='grc' dir='ltr'>τοῦτο</span> <span class='ocrx_word' id='word_1_730' title='bbox 3659 4099 3785 4162; x_wconf 72' lang='grc' dir='ltr'>τοὺς</span> 
     </span>
    </p>
   </div>
   <div class='ocr_carea' id='block_1_99' title="bbox 2136 4187 3787 4270">
    <p class='ocr_par' dir='ltr' id='par_1_99' title="bbox 2136 4187 3787 4270">
     <span class='ocr_line' id='line_1_99' title="bbox 2136 4187 3787 4270; baseline -0.004 -21"><span class='ocrx_word' id='word_1_731' title='bbox 2136 4199 2312 4270; x_wconf 87' lang='grc' dir='ltr'>γονεῖς</span> <span class='ocrx_word' id='word_1_732' title='bbox 2345 4195 2478 4268; x_wconf 85' lang='grc' dir='ltr'>πρὸς</span> <span class='ocrx_word' id='word_1_733' title='bbox 2510 4192 2605 4265; x_wconf 76' lang='grc' dir='ltr'>ἐμὲ</span> <span class='ocrx_word' id='word_1_734' title='bbox 2644 4197 2819 4247; x_wconf 84' lang='grc' dir='ltr'>ποιεῖν</span> <span class='ocrx_word' id='word_1_735' title='bbox 2849 4187 3192 4246; x_wconf 75' lang='grc' dir='ltr'>διαϐάλλετε.</span> <span class='ocrx_word' id='word_1_736' title='bbox 3228 4189 3370 4265; x_wconf 81' lang='grc' dir='ltr'>Οὐχῖ</span> <span class='ocrx_word' id='word_1_737' title='bbox 3403 4189 3525 4265; x_wconf 81' lang='grc' dir='ltr'>περὶ</span> <span class='ocrx_word' id='word_1_738' title='bbox 3572 4190 3726 4261; x_wconf 79' lang='grc' dir='ltr'>ὑμῶν</span> <span class='ocrx_word' id='word_1_739' title='bbox 3761 4190 3787 4242; x_wconf 80' lang='grc' dir='ltr'>ὁ</span> 
     </span>
    </p>
   </div>
   <div class='ocr_carea' id='block_1_100' title="bbox 2140 4276 3788 4357">
    <p class='ocr_par' dir='ltr' id='par_1_100' title="bbox 2140 4276 3788 4357">
     <span class='ocr_line' id='line_1_100' title="bbox 2140 4276 3788 4357; baseline -0.002 -20"><span class='ocrx_word' id='word_1_740' title='bbox 2140 4283 2331 4353; x_wconf 79' lang='grc' dir='ltr'>Κύριος</span> <span class='ocrx_word' id='word_1_741' title='bbox 2364 4281 2573 4357; x_wconf 75' lang='grc' dir='ltr'>ἔκραξεν</span> <span class='ocrx_word' id='word_1_742' title='bbox 2609 4281 2667 4336; x_wconf 77' lang='grc' dir='ltr'>ἐκ</span> <span class='ocrx_word' id='word_1_743' title='bbox 2698 4280 2922 4336; x_wconf 80' lang='grc' dir='ltr'>πολλῶν</span> <span class='ocrx_word' id='word_1_744' title='bbox 2949 4285 3056 4334; x_wconf 80' lang='grc' dir='ltr'>τῶν</span> <span class='ocrx_word' id='word_1_745' title='bbox 3089 4279 3306 4354; x_wconf 87' lang='grc' dir='ltr'>χρόνων</span> <span class='ocrx_word' id='word_1_746' title='bbox 3356 4276 3443 4332; x_wconf 72' lang='grc' dir='ltr'>διὰ</span> <span class='ocrx_word' id='word_1_747' title='bbox 3498 4282 3597 4334; x_wconf 77' lang='grc' dir='ltr'>τοῦ</span> <span class='ocrx_word' id='word_1_748' title='bbox 3648 4298 3788 4353; x_wconf 79' lang='grc' dir='ltr'>προ-</span> 
     </span>
    </p>
   </div>
   <div class='ocr_carea' id='block_1_101' title="bbox 2139 4367 3783 4443">
    <p class='ocr_par' dir='ltr' id='par_1_101' title="bbox 2139 4367 3783 4443">
     <span class='ocr_line' id='line_1_101' title="bbox 2139 4367 3783 4443; baseline -0.004 -16"><span class='ocrx_word' id='word_1_749' title='bbox 2139 4375 2312 4443; x_wconf 70' lang='grc' dir='ltr'>φήτου</span> <span class='ocrx_word' id='word_1_750' title='bbox 2342 4369 2565 4427; x_wconf 73' lang='grc' dir='ltr'>Ἠσαίου</span> <span class='ocrx_word' id='word_1_751' title='bbox 2617 4370 2818 4441; x_wconf 61' lang='grc' dir='ltr'>λέγων(</span> <span class='ocrx_word' id='word_1_752' title='bbox 2851 4395 2877 4421; x_wconf 89' lang='grc'>‹‹</span> <span class='ocrx_word' id='word_1_753' title='bbox 2911 4368 3073 4430; x_wconf 69' lang='grc' dir='ltr'>Υὶοὺς</span> <span class='ocrx_word' id='word_1_754' title='bbox 3121 4368 3401 4443; x_wconf 69' lang='grc' dir='ltr'>ἐγέννησα,</span> <span class='ocrx_word' id='word_1_755' title='bbox 3432 4368 3521 4422; x_wconf 78' lang='grc' dir='ltr'>καὶ</span> <span class='ocrx_word' id='word_1_756' title='bbox 3573 4367 3783 4440; x_wconf 73' lang='grc' dir='ltr'>ὕψωσαο</span> 
     </span>
    </p>
   </div>
   <div class='ocr_carea' id='block_1_102' title="bbox 2138 4454 3788 4535">
    <p class='ocr_par' dir='ltr' id='par_1_102' title="bbox 2138 4454 3788 4535">
     <span class='ocr_line' id='line_1_102' title="bbox 2138 4454 3788 4535; baseline -0.003 -20"><span class='ocrx_word' id='word_1_757' title='bbox 2138 4461 2288 4516; x_wconf 78' lang='grc' dir='ltr'>αὐτοὶ</span> <span class='ocrx_word' id='word_1_758' title='bbox 2321 4458 2375 4515; x_wconf 76' lang='grc' dir='ltr'><strong>δέ</strong></span> <span class='ocrx_word' id='word_1_759' title='bbox 2427 4481 2492 4532; x_wconf 86' lang='grc' dir='ltr'>με</span> <span class='ocrx_word' id='word_1_760' title='bbox 2539 4456 2840 4529; x_wconf 70' lang='grc' dir='ltr'>ἠθέτησανς</span> <span class='ocrx_word' id='word_1_761' title='bbox 2878 4482 2905 4509; x_wconf 84' lang='grc'><strong>››</strong></span> <span class='ocrx_word' id='word_1_762' title='bbox 2940 4458 2982 4512; x_wconf 86' lang='grc' dir='ltr'>εἰ</span> <span class='ocrx_word' id='word_1_763' title='bbox 3041 4458 3128 4512; x_wconf 76' lang='grc' dir='ltr'>καὶ</span> <span class='ocrx_word' id='word_1_764' title='bbox 3186 4458 3310 4531; x_wconf 81' lang='grc' dir='ltr'>ὑμῖν</span> <span class='ocrx_word' id='word_1_765' title='bbox 3367 4454 3526 4535; x_wconf 72' lang='grc' dir='ltr'>φίλον</span> <span class='ocrx_word' id='word_1_766' title='bbox 3579 4455 3644 4510; x_wconf 78' lang='grc' dir='ltr'><em>τό</em></span> <span class='ocrx_word' id='word_1_767' title='bbox 3697 4457 3788 4531; x_wconf 75' lang='grc' dir='ltr'>ἁρ-</span> 
     </span>
    </p>
   </div>
   <div class='ocr_carea' id='block_1_103' title="bbox 1126 4544 2018 4621">
    <p class='ocr_par' dir='ltr' id='par_1_103' title="bbox 1126 4546 2018 4621">
     <span class='ocr_line' id='line_1_103' title="bbox 1126 4546 2018 4621; baseline 0.003 -19"><span class='ocrx_word' id='word_1_768' title='bbox 1126 4547 1300 4603; x_wconf 86' lang='lat' dir='ltr'>etiam</span> <span class='ocrx_word' id='word_1_769' title='bbox 1353 4546 1401 4602; x_wconf 93' lang='lat' dir='ltr'>si</span> <span class='ocrx_word' id='word_1_770' title='bbox 1452 4546 1535 4601; x_wconf 89' lang='lat' dir='ltr'>illi</span> <span class='ocrx_word' id='word_1_771' title='bbox 1581 4563 1674 4602; x_wconf 89' lang='lat' dir='ltr'>me</span> <span class='ocrx_word' id='word_1_772' title='bbox 1704 4548 2018 4621; x_wconf 83' lang='lat' dir='ltr'>abnegave-</span> 
     </span>
    </p>
   </div>
   <div class='ocr_carea' id='block_1_104' title="bbox 2129 4544 3788 4621">
    <p class='ocr_par' dir='ltr' id='par_1_104' title="bbox 2132 4544 3788 4621">
     <span class='ocr_line' id='line_1_104' title="bbox 2132 4544 3788 4621; baseline -0.002 -17"><span class='ocrx_word' id='word_1_773' title='bbox 2132 4556 2358 4617; x_wconf 78' lang='grc' dir='ltr'>νεῖσθαι,</span> <span class='ocrx_word' id='word_1_774' title='bbox 2394 4548 2518 4603; x_wconf 74' lang='grc' dir='ltr'>ἀλλ’</span> <span class='ocrx_word' id='word_1_775' title='bbox 2548 4549 2699 4621; x_wconf 76' lang='grc' dir='ltr'>ὅμως</span> <span class='ocrx_word' id='word_1_776' title='bbox 2760 4547 2869 4621; x_wconf 82' lang='grc' dir='ltr'>ἐγὼ</span> <span class='ocrx_word' id='word_1_777' title='bbox 2926 4551 3087 4601; x_wconf 77' lang='grc' dir='ltr'>τοῦτο</span> <span class='ocrx_word' id='word_1_778' title='bbox 3137 4552 3315 4601; x_wconf 87' lang='grc' dir='ltr'>ποιεῖν</span> <span class='ocrx_word' id='word_1_779' title='bbox 3366 4545 3464 4600; x_wconf 80' lang='grc' dir='ltr'>οὐκ</span> <span class='ocrx_word' id='word_1_780' title='bbox 3495 4544 3788 4620; x_wconf 73' lang='grc' dir='ltr'>ἀνέχομαι.</span> 
     </span>
    </p>
   </div>
   <div class='ocr_carea' id='block_1_105' title="bbox 2134 4632 3784 4714">
    <p class='ocr_par' dir='ltr' id='par_1_105' title="bbox 2134 4632 3784 4714">
     <span class='ocr_line' id='line_1_105' title="bbox 2134 4632 3784 4714; baseline -0.006 -17"><span class='ocrx_word' id='word_1_781' title='bbox 2134 4638 2426 4714; x_wconf 82' lang='grc' dir='ltr'>Ὁμολογῶ</span> <span class='ocrx_word' id='word_1_782' title='bbox 2472 4638 2560 4691; x_wconf 79' lang='grc' dir='ltr'>καὶ</span> <span class='ocrx_word' id='word_1_783' title='bbox 2602 4637 2693 4691; x_wconf 88' lang='grc' dir='ltr'>τὸν</span> <span class='ocrx_word' id='word_1_784' title='bbox 2745 4634 3142 4711; x_wconf 71' lang='grc' dir='ltr'>θεραπεύσαντα</span> <span class='ocrx_word' id='word_1_785' title='bbox 3208 4656 3292 4708; x_wconf 82' lang='grc' dir='ltr'>με,</span> <span class='ocrx_word' id='word_1_786' title='bbox 3323 4634 3574 4711; x_wconf 82' lang='grc' dir='ltr'>γνωρίζω</span> <span class='ocrx_word' id='word_1_787' title='bbox 3608 4632 3666 4689; x_wconf 73' lang='grc' dir='ltr'>δὲ</span> <span class='ocrx_word' id='word_1_788' title='bbox 3695 4633 3784 4689; x_wconf 80' lang='grc' dir='ltr'>καὶ</span> 
     </span>
    </p>
   </div>
   <div class='ocr_carea' id='block_1_106' title="bbox 2133 4723 3789 4802">
    <p class='ocr_par' dir='ltr' id='par_1_106' title="bbox 2133 4723 3789 4802">
     <span class='ocr_line' id='line_1_106' title="bbox 2133 4723 3789 4802; baseline -0.004 -19"><span class='ocrx_word' id='word_1_789' title='bbox 2133 4728 2262 4791; x_wconf 80' lang='grc' dir='ltr'>τοὺς</span> <span class='ocrx_word' id='word_1_790' title='bbox 2320 4729 2674 4802; x_wconf 69' lang='grc' dir='ltr'>γεννήσαντάς</span> <span class='ocrx_word' id='word_1_791' title='bbox 2731 4743 2815 4799; x_wconf 86' lang='grc' dir='ltr'>με·</span> <span class='ocrx_word' id='word_1_792' title='bbox 2868 4724 2911 4779; x_wconf 83' lang='grc' dir='ltr'>εἷ</span> <span class='ocrx_word' id='word_1_793' title='bbox 2963 4727 3067 4799; x_wconf 64' lang='grc' dir='ltr'>γὰρ</span> <span class='ocrx_word' id='word_1_794' title='bbox 3126 4724 3215 4779; x_wconf 85' lang='grc' dir='ltr'>καὶ</span> <span class='ocrx_word' id='word_1_795' title='bbox 3266 4723 3573 4798; x_wconf 75' lang='grc' dir='ltr'>ἡρνήσαντό</span> <span class='ocrx_word' id='word_1_796' title='bbox 3622 4743 3689 4796; x_wconf 87' lang='grc' dir='ltr'>με</span> <span class='ocrx_word' id='word_1_797' title='bbox 3739 4723 3789 4777; x_wconf 69' lang='grc' dir='ltr'>οἱ</span> 
     </span>
    </p>
   </div>
   <div class='ocr_carea' id='block_1_107' title="bbox 2135 4810 3789 4891">
    <p class='ocr_par' dir='ltr' id='par_1_107' title="bbox 2135 4810 3789 4891">
     <span class='ocr_line' id='line_1_107' title="bbox 2135 4810 3789 4891; baseline -0.003 -20"><span class='ocrx_word' id='word_1_798' title='bbox 2135 4822 2311 4891; x_wconf 87' lang='grc' dir='ltr'>γονεῖς</span> <span class='ocrx_word' id='word_1_799' title='bbox 2350 4838 2475 4888; x_wconf 88' lang='grc' dir='ltr'>μου,</span> <span class='ocrx_word' id='word_1_800' title='bbox 2507 4815 2596 4870; x_wconf 77' lang='grc' dir='ltr'>καὶ</span> <span class='ocrx_word' id='word_1_801' title='bbox 2647 4816 2819 4876; x_wconf 77' lang='grc' dir='ltr'>οὕτως</span> <span class='ocrx_word' id='word_1_802' title='bbox 2850 4815 2909 4868; x_wconf 77' lang='grc' dir='ltr'>οὐ</span> <span class='ocrx_word' id='word_1_803' title='bbox 2944 4811 3200 4882; x_wconf 83' lang='grc' dir='ltr'>διστάζω.</span> <span class='ocrx_word' id='word_1_804' title='bbox 3234 4810 3392 4879; x_wconf 75' lang='grc' dir='ltr'>Οἶδα,</span> <span class='ocrx_word' id='word_1_805' title='bbox 3425 4810 3546 4867; x_wconf 81' lang='grc' dir='ltr'>οῖδα</span> <span class='ocrx_word' id='word_1_806' title='bbox 3604 4812 3789 4889; x_wconf 72' lang='grc' dir='ltr'>σαφῶς</span> 
     </span>
    </p>
   </div>
   <div class='ocr_carea' id='block_1_108' title="bbox 2139 4899 3787 4982">
    <p class='ocr_par' dir='ltr' id='par_1_108' title="bbox 2139 4899 3787 4982">
     <span class='ocr_line' id='line_1_108' title="bbox 2139 4899 3787 4982; baseline -0.004 -22"><span class='ocrx_word' id='word_1_807' title='bbox 2139 4908 2353 4982; x_wconf 80' lang='grc' dir='ltr'>βοῶντα</span> <span class='ocrx_word' id='word_1_808' title='bbox 2408 4906 2499 4959; x_wconf 81' lang='grc' dir='ltr'>τὸν</span> <span class='ocrx_word' id='word_1_809' title='bbox 2557 4899 2742 4958; x_wconf 73' lang='grc' dir='ltr'>Δαϐίὸ·</span> <span class='ocrx_word' id='word_1_810' title='bbox 2780 4929 2805 4955; x_wconf 94' lang='grc'>‹‹</span> <span class='ocrx_word' id='word_1_811' title='bbox 2839 4905 2895 4957; x_wconf 79' lang='grc' dir='ltr'><strong>Ὀ</strong></span> <span class='ocrx_word' id='word_1_812' title='bbox 2952 4905 3132 4978; x_wconf 72' lang='grc' dir='ltr'>πατήρ</span> <span class='ocrx_word' id='word_1_813' title='bbox 3194 4924 3299 4975; x_wconf 86' lang='grc' dir='ltr'>μου</span> <span class='ocrx_word' id='word_1_814' title='bbox 3360 4902 3448 4956; x_wconf 76' lang='grc' dir='ltr'>καὶ</span> <span class='ocrx_word' id='word_1_815' title='bbox 3503 4904 3539 4970; x_wconf 74' lang='grc' dir='ltr'><strong>ἡ</strong></span> <span class='ocrx_word' id='word_1_816' title='bbox 3604 4903 3787 4976; x_wconf 75' lang='grc' dir='ltr'>μήτηρ</span> 
     </span>
    </p>
   </div>
   <div class='ocr_carea' id='block_1_109' title="bbox 2137 4984 3786 5068">
    <p class='ocr_par' dir='ltr' id='par_1_109' title="bbox 2137 4984 3786 5068">
     <span class='ocr_line' id='line_1_109' title="bbox 2137 4984 3786 5068; baseline -0.005 -19"><span class='ocrx_word' id='word_1_817' title='bbox 2137 5016 2241 5066; x_wconf 88' lang='grc' dir='ltr'>μου</span> <span class='ocrx_word' id='word_1_818' title='bbox 2274 4988 2630 5068; x_wconf 73' lang='grc' dir='ltr'>ἐγκατέλιπόν</span> <span class='ocrx_word' id='word_1_819' title='bbox 2668 5014 2752 5064; x_wconf 82' lang='grc' dir='ltr'>με,</span> <span class='ocrx_word' id='word_1_820' title='bbox 2788 4993 2814 5045; x_wconf 90' lang='grc' dir='ltr'>ὁ</span> <span class='ocrx_word' id='word_1_821' title='bbox 2844 4990 2899 5046; x_wconf 75' lang='grc' dir='ltr'>δὲ</span> <span class='ocrx_word' id='word_1_822' title='bbox 2932 4992 3127 5067; x_wconf 75' lang='grc' dir='ltr'>Κύριος</span> <span class='ocrx_word' id='word_1_823' title='bbox 3158 4984 3530 5065; x_wconf 75' lang='grc' dir='ltr'>προσελάϐετό</span> <span class='ocrx_word' id='word_1_824' title='bbox 3591 5010 3721 5061; x_wconf 86' lang='grc' dir='ltr'>μου.</span> <span class='ocrx_word' id='word_1_825' title='bbox 3758 5012 3786 5040; x_wconf 81' lang='grc'><strong>››</strong></span> 
     </span>
    </p>
   </div>
   <div class='ocr_carea' id='block_1_110' title="bbox 2133 5077 3789 5157">
    <p class='ocr_par' dir='ltr' id='par_1_110' title="bbox 2133 5077 3789 5157">
     <span class='ocr_line' id='line_1_110' title="bbox 2133 5077 3789 5157; baseline -0.002 -21"><span class='ocrx_word' id='word_1_826' title='bbox 2133 5084 2199 5141; x_wconf 74' lang='grc' dir='ltr'>Οἱ</span> <span class='ocrx_word' id='word_1_827' title='bbox 2233 5079 2290 5136; x_wconf 66' lang='grc' dir='ltr'>δὲ</span> <span class='ocrx_word' id='word_1_828' title='bbox 2321 5086 2609 5157; x_wconf 74' lang='grc' dir='ltr'>Φαρισαῖοι</span> <span class='ocrx_word' id='word_1_829' title='bbox 2645 5078 3034 5155; x_wconf 77' lang='grc' dir='ltr'>δριμυχθὲντες</span> <span class='ocrx_word' id='word_1_830' title='bbox 3065 5077 3247 5153; x_wconf 79' lang='grc' dir='ltr'>ἔλεγον</span> <span class='ocrx_word' id='word_1_831' title='bbox 3281 5080 3449 5150; x_wconf 74' lang='grc' dir='ltr'>αὐτῷ’</span> <span class='ocrx_word' id='word_1_832' title='bbox 3480 5078 3542 5132; x_wconf 86' lang='grc' dir='ltr'>Τί</span> <span class='ocrx_word' id='word_1_833' title='bbox 3589 5077 3789 5153; x_wconf 73' lang='grc' dir='ltr'>λὲγεις,</span> 
     </span>
    </p>
   </div>
   <div class='ocr_carea' id='block_1_111' title="bbox 2135 5165 3786 5249">
    <p class='ocr_par' dir='ltr' id='par_1_111' title="bbox 2135 5165 3786 5249">
     <span class='ocr_line' id='line_1_111' title="bbox 2135 5165 3786 5249; baseline -0.005 -22"><span class='ocrx_word' id='word_1_834' title='bbox 2135 5171 2491 5249; x_wconf 71' lang='grc' dir='ltr'>ματαιόφρον,</span> <span class='ocrx_word' id='word_1_835' title='bbox 2542 5174 2622 5241; x_wconf 83' lang='grc' dir='ltr'>τῷ</span> <span class='ocrx_word' id='word_1_836' title='bbox 2683 5165 2848 5224; x_wconf 70' lang='grc' dir='ltr'>Δαὸὶό</span> <span class='ocrx_word' id='word_1_837' title='bbox 2906 5170 3091 5224; x_wconf 74' lang='grc' dir='ltr'>ἑαυτὸν</span> <span class='ocrx_word' id='word_1_838' title='bbox 3152 5168 3493 5244; x_wconf 82' lang='grc' dir='ltr'>συγκρίνεις;</span> <span class='ocrx_word' id='word_1_839' title='bbox 3546 5170 3638 5221; x_wconf 81' lang='grc' dir='ltr'>καὶ</span> <span class='ocrx_word' id='word_1_840' title='bbox 3695 5167 3786 5220; x_wconf 87' lang='grc' dir='ltr'>τὸν</span> 
     </span>
    </p>
   </div>
   <div class='ocr_carea' id='block_1_112' title="bbox 2131 5252 3787 5333">
    <p class='ocr_par' dir='ltr' id='par_1_112' title="bbox 2131 5252 3787 5333">
     <span class='ocr_line' id='line_1_112' title="bbox 2131 5252 3787 5333; baseline -0.004 -17"><span class='ocrx_word' id='word_1_841' title='bbox 2131 5263 2246 5317; x_wconf 75' lang='grc' dir='ltr'>υἱὸν</span> <span class='ocrx_word' id='word_1_842' title='bbox 2279 5265 2375 5315; x_wconf 74' lang='grc' dir='ltr'>τοῦ</span> <span class='ocrx_word' id='word_1_843' title='bbox 2405 5262 2655 5321; x_wconf 74' lang='grc' dir='ltr'>τέκτονος</span> <span class='ocrx_word' id='word_1_844' title='bbox 2704 5257 2902 5332; x_wconf 80' lang='grc' dir='ltr'>Κύριον</span> <span class='ocrx_word' id='word_1_845' title='bbox 2950 5255 3270 5333; x_wconf 85' lang='grc' dir='ltr'>ὁμολογεῖς,</span> <span class='ocrx_word' id='word_1_846' title='bbox 3300 5258 3392 5312; x_wconf 87' lang='grc' dir='ltr'>τὸν</span> <span class='ocrx_word' id='word_1_847' title='bbox 3450 5257 3525 5329; x_wconf 78' lang='grc' dir='ltr'>μὴ</span> <span class='ocrx_word' id='word_1_848' title='bbox 3588 5252 3787 5331; x_wconf 79' lang='grc' dir='ltr'>ἔχοντα</span> 
     </span>
    </p>
   </div>
   <div class='ocr_carea' id='block_1_113' title="bbox 449 5392 2018 5499">
    <p class='ocr_par' dir='ltr' id='par_1_113' title="bbox 449 5392 2013 5499">
     <span class='ocr_line' id='line_1_113' title="bbox 449 5392 2013 5499; baseline 0.001 -14"><span class='ocrx_word' id='word_1_849' title='bbox 449 5430 493 5466; x_wconf 81' lang='grc'>⁷⁸</span> <span class='ocrx_word' id='word_1_850' title='bbox 522 5430 690 5487; x_wconf 89' lang='lat' dir='ltr'>Joan.</span> <span class='ocrx_word' id='word_1_851' title='bbox 726 5445 806 5495; x_wconf 83' lang='lat' dir='ltr'>Ix,</span> <span class='ocrx_word' id='word_1_852' title='bbox 835 5429 924 5483; x_wconf 87' lang='lat'>22.</span> <span class='ocrx_word' id='word_1_853' title='bbox 1003 5428 1049 5463; x_wconf 78' lang='lat'>7°</span> <span class='ocrx_word' id='word_1_854' title='bbox 1075 5425 1281 5483; x_wconf 87' lang='lat' dir='ltr'>Matth.</span> <span class='ocrx_word' id='word_1_855' title='bbox 1313 5392 1474 5497; x_wconf 58' lang='lat' dir='ltr'>axm,</span> <span class='ocrx_word' id='word_1_856' title='bbox 1510 5428 1596 5482; x_wconf 89' lang='grc'>13.</span> <span class='ocrx_word' id='word_1_857' title='bbox 1675 5429 1719 5463; x_wconf 76' lang='grc' dir='ltr'>⁸ο</span> <span class='ocrx_word' id='word_1_858' title='bbox 1750 5429 1861 5485; x_wconf 92' lang='lat' dir='ltr'>Isa.</span> <span class='ocrx_word' id='word_1_859' title='bbox 1894 5447 1931 5499; x_wconf 80' lang='grc' dir='ltr'>ι,</span> <span class='ocrx_word' id='word_1_860' title='bbox 1958 5433 2013 5486; x_wconf 82' lang='grc'>2.</span> 
     </span>
    </p>
   </div>
   <div class='ocr_carea' id='block_1_114' title="bbox 2129 5392 2626 5499">
    <p class='ocr_par' dir='ltr' id='par_1_114' title="bbox 2129 5428 2626 5498">
     <span class='ocr_line' id='line_1_114' title="bbox 2129 5428 2626 5498; baseline -0.01 -10"><span class='ocrx_word' id='word_1_861' title='bbox 2129 5438 2132 5469; x_wconf 60' lang='grc' dir='ltr'>ί</span> <span class='ocrx_word' id='word_1_862' title='bbox 2166 5430 2322 5487; x_wconf 90' lang='lat' dir='ltr'>Psal.</span> <span class='ocrx_word' id='word_1_863' title='bbox 2352 5446 2506 5498; x_wconf 76' lang='lat' dir='ltr'>xxvr,</span> <span class='ocrx_word' id='word_1_864' title='bbox 2538 5428 2626 5485; x_wconf 86' lang='grc'>10.</span> 
     </span>
    </p>
   </div>
   <div class='ocr_carea' id='block_1_115' title="bbox 449 5638 1363 5717">
    <p class='ocr_par' dir='ltr' id='par_1_115' title="bbox 449 5638 1363 5717">
     <span class='ocr_line' id='line_1_115' title="bbox 449 5638 1363 5717; baseline -0.002 -18"><span class='ocrx_word' id='word_1_865' title='bbox 449 5643 563 5717; x_wconf 88' lang='grc'>(83)</span> <span class='ocrx_word' id='word_1_866' title='bbox 593 5643 734 5716; x_wconf 79' lang='lat' dir='ltr'>Reg.</span> <span class='ocrx_word' id='word_1_867' title='bbox 769 5642 821 5710; x_wconf 86' lang='grc'>1,</span> <span class='ocrx_word' id='word_1_868' title='bbox 854 5638 1363 5717; x_wconf 82' lang='grc' dir='ltr'>πιθαναλογοῦντες.</span> 
     </span>
    </p>
   </div>
   <div class='ocr_carea' id='block_1_116' title="bbox 2207 5640 3060 5716">
    <p class='ocr_par' dir='ltr' id='par_1_116' title="bbox 2207 5640 3060 5716">
     <span class='ocr_line' id='line_1_116' title="bbox 2207 5640 3060 5716; baseline -0.007 -13"><span class='ocrx_word' id='word_1_869' title='bbox 2207 5644 2320 5716; x_wconf 80' lang='grc'>(84)</span> <span class='ocrx_word' id='word_1_870' title='bbox 2354 5640 2441 5698; x_wconf 80' lang='grc' dir='ltr'>ἐπὶ</span> <span class='ocrx_word' id='word_1_871' title='bbox 2472 5645 2635 5702; x_wconf 90' lang='lat' dir='ltr'>deest</span> <span class='ocrx_word' id='word_1_872' title='bbox 2663 5643 2724 5700; x_wconf 91' lang='lat' dir='ltr'>in</span> <span class='ocrx_word' id='word_1_873' title='bbox 2758 5642 2897 5715; x_wconf 83' lang='lat' dir='ltr'>Reg.</span> <span class='ocrx_word' id='word_1_874' title='bbox 2923 5642 2975 5713; x_wconf 84' lang='grc'>1,</span> <span class='ocrx_word' id='word_1_875' title='bbox 3006 5642 3060 5697; x_wconf 86' lang='lat'>2.</span> 
     </span>
    </p>
   </div>
  </div>
