2051 3109
157 187 234 218 1017

652 184 815 215 HOMlLlA
838 183 875 213 IN
900 182 1043 213 C/ECUM
1063 181 1092 211 ‘A
1117 179 1371 211 NATlVlTATE.

1785 177 1861 207 1018

155 255 211 281 ποῦ
226 253 276 287 τὴν
294 252 413 292 κεφαλὴν
427 252 536 286 κλῖναι;
553 252 667 287 Κείσθω,
689 251 730 279 ὅτι
753 248 913 286 ἀνέϐλεψας·
938 249 983 276 τὸν

1041 248 1087 276 hic
1103 256 1120 275 a
1134 248 1201 276 Deo.
1214 247 1244 275 Si
1259 248 1337 275 esset
1351 255 1368 275 a
1383 248 1451 279 Deo,
1468 254 1525 274 non
1540 245 1663 273 solveret
1677 244 1836 272 Sabbatum
1856 254 1861 271 :

155 298 220 326 Θεὸν
251 297 408 336 ὑμνολόγει.
438 297 468 324 Τί
496 297 585 333 τούτῳ
613 297 804 334 εὐχαριστεῖςς
830 294 886 323 Οὐκ
910 291 980 321 ἔστιν

155 343 238 373 οὗτος
255 341 284 370 ἐκ
298 344 346 370 τοῦ
361 340 437 369 Θεοῦ’
457 341 479 369 si
495 343 527 376 ἦν
545 341 574 369 ἐκ
587 344 637 368 τοῦ
657 343 735 371 Θεοῦ,
751 339 799 368 οὐκ
816 340 844 367 ἃν
861 338 936 367 ἔλυεν
950 338 981 366 τὸ

158 385 305 415 σάϐϐατον.
322 399 336 413 ι(
350 387 399 417 Δὸς
414 385 491 423 δόξαν
503 389 542 422 τῷ
556 388 623 422 Θεῷ·
640 387 721 422 ἡμεῖς
734 386 784 423 γὰρ
796 383 918 421 οἷ’ὂαμεν,
939 383 980 410 ὃτι

155 433 171 461 ὁ
187 431 332 469 ἄνθρωπος
348 430 426 462 οὗτος
443 430 605 469 ἁμαρτωλός
621 430 701 458 ἐστιν.
718 442 731 456 ››

192 478 236 505 11”
255 477 285 505 Ὀ
302 475 329 503 ὂὶ
355 473 521 513 ἆναϐλὲψας,
550 475 665 506 ἀκούσας
695 474 736 502 ὅτι
758 473 921 511 ἁμαρτωλὸν
934 472 980 500 τὸν

156 521 258 559 Κύριον
288 520 408 559 λέγουσι,
445 520 495 555 τήν
533 521 625 557 ψυχὴν
656 519 831 557 εἴλιηιάσας,
860 517 904 545 καὶ
934 517 981 548 τὰς

157 565 241 597 ἀκοὰς
257 565 390 603 ἐπισχὼν,
408 564 630 602 ἆνταποκρίνεται
645 565 712 602 πρὸς
728 563 792 594 τοὺς
817 561 982 600 Φαρισαίους

157 610 258 648 λέγων·
283 609 314 636 Τί
342 609 451 647 λέγετε,
477 608 656 646 Ἃμαρτωλός
683 608 765 642 ἐστιν,
790 608 804 634 ὀ
828 610 882 635 τῶν
908 606 980 643 ἐμῶν

155 654 307 693 ὀφθαλμῶν
335 652 514 693 φωτοδότης,
540 653 570 681 Τί
593 654 629 690 τῇ
654 653 749 691 πικρίᾳ
776 651 838 689 μέλι
863 661 981 689 προσμι-

154 699 267 737 γνύετε;
285 699 327 725 Ἐν
352 697 441 734 ταῦτῷ
469 708 502 735 με
524 697 569 725 καὶ
592 696 711 733 δοξάζειν
735 697 779 724 καὶ
806 696 980 735 βλασμημεῖν

154 742 363 781 παρακελεύετε.
393 743 428 770 Τὸ
456 743 502 779 μὲν
533 741 641 778 δοξάσαι
672 742 718 769 τὸν
748 741 824 776 Θεὸν,
845 740 938 774 καλὸν,
951 740 982 767 τὸ

155 786 185 815 δὲ
213 786 376 825 ἁμαρτωλὸν
406 787 503 820 εἰπεῖν,
541 786 732 823 ἐσκοτίσμὲνης
763 784 882 816 διανοίας
910 784 980 812 ἐστὶν

155 830 337 869 ἐπιχείρημα.
366 830 396 859 Ei
427 830 592 869 ἁμαρτωλός
614 830 696 865 ἐστιν,
714 829 815 866 δείξατέ
832 840 878 866 μοι
894 830 981 865 ἁμαρ-

154 875 215 906 τίας
232 874 347 914 ἔμφασιν
363 875 388 902 ἐν
410 875 494 911 αὐτῷ,
523 875 567 902 καὶ
597 875 734 911 πείθωμαι
758 876 792 911 τῇ
823 872 983 908 διδασκαλίᾳ

157 921 247 957 ὑμῶν’
261 920 278 954 ἢ
297 920 373 957 ὑμεῖς
390 919 503 959 ἔμφασιν
534 919 558 947 ἐν
584 919 656 955 αὐτῷ
680 919 811 957 ἁμαρτίας
836 917 947 954 δείξατε,
963 918 980 952 ἢ
999 938 1023 970 Β

158 964 213 1003 ἐγὼ
227 964 298 995 θείας
314 964 340 991 ἐν
365 964 439 1001 αὐτῷ
462 964 678 1002 θαυματουργίας
704 964 833 1001 ὑπάρχειν
858 962 982 1001 ἐχέγγυα.

160 1008 368 1045 Καταλιμπάνω
395 1009 428 1036 τὰ
453 1012 510 1036 κατ’
534 1009 661 1045 ἐμαυτὸν,
685 1009 729 1035 καὶ
747 1007 843 1038 λοιπὸς
873 1007 902 1034 ἐκ
929 1009 982 1034 τῶν

160 1052 256 1081 ἄλλων
283 1056 416 1090 ποιοῦμαι
440 1054 490 1088 τήν
505 1054 682 1091 ἒπερώτησιν·
705 1052 884 1090 ’Δμαρτωλός
901 1053 983 1085 ἐστιν,

160 1097 198 1129 ὣς
215 1108 299 1137 (pars;
317 1098 378 1136 Οὗχ
393 1097 472 1129 οὗτος
487 1099 531 1126 τὸν
548 1098 603 1125 υἱὸν
627 1101 676 1132 τῆς
692 1099 782 1136 χήρας
804 1096 982 1133 ἐκκομιζόμε-

158 1152 203 1168 νον
227 1142 320 1179 νεκρὸν
346 1140 423 1179 λόγῳ
438 1141 580 1176 ἀνέστησεν
595 1152 602 1177 ;
617 1144 645 1169 ‘A
653 1140 799 1178 μαρτωλοῦ
827 1141 982 1178 ἀνθρώπου,

158 1186 176 1220 ἢ
193 1188 261 1214 Θεοῦ
286 1186 376 1225 Λόγου
404 1187 437 1221 ἧν
459 1187 490 1214 τὸ
515 1185 615 1224 ἕργον;
639 1186 710 1224 Οὐχὶ
726 1185 778 1213 τῶν
796 1184 859 1213 δέκα
875 1184 981 1222 λεπρῶν

158 1230 245 1270 ὑφ’ἓν
266 1232 315 1265 τήν
345 1232 568 1269 καταστιχοεῖσαν
597 1230 650 1258 ὑπὸ
678 1233 726 1258 τοῦ
754 1229 855 1262 πάθους
882 1228 984 1267 παρδα-

157 1274 249 1303 λιαίαν
265 1274 345 1312 δορὰν
364 1275 466 1313 Ιιέήμαιτι
493 1275 669 1313 ἐκκαθαίρων,
700 1275 738 1306 εἷς
765 1275 814 1310 τὴν
840 1274 983 1312 ἀνθρωπό-

159 1330 264 1359 μορφον
284 1318 413 1356 μονοειδῆ
433 1321 581 1357 μετήνεγκε
597 1321 657 1348 θέαν
670 1330 676 1355 ;
689 1320 718 1348 Ἀ
725 1319 872 1358 μαρτωλοῦ
883 1319 984 1358 ἀνθρώ-

157 1375 223 1400 που,
239 1364 257 1399 ἢ
274 1366 341 1392 Θεοῦ
357 1362 447 1402 Λὸγου
461 1365 492 1392 τὸ
517 1363 595 1402 ἔργον
610 1375 617 1399 ;
634 1364 706 1402 Οὐχὶ
720 1365 765 1392 τὸν
783 1364 834 1392 ὑπὸ
850 1364 984 1401 λεγεῶνος

159 1411 215 1436 τῶν
222 1407 358 1445 δαιμόνων
370 1408 629 1446 παρενοχλούμενον
638 1408 834 1446 ἂιιθρωπον,τὸν
847 1409 985 1446 μήτεκρα-

158 1454 277 1488 τηθῆναι
293 1452 450 1490 δυνάμενον,
478 1454 548 1490 μήτε
571 1454 643 1481 οἶκον
666 1452 866 1491 εἷο-δεχόμενον,
881 1452 944 1481 ἀλλ’
959 1453 985 1481 ἐν

158 1500 220 1528 τοῖς
238 1498 375 1534 μνήμασιν
399 1497 589 1534 αὐλιζόμενον,
617 1497 765 1536 βασιλικῶς
788 1501 838 1532 τῆς
861 1497 984 1537 τυραννί-

161 1541 208 1573 δος
228 1542 360 1570 ἀπέλυσεν
390 1544 466 1579 (85),
491 1541 674 1580 Ἀμαρτωλοῦ
698 1542 849 1580 ἀνθρώπου,
874 1543 891 1577 ἣ
919 1544 985 1569 Θεοῦ

161 1587 250 1624 Λόγου
263 1587 293 1614 τὸ
313 1586 410 1625 ἔργον,
436 1587 684 1625 Ἀγνωμονὲστερόν
714 1598 747 1623 με
769 1588 823 1615 τῶν
849 1586 984 1623 δαιμόνων

161 1631 255 1663 Θέλετε
270 1621 355 1665 alvu;-
372 1631 405 1660 Οἱ
421 1621 479 1669 γὰρ·
487 1621 625 1668 δαίμονες,
640 1621 695 1659 ’καὶ
714 1621 916 1668 ’μαστιζύμειοι
942 1632 983 1658 ὑπ’

1043 1630 1148 1658 Filium
1176 1629 1224 1658 Dei
1249 1629 1332 1656 illum
1362 1630 1534 1664 nuncupant
1563 1636 1569 1655 :

160 1676 255 1711 αὐτοῦ,
284 1676 346 1703 Υίὸν
377 1678 443 1704 Θεοῦ
470 1676 549 1703 αὐτὸν
572 1675 767 1704 ἀποκαλοῦσιν·
787 1677 864 1714 κάγὼ
881 1676 894 1703 ὁ
910 1682 986 1712 θερα-

160 1720 268 1751 πευθεὶς
282 1721 346 1759 παρ’
360 1720 442 1748 αὐτοῦ
469 1720 631 1757 ἁμαρτωλὸν
663 1720 742 1748 αὐτὸν
772 1722 984 1760 προσφωνήσω;

161 1765 208 1796 Ὠς
224 1764 289 1796 Θεὸς
313 1765 462 1803 ἐργάζεται,
490 1765 534 1792 καὶ
564 1765 602 1796 ὡς
628 1765 791 1803 ἁμαρτωλὸς
820 1765 985 1804 φημίζεται;

162 1822 176 1835 u
193 1810 226 1837 El
243 1809 406 1847 ἁμαρτωλός
421 1809 502 1845 ἐστιν,
519 1809 568 1837 οὐκ
583 1808 653 1837 οἶδα·
669 1808 697 1837 ἓν
714 1809 742 1837 δὲ
757 1808 826 1844 οῖδα,
852 1810 894 1837 ὃτι
918 1821 986 1849 τυφ-

162 1852 213 1884 λὸς
228 1852 277 1889 ὢν,
294 1852 353 1891 ἄρτι
376 1852 480 1891 βλέπω.
498 1864 512 1878 ››
527 1854 611 1880 Τοῦτο
629 1851 658 1881 δὲ
673 1855 749 1887 Θεοῦ,
765 1853 809 1880 καὶ
835 1853 887 1892 οὐχ
903 1854 987 1892 ἀμαρ-

161 1896 256 1925 τωλοῦ
270 1898 302 1925 τὸ
317 1896 404 1935 ἔργον.

202 1943 245 1970 12.
263 1943 353 1970 Ταῦτα
368 1941 527 1973 ἀκούσαντες
543 1942 568 1969 οἱ
591 1945 745 1979 Φαρισαῖοι,
768 1942 804 1973 ὡς
832 1941 902 1970 εἶδον
926 1943 987 1970 ἔαυ-

161 1986 226 2017 τοὺς
255 1986 372 2014 ἐπιπολὺ
399 1990 450 2020 τῆς
479 1985 610 2023 αἰσχύνης
640 1985 786 2023 ἐμπλέους,
812 1986 986 2025 ἀπεκρίναντο

162 2031 232 2068 πρὸς
256 2031 302 2058 τὸν
327 2028 522 2068 ἀναϐλέψαντα,
554 2030 689 2068 λέγοντες·
720 2030 793 2058 Ἔδει
824 2032 870 2068 μέν
896 2042 925 2059 σε
949 2032 987 2063 ὡς

160 2074 305 2102 κατάδικον
336 2079 528 2113 μαπιχθῆναι,
553 2075 597 2102 καὶ
622 2075 688 2103 κατὰ
702 2075 764 2106 τοὺς
784 2073 884 2112 νόμους
899 2086 986 2112 τιμω-

160 2120 291 2157 ρηθῆναιο
320 2119 383 2147 ἀλλ’
408 2118 454 2146 ’ίνα
484 2120 521 2155 μή
546 2120 619 2157 παρὰ
639 2122 693 2147 τῶν
718 2120 924 2159 ματαιοφρόνων
949 2121 986 2152 ὡς

163 2164 295 2202 βάσκανοι
335 2161 529 2200 διαϐληθῶμεν
568 2157 832 2203 συμπεριφερώμεθᾶ
866 2175 914 2192 σου
951 2167 985 2198 τῆ

157 2208 222 2244 ἐξει-
239 2206 281 2235 διὸ
298 2206 331 2242 δὴ
348 2208 416 2245 πρὸς
444 2208 493 2242 τὴν
520 2207 688 2245 ἐπερώτησιν
711 2209 871 2244 ἀποκρίθητι
887 2209 913 2236 τί
943 2220 985 2237 σοι

159 2252 288 2288 ἐποίησεν
309 2252 429 2287 ἐκεῖνοςς
454 2254 511 2283 πῶς
536 2250 704 2289 ἀνέϐλεψας;
734 2252 810 2290 Λέγε.
833 2253 859 2281 τί
883 2253 985 2281 πέπον-

1037 305 1051 319 ‹‹
1069 294 1109 321 Da
1126 292 1249 329 gloriam
1264 293 1332 327 Deo,
1349 300 1402 319 nos
1418 291 1528 319 scimus
1544 290 1612 325 quia
1626 289 1673 317 hic
1699 290 1785 317 homo
1797 298 1862 325 pne-

1037 340 1117 365 cator
1132 339 1177 365 est
1190 337 1224 364 3’.
1242 348 1256 361 »

1075 472 1116 500 11.
1133 471 1186 503 Qui
1203 473 1301 499 autem
1328 470 1423 498 visum
1454 471 1612 504 receperat,
1643 470 1765 496 audiens
1795 468 1861 495 illos

1039 517 1193 545 Dominum
1219 516 1315 544 dicere
1342 517 1535 551 peccatorem.
1559 514 1656 542 animo
1673 517 1799 541 aestuans
1816 516 1861 540 nt—

1037 571 1094 598 que
1109 570 1195 589 aures
1209 561 1361 595 obturans,
1379 560 1413 587 ad
1444 559 1606 587 Pharisaeos
1635 559 1792 593 respondet
1818 558 1860 584 rli-

1036 615 1105 634 cens
1131 614 1138 634 :
1169 605 1241 637 Quid
1273 604 1390 632 dicitis?
1417 604 1492 631 Num
1517 605 1649 640 peccator
1664 606 1707 630 est
1722 602 1770 637 qui
1787 603 1860 630 meis

1037 651 1129 679 oculis
1153 650 1248 678 lucem
1269 648 1444 685 imperavit?
1459 649 1516 676 Cur
1530 647 1680 676 acerbitati
1697 647 1752 674 mel
1770 648 1862 674 admi-

1037 695 1148 723 scetis?
1163 695 1270 722 Eodem
1285 696 1433 721 momento
1450 701 1496 721 me
1526 695 1554 720 et
1582 692 1704 728 gloriam
1735 692 1803 719 dare
1834 694 1861 719 et

1037 740 1241 776 blasphemare
1260 738 1382 774 jubetis.
1410 740 1465 766 Deo
1480 737 1604 774 gloriam
1620 737 1700 771 dare,
1717 737 1841 772 probum
1853 758 1859 770 ,

1037 786 1218 821 peccatorum
1234 786 1332 811 autem
1345 783 1440 811 dicere
1450 782 1746 817 illum,obtenebratze
1757 781 1860 808 animae

1038 829 1153 857 facinus
1169 828 1240 856 illud
1255 830 1309 856 est.
1339 828 1369 855 Si
1397 829 1540 863 peccator,
1571 826 1643 854 mibi
1673 828 1859 861 peccatorum

1037 874 1123 909 signa
1148 873 1178 900 in
1201 881 1234 901 eo
1251 874 1489 905 commonstrate,
1504 873 1591 907 atque
1607 871 1743 898 doctrinm
1755 872 1860 897 vestrae

1038 919 1231 947 credam.Aut
1246 918 1431 953 peccatorum
1448 916 1533 952 signa
1544 917 1608 944 date
1619 925 1625 942 :
1637 918 1687 943 aut
1696 915 1861 943 divinorum

1039 963 1069 991 in
1091 971 1124 991 eo
1157 962 1368 991 miraculorum
1400 962 1475 989 dabo
1509 963 1691 997 argumenta.
1722 962 1760 987 Ea
1794 969 1863 995 pra:-

1039 1008 1168 1036 termitto
1184 1016 1248 1043 quae
1264 1015 1311 1035 me
1326 1008 1561 1043 spectant,atque
1575 1013 1609 1033 ex
1625 1006 1689 1032 aliis
1705 1005 1863 1041 interroga-

1038 1053 1133 1081 tiones
1149 1061 1227 1088 paro.
1244 1052 1286 1079 An
1303 1053 1437 1088 peccator
1451 1052 1505 1084 est,
1524 1054 1553 1077 ut
1565 1058 1614 1078 vos
1631 1050 1749 1077 dicitis?
1762 1050 1863 1077 Nonne

1038 1097 1085 1125 hic
1096 1099 1141 1125 est
1155 1096 1204 1132 qui
1221 1096 1313 1123 ﬁlium
1330 1095 1423 1122 viduae
1439 1094 1569 1122 delatum
1595 1097 1743 1121 mortuum
1774 1094 1862 1121 verbo

1039 1141 1212 1169 suscitavit?
1243 1139 1416 1168 Hominisne
1447 1138 1617 1175 peccatoris,
1648 1147 1683 1165 an
1709 1138 1759 1165 Dei
1775 1138 1863 1165 Verbi

1038 1194 1112 1222 opus
1127 1184 1199 1213 illud
1224 1184 1307 1212 erat?
1335 1184 1437 1212 Nonne
1467 1192 1525 1211 una
1553 1183 1652 1211 decem
1682 1183 1863 1218 leprosorum

1040 1230 1140 1258 morbo
1169 1229 1352 1257 maculosum
1380 1230 1407 1256 et
1437 1227 1640 1264 pantherinam
1656 1227 1759 1262 pellem
1777 1227 1863 1254 verbo

1038 1283 1178 1312 purgans,
1189 1274 1219 1302 in
1236 1274 1394 1301 humanam
1412 1273 1647 1308 uniformemque
1659 1272 1865 1299 transmutavit

1038 1319 1187 1355 speciem?
1200 1317 1401 1346 Peccatorisne
1416 1316 1557 1352 hominis,
1573 1325 1608 1344 an
1626 1317 1674 1343 Dei
1692 1324 1764 1351 opus
1790 1316 1862 1343 illud

1038 1362 1104 1392 est?
1116 1363 1217 1391 Nonne
1230 1371 1298 1391 eum
1314 1362 1363 1398 qui
1381 1362 1492 1397 legione
1507 1361 1672 1389 daemonum
1686 1360 1861 1396 agitabatur:

1039 1409 1089 1445 qui
1105 1416 1199 1444 neque
1213 1407 1305 1435 teneri
1321 1409 1444 1444 poterat,
1462 1414 1514 1433 nec
1528 1405 1557 1433 in
1573 1405 1659 1433 domo
1682 1413 1863 1443 permanere,

1040 1453 1090 1481 sed
1106 1453 1135 1480 in
1151 1451 1295 1488 sepulcris
1308 1452 1488 1484 morabatur,
1502 1449 1581 1486 regio
1611 1457 1690 1477 more
1718 1458 1734 1476 a
1762 1451 1863 1485 tyran-

1041 1497 1107 1525 nide
1121 1496 1276 1525 liberavit?
1291 1496 1463 1524 Hominisne
1478 1494 1651 1531 peccatoris,
1663 1503 1700 1521 an
1717 1494 1766 1521 Dei
1782 1494 1863 1521 Verbi

1040 1550 1114 1578 opus
1129 1541 1223 1569 illud?
1237 1540 1347 1569 Vultin‘
1363 1548 1408 1568 me
1424 1539 1607 1568 damonibus
1623 1539 1695 1574 ipsis
1725 1538 1864 1574 ingratio-

1040 1595 1101 1615 rem
1118 1587 1196 1614 esse?
1207 1587 1355 1614 Daemones
1370 1585 1476 1621 quippe
1491 1584 1579 1612 etiam
1592 1583 1730 1619 ﬂagellati
1743 1583 1778 1610 ab
1789 1583 1863 1618 ipso,

1599 1630 1627 1655 et
1656 1636 1706 1662 ego
1736 1627 1772 1654 ab
1801 1627 1864 1662 ipso

1040 1676 1173 1708 sanatus,
1200 1676 1382 1710 peccatorem
1409 1673 1518 1701 vocabo
1533 1671 1616 1700 illum
1629 1672 1642 1698 ?
1658 1672 1692 1699 Ut
1707 1672 1784 1699 Deus
1800 1680 1866 1706 ope-

1040 1721 1133 1754 ratur,
1148 1721 1176 1746 et
1191 1720 1222 1746 ut
1235 1720 1367 1755 peccator
1382 1716 1600 1754 proclamatnr?
1626 1728 1640 1740 «
1671 1716 1700 1743 Si
1730 1718 1865 1751 peccator

1040 1765 1095 1798 est,
1125 1762 1223 1791 nescio
1252 1772 1259 1790 :
1289 1770 1381 1790 unum
1397 1762 1467 1796 scio,
1485 1761 1553 1797 quia
1568 1769 1660 1788 caseus
1677 1769 1743 1788 eum
1759 1768 1863 1792 essem,

1042 1816 1121 1836 nunc
1134 1807 1216 1835 video
1230 1806 1262 1835 ⁸³.
1281 1819 1291 1833 1
1310 1807 1391 1838 Quod
1407 1814 1476 1834 sane
1490 1806 1551 1840 Dei,
1568 1807 1597 1833 et
1618 1814 1673 1832 non
1706 1805 1865 1840 peccatoris

1041 1854 1087 1881 est
1101 1861 1186 1889 opus.

1079 1897 1180 1925 12.His
1191 1896 1328 1924 Pharisaei
1344 1895 1540 1928 auditis,cum
1556 1902 1587 1922 se
1602 1895 1734 1921 viderent
1748 1901 1865 1920 summo

1043 1943 1153 1979 pudore
1168 1942 1297 1975 affectos,
1314 1940 1529 1976 responderunt
1543 1939 1578 1966 ad
1595 1947 1660 1967 eum
1692 1938 1741 1973 qui
1770 1937 1864 1964 visum

1043 1989 1207 2022 receperat:
1218 1985 1376 2022 Oportebat
1391 1985 1509 2021 quidem
1525 1987 1553 2012 te
1569 1986 1601 2011 ut
1616 1992 1696 2011 roum
1714 1982 1865 2018 ﬂagellari,

1042 2040 1076 2060 ac
1102 2031 1264 2059 secundum
1293 2030 1371 2066 leges
1401 2038 1501 2066 poenas
1526 2028 1621 2061 luere;
1639 2029 1687 2055 sed
1703 2036 1737 2054 ne
1753 2036 1769 2054 a
1784 2027 1867 2054 vanis

1043 2076 1212 2104 hominibus
1228 2077 1259 2102 ut
1275 2074 1365 2102 invidi
1379 2069 1596 2106 insimulemur,
1609 2072 1795 2108 indulgemus
1811 2071 1866 2098 hoc

1041 2120 1157 2158 ingenio
1174 2122 1224 2147 tuo
1241 2128 1247 2147 :
1265 2127 1355 2155 quare
1371 2119 1515 2155 responde
1530 2118 1565 2145 ad
1582 2117 1840 2152 interrogationem
1859 2124 1865 2143 :

1041 2165 1112 2201 quid
1129 2164 1196 2193 fecit
1212 2164 1263 2192 tibi
1280 2164 1328 2192 ille
1343 2163 1452 2191 homo?
1466 2164 1528 2196 Qua
1544 2162 1654 2190 ratione
1671 2163 1765 2189 visum
1792 2169 1866 2188 rece-

1040 2209 1132 2246 pisti?
1148 2208 1208 2243 Dic,
1219 2208 1271 2236 tibi
1282 2208 1352 2244 quid
1362 2207 1499 2244 contigit?
1507 2208 1601 2235 Tnum
1617 2207 1664 2233 ille
1676 2206 1868 2235 conﬁdenter,

1040 2262 1108 2281 nam
1125 2253 1154 2281 in
1171 2254 1248 2282 372
1266 2253 1321 2280 ﬁde
1337 2253 1507 2288 profecerat,
1524 2251 1675 2287 respondit
1696 2251 1777 2277 hisce
1805 2258 1867 2277 ver-

159 2298 226 2332 o“;
240 2297 271 2325 Ὁ
287 2295 315 2324 δὲ
330 2294 494 2333 ἀναϐλέψας,
510 2296 704 2334 ἐπιθαρῥήσας,
720 2298 871 2335 προέκοπτε
886 2298 935 2336 γὰρ
950 2301 983 2336 τῇ

1041 2298 1087 2326 bis
1104 2306 1110 2325 :
1125 2298 1252 2325 Rursum
1274 2296 1478 2331 sciscitamini,
1501 2296 1647 2332 quomodo
1663 2295 1758 2322 visum
1789 2303 1866 2322 reco—

161 2341 264 2375 πίοτει,
302 2341 507 2377 ἀνταπεκρίνετο
546 2339 645 2378 λέγων·
685 2340 769 2369 Πάλιν
800 2341 916 2378 ἐρωτᾶτε
942 2353 985 2379 με,

161 2387 221 2416 πῶς
234 2382 389 2421 ἀνέὃλεψας
407 2385 470 2416 Καθ’
487 2384 587 2412 ἑαυτῶν
603 2384 742 2423 πράττετε,
763 2385 808 2413 καὶ
833 2386 882 2413 οὐκ
911 2385 986 2414 οἷ’δα-

161 2439 200 2457 τε.
217 2431 300 2457 “Οσον
316 2428 408 2456 θέλετε
421 2429 453 2456 τὸ
467 2429 557 2465 Θαῦμα
570 2426 672 2465 σϐέσαι,
697 2432 825 2457 τοσοῦτον
850 2428 985 2462 πλειὸνως

162 2474 228 2501 αὐτὸ
243 2472 426 2512 ραιδρύνεται.
444 2473 529 2500 Πάλιν
550 2473 666 2511 ἐρωτᾶτέ
684 2484 726 2510 με,
751 2476 809 2505 πῶς
839 2472 984 2512 ἀνέϐλεψα,

161 2517 216 2554 ἤδη
246 2517 336 2555 τρίτον
365 2518 429 2554 ὑμῖν
459 2518 546 2554 εἶπον,
574 2517 619 2545 καὶ
649 2518 698 2545 οὐκ
726 2518 897 2547 ἐπιστεύσατέ
925 2531 984 2557 μοι.

162 2575 175 2588 ι(
193 2563 226 2591 Τί
253 2562 335 2590 πάλιν
349 2561 441 2589 θέλετε
455 2561 581 2591 ἆκούεινε
598 2563 644 2597 Μὴ
660 2562 704 2590 καὶ
722 2563 798 2600 ὑμεῖς
816 2563 907 2592 θέλετε
932 2575 985 2601 μα-

168 2607 249 2643 θηταὶ
277 2606 359 2634 αὐτοῦ
386 2606 527 2644 γενέσθαις
558 2607 661 2645 «Οὐχὶ
682 2607 726 2635 διὰ
737 2610 817 2635 τοῦτο
920 2609 987 2645 μετὰ

161 2649 298 2688 ἀκριϐείας
326 2651 376 2685 τήν
401 2649 540 2689 περιοδίαν
571 2651 712 2690 ἐρευνᾶτε,
746 2652 778 2679 El
812 2655 893 2680 τοῦτο
925 2653 987 2691 βούν

163 2695 253 2732 λεσῦε,
283 2695 315 2723 τὸ
344 2695 441 2723 λοιπὸν
469 2694 632 2734 προσέλθετε
661 2697 728 2734 πρὸς
754 2696 833 2725 αὐτὸν
848 2696 984 2726 ἀνενδοιά-

199 2773 222 2790 ⁸²
234 2773 319 2801 Joau.
336 2780 375 2806 Ix,
389 2772 434 2800 24.
472 2772 495 2790 ⁸³
510 2773 584 2801 Ibid.
600 2774 645 2803 25.
682 2774 706 2792 “
720 2774 793 2803 Ibid.
809 2775 854 2803 27.

203 2848 261 2885 (85)
276 2849 345 2886 Reg.
363 2850 389 2885 1,
405 2847 555 2885 ἀπήλασεν.

1042 2343 1145 2378 perim.
1175 2342 1281 2370 Contra
1310 2341 1504 2377 vosmetipsos
1528 2341 1621 2376 ignari
1639 2340 1736 2375 agitis.
1754 2341 1866 2372 Quanto

1043 2387 1137 2423 magis
1153 2386 1327 2414 miraculum
1344 2385 1507 2421 opprimere
1523 2385 1657 2419 studctis,
1675 2387 1755 2411 tanto
1772 2384 1866 2419 magis

1041 2432 1140 2468 ipsum
1157 2430 1332 2459 inclarescit.
1348 2431 1474 2458 Rursum
1492 2430 1714 2466 percontamini,
1732 2438 1790 2464 qua
1819 2438 1864 2455 ra—

1040 2477 1119 2504 tione
1145 2476 1239 2504 visum
1256 2476 1414 2511 receperim
1429 2476 1511 2510 :jam
1524 2476 1568 2502 ter
1584 2474 1720 2505 indicavi,
1739 2482 1790 2501 nec
1807 2482 1866 2501 cre-

1041 2520 1158 2548 didistis
1174 2519 1257 2547 mihi.
1276 2529 1289 2544 α
1305 2519 1378 2551 Quid
1394 2518 1499 2546 iterum
1521 2517 1609 2545 vultis
1640 2518 1763 2544 audire?
1792 2525 1866 2544 nun-

1041 2565 1110 2601 quid
1127 2566 1154 2592 et
1169 2572 1218 2591 vos
1230 2563 1319 2591 vultis
1331 2562 1468 2598 discipuli
1480 2563 1543 2598 ejus
1559 2562 1621 2589 ﬁeri
1637 2562 1679 2589 ΜΡ
1696 2573 1708 2585 ››
1730 2564 1773 2588 An
1804 2561 1868 2588 ideo

1041 2609 1174 2637 studiose
1215 2608 1376 2636 curationis
1409 2607 1512 2636 seriem
1548 2607 1741 2643 perquiritis?
1773 2605 1802 2633 Si
1838 2606 1865 2631 id

1040 2654 1160 2690 optatis,
1172 2654 1233 2689 jam
1250 2653 1378 2681 accedite
1403 2652 1439 2680 ad
1466 2652 1549 2679 illum
1578 2652 1642 2679 sine
1672 2650 1865 2682 dubitatione,

1040 2701 1069 2727 et
1084 2697 1293 2727 illuminamini
1306 2706 1312 2725 :
1325 2696 1474 2733 agnoscite
1489 2696 1573 2725 illum
1589 2697 1652 2724 sine
1668 2696 1765 2731 aliqua
1780 2695 1864 2722 dubi-

1079 2851 1136 2887 (86)
1152 2850 1223 2887 Reg.
1239 2850 1267 2884 1,
1281 2850 1309 2886 2,
1327 2847 1370 2876 καὶ
1387 2847 1432 2876 διὰ
1448 2850 1539 2877 τοῦτο.
