4102 6218
323 273 478 334 1019

1483 280 1546 341 S.
1596 274 2112 339 ATHANASIUS.
2144 309 2220 319 ——
2251 277 2558 337 SPURIA.

3579 282 3598 336 l
3611 280 3730 339 020

325 404 541 461 latione
575 424 587 460 :
622 421 736 461 non
767 412 1068 464 aversatur
1097 410 1364 482 quamvis
1395 410 1692 467 hominem
1726 407 1786 466 se
1833 424 1966 464 cum

2106 427 2245 475 ττως,
2281 406 2367 460 καὶ
2399 406 2718 484 φωτίσθητε·
2751 405 3049 483 γνωρίσατε
3096 406 3252 461 αὐτὸν
3310 401 3728 486 ἀναμφιϐόλως·

327 495 438 550 fide
470 497 804 552 adeuntem.
841 498 969 554 Haec
1000 517 1132 555 cum
1161 502 1463 557 audissent
1493 498 1973 566 Pharisaei,male-

328 585 602 640 dixerunt
632 601 765 640 eum
795 588 887 641 cui
919 589 1085 645 visus
1139 591 1325 645 fuerat
1381 591 1709 656 restitutus,
1771 590 1970 645 dicen-

327 679 414 728 tes
474 674 581 744 ipsi
643 691 656 728 :
719 698 746 724 «
805 678 892 730 Tu
951 678 1276 750 discipulus
1319 680 1477 735 illius
1509 697 1756 735 esznes
1815 679 1972 734 enim

327 761 505 816 Mosis
563 763 834 835 discipuli
892 782 1132 821 sumus.
1189 768 1305 823 Nos
1363 769 1586 823 scimus
1637 769 1773 840 quia
1833 767 1971 822 Mosi

323 850 554 904 locutus
586 855 674 906 est
720 857 867 906 Deus
928 871 939 908 :
1002 853 1157 910 hunc
1215 862 1406 912 autem
1466 857 1763 912 nescimus
1823 857 1974 910 unde

326 941 419 993 sit.
479 940 560 993 Tu
625 939 952 1012 discipulus
987 943 1142 999 illius
1173 961 1233 999 es
1258 946 1322 998 ⁸⁵.
1366 969 1388 992 ι»
1421 946 1526 1011 Qui
1559 950 1752 1000 autem
1787 944 1974 1000 visum

327 1033 630 1101 acceperat
660 1030 1016 1087 subriilendo
1051 1035 1351 1106 respondit
1403 1053 1415 1089 ι
1475 1036 1589 1107 Ego
1647 1033 1976 1107 discipulus

328 1117 488 1173 illius
522 1119 692 1173 sum?
723 1120 938 1174 bonum
976 1122 1116 1176 mihi
1149 1124 1472 1179 convicium
1507 1124 1745 1180 fecistis.
1779 1124 1822 1180 Ο
1853 1123 1976 1195 glo-

329 1207 544 1262 riosam
613 1210 1032 1264 contumeliam
1089 1209 1100 1265 !
1170 1212 1377 1283 Magna
1439 1231 1529 1268 me
1577 1214 1978 1284 imprudentes

329 1296 514 1368 gloria
545 1297 838 1352 affecistis.
866 1298 979 1354 Vos
1011 1300 1190 1356 Mosis
1221 1303 1364 1357 estis
1395 1302 1712 1375 discipuli?
1745 1303 1976 1374 Ecquod

332 1385 635 1456 potestatis
667 1392 865 1441 vestras
898 1405 1044 1460 opus
1072 1391 1379 1447 edidistis?
1407 1393 1513 1448 Vos
1545 1392 1780 1464 quidem
1803 1391 1980 1448 Mosis

332 1473 474 1529 estis
533 1475 839 1547 discipuli;
900 1479 1001 1533 sed
1067 1479 1315 1551 apostoli
1384 1486 1524 1536 sunt
1589 1481 1799 1538 medici
1868 1480 1981 1536 mei

334 1561 630 1636 discipuli.
652 1564 974 1636 Ostendite,
999 1567 1178 1623 Mosis
1211 1569 1504 1640 discipuli,
1529 1570 1749 1642 aliquid
1782 1574 1985 1626 contra

333 1653 656 1724 discipulos
689 1655 898 1710 medici
934 1657 1068 1711 mei.
1101 1657 1162 1712 Si
1197 1659 1334 1729 quid
1370 1660 1530 1714 vobis
1562 1659 1700 1714 insit
1731 1664 1985 1730 potesta-

335 1743 434 1809 tis,
470 1759 585 1798 non
618 1743 805 1798 dicam
841 1751 1125 1813 mortuos,
1157 1748 1256 1801 sed
1309 1749 1666 1804 dormientes
1720 1749 1984 1816 excitate,

340 1833 491 1887 sicut
550 1833 799 1904 apostoli
854 1835 1181 1890 defunctos.
1242 1837 1298 1892 Si
1359 1839 1638 1910 apostolis
1699 1838 1986 1910 exasquari

340 1921 614 1992 potestis;
649 1938 763 1976 non
797 1922 984 1978 dicam
1013 1941 1190 1996 super
1222 1926 1429 1992 undas,
1479 1928 1581 1982 sed
1641 1943 1818 2000 super
1872 1932 1984 1983 ter-

343 2027 466 2064 ram
522 2010 838 2078 ambulate,
891 2012 1060 2068 sicuti
1095 2019 1302 2071 Petrus
1333 2033 1510 2088 super
1541 2034 1719 2072 mare.
1755 2017 1812 2072 Si
1847 2017 1984 2088 quid

342 2100 495 2153 inest
527 2099 780 2171 virtutis,
814 2117 949 2156 cum
987 2103 1264 2174 apostolis
1321 2110 1667 2173 concertate,
1728 2123 1842 2160 non
1900 2105 1985 2159 di-

342 2205 468 2244 cam
525 2188 790 2260 spiritus,
846 2191 946 2246 sed
979 2209 1113 2247 aves
1145 2193 1380 2265 abigite,
1415 2195 1567 2250 sicut
1592 2195 1839 2268 apostoli
1873 2195 1986 2249 dae-

341 2293 566 2332 mones.
603 2276 782 2333 Dicite
814 2279 958 2334 mihi
991 2297 1004 2335 :
1041 2281 1233 2336 Vosne
1262 2282 1438 2338 Mosis
1470 2284 1742 2356 discipuli
1803 2283 1989 2340 estis?

344 2366 403 2421 Si
461 2365 634 2422 Mosis
685 2366 956 2438 discipuli
990 2370 1220 2439 essetis,
1255 2373 1564 2428 crederetis
1595 2373 1739 2428 Mosi
1773 2372 1985 2426 dicenti

342 2457 410 2510 de
461 2456 586 2528 ipso
622 2473 635 2511 :
670 2479 698 2506 ‹‹
758 2458 1044 2523 Quoniam
1104 2460 1444 2533 prophetam
1499 2461 1661 2518 vobis
1719 2463 1990 2518 excitabit

349 2545 628 2600 Dominus
681 2547 830 2602 Deus
881 2548 952 2602 de
982 2549 1263 2605 fratribus
1293 2551 1522 2619 vestris,
1557 2555 1838 2622 tanquam
1876 2567 1986 2606 me.

347 2635 544 2706 Ipsum
577 2635 828 2692 audietis
858 2637 1031 2708 juxta
1087 2639 1284 2695 omnia
1341 2657 1704 2713 quaecunque
1761 2641 1990 2696 locutus

347 2725 521 2780 luerit
571 2725 752 2782 vobis.
785 2725 906 2780 Erit
937 2731 1150 2799 autem,
1183 2730 1376 2784 omnis
1407 2730 1604 2785 anima
1634 2747 1992 2802 quascunque

345 2831 458 2868 non
492 2813 742 2870 audierit
772 2815 1114 2886 prophetam
1146 2816 1333 2889 illum,
1366 2819 1848 2874 exterminabitur
1877 2820 1940 2872 ⁸⁵.
1967 2840 1986 2866 ι

342 2904 551 2960 Cavete
583 2920 654 2959 ne
684 2905 1175 2979 exterminemini,
1230 2911 1287 2963 et
1345 2907 1405 2963 in
1465 2925 1670 2964 omnes
1727 2907 1992 2964 nationes

342 2992 786 3064 dispergamini,
849 2997 1044 3064 utpote
1100 2995 1200 3066 qui
1259 2995 1419 3052 illius
1467 2997 1815 3069 apropheta
1845 3014 1993 3069 prte-

342 3081 595 3136 nuntiati
649 3081 904 3137 hominis
963 3084 1239 3139 virtutem
1301 3103 1414 3140 non
1473 3086 1846 3158 agnoveritis.
1906 3089 1991 3140 An

339 3169 624 3242 ignoratis
683 3169 781 3240 qui
842 3171 918 3226 sit
984 3171 1285 3228 oculorum
1353 3191 1615 3231 meorum
1685 3151 2066 3231 medicus?c

342 3257 633 3330 Ignoratis
662 3257 886 3329 utique,
915 3260 1054 3332 quia
1104 3262 1487 3320 occidendum
1538 3265 1815 3336 quaritis.
1875 3265 1990 3320 No-

347 3347 454 3404 stis
515 3363 686 3419 porro
717 3349 819 3419 qui
849 3349 946 3415 sit,
988 3354 1045 3405 et
1074 3351 1228 3407 unde
1259 3353 1356 3407 sit.
1390 3353 1534 3408 Nam
1571 3371 1704 3410 eum
1739 3354 1992 3410 Herodes

347 3435 748 3492 sciscitaretur
803 3455 836 3494 a
891 3438 1092 3507 vobis,
1151 3441 1250 3496 ubi
1307 3441 1572 3498 Christus
1632 3449 1992 3512 nasceretur,

349 3525 660 3582 confestim
727 3530 783 3582 et
837 3525 1029 3583 locum
1063 3534 1118 3585 et
1146 3531 1382 3585 modum
1414 3531 1740 3603 iudicastis,
1775 3534 1996 3589 aientes

349 3633 484 3672 eum
518 3615 577 3670 in
609 3615 945 3686 Bethlehem
1007 3619 1393 3676 nasciturum.
1454 3625 1594 3678 Cum
1653 3624 1725 3678 ad
1784 3624 1996 3679 cadem

354 3704 653 3776 quaeritur,
687 3706 910 3775 nostis;
943 3723 1076 3763 cum
1111 3709 1394 3767 miracula
1417 3717 1784 3784 perpetrasse
1813 3718 2002 3768 osten-

354 3795 535 3862 ditur,
568 3793 872 3866 ignoratis.

432 3886 514 3940 13.
549 3885 668 3940 Erit
697 3885 830 3957 quis
862 3886 1109 3944 fortasse
1139 3889 1238 3960 qui
1269 3895 1526 3961 reponat.
1565 3891 1725 3946 Unde
1782 3891 2006 3947 scimus

359 3991 576 4029 cmcum
607 3973 775 4030 illum
806 3975 910 4046 qui
941 3976 1130 4032 visum
1165 3983 1481 4051 receperat,
1512 3984 1632 4035 tam
1666 3980 1842 4052 probe
1873 3997 2006 4036 cum

365 4063 716 4119 l’harisaicis
767 4065 1072 4136 judieibus
1129 4068 1548 4125 contendisse?
1606 4070 1752 4135 Quid
1811 4070 1918 4139 ais,
1977 4086 2008 4124 0

364 4152 588 4207 amice?
620 4153 835 4209 ferrum
865 4155 986 4226 igni
1017 4157 1318 4212 admotum
1350 4175 1590 4230 prorsus
1623 4159 1890 4230 ignescit,
1910 4157 2011 4213 ubi

367 4243 632 4308 acuitur,
703 4243 919 4298 scindit
983 4245 1358 4312 acutissime;
1425 4252 1482 4302 et
1536 4248 1644 4303 iste
1703 4247 2014 4304 dominicis

369 4332 640 4388 manibus
673 4335 1088 4403 contrectatus,
1142 4351 1207 4390 ac
1257 4335 1452 4390 divino
1487 4336 1762 4392 inunctus
1819 4341 2013 4409 sputo,

369 4437 561 4476 nonne
619 4420 808 4493 potuit
847 4423 1068 4494 absque
1099 4423 1574 4496 syllogismorum
1608 4431 1891 4497 apparatu
1923 4425 2020 4481 ad-

371 4528 575 4566 versus
631 4510 932 4582 improbos
989 4511 1250 4568 rhetores
1307 4513 1750 4584 argumentari?
1806 4520 1995 4570 Anno:

2126 4515 2234 4566 τῶν
2306 4507 2632 4584 παρανόμων
2709 4505 2955 4581 ῥητόρων
3028 4504 3403 4583 σοφιστεύὲινε

371 4601 441 4656 de
472 4599 570 4656 illo
603 4617 668 4656 ac
717 4600 800 4656 illi
858 4600 1156 4657 similibus
1212 4601 1413 4656 divina
1471 4602 1614 4656 dicit
1669 4605 2016 4674 Scriptura:

372 4712 399 4740 (ι
433 4689 721 4746 Dominus
745 4690 1043 4763 sapientes
1076 4690 1268 4746 reddit
1298 4706 1476 4746 caecos
1507 4691 1592 4746 ⁸⁷⁸1
1625 4712 1653 4740 ››
1687 4691 2023 4764 Opportune

375 4777 671 4835 hominem
708 4781 806 4852 qui
843 4781 990 4836 miro
1021 4780 1193 4836 modo
1223 4779 1414 4836 visum
1450 4781 1683 4852 recepit,
1741 4781 1839 4852 qui
1899 4780 2022 4837 sin-

372 4885 499 4925 cere
544 4869 793 4925 Domino
836 4869 1102 4940 credidit,
1137 4869 1237 4942 qui
1266 4869 1487 4926 Judaeis
1519 4869 1744 4925 fortiter
1772 4869 2020 4937 obstitit,

375 4958 797 5030 rationabilem,
832 4959 1206 5032 morigeram,
1232 4960 1380 5016 lacte
1410 4960 1824 5016 exuberantem
1857 4977 2020 5016 ovem

373 5066 579 5105 vocare
647 5049 825 5106 licet.
889 5047 1053 5104 Novit
1111 5049 1267 5104 enim
1337 5054 1640 5121 pastorum
1695 5050 2020 5123 principem

375 5139 692 5209 Christum,
728 5137 1091 5194 Pharisaicos
1121 5137 1325 5209 effugit
1354 5137 1523 5210 lupos
1558 5155 1570 5193 :
1607 5138 1904 5211 ingressus
1936 5142 2025 5194 est

378 5246 480 5301 per
509 5229 700 5284 crucis
730 5232 956 5299 portam
991 5226 1049 5281 in
1080 5225 1541 5282 ecclesiasticum
1575 5226 1741 5283 ovile.
1793 5227 2022 5282 Audisti

381 5319 551 5374 modo
603 5318 895 5374 dicentem
945 5315 1262 5372 Dominum
1319 5334 1332 5373 :
1396 5337 1423 5368 α
1455 5322 1661 5385 Amen,
1694 5333 1862 5372 amen
1897 5316 2024 5372 dico

382 5410 564 5479 vobis,
598 5408 698 5480 qui
731 5425 842 5462 non
875 5406 1052 5462 intrat
1087 5423 1187 5478 per
1216 5406 1430 5462 ostium
1485 5407 1542 5460 in
1603 5404 1748 5461 ovile
1805 5405 2024 5470 ovium,

2081 496 2179 550 οὸκ
2211 496 2598 574 ἀποστρέφεται
2628 497 2717 551 τὸν
2755 497 2890 568 μετά
2931 495 3162 558 πίστεως
3204 497 3502 568 προσιόντα
3558 497 3722 570 αὐτῷ.

2077 589 2250 639 Ταῦτα
2275 585 2598 647 ἀκούσαντες
2630 587 2681 640 οἱ
2715 591 3026 660 Φαρισαῖοι,
3060 583 3416 661 ἐλοιδόρησαν
3463 587 3552 640 τὸν
3603 588 3726 641 dwa-

2080 669 2375 746 ϐλέψαντα,
2411 671 2662 748 λέγοντες
2695 673 2866 747 αὐτῷ·
2909 699 2937 725 ‹‹
2972 673 3047 728 Σὺ
3101 676 3150 727 εἴ
3204 675 3452 746 μαθητής
3506 673 3722 730 ἐκείνου·

2081 764 2244 835 ἡμεῖς
2272 763 2373 838 γὰρ
2404 768 2498 816 τοῦ
2530 765 2766 824 Μωσέως
2823 762 2980 836 ἐσμὲν
3046 763 3300 836 μαθηταί.
3348 767 3536 835 Ἡμεῖς
3580 761 3728 818 οἷ’δα-

2087 873 2203 925 μεν,
2229 851 2310 905 ὅτι
2339 856 2508 926 Maia-ﬁ
2544 850 2848 922 λελάληκεν
2873 854 2901 907 6
2928 853 3076 914 Θεός·
3107 857 3297 906 τοῦτον
3333 849 3390 907 δὲ
3441 853 3540 908 οὐκ
3587 851 3728 908 οἷ’δα-

2089 963 2206 1016 μεν,
2267 936 2429 995 πόθεν
2491 941 2622 998 ἐστί.
2686 941 2759 996 Σῦ
2814 942 2863 996 εἴ
2915 943 3160 1014 μαθητὴς
3222 941 3447 999 ἐκείνου.
3497 969 3523 995 )›
3578 945 3634 1000 ‘O
3674 940 3730 998 δὲ

2084 1025 2281 1085 ἀϐλέ
2493 1032 2506 1050 τ
2644 1029 2772 1062 -"
2957 1032 2968 1048 ’
3133 1031 3236 1066 '—

2119 1053 2182 1084 να
2263 1034 2414 1104 εψας,
2489 1049 2900 1103 υπομειοιασας,
2952 1051 3268 1106 απεκριναιο
3333 1029 3506 1108 λὲίωθ
3608 1036 3728 1107 Είω

2087 1119 2199 1192 εἶμι
2236 1121 2482 1192 μαθητὴς
2513 1121 2752 1188 εκείνου;
2803 1119 2988 1182 καλῶς
3050 1118 3263 1190 ἐλὲξατε
3308 1119 3726 1196 λοιδορήσαντες

2093 1230 2175 1282 με.
2237 1211 2301 1262 Ὢ
2349 1205 2556 1285 ὕϐρεως
2606 1206 2857 1280 ἐνδόξουί
2894 1207 3212 1280 Ἐδοξάσατέ
3247 1231 3312 1283 με
3344 1198 3582 1282 μᾶλλον,
3642 1210 3728 1265 καὶ

2089 1297 2186 1353 οὐκ
2216 1296 2414 1355 οῗδατε.
2448 1303 2550 1353 Τοῦ
2613 1297 2855 1361 Μωσέως
2905 1297 3022 1354 ἐστὶ
3075 1299 3352 1371 μαθηταί;
3403 1299 3500 1353 Καὶ
3529 1298 3581 1354 τί
3613 1296 3729 1353 .36-

2087 1389 2297 1461 νάμεως
2328 1385 2667 1458 ἀπεδείξασθε
2697 1386 2890 1463 ἔργονς
2945 1389 3125 1461 Ὑμεῖς
3185 1388 3278 1462 μὲν
3334 1392 3431 1442 τοῦ
3491 1390 3730 1454 Μωσέως

2092 1476 2207 1532 ἰστὲ
2241 1477 2495 1550 paterpat-
2531 1479 2582 1531 ο⁸ι
2641 1474 2699 1531 δὲ
2726 1473 3025 1533 ἀπόστολοι
3057 1481 3154 1532 τοῦ
3205 1477 3340 1551 ἐμοῦ
3390 1477 3576 1554 ἰατροῦ
3633 1477 3731 1532 εἶσι

2096 1567 2352 1639 μαθηταί.
2388 1563 2712 1636 Ἐπιδεὶξατε
2741 1566 2832 1620 καὶ
2863 1565 3018 1639 ὑμεῖς
3045 1566 3097 1620 οἱ
3125 1569 3223 1620 τοῦ
3261 1564 3500 1627 Μωσέως
3559 1577 3734 1637 μαθη-

2090 1655 2178 1710 ταί
2211 1655 2260 1710 τί
2290 1676 2425 1710 ποτε
2455 1655 2589 1710 κατᾶ
2616 1659 2721 1709 τῶν
2778 1659 3037 1728 μαθητῶν
3067 1659 3165 1710 τοῦ
3214 1653 3350 1728 ἐμοῦ
3401 1654 3611 1730 ἰατροῦ.
3672 1653 3734 1708 Εἰ

2017 1784 2062 1847 Β
2091 1744 2144 1799 τί
2172 1766 2304 1799 ποτε
2337 1743 2614 1818 δυνάμεως
2647 1743 2821 1820 ἔχετε,
2853 1744 2918 1798 οὗ
2951 1742 3100 1818 λέγω
3128 1743 3373 1820 νεκροὺς,
3421 1743 3548 1806 τοὺς
3606 1747 3736 1798 καθ-

2135 1831 2185 1847 η.
2383 1831 2406 1847 λ
2549 1833 2560 1847 .
2758 1834 2770 1847 .
2897 1834 2910 1847 .
2985 1833 2998 1847 .
3066 1832 3076 1847 .
3183 1833 3202 1847 ,
3396 1831 3406 1842 .
3575 1835 3597 1847 λ
3670 1838 3696 1847 -

2095 1831 2346 1896 εύδοντας
2380 1831 2710 1900 διυπνίσατε,
2744 1834 2816 1894 ὡς
2866 1834 2916 1887 οἱ
2975 1832 3272 1888 ἀπόστολοι
3327 1831 3456 1896 τοὺς
3511 1835 3738 1888 τεθνεῶ-

2094 1943 2211 1985 τας.
2247 1923 2308 1980 Εἰ
2363 1920 2584 1977 δύνασθε
2611 1928 2726 1984 τοῖς
2756 1917 3086 1984 ἀποστόλοις
3117 1920 3436 1994 ἐξισοῦσθαι,
3485 1922 3547 1976 οὐ
3597 1920 3739 1998 λέγω

2097 2011 2181 2066 ἐπὶ
2217 2009 2432 2079 ὕδατος,
2467 2011 2552 2065 ἐπὶ
2584 2018 2683 2088 γῆς
2717 2009 2990 2086 βαδίσατε,
3039 2011 3113 2072 ὡς
3163 2012 3190 2064 ὁ
3249 2011 3451 2087 Πέτρος
3509 2011 3596 2066 ἐπὶ
3648 2013 3740 2064 θα-

2097 2100 2324 2170 λάσσης.
2361 2099 2497 2156 Εἷ’τι
2531 2097 2810 2172 δυνάμεως
2843 2097 3015 2176 ἔχετε.
3048 2104 3165 2162 τοῖς
3196 2094 3524 2162 ἀποστόλοις
3575 2099 3740 2173 ἁμιλ-

2097 2188 2282 2260 λᾶσθε,
2317 2189 2376 2244 οὐ
2411 2189 2553 2264 λέγω
2602 2190 2900 2262 πνεύματα,
2944 2189 3011 2244 τὰ
3049 2187 3206 2266 ὄρνεα
3237 2183 3522 2260 σοϐήσατε,
3559 2189 3633 2250 ὡς
3689 2190 3738 2243 οἱ

2095 2277 2396 2334 ἀπόστολοι
2425 2278 2554 2340 τοὺς
2585 2275 2869 2351 δαίμονας.
2920 2276 3122 2336 Εἴπατὲ
3168 2299 3282 2352 μοι’
3338 2281 3448 2336 Τοῦ
3500 2279 3742 2342 Μωσέως

2098 2367 2212 2423 ἐστέ
2266 2367 2536 2440 μαθηταί;
2590 2367 2653 2423 Εἰ
2717 2366 2959 2428 Μωσέως
3018 2365 3134 2422 ἐστὶ
3180 2367 3438 2440 μαθηταὶ,
3493 2366 3738 2443 ἐπειθαρ-

2098 2463 2248 2533 χεῖτε
2279 2456 2336 2511 ἂν
2364 2462 2444 2529 τῷ
2475 2461 2645 2530 Μωσῇ
2679 2455 2894 2531 λέγοντι
2941 2456 3066 2532 περὶ
3123 2456 3307 2512 αὐτοῦ·
3347 2482 3368 2508 α
3429 2457 3551 2514 "Oti
3606 2475 3742 2526 προ-

2100 2549 2276 2624 (prima
2313 2548 2436 2620 ὑμῖν
2465 2547 2748 2616 ἀναστήσει
2781 2544 2976 2619 Κύριος
3008 2546 3035 2600 6
3066 2543 3196 2608 Θεὸς
3249 2545 3308 2600 ἐκ
3342 2548 3450 2600 τῶν
3494 2542 3739 2622 ἀδελφῶν

2102 2637 2277 2710 ὑμῶν,
2308 2637 2382 2697 ὡς
2412 2634 2526 2708 ἐμὲ.
2560 2634 2740 2690 Αὐτοῦ
2778 2633 3067 2699 ἀκούσεσθε
3113 2634 3248 2690 κατά
3303 2635 3496 2704 πάντα,
3552 2632 3651 2688 ὅσα
3682 2633 3739 2688 ἄν

2101 2725 2317 2799 λαλήσῃ
2346 2725 2479 2800 πρὸς
2513 2724 2670 2797 ὑμᾶς.
2704 2726 2888 2779 Ἔσται
2923 2721 3001 2794 δὲ,
3033 2729 3175 2778 πᾶσα
3204 2725 3357 2800 ψυχὴ
3390 2721 3512 2792 ἥτις
3545 2723 3606 2778 ἃν
3665 2725 3742 2796 μὴ

2102 2815 2303 2887 ἀκούσῃ
2364 2818 2459 2868 τοῦ
2517 2815 2802 2891 προφήτου
2853 2811 3079 2881 ἐκείνου,
3124 2810 3656 2887 ἐξολοθρευθήσεται.
3715 2834 3743 2864 ι»

2102 2902 2340 2960 Βλέπετε
2369 2904 2443 2976 μή
2478 2901 3010 2978 ἑξολοθρευθήσεσθε,
3042 2901 3130 2958 καὶ
3163 2901 3237 2963 εἷς
3281 2903 3452 2957 πάντα
3507 2904 3575 2957 τὰ
3623 2897 3745 2970 ἔθνη

2105 2989 2556 3066 διασπαρήσεσθε,
2609 2991 2684 3052 ὡς
2742 2995 2837 3045 τοῦ
2868 2990 3336 3066 προφητιυθὲντος
3362 2991 3486 3071 ,τὴν
3523 2987 3746 3061 δύναμιν

2110 3083 2182 3154 μὴ
2216 3080 2594 3156 γνωρίζοντες.
2656 3079 2770 3137 Ούκ
2821 3077 3002 3134 οἷ’δατε
3058 3079 3138 3142 τίς
3201 3078 3339 3134 ἐστιν
3394 3081 3420 3134 ὁ
3465 3083 3573 3134 τῶν
3607 3077 3748 3150 ἐμῶν

2103 3169 2402 3246 ὀφθαλμῶν
2434 3165 2826 3243 περιοδευτής;
2860 3166 2974 3225 Οῦκ
3005 3165 3207 3238 οἴδατε,
3240 3164 3424 3237 ἐπειδὴ
3457 3168 3593 3240 πρὸς
3652 3167 3749 3243 φό-

2101 3280 2190 3315 νον
2219 3258 2377 3313 αύτὸν
2411 3263 2639 3328 ζητεῖτε.
2673 3255 2862 3311 Οἴδατε
2897 3255 2954 3312 δὲ
2983 3257 3071 3312 καὶ
3123 3256 3204 3318 τίς
3263 3257 3396 3326 ἐστι,
3444 3258 3534 3311 καὶ
3591 3252 3750 3310 πόθεν

2103 3347 2265 3404 ἐστίν.
2326 3349 2456 3404 ’Ότε
2511 3347 2609 3421 γΞιρ
2659 3345 2803 3421 παρᾶ
2872 3342 3121 3422 Ἡρώδου
3178 3347 3478 3420 ἠρωτᾶσθε,
3556 3349 3662 3399 ποῦ
3721 3346 3749 3398 6

2103 3436 2332 3512 Χριστὸς
2359 3439 2627 3511 γεννᾶται,
2663 3429 2971 3495 εὐθυϐόλως
3008 3433 3097 3488 καὶ
3150 3434 3240 3488 τὸν
3282 3435 3447 3488 τόπον
3507 3433 3599 3487 καὶ
3657 3433 3746 3487 τὸν

2103 3512 2303 3603 τρόπον
2337 3521 2691 3599 ἀνηγγείλατε
2721 3522 2992 3598 λέγοντες,
3025 3521 3106 3578 ὅτι
3151 3521 3201 3577 ἐν
3265 3521 3517 3595 Βηθλεὲμ
3570 3528 3746 3596 γεννᾶ-

2105 3637 2215 3671 ται.
2249 3617 2378 3672 "Ore
2429 3615 2565 3687 πρὸς
2617 3611 2966 3690 φονοκτονίαν
3023 3610 3385 3682 ἔπιζητεῖται,
3445 3612 3756 3685 γνωρίζετε’

2111 3704 2199 3760 ὅτε
2249 3703 2306 3758 δὲ
2355 3704 2490 3779 πρὸς
2546 3701 2978 3778 Θαυματουργίαν
3033 3699 3380 3772 ἐνδείκνυται,
3451 3699 3513 3754 οὐ
3559 3699 3764 3775 γνωρί-

2115 3803 2250 3866 ζετε.

2193 3889 2274 3942 13.
2313 3885 2463 3940 Ἐστι
2496 3879 2553 3938 δὲ
2580 3884 2794 3944 πάντως
2853 3881 3020 3936 εἰπεῖν
3079 3901 3219 3952 τινα,
3276 3880 3378 3937 Καὶ
3435 3878 3598 3944 πόθεν
3631 3883 3763 3950 ἡμῖν

2116 3979 2150 4045 ἡ
2182 3978 2404 4050 γνῶσις,
2457 3974 2539 4027 ὃτι
2597 3973 2624 4026 6
2673 3966 2972 4044 ἀναϐλέψας
3013 3969 3219 4048 τυφλὸς
3266 3969 3533 4039 τοσαύτην
3568 3966 3771 4024 δικαιο-

2121 4065 2309 4140 λογίαν
2345 4065 2459 4138 εἶχε
2488 4063 2816 4132 ποιήσασθαι
2862 4060 2996 4135 πρὸς
3051 4058 3177 4122 τοὺς
3229 4058 3599 4134 Φαρισαῖκοῦς
3654 4078 3770 4134 κρι-

2123 4153 2254 4215 τάς;
2287 4153 2347 4207 Τί
2379 4150 2575 4226 λέγεις,
2609 4152 2652 4204 ὦ
2692 4148 2857 4228 φίλες
2905 4146 3127 4225 σίδηρος
3165 4148 3295 4224 πυρὶ
3351 4145 3771 4223 προσομιλήσας

2125 4243 2269 4304 ὅλως
2329 4245 2716 4315 πυρακτοῦται,
2785 4239 2873 4293 καὶ
2932 4239 3234 4311 στομωθεὶς
3283 4237 3510 4310 ὀξύτατα
3564 4237 3769 4310 τέμνει·

2125 4333 2214 4389 καὶ
2247 4332 2400 4392 οὗτος
2435 4335 2541 4384 τῶν
2577 4332 2917 4384 Δεσποτικῶν
2952 4333 3156 4404 χειρῶν
3209 4326 3475 4400 ἀξιωθεὶς,
3531 4325 3620 4380 καὶ
3679 4329 3775 4380 τοῦ

2129 4425 2312 4478 Θεῖκοῦ
2370 4419 2774 4492 ἧμπτύσματος,
2850 4417 2953 4472 οὐκ
3027 4416 3172 4492 εἶχεν
3222 4413 3592 4492 ἀσυλλόγιστα
3643 4415 3778 4468 κατὰ

3489 4503 3566 4562 Οὐ
3653 4503 3776 4575 περὶ

2130 4599 2326 4655 τούτου
2355 4598 2445 4652 κάὶ
2475 4602 2580 4651 τῶν
2611 4595 2878 4650 τοιούτων
2906 4591 3087 4670 ἔλεγεν
3121 4597 3154 4664 ἡ
3183 4591 3299 4649 θεία
3339 4594 3545 4671 Γραφή·
3594 4617 3622 4644 ‹‹
3676 4592 3777 4645 Κύι-

2133 4710 2246 4763 ριος
2282 4692 2440 4766 σοφοῖ
2467 4686 2706 4760 τυφλούς
2735 4705 2746 4742 :
2785 4710 2812 4736 ››
2843 4683 3109 4758 Εὕκαιρον
3159 4683 3248 4738 καὶ
3305 4686 3495 4738 τοῦτον
3544 4681 3638 4737 τὸν
3673 4701 3779 4736 πα-

2133 4773 2372 4855 ραδόξως
2431 4771 2824 4849 ἀναϐλέψαντα,
2885 4774 2974 4827 καὶ
3029 4778 3108 4844 τῷ
3165 4771 3344 4848 Κυρίῳ
3389 4769 3629 4846 γνησίως
3687 4791 3778 4824 πι-

2133 4866 2444 4935 στεύσαντα,
2475 4864 2563 4918 καὶ
2612 4864 2746 4918 κατὰ
2793 4859 3067 4919 Ἰουδαίων
3128 4865 3398 4936 κραταιῶς
3459 4858 3777 4934 ἐνισχύσαν-
3833 4873 3836 4878 ·

2129 4978 2216 5028 τα,
2251 4955 2497 5030 λογικὸν,
2546 4952 2805 5017 εὐπειθὲς,
2853 4949 3274 5026 πολυγάλακτον
3303 4945 3576 5025 πρόϐατον
3611 4969 3776 5023 προσ-

2134 5051 2324 5101 ειπεῖν.
2413 5043 2649 5118 Ἐπέγνω
2722 5041 2822 5116 γὰρ
2903 5041 2993 5094 τὸν
3073 5036 3443 5117 ἀρχιποιμένα
3528 5037 3779 5114 Χριστὸν,

2133 5130 2453 5204 ἀπεπήδησε
2520 5130 2647 5193 τοὺς
2719 5130 3083 5204 Φαρισαϊκοῦς
3140 5127 3363 5190 λύκους
3426 5126 3647 5197 εἰσῆλθε
3697 5124 3783 5181 ’διὰ

2131 5226 2229 5291 τῆς
2285 5228 2574 5296 σταυρικῆς
2631 5219 2792 5295 Ούρας
2839 5217 2916 5292 εἷς
2972 5219 3069 5286 τὴν
3129 5214 3583 5287 ἐκκλησιαστικὴν
3649 5215 3780 5288 μάν-

2136 5309 2286 5388 δραν.
2315 5314 2544 5371 ’Ἡκουες
2574 5309 2772 5384 ἀρτίως
2803 5312 2898 5362 τοῦ
2932 5306 3133 5382 Κυρίου
3183 5305 3456 5381 λὲγοντοςο
3491 5329 3519 5356 ‹‹
3579 5305 3780 5377 Ἀμὴν,

2137 5403 2282 5474 ἀμὴν
2311 5400 2454 5476 λέγω
2514 5400 2665 5472 ὑμῖν,
2723 5399 2752 5452 6
2811 5397 2887 5470 μή
2939 5390 3320 5471 εἰσερχόμενος
3371 5391 3461 5448 διὰ
3483 5400 3584 5464 τῆς
3618 5393 3779 5469 θύρας

452 5623 496 5657 ⁸⁵
527 5621 694 5678 Joan.
728 5638 804 5690 ix,
834 5623 924 5691 28,
956 5623 1046 5680 29.
1121 5623 1164 5658 ⁸⁸
1194 5624 1359 5679 Deut.
1391 5635 1551 5690 xvm,
1585 5620 1672 5688 15,
1706 5620 1804 5688 19;
1839 5621 1956 5677 Act.
1991 5634 1995 5673 τ

2106 5617 2197 5690 22,
2226 5615 2319 5674 23.
2393 5615 2436 5652 ⁸⁷
2468 5613 2617 5675 Psal.
2648 5629 2812 5682 CXLV,
2843 5612 2896 5670 8.
