4026 6204
422 345 576 407 1023

427 477 748 552 ligendam,
782 500 895 538 non
924 486 1214 544 curiosius
1251 491 1701 550 examinandam

434 584 547 623 non
585 570 656 624 ad
709 573 913 628 mortis
947 580 1430 636 consuetudinem
1477 583 1934 656 contingentem,
1966 586 2067 642 sed

434 673 560 726 qum
593 658 780 729 ipsius
814 665 1018 720 mortis
1051 683 1209 722 mors
1238 685 1367 725 esse
1418 672 1908 742 deprehendatur.
1968 675 2070 731 Nis

429 746 583 801 enim
615 747 901 807 Dominus
931 753 1256 813 voluntarie
1290 765 1534 816 mortem
1567 764 1946 834 suscepisset,
1979 781 2073 820 ne-

431 851 726 908 quaquam
746 841 1016 897 diabolus
1042 851 1288 902 mortem
1319 849 2070 918 pertulisset.Quamobrem

434 924 720 982 exclamat
750 931 963 986 Paulus
997 933 1152 989 hisce
1181 937 1396 1005 verbis;
1427 963 1447 986 «ι
1482 941 1770 1012 Absorpta
1801 947 1888 996 est
1921 959 2074 998 mors

434 1012 494 1067 in
528 1014 786 1072 victoria.
822 1019 927 1074 Ubi
959 1027 1070 1091 est,
1102 1040 1281 1090 mors,
1315 1027 1596 1084 stimulus
1619 1034 1794 1084 tuus?
1827 1030 1934 1086 Ubi
1965 1036 2074 1100 est,

440 1102 681 1175 inferne,
716 1107 957 1164 victoria
988 1115 1087 1167 tua
1118 1113 1159 1147 ⁹⁴
1185 1114 1212 1167 ‘t
1243 1116 1446 1170 Verum
1483 1117 1574 1172 hic
1611 1135 1941 1175 sermonem
1973 1121 2078 1176 ob-

443 1193 744 1264 signantes
778 1204 1292 1273 nostrum,gratias
1321 1207 1428 1260 Deo
1459 1223 1704 1278 agamus
1730 1225 1742 1262 :
1768 1209 1858 1263 cui
1896 1209 2077 1281 gloria

440 1285 496 1336 et
526 1281 837 1354 imperium
873 1288 929 1342 in
964 1291 1178 1348 saecula
1210 1293 1576 1351 sesculorum.
1612 1299 1814 1353 Amen.

1585 365 1648 423 S.
1697 361 2212 427 A'l‘ilANASlUS.
2239 399 2313 409 —
2344 368 2648 430 SPUBIA.

3674 371 3818 426 1124

1758 514 1770 551 :
1822 503 2066 553 mortem
2099 500 2154 566 Α
2182 496 2297 558 σίας
2327 498 2588 573 χορηγόν·
2625 498 2845 556 θάνατον
2876 502 3052 556 πίστει
3082 500 3531 573 κατανοούμενον,
3558 497 3623 554 οὐ
3651 497 3818 553 πολο-

2178 586 2665 661 πραγμονούμενον
2699 609 2712 622 ’
2773 590 2997 645 θάνατον
3072 589 3135 644 οὗ
3185 591 3301 654 καθ’
3376 589 3682 661 ὁμοιότητα
3728 593 3819 643 τοῦ

2180 674 2408 740 θανάτου
2436 677 2749 752 γενόμενον,
2803 677 2930 735 ἀλλ’
2979 679 3142 734 αὐτοῦ
3187 683 3285 733 τοῦ
3333 677 3561 732 Θανάτου
3601 676 3817 731 θάνατον

2182 765 2584 841 εὐρισκόμενον.
2632 767 2694 821 Εἰ
2743 769 2818 841 μή
2863 770 2962 844 γὰρ
3013 769 3041 822 ὁ
3091 767 3284 842 Κύριος
3323 769 3413 822 τὸν
3463 764 3707 821 ἑκούσιον
3735 768 3820 819 θά-

2181 875 2336 909 νατον
2389 853 2728 926 κατεδέξατο,
2774 857 2873 912 οὐκ
2931 857 2988 912 ἂν
3037 859 3064 912 ὁ
3118 852 3377 919 διάϐολος
3436 856 3662 910 Θάνατον

2188 965 2353 1016 μεινε.
2414 946 2506 998 Διὸ
2562 946 2651 1000 καὶ
2710 948 2736 1000 ὁ
2796 945 3015 1009 Παῦλος
3069 947 3208 1022 βοῶν
3262 944 3432 1019 ἔλεγε·
3468 969 3496 995 ‹‹
3545 944 3823 1014 Κατεπόθη

2186 1033 2213 1086 ὁ
2277 1032 2500 1096 θάνατος
2547 1034 2622 1096 εἷς
2665 1039 2838 1097 νῖκος.
2876 1039 2986 1091 Ποῦ
3037 1057 3152 1102 σου,
3201 1035 3409 1104 θάνατε,
3455 1036 3518 1089 τὸ
3563 1035 3825 1107 κὲντρονς

2189 1126 2300 1177 Ποῦ
2332 1143 2450 1187 σου,
2511 1119 2635 1193 ᾅδη,
2692 1124 2754 1178 τὸ
2801 1129 2954 1186 νῖκος
2989 1143 3002 1193 ;
3041 1147 3067 1175 ››
3099 1122 3225 1178 ἀλλ’
3256 1123 3478 1178 ἐνταῦθα
3529 1124 3623 1177 τὸν
3674 1122 3824 1197 λόγον

2191 1211 2598 1288 σφραγίσαντες,
2649 1217 2726 1283 τῷ
2784 1218 2900 1285 6εῷ
2955 1212 3478 1288 εὖχαριστήσωμεν,
3625 1215 3659 1279 ἡ
3711 1208 3829 1280 δόξα

2189 1300 2277 1354 καῖ
2311 1299 2370 1354 τὸ
2425 1302 2623 1376 κράτος
2669 1300 2745 1363 εἷς
2795 1301 2923 1364 τοὺς
2964 1300 3162 1364 αἰῶνας
3211 1305 3317 1356 τῶν
3365 1300 3602 1357 αἰώνων.
3637 1304 3831 1373 Ἀμήν.

513 1407 558 1441 ⁹²
586 1407 607 1462 Ι
635 1409 762 1465 Cor.
795 1429 888 1481 xv,
918 1415 1008 1469 54.

2006 1582 2220 1589 _-.—_..—.
2237 1585 2350 1590 .—_~
2375 1585 2434 1590 ο-
2477 1587 2554 1591 η...-
2588 1586 2748 1591 ργ-ν-
2771 1585 3086 1594 .._...__.__..___

1256 1693 1338 1753 IN
1381 1696 1586 1756 DUAS
1633 1696 2091 1767 SEQUENTES
2139 1697 2510 1759 HOMlLlAS
2559 1699 3026 1761 ADMONITIO.

511 1817 653 1871 Duas
681 1827 965 1890 sequentes
994 1821 1254 1880 homilias
1282 1825 1528 1894 ejusdem
1549 1843 1666 1883 esse
1694 1829 1978 1900 scriptoris
2009 1831 2200 1899 arguit
2225 1845 2355 1886 cum
2383 1831 2517 1903 styli
2545 1847 2715 1900 genus
2767 1841 2883 1886 tum
2914 1830 3047 1886 ordo
3088 1835 3252 1902 atque
3304 1831 3472 1887 series
3529 1831 3800 1886 orationis
3827 1846 3843 1880 :

441 1920 610 1974 quare
651 1915 1046 1979 consequenter
1093 1917 1374 1983 ponuntur
1418 1917 1477 1970 in
1529 1917 1690 1985 Regio
1749 1917 1930 1973 codice
1965 1919 2090 1973 205.
2153 1919 2449 1975 Athanasii
2501 1935 2665 1991 porro
2724 1935 2814 1974 eas
2851 1936 2961 1976 esse
3015 1919 3246 1975 credidit
3301 1921 3391 1975 vir
3444 1919 3696 1974 eruditus
3724 1918 3840 1972 Hol-

436 1996 690 2063 steinius,
717 1997 843 2052 licet
865 2001 923 2052 in
954 2001 1025 2056 iis
1051 2002 1412 2058 Athanasium
1445 2004 1596 2060 nihil
1624 2015 1949 2078 compareat.
1986 2007 2274 2080 Frigidum
2303 2011 2501 2081 quippe
2530 2018 2607 2064 est
2635 2011 2904 2064 orationis
2930 2025 3118 2080 genus,
3149 2009 3292 2081 quod
3338 2009 3482 2063 nihil
3536 2024 3837 2074 nervorum,

442 2083 585 2138 nihil
614 2087 748 2141 salis
777 2089 1017 2144 obtineat
1049 2109 1066 2144 :
1096 2108 1196 2146 nec
1226 2109 1490 2162 magnum
1517 2111 1633 2150 sese
1646 2096 1832 2166 prodit
1864 2099 1923 2150 in
1952 2098 2066 2169 ejus
2099 2103 2388 2153 structura
2439 2099 2668 2168 hujusce
2721 2100 3004 2169 scriptor-is
3051 2099 3352 2170 judicium.
3413 2098 3652 2153 Etiamsi
3692 2111 3839 2167 porro

443 2173 670 2229 aliunde
686 2191 792 2231 non
811 2177 1047 2247 liqueret
1073 2196 1184 2236 esse
1215 2181 1312 2237 has
1341 2182 1596 2239 homilias
1614 2185 1910 2242 Athanasio
1927 2186 2343 2257 abjudz’candas,
2363 2192 2666 2258 coarguunt
2691 2204 2825 2243 sane
2851 2188 3042 2244 isthaec
3067 2187 3166 2242 sub
3193 2188 3360 2258 ﬁnem
3387 2186 3650 2242 secunda:
3680 2184 3840 2239 homi-

443 2262 540 2320 ῑίέε
571 2267 738 2321 verba
769 2285 782 2322 :
816 2272 960 2342 τρεῖς
993 2267 1310 2332 ὑποστάσεις
1337 2271 1717 2346 κηρύττοντες,
1753 2274 1875 2347 μίαν
1909 2277 2128 2346 (ierim-ra

2207 2276 2598 2350 μολογοῦντες,
2631 2278 2808 2350 fuisse
2839 2279 2977 2334 illas
2996 2283 3121 2350 post
3148 2280 3534 2334 Nestorianam
3578 2277 3845 2347 vulgatam

443 2351 685 2439 haeresin
716 2355 1032 2430 descriptas.
1068 2361 1215 2416 Licet
1245 2364 1392 2418 enim
1424 2362 1765 2418 ὑποστάσεων
1797 2366 2120 2438 quandoque
2144 2369 2461 2422 meminerit
2492 2368 2844 2426 Athanasius.
2877 2383 3161 2439 nanquam
3190 2373 3377 2423 tamen
3407 2370 3487 2422 ait
3516 2376 3624 2422 tres
3655 2365 3840 2437 hypos-

437 2431 580 2498 ‘ases
614 2444 670 2498 in
703 2451 949 2517 confesso
980 2449 1130 2520 apud
1158 2467 1350 2506 omnes
1379 2468 1492 2508 esse
1520 2472 1538 2507 :
1572 2454 1681 2509 imo
1710 2456 1771 2510 in
1800 2455 2060 2525 synodali
2086 2457 2320 2525 epistola
2350 2455 2750 2525 Alexandrina,
2781 2455 2936 2512 nihil
2967 2458 3232 2512 interesse
3287 2456 3490 2528 inquit,
3539 2457 3594 2511 si
3637 2454 3715 2510 vel
3742 2471 3842 2507 una

440 2533 612 2588 solum
646 2534 731 2588 rel
761 2542 872 2592 tres
902 2537 1218 2609 hyposlases
1245 2556 1357 2596 esse
1384 2541 1662 2610 dicantur,
1693 2543 1825 2598 dum
1854 2551 2001 2599 recta
2033 2553 2283 2601 servetur
2311 2547 2603 2602 sententia.

1617 2805 1747 2860 ΤΟΥ
1785 2810 1872 2858 ΕΝ
1916 2807 2146 2862 ΑΓΙΟΙΣ
2190 2810 2455 2860 ΠΑΤΡΟΣ
2497 2809 2688 2860 ΗΜΩΝ

1801 2955 2532 3051 ΑΘΑΝΑΣΙΟΥ

448 3117 544 3167 Ἐκ
571 3117 668 3168 τοῦ
697 3113 832 3170 κατὰ
863 3117 1138 3171 Ματθαῖον
1170 3116 1502 3194 Εὐαγγελίου
1533 3119 1610 3195 εὶς
1658 3117 1740 3195 τό’
1795 3116 2091 3195 Πορεύεσθε
2121 3117 2198 3195 εἷς
2224 3118 2325 3195 τὴν
2361 3121 2637 3195 κατενα-ντι
2676 3120 2908 3195 κώμην,
2953 3118 3044 3173 καὶ
3085 3117 3338 3195 εὖρήσετε
3388 3115 3510 3173 ὄνον
3549 3117 3838 3192 δεδεμένην,

1458 3190 1549 3244 καὶ
1579 3190 1767 3246 πῶλον
1805 3188 1918 3263 μετ’
1950 3188 2134 3258 αὐτῆς·
2172 3188 2428 3252 λύσαντες
2462 3189 2692 3265 ἀγάγετὲ
2724 3188 2838 3263 μοι,

1562 3440 1653 3534 S.
1726 3442 1824 3533 P.
1896 3441 2004 3534 N.
2080 3439 2758 3534 ATHANASII

463 3609 527 3662 In
565 3603 708 3663 illud
740 3607 1038 3680 Evangelii
1068 3611 1392 3666 secundum
1423 3609 1759 3666 Matthaeum
1795 3629 1808 3666 :
1843 3613 1924 3668 Ite
1952 3612 2011 3666 in
2040 3609 2330 3667 castellum
2352 3610 2500 3682 quod
2526 3618 2717 3665 contra
2738 3627 2826 3667 vos
2857 3620 2957 3677 est,
2985 3616 3036 3666 et
3068 3613 3358 3666 invenietis
3387 3611 3599 3665 asinam
3647 3610 3828 3680 alliga-

1373 3690 1489 3738 tam
1516 3691 1568 3739 et
1590 3683 1810 3755 pullum
1836 3699 1961 3739 cum
1988 3698 2053 3740 ea
2085 3701 2103 3737 :
2131 3682 2412 3752 solventes,
2443 3682 2695 3738 adducite
2725 3682 2867 3738 mihi
2895 3683 2959 3737 9‘.

529 3931 684 3987 374
731 3932 781 3986 1.
835 3932 1065 3988 Iteratis
1137 3949 1244 3989 nos
1287 3933 1586 3990 beneﬁciis
1633 3935 1860 3990 donans
1921 3933 2128 4000 Deus,‘

2279 3934 2329 3987 1.
2365 3929 2535 3986 Πάλιν
2559 3933 2705 4004 ἡμᾶς
2739 3930 3026 4007 εὐεργετῶν
3061 3931 3088 3986 ὀ
3120 3930 3340 4006 Κύριος,
3369 3931 3460 3985 καὶ
3504 3931 3601 3999 τήν
3652 3928 3830 3984 eius!“

459 4036 744 4090 suamque
772 4019 830 4075 in
863 4038 970 4077 nos
999 4021 1246 4094 gratiam
1273 4023 1598 4094 effundens,
1632 4023 1808 4079 simul
1839 4023 2104 4079 doctrina

463 4125 571 4162 sua
602 4110 829 4165 animas
863 4115 1093 4166 nostras
1123 4112 1436 4168 excitatJis
1468 4113 1622 4168 enim
1656 4113 1757 4183 qui
1789 4112 1969 4182 hujus
2000 4127 2099 4166 sie-

463 4195 581 4251 culi
612 4197 785 4253 malis
816 4204 1180 4271 premuntur,
1214 4203 1460 4273 ejusque
1490 4202 1738 4274 negotiis
1769 4201 2105 4257 distrahun-

459 4289 574 4352 tur,
612 4285 717 4341 hoc
747 4287 902 4344 Deus
928 4289 1206 4345 saeculum
1240 4290 1400 4346 cordi
1433 4291 1744 4364 imprimit,
1795 4296 1859 4346 ut
1887 4306 2102 4363 cogno-

459 4379 626 4429 scant
655 4375 946 4444 homines,
980 4394 1042 4434 se
1073 4397 1187 4435 non
1221 4379 1436 4436 saecula
1478 4385 1830 4452 exspectare,
1863 4380 1964 4436 sed
1999 4379 2105 4434 hoc

457 4464 742 4520 duntaxat
770 4465 1045 4523 saeculum
1077 4468 1135 4522 in
1169 4468 1483 4541 phantasia
1513 4470 1745 4525 habere.
1801 4469 1874 4525 Ut
1904 4469 2105 4541 itaque

459 4553 532 4607 de
561 4553 757 4609 futuro
788 4555 1000 4610 saeculo
1047 4558 1427 4630 prospiciant,
1475 4558 1737 4614 innatam
1786 4557 1956 4613 nobis
2005 4572 2108 4628 per

461 4639 709 4698 liberum
742 4643 1049 4700 arbitrium
1083 4647 1408 4702 doctrinam
1434 4646 1680 4716 largitus
1722 4652 1828 4702 est.
1889 4646 2106 4702 Omnes

461 4729 642 4802 igitur
670 4731 958 4803 homines,
994 4735 1288 4806 sapientes
1319 4741 1376 4791 et
1413 4735 1781 4808 insipientes,
1815 4734 2106 4807 principes

461 4824 520 4874 et
550 4819 780 4892 privati,
813 4822 1022 4879 divites
1053 4829 1110 4880 et
1138 4841 1446 4897 pauperes,
1481 4831 1842 4898 compertum
1889 4824 2107 4880 habent

461 4914 707 4966 mortem
739 4927 945 4968 omnes
987 4919 1375 4986 excepturam.
1429 4915 1578 4970 Illud
1627 4915 1779 4972 enim
1828 4919 1936 4982 est,
1996 4914 2105 4970 hoc

460 4997 740 5055 saeculum
773 5000 833 5055 in
886 5001 1198 5074 phantasia
1251 5003 1511 5066 habere;
1570 5003 1679 5060 hoc
1738 5008 1934 5059 autem
1993 5008 2102 5073 est,

459 5103 943 5161 unumquemque
975 5090 1150 5146 linem
1185 5109 1359 5148 suum
1383 5094 1455 5149 ob
1488 5093 1688 5149 oculos
1719 5109 1953 5166 ponere.
1985 5093 2108 5148 Ple-

461 5175 628 5246 rique
657 5178 823 5249 gnari
878 5180 1262 5236 obventuram
1315 5182 1424 5237 sibi
1479 5186 1750 5249 mortem,
1802 5185 2013 5253 putant
2043 5197 2105 5235 se

2213 4021 2403 4074 ἑαυτοῦ
2454 4018 2529 4082 εἷς
2587 4022 2735 4093 ἡμᾶς
2787 4019 3033 4075 ἐκτείνων
3086 4021 3272 4095 χάριν,
3315 4020 3458 4092 ὁμοῦ
3505 4019 3592 4073 καὶ
3641 4017 3723 4073 διὰ
3751 4024 3833 4084 τῆς

2213 4111 2406 4165 ἑαυτοῦ
2467 4107 2818 4174 διδασκαλίας
2869 4111 2964 4173 τὰς
3017 4109 3287 4186 ἡμετέρας
3348 4107 3598 4186 διεγείρει
3646 4110 3829 4184 ψυχάς.

2211 4205 2336 4261 Τοῖς
2369 4199 2471 4274 γὰρ
2505 4199 2559 4254 ἐν
2598 4198 2677 4272 τῷ
2713 4201 2818 4275 βίῳ
2861 4200 3037 4272 τούτῳ
3098 4201 3433 4275 μοχθήσασι,
3478 4199 3567 4252 καὶ
3605 4217 3832 4272 περισπα-

2215 4293 2413 4351 σθεῖσιν
2466 4287 2516 4342 ἐν
2569 4293 2683 4349 τοῖς
2741 4288 2904 4342 αὐτοῦ
2953 4288 3282 4363 πράγμασιν,
3317 4289 3346 4342 ὁ
3397 4289 3525 4348 Θεὸς
3570 4288 3657 4341 τὸν
3686 4287 3830 4340 uitiis:

2210 4381 2401 4432 τοῦτον
2452 4377 2502 4431 ἐν
2552 4375 2746 4453 καρδίᾳ
2795 4375 3047 4441 δέδωκεν,
3080 4377 3230 4440 ὅπως
3289 4378 3507 4452 γνόντες
3563 4377 3828 4452 γνώσονται

2215 4469 2268 4521 οἳ
2300 4467 2597 4542 ἄνθρωποι,
2624 4465 2706 4521 ὅτι
2741 4466 2802 4521 οὐ
2822 4466 2953 4529 τοὺς
2983 4469 3179 4528 αὶῶνας
3201 4465 3563 4538 διαμενοῦσιν,
3597 4464 3731 4520 ἀλλὰ
3753 4463 3826 4516 τὸν

2216 4554 2386 4610 αῗῶνα
2440 4560 2636 4610 τοῦτον
2696 4557 3073 4632 φαντάζονται.
3135 4557 3249 4612 Ἵνα
3306 4555 3399 4610 οὗν
3451 4552 3540 4608 καὶ
3586 4557 3679 4608 τοῦ
3719 4550 3827 4624 μὲλ-

2218 4642 2415 4705 λοντος
2473 4643 2670 4705 αἰῶνος
2730 4643 2983 4717 πρόνοιαν
3039 4647 3402 4715 ποιήσωνται,
3452 4641 3680 4720 ἔμφυτον
3715 4644 3823 4712 ἡμῖν

2218 4735 2451 4806 μάθησιν
2503 4733 2593 4788 διὰ
2639 4737 2736 4788 τοῦ
2784 4733 3126 4807 αὐτεξουσίου
3177 4733 3488 4810 ἐχαρίσατο,
3520 4733 3707 4792 Πάντες
3752 4727 3828 4784 οὖν

2216 4823 2269 4877 οἱ
2318 4819 2615 4898 ἅνθρωποι,
2671 4823 2829 4901 σοφοί
2884 4844 2943 4878 τε
2999 4823 3089 4877 καὶ
3147 4824 3395 4901 ἄφρονες,
3455 4821 3705 4898 ἄρχοντες
3753 4817 3824 4872 καὶ

2216 4907 2454 4979 ἰδιῶται,
2512 4910 2769 4966 πλούσιοι
2820 4911 2908 4966 καὶ
2966 4914 3188 4982 πένητες
3247 4909 3442 4984 ἴσασιν,
3496 4911 3576 4966 ὅτι
3635 4909 3825 4965 θάνατος

2214 5001 2415 5061 πάντας
2477 4997 2791 5073 διαδέξεται.
2821 5005 2990 5056 Τοῦτο
3046 5003 3145 5076 γάρ
3180 5001 3289 5057 ἐστι
3336 5002 3430 5056 τὸν
3472 5000 3638 5054 αἲῶνα
3665 5002 3824 5053 τοῦτον

2215 5089 2614 5166 φαντάζεσθαι·
2660 5089 2820 5144 τοῦτό
2879 5089 3018 5144 ἐστιν
3068 5088 3289 5145 ἕκαστον
3343 5091 3406 5144 τὸ
3457 5091 3645 5145 ἑαυτοῦ
3694 5085 3823 5142 τέλος

2215 5179 2320 5252 πρὸ
2353 5176 2650 5255 ὀφθαλμῶν
2698 5175 2863 5254 ἔχειν.
2917 5178 3130 5236 Πολλοὶ
3183 5177 3260 5249 δὲ,
3313 5179 3403 5234 καὶ
3451 5183 3609 5234 τοῦτο
3638 5174 3823 5238 eidem,

377 5267 388 5274 ’
463 5271 595 5337 post
624 5265 732 5322 hoc
763 5267 1040 5324 saeculum
1096 5270 1216 5325 fore
1272 5271 1437 5340 quasi
1492 5287 1796 5341 nunquam
1846 5270 2105 5326 exstitis-

2221 5266 2304 5322 ὅτι
2353 5267 2580 5328 Θάνατος
2622 5266 2814 5329 αὐτοὺς
2866 5265 3180 5341 διαδέξεται,
3234 5266 3438 5324 οἴονται
3492 5268 3622 5341 μετᾶ
3666 5269 3822 5320 τοῦτον

2261 5358 2272 5369 .
2378 5355 2429 5369 .-
2555 5352 2579 5369 ρ.
2680 5359 2702 5369 -
2825 5357 2838 5369 .
2971 5356 2985 5369 .
3092 5358 3105 5369 .
3176 5357 3186 5369 .
3234 5358 3253 5369 .
3523 5358 3543 5369 ..
3645 5357 3672 5369 -
3809 5352 3819 5369 ι

465 5359 593 5410 sent
624 5371 638 5411 :
673 5355 880 5428 quales
911 5362 1077 5412 erant
1107 5358 1203 5428 qui
1237 5357 1473 5414 aiebant
1505 5374 1517 5412 :
1559 5380 1578 5406 ε
1632 5359 1855 5431 Exigua
1902 5363 1958 5414 et
2006 5358 2108 5414 tri-

467 5444 576 5500 stis
607 5449 696 5500 est
724 5445 843 5500 vita
879 5449 1098 5515 nostra,
1123 5463 1226 5502 nec
1261 5452 1350 5503 est
1387 5462 1690 5518 regressus
1739 5445 1874 5502 ﬁnis
1905 5448 2111 5502 nostri.

465 5534 674 5590 Venite
703 5550 862 5606 ergo,
895 5535 1262 5607 inquiunt,et
1293 5536 1560 5592 fruamur
1590 5535 1760 5591 bonis
1791 5553 1918 5607 quae
1951 5542 2110 5604 sunt;

537 5676 582 5712 °‘
609 5675 812 5734 Matth.
845 5693 962 5747 xxx,
993 5677 1047 5732 9.

2261 5358 2273 5374 ε
2378 5355 2429 5376 ’ν
2555 5352 2579 5372 ον
2825 5357 2883 5392 ι,
2971 5356 2985 5376 ν
3092 5358 3105 5376 e
3175 5357 3186 5375 ι
3444 5377 3457 5389 ⁸
3523 5358 3543 5374 γ
3809 5352 3822 5388 ς

2221 5377 2311 5412 τον
2341 5377 2511 5410 αιωνα
2559 5359 2762 5411 εσεσθαι
2809 5379 2881 5418 ως
2931 5377 3039 5433 ουχ
3087 5358 3408 5432 υπαρξαντες
3493 5378 3596 5412 οιοι
3641 5357 3756 5423 ἦσαν
3784 5373 3824 5406 ο.

2224 5446 2484 5507 εἰπόντεςο
2534 5470 2562 5498 ‹‹
2612 5445 2830 5522 Ὀλίγοε
2881 5445 2992 5501 ἐστὶ
3034 5446 3122 5502 καὶ
3172 5448 3417 5522 Αυπηρὸς
3451 5448 3478 5501 ὁ
3522 5446 3634 5520 βίος
3672 5445 3822 5515 ἡμῶν.

2222 5535 2311 5592 καὶ
2342 5534 2442 5590 οὐκ
2471 5532 2609 5591 ἔστιν
2643 5533 3011 5610 ἀναποδισμὸς
3040 5540 3138 5602 τῆς
3185 5537 3444 5602 τελευτῆς
3493 5538 3667 5608 ἡμῶν.
3696 5535 3825 5588 Δεῦτε
