4026 6204
206 358 339 423 lilii»

1113 348 1442 416 HOMILIA
1486 352 1563 413 ΙΝ
1609 348 1839 413 ILLUD
1889 368 1960 409 ;‹‹
2011 350 2337 425 EUNTES,
2374 376 2404 408 »
2455 348 2626 413 ETC.

3417 361 3437 414 l
3450 358 3571 417 026

202 492 299 561 οῦν,
354 488 495 568 φασὶ,
552 486 637 541 καὶ
695 482 1091 557 ἀπολαύσωμεν
1152 488 1258 538 τῶν
1314 478 1484 538 ὄντων
1547 483 1765 557 ἀγαθῶν
1798 490 1864 549 Ἀ

1964 484 2058 538 ino
2089 484 2343 555 pretioso
2373 490 2432 540 et
2462 484 2780 557 unguentis
2810 500 2918 539 nos
2948 483 3301 556 impleamus
3332 487 3433 541 ⁵⁸.»
3456 488 3572 544 Hos

201 580 331 637 οἴνου
358 575 683 637 πολυτελοῦς
712 573 802 630 καὶ
837 570 1020 649 μύρων
1064 571 1495 645 ἐμπλησθῶμεν.
1534 596 1555 624 ι
1588 571 1820 632 Τούτους

203 669 252 726 δὲ
278 668 359 724 καὶ
390 668 417 723 6
448 663 721 730 θεσπέσιος
760 660 975 724 Παῦλος
1022 658 1292 731 διατίθησι
1342 660 1615 735 λέγοντας·
1649 683 1673 714 α
1709 659 1818 714 Φά-

202 778 366 836 γωμεν
420 753 510 809 καὶ
559 752 792 826 πίωμεν·
825 748 1011 829 αὔριον
1063 752 1163 827 γάρ
1215 751 1649 824 ἀποθνήσκομεν.
1685 773 1712 801 ››
1757 748 1819 803 Εἰ

198 850 435 903 τοσυῦτον
493 841 586 898 οῦν
644 838 868 917 ἴσχυσαν
925 846 1121 917 γνῶναι
1163 839 1215 895 οὶ
1263 837 1464 908 ἄθλιοι,
1499 838 1581 894 ὅτι
1635 837 1820 915 ὀλίγος

202 933 410 992 ἐστὶκαί
466 930 712 1005 λυπηρὸς
745 932 773 985 6
809 930 926 1004 βίος
982 928 1176 984 αὐτῶν·
1211 932 1327 991 πῶς
1380 930 1473 983 τὸν
1528 932 1636 982 τῶν
1694 928 1820 1001 ἁγα-

202 1030 296 1088 θῶν
325 1020 554 1091 ποιητὴν
599 1020 791 1095 τάχιον
825 1018 932 1095 οὐχ
962 1018 1115 1094 εὗρον
1143 1037 1157 1086 ;
1198 1016 1361 1091 μόνον
1391 1016 1483 1072 οῦν
1514 1020 1682 1095 σοφοῦ
1715 1016 1824 1070 ἐστι

200 1117 380 1188 γνῶναι
426 1110 520 1171 τὰς
573 1106 746 1170 αἰτίας
790 1112 897 1161 τῶν
928 1109 1254 1183 γενομένων·
1289 1104 1405 1162 οἶδε
1461 1106 1560 1181 γὰρ
1621 1109 1824 1183 σαφῶς,

201 1201 279 1256 καὶ
332 1203 443 1260 πῶς
488 1197 758 1273 ἐγένοντο,
783 1195 874 1250 καὶ
923 1196 989 1249 οὗ
1040 1194 1203 1272 χάριν
1248 1195 1512 1272 ἐγένοντο·
1548 1192 1711 1263 οἶδεν,
1744 1193 1828 1248 ὅτι

199 1294 294 1345 τῶν
322 1289 530 1343 πάντων
564 1287 593 1341 ὁ
642 1286 771 1347 Θεὸς
817 1286 1055 1356 ποιητής
1117 1283 1281 1339 ἐστιν·
1317 1282 1519 1354 ἤκουσε
1574 1284 1676 1360 γάρ
1732 1287 1828 1338 τοῦ

202 1376 524 1435 Ἀποστόλου
582 1375 841 1452 λὲγοντος
875 1394 888 1407 ’
921 1399 949 1426 ‹‹
1013 1373 1138 1431 Εἴτε
1196 1372 1418 1442 ἐσθίετε,
1474 1371 1580 1428 εἷ’τε
1629 1372 1828 1443 πίνετε,

203 1465 295 1523 εἶ’τε
345 1488 398 1521 τι
452 1470 683 1531 ποιεῖτε,
714 1465 887 1519 πάντα
941 1463 1016 1524 εἷς
1067 1459 1223 1533 δόξαν
1269 1466 1403 1517 Θεοῦ
1442 1466 1666 1518 ποιεῖτε.
1705 1485 1725 1513 ι
1764 1461 1831 1518 Οἱ

203 1554 252 1610 δὲ
275 1553 351 1628 τῷ
378 1553 482 1630 βίῳ
510 1552 697 1625 τούτῳ
740 1552 1104 1628 χρησάμενοι,
1152 1552 1225 1613 ὡς
1285 1549 1339 1605 ἐν
1394 1550 1608 1622 νεότητι
1668 1571 1833 1604 σπου-

204 1642 373 1716 δαίως,
412 1642 500 1698 καὶ
553 1645 624 1716 τῇ
686 1642 886 1697 ἑαυτῶν
928 1640 1108 1716 Δκακία
1162 1637 1694 1710 καταδαπανηθέντες
1746 1638 1836 1693 ἀπ’

204 1710 370 1809 ἀρχῆς,
412 1710 844 1807 μὲχριντὲλους,
876 1710 974 1784 ούκ
1020 1710 1260 1804 ἔγνωσαν
1301 1729 1369 1783 τά
1419 1729 1703 1799 ποιήματα
1737 1730 1835 1782 τοῦ

206 1826 342 1879 Θεοῦ.
390 1819 452 1876 El
516 1821 622 1895 γάρ
667 1820 801 1888 ἦσαν
852 1812 1245 1893 άκριϐώσαντες
1303 1817 1427 1893 περὶ
1477 1816 1684 1871 τούτων
1742 1816 1834 1870 τὸν
1870 1857 1917 1922 Β

261 1915 284 1922 -
423 1911 433 1922 ,
637 1908 663 1922 ..
820 1908 832 1922 .
928 1908 940 1922 ι
1119 1906 1130 1922 .
1314 1903 1337 1922 «κ
1596 1905 1609 1920 ς
1712 1911 1744 1922 λ
1785 1904 1799 1922 κ

205 1915 336 1979 νοῦν,
366 1911 581 1971 πάντως
635 1908 696 1962 ἃν
746 1908 836 1962 καὶ
888 1908 978 1962 τὸν
1039 1906 1245 1961 τούτοιν
1310 1903 1647 1981 δημιουργὸν
1708 1904 1836 1959 Θεὸν

146 2054 149 2055 ,
206 2001 379 2075 τάχιον
437 1997 816 2074 ἐπεγίνωσκον
850 2020 880 2048 ‹‹
930 1997 1025 2053 Ἐκ
1082 1995 1185 2072 γὰρ
1249 1995 1505 2071 μεγέθους
1562 1994 1650 2049 καὶ
1707 1991 1840 2049 καλ-

209 2085 361 2157 λονῆς
389 2087 705 2160 κτισμάτων
738 2087 766 2140 6
818 2086 1193 2161 γενεσιουργὸς
1244 2083 1417 2138 αὐτῶν
1476 2085 1777 2157 θεωρεῖταιο
1811 2105 1838 2133 ››

208 2173 335 2250 Ὁδῷ
362 2174 451 2232 οῦν
483 2177 756 2253 κέχρηται
810 2174 1012 2251 ἀγούσῃ
1067 2172 1194 2234 τοὺς
1244 2171 1562 2248 ἀνθρώπους
1623 2171 1684 2227 ἐκ
1738 2175 1845 2227 τῶν

209 2266 494 2338 κτισμάτων
556 2264 651 2320 ἐπὶ
704 2265 797 2320 τὸν
850 2268 958 2319 τῶν
1019 2262 1269 2317 ἁπάντων
1327 2261 1548 2332 κτίστην
1607 2259 1697 2315 καὶ
1746 2257 1844 2331 δη-

215 2354 475 2432 μιουργόν.

271 2446 320 2500 2.
352 2446 531 2501 Ταῦτα
589 2442 689 2516 μὲν
746 2443 1158 2517 προσεθήκαμεν
1209 2444 1290 2513 τῷ
1348 2437 1520 2515 λόγῳ,
1552 2435 1845 2515 ἐπειδήπερ

214 2532 383 2595 πάντες
434 2534 509 2595 ὡς
559 2527 812 2608 πρόϐατα
841 2530 1280 2601 ᾗέπιιανιγςθησαιν⁵
1314 2529 1403 2584 καὶ
1453 2527 1535 2583 ὅτι
1586 2553 1614 2581 ‹‹
1665 2528 1848 2606 φθόνῳ

217 2618 455 2677 διαϐόλου
486 2623 720 2686 θάνατος
745 2619 991 2689 εἰσῆλθεν
1026 2618 1103 2681 εἷς
1139 2619 1231 2674 τὸν
1280 2614 1508 2691 κόσμον,
1546 2641 1572 2668 ι)
1601 2618 1690 2672 καὶ
1739 2638 1847 2672 σει-

219 2718 320 2784 ραῖς
367 2716 473 2766 τῶν
544 2712 743 2766 ἑαυτοῦ
803 2710 1210 2783 ἁμαρτημάτων
1264 2705 1487 2769 ἕκαστος
1547 2705 1845 2785 ἐσφίγγετο.

219 2827 242 2851 ιι
270 2796 605 2855 Ἐὄασίλευσε
656 2798 757 2875 γάρ
791 2799 819 2853 6
847 2798 1074 2859 θάνατος
1124 2796 1229 2851 ἀπὸ
1260 2793 1440 2868 Ἀδὰμ
1491 2795 1657 2871 μέχρι
1715 2797 1847 2852 Μω-

219 2892 359 2957 aiax,
385 2888 474 2943 καὶ
507 2888 593 2943 ἐπὶ
625 2886 756 2948 τοὺς
790 2887 865 2959 μὴ
916 2886 1329 2961 ἁμαρτήσαντας
1379 2883 1465 2938 ἐπὶ
1514 2889 1593 2956 τῷ
1641 2884 1849 2956 ὁμοιώο

224 2998 334 3050 ματι
388 2984 487 3047 τῆς
544 2969 910 3051 παραϐάσεως
969 2969 1164 3047 ’Δδάμ.
1196 2993 1222 3026 ιι
1262 2972 1418 3028 Ἀλλ’
1448 2969 1787 3045 ἐπεδήμησεν
1821 2974 1850 3027 6

222 3066 394 3143 Κύριος
467 3069 635 3140 ἡμῶν
694 3065 907 3134 Ἰησοῦς
979 3063 1208 3139 Χριστὸς
1280 3060 1651 3140 λυτρούμενος
1721 3061 1849 3124 τοὺς

222 3154 618 3231 αἰχμαΑώτους,
680 3152 769 3208 καὶ
830 3155 1110 3222 ζωοποιῶν
1169 3150 1297 3213 τοὺς
1351 3152 1849 3223 τεθανατωμένους,

1929 576 1989 626 et
2013 572 2219 628 beatus
2252 572 2464 629 Paulus
2495 573 2579 629 sic
2611 573 2914 643 loquentes
2955 572 3191 629 exhibet.
3222 591 3235 630 :
3274 595 3301 624 «
3331 577 3576 633 Mandu-

1929 677 2130 716 cemus
2159 667 2215 716 et
2244 662 2518 717 bibamus
2547 679 2559 718 :
2594 678 2723 718 cras
2770 661 2926 718 enim
2979 661 3301 718 moriemur
3345 664 3409 719 κ.
3462 685 3490 715 ››
3520 666 3582 722 Si

1932 766 2070 822 ergo
2100 750 2303 806 miseri
2334 750 2419 806 illi
2453 756 2680 806 tantum
2706 767 3056 823 cognoscere
3099 752 3429 821 valuerunt,
3463 754 3581 809 exi-

1932 854 2108 911 guam
2142 838 2366 895 scilicet
2396 856 2461 895 ac
2492 840 2714 896 tristem
2750 855 2878 895 esse
2901 839 3080 896 vitam
3107 857 3275 897 suam
3312 857 3325 898 :
3359 842 3583 899 curbo-

1935 943 2141 983 norum
2176 935 2470 985 auctorem
2498 928 2670 983 citius
2704 945 2817 983 non
2866 927 3139 984 invenere
3168 929 3195 985 ?
3226 929 3421 987 Solius
3468 930 3577 988 ita-

1936 1033 2048 1089 que
2079 1017 2360 1088 sapientis
2391 1023 2479 1073 est
2510 1032 2684 1072 nosse
2733 1033 2926 1072 rerum
2978 1033 3187 1073 causas
3220 1035 3233 1073 :
3265 1018 3577 1077 manifeste

1937 1105 2097 1160 novit
2128 1106 2366 1178 quippe,
2399 1122 2515 1177 quo
2549 1106 2718 1161 modo
2743 1109 2801 1161 et
2831 1122 2947 1177 quo
2978 1105 3091 1161 {ine
3114 1123 3205 1162 res
3235 1106 3400 1164 facta:
3422 1108 3579 1165 sint:

1940 1194 2102 1249 novit
2145 1194 2354 1262 Deum,
2424 1194 2689 1249 omnium
2756 1211 2886 1250 esse
2933 1196 3212 1250 factorem
3274 1213 3286 1251 :
3358 1197 3583 1253 audivit

1941 1281 2160 1355 quippe
2187 1282 2483 1339 dicentem
2520 1282 2866 1355 Apostolum
2903 1299 2915 1339 :
2952 1306 2980 1333 ‹‹
3013 1282 3143 1339 Sive
3192 1286 3585 1357 manducetis,

1941 1370 2061 1426 sive
2089 1371 2312 1444 bibitis,
2342 1371 2463 1429 sive
2511 1372 2653 1445 quid
2704 1372 2942 1441 facitis;
2994 1373 3192 1429 omnia
3236 1374 3298 1429 in
3340 1373 3589 1448 gloriam

1943 1459 2043 1516 Dei
2076 1459 2246 1517 facite
2274 1462 2336 1515 “7.
2372 1485 2402 1513 »
2432 1462 2540 1526 Qui
2571 1477 2705 1518 vero
2739 1462 2858 1517 vita
2890 1462 3069 1533 hujus
3118 1463 3317 1519 seaculi
3364 1464 3591 1538 vivunt,

1945 1554 2223 1621 tanquam
2249 1550 2309 1605 in
2333 1552 2646 1622 juventute
2675 1549 2962 1619 celeriter,
2995 1556 3050 1606 et
3081 1550 3306 1608 malitia
3355 1553 3592 1626 propria

1945 1655 1979 1695 a
2008 1639 2298 1712 principio
2330 1640 2402 1695 ad
2433 1640 2611 1696 ﬁnem
2645 1656 2827 1711 usque
2845 1641 3202 1713 consumpti,
3226 1659 3342 1698 non
3373 1648 3594 1701 norunt

1945 1727 2178 1800 opiﬁcis
2207 1728 2329 1785 Dei-
2362 1728 2507 1785 Nam
2540 1728 2589 1784 si
2623 1736 2814 1785 mente
2845 1746 2953 1784 sua
3003 1734 3274 1787 accurate
3320 1729 3422 1787 illa
3451 1748 3589 1789 con-

1946 1816 2324 1884 siderassent,
2356 1818 2527 1874 citius
2559 1817 2729 1890 plane
2775 1835 2975 1874 eorum
3034 1824 3350 1877 creatorem
3403 1822 3589 1878 Deum

1949 1906 2373 1978 agnovissent:
2415 1926 2436 1954 α
2469 1911 2547 1962 Ex
2600 1907 3005 1979 magnitudine
3060 1908 3216 1963 enim
3273 1926 3342 1965 ac
3398 1914 3594 1983 specie

1951 1999 2374 2061 creaturarum,
2406 2000 2609 2051 auctor
2638 2011 2838 2050 earum
2875 1995 3223 2068 perspicitur
3253 1998 3316 2052 93.
3362 2020 3391 2049 ι)
3423 2001 3593 2057 Viam

1952 2099 2088 2155 ergo
2119 2084 2191 2140 ad
2245 2101 2421 2140 usum
2473 2085 2798 2157 proposuit,
2853 2101 2979 2156 quas
3033 2084 3303 2143 homines
3358 2087 3598 2145 ducata

1954 2172 2238 2230 creaturis
2268 2175 2338 2229 ad
2371 2174 2633 2229 omnium
2668 2178 2984 2229 creatorem
3013 2179 3071 2230 et
3101 2175 3388 2247 opificem.

2025 2444 2079 2499 2.
2114 2441 2242 2497 Haec
2301 2441 2547 2498 orationi
2579 2446 2791 2499 nostra;
2835 2443 3154 2516 prmﬁmus,
3213 2446 3354 2518 quia
3395 2463 3600 2507 omnes

1956 2530 2121 2602 quasi
2154 2547 2290 2586 oves
2338 2536 2702 2599 erraverunt,
2751 2538 2808 2589 et
2858 2533 2999 2605 quia
3038 2559 3064 2584 (ι
3118 2534 3336 2592 invidia
3385 2537 3604 2594 diaboli

1958 2637 2115 2676 mors
2147 2620 2385 2675 intravit
2408 2619 2466 2675 in
2502 2622 2787 2676 mundum
2830 2623 2894 2688 9’,
2925 2647 2946 2675 ι
2984 2639 3049 2679 ac
3094 2624 3344 2682 vinculis
3393 2643 3605 2699 pecca-

1956 2712 2148 2764 torum
2181 2725 2423 2764 suorum
2456 2708 2706 2782 quisque
2722 2712 3163 2784 constringitur.
3203 2736 3224 2762 ι
3262 2715 3550 2786 Regnavit
3586 2734 3600 2773 :

1958 2798 2114 2853 enim
2145 2814 2305 2853 mors
2334 2800 2406 2852 ab
2440 2798 2624 2853 Adam
2658 2815 2846 2870 usque
2895 2801 2967 2854 ad
3018 2800 3259 2871 Mosem,
3311 2802 3486 2858 etiam
3539 2804 3598 2860 in

1957 2904 2057 2944 eos
2087 2886 2185 2959 qui
2215 2903 2332 2943 non
2362 2892 2751 2959 peccaverunt
2776 2886 2835 2943 in
2851 2888 3300 2946 similitudinem
3332 2892 3600 2964 praevari-

1959 2975 2204 3031 cationis
2237 2976 2369 3032 Δάαι
2402 2978 2440 3030 ί.
2477 2998 2503 3024 ››
2534 2976 2642 3031 Sed
2674 2976 2831 3032 venit
2860 2977 3147 3034 Dominus
3196 2984 3396 3036 noster
3420 2982 3596 3039 Jesus

1959 3064 2250 3132 Christus,
2284 3065 2694 3136 redempturus
2723 3066 3003 3138 captivos,
3034 3072 3091 3123 et
3121 3074 3384 3126 mortuos
3408 3071 3601 3127 vivifi-

1960 3159 2219 3211 caturus.
2253 3153 2441 3225 Hujus
2473 3170 2614 3208 sane
2646 3155 2725 3209 rei
2755 3171 2976 3227 gnarus
3012 3156 3218 3213 beatus
3257 3158 3603 3232 Apostolus,

220 3218 424 3316 ’Δμέλει
470 3243 561 3299 καὶ
595 3242 626 3297 6
656 3241 933 3301 θεσπέσιος
963 3239 1319 3308 ’Λπόστολος,
1350 3243 1511 3293 τοῦτο
1560 3237 1855 3312 ἐπιστάμε-

1964 3243 2082 3299 hec
2103 3218 2420 3314 scripsitvzu
2453 3242 2511 3298 Si
2545 3242 2700 3297 enim
2733 3218 2909 3299 uvnins
2942 3244 3152 3301 delicto
3184 3218 3352 3302 multi
3386 3218 3602 3305 mortui

225 3330 529 3410 νος,ἔγραφε
561 3332 767 3406 λέγων’
795 3356 815 3380 ι
844 3329 908 3387 Εἰ
938 3332 1039 3405 γάρ
1068 3333 1149 3402 τῷ
1178 3333 1273 3382 τοῦ
1306 3329 1422 3390 ἑνὸς
1450 3329 1850 3404 παραπτώματι

226 3422 270 3475 ei
296 3419 488 3477 πολλοὶ
520 3416 1029 3491 ἀπέθανον,πολλῷ
1059 3415 1270 3491 μᾶλλον
1289 3422 1367 3489 τῷ
1381 3422 1478 3473 τοῦ
1500 3417 1616 3478 ἑνὸς
1639 3414 1843 3471 δικαιώ-

230 3514 401 3583 ματιή
453 3510 617 3587 χάοις
681 3508 756 3571 είς
815 3506 1016 3569 πάντας
1069 3507 1383 3583 ἀνθρώπους
1442 3506 1519 3569 είς
1578 3504 1853 3561 δικαίωσιν

232 3605 376 3668 ζωῆς.
408 3623 434 3650 ››
464 3595 821 3671 Ἐπεδήμησε
848 3600 1136 3673 τοιγαροῦν
1168 3597 1306 3672 πρὸς
1354 3598 1501 3668 ἡμᾶς
1552 3596 1581 3649 ὁ
1623 3600 1726 3665 ζῶν
1768 3595 1857 3650 καὶ

232 3688 434 3762 ἐνεργὴς
461 3692 557 3742 τοῦ
590 3691 728 3743 Θεοῦ
759 3683 957 3759 Λόγος,
988 3684 1078 3738 καὶ
1109 3683 1266 3739 εἰκὼν
1299 3686 1334 3754 ἡ
1362 3682 1802 3761 ἀπαράλλακτος,
1831 3685 1859 3739 6

232 3777 338 3839 Υἱὸς
367 3779 394 3832 6
427 3777 751 3851 μονογενὴς,
786 3797 812 3825 ι(
845 3770 916 3829 δι’
947 3773 1010 3828 οὗ
1044 3772 1324 3849 γεγόνασιν
1358 3774 1410 3828 οἱ
1442 3773 1651 3845 αἲίῶνες,
1685 3775 1862 3852 φέρων

231 3885 281 3919 τε
302 3865 364 3920 τὰ
388 3866 559 3921 πάντα
584 3868 671 3937 τῷ
726 3863 930 3940 ῥήματι
986 3864 1084 3931 τῆς
1141 3860 1422 3935 δυνάμεως
1478 3861 1664 3935 αὐτοῦ,
1693 3864 1861 3917 καθα-

235 3954 407 4027 ρισμὸν
432 3959 539 4010 τῶν
572 3956 857 4027 ἁμαρτιῶν
889 3951 1282 4025 ποιησάμενος.
1320 3975 1342 4002 ι
1378 3951 1472 4005 Διὸ
1533 3949 1861 4007 ἀποστέλλει

236 4038 319 4097 δύο
395 4042 637 4115 μαθητάς
722 4041 798 4103 είς
878 4041 976 4109 τὴν
1053 4040 1325 4095 κατέναντι
1408 4040 1626 4113 κώμην,
1689 4039 1861 4116 λέγων

235 4131 353 4207 πρὸς
378 4132 590 4194 αὐτούς·
634 4157 655 4181 ι
706 4129 1014 4206 Πορεύθητε
1064 4129 1139 4192 είς
1187 4130 1287 4199 τὴν
1345 4128 1539 4202 κώμην
1589 4130 1688 4197 τήν
1735 4150 1860 4183 κατ-

238 4219 390 4275 έναντι
464 4221 619 4294 ὑμῶν
657 4263 672 4289 ,
733 4218 822 4273 καὶ
901 4216 1096 4280 εὐθέως
1183 4218 1437 4292 εὑρήσετε
1510 4213 1633 4272 ὄνον
1706 4214 1863 4272 δεδε-

242 4307 412 4381 μένην,
469 4308 559 4364 καὶ
634 4304 824 4362 πῶλον
903 4307 1018 4380 μετ’
1074 4304 1280 4376 αὐτῆς·
1342 4304 1597 4368 λύσαντες
1650 4305 1868 4381 ἀγάγετέ

245 4417 344 4467 μοι.
380 4421 405 4446 ιι
435 4400 714 4461 Ματθαῖος
770 4396 864 4469 μὲν
907 4392 1214 4472 διαγράφων
1264 4396 1364 4464 τὴν
1397 4392 1745 4465 Ἐκκλησίαν,
1776 4393 1866 4449 καὶ

239 4485 299 4539 τὰ
345 4485 391 4559 ἐξ
449 4485 614 4555 αὐτῆς
672 4483 960 4559 γενόμενα,
1020 4478 1141 4539 ὄνον
1197 4485 1288 4539 καὶ
1346 4483 1534 4539 πῶλον
1594 4482 1864 4557 ὠνόμασε·

1963 3336 2139 3400 sunt;
2173 3331 2358 3387 multo
2408 3331 2598 3403 magis
2640 3332 2818 3389 unius
2858 3332 3281 3403 justiticatione
3327 3336 3601 3409 gratiain

1965 3436 2168 3477 omnes
2199 3420 2467 3476 homines
2497 3421 2566 3476 ad
2589 3420 2882 3492 justitiam
2904 3421 3033 3477 vita;
3059 3423 3080 3457 ²
3113 3445 3143 3473 ››
3166 3424 3606 3497 Peregrinalum

1965 3509 2164 3582 itaque
2195 3509 2265 3564 ad
2309 3526 2417 3564 nos
2463 3514 2554 3565 est
2604 3509 2801 3565 vivum
2849 3515 2906 3566 et
2942 3511 3145 3568 efficax
3191 3511 3290 3569 Dei
3321 3513 3603 3581 Verbum,

1965 3604 2139 3670 atque
2165 3597 2360 3670 imago
2392 3596 2775 3665 invariabilis,
2816 3598 2996 3656 Filius
3051 3602 3409 3674 unigenitus,
3450 3627 3471 3652 ι
3505 3618 3608 3675 per

1970 3704 2142 3760 quem
2175 3687 2386 3742 saecula
2421 3687 2569 3742 facta
2601 3692 2759 3756 sunt,
2812 3694 3167 3760 portansquo
3214 3690 3408 3746 omnia
3434 3692 3609 3747 verbo

1969 3777 2202 3832 virtutis
2233 3793 2374 3841 suae,
2408 3776 2811 3847 purgationem
2856 3783 3226 3848 peccatorum
3260 3778 3477 3835 faciens
3503 3779 3547 3835 ⁸.
3581 3800 3610 3830 ιι

1971 3865 2193 3921 Idcirco
2227 3864 2407 3919 mittit
2435 3863 2762 3936 discipulos
2809 3865 2956 3921 duos
3008 3866 3067 3920 in
3115 3866 3426 3923 castellum
3455 3884 3486 3923 e
3517 3884 3608 3924 re-

1973 3955 2143 4027 gione
2175 3954 2376 4023 situm,
2401 3953 2602 4008 dicens
2633 3953 2717 4008 eis
2751 3969 2765 4008 :
2800 3976 2828 4005 «
2872 3956 2952 4009 Ite
2985 3956 3041 4009 in
3093 3955 3397 4012 castellum
3456 3957 3612 4029 quod

1973 4048 2176 4100 contra
2203 4059 2305 4098 vos
2335 4047 2443 4111 est,
2476 4047 2533 4097 et
2564 4042 2760 4097 statim
2793 4042 3102 4100 invenietis
3146 4044 3371 4101 asinam
3406 4044 3614 4119 alliga-

1973 4136 2116 4200 tam,
2149 4136 2206 4186 et
2235 4122 2460 4203 pullum
2494 4146 2623 4185 cum
2659 4148 2763 4199 ea;
2796 4131 3000 4187 solvite
3032 4139 3088 4188 et
3117 4134 3386 4190 adducite
3415 4134 3615 4191 mihi.»

1974 4222 2125 4278 375
2193 4220 2499 4276 Matthaeus
2568 4220 2803 4292 quidem
2874 4223 3211 4279 describens
3270 4222 3617 4293 Ecclesiam,

1975 4312 2221 4382 ejusque
2251 4308 2498 4381 prolem,
2530 4310 2757 4365 asinam
2790 4315 2847 4366 et
2878 4310 3103 4382 pullum
3137 4312 3478 4369 nominavit.
3510 4314 3619 4368 Lu-

1978 4416 2076 4455 cas
2104 4415 2236 4454 vero
2269 4398 2325 4453 in
2360 4415 2542 4454 unum
2575 4401 2747 4454 ambo
2779 4400 3133 4472 complexus,
3170 4401 3396 4474 pullum
3431 4401 3621 4458 nomi-

1979 4492 2081 4543 nat
2115 4505 2128 4542 :
2163 4487 2243 4542 ait
2265 4487 2420 4542 enim
2454 4488 2577 4558 ipse
2607 4488 2863 4545 Lucasin
2897 4489 3206 4562 Evangelio
3228 4508 3335 4547 suo
3369 4508 3381 4547 :
3418 4489 3623 4547 «Misit

246 4581 433 4638 Λουκᾶς
464 4573 522 4630 δὲ
558 4575 628 4632 τὰ
662 4574 943 4653 ἀμφότερα
1005 4573 1083 4635 εἰς
1142 4572 1266 4647 μίαν
1328 4568 1551 4643 ἑνότητα
1606 4572 1864 4650 ἀνακεφα-

1980 4577 2127 4632 duos
2158 4573 2478 4649 discipulos
2506 4593 2645 4633 suos
2671 4577 2911 4634 dicens:
2946 4583 3027 4634 Ite
3059 4579 3117 4634 in
3139 4578 3442 4636 castellum
3469 4578 3622 4652 quod

247 4661 572 4736 λαιούμενος,
632 4662 820 4719 πῶλον
875 4661 1150 4735 ὀνομάζω
1183 4662 1315 4740 φησὶ
1369 4662 1471 4738 γὰρ
1529 4661 1672 4716 οὕτω
1734 4669 1868 4716 Λου-

245 4758 331 4814 κᾶς
358 4750 407 4807 ἐν
448 4758 529 4825 τῷ
575 4752 697 4807 καθ’
728 4750 916 4806 ἑαυτὸν
969 4748 1309 4826 Εὖαγγελίῳο
1342 4775 1370 4805 ιι
1405 4750 1720 4806 Ἀπέστειλε
1773 4747 1869 4806 δύο

247 4844 339 4894 τῶν
397 4844 652 4915 μαθητῶν
710 4839 896 4911 αὐτοῦ,
936 4839 1122 4894 εἰπών’
1172 4838 1425 4915 Ὑπάγετε
1481 4839 1556 4902 εἷς
1592 4841 1692 4909 τὴν
1749 4860 1874 4894 κατ-

251 4931 407 4985 έναντι
463 4931 681 5004 κώμην
718 4928 768 4985 ἐν
880 4928 1321 5003 εἰσπορευόμενοι
1378 4930 1632 5005 εὑρήσετε
1686 4928 1873 4985 πῶλον

254 5014 540 5092 δεδεμένον,
572 5018 649 5098 ἐφ’
677 5020 736 5074 ’ὸν
769 5016 945 5081 οὐδεὶς
1002 5018 1226 5074 πώποτε
1282 5018 1581 5093 ἀνθρώπων
1642 5017 1872 5073 ἐκάθισε·

256 5103 491 5172 λύσαντες
522 5106 746 5184 ἀγάγετέ
777 5127 891 5181 μοι.
927 5132 954 5159 ››
986 5108 1251 5184 Εὑρήσεις
1312 5106 1400 5162 οῦν
1454 5107 1546 5162 τὸν
1598 5109 1874 5171 Ματθαῖον

255 5202 519 5273 πανταχοῦ
564 5194 659 5253 δύο
712 5195 1075 5271 ὀνομάζοντα,
1101 5194 1192 5250 τὸν
1239 5192 1296 5250 δὶ
1326 5201 1535 5251 Λουκᾶν
1586 5194 1662 5258 εἰς
1708 5194 1764 5250 ’ὲν
1810 5196 1879 5250 τά

257 5280 343 5339 δύο
396 5285 904 5364 ἀνακεφαλαιοῦντα.
938 5286 1064 5340 Οἷον
1122 5286 1211 5340 καὶ
1270 5283 1358 5340 ἐπὶ
1412 5289 1521 5340 τῶν
1572 5283 1817 5363 τυφλῶν,
1850 5286 1879 5339 6

258 5377 515 5439 Ματθαῖος
576 5373 668 5431 δύο
725 5372 889 5430 πάλιν
951 5372 1228 5447 ὀνομάζει,
1281 5371 1466 5429 εἰπών’
1523 5397 1552 5426 ι(
1596 5372 1700 5432 Καὶ
1738 5392 1881 5448 παρ-

260 5460 428 5537 άγοντι
458 5463 648 5529 ἐκεῖθεν
678 5469 758 5537 τῷ
786 5465 963 5535 Ἰησοῦ
1007 5461 1390 5535 ἠκολούθησαν
1439 5461 1587 5536 αὖτῷ
1643 5459 1739 5517 δύο
1791 5483 1884 5519 τυ-

326 5609 615 5684 381113,",
644 5614 700 5680 5,
730 5612 784 5667 6.
885 5612 929 5648 ⁸⁸
958 5611 980 5667 Ι
1011 5610 1278 5684 Cor._xv,
1321 5611 1412 5668 32.

326 5609 368 5643 "
394 5610 527 5683 Sap.
560 5628 615 5684 ιι,
644 5614 700 5680 5,
730 5612 784 5667 6.
885 5612 929 5648 ⁸⁸
958 5611 980 5667 Ι
1011 5610 1140 5668 Cor.
1183 5628 1278 5680 xv,
1321 5611 1412 5668 32.
1516 5610 1559 5646 ’7
1607 5609 1785 5668 ICor.
1817 5626 1864 5677 ιι1

265 5677 285 5714 ³
311 5679 443 5739 ibid.
478 5683 565 5745 15.
632 5685 654 5720 ³
685 5683 856 5743 Hebr.
890 5699 933 5757 ι,
962 5683 1020 5740 3.
1099 5684 1120 5720 ⁴
1150 5682 1286 5742 Luc.
1316 5700 1430 5754 xix,
1460 5682 1551 5758 29,
1585 5682 1674 5739 30.
1752 5682 1774 5720 ⁵
1796 5681 1864 5739 Ma

1964 5649 1996 5664 ..
2071 5609 2118 5644 ⁰⁸
2147 5610 2238 5682 Sal

1964 5698 2003 5745 ι.
2039 5697 2116 5756 1x,
2146 5682 2238 5739 27.

1980 4669 2183 4721 contra
2222 4682 2323 4720 vos
2379 4669 2468 4720 est
2502 4682 2513 4718 :
2549 4664 2608 4720 in
2668 4667 2819 4735 quod
2876 4667 3262 4738 introeuntes,
3318 4666 3625 4725 invenietis

1981 4753 2210 4827 pullum
2243 4754 2420 4808 asina!
2454 4752 2779 4826 alligatum,
2813 4755 2905 4810 cui
2940 4772 3107 4812 nemo
3139 4773 3398 4829 unquam
3437 4756 3627 4813 homi-

1983 4860 2124 4898 num
2159 4843 2309 4898 sedit
2335 4859 2347 4898 :
2373 4842 2756 4898 solviteillum
2784 4848 2841 4899 et
2871 4845 3145 4901 adducite
3179 4847 3320 4901 mihi
3352 4847 3431 4902 ‘.»
3465 4846 3627 4901 Inve-

1986 4934 2112 4989 nies
2144 4933 2340 5003 itaque
2371 4931 2706 4989 Matthtsum
2738 4933 2857 4989 duo
2901 4934 3120 5007 ubique
3151 4935 3486 5003 nominare;
3524 4935 3630 4991 Lu-

1986 5037 2112 5077 cam
2146 5036 2276 5075 vero
2306 5021 2420 5076 duo
2451 5020 2508 5074 in
2546 5038 2729 5076 unum
2762 5022 3089 5093 complecti.
3150 5023 3494 5096 Cujnsmodi
3542 5027 3632 5080 est

1987 5108 2129 5164 illud
2164 5109 2234 5164 de
2265 5109 2607 5181 cmcis,quos
2641 5110 2945 5167 Mattheus
2975 5113 3123 5168 duos
3154 5112 3292 5169 item
3326 5116 3629 5180 memorat,

1987 5198 2187 5253 dicens
2240 5214 2252 5253 :
2297 5220 2323 5246 ‹‹
2373 5198 2443 5252 Et
2490 5203 2832 5255 transeunte
2880 5199 3015 5256 inde
3065 5200 3227 5272 Jesu,
3261 5201 3445 5257 secuti
3494 5205 3636 5257 sunt

1988 5303 2123 5343 eum
2168 5287 2284 5342 duo
2339 5287 2491 5355 caeci,
2543 5287 2867 5344 clamantes
2921 5294 2977 5345 et
3019 5289 3326 5347 dicentes:
3362 5290 3637 5346 Miserere

1990 5374 2197 5442 nostri,
2233 5374 2311 5430 ﬁli
2346 5375 2526 5432 David
2558 5376 2599 5432 ⁵.
2637 5398 2665 5426 ››
2699 5376 2885 5434 Lucas
2939 5395 3075 5434 vero
3135 5378 3282 5435 duos
3340 5379 3400 5434 in
3449 5392 3634 5434 unum

1991 5462 2349 5536 complexus,
2385 5464 2467 5521 ait
2500 5483 2513 5521 :
2550 5487 2578 5516 ‹‹
2611 5465 2853 5522 Factum
2887 5471 2975 5524 est
3005 5472 3226 5538 autem,
3259 5484 3393 5523 cum
3427 5478 3636 5539 appro-

2071 5609 2118 5644 ⁰⁸
2147 5610 2285 5686 Sep.
2316 5627 2441 5681 xm,
2471 5613 2525 5667 5.
2634 5613 2679 5659 οο
2724 5614 2861 5686 Sep.
2912 5628 2973 5681 ιι,
3003 5612 3092 5669 24.
3172 5615 3189 5648 ¹
3241 5611 3409 5668 Rom.
3457 5626 3512 5685 v,
3546 5608 3634 5670 14.
