4026 6204
409 405 430 461 1
447 404 558 463 027

1578 402 1642 460 S.
1690 394 2209 460 ATHANASIUS.
2234 427 2314 440 —-
2343 394 2650 457 SPURIA.

3680 396 3871 458 1028

409 536 721 605 pinquaret
760 530 1013 600 Jericho,
1073 545 1259 588 caecus
1310 530 1549 604 quidam
1594 530 1835 587 sedebat
1883 545 2029 586 secu:

2166 525 2317 605 φλοὶ,
2350 526 2636 601 κράζοντες
2678 524 2768 579 καὶ
2819 524 3092 602 λέγοντες’
3126 551 3155 578 ‹‹
3188 525 3442 597 Ἐλέησον
3492 530 3684 600 ἡμᾶς,
3726 530 3868 589 υἱὸς

406 624 555 679 viam
579 621 1012 678 mendicans.Et
1035 638 1167 677 cum
1194 620 1425 678 audiret
1450 621 1677 676 turbam
1703 624 2055 693 praetereun-

403 718 544 775 tem,
578 711 992 785 interrogabat,
1039 711 1176 783 quid
1231 710 1343 766 hoc
1391 722 1567 767 esset.
1619 710 1900 765 Dixerunt
1948 725 2054 764 au-

402 806 519 858 tem
553 802 627 870 ei,
662 801 816 873 quod
845 801 1018 857 Jesus
1049 801 1305 856 Nazaren
1320 817 1385 855 us
1414 800 1711 870 transiret,
1747 804 1801 854 et
1833 797 2055 853 clama-

399 893 481 947 vit
529 892 730 946 dicens
784 908 796 947 :
846 890 1009 959 Jesu,
1061 888 1140 943 fili
1195 889 1397 957 David,
1448 888 1723 945 miserere
1773 886 1888 943 mei
1928 887 1971 941 ⁸.
2021 907 2049 936 ››

400 980 685 1036 Similiter
717 979 1115 1051 deprehendes
1147 978 1536 1034 dthODlRCOS
1567 978 1716 1033 duos
1748 977 2050 1032 nominare

408 1070 791 1137 Matthazum;
843 1069 1057 1123 Lucam
1106 1084 1239 1123 vero
1280 1066 1638 1122 accuratiore
1688 1068 1898 1131 mente,
1958 1065 2051 1136 pie

403 1176 506 1233 pro
533 1159 761 1215 duobus
792 1173 977 1213 unum
1009 1155 1217 1212 dicere.
1262 1155 1569 1211 Matthteus
1598 1171 1734 1227 ergo
1782 1155 1853 1209 de
1901 1153 2046 1208 duo-

401 1250 513 1305 bus
544 1249 627 1303 sic
660 1246 922 1320 loquitur
955 1264 967 1302 :
1002 1269 1029 1298 «
1063 1247 1129 1301 Et
1160 1262 1293 1301 cum
1329 1244 1582 1300 venisset
1638 1248 1801 1299 trans
1833 1242 2047 1299 fretum

401 1338 457 1393 in
492 1337 788 1408 regionem
823 1337 1270 1400 Gerasenorum,
1304 1337 1687 1390 occurrerunt
1716 1331 1774 1397 rei
1800 1331 1914 1387 duo
1945 1331 2046 1387 ba-

401 1427 602 1483 bentes
641 1425 949 1491 daemonia,
1000 1425 1069 1480 de
1122 1423 1522 1479 monumentis
1571 1425 1872 1492 exeuntes,
1914 1419 2047 1476 εωνί

402 1516 581 1573 nimis
609 1516 651 1571 ⁷.
678 1538 705 1567 ››
745 1519 926 1571 Lucas
957 1530 1090 1569 vero
1140 1529 1326 1568 unum
1360 1528 1463 1585 pro
1522 1512 1752 1567 duobus
1810 1508 2049 1582 scripsit

397 1605 492 1662 his
522 1604 713 1661 verbis
748 1623 761 1661 :
796 1628 823 1655 ι(
858 1604 929 1659 Et
968 1618 1101 1658 cum
1135 1617 1410 1674 egressus
1470 1604 1627 1657 esset
1675 1600 1747 1655 ad
1807 1602 2044 1668 terram,

398 1692 650 1751 occurrit
681 1692 765 1748 illi
792 1692 881 1748 vir
926 1691 1166 1764 quidam
1220 1705 1290 1746 ex
1337 1690 1500 1759 urbe,
1532 1688 1630 1761 qui
1662 1688 1915 1744 habebat
1939 1687 2047 1743 daa-

396 1783 596 1840 monia
618 1781 741 1851 jam
774 1799 807 1837 a
839 1781 1204 1853 temporibus
1245 1777 1449 1834 multis
1480 1778 1520 1832 3.
1557 1800 1585 1827 »
1635 1777 1860 1848 Ubique
1908 1791 2044 1848 ergo

395 1873 735 1930 Matthaeum
770 1871 1029 1927 invenies
1061 1885 1291 1941 semper
1320 1868 1389 1924 de
1416 1867 1648 1924 duobus
1682 1865 2040 1939 loquentem,

395 1965 607 2019 Lucam
640 1964 836 2018 autem
868 1961 937 2015 de
980 1976 1116 2016 uno.
1165 1957 1289 2013 Non
1323 1957 1480 2030 quod
1539 1956 1738 2012 divina
1767 1954 2041 2010 labantur

394 2050 729 2126 Evangelia,
782 2048 970 2106 absit!
1017 2064 1119 2105 nec
1176 2047 1328 2118 quod
1380 2046 1649 2119 opposita
1698 2044 2038 2116 loquantur,

396 2141 495 2215 qui
532 2158 649 2197 uno
699 2140 1022 2211 eodemque
1073 2136 1290 2210 Spiritu
1346 2140 1547 2192 sancto
1597 2133 1800 2207 repleti
1850 2136 2034 2190 sunt:

390 2246 569 2287 unam
600 2230 758 2287 enim
789 2229 1172 2306 eamdemque
1215 2225 1329 2280 vim
1379 2223 1561 2281 sacris
1608 2220 1819 2280 litteris
1850 2221 2037 2278 sancti

388 2320 498 2377 viri
529 2323 896 2377 conservant.

389 2410 600 2472 ἑαυτοῖς
657 2406 978 2486 ἐφθέγξαντο
1027 2405 1078 2460 οἱ
1128 2402 1179 2475 ἐξ
1228 2404 1342 2465 ἑνὸς
1388 2406 1484 2458 τοῦ
1530 2399 1685 2477 ἁγίου
1732 2400 2046 2474 Πνεύματος
2094 2396 2491 2475 ἐμυοροῦμενοι

385 2503 491 2555 τῶν
526 2497 690 2575 ἁγίων
721 2499 947 2574 Γραφῶν
979 2492 1203 2567 δύναμιν
1237 2493 1288 2547 οἱ
1320 2493 1488 2568 ἅγιοι.

458 2610 510 2663 3.
554 2608 774 2663 Horum
826 2622 993 2677 porro
1043 2603 1259 2659 mentio
1290 2619 1325 2658 a
1372 2601 1541 2657 nobis
1591 2601 1742 2655 facta
1772 2603 1880 2668 est,
1916 2614 2032 2652 non

388 2700 540 2770 quod
562 2695 855 2769 proposito
880 2698 1076 2749 nostro
1101 2690 1752 2748 exciderimus.Lectum
1779 2703 2032 2758 namque

388 2788 499 2843 fuit
545 2786 736 2853 nobis,
783 2789 847 2839 ut
894 2781 1223 2851 audivistis,
1275 2779 1652 2851 Evangelium
1702 2776 2029 2834 secundum

385 2873 749 2930 Matthmum.
793 2872 1106 2943 Scriptura
1138 2884 1308 2940 porro
1367 2866 1659 2923 sententia
1717 2866 1836 2920 haac
1893 2867 2026 2920 est:

388 2985 415 3014 (ι
448 2965 611 3019 Tunc
647 2961 808 3017 misit
837 2961 1011 3016 Jesus
1043 2959 1191 3014 duos
1221 2955 1771 3029 discipulos,dicens
1800 2954 1884 3009 eis
1912 2969 1925 3007 :
1951 2957 2032 3008 Ite

383 3053 441 3106 in
476 3050 804 3117 castellum,
840 3048 994 3120 quod
1028 3052 1229 3102 contra
1252 3062 1355 3102 vos
1386 3049 1477 3100 est
1508 3060 1522 3099 :
1549 3048 1605 3100 et
1640 3043 1841 3098 statim
1872 3042 2028 3097 iuve-

384 3141 559 3196 nietis
590 3141 816 3195 asinam
850 3136 1170 3209 alligatam,
1193 3139 1251 3190 et
1282 3132 1510 3207 pullum
1538 3149 1671 3188 cum
1704 3149 1792 3200 ea,
1825 3131 2031 3186 solvite

381 3236 438 3285 et
469 3229 743 3284 adducite
774 3226 940 3283 mihi.
976 3247 1004 3274 »
1054 3224 1186 3280 Jam
1245 3240 1425 3295 supra
1480 3222 1737 3277 diximus
1799 3219 2026 3276 asinam

381 3315 905 3383 istam,Ecclesiam
936 3330 1066 3370 esse
1096 3313 1449 3383 exgentibus
1482 3315 1739 3366 coactam
1777 3328 1790 3366 :
1828 3307 2026 3381 pullus

379 3413 598 3474 autem,
633 3410 795 3479 pater
825 3409 1023 3459 noster
1051 3402 1235 3457 Adam
1268 3406 1375 3470 est,
1411 3416 1585 3472 quem
1616 3400 1865 3455 Satanas
1896 3397 2052 3453 νον-⁷

377 3497 551 3551 sutiis
583 3496 706 3552 suis
737 3493 1015 3565 alligavit.
1051 3493 1184 3563 Ipsa
1213 3490 1429 3562 quippe
1459 3489 1623 3544 asina
1647 3487 2023 3543 immundum

375 3589 499 3641 erat
524 3584 741 3641 animal
775 3585 889 3650 ’,ut
917 3599 1040 3653 quae
1064 3581 1261 3636 cibum
1287 3596 1399 3635 non
1427 3577 1753 3633 ruminaret
1783 3591 2021 3632 sursum

373 3675 641 3732 ducendo
672 3691 738 3730 ac
767 3672 1130 3730 demittendo
1166 3687 1178 3727 :
1215 3687 1339 3742 quae
1379 3674 1469 3725 est
1517 3667 1783 3741 gentium
1827 3666 2022 3722 Eccle-

373 3764 480 3820 sia.
514 3764 660 3819 Nam
691 3762 937 3818 antehac
970 3759 1070 3816 illa
1091 3758 1263 3815 idolis
1316 3758 1441 3813 suis
1486 3756 2017 3823 contaminabatur,

372 3852 795 3924 immundoque
826 3846 1534 3924 polluebatursanguine;
1566 3847 1649 3901 ita
1670 3849 1732 3900 ut
1757 3863 1859 3917 per
1888 3844 2020 3900 Jere

371 3944 548 3997 mium
581 3941 921 4014 prophetam
955 3939 1006 3995 ei
1038 3939 1271 3993 dicatur
1303 3961 1317 4004 ;
1355 3959 1383 3987 «
1416 3935 1723 3991 Fornicata
1770 3951 1833 3989 es
1881 3949 2015 3988 cum

368 4032 707 4102 pastoribus
755 4029 962 4084 multis
999 4029 1080 4094 ¹⁰;
1122 4050 1150 4077 ››
1179 4026 1280 4081 sed
1330 4025 1431 4080 Dei
1487 4024 1664 4080 Filius
1708 4021 2014 4078 hominum

369 4118 918 4188 amantissimus,ad
951 4133 1056 4172 nos
1080 4114 1483 4188 peregrinatus
1505 4124 1626 4169 est:
1665 4135 1692 4163 (ι
1723 4117 1780 4168 et
1809 4111 2013 4167 habitu

368 4203 640 4261 inventus
673 4210 736 4261 ut
764 4206 961 4261 homo.
1012 4202 1348 4259 humiliavit
1394 4203 1777 4273 semetipsum
1829 4202 2015 4256 factus

368 4294 647 4351 obediens
678 4309 866 4365 usque
896 4293 967 4347 ad
1014 4295 1281 4359 mortem,
1335 4298 1578 4346 mortem
1628 4294 1825 4346 autem
1876 4306 2012 4345 cru-

369 4381 453 4436 cis
485 4384 548 4438 “.
584 4405 612 4432 ››
646 4381 844 4454 Neque
864 4379 1020 4436 enim
1035 4379 1376 4452 angelorum
1401 4380 1651 4450 erat,Dei
1683 4385 2012 4435 creaturam

367 4469 588 4527 salvam
620 4472 807 4527 facere
842 4487 856 4539 ;
889 4470 988 4526 sed
1037 4468 1235 4536 Verbi,
1287 4468 1384 4523 Dei
1434 4473 1490 4524 et
1554 4467 1831 4523 hominis.
1894 4467 2012 4540 Ipsi

365 4561 583 4633 quippe
614 4560 857 4617 debetur
885 4558 1051 4630 illud,
1099 4563 1300 4630 utpote
1357 4557 1453 4627 qui
1511 4566 1733 4612 creator
1788 4556 2013 4612 dicere-

366 4655 481 4706 tur.
518 4650 699 4706 Mittit
727 4650 927 4722 itaque
957 4647 1277 4720 discipulus
1308 4648 1457 4701 duos
1516 4645 1576 4700 in
1637 4644 1945 4700 castellum
1978 4661 2009 4701 e

2164 610 2349 671 Δαϐίδ.
2384 638 2410 667 ››
2444 615 2507 670 Ὀ
2566 611 2621 667 δὲ
2680 621 2889 678 Λουκᾶς
2944 614 3071 679 τοὺς
3132 613 3231 672 δύο
3289 614 3362 678 εἷς
3404 613 3501 671 ἕνα
3550 619 3863 679 busta-

2164 702 2490 777 λαιοόμενός
2524 722 2705 780 φησιν·
2741 705 3049 779 «Ἐγένετο
3100 702 3157 760 δὲ
3208 704 3259 760 ἐν
3308 710 3387 778 τῷ
3430 707 3691 782 εγγὶζειν
3756 678 3863 760 αὖ·

2159 793 2250 847 τὸν
2285 793 2361 855 εἷς
2392 793 2632 867 Ἱεριχὼ,
2665 792 2869 869 τυφλός
2900 816 2982 856 τις
3033 794 3264 866 ἐκάθητο
3317 798 3463 871 παρᾶ
3513 798 3625 864 τὴν
3692 793 3860 868 ὁδὸν,

2159 886 2492 957 προσαιτῶν.
2523 881 2786 943 Ἀκούσας
2817 879 2873 937 δὲ
2904 879 3081 959 ὄχλου
3132 880 3633 958 διαπορευομένου),
3676 884 3860 938 ἐπυν-

2160 971 2348 1026 θάνετο
2403 970 2456 1025 τί
2498 970 2556 1025 ἂν
2615 968 2698 1041 εἶή
2749 968 2929 1027 τουτο.
2991 972 3350 1049 Ἀπήγγειλαν
3403 970 3461 1027 δῖε
3506 973 3706 1046 αὐτῷ,
3766 973 3857 1027 ἔτι

2160 1061 2368 1130 Ἰησοῦς
2403 1061 2430 1114 ὁ
2466 1065 2765 1132 Ναζαραῖος
2798 1062 2909 1133 (93)
2944 1063 3298 1137 παρέρχεται,
3326 1061 3414 1117 καὶ
3466 1057 3694 1133 ἐϐόητε
3758 1062 3859 1117 λέ-

2155 1168 2287 1225 γων·
2330 1150 2510 1219 Ἰησοῦ
2567 1149 2647 1203 υἱὲ
2707 1145 2893 1222 Δαϐὶδ,
2930 1149 3153 1221 ἐλέησόν
3211 1173 3295 1225 με.
3349 1177 3377 1202 n
3422 1151 3697 1224 Ὁμοίως
3757 1154 3858 1207 χαί

2158 1238 2245 1292 ἐπὶ
2304 1243 2409 1293 τῶν
2464 1236 2929 1312 δαιμονιζομένων
2976 1239 3227 1315 εὑρήσεις
3275 1241 3363 1295 τὸν
3400 1242 3498 1313 μὲν
3532 1244 3856 1296 Μπθαῖον

2158 1325 2252 1382 δύο
2286 1327 2642 1399 ὀνομάζοντα,
2672 1327 2762 1382 τὸν
2811 1324 2869 1382 δῖε
2917 1334 3125 1384 Λουκᾶν
3173 1323 3525 1406 ἀκριϐεστέρα
3735 1327 3861 1384 8m-

2156 1416 2275 1487 νοία
2326 1411 2558 1478 εὒσεϐῶς
2607 1416 2721 1471 ἀντὶ
2770 1421 2877 1471 τῶν
2925 1413 3020 1472 δύο
3067 1414 3161 1472 ἕνα
3191 1418 3462 1495 εἰρηκότα.
3500 1420 3711 1489 Φησῖν
3753 1418 3854 1473 οὖν

2155 1506 2183 1560 ὁ
2216 1507 2492 1568 Ματθαῖος
2524 1504 2647 1581 περὶ
2677 1510 2786 1560 τῶν
2818 1503 2913 1560 δύο
2959 1506 3150 1568 οὕτως’
3189 1532 3215 1560 ‹‹
3248 1507 3344 1562 Καὶ
3392 1506 3623 1565 ἐλθόντι
3686 1509 3860 1580 αὐτῷ

2155 1593 2230 1656 εἷς
2261 1594 2323 1649 τὸ
2353 1596 2518 1669 πέραν
2553 1593 2627 1656 εἷς
2655 1595 2754 1663 τήν
2787 1595 2974 1670 χώραν
3016 1600 3124 1649 τῶν
3178 1600 3516 1672 Γερασηνῶν,
3555 1597 3855 1667 ὑπήντη-

2155 1704 2247 1738 σαν
2279 1682 2425 1756 αὐτῷ
2456 1681 2550 1737 δύο
2583 1680 3044 1757 δαιμονιζόμενοι,
3079 1683 3138 1739 έκ
3165 1689 3273 1740 τῶν
3318 1685 3615 1758 μνημείων
3686 1686 3853 1760 $55,:-

2153 1773 2405 1848 χόμενοι,
2439 1770 2678 1848 χαλεποὶ
2711 1771 2854 1828 λίαν.
2893 1798 2920 1823 ››
2952 1772 3161 1836 ,Χοόκᾶς
3210 1771 3267 1829 δὲ
3310 1773 3436 1837 τοὺς
3468 1772 3571 1829 δύο
3606 1775 3713 1836 εἷς
3746 1773 3852 1830 ἕνα

2153 1862 2373 1938 γράφων
2444 1860 2626 1937 ἔλεγεν
2660 1880 2760 1925 °_«
2819 1860 3119 1932 Ἐξελθόντι
3180 1860 3236 1917 δὲ
3295 1864 3438 1935 αὐτῷ
3494 1863 3551 1919 ἐν
3606 1869 3702 1938 τῇ
3770 1870 3848 1939 τῇ

2151 1951 2452 2023 ὑπήντησεν
2486 1952 2623 2026 ἁνήρ
2652 1972 2735 2012 τις
2766 1950 2825 2005 ἐκ
2851 1953 2949 2019 τῆς
2993 1950 3228 2021 πόλεως,
3263 1951 3322 2014 ὅς
3375 1953 3493 2029 εἶχε
3545 1951 3849 2027 δαιμόνια

2150 2040 2208 2096 ἐκ
2237 2039 2451 2116 χρόνων
2483 2040 2702 2096 ἱκανῶν.
2740 2062 2768 2090 ››
2804 2045 3093 2114 Πανταχοῦ
3125 2039 3215 2094 οὖν
3246 2042 3493 2115 εὖρήσεις
3520 2042 3620 2096 τὸν
3668 2049 3847 2099 Ματ-

2149 2132 2297 2185 θαῖον
2330 2127 2521 2192 διττῶς
2553 2128 2674 2205 περὶ
2708 2127 2921 2183 πάντων
2977 2131 3365 2207 φθεγγόμενον·
3398 2132 3488 2185 τὸν
3543 2129 3603 2186 δὲ
3680 2142 3843 2188 Λου-

2147 2225 2243 2273 κᾶν
2302 2218 2492 2279 ἑνικῶς
2539 2214 2948 2293 διαλεγόμενον.
2981 2221 3142 2273 Ὥστε
3191 2217 3288 2273 οὐκ
3334 2218 3663 2297 ἐσφαλμένα
3726 2221 3842 2275 εἶσὶ

2144 2308 2212 2362 τὰ
2243 2312 2359 2371 θεῖα
2390 2305 2724 2382 Εὖαγγέλια,
2760 2308 2835 2379 μὴ
2868 2308 3114 2382 γένοιτοέ
3147 2305 3271 2362 οὔτε
3328 2306 3489 2363 πάλιν
3558 2309 3845 2365 ἀντίθετα

2528 2415 2540 2428 '
2590 2396 2714 2469 μίαν
2766 2396 2869 2472 γὰρ
2918 2396 3005 2451 καὶ
3056 2397 3154 2465 τὴν
3203 2396 3367 2466 αὐτὴν
3422 2398 3677 2467 σώζουσι
3740 2396 3843 2454 8ιᾶ

2211 2596 2263 2651 3.
2295 2592 2521 2649 Τούτων
2557 2590 2612 2648 δὲ
2641 2593 2730 2647 καὶ
2763 2595 2929 2665 ἡμεῖς
2960 2591 3438 2665 ἐμνημονεύσαμεν
3488 2593 3597 2647 οὐκ
3648 2595 3832 2650 Eata-.2-

2141 2681 2323 2744 σόντες
2379 2687 2477 2736 τοῦ
2534 2680 2925 2758 προκειμένου*
2976 2682 3287 2756 ἀνεγνώσθη
3345 2682 3444 2758 γὰρ
3503 2685 3685 2755 ἡμῖν,
3746 2686 3829 2745 ὡς

2138 2769 2426 2840 ἠκούσατε,
2479 2769 2804 2846 Εὗαγγέλιον
2853 2772 2915 2825 τὸ
2964 2771 3099 2825 κατὰ
3146 2772 3439 2827 Ματθαῐον.
3472 2773 3541 2828 Ἠ
3593 2770 3657 2826 δὲ
3716 2794 3825 2827 πε·-

2139 2861 2305 2935 ριοχή
2359 2867 2458 2929 τῆς
2508 2866 2722 2937 Γραφῆς
2769 2857 2906 2914 ἐστιν
2958 2859 3114 2929 αὕτη·
3157 2884 3185 2911 ‹‹
3214 2859 3344 2914 Τότε
3390 2861 3609 2929 Ἰησοῦς
3668 2862 3785 2916 εἰπέ

2139 2948 2316 3005 στειλε
2373 2946 2468 3003 δύο
2521 2948 2783 3021 μαθητὰς,
2843 2946 3016 3024 λέγων
3078 2947 3299 3010 αὐτοῖς·
3354 2949 3681 3023 Πορεῦθητε
3738 2951 3823 3012 εἷς

2135 3039 2235 3106 τὴν
2294 3040 2511 3111 κώμην,
2544 3038 2643 3106 τὴν
2702 3037 2972 3091 κατέναντι
3026 3037 3200 3109 ὑμῶν,
3241 3036 3331 3091 καὶ
3378 3036 3580 3100 εὐθέως
3634 3039 3815 3111 εὑρή-

2139 3147 2254 3182 σετε
2310 3122 2428 3181 ὄνον
2481 3122 2798 3199 δεδεμένην,
2828 3125 2916 3180 καὶ
2965 3124 3149 3181 πῶλον
3205 3128 3320 3199 μετ’
3357 3125 3548 3195 αὐτῆς·
3592 3127 3817 3182 λῦσαν-

2135 3237 2221 3277 τες
2277 3215 2495 3292 ἀγάγετέ
2549 3237 2661 3289 μοι.
2695 3238 2722 3266 ››
2753 3211 2896 3285 Ἤδη
2950 3217 3375 3290 προειρήκαμεν,
3428 3214 3511 3270 ὅτι
3563 3216 3717 3285 αὕτη
3775 3221 3813 3285 ἦ

2139 3301 2257 3367 ὄνος
2304 3307 2338 3374 ἡ
2391 3304 2554 3359 ἐθνῶν
2603 3303 2899 3372 Ἐκκλησία
2946 3302 3274 3379 ἐτύγχανεν
3327 3305 3354 3358 ὁ
3402 3301 3459 3359 δὲ
3515 3304 3731 3368 πῶλος
3783 3309 3814 3361 ὁ

2136 3395 2316 3470 πατὴρ
2360 3395 2520 3467 ἡμῶν
2572 3390 2752 3465 Ἀδάμ
2800 3391 2965 3461 ἐστιν,
2996 3393 3053 3448 ’ὸν
3100 3390 3287 3463 ἔδησεν
3318 3394 3345 3447 ὁ
3378 3400 3629 3455 Σατανᾶς
3680 3402 3812 3456 ταῖς

2133 3483 2297 3537 αὑτοῦ
2327 3480 2704 3556 πανουργίαις.
2739 3481 2886 3552 Αὕτη
2926 3484 3025 3557 γὰρ
3057 3483 3090 3551 ἡ
3126 3478 3249 3544 ὄνος
3297 3481 3605 3555 ἀκάθαρτον
3657 3488 3807 3552 ζῶον

2133 3571 2491 3648 ἐχρημάτιζε,
2528 3572 2603 3643 μὴ
2665 3570 2951 3646 ἀνάγουσα,
3001 3572 3140 3643 μήτε
3193 3572 3494 3646 κατάγουσα
3554 3593 3808 3647 μηρυκε-

2132 3656 2289 3734 σμόν·
2329 3661 2449 3730 ἥτις
2508 3658 2647 3715 ἐστὶν
2703 3662 2737 3729 ἡ
2793 3658 2842 3731 ἐξ
2902 3658 3066 3723 ἐθνῶν
3126 3658 3445 3729 Ἐκκλησια·
3502 3659 3801 3732 ἐμιαίνετο

2129 3749 2231 3825 γὰρ
2264 3750 2370 3824 πρὸ
2398 3748 2592 3804 τούτου
2618 3747 2669 3802 έν
2700 3753 2817 3810 τοῖς
2850 3744 3103 3809 εἰδώλοις
3136 3748 3325 3817 αὐτῆς,
3354 3748 3443 3802 καὶ
3474 3747 3799 3820 ἐμολῦνετο

2129 3839 2180 3893 ἐν
2211 3844 2329 3900 τοῖς
2361 3839 2682 3912 ἀκαθάρτοις
2731 3836 2974 3909 αἵμασιν·
3010 3837 3084 3898 ὡς
3136 3836 3382 3912 λέγεσθαι
3437 3837 3581 3910 πρὸς
3617 3838 3795 3908 αὐτὴν

2128 3924 2217 3983 διὰ
2242 3928 2507 4004 Ἱερεμίου
2538 3929 2649 4000 (94)
2679 3930 2775 3981 τοῦ
2806 3928 3117 4004 προφήτουο
3154 3926 3554 4001 «Ἐμοίχευσας
3588 3926 3645 3981 ἐν
3671 3949 3800 3982 ποι-

2129 4018 2251 4090 μέσι
2299 4015 2555 4076 πολλοῖς
2592 4038 2619 4067 ››
2650 4014 2773 4071 ἀλλ’
2808 4016 2836 4069 ὁ
2884 4013 3269 4090 φιλάνθρωπος
3322 4019 3420 4069 τοῦ
3467 4020 3611 4069 Θεοῦ
3666 4018 3798 4079 Υἱὸς

2126 4104 2439 4178 ἐπεδήμησε
2466 4105 2599 4179 πρὸς
2632 4106 2796 4177 ἡμᾶς,
2831 4129 2857 4155 ‹‹
2891 4103 2980 4158 καὶ
3012 4105 3260 4178 σχήματι
3312 4103 3544 4178 εὑρεθεὶς
3582 4106 3663 4166 ὡς
3695 4104 3794 4158 ἆν-

2125 4207 2362 4267 θρωπος,
2408 4193 2752 4248 ἐταπείνωσεν
2804 4193 3012 4262 ἑαυτὸν,
3043 4192 3335 4268 γενόμενος
3387 4193 3637 4262 ὑπήκοος
3692 4194 3795 4265 μὲ-

2122 4303 2217 4360 χρι
2267 4284 2512 4353 θανάτου,
2546 4282 2775 4336 θανάτου
2823 4278 2880 4336 δὲ
2929 4280 3181 4357 σταυροῦ.
3220 4305 3244 4331 υ
3287 4280 3363 4339 Οὐ
3408 4282 3513 4357 γὰρ
3566 4283 3641 4351 ἦν
3690 4284 3792 4360 ἀγ-

2119 4370 2294 4448 γέλων
2325 4371 2388 4425 τὸ
2420 4375 2587 4425 σῶσαι
2629 4371 2800 4425 κτίσιν
2853 4375 3010 4439 Θεοῦ,
3043 4368 3188 4426 ἀλλᾶ
3254 4369 3451 4446 Λόγου,
3483 4376 3627 4426 Θεοῦ
3692 4372 3790 4425 καὶ

2122 4461 2428 4537 ἀνθρώπου.
2462 4458 2624 4531 Αὐτῷ
2654 4460 2758 4535 γὰρ
2786 4458 2877 4514 καί
2916 4458 3296 4535 ἐχρεωστεῖτο,
3329 4464 3407 4530 τῷ
3439 4459 3525 4513 καὶ
3581 4460 3785 4534 κτίστῃ

2121 4548 2417 4625 εἰρημένῳ.
2450 4547 2806 4604 Ἀποστέλλει
2839 4547 2929 4602 οὖν
2960 4547 3085 4609 τοὺς
3116 4545 3211 4603 δυο
3260 4548 3503 4620 μαθητὰς
3545 4549 3628 4610 εἷς
3677 4551 3785 4617 τήν

2122 4639 2397 4694 κατέναντι
2457 4638 2653 4711 κώμην
2715 4636 2875 4692 λῦσαι
2930 4639 3027 4706 τὴν
3084 4633 3207 4692 ὄνον
3265 4638 3354 4692 καὶ
3411 4637 3500 4691 τὸν
3548 4635 3783 4707 πῶλον,

366 4738 600 4811 regione
628 4739 830 4805 situm,
853 4739 950 4810 qui
977 4737 1268 4794 solverent
1289 4735 1516 4793 asinam
1549 4739 1725 4806 atque
1758 4733 2010 4806 pullum,

2134 4753 2150 4780 ς‹
2178 4726 2269 4782 ’ἱνα
2324 4729 2640 4802 παραστήσῃ
2691 4726 2856 4796 αὐτὴν
2912 4728 3086 4798 ἑαυτῷ
3144 4724 3357 4795 ἔνδοξον
3417 4724 3783 4799 Ἐκκλησῖαν,

365 4852 393 4879 ‹‹
429 4833 492 4883 ut
519 4828 777 4885 exiberet
805 4844 931 4885 eam
974 4827 1084 4883 sibi
1130 4825 1445 4898 gloriosam
1496 4822 1835 4892 Ecclesium,
1891 4841 2008 4880 non

365 4916 675 4974 habentem
706 4916 962 4989 amplius
996 4916 1310 4983 maculam,
1344 4918 1445 4970 aut
1474 4913 1695 4985 aliquid
1729 4928 1953 4983 eorum,
1980 4935 2008 4964 ››

361 5023 487 5077 qua:
519 5005 793 5078 superius
824 5006 978 5060 dicta
1007 5010 1149 5061 sunt
1177 5002 1362 5060 deilla
1388 5020 1400 5058 :
1422 5002 1523 5059 sed
1553 5024 1580 5053 «
1614 5006 1677 5057 ut
1707 5000 1786 5056 sit
1808 5005 2011 5059 sancta

362 5101 421 5151 et
452 5094 830 5150 immaculata
861 5093 1163 5149 Christo”.
1188 5116 1215 5143 »ι
1248 5094 1335 5149 Ita
1365 5093 1522 5148 enim
1554 5092 1655 5162 qui
1685 5108 1754 5146 ex
1782 5108 1850 5146 ea
1871 5107 1996 5147 nas-

361 5187 568 5240 centur
600 5182 782 5238 futuri
816 5186 957 5238 sunt
985 5205 1012 5232 ‹‹
1052 5180 1304 5253 populus
1326 5179 1727 5253 acceptabilis,
1756 5184 2012 5237 sectator

360 5272 648 5329 bonorum
680 5286 923 5344 operum
957 5271 1024 5325 η.
1058 5291 1089 5320 ››

428 5451 450 5487 ⁶
482 5450 622 5507 Luc.
652 5466 810 5520 xvm,
842 5448 1043 5520 35-38.
1111 5448 1131 5482 "
1162 5446 1368 5520 Matth.
1407 5448 1498 5502 28.

361 5522 406 5558 ¹²
434 5522 645 5596 Ephes.
668 5538 724 5590 ν,
755 5518 846 5576 27.
927 5521 970 5557 ¹³
1001 5519 1115 5576 Tit.
1147 5535 1212 5587 ιι,
1242 5518 1338 5575 lli.

430 5717 544 5795 (93)
574 5717 736 5793 Reg.,
770 5718 1105 5793 Ναζωραῖος.

1609 5447 1630 5482 ⁸
1659 5445 1795 5502 Luc.
1829 5462 1956 5517 vm,
1985 5447 2075 5501 27.

2124 4818 2317 4891 μηκέτι
2367 4815 2598 4891 ἔχουσαν
2648 4812 2837 4870 σπῖδον
2891 4817 2925 4884 ἤ
2979 4813 3185 4890 ῥυτίδα,
3218 4815 3253 4884 ἣ
3304 4812 3445 4870 ἄλλο
3495 4835 3545 4868 τι
3604 4841 3635 4865 ››
3666 4821 3781 4870 τῶν

2118 4907 2530 4982 προλεχθέντων
2563 4903 2685 4978 περὶ
2719 4904 2907 4974 αὐτῆς·
2943 4903 3067 4960 ἀλλ’
3104 4930 3124 4954 ι
3156 4902 3249 4958 ἵνα
3277 4903 3313 4979 ᾖ
3341 4903 3462 4978 ἁγία
3489 4903 3580 4957 καὶ
3616 4902 3781 4977 ἄμω-

2123 5017 2222 5070 μος
2268 4999 2348 5067 τῷ
2394 4998 2627 5068 Χριστῷ.
2662 5021 2684 5049 ι
2722 4993 2912 5056 Οὕτως
2958 4994 3058 5069 γὰρ
3109 4992 3200 5048 καὶ
3248 4994 3315 5047 τὰ
3424 4993 3595 5061 αὐτῆς
3647 5014 3783 5067 γει-

2118 5086 2332 5157 νώμενα
2379 5082 2587 5139 ἔσονται
2638 5082 2712 5145 εἷς
2746 5111 2771 5134 «ι
2806 5082 2937 5137 λαὸν
2978 5081 3316 5158 περιούσιον,
3351 5078 3608 5150 ζηλωτὴν
3670 5102 3777 5135 και

2120 5173 2233 5231 λῶν
2264 5171 2455 5249 ἔργων.
2490 5197 2520 5225 ››

2189 5445 2211 5481 ⁸
2239 5443 2418 5503 Lavit.
2439 5459 2517 5499 xu.
2551 5442 2605 5512 4,
2720 5441 2764 5479 ¹⁰
2793 5442 2911 5500 Jer.
2945 5458 3032 5511 III,
3065 5444 3117 5499 1.
3257 5443 3302 5479 ﬂ
3336 5437 3581 5512 Philipp.
3615 5456 3681 5512 ῐῐ,
3708 5439 3770 5496 7.

2175 5711 2289 5788 (94)
2325 5711 2462 5785 Reg.
2493 5711 2551 5781 2,
2580 5704 2671 5766 διὰ
2700 5705 2943 5768 Ἡσαΐου.
2975 5710 3107 5770 Mox
3134 5710 3316 5780 idem,
3346 5703 3676 5782 ἐμοιχεύσω.
