4026 6204
451 338 569 400 103
581 343 604 399 ι
1607 329 1671 392 S.
1726 327 2244 391 ATHANASIUS.
2277 364 2357 375 —
2383 329 2689 393 SPURIA.
3689 341 3810 405 4032

451 472 540 525 via
572 468 929 528 veritatis.At
958 467 1059 524 Dei
1089 467 1270 524 Filius
1310 480 1450 537 erga
1478 463 1747 519 homines
1782 462 2039 534 benignu

2219 458 2587 533 ἐπιτρέποντες
2620 466 2687 537 τῇ
2730 460 2843 536 ὁδῷ
2888 470 2988 534 τῆς
3042 464 3321 536 ἀληθείας.
3376 465 3533 523 Ἀλλ’
3578 469 3606 523 6
3655 471 3809 546 φιλάν-

450 561 518 614 ad
570 576 755 633 genus
807 558 1137 613 humanum
1192 554 1619 628 peregrinatus,
1662 569 1767 608 nos
1811 550 2040 607 liberavi

2218 551 2424 623 ipamoc
2471 556 2571 607 τοῦ
2596 557 2730 609 Θεοῦ
2760 553 2904 622 Υἱὸς,
2935 551 3282 627 ἐπιδημήσας
3312 560 3394 629 τῷ
3432 556 3569 632 γένει
3612 558 3706 613 τῶν
3742 561 3808 615 ἆνο

452 648 719 719 Proprios
751 647 906 703 enim
938 645 1261 717 discipulos
1294 640 1771 713 misit,solvitque
1793 656 1950 695 nosa
1982 638 2042 693 vi:

2219 638 2465 715 θρώπων,
2524 639 2896 715 ἠλευθέρωσεν
2952 645 3123 716 ἡμᾶς.
3200 643 3516 701 Ἀπέστειλε
3570 648 3663 721 γαρ
3710 651 3809 717 τοὺς

448 736 595 792 culis
619 734 1154 793 diaboli.Mirabilia
1174 734 1370 805 itaque
1392 732 1492 786 illa
1515 729 1684 800 signa
1706 747 1737 784 a
1757 729 1895 786 Jesu
1917 729 2038 784 edit

2218 728 2399 784 ἑαυτοῦ
2433 731 2702 803 μαθητὰς,
2733 731 2821 785 καὶ
2854 726 3039 786 ἔλυσεν
3070 734 3220 804 ἡμᾶς
3266 732 3326 789 ἐκ
3370 737 3481 788 τῶν
3523 740 3617 789 τοῦ
3660 732 3808 791 διαϐό-

447 824 582 880 licet
611 824 936 880 secundum
967 821 1275 879 historiam
1307 818 1575 876 sensibili
1605 820 1773 876 modo
1807 816 1958 873 facta
1981 816 2036 871 fu

2220 818 2310 872 λου
2361 815 2595 891 δεσμῶν.
2638 818 2846 877 Ούκοῦν
2894 821 2963 876 τὰ
3008 820 3277 896 γενόμενα
3327 821 3605 899 παράδοξα
3648 834 3810 899 σημεῖα

450 914 589 983 rint,
630 918 689 969 at
726 910 1123 985 spiritualium
1145 910 1336 983 gratia
1364 911 1532 981 gesta
1557 911 1714 964 sunt.
1746 905 1881 970 Quae
1913 904 2040 960 Ῐιὶειι

2216 908 2350 982 παρὰ
2394 913 2492 963 τοῦ
2545 911 2746 980 Ἰησοῦ,
2803 910 2898 964 κᾶν
2963 909 3234 981 αἰσθητῶς
3281 913 3417 967 κατὰ
3466 914 3563 982 τήν
3612 914 3806 991 ἱστορίαν

449 1004 593 1058 riam
627 1005 892 1074 spectant
936 999 1176 1072 impleta
1228 998 1467 1070 quidem
1498 1000 1659 1063 sunt,
1682 999 1857 1068 atque
1886 993 2039 1049 divin

2218 995 2440 1072 ἐγένετο,
2471 994 2617 1052 ἀλλὰ
2645 1003 2856 1069 νοητῶν
2903 1002 3064 1076 χάριν
3114 998 3347 1075 ἐγένετω
3395 1001 3662 1059 Ἐτελεῖτο
3707 1010 3808 1079 γοῦν

449 1109 542 1148 res
562 1097 747 1158 erant,
774 1107 901 1164 qua
923 1088 996 1145 iis
1023 1088 1530 1161 signiﬁcabantur.
1552 1085 1674 1142 Nisi
1705 1083 1863 1140 enim
1885 1082 2039 1138 divin

2216 1085 2269 1139 ιά
2296 1088 2394 1155 τῆς
2439 1086 2702 1163 ἱστορίαςο
2752 1088 2840 1143 καὶ
2888 1087 3183 1164 πράγματα
3226 1092 3291 1159 ἦν
3325 1097 3442 1155 θεῖα
3489 1093 3556 1147 τὰ
3584 1096 3806 1166 σημαινὸο

448 1198 540 1237 res
574 1181 821 1236 fuissent
850 1178 1217 1252 significatis,
1249 1192 1622 1249 nequaquam
1658 1173 1952 1247 pr0pheta
1993 1189 2038 1227 ai

2215 1195 2360 1247 μενα.
2393 1176 2457 1233 Ei
2492 1177 2569 1251 μή
2599 1176 2703 1251 γὰρ
2734 1177 3023 1253 πράγματα
3060 1179 3178 1234 θεῖα
3223 1181 3287 1249 ἦν
3331 1179 3400 1234 τὰ
3448 1181 3805 1256 σημαινόμενα,

442 1273 682 1326 ventum
734 1268 923 1341 ipsius
972 1265 1418 1340 praenuntiaturi
1464 1265 1731 1321 fuissent.
1774 1261 1955 1318 Isaias
1986 1262 2030 1317 it

2216 1262 2303 1318 36x
2328 1263 2387 1319 ἂν
2421 1264 2593 1327 οὕτως
2643 1262 2843 1338 ἔμελλε
2890 1271 3008 1328 τοῖς
3048 1268 3355 1345 προφήταις
3382 1269 3705 1345 προκηρύξαι
3735 1273 3806 1327 αὖ·

445 1375 559 1432 que
601 1358 819 1414 clamat
861 1357 1061 1413 dicens
1114 1374 1126 1412 :
1182 1377 1210 1406 «
1262 1355 1405 1412 Ecce
1453 1354 1572 1410 Rex
1618 1356 1760 1408 tuus
1801 1350 1958 1407 venit
1984 1350 2029 1406 ti

2214 1357 2297 1407 τοῦ
2369 1354 2468 1423 τὴν
2547 1351 2864 1427 ἐπιδημίαν.
2941 1353 3163 1418 Ἡσαΐας
3260 1355 3351 1412 οὖν
3450 1359 3574 1434 βοᾷ,
3645 1360 3804 1437 λέγων·

445 1452 813 1515 mansuetus,
846 1447 1056 1504 sedens
1085 1462 1262 1517 super
1290 1445 1519 1500 asinam
1550 1447 1608 1498 et
1639 1440 1867 1515 pullum
1900 1439 2035 1495 ﬁliu:

2216 1467 2229 1493 ‹
2264 1440 2404 1498 Ἰδοὺ
2436 1444 2465 1497 6
2499 1442 2751 1519 βασιλεύς
2783 1464 2877 1498 σου
2910 1440 3128 1521 ἔρχεταί
3188 1466 3273 1501 σοι
3328 1447 3528 1522 πραῢς,
3584 1449 3664 1503 καὶ
3713 1450 3805 1505 ἐπι-

439 1536 771 1610 subjugalis
801 1537 863 1591 ²⁰.
907 1535 1072 1592 Hisce
1102 1551 1136 1591 a
1162 1538 1299 1592 Jesu
1341 1531 1714 1589 mirabilibus
1744 1533 2029 1603 perpetrat

2214 1525 2451 1602 ἵεϐηκὼς
2482 1530 2570 1587 ἐπὶ
2600 1528 2722 1587 ὄνον
2752 1531 2840 1588 καὶ
2866 1531 3078 1600 πῶλον,
3112 1534 3228 1589 υἱὸν
3272 1536 3593 1612 ὑποζυγίου·
3642 1564 3662 1593 ι
3708 1541 3804 1594 Ἐπὶ

436 1625 622 1699 signis
646 1624 792 1681 nihil
822 1625 1244 1697 adjiciendum,
1276 1622 1425 1679 nihil
1467 1620 1916 1678 detrahendum.
1949 1617 2026 1673 0n

2213 1619 2412 1682 τούτοις
2467 1626 2584 1683 τοῖς
2642 1622 2950 1697 γενομένοις
3015 1621 3339 1699 παραδόξοις
3396 1626 3647 1700 σημείοις
3688 1630 3803 1704 παρᾶ

436 1715 534 1769 nia
565 1714 722 1771 enim
764 1713 1012 1786 perfecte
1054 1716 1113 1768 et
1156 1712 1379 1783 absque
1422 1709 1543 1767 ullo
1595 1709 1825 1765 defectu
1874 1704 2026 1762 effeci

2210 1711 2290 1763 τοῦ
2323 1709 2503 1779 Ἰησοῦ
2553 1708 2653 1765 οὐκ
2683 1707 2824 1766 ἔστιν
2874 1711 2997 1767 οὗτε
3043 1718 3367 1787 προσθῆναι,
3418 1712 3545 1770 οὔτε
3599 1716 3800 1794 ἀφελεῖν.

430 1804 565 1860 Erat
602 1819 857 1875 namque
886 1806 1092 1875 potens
1116 1801 1177 1856 in
1207 1817 1379 1873 Opere
1407 1803 1464 1856 et
1483 1797 1910 1855 sermone.Haec
1940 1810 2020 1850 sai

2211 1797 2375 1853 ilaivm
2421 1799 2522 1873 γὰρ
2571 1798 2798 1861 τελείως
2842 1801 2932 1855 καὶ
2961 1799 3269 1864 ἀνελλιπῶς
3299 1802 3579 1874 ἐποίησεν.
3613 1808 3698 1861 Ἤν
3721 1808 3801 1881 γὰρ

424 1892 740 1951 Psalmista
768 1891 1025 1948 declarat
1072 1890 1168 1946 his
1209 1890 1401 1946 verbis
1430 1907 1444 1946 :
1482 1912 1504 1938 ι
1540 1887 1854 1959 Accingere
1883 1882 2014 1958 glad

2208 1885 2409 1949 Ξυνατὸς
2439 1886 2490 1942 ἐν
2522 1884 2704 1964 ἔργοις
2734 1888 2823 1943 καὶ
2873 1889 3063 1964 Λόγοις
3114 1889 3300 1949 αὐτοῦ.
3360 1890 3585 1966 Ἀμέλει
3627 1894 3798 1949 τούτων

422 1987 525 2038 tuo
555 1997 735 2054 super
762 1981 954 2036 femur
983 1985 1169 2047 tuum,
1195 1977 1624 2052 potentissime.
1651 1975 1856 2049 Specie
1891 1978 1991 2029 tua

2206 1976 2412 2047 ληνύων
2442 1976 2529 2032 καὶ
2563 1978 2590 2032 ὁ
2623 1974 2927 2052 ψαλμῳδὸς
2959 1977 3129 2055 ἔλεγε·
3169 2004 3189 2032 ι
3228 1978 3531 2057 Περίζωσαι
3565 1984 3661 2051 τήν
3687 1983 3796 2059 ῥομ-

423 2070 860 2144 pulchritudine
906 2074 1033 2134 tua,
1080 2068 1340 2136 intende,
1405 2081 1681 2140 prospere
1715 2063 1983 2138 procede,

2206 2066 2343 2141 ραίαν
2372 2087 2469 2121 σου
2498 2065 2587 2121 ἐπὶ
2618 2067 2709 2122 τὸν
2758 2067 2934 2143 μηρόν
2978 2089 3095 2139 σου,
3146 2066 3357 2127 δυνατὲ.
3405 2076 3482 2145 Τῇ
3534 2073 3796 2149 ὡραιότητί

425 2176 606 2233 regna
634 2160 702 2215 ²¹.
741 2182 762 2209 ο
800 2159 1009 2231 Magna
1057 2158 1255 2229 itaque
1284 2155 1542 2230 potentia
1572 2172 1681 2212 sua
1708 2158 1897 2210 totum
1929 2151 2011 2207 lib

2201 2176 2281 2210 νου
2310 2154 2400 2219 καὶ
2427 2160 2507 2228 τῷ
2536 2153 2730 2212 κάλλει
2762 2178 2857 2211 σου
2888 2157 2977 2213 καὶ
3004 2154 3200 2213 ἔκτεινε
3228 2161 3365 2233 (96),
3392 2160 3483 2215 καὶ
3513 2160 3791 2234 κατευοδοῦ,

426 2250 576 2306 ravit
603 2248 929 2306 humanum
964 2264 1166 2322 genus.

2202 2244 2270 2299 ιαὶ
2303 2244 2574 2320 βασίλευε.
2610 2269 2637 2297 ››
2668 2248 2745 2320 Τῇ
2772 2250 2899 2322 γοῦν
2934 2244 3159 2320 δυνάμει
3192 2248 3360 2305 αὐτού
3388 2249 3458 2324 τῇ
3491 2250 3687 2327 μεγάλῃ
3710 2258 3792 2307 ai-

2182 2354 2272 2388 σαν
2305 2333 2648 2410 ἠλευθέρωσε
2679 2336 2776 2403 τήν
2808 2335 3222 2410 ἀνθρωπόττ,τα.

489 2428 543 2484 6.
577 2431 710 2484 Haec
740 2443 912 2500 porro
941 2426 1113 2482 Jesus
1146 2424 1482 2498 signaiecit
1512 2437 1769 2496 praesens
1798 2420 1922 2493 ipse
1965 2435 2069 2475 no-

2248 2425 2302 2481 6.
2334 2427 2509 2478 Ταῦτα
2541 2421 2598 2478 δὲ
2628 2422 2849 2495 ἐποίησε
2875 2425 2941 2480 τὰ
2980 2431 3180 2499 σημεῖα
3209 2428 3396 2501 παρὼν
3446 2427 3605 2492 αὐτὸς
3644 2431 3669 2485 ὁ
3698 2431 3783 2500 Ἰη-

426 2518 676 2585 hiscum,
710 2520 776 2573 ut
804 2516 1122 2572 timeamus
1145 2532 1178 2570 a
1221 2513 1365 2570 lacie
1394 2514 1543 2584 ejus.
1578 2511 1740 2577 Quod
1775 2513 1969 2565 autem
2002 2525 2016 2564 ε

2192 2516 2303 2574 τοῦς
2337 2514 2453 2585 μεθ’
2484 2514 2668 2585 ἡμῶν,
2703 2511 2795 2568 ’ίνα
2842 2508 3172 2592 φοϐηθῶμεν
3224 2515 3330 2571 ἀπὸ
3380 2520 3667 2594 προσώπου
3708 2519 3782 2574 αὖ·

421 2608 543 2663 sint
572 2605 873 2663 sensibilis
919 2603 1313 2677 spiritualium
1364 2600 1647 2675 symbols,
1692 2599 1850 2655 audi.
1896 2598 2011 2654 Ven

2192 2605 2297 2657 :06.
2346 2603 2470 2659 "Ott
2530 2599 2586 2657 δὲ
2633 2603 2698 2657 τὰ
2754 2602 2985 2673 αἰσθητᾶ
3053 2600 3305 2679 σύμϐολα
3379 2610 3588 2677 νοητῶν
3646 2608 3782 2677 ἐστιν,

419 2699 635 2770 quippe
656 2695 920 2752 Salvator
940 2696 997 2749 in
1022 2693 1228 2767 primis
1260 2698 1323 2749 ut
1340 2690 1598 2747 hominis
1615 2690 1872 2745 animam
1900 2688 2009 2742 ben

2190 2688 2356 2747 ἱκουε.
2393 2689 2739 2763 Ἐπεδήμησε
2766 2693 2866 2767 γὰρ
2898 2692 2927 2746 6
2960 2693 3179 2770 Σωτὴρ,
3204 2692 3297 2749 ’ἶνα
3324 2696 3422 2764 τὴν
3473 2702 3568 2751 τοῦ
3606 2697 3780 2772 ἀνθρώο

419 2787 546 2841 ficio
598 2786 859 2841 donaret.
912 2787 988 2838 At
1033 2781 1505 2855 quandoquidem
1565 2778 1766 2833 multis
1798 2778 1997 2849 ignoto

2186 2800 2278 2834 που
2321 2781 2507 2855 ψυχὴν
2552 2781 2978 2857 προηγουμένως
3028 2781 3365 2859 εὐεργετήσῃ.
3415 2782 3572 2841 Ἀλλ’
3625 2785 3776 2855 ἐπειδή

415 2875 561 2931 illud
603 2875 751 2930 877
788 2879 931 2939 erat,
967 2890 1067 2945 per
1108 2871 1440 2927 curationes
1488 2869 1599 2924 sub
1630 2872 1931 2939 aspectum
1965 2882 2005 2920 cz

2187 2872 2332 2923 τοῦτο
2363 2874 2478 2932 τοῖς
2510 2868 2746 2932 πολλοῖς
2787 2867 3064 2945 ἄγνωστον
3110 2872 3200 2941 ἦν,
3241 2869 3330 2926 διὲι
3376 2878 3482 2928 τῶν
3529 2875 3777 2950 ὁρωμένων

417 2968 641 3036 dentes,
674 2963 962 3021 occultam
992 2963 1242 3019 salutem
1270 2961 1477 3017 animas
1517 2959 1832 3014 indicabat.
1869 2956 2007 3011 Enin

2189 2958 2366 3012 Laiasmv
2413 2958 2511 3026 τήν
2560 2958 2939 3034 κεκρυμμένην
2996 2961 3095 3027 τῆς
3140 2963 3327 3035 ψυχῆς
3379 2963 3641 3036 σωτηρίαν
3672 2962 3779 3019 ἐδεί-

415 3073 550 3111 vero
582 3055 717 3126 ipsi,
767 3056 909 3109 dum
955 3053 1299 3108 concederet
1329 3053 1699 3122 peccatorum
1748 3046 2005 3119 paralytii

2186 3067 2346 3102 ινυεν.
2405 3046 2628 3120 Ἀμέλει
2680 3051 2761 3119 τῷ
2813 3046 3179 3121 παραλυτικῴ
3235 3050 3419 3126 ἄφεσιν
3477 3056 3583 3106 τῶν
3636 3055 3776 3127 ἁμαρ-

413 3141 996 3212 remissionem,fides
1032 3157 1145 3195 non
1168 3139 1527 3195 habebatur:
1556 3136 1826 3192 dicebant
1848 3134 2003 3208 quip]

2181 3140 2299 3190 σιῶν
2360 3132 2751 3212 δωρησάμενος
2804 3138 3106 3204 ἡπιστεῖτο·
3157 3135 3345 3212 ἔλεγον
3395 3141 3494 3214 γὰρ
3538 3140 3771 3198 Ἰουδαῖοι*

411 3230 596 3288 Judaei
631 3248 644 3285 :
677 3254 706 3280 «
740 3210 877 3294 Quis
905 3234 1093 3300 potest
1141 3233 1376 3300 peccata
1407 3226 1721 3295 dimittere,
1756 3225 1866 3280 nisi
1899 3222 2001 3280 SOil

2181 3250 2198 3275 ι
2233 3224 2325 3287 Τίς
2358 3222 2576 3279 δύναται
2608 3226 2871 3297 ἁμαρτίας
2904 3225 3132 3303 ἀφιέναι,
3159 3225 3203 3280 εἰ
3238 3228 3314 3299 μή
3351 3229 3515 3300 μόνος
3546 3232 3573 3285 ὁ
3600 3231 3771 3295 856;;-

414 3320 566 3375 Deus
585 3318 751 3373 “Wa
772 3316 989 3373 Dehinc
1009 3323 1318 3389 postquam
1345 3316 1499 3387 quod
1524 3314 1816 3370 occultum
1841 3329 1905 3368 uc
1929 3331 2004 3385 pri

2188 3312 2332 3384 Εἶτα,
2383 3312 2571 3382 ἐπειδὴ
2628 3314 2689 3368 τὸ
2744 3314 2940 3392 ἀφανὲς
2976 3315 3064 3369 καὶ
3120 3318 3530 3391 προηγούμενον
3586 3322 3778 3389 ποιήσας

412 3409 655 3480 cipuum
685 3412 809 3462 erat
837 3405 1087 3461 latenter
1126 3407 1373 3471 fecerat;
1405 3404 1663 3460 secundo
1700 3401 1822 3457 loco
1853 3419 2002 3474 corp:

2186 3400 2449 3474 ἐλάνθανε,
2482 3403 2617 3457 κατά
2648 3400 2895 3475 δεύτερον
2930 3402 3092 3478 λόγον
3139 3404 3231 3458 καὶ
3278 3407 3339 3460 τὸ
3399 3412 3552 3479 σῶμα
3604 3409 3776 3462 ἰάσατο.

415 3496 657 3554 curavit.
702 3496 797 3552 Ait
853 3496 1006 3550 cnim
1062 3495 1173 3567 ipsi
1210 3512 1222 3549 :
1256 3518 1283 3543 ‹‹
1319 3493 1526 3566 Surge,
1577 3491 1713 3547 tolle
1759 3492 1999 3562 grabatu

2185 3493 2311 3547 Εἶπε
2338 3493 2438 3566 γὰρ
2472 3490 2636 3562 αὐτῷ·
2672 3516 2696 3542 (ι
2747 3492 3016 3567 Ἕγειραι,
3065 3494 3190 3566 ἆρον
3223 3495 3313 3548 τὸν
3365 3492 3651 3573 κράϐὅατὸν
3684 3518 3775 3561 σου,

412 3594 608 3654 tuum,
637 3590 695 3641 et
727 3583 966 3642 ambula
998 3585 1065 3639 ³³.
1094 3607 1114 3633 ι
1153 3582 1330 3638 Vides
1354 3600 1528 3654 quam
1555 3580 1668 3637 cito
1690 3579 1785 3636 hic
1815 3580 2002 3635 vini-.ul

2186 3580 2261 3634 ωιῖ
2312 3580 2615 3655 περιπάτει.
2670 3606 2696 3633 ››
2756 3581 2939 3654 Ὁρᾷς,
2992 3586 3108 3643 πῶς
3154 3585 3372 3657 ταχέως
3413 3583 3561 3640 οὗτος
3593 3584 3776 3641 λέλυται

409 3675 672 3739 solvatur
704 3692 716 3731 :
751 3692 856 3730 nec
888 3673 1080 3729 solum
1130 3671 1399 3728 exteriori
1441 3671 1744 3727 curatione
1775 3670 1999 3726 solvitul

2183 3669 2280 3723 ἀπὸ
2308 3674 2416 3723 τῶν
2477 3666 2711 3741 δεσμῶν·
2760 3670 2850 3723 καὶ
2902 3668 2963 3724 οὐ
3022 3670 3185 3742 μόνον
3231 3668 3319 3726 διὰ
3360 3681 3461 3742 τῆς
3511 3672 3677 3745 ἔξωθεν
3709 3672 3773 3727 ἱα-

409 3766 507 3821 scd
544 3764 726 3820 tantis
756 3764 934 3820 etiam
969 3761 1577 3834 peccatisliberatur:
1613 3760 1729 3815 imo
1752 3777 1884 3815 eum
1917 3777 1993 3832 qu

2181 3778 2307 3820 σεως
2337 3756 2583 3825 λέλυται,
2636 3757 2780 3814 ἀλλὰ
2809 3758 2897 3814 καὶ
2927 3763 3034 3814 τῶν
3079 3760 3355 3816 τοσούτων
3411 3764 3771 3837 ἁμαρτημάτῶν

406 3870 517 3925 que
548 3852 865 3909 curationis
890 3867 1215 3923 praeconem
1246 3849 1545 3905 exhibuit:
1583 3866 1649 3905 ac
1680 3850 1916 3905 demum
1939 3867 1996 3921 (μ

2181 3844 2568 3921 ἐλευθεροῦται·
2634 3845 2708 3901 ἔτι
2773 3848 2879 3919 μὴν
2939 3847 3030 3903 καὶ
3088 3851 3299 3923 κήρυκα
3363 3858 3460 3921 τῆς
3532 3851 3771 3927 θεραπείας

406 3942 672 3998 sensibili
705 3942 878 3998 modo
902 3945 1066 4013 gesta
1094 3944 1251 4006 sunt,
1277 3937 1678 4011 spiritualium
1711 3938 1900 4011 gratia
1930 3954 1996 4010 ag

2180 3935 2330 3991 κύτὸν
2360 3934 2619 4007 ἀπέδειξε,
2652 3937 2741 3990 καὶ
2774 3936 2920 4000 ὅλως
2948 3938 3015 3993 τὰ
3055 3939 3323 4013 γενόμενα
3370 3940 3625 4010 αῗσθητῶς
3659 3962 3770 4010 νοη-

406 4032 642 4087 bantur.
688 4032 769 4087 Ea
791 4048 1024 4103 quoque
1049 4030 1120 4085 de
1141 4046 1319 4085 causa
1342 4030 1663 4084 mittuntur
1702 4033 1758 4083 et
1788 4027 1996 4099 discipi

2178 4028 2275 4077 τῶν
2311 4024 2470 4101 χάριν
2507 4024 2759 4100 ἐγίνοντο.
2811 4026 2908 4080 Διά
2948 4048 3033 4081 τοι
3078 4032 3241 4082 τοῦτο
3275 4027 3674 4085 ἀποστέλλονται
3697 4028 3768 4082 xxi

411 4120 467 4173 in
500 4118 806 4174 castellum
839 4137 907 4175 ex
931 4120 1171 4174 adverso
1189 4118 1464 4184 situm,ac
1496 4115 1729 4172 solvunt
1749 4116 1975 4171 asinam

2177 4113 2222 4166 οἱ
2274 4113 2510 4185 μαθηταὶ
2542 4113 2614 4175 είς
2644 4115 2742 4183 τὴν
2774 4114 3044 4169 κατέναντι
3076 4117 3295 4188 κώμην,
3340 4117 3430 4174 καῖ
3480 4116 3650 4173 λύουσι
3690 4119 3767 4185 τὴν

407 4206 661 4279 pullum,
690 4206 862 4262 sicuti
893 4224 927 4261 a
959 4207 1239 4279 magistro
1262 4208 1498 4276 jussum
1533 4206 1680 4277 ipsis
1714 4206 1917 4260 fuerat.
1944 4204 1997 4259 Ηι

2175 4195 2287 4255 ὄνον
2319 4201 2524 4255 καὶτὸν
2558 4201 2767 4264 πῶλον,
2802 4204 2936 4258 κατᾶ
2965 4206 3030 4257 τὰ
3076 4203 3430 4263 κελευσθέντα
3476 4208 3643 4268 αὐτοῖς
3686 4205 3765 4259 ὑπὸ

407 4301 604 4352 autem
638 4294 810 4367 plane
832 4296 1050 4350 factum
1077 4300 1258 4365 est,ut
1287 4294 1673 4367 implerentur
1701 4294 1900 4350 Jacobi
1927 4311 1994 4365 pr

2175 4295 2262 4345 τοῦ
2310 4288 2657 4348 διδασκάλου.
2689 4294 2865 4349 Τοῦτο
2898 4290 2954 4348 δὲ
2985 4291 3130 4355 δλῶς
3168 4296 3410 4372 γέγονεν,
3453 4296 3540 4352 ἳνα
3579 4296 3765 4370 πληρω-

405 4384 638 4457 phetise.
698 4384 843 4439 Cum
890 4384 1257 4440 benediceret
1285 4384 1442 4439 enim
1475 4383 1782 4438 duodecim
1810 4382 1995 4453 patria

2170 4384 2329 4444 θῶσιν
2355 4382 2409 4434 αἱ
2440 4385 2534 4434 1:06
2578 4376 2770 4438 Ἰακὼϐ
2818 4388 3162 4461 προφητεῖαι.
3216 4386 3475 4462 Εὐλογῶν
3522 4387 3613 4463 γὰρ
3661 4383 3760 4443 τοὺς

404 4473 566 4542 chas,
600 4472 702 4529 ubi
749 4473 821 4528 ad
851 4471 1066 4528 Judam
1103 4471 1379 4544 pervenit,
1417 4471 1740 4544 prophetat,
1774 4488 1841 4526 ac
1862 4470 1994 4527 divi:

2176 4465 2377 4523 δώδεκα
2422 4468 2785 4546 πατριάρχας,
2836 4472 3038 4548 φθάσας
3087 4472 3164 4535 εἷς
3207 4475 3300 4528 τὸν
3336 4475 3559 4545 Ἰούδαν,
3588 4494 3766 4551 apoca-

403 4564 620 4635 prol'ert
645 4562 842 4618 verba.
877 4561 1027 4616 Audi
1059 4577 1312 4633 namque
1349 4560 1511 4615 illum
1544 4560 1832 4616 dicentem
1867 4577 1880 4617 :
1910 4583 1931 4610 ι
1959 4560 1993 4615 L

2174 4558 2325 4627 τεύει,
2357 4557 2446 4612 καὶ
2495 4559 2609 4612 θεῖα
2660 4557 2879 4636 ῥήματα
2927 4560 3233 4638 φθέγγεται.
3282 4565 3479 4620 "Ancus
3517 4565 3611 4639 γὰρ
3638 4560 3764 4616 αύτοῦ

402 4668 549 4723 gans
581 4651 652 4706 ad
683 4650 912 4706 vineam
950 4649 1174 4723 pullum
1207 4666 1407 4718 suum,
1429 4653 1485 4704 et
1515 4648 1585 4704 ad
1618 4649 1792 4704 vitem
1825 4647 1990 4720 pullu

2175 4647 2439 4722 λέγοντος·
2495 4671 2523 4700 (ί
2575 4649 2857 4720 Δεσμεῦων
2909 4650 3044 4724 πρὸς
3087 4648 3337 4723 ἄμπελον
3384 4658 3474 4708 τὸν
3500 4650 3667 4709 πῶλον
3690 4649 3765 4704 αὕη

404 4740 582 4796 asina:
613 4757 731 4795 suae
773 4741 837 4794 3‘.
873 4761 901 4789 »
934 4745 1179 4794 Uemum
1222 4753 1588 4811 quaecunque
1618 4738 1689 4792 de
1716 4738 1869 4793 Juda
1899 4737 1992 4793 dio

2171 4740 2278 4803 τοῦ,
2312 4735 2401 4791 καὶ
2450 4740 2517 4810 τῇ
2550 4731 2692 4791 ἕλικι
2720 4738 2811 4792 τὸν
2860 4736 3046 4793 πῶλον
3078 4747 3180 4809 τῆς
3214 4737 3341 4796 ὄνου
3390 4743 3565 4798 αὐτοῦ.
3613 4767 3635 4791 »ι
3686 4736 3761 4793 ΚΞῖ

404 4839 562 4896 sunt,
597 4828 919 4903 comperies
950 4829 1020 4884 de
1051 4829 1301 4883 adventu
1320 4826 1638 4883 Salvatoris
1668 4826 1820 4882 dicta
1853 4827 1994 4883 fuiss

2170 4822 2309 4887 ὃλῶς
2340 4825 2407 4879 τὰ
2438 4823 2701 4900 λεχθέντα
2750 4826 2921 4880 πάντα
2968 4826 3043 4889 sic
3091 4828 3185 4882 τὸν
3219 4829 3424 4885 Ἰούδαν
3454 4832 3675 4907 εὑρήσεις
3702 4826 3760 4887 ἐς

403 4918 601 4974 Potest
631 4918 846 4990 quippe
877 4917 1147 4989 quisquis
1179 4922 1267 4972 est
1297 4916 1621 4981 studiosus,
1660 4914 1943 4988 paulatim
1975 4915 1991 4970 l

2170 4914 2261 4983 τὴν
2290 4915 2581 4988 παρουσίαν
2640 4920 2737 4969 τοῦ
2796 4922 3055 4992 Σωτῆρος
3111 4916 3577 4997 προιρητευόμενα⁸
3629 4916 3760 4973 δύνα-

402 5006 613 5079 gendn,
645 5022 712 5061 ea
743 5023 868 5078 qua:
898 5007 968 5062 de
1001 5005 1127 5077 ipso
1155 5004 1309 5060 dicta
1342 5009 1481 5059 sunt
1513 5003 1855 5077 intelligere.
1889 5009 1992 5059 At}

2172 5024 2248 5058 ται
2297 5003 2399 5079 γὰρ
2430 5005 2458 5058 ὁ
2490 5002 2802 5082 φιλομαθὴς
2836 5006 2951 5059 κατ’
3002 5004 3188 5081 ὀλίγον
3240 5009 3605 5084 ἀναγινώσκων
3649 5013 3762 5074 νοῆ-

399 5100 583 5151 totam
615 5111 958 5151 enarremus
989 5093 1321 5161 historiam,
1367 5093 1680 5149 audiamus
1710 5091 1989 5165 Apostolu

2172 5092 2347 5148 σαιτὰ
2377 5092 2498 5169 περὶ
2530 5092 2693 5147 αὐτοῦ
2751 5093 3032 5169 εἰρημένα.
3091 5098 3207 5151 Ἵνα
3266 5096 3324 5152 δέ
3374 5100 3450 5170 μὴ
3482 5105 3641 5153 πᾶσαν
3684 5095 3762 5162 τήν

402 5183 523 5239 haec
552 5182 888 5256 loquentem
925 5200 938 5239 :
972 5204 1001 5234 «
1033 5182 1405 5238 Manifestum
1452 5188 1542 5237 est
1586 5181 1767 5251 enim,
1800 5182 1952 5253 quod
1984 5202 1992 5236 ι

2174 5182 2402 5255 ἱστορίαν
2462 5178 2878 5257 διηγησώμεθα,
2933 5181 3252 5257 ἀκούσωμεν
3310 5190 3407 5240 τοῦ
3467 5183 3764 5241 Ἀποστόλον

398 5270 431 5329 J
439 5272 555 5329 uda
580 5276 746 5329 ortus
775 5270 854 5329 sit
880 5271 1167 5328 Dominus
1197 5276 1396 5328 noster
1424 5271 1487 5326 ’⁸.
1517 5295 1545 5322 »

2171 5269 2434 5347 λέγοντος·
2473 5293 2501 5322 ι(
2532 5266 2819 5342 Πρόδηλον
2846 5269 2971 5347 γὰρ,
3005 5270 3087 5326 ὅτι
3118 5271 3167 5346 ἐξ
3229 5271 3407 5328 Ἰούδα
3456 5269 3761 5329 ἀνατέταλκεν

2162 5362 2190 5416 ὁ
2222 5357 2423 5437 Κύριος
2458 5359 2644 5434 ἡμῶν.
2678 5383 2706 5412 ››

473 5478 519 5515 ¹⁰
570 5477 680 5551 Isa.
739 5493 873 5546 Lm,
936 5475 1357 5545 li;Zach.1x,
1391 5476 1443 5530 9.
1555 5475 1598 5511 ²¹
1660 5473 1813 5531 Psal.
1886 5494 1996 5550 LIV,
2037 5479 2063 5535 4

2169 5481 2241 5549 5η
2322 5479 2369 5515 ²²
2401 5480 2574 5535 Marc.
2630 5493 2694 5547 ιι,
2732 5478 2787 5534 7.
2901 5478 2947 5514 ⁸³
2983 5477 3127 5536 ibid.
3165 5480 3221 5535 9.
3335 5482 3380 5517 *‘
3405 5485 3599 5538 Genes.
3635 5492 3759 5545 xm,

403 5550 492 5609 l7.
607 5550 652 5585 ³⁸
681 5550 859 5606 Hebr.
899 5565 997 5617 vn,
1033 5550 1116 5605 14.

475 5668 586 5747 (96)
618 5668 758 5746 Reg.
790 5664 1044 5725 ἔκτεινον.
