4026 6204
221 317 353 383 1033

1135 301 1463 368 HOMILIA
1504 301 1584 363 IN
1628 299 1861 363 ILLUD
1912 316 1986 358 tu
2035 298 2322 373 EUNTE,
2359 323 2388 355 »
2435 300 2603 361 ETC.

3413 312 3570 374 1034

276 454 324 507 7.
356 449 444 502 Διά
494 448 647 500 τοῦτο
705 446 833 517 γοῦν
893 440 1105 516 ἐγένετο
1162 438 1229 492 τὰ
1274 434 1560 509 γενόμενα,
1586 429 1678 486 ’ίνα
1724 431 1813 485 τὸν

1997 435 2049 485 7.
2086 434 2219 489 ldeo
2250 434 2427 502 igitur
2457 451 2525 491 ea
2554 441 2718 509 gesta
2746 442 2909 508 sunt,
2968 442 3033 494 ut
3089 446 3407 497 creatorem
3466 444 3575 500 mi-

218 536 521 613 δημιουργὸν
555 531 637 588 διὰ
664 536 763 601 τῆς
793 532 981 586 ἑαυτοῦ
1012 525 1356 601 λειτουργίας
1398 523 1621 600 φανερὸν
1656 522 1818 613 ποιή-

216 607 358 684 σωσι.
402 607 490 686 ’Τίς
542 624 659 699 γὰρ,
719 619 1045 692 θεασάμενος
1101 618 1226 669 ναῦν
1285 616 1473 688 ἄριστα
1532 607 1819 699 εῦθυνομέ-

215 739 318 787 νην,
347 714 438 770 οὐκ
465 696 663 768 ἔννοιαν
713 707 927 784 δέχεται
957 702 1290 780 κυϐερνήτου
1325 723 1339 770 ;
1374 705 1521 775 ἅρμα
1552 697 1609 754 δὲ
1638 696 1820 758 καλῶς

215 800 481 871 διαϐαῖνον,
511 800 595 856 καὶ
620 803 895 874 τεχνικαῖς
941 795 1117 866 ἡνίαις
1157 792 1476 870 φερόμενον,
1509 788 1608 843 οὐκ
1650 788 1821 841 ἐννοεῖ

214 896 290 950 τὸν
319 895 629 966 ἡνιογοῦντα
662 909 676 959 ;
710 888 775 942 Ei‘
831 884 921 941 οὖν
984 885 1071 940 ἐπὶ
1117 887 1223 937 τῶν
1276 881 1327 936 ἐν
1377 878 1534 955 χερσί
1572 880 1818 945 τοιαῦτα,

214 956 349 1038 τίᾶν
382 956 616 1052 εἷ’πνοιμεν
680 977 765 1031 ἐπὶ
820 980 928 1030 τῶν
983 971 1079 1027 τοῦ
1140 977 1398 1040 Σωτῆρος
1456 963 1816 1042 παραδόξων;

214 1075 423 1145 Ὀρῶμεν
471 1070 571 1143 γὰρ
620 1071 728 1121 τῶν
778 1062 1102 1136 ποιημάτων
1156 1060 1319 1114 αὐτοῦ
1361 1057 1428 1112 τὰ
1476 1052 1679 1134 φοϐερᾶ
1728 1053 1817 1108 καὶ

212 1141 617 1232 παράδοξαοήοῖον
658 1154 933 1223 θαλάσσης
982 1152 1075 1212 τὰς
1124 1148 1434 1224 τρικυμίας,
1477 1145 1563 1200 καὶ
1611 1148 1719 1199 τῶν
1768 1141 1819 1196 ἐν

211 1249 326 1321 αὖτῇ
356 1244 829 1323 προσαρασσόντων
863 1241 1077 1313 ἀνέμων
1128 1239 1221 1299 τὰς
1267 1238 1525 1306 κινήσεις,
1568 1232 1732 1323 ἡλίου
1762 1254 1821 1287 τε

210 1339 287 1393 τὸν
315 1320 532 1405 κύκλον,
552 1333 644 1387 καὶ
684 1330 920 1401 σελήνης
949 1329 1038 1383 τὸν
1069 1324 1294 1402 δρόμον,
1324 1324 1413 1380 καὶ
1444 1328 1550 1378 τῶν
1584 1320 1819 1394 ἀστέρων

209 1428 293 1494 τήν
335 1425 582 1487 σύνθεσιν,
632 1421 722 1483 Τίς
773 1417 831 1475 δὲ
879 1418 982 1473 οὐκ
1030 1411 1297 1494 ἐφοϐήθη,
1350 1414 1440 1468 ὅτε
1479 1413 1540 1466 τὸ
1587 1409 1823 1466 καταπὲ-

210 1535 364 1588 τασμα
387 1517 479 1568 τοῦ
524 1515 656 1566 ναοῦ
708 1508 933 1585 ἐσχίσθη
984 1507 1091 1561 ἀπὸ
1138 1505 1337 1588 ἄνωθεν
1373 1500 1477 1564 ἕως
1507 1500 1653 1556 κάτω
1676 1520 1700 1588 ¹;
1736 1499 1825 1554 ὅτε

210 1584 420 1673 ὁήλιος,
453 1601 513 1657 οὐ
544 1602 722 1678 φέρων
761 1598 824 1653 τὸ
872 1595 1167 1669 τολμηθὲν,
1199 1587 1355 1670 φόϐῳ
1401 1591 1464 1646 τὸ
1514 1596 1626 1668 φῶς
1659 1584 1823 1644 ἔστει-

212 1692 386 1759 λενςῆ
431 1689 516 1745 ὅτε
563 1690 619 1743 αἱ
669 1688 862 1763 πέτραι
912 1683 1261 1761 ἐσχίσθησαν,
1320 1681 1409 1735 καὶ
1462 1680 1529 1734 τὰ
1589 1684 1825 1752 μνημεῖα

210 1782 551 1856 ἠνεῴχθησαν,
605 1779 697 1833 καὶ
750 1777 800 1831 οἱ
847 1775 1255 1844 ἐναποκειμενοι
1306 1769 1618 1841 ἀνέστησαν,
1650 1767 1738 1822 καὶ
1773 1768 1824 1821 οἱ

211 1854 376 1943 ἐχθρυῖ
434 1862 778 1941 ἐφοϐήθησαν
827 1864 932 1918 ἀπὸ
988 1862 1286 1937 προσώπου
1343 1858 1548 1927 αὐτοῦ;
1602 1854 1686 1911 διὸ
1732 1858 1823 1911 καὶ

211 1957 399 2019 ἄκοντες
427 1955 781 2029 ὡμολόγουν,
815 1952 897 2007 ὅτι
933 1951 1154 2021 ἀληθῶς
1198 1953 1331 2004 Θεοῦ
1378 1948 1498 2010 Υἱὸς
1547 1948 1611 2017 ἠν
1646 1945 1825 2012 οὗτος,

210 2047 284 2101 καὶ
311 2044 443 2107 ὅλως
472 2045 537 2100 τὰ
566 2041 803 2100 πλείονα
829 2046 934 2097 τῶν
984 2040 1151 2115 ἔργων
1206 2039 1374 2093 αὑτοῦ
1406 2037 1456 2092 ἐν
1491 2036 1827 2113 ἀποκρόιροις

215 2134 323 2193 ἐστί.
354 2134 531 2190 Χίλιαι
589 2134 697 2209 γὰρ
757 2128 1006 2207 χιλιάδες
1062 2129 1497 2204 παραστήκουσιν
1547 2126 1693 2196 αὑτῷ
1740 2126 1829 2178 αἱ·

216 2229 421 2286 νοῦντες⁶
478 2223 564 2278 καὶ
628 2220 818 2297 μύριαι
880 2215 1135 2294 μυριάδες
1196 2215 1603 2291 λειτουργοῦσιν
1662 2214 1825 2285 αὐτῷ.

216 2314 515 2388 Ἐπιγνῶμεν
541 2310 637 2365 οῦν
701 2311 865 2381 ἡμεῖς
920 2308 1011 2362 τὸν
1060 2306 1363 2381 εὐεργέτηνο
1401 2302 1709 2374 δοξασωμεν
1740 2304 1830 2356 τὸν

212 2400 392 2477 Πατέρα
419 2400 506 2454 σὺν
538 2400 674 2472 Υἳῷ,
727 2398 816 2452 καὶ
876 2396 1014 2471 ἁγίῳ
1073 2393 1362 2466 Πνεύματιο
1427 2392 1549 2464 μίαν
1602 2390 1830 2460 θεότητα

209 2490 611 2565 ὁμολογήσωμεν
652 2507 665 2520 ⁸
724 2490 822 2542 τοῦ
888 2482 1209 2558 ἁμαρτάνειν
1287 2482 1616 2555 παυσώμεθα
1650 2498 1662 2510 ·
1723 2484 1831 2534 τῶν

208 2584 417 2653 πτωχῶν
463 2576 937 2651 μνημονεύσωμεν
974 2594 985 2606 ⁸
1020 2576 1055 2643 ἡ
1089 2569 1421 2651 φιλαδελφία
1474 2570 1696 2643 μενέτω·
1729 2576 1827 2639 τῆς

208 2667 477 2745 φιλοξενίας
525 2668 603 2741 μή
661 2662 1099 2720 ἐπιλανθάνεσθε.
1161 2662 1314 2716 Οὕτω
1371 2660 1473 2735 γὰρ
1534 2656 1830 2733 διάγοντες,

208 2756 451 2831 βασιλείαν
485 2757 737 2831 οὐρανῶν
772 2754 1290 2829 κληρονομήσομεν,
1323 2749 1373 2803 ὲν
1412 2752 1625 2823 Χριστῷ
1650 2751 1829 2818 Ἰησοῦ

205 2852 271 2919 τῷ
298 2847 463 2922 Κυρίῳ
492 2848 684 2919 ἡμῶν,
720 2845 766 2916 ᾧ
794 2844 829 2913 ἠ
862 2840 988 2912 δόξα
1036 2840 1114 2902 εἰς
1164 2839 1289 2901 τοὺς
1336 2838 1534 2899 αἰῶνας
1564 2842 1670 2892 τῶν
1702 2837 1832 2891 αἰώ-

208 2958 314 2993 νων.
345 2937 535 3010 Ἀμήν.

261 3092 299 3126 ”
325 3090 519 3147 Matth.
550 3105 737 3155 xxvu,
764 3087 856 3143 54.
932 3086 979 3121 ⁸⁸
1008 3085 1181 3141 Eccli.
1216 3100 1372 3152 cun,
1404 3083 1491 3139 36.

1932 520 2171 576 nisterio
2230 540 2336 578 suo
2392 527 2768 581 manifestum
2802 528 3077 583 facerent.
3116 530 3255 593 Quis
3288 532 3441 586 enim
3472 550 3579 587 na-

1930 611 2042 664 vim
2077 611 2443 682 conspiciens
2474 614 2651 684 probe
2682 615 3105 686 directam,non
3132 618 3189 673 in
3219 620 3579 691 gubernato-

1928 698 2010 753 ris
2041 699 2431 771 cognitionem
2463 702 2711 758 incidit?
2740 720 2976 761 currum
3010 716 3203 763 autem
3236 718 3389 765 recte
3420 710 3580 764 ince-

1930 789 2161 844 dentem
2232 792 2619 862 conspiciens,
2687 797 2862 866 atque
2921 794 3168 852 habenis
3226 803 3347 853 arte
3406 799 3580 853 factis

1930 882 2175 948 rectum,
2211 895 2322 933 non
2357 880 2572 952 cogitat
2601 882 2907 955 aurigam?
2940 884 2995 939 Si
3029 890 3223 941 autem
3276 886 3461 942 obviis
3506 888 3579 943 de

1932 968 2106 1023 rebus
2164 968 2241 1022 ita
2292 969 2613 1039 judicatur,
2649 973 2783 1043 quid
2819 973 3140 1029 dixerimus
3172 976 3242 1030 de
3273 976 3577 1032 miraculis

1930 1055 2288 1113 Salvatoris?
2309 1057 2582 1115 Videmus
2616 1077 2867 1131 namque
2898 1078 3073 1134 Opera
3103 1065 3230 1133 ejus
3262 1081 3385 1136 quae
3416 1067 3582 1120 terri-

1930 1144 2075 1201 bilia
2104 1150 2160 1201 et
2192 1146 2534 1201 admiranda
2564 1153 2722 1216 sunt;
2742 1151 3070 1219 cujusmodi
3100 1157 3241 1208 sunt
3272 1155 3451 1210 maris
3484 1156 3579 1210 de-

1931 1233 2165 1289 cumani
2198 1239 2429 1305 ﬂuctus,
2454 1242 2754 1292 ventorum
2789 1238 2843 1292 in
2877 1256 2942 1295 eo
2975 1239 3327 1296 illidentium
3362 1247 3577 1310 motus,

1933 1322 2073 1378 solis
2121 1323 2297 1391 orbis,
2358 1324 2510 1379 lunae
2567 1342 2797 1395 cursus,
2859 1332 3150 1385 astrorum
3211 1330 3579 1403 compositio.

1934 1412 2074 1477 Quis
2106 1429 2221 1466 non
2253 1415 2564 1469 exterritus
2596 1414 2724 1481 fuit,
2759 1432 2890 1470 cum
2931 1416 3123 1473 velum
3178 1418 3380 1491 templi
3438 1419 3583 1475 scis—

1936 1518 2067 1556 sum
2123 1507 2212 1557 est
2268 1520 2297 1557 a
2321 1519 2556 1559 summo
2590 1520 2777 1576 usque
2809 1507 2881 1560 ad
2913 1505 3141 1562 imum?
3172 1524 3302 1563 cum
3335 1508 3422 1564 sol
3454 1514 3584 1565 tan-

1935 1597 2059 1645 tum
2090 1608 2205 1646 non
2241 1592 2431 1647 ferens
2465 1610 2697 1660 ausum,
2732 1599 2890 1650 metu
2927 1594 3118 1651 lucem
3153 1598 3469 1654 contraxit?
3490 1602 3592 1654 aut

1937 1697 2069 1735 cum
2102 1686 2273 1751 petra:
2302 1682 2497 1736 scissae
2531 1689 2753 1753 sunt,et
2784 1691 3167 1742 monumenta
3197 1692 3397 1759 aperta
3428 1694 3589 1757 sunt,

1858 1808 1902 1871 Β
1938 1786 2002 1823 ac
2058 1769 2152 1840 qui
2210 1771 2269 1824 in
2329 1770 2399 1825 iis
2450 1772 2730 1840 jacebant
2760 1790 3127 1830 resurrexere
3154 1776 3219 1846 2⁸,
3251 1776 3592 1848 inimicique

1935 1858 2390 1914 reformidarunt
2420 1877 2451 1914 a
2478 1859 2624 1915 facie
2655 1862 2782 1931 ejus
2815 1880 2827 1917 :
2863 1880 3043 1935 quare
3075 1865 3159 1919 vel
3187 1864 3347 1921 inviti
3409 1867 3589 1921 conﬁ-

1934 1948 2230 2014 tebantur,
2291 1949 2445 2019 quod
2506 1964 2633 2004 vere
2665 1950 2846 2005 Filius
2883 1952 2975 2007 Dei
3010 1958 3164 2009 esset
3195 1954 3323 2011 iste.
3358 1956 3427 2010 Et
3454 1972 3588 2010 vere

1937 2037 2125 2091 multa
2183 2053 2359 2107 opera
2413 2038 2540 2107 ejus
2575 2039 2919 2096 abscondita
2962 2047 3101 2098 sunt
3131 2044 3193 2097 ’⁸.
3218 2043 3401 2099 Millia
3430 2045 3586 2099 enim

1940 2125 2190 2181 millium
2222 2126 2590 2181 laudantium
2623 2133 2814 2183 astant
2871 2130 2958 2197 ei;
3016 2137 3072 2186 et
3124 2133 3315 2188 decies
3377 2133 3591 2189 millies

1938 2214 2089 2269 dena
2149 2213 2334 2268 millia
2375 2215 2717 2271 ministrant
2746 2217 2797 2271 ei
2830 2219 2895 2273 2⁷.
2929 2219 3364 2294 Cognoscamus
3393 2223 3591 2296 itaque

1939 2302 2365 2357 benefactorem
2430 2320 2443 2358 :
2501 2304 2897 2375 gloriﬁcemus
2932 2308 3161 2365 Patrem
3194 2327 3328 2367 cum
3362 2312 3506 2368 Filio
3538 2316 3595 2368 et

1939 2396 2140 2446 sancto
2170 2391 2390 2463 Spiritu
2429 2409 2441 2446 :
2477 2409 2651 2448 unam
2686 2397 3071 2453 conﬁteamur
3100 2399 3371 2455 deitatem
3410 2417 3422 2457 :
3459 2418 3590 2474 pec-

1938 2480 2107 2535 candi
2169 2481 2344 2534 ﬁnem
2404 2481 2723 2549 faciamus,
2786 2502 3108 2559 pauperum
3169 2489 3586 2546 recordemur:

1939 2586 2103 2625 amor
2135 2571 2378 2625 fratrum
2412 2570 2469 2625 in
2506 2573 2674 2628 nobis
2733 2580 2967 2631 maneat
2998 2593 3010 2632 :
3048 2578 3460 2649 hospitalitatis
3519 2598 3591 2635 ne

1939 2658 2383 2714 obliviscamini.
2439 2660 2582 2716 Nam
2635 2662 2683 2718 si
2718 2664 2797 2718 ita
2827 2664 3005 2721 vitam
3037 2682 3302 2739 agamus,
3343 2684 3587 2741 regnum

1938 2746 2216 2803 caelorum
2252 2747 2592 2806 haereditate
2621 2752 3000 2824 accipiemus,
3050 2756 3107 2809 in
3165 2756 3394 2813 Christo
3450 2757 3587 2813 Jesu

1939 2836 2182 2892 Domino
2240 2842 2461 2908 nostro,
2524 2840 2617 2894 cui
2676 2840 2861 2913 gloria
2888 2842 2946 2897 in
2971 2843 3185 2916 saecula
3217 2845 3581 2901 saaculorum.

1938 2929 2144 2981 Amen.

1569 3083 1613 3117 ³⁷
1644 3081 1792 3139 Dan.
1825 3098 1924 3149 vu,
1962 3081 2049 3136 10.

1344 3372 1468 3421 ΤΟΥ
1508 3372 1593 3421 ΕΝ
1634 3367 1870 3423 ΑΓΙΟΙΣ
1914 3370 2181 3422 ΠΛΤΡΟΣ
2222 3372 2412 3423 ΗΜΩΝ

1526 3518 2258 3616 ΑΘΑΝΑΣΠΠΤ

258 3688 339 3751 Εἷς
393 3688 486 3744 τὸο
549 3688 937 3763 ΙΙορευομένου
988 3681 1046 3739 δὲ
1101 3679 1265 3738 αὐτοῦ
1324 3681 1725 3775 ὑπεστρώννυον
1766 3679 1847 3769 ,τὰ
1899 3680 2092 3775 ἱμάτια
2146 3680 2320 3775 anith
2377 3680 2427 3736 ἐν
2486 3681 2745 3775 titubas.
2806 3685 2862 3739 Ὀ
2922 3682 2979 3740 δὲ
3028 3685 3284 3750 πλεῖστος
3344 3685 3516 3764 ὄχλος

888 3752 913 3775 ,Ι
1237 3757 1249 3771 ‘
1453 3757 1461 3771 '
1660 3774 1663 3775 ν
1774 3754 1817 3775 1,,
1836 3773 1849 3775 _
1870 3774 1890 3775 η
1936 3774 1943 3775 κ
1991 3774 1996 3775 ,
2041 3755 2098 3775 ’,Χ
2116 3774 2131 3775 7
2458 3759 2480 3770 ν
2788 3759 2832 3775 ο·

886 3752 1076 3832 ἔχαιρε
1114 3757 1287 3832 χαρὰν
1329 3750 1596 3829 μεγάλην,
1636 3753 1724 3808 καὶ
1764 3750 1999 3827 ἔκραζεν·
2041 3755 2263 3809 Ὡσαννά
2301 3752 2351 3808 ἐν
2392 3759 2480 3809 τοῖ
2520 3750 2765 3829 ὑψίστοις
2788 3759 2853 3827 2⁸.

1305 3997 2465 4093 S.P.N.ATHANASH

278 4177 332 4228 In
364 4174 502 4229 illud
532 4190 545 4229 :
581 4174 761 4229 Eunte
789 4178 975 4228 autem
1007 4168 1132 4237 illo,
1160 4168 1572 4245 substernebant
1603 4132 1928 4245 vestimento
1948 4184 2049 4223 sua
2084 4170 2144 4222 in
2176 4171 2282 4245 uia.
2320 4168 2571 4245 Plurima
2597 4178 2783 4226 autem
2810 4173 2974 4228 turba
3001 4172 3271 4242 gaudebat
3298 4178 3499 4245 gaudio

1189 4256 1408 4309 magno,
1439 4248 1489 4295 et
1515 4238 1803 4295 clamabat
1830 4256 1848 4293 :
1885 4241 2141 4295 Hosanna
2169 4240 2228 4294 in
2258 4242 2486 4297 excelsis
2515 4242 2579 4294 ³⁸.

261 4504 304 4559 1.
347 4503 459 4558 Ἐὰν
515 4504 582 4559 τὰ
640 4505 939 4558 καθεκαστα
993 4505 1103 4556 τῶν
1164 4500 1215 4571 ἐξ
1273 4499 1450 4575 ἀρχῆς
1511 4498 1816 4575 γενομένων
1852 4502 1894 4570 C

201 4594 509 4666 πραγμάτων
556 4595 945 4665 σκοπήσωμεν,
999 4589 1193 4662 ἄπειρά
1249 4589 1411 4647 ἐστιν.
1462 4589 1526 4643 Ei
1572 4587 1661 4644 οῦν
1698 4588 1825 4665 βλε-

200 4680 427 4751 mpiva
475 4682 566 4737 καὶ
616 4679 924 4757 γενομὲνων
970 4679 1117 4754 παρὰ
1170 4682 1269 4732 τοῦ
1327 4681 1461 4732 Θεοῦ
1523 4678 1825 4750 μνησθῆναί

202 4786 271 4827 τις
300 4770 357 4823 οὗ
395 4767 634 4840 δύναται,
666 4774 783 4831 πῶς
836 4768 894 4823 ἃν
945 4769 1010 4822 τὰ
1056 4767 1404 4842 κεκρυμμένα
1450 4767 1616 4821 αὑτοῦ
1666 4788 1826 4821 κατα-

204 4858 372 4925 νοῆσαί
400 4880 480 4922 τις
511 4857 718 4932 δυνηθῇ
754 4878 767 4927 ;
799 4881 827 4908 ‹‹
859 4857 942 4915 Τὰ
977 4858 1082 4931 γὰρ
1130 4854 1378 4923 πλείονα,
1411 4881 1433 4909 ι
1471 4856 1624 4933 φησὶ,
1659 4880 1686 4907 ‹‹
1718 4861 1825 4911 τῶν

206 4941 356 5020 ἔργων
382 4953 475 5003 τοῦ
519 4953 656 5004 Θεοῦ
707 4947 760 5001 ἐν
811 4945 1144 5024 ἀποκρόφοις
1174 4944 1336 5002 ἐστίν.
1369 4968 1397 4995 ››
1428 4945 1635 5001 Οὐκοῦν
1687 4944 1827 5000 ἐστιν

209 5029 318 5109 ἔργα
344 5042 434 5090 τοῦ
464 5042 598 5092 Θεοῦ
629 5037 850 5111 ἀόρατα,
884 5032 1037 5090 ἅτινα
1086 5034 1137 5089 ἐν
1179 5034 1516 5111 ἆποκρόφοις
1546 5036 1824 5110 τυγχάνει·

207 5124 313 5197 περὶ
354 5126 422 5179 ὧν
477 5126 567 5180 καὶ
620 5127 646 5180 ὁ
705 5128 981 5186 θεσπέσιος
1039 5122 1372 5185 Ἀπόστολος
1432 5130 1826 5199 συμμαρτυρεῖ,

206 5209 281 5263 καὶ
310 5209 461 5286 λέγει’
493 5239 521 5266 ‹‹
568 5216 644 5269 Τὰ
684 5214 783 5288 γὰρ
838 5212 1040 5288 ἀόρατα
1090 5214 1255 5267 αὑτοῦ
1308 5212 1413 5266 ἀπὸ
1464 5210 1690 5273 κτίσεως
1736 5212 1827 5267 κόυ

206 5318 330 5370 σμου
376 5308 488 5365 τοῖς
534 5306 807 5376 ποιήμασι
860 5302 1131 5375 νοούμενα
1178 5304 1472 5377 καθορᾶται
1534 5326 1562 5353 ››
1611 5301 1832 5372 ἀληθῶς

204 5387 316 5461 γὰρ,
344 5414 374 5442 ιι
406 5391 479 5454 ὡς
527 5392 911 5469 ἁνεξερεόνητα
941 5394 1010 5447 τὰ
1055 5390 1297 5468 κρίματα
1325 5389 1512 5461 αὑτοῦ,
1565 5391 1655 5446 καὶ
1688 5391 1832 5462 ἀνεξ-

208 5476 463 5550 εχνίαστοι
509 5481 563 5535 αἱ
610 5479 725 5537 ὁδοὶ
772 5481 938 5537 αὑτοῦ
973 5482 984 5537 ί
1023 5501 1046 5535 ι
1084 5479 1311 5553 Ἀμέλει
1339 5480 1429 5534 καὶ
1461 5480 1489 5535 ὁ
1519 5481 1832 5558 προφήτης,

268 5633 309 5668 ³⁸
337 5633 465 5692 Luc.
496 5653 616 5706 xxx,
645 5640 734 5695 36.
813 5636 1017 5695 Matth.
1048 5652 1166 5709 xxt,
1196 5638 1251 5695 8.

474 5764 741 5830 Panos.
772 5768 885 5830 Gn.
927 5764 1199 5830 XXVIII.

1330 5637 1377 5673 9’
1406 5636 1580 5693 Eccli.
1613 5653 1773 5710 xum,
1806 5637 1897 5693 36.

2006 4503 2121 4558 LSi
2156 4503 2388 4575 singula
2418 4521 2543 4576 quae
2576 4504 2647 4559 ab
2680 4505 2846 4561 initio
2878 4511 3045 4579 gesta
3074 4513 3213 4564 sunt
3240 4526 3415 4582 opera
3449 4527 3590 4568 con-

1937 4591 2205 4661 templari
2233 4592 2499 4658 velimus,
2533 4592 2763 4649 inﬁnita
2793 4594 2891 4650 illa
2920 4598 3249 4662 sunt.Quod
3283 4599 3332 4653 si
3363 4615 3431 4655 ea
3462 4617 3593 4671 qua!

1938 4680 2047 4735 sub
2080 4685 2381 4751 aspectum
2415 4682 2633 4737 cadunt
2664 4687 2840 4753 atque
2870 4700 2905 4737 a
2938 4684 3048 4739 Deo
3080 4690 3207 4741 acta
3256 4695 3420 4755 sunt,
3472 4706 3593 4745 me-

1938 4770 2125 4823 moria
2185 4778 2378 4825 lenere
2435 4786 2604 4825 nemo
2639 4770 2844 4841 possit,
2877 4772 3108 4829 occulta
3135 4777 3264 4845 ejus
3295 4778 3592 4848 quomodo

1936 4858 2067 4927 quis
2100 4858 2422 4930 intelligere
2453 4859 2711 4930 poterit?
2742 4884 2768 4909 «
2806 4861 2993 4917 Multa
3047 4863 3228 4932 enim,
3289 4887 3317 4915 ››
3374 4867 3593 4953 inquit,

1941 4968 1968 4995 ‹‹
2014 4963 2190 5018 opera
2219 4946 2317 5002 Dei
2349 4948 2691 5003 abscondita
2722 4954 2858 5004 sunt
2886 4951 2951 5005 2°.
2987 4975 3014 5001 ››
3047 4953 3197 5008 Sunt
3226 4969 3363 5026 ergo
3388 4946 3593 5012 invisi;

1938 5033 2077 5089 bilia
2108 5036 2371 5106 quaedam
2405 5035 2504 5091 Dei
2536 5053 2729 5107 opera,
2762 5056 2889 5109 qua:
2919 5040 2977 5095 in
3009 5043 3235 5098 occulto
3294 5050 3467 5113 sunt;
3520 5045 3592 5101 de

1940 5125 2157 5194 quibus
2214 5124 2366 5179 378
2425 5124 2662 5180 divinus
2706 5127 3020 5199 Apostolus
3058 5135 3314 5187 testatur
3343 5134 3543 5190 dicens
3580 5152 3592 5190 :

1941 5237 1969 5263 «
2004 5212 2322 5268 Invisibilis.
2352 5213 2507 5268 enim
2542 5215 2729 5285 ipsius
2758 5234 2791 5271 a
2822 5223 3086 5273 creatura
3120 5221 3318 5276 mundi
3383 5239 3484 5294 per
3524 5239 3593 5278 ea

1943 5319 2069 5374 quae
2093 5302 2243 5357 facta
2272 5307 2433 5369 sunt,
2452 5302 2746 5359 intellecta
2777 5306 3222 5378 conspiciuntur
3245 5310 3308 5364 3°.
3333 5335 3354 5363 ι
3381 5310 3599 5367 Revera

1943 5391 2122 5459 enim,
2141 5408 2359 5463 «quam
2390 5393 3005 5465 incomprehensibilia
3029 5403 3167 5454 sunt
3187 5399 3413 5470 judicia
3442 5401 3593 5471 ejus,

1943 5480 2462 5554 etinvestigabiles
2491 5482 2594 5538 viae
2624 5483 2754 5554 ejus
2790 5484 2867 5538 ³11
2921 5507 2949 5535 »
2993 5486 3064 5542 Et
3120 5503 3254 5543 vero
3312 5488 3596 5560 propheta

1972 5636 2018 5677 ³ο
2051 5636 2217 5694 Rom.
2245 5654 2285 5707 ι,
2316 5638 2407 5692 20.
2484 5640 2528 5675 ³⁸
2564 5637 2731 5695 Rom.
2764 5655 2841 5711 XI,
2871 5640 2962 5696 33.

3241 5768 3319 5832 33
