4026 6204
1613 324 1677 385 8.
1724 322 2251 387 ATHANASIUS.
2281 358 2355 370 —
2377 322 2687 388 SPURIA.
3700 326 3884 391 1036

1634 478 1657 508 ιι
1721 457 2068 513 Considerav

2206 456 2302 522 τῆς
2337 454 2503 525 αὐτῆς
2548 455 2813 531 ἐχόμενος
2866 456 3118 531 γνώμης,
3148 453 3320 533 ἔλεγε·
3358 483 3385 511 ‹‹
3433 459 3746 527 Κατενὸησα
3788 400 3993 517 3‘54

446 460 705 530 ejusdem
733 476 863 514 cum
887 462 1041 514 esset
1073 454 1370 513 sententiae
1419 454 1499 511 ait
1559 474 1569 511 :

446 565 620 620 opera
653 554 775 614 tua,
807 554 864 603 et
894 548 1097 620 expavi
1130 548 1196 601 θ’.
1238 571 1258 595 ι
1297 549 1632 612 Quaeramus
1662 563 1798 618 ergo
1829 563 1941 600 non
1976 547 2092 617 pri-

446 656 606 693 mum
644 654 888 709 regnum
921 639 1069 707 ejus,
1102 642 1277 707 atque
1309 638 1387 691 ita
1415 636 1533 690 haec
1568 636 1766 691 omnia
1812 635 2090 705 adjicien-

440 732 538 783 tur
571 728 767 794 nobis;
802 729 882 782 ita
913 726 1067 780 enim
1099 726 1379 781 Dominus
1412 730 1608 780 noster
1634 727 1801 780 Jesus
1828 722 2092 777 Christus

440 817 499 871 in
536 816 861 889 Evangeliis
894 833 999 870 nos
1029 816 1195 870 docet
1244 815 1336 870 his
1367 815 1558 870 verbis
1592 832 1603 869 :
1640 838 1667 864 ‹‹
1730 813 1980 877 Quaerite
2037 816 2093 868 et

442 906 749 962 invenietis
807 907 871 960 ³³.
929 928 954 953 ››
983 904 1307 971 Quaerimus
1340 921 1533 976 porro,
1568 921 1681 959 non
1717 902 2087 974 margaritas,

440 1012 553 1050 non
588 995 954 1068 hyacinthos,
1006 1012 1130 1065 quae
1190 993 1660 1065 imprudentibus
1717 989 2090 1047 admirationi

439 1086 715 1150 sunt;sed
749 1083 1097 1155 sapientiam
1134 1083 1233 1137 Dei
1268 1082 1325 1138 in
1359 1082 1636 1154 mysterio
1668 1080 2085 1137 absconditam:

440 1195 467 1222 ‹‹
503 1176 683 1238 Quam
719 1190 886 1228 nemo
919 1158 1249 1244 principum
1291 1172 1468 1241 hujus
1498 1170 1695 1226 saeculi
1737 1170 2020 1241 cognovit.
2056 1190 2083 1219 »

438 1262 581 1317 Nam
614 1284 639 1309 ‹‹
676 1262 722 1317 si
764 1262 1196 1333 cognovissent,
1256 1260 1466 1331 inquit,
1527 1275 1828 1330 nunquam
1895 1258 2085 1313 Domi-

438 1367 577 1404 num
629 1350 823 1421 gloriae
869 1350 1297 1405 cruciﬁxissent
1326 1350 1391 1401 3‘.
1431 1370 1456 1397 ››
1489 1348 1618 1403 Haec
1650 1353 1739 1403 est
1770 1352 1965 1403 autem
2000 1363 2088 1402 sa-

436 1440 674 1509 pientia,
711 1440 779 1493 de
812 1457 928 1511 qua
956 1445 1013 1493 et
1040 1439 1310 1494 Salomon
1360 1439 1416 1492 in
1465 1438 1769 1509 prophetia
1809 1437 2038 1491 dicebat
2070 1451 2082 1491 :

438 1549 464 1579 ι
525 1529 684 1583 Mitte
736 1528 879 1583 mihi
936 1528 1163 1583 sedium
1197 1532 1431 1583 tuarum
1464 1525 1819 1581 assistricem
1854 1526 2086 1596 sapien-

434 1620 575 1673 tiam
609 1617 670 1673 ³⁵.
710 1640 734 1666 η
767 1619 926 1681 Quod
962 1622 1157 1672 autem
1183 1622 1239 1672 et
1272 1616 1536 1671 Christus
1569 1615 1859 1686 sapientia
1891 1614 2087 1685 praedi-

432 1712 615 1771 cetur,
647 1707 817 1761 testis
846 1706 951 1760 erit
982 1706 1120 1761 mihi
1156 1704 1365 1760 Paulus
1396 1705 1597 1759 dicens
1659 1720 1670 1756 :
1736 1725 1761 1752 υ
1816 1702 2083 1757 Christus

434 1796 527 1850 Dei
588 1796 768 1850 virtus
828 1801 883 1851 et
944 1796 1036 1849 Dei
1098 1794 1387 1865 sapientia
1416 1795 1481 1847 ³⁸.
1517 1793 1767 1857 Quaerite
1797 1808 1934 1863 ergo
1967 1790 2081 1863 pri-

432 1902 595 1939 mum
626 1900 868 1955 regnum
902 1884 1001 1938 Dei
1034 1890 1091 1938 et
1131 1883 1425 1953 justitiam
1490 1884 1639 1951 ejus.
1700 1882 1822 1936 haec
1883 1880 2081 1935 omnia

431 1974 780 2045 adjicientur
810 1974 973 2029 vobis
1002 1974 1065 2027 ³⁷,
1096 1996 1123 2022 ››
1156 1977 1300 2027 Nam
1335 1990 1459 2043 quas
1490 1974 1685 2026 futura
1714 1968 2081 2040 sunt,priori-

432 2063 541 2117 bus
574 2064 659 2131 (ac
692 2062 999 2134 praecipuis
1026 2062 1163 2133 illis)
1197 2061 1518 2134 posteriora
1549 2064 1705 2116 sunt.
1741 2059 1862 2114 Etsi
1920 2059 2077 2114 enim

433 2151 715 2206 rationem
776 2152 1092 2223 quamdam
1135 2150 1348 2206 habeat
1378 2150 1523 2223 legis
1555 2150 1782 2216 umbra,
1818 2152 2078 2204 attamen

431 2240 763 2295 futurorum
789 2242 1071 2297 bonorum
1105 2239 1353 2296 arrhabo
1384 2245 1492 2295 est.

493 2443 550 2497 2.
596 2438 781 2497 Judaei
813 2453 948 2509 ergo
981 2437 1039 2491 in
1071 2435 1419 2490 hodiernum
1455 2449 1641 2503 usque
1672 2432 1848 2500 diem,
1874 2431 2077 2486 litteras

427 2531 616 2604 magis
651 2545 824 2601 quam
861 2524 1091 2597 spiritui
1127 2523 1476 2579 adhibentes
1509 2522 1798 2588 animum,
1858 2526 2075 2575 errant.

424 2621 573 2677 Audi
608 2633 859 2689 namque
894 2616 1031 2686 quid
1065 2613 1391 2667 dicantzllic
1424 2612 1596 2667 homo
1628 2610 1810 2681 legem
1847 2614 1902 2664 et
1932 2610 2074 2664 Sab-

426 2712 561 2766 bata
593 2707 851 2764 solutum
884 2703 1061 2760 venit.
1093 2702 1307 2757 Verum
1343 2702 1391 2756 si
1425 2700 1727 2755 mendicus
1759 2704 1963 2753 contra
1988 2698 2076 2752 di-

426 2800 595 2854 vitias
627 2798 920 2868 loquatur,
957 2807 1325 2863 nequaquam
1371 2788 1452 2843 illi
1513 2790 1657 2844 ﬁdes
1716 2787 2074 2842 habebitur:

428 2904 611 2958 neque
643 2886 690 2941 si
716 2887 1117 2954 intemperans
1136 2880 1310 2935 homo
1329 2879 1395 2933 ad
1408 2894 1609 2933 versus
1631 2877 2075 2949 temperantiam

424 2979 601 3032 verba
631 2975 1027 3037 faciat,verum
1060 2974 1149 3025 est
1179 2967 1575 3023 testimonium
1605 2966 1886 3038 ejus.Non
1919 2966 2076 3021 enim

429 3083 494 3120 ex
526 3064 730 3119 atl‘ectu
765 3062 886 3117 haec
919 3057 1346 3114 afﬁrmant.llle
1381 3073 1631 3127 namque
1662 3055 1789 3110 ideo
1847 3054 2077 3110 divitias

428 3155 669 3209 damnat
701 3152 853 3224 quod
882 3167 980 3205 eas
1009 3149 1250 3203 minime
1284 3147 1575 3217 possideat
1609 3164 1622 3202 :
1649 3147 1749 3218 qui
1783 3162 1914 3201 vero
1941 3162 2076 3199 con-

430 3242 736 3298 tinentiam
771 3258 884 3296 non
916 3242 1326 3308 servat,neque
1357 3252 1487 3291 cum
1519 3235 1716 3290 labore
1747 3240 2076 3306 temperan-

429 3332 569 3387 tiam
603 3334 846 3393 exercet,
874 3328 925 3383 is
954 3325 1224 3381 homines
1275 3324 1479 3379 irridet
1536 3340 1736 3379 earum
1794 3322 2075 3377 virtutum

427 3420 744 3475 studiosos.
798 3418 863 3472 Et
899 3432 1035 3470 vero
1070 3414 1351 3468 Dominus
1382 3417 1438 3467 et
1467 3411 1726 3467 Salvator
1756 3417 1954 3466 noster
1981 3415 2074 3466 Je-

428 3526 530 3563 sus
577 3506 866 3575 Christus,
929 3519 1129 3558 eorum
1189 3518 1512 3571 coarguens
1549 3500 1885 3565 amentiam,
1945 3499 2071 3554 ait:

426 3621 453 3647 ‹‹
489 3602 607 3652 Non
641 3596 769 3650 veni
802 3594 1021 3649 solvere
1049 3591 1235 3663 legem
1269 3596 1371 3645 aut
1404 3589 1733 3661 prOphetas,
1755 3591 1853 3643 sed
1887 3589 2074 3644 adim-

427 3687 581 3757 plere
614 3688 674 3739 ³⁸.
701 3707 727 3733 ››
750 3685 997 3754 Ideoque
1035 3682 1241 3736 beatus
1274 3679 1490 3734 Paulus
1524 3679 1642 3731 haec
1674 3677 2073 3734 scribit.«Ple-

424 3776 626 3831 nitudo
659 3774 838 3845 igitur
868 3771 1012 3843 legis
1044 3768 1409 3835 (Ihristus,ad
1435 3768 1730 3838 justitiam
1763 3768 1922 3821 omni
1944 3784 2072 3822 cre-

424 3866 580 3919 denti
614 3865 676 3917 ³⁹.
698 3886 725 3914 ››
753 3860 1096 3917 Accuratius
1128 3858 1347 3928 itaque,
1374 3855 1757 3922 dilecti,i|lud
1794 3857 1863 3911 de
1894 3858 2070 3912 disci-

424 3954 577 4025 pulis
607 3951 1046 4008 consideremus
1081 3965 1093 4003 :
1127 3944 1936 4016 consideremus,'inquam,in
1972 3945 2069 4002 illa

423 4059 547 4113 qum
580 4042 893 4112 pr0prie,et
923 4038 1051 4094 sine
1082 4037 1482 4091 additamento
1505 4035 1792 4105 sapientia
1807 4040 2065 4089 vocatur.

422 4130 551 4185 Haec
582 4129 793 4200 quippe
825 4128 1092 4182 notitiam
1143 4124 1469 4178 divinorum
1531 4123 1707 4177 habet
1764 4124 2068 4195 mysterio-

423 4236 573 4272 rum.
613 4218 736 4271 tlaac
767 4216 822 4269 in
860 4218 1052 4269 mente
1083 4219 1282 4267 nostra
1313 4228 1415 4267 ceu
1451 4211 1508 4265 in
1540 4211 1714 4266 domo
1738 4211 1983 4274 habitat,
2016 4212 2066 4267 si

420 4305 743 4379 praesertim
802 4320 949 4375 pura
1006 4302 1102 4367 sit,
1165 4318 1231 4356 ao
1288 4300 1669 4371 cogitationes
1726 4300 1991 4355 observet
2048 4318 2062 4357 :

419 4418 445 4445 ‹‹
480 4393 765 4458 Quoniam
798 4392 855 4446 in
889 4390 1229 4445 malevolam
1254 4390 1509 4443 animam
1544 4405 1655 4443 non
1689 4387 1951 4443 introibit
1980 4405 2067 4444 sa-

418 4484 795 4555 pientia,nec
823 4479 1108 4535 habitabit
1160 4478 1215 4533 in
1274 4494 1511 4549 corpore
1569 4476 1803 4532 subdito
1864 4492 2062 4547 pecca-

2203 543 2335 619 ἔργα
2384 566 2499 612 σου,
2532 546 2621 599 καὶ
2672 545 2905 615 ἐξέστην.
2943 570 2970 596 ››
3022 548 3357 619 Ζητήσωμεν
3407 545 3497 601 οὖν
3548 552 3635 602 καί
3685 552 3840 621 ἡμεῖς

2202 638 2417 708 πρῶτον
2444 635 2542 702 τήν
2578 632 2855 708 βασιλείαν
2887 634 3072 706 αὐτοῦ,
3105 636 3196 690 καὶ
3260 637 3403 691 οὕτω
3456 641 3621 692 ταῦτα
3676 640 3839 694 πάντι

2200 724 2621 797 προστεθήσεται
2670 725 2829 796 ἡμῖν’
2882 724 3024 778 οὕτω
3080 725 3181 800 γὰρ
3229 726 3319 779 καὶ
3366 727 3394 779 6
3444 727 3639 801 Κύριος
3684 730 3835 799 ἡμῶν

2202 811 2410 882 Ἰησοῦς
2486 814 2716 885 Χριστὸς
2770 813 2821 868 ἐν
2879 813 3235 888 Εὐαγγελίοις
3315 812 3551 869 διδάσκει
3624 816 3837 889 λέγων’

2201 925 2229 951 ιι
2264 907 2504 971 Ζητεῖτε,
2561 902 2652 956 καὶ
2710 904 2999 977 εὑρήσετε.
3053 929 3072 953 ι
3130 908 3407 976 Ζητοῦμεν
3464 903 3519 959 δὲ
3570 909 3730 977 ἡμεῖς
3780 906 3839 960 οὔ

2204 991 2557 1067 μαργαρίτας,
2604 989 2729 1047 οὐδὶ
2780 992 3077 1060 ὑακίνθους,
3112 994 3246 1067 ἅπερ
3297 995 3349 1047 οἱ
3388 994 3739 1069 ἀπειρόκαλοι
3767 998 3842 1066 (8)

2196 1080 2617 1152 τεθαυμάκασιν·
2668 1080 2811 1136 ἀλλὰ
2870 1086 3136 1155 ζητοῦμεν
3194 1087 3329 1138 Θεοῦ
3386 1083 3572 1159 σοφίαν
3630 1082 3683 1137 έν
3746 1106 3843 1156 μυ-

2200 1168 2409 1245 στηρίῳ
2482 1172 2583 1239 τὴν
2655 1170 3145 1247 ἀποκεκρυμμένην
3181 1190 3195 1203 ’
3264 1196 3293 1223 ‹‹
3351 1174 3449 1226 "HV
3506 1172 3681 1233 οὖ-Ξεῖς
3740 1178 3844 1227 τῶν

2196 1254 2479 1334 ἀρχόντων
2529 1263 2626 1313 τοῦ
2684 1258 2877 1321 αἰῶνος
2929 1260 3123 1315 τούτου
3180 1258 3429 1337 ἔγνωκεν.
3467 1286 3493 1309 n
3528 1286 3555 1311 «ε
3586 1260 3648 1315 Εἰ
3684 1286 3709 1312 υ
3742 1262 3842 1334 γὰρ

2196 1371 2225 1399 ιι
2286 1344 2545 1423 ἔγνωσαν,
2606 1348 2783 1425 φησὶν,
2852 1348 2951 1403 οὐκ
3004 1349 3061 1403 ἂν
3115 1350 3206 1403 τὸν
3262 1350 3455 1421 Κύριον
3510 1358 3609 1419 τῆς
3684 1347 3844 1420 δόξης

2196 1435 2557 1512 ἐσταύρωσαν.
2596 1462 2622 1489 ››
2654 1438 2798 1507 Αὕτη
2849 1436 2906 1492 δέ
2954 1437 3094 1492 ἐστιν
3146 1441 3181 1507 ἡ
3228 1438 3409 1516 σοφία,
3443 1439 3563 1512 περὶ
3592 1442 3661 1507 ἧς
3694 1438 3842 1515 ἔλεγε

2194 1525 2283 1579 καὶ
2316 1527 2343 1580 6
2378 1526 2648 1599 Σολομὼν
2710 1525 2760 1581 ἐν
2818 1526 3141 1604 προφητείᾳ·
3193 1553 3220 1577 ι(
3275 1526 3686 1596 Ἐξαπόστειλὸν
3749 1549 3840 1600 μοι

2192 1615 2294 1682 τήν
2352 1618 2456 1669 τῶν
2516 1620 2618 1668 σῶν
2681 1615 2881 1691 θρόνων
2942 1613 3210 1690 πάρεδρον
3264 1616 3474 1693 σοφίαν.
3512 1641 3538 1667 ι)
3568 1620 3687 1671 Ὅτι
3723 1614 3781 1671 δὲ
3813 1618 3839 1670 ὁ

2195 1703 2423 1778 Χριστὸς
2480 1703 2569 1758 καὶ
2630 1704 2788 1782 σοφία
2847 1704 3212 1779 κηρΰσσεται,
3278 1708 3607 1781 μαρτυρήσει
3672 1727 3764 1778 μοι
3812 1706 3841 1759 6

2195 1790 2429 1860 Παῦλος,
2480 1790 2677 1867 λέγων·
2712 1819 2738 1843 ‹‹
2792 1794 3018 1868 Χριστὸς
3080 1799 3215 1848 Θεοῦ
3273 1791 3501 1866 δύναμις
3559 1795 3648 1849 καὶ
3709 1800 3841 1850 Θεοῦ

2191 1881 2369 1955 σοφία.
2406 1886 2623 1951 Ζητεῐτε
2682 1880 2773 1936 οὖν
2834 1887 3046 1955 πρῶτον
3100 1884 3200 1950 τὴν
3258 1881 3534 1957 βασιλείαν
3593 1885 3683 1935 καὶ
3741 1884 3837 1950 τήν

2190 1966 2532 2040 δικαιοσύνην
2583 1976 2680 2024 τοῦ
2731 1976 2886 2042 Θεοῦ,
2919 1971 3007 2025 καὶ
3063 1971 3208 2025 οὕτω
3254 1976 3420 2026 ταῦτα
3460 1971 3635 2025 πάντα
3663 1992 3840 2045 προσο

2186 2059 2467 2127 τεθήσεται
2519 2059 2667 2131 ὑμῖν.
2703 2084 2729 2110 »
2780 2060 2853 2114 Τὰ
2909 2060 3009 2136 γὰρ
3069 2059 3297 2133 ἐσόμενα
3352 2065 3459 2115 τῶν
3516 2060 3838 2135 ἡγουμένων

2190 2144 2409 2221 δεύτερα
2463 2148 2737 2224 τυγχάνει·
2794 2148 2889 2203 κᾶν
2943 2150 3046 2224 γὰρ
3108 2148 3224 2224 ἔχει
3277 2149 3441 2224 λόγον
3474 2152 3509 2218 ἡ
3560 2151 3698 2205 κατᾶ
3746 2150 3832 2204 τὸν

2188 2234 2352 2307 νόμον
2402 2237 2544 2310 σκιὰ,
2574 2234 2719 2292 ἀλλᾶ
2772 2243 2878 2293 τῶν
2934 2235 3249 2311 μελλόντων
3310 2240 3525 2314 ἀγαθῶν
3585 2234 3831 2315 ἀρραϐών

2190 2322 2351 2382 ἐστιν.

2257 2435 2311 2486 2.
2348 2427 2601 2487 Ἰουδαῖοι
2652 2438 2941 2508 τοιγαροῦν
2999 2434 3164 2509 μέχρι
3215 2436 3474 2509 σήμερον,
3524 2439 3605 2507 τῷ
3656 2437 3833 2509 γράμ-

2192 2541 2317 2592 ματι
2381 2519 2592 2593 μᾶλλον
2642 2522 2677 2589 ἣ
2722 2528 2800 2595 τῷ
2843 2522 3107 2594 πνεύματι
3159 2522 3545 2598 προσέχοντες,
3596 2521 3829 2592 ἐπλανή-

2189 2610 2378 2678 θησαν.
2410 2610 2603 2665 ’Ἄκουε
2658 2610 2758 2684 γὰρ
2808 2611 2982 2665 αὐτῶν
3033 2607 3322 2685 λεγὸντων·
3357 2612 3531 2673 Οὗτος
3562 2612 3590 2665 6
3622 2612 3825 2686 ἄνθρω-

2187 2716 2287 2758 πος
2316 2697 2405 2751 τὸν
2438 2697 2606 2769 νόμον
2640 2697 2776 2766 ἦλθε
2806 2698 3101 2753 καταλῦσαι
3132 2699 3219 2752 γαὶ
3254 2694 3527 2755 Σάϐϐατα.
3555 2698 3716 2755 Ἀλλ’
3746 2700 3824 2754 ἐὰν

2187 2784 2411 2858 πτωχὸς
2473 2783 2615 2859 λέγει
2676 2786 2810 2840 κατὰ
2861 2788 3208 2861 χρημάτων,
3260 2785 3320 2840 οὐ
3380 2790 3817 2857 πιστευθήσεται·

2188 2870 2389 2927 οὐδ’ἃν
2444 2870 2743 2935 ἆκόλαστος
2789 2874 2911 2947 περὶ
2974 2875 3344 2952 σωφροσύνης,
3401 2876 3615 2945 ἀληθὴς
3672 2877 3823 2931 αὐτοῦ

2186 2964 2221 3031 ἡ
2256 2963 2543 3039 μαρτυρία.
2579 2965 2650 3019 Οὐ
2701 2964 2803 3039 γὰρ
2845 2964 2904 3019 ἐκ
2955 2962 3241 3027 διαθέσεως
3287 2965 3410 3039 περὶ
3456 2966 3663 3020 τούτων
3719 2965 3821 3021 6w-

2188 3047 2549 3107 656a106v1at'
2584 3055 2611 3108 6
2647 3054 2740 3125 μὲν
2772 3055 2874 3128 γὰρ
2906 3059 2985 3126 τῷ
3037 3056 3114 3127 μὴ
3175 3051 3319 3130 ἔχειν
3378 3057 3817 3133 καταποτραίνεται

2187 3146 2283 3195 τοῦ
2314 3140 2576 3196 πλούτου·
2612 3144 2640 3197 6
2673 3141 2729 3197 δὲ
2762 3146 2837 3215 μὴ
2889 3143 3179 3218 ἰνεργήσας
3233 3148 3301 3217 τῇ
3360 3144 3661 3220 ἐγκρατείᾳ,
3696 3142 3821 3217 μηδέ

2192 3230 2325 3302 μετὰ
2353 3230 2522 3285 πόνου
2556 3231 2910 3306 σωφροσύνην
2944 3233 3202 3303 ἀσκήσας,
3236 3231 3492 3308 χλευάζει
3545 3236 3674 3296 τοὺς
3717 3234 3819 3289 ἐπι-

2183 3321 2501 3381 ποθοῦντας.
2537 3320 2762 3392 Ἀμέλει
2795 3322 2822 3375 6
2857 3320 3051 3395 Κύριος
3082 3322 3172 3375 καὶ
3205 3322 3400 3395 Σωτήρ
3435 3325 3597 3395 ἡμῶν
3622 3325 3817 3393 Ἰησοῦς

2184 3407 2212 3461 6
2271 3409 2518 3482 Χριστὸς,
2584 3407 2887 3485 διελέγχων
2949 3409 3123 3465 αὐτῶν
3181 3411 3279 3478 τὴν
3336 3408 3548 3476 ἄνοιαν,
3609 3409 3811 3486 διε-(εγ

2184 3521 2211 3547 α
2246 3496 2360 3553 Οὐκ
2387 3496 2559 3566 ἦλθον
2593 3497 2888 3553 καταλῦσαι
2925 3499 3009 3553 τὸν
3044 3499 3236 3571 νόμον,
3272 3497 3395 3554 οὐδὲ
3436 3500 3566 3562 τοὺς
3617 3504 3809 3577 προσή-

2180 3607 2293 3656 τας,
2355 3586 2499 3641 ἀλλὰ
2556 3586 2872 3661 πληρῶσαι.
2906 3611 2925 3636 ι
2963 3588 3055 3643 Διὸ
3110 3589 3197 3643 καὶ
3232 3590 3259 3643 ὁ
3294 3589 3560 3663 μακάριος
3616 3589 3810 3649 Παῦλος

2180 3675 2396 3752 γράφει,
2428 3674 2622 3751 λέγων’
2658 3701 2683 3727 ‹‹
2720 3675 3009 3750 ΙΙλήρωμα
3041 3675 3129 3731 οὖν
3178 3674 3354 3749 νόμου
3406 3678 3434 3731 6
3484 3679 3704 3750 Χριστὸς
3750 3678 3811 3737 εἰς

2180 3760 2527 3833 δικαιοσύνην
2585 3765 2745 3818 παντὶ
2796 3769 2874 3836 τῷ
2932 3766 3322 3822 πιστεύοντι.»
3359 3768 3808 3840 Κατασκεψὼμεθα

2178 3851 2269 3906 οῦν
2334 3853 2629 3928 βαθύτερον
2687 3853 2809 3928 περὶ
2868 3859 2975 3908 τῶν
3032 3855 3311 3927 μαθητῶν,
3344 3856 3638 3929 ἀγητηωῦ
3672 3874 3809 3909 κατα·

2178 3942 2499 4015 σκεψώμεθα
2557 3939 2615 3996 δὶ
2672 3941 2721 3995 έν
2779 3946 2847 4015 τῇ
2904 3944 3109 4018 κυρίως
3168 3944 3258 3997 καὶ
3322 3942 3446 3998 ἄνευ
3505 3945 3805 4018 προσθήκης

2175 4029 2339 4107 σοφίᾳ
2395 4028 2723 4103 καλουμένῃ·
2758 4029 2891 4097 αὕτη
2952 4032 3055 4106 γὰρ
3110 4036 3308 4107 γνῶσιν
3356 4029 3474 4106 ἔχει
3534 4032 3687 4096 θείων
3720 4053 3805 4103 μοι

2176 4118 2429 4194 οτηρίων·
2464 4118 2598 4187 αὕτη
2635 4118 2687 4172 έν
2719 4122 2786 4192 τῇ
2837 4116 3046 4190 διανοίᾳ
3096 4122 3257 4192 ἡμῶν
3304 4121 3377 4181 ὡς
3428 4119 3479 4175 ἐν
3518 4120 3655 4193 οἴκῳ
3700 4140 3805 4174 κατ·

2175 4214 2333 4278 οικεῖ,
2369 4207 2455 4263 ἐὰν
2516 4206 2754 4280 μάλιστα
2811 4210 3015 4283 καθαρά
3068 4210 3342 4283 τυγχάνῃ,
3386 4210 3511 4285 περὶ
3568 4213 3636 4265 τὰ
3695 4210 3804 4277 ver:-

2178 4318 2317 4368 ματα
2348 4295 2760 4372 ἀσχολουμένη⁶
2796 4322 2823 4349 ι(
2859 4297 2951 4359 Εἰς
2983 4298 3083 4372 γαρ
3116 4298 3446 4372 κακότεχνον
3490 4300 3674 4374 ψυχὴν
3719 4296 3802 4351 οὐκ

2173 4385 2528 4441 εἰσελεύσεται
2562 4385 2741 4464 σοφία,
2777 4382 2901 4440 οὐδὲ
2930 4391 3243 4457 κατοικήσει
3288 4386 3338 4440 ἒν
3393 4389 3608 4459 σώματι
3658 4406 3799 4441 me.

2172 4474 2322 4551 χρὲῳ
2370 4476 2677 4547 ἁμαρτίαις.
2716 4499 2743 4525 ))
2794 4476 3182 4549 Καθαρίσωμεν
3245 4473 3339 4529 οῦν
3400 4476 3642 4540 ἑαυτοὺς,
3683 4476 3797 4549 ἄγα-

416 4574 492 4628 tis
519 4573 581 4626 ‘°.
606 4593 633 4621 »
654 4571 978 4642 Purgemus
1008 4570 1206 4639 itaque
1238 4566 1669 4633 nos,dilecti,ab
1701 4566 1861 4620 omni
1893 4567 2065 4620 sorde

2187 4564 2359 4633 πτητοὶ,
2408 4563 2514 4618 ἀπὸ
2570 4563 2765 4624 παντὸς
2827 4563 3119 4637 μολυσμοῦ
3176 4567 3362 4638 ψυχῆς
3410 4567 3501 4619 καὶ
3543 4566 3793 4637 σώματος’

414 4660 622 4717 animas
653 4665 709 4715 et
738 4654 1538 4729 corporis,auscullemusque
1567 4653 1911 4709 clamantem
1940 4670 2066 4725 pro-

414 4750 646 4823 phetam
685 4764 697 4804 :
738 4769 758 4794 ι
796 4747 1069 4801 Mundate
1102 4760 1334 4806 manus,
1370 4747 1700 4813 peccatores
1750 4759 1763 4796 :
1821 4748 2062 4815 purgate

411 4839 605 4905 corda,
657 4836 920 4907 duplices
968 4833 1163 4888 animo
1194 4833 1259 4883 ‘1.
1298 4854 1324 4879 ››
1363 4836 1445 4885 tta
1476 4832 1629 4886 enim
1664 4831 1794 4901 quis
1828 4832 2058 4902 poterit,

410 4933 465 4983 et
495 4925 802 4982 sensibilia
844 4923 1107 4995 probare,
1144 4926 1201 4977 et
1232 4920 1565 4992 spiritualia
1596 4924 1824 4987 tenere;
1887 4926 2059 4991 atque

409 5016 529 5070 haec
586 5014 818 5086 eligere,
853 5013 924 5068 ab
964 5010 1085 5065 illis
1116 5010 1314 5081 procul
1349 5010 1633 5064 recedere.
1664 5010 2057 5073 Quemadmo-

408 5105 547 5159 dum
582 5102 743 5175 probi
775 5100 1089 5172 trapezitas,
1125 5101 1339 5153 bonum
1368 5097 1679 5169 eligamus,
1712 5104 1768 5153 et
1798 5099 1866 5153 ab
1897 5099 2055 5154 omni

406 5194 561 5249 mala
589 5191 778 5265 specie
809 5187 1401 5246 abstineamus.Bona
1430 5203 1566 5259 ergo
1597 5186 1752 5242 velut
1783 5204 2052 5244 necessa-

1069 5400 1113 5433 ³³
1143 5396 1348 5454 Matth.
1381 5412 1480 5463 vn,
1509 5396 1563 5451 7.

473 5404 518 5437 ³²
546 5401 755 5457 Hahae.
791 5417 874 5468 ιιι,
903 5400 957 5454 2.
1069 5400 1113 5433 ³³
1143 5400 1348 5454 Matth.
1381 5412 1480 5463 vn,
1509 5400 1563 5451 7.
1676 5400 1722 5436 ³*
1752 5400 1773 5451 Ι
1803 5400 1830 5451 C

479 5474 685 5530 Matth.
718 5491 772 5539 v,
806 5474 890 5527 17.
967 5472 1012 5507 3’
1046 5472 1211 5527 Rom.
1243 5487 1300 5538 x,
1336 5470 1385 5524 4.
1464 5468 1509 5502 ⁴⁰
1537 5468 1669 5539 Sap.
1704 5484 1744 5535 1,
1778 5467 1830 5521 4.

402 5476 445 5510 ³⁸
479 5474 685 5530 Matth.
718 5491 772 5540 v,
806 5474 890 5527 17.

471 5664 546 5743 (8)
579 5662 718 5735 Reg.
752 5658 1121 5735 ἂπειρόκακοι.

1676 5397 1722 5436 ⁸⁸
1752 5396 1773 5451 Ι
1803 5395 1930 5451 Cor.
1967 5412 2027 5465 ιι,
2047 5397 2102 5451 6.

1907 5468 1951 5504 ⁴¹
1983 5468 2111 5527 Jac.
2153 5484 2229 5539 ιν,
2260 5468 2314 5523 8.

2172 4652 2487 4724 ἀκούσωμεν
2515 4655 2613 4707 τοῦ
2668 4654 2952 4729 προφήτου
3016 4652 3272 4726 βοῶντος·
3312 4680 3332 4703 ι
3371 4654 3650 4729 ’Δγνίσατε
3690 4656 3794 4728 χεῖ-

2171 4761 2289 4815 ρας,
2322 4739 2664 4813 ἁμαρτωλοὶ,
2696 4741 3017 4816 καθαρίσατε
3046 4738 3289 4816 καρδίας,
3319 4740 3563 4818 δίψυχοι.
3601 4768 3627 4794 υ
3656 4741 3791 4799 Οὕτω

2167 4832 2268 4907 γάρ
2300 4852 2379 4891 τις
2426 4828 2633 4903 δυνηθῇ
2683 4829 2773 4884 καὶ
2831 4829 2897 4884 τὰ
2953 4830 3185 4900 αἶλσθητὰ
3242 4828 3686 4903 δοκιμάζειν,καὶ
3734 4829 3789 4881 τὰ

2166 4920 2336 4990 νοητᾶ
2365 4917 2632 4993 κατέχειν·
2667 4918 2756 4972 καὶ
2786 4920 2851 4972 τὰ
2879 4919 2974 4991 μὶν
3029 4920 3314 4992 αἱρεῖσθαι,
3344 4924 3452 4974 τῶν
3511 4918 3569 4975 δὶ
3622 4916 3788 4993 πὸῥγὼ

2164 5012 2426 5085 γενέσθαι.
2472 5009 2560 5068 Ὡς
2618 5003 2839 5079 δόκιμοι
2896 5013 3209 5083 τραπεζῖται
3265 5010 3328 5063 τὸ
3376 5010 3544 5064 καλὸν
3582 5006 3785 5076 ὲκλεξώ·

2169 5100 2324 5171 μεθα,
2356 5096 2462 5151 ἀπὸ
2513 5097 2710 5157 παντὸς
2772 5093 2948 5159 εἴδους
2993 5102 3239 5173 πονηροῦ
3294 5094 3651 5173 ἀπεχόμενοι.
3679 5099 3783 5152 Τοῖς

2165 5186 2253 5242 οὗν
2288 5185 2480 5249 καλοῖς
2511 5186 2586 5247 ὡς
2611 5184 2920 5262 ἀναγκαίοις
2952 5184 3367 5263 προσέλθωμεν,
3394 5194 3510 5250 τοῖς
3554 5184 3609 5242 δὲ
3651 5182 3779 5239 ἀδια-

3289 5400 3333 5434 ³⁷
3364 5396 3566 5455 Matth.
3596 5412 3671 5461 vr,
3698 5391 3775 5448 33.

2216 5397 2428 5470 "ASap.
2461 5413 2537 5466 ix,
2572 5398 2622 5451 4.
2740 5397 2784 5433 ³⁵
2816 5398 2835 5453 Ι
2867 5398 2994 5454 Cor.
3024 5415 3063 5466 ι,
3093 5399 3185 5454 24.
