4026 6204
120 3298 131 3309 .
211 3252 401 3317 ἔστιν,
461 3248 622 3305 ἄκουε
696 3250 758 3303 τὸ
833 3244 955 3306 Ἰὼϐ
1025 3249 1449 3325 γεγραμμένον·

219 356 249 416 1
262 356 386 417 037

1198 357 1527 422 HOMlLlA
1576 363 1650 421 ΙΝ
1698 360 1929 423 lLLUD
1979 378 2057 419 :«
2108 359 2393 433 EUNTE,
2430 384 2459 415 ››
2510 361 2682 423 ETC.

3484 371 3642 435 1038

213 490 440 565 φόροις,
476 488 599 544 ὅσον
644 492 677 559 ἠ
728 488 886 565 χρεία
944 490 1178 546 ἀπαιτεῖ.
1231 493 1287 544 '0
1343 493 1446 567 γὰρ
1503 493 1743 554 πλοῦτος
1804 496 1872 563 τῷ

1992 493 2076 548 ria
2107 494 2418 561 adeamus;
2451 494 2864 563 indifferentia,
2898 502 3187 568 quantum
3221 501 3482 571 postulat
3535 522 3641 561 ne-

216 575 348 650 ἱδίῳ
383 578 533 653 λόγῳ
563 576 687 634 οὐδὲ
717 579 910 653 ἀγαθὸς
943 577 1067 634 οὐδὲ
1098 579 1303 658 φαῦλος
1334 580 1612 656 τυγχάνει,
1633 580 1778 636 ἀλλᾶ
1805 584 1873 653 τῇ

214 666 537 743 προαιρέσει
585 673 680 722 τοῦ
730 668 1022 744 χρωμένου
1076 669 1150 731 εἷς
1203 670 1426 747 ἑκάτερα
1472 671 1731 746 κρίνεται.
1765 669 1872 725 Αύ-

215 754 346 810 τίκα
378 758 407 811 6
443 758 605 833 μέγας
658 751 909 833 Ἀϐραὰμ
965 756 1229 820 πλούσιος
1292 756 1498 835 σφόδρα
1557 758 1872 833 ἐτύγχανεν·

218 844 356 900 ἀλλ’
390 847 452 900 οὐ
485 844 573 900 διὰ
600 851 761 901 τοῦτο
805 854 906 916 τῆς
965 848 1158 922 ἀρετῆς
1210 846 1493 917 ἐξέκλινεν.
1527 846 1768 919 Ὁμοίως
1819 845 1875 902 δὲ

213 935 311 992 καὶ
344 937 373 989 6
404 936 628 1011 πτωχὸς
664 935 924 1010 Λάζαρος,
969 935 1019 989 ἐν
1052 935 1203 1006 πενίᾳ
1233 934 1329 1003 ὣν,
1363 935 1438 997 εἷς
1491 932 1732 1007 ἀνδρείαν
1783 936 1873 991 καὶ

220 1023 641 1100 μεγαλοψυχίαν
672 1027 741 1096 τῇ
773 1024 934 1101 σοφίᾳ
963 1024 1050 1077 καὶ
1099 1029 1177 1096 τῷ
1228 1023 1481 1099 λογισμῷ
1537 1023 1871 1102 ἐνηλείφετο.

216 1114 451 1181 Οὐκοῦν,
485 1113 559 1172 ὡς
586 1107 742 1188 ἔφην,
776 1109 899 1166 οὔτε
946 1114 980 1181 ἡ
1013 1112 1167 1167 πενία
1212 1114 1396 1184 κακὸν,
1425 1110 1547 1167 οὔτε
1578 1114 1605 1167 6
1636 1112 1873 1175 πλοῦτος

216 1202 432 1281 φαῦλος
468 1221 479 1232 ·
538 1199 684 1256 ἀλλὰ
737 1203 773 1270 ἡ
834 1208 1034 1277 χρῆσις
1098 1201 1231 1272 μετᾶ
1284 1209 1383 1271 τῆς
1434 1199 1721 1264 διαθέσεως
1778 1207 1874 1257 τοῦ

216 1291 540 1368 χρωμένου.
596 1289 814 1363 Ἀμέλει
872 1295 969 1344 τοῦ
1028 1295 1223 1345 πιστοῦ
1277 1289 1407 1353 ὅλος
1442 1292 1469 1345 6
1503 1291 1709 1365 κόσμος
1766 1296 1874 1346 τῶν

215 1383 555 1458 χρημάτων·
588 1384 685 1434 τοῦ
718 1377 773 1434 δὲ
803 1379 1028 1434 ἀπίστου
1060 1377 1186 1434 οὐδὲ
1236 1375 1455 1442 ὀϐολός.
1488 1385 1575 1453 Τῷ
1630 1380 1724 1453 μὲν
1770 1381 1872 1457 γὰρ

214 1475 399 1541 πιστῷ
453 1470 521 1524 τὰ
578 1467 747 1523 πάντα
806 1469 1181 1537 ὑποτέτακται,
1215 1469 1303 1523 καὶ
1359 1467 1530 1523 δοῦλα
1580 1471 1646 1524 τὰ
1700 1472 1873 1525 πάντα

212 1561 527 1639 τυγχάνει·
583 1555 768 1627 ἐπειδὴ
823 1557 912 1612 καὶ
974 1558 1187 1613 πάντων
1260 1560 1440 1633 ἄρχει,
1499 1560 1587 1614 καὶ
1658 1559 1872 1614 πάντων

214 1654 569 1726 καταφρονεῖ·
624 1650 651 1703 6
704 1645 761 1702 δὲ
804 1645 1026 1709 ἄπιστος
1084 1649 1297 1703 πάντων
1358 1648 1469 1703 ἐστὶ
1528 1646 1747 1715 δοῦλος,
1779 1670 1871 1702 κυ-

223 1740 540 1814 ριευόμενος
591 1738 692 1792 ὑπὸ
736 1742 833 1792 τοῦ
884 1743 1141 1809 μαμωνᾶ,
1178 1734 1411 1809 μηδενὸς
1466 1735 1675 1812 ἅρχων,
1729 1736 1873 1792 ἀλλά

223 1827 438 1901 μᾶλλον
468 1826 800 1902 ἀρχόμενος.
836 1826 935 1880 Καὶ
967 1828 1135 1881 πάντα
1169 1827 1261 1899 μὲν
1292 1826 1359 1881 τὰ
1383 1826 1478 1879 τοῦ
1528 1831 1660 1881 Θεοῦ
1709 1828 1871 1896 ποιή-

225 1938 366 1989 ματα
414 1916 575 1970 καλά·
610 1918 644 1985 ἡ
693 1914 750 1970 δὲ
798 1920 904 1969 τῶν
965 1917 1269 1990 χρωμένων
1331 1912 1565 1978 διάθεσις
1622 1913 1767 1971 πολὺ
1812 1916 1874 1970 τὸ

220 2005 481 2083 διάφορον
516 2000 655 2080 ἔχει.

292 2097 345 2151 3.
384 2094 611 2167 Ἀμέλει
643 2095 672 2147 6
703 2095 866 2171 σοφὸς
892 2094 1346 2164 Ἐκκλησιαστής,
1378 2093 1511 2166 μετὰ
1542 2094 1729 2170 σοφίας
1758 2098 1873 2154 τοῖς

222 2190 351 2238 πᾶσι
408 2183 501 2237 τὸν
561 2187 684 2237 νοῦν
746 2184 933 2237 ἑαυτοῦ
990 2182 1304 2253 ἐπιστήσας,
1353 2180 1736 2255 κατεσκέψατο,
1784 2181 1871 2236 καὶ

223 2269 443 2346 διέγνω,
485 2277 600 2333 πῶς
650 2269 877 2343 πλούτῳ
926 2275 1228 2346 χρήσηται·
1260 2275 1379 2333 πῶς
1427 2272 1608 2326 πενίαν
1666 2271 1869 2344 ἐνέγκῃ·

219 2367 341 2423 πῶς
374 2360 531 2414 νόσον
563 2359 831 2432 ὑπομένῃ·
865 2364 979 2421 πῶς
1027 2358 1085 2414 δὲ
1132 2360 1333 2435 ὑγίειαν
1381 2360 1665 2434 καταμίξῃ.
1703 2359 1871 2415 Αῦται

219 2449 276 2505 δέ
308 2451 442 2504 εἶσιν
475 2450 529 2503 αἱ
563 2449 766 2523 ἀρεταὶ,
799 2445 995 2509 αἷίτινες
1024 2450 1123 2518 τὴν
1169 2448 1480 2522 ἐπιμέλειαν
1533 2453 1610 2520 τῷ
1660 2450 1870 2524 ἀνθρω-

216 2539 359 2611 πίνῳ
417 2538 553 2613 γένει
610 2541 913 2594 ποιοῦνται.
946 2538 1304 2599 Ἀπεναντίως
1366 2534 1423 2591 δὲ
1468 2543 1583 2598 τοῖς
1645 2536 1870 2610 εἰρημέ-

225 2650 332 2689 ιοις
363 2629 393 2681 6
429 2628 505 2699 μὴ
538 2627 701 2703 σοφὸς
737 2623 1127 2696 διατεθήσεται·
1174 2626 1333 2681 τοῦτο
1367 2624 1423 2680 δέ
1457 2626 1565 2680 ἐστι
1612 2627 1675 2680 τὸ
1725 2647 1874 2699 περι-

218 2718 470 2789 σπασμὸν
502 2717 735 2791 πονηρὸν
774 2713 1020 2770 δεδόσθαι
1060 2721 1176 2777 τοῖς
1228 2716 1367 2777 υἱοῖς
1413 2720 1518 2769 τῶν
1572 2717 1870 2789 ἀνθρώπων

217 2806 365 2882 παρᾶ
417 2810 573 2875 Θεοῦ,
599 2803 689 2859 ἵνα
736 2805 795 2859 ἐκ
840 2809 937 2860 τοῦ
985 2804 1244 2859 ἐπιπόνου
1279 2804 1514 2880 μόχθου,
1546 2806 1764 2875 καὶτῆς
1819 2806 1869 2861 ἐν

214 2902 335 2957 τοῖς
371 2894 676 2971 ὁρωμένοις
708 2894 1034 2969 ἀμηχανίας,
1069 2894 1155 2948 ἐπὶ
1185 2895 1283 2961 τήν
1314 2898 1410 2948 τοῦ
1441 2899 1573 2949 Θεοῦ
1615 2894 1869 2970 πρόνοιαν

214 2984 307 3039 καὶ
358 2984 551 3060 σοφίαν
600 2982 1000 3059 καταφεύγωσι.
1031 2983 1233 3037 Τούτου
1283 2982 1442 3056 χάριν
1493 2982 1869 3055 περισπασμόν

214 3098 241 3125 ι(
276 3073 527 3145 πονηρὸν
557 3098 578 3123 ι
608 3068 836 3125 δέδωκεν
866 3072 893 3126 6
925 3071 1054 3132 Θεὸς
1085 3077 1199 3132 τοῖς
1231 3072 1370 3133 υἱοῖς
1403 3076 1510 3125 τῶν
1543 3072 1869 3147 ἀνθρώπων,

208 3164 518 3231 τουτέστιν,
547 3160 825 3216 ἐπίπονον.
858 3162 981 3217 ’Ὁτι
1015 3156 1072 3214 δὲ
1104 3183 1131 3210 ‹‹
1162 3159 1223 3213 τὸ
1276 3161 1513 3235 πονηρὸν
1548 3184 1576 3211 ››
1611 3159 1865 3215 ἐπίπονόν

210 3344 445 3398 ⁸Επεσεν
491 3339 542 3394 ἐν
590 3344 669 3411 τῷ
715 3333 839 3392 Ἰὼὸ
896 3335 1031 3407 ἕλκη
1064 3338 1299 3414 πονηρὰ,
1330 3337 1626 3406 τουτέστιν,
1679 3338 1870 3394 ἐπίπο-

210 3451 297 3485 να·
331 3430 423 3485 καὶ
458 3431 512 3484 αἱ
535 3427 746 3505 πληγαὶ
791 3426 1071 3504 Αἰγύπτου
1104 3428 1335 3503 πονηραὶ
1366 3426 1682 3497 κέκληνται,
1713 3450 1871 3484 τουτ-

212 3522 386 3587 έστιν,
441 3514 827 3572 ἐπίπονοι·’ίνα
882 3516 971 3571 καὶ
1028 3518 1127 3585 τὴν
1184 3514 1421 3572 διάνοιαν
1473 3519 1676 3572 ἑαυτῶν
1722 3521 1870 3589 κινή-

214 3630 385 3664 σωσιν
419 3609 471 3663 οἱ
502 3609 778 3680 ἅνθρωποι
802 3605 889 3661 ἐπὶ
918 3606 983 3660 τὰ
1028 3608 1143 3661 θεῖα
1195 3605 1376 3682 λόγια,
1410 3608 1499 3661 καὶ
1552 3606 1602 3661 ἐν
1654 3608 1867 3671 τούτοις

217 3698 301 3753 ἀεὶ
363 3695 762 3772 φρονιμώτεροι
822 3694 1128 3770 γενόμενοι,
1189 3693 1520 3765 ἐπιστήσωσι
1588 3696 1679 3750 τὸν
1746 3700 1866 3750 νοῦν

218 3787 427 3840 ἑαυτῶν
486 3788 566 3855 τῷ
612 3787 868 3854 ζωοποιῷ
924 3782 1211 3856 πνεύματι.
1246 3781 1442 3840 Οἴδατε
1497 3785 1617 3859 γὰρ,
1668 3784 1749 3839 ὅτι
1805 3785 1868 3839 τὸ

217 3876 316 3947 μὲν
344 3873 577 3949 γράμμα
606 3872 932 3943 ἀποκτείνει,
962 3872 1026 3927 τὸ
1076 3869 1132 3926 δὲ
1184 3876 1395 3944 πνεῦμα
1446 3877 1726 3941 ζωοποιεῖ.
1762 3872 1869 3928 Πό-

213 3986 297 4037 νῳ
328 3961 421 4018 οὖν
452 3964 542 4016 καὶ
573 3963 794 4032 ἀσκήσει
824 3962 923 4030 τὴν
956 3968 1055 4030 τῆς
1113 3962 1310 4037 ἀρετῆς
1368 3960 1632 4038 ὠφέλειαν
1694 3963 1868 4016 ἀσπα-

215 4053 460 4124 σώμεθα·
497 4051 647 4123 πόνῳ
701 4051 802 4127 γὰρ
858 4050 921 4105 τὸ
976 4049 1144 4105 καλὸν
1190 4052 1573 4123 κατορθοῦται,
1603 4051 1678 4113 ὡς
1710 4052 1737 4105 6
1773 4073 1871 4125 μα-

212 4141 409 4218 κάριος
470 4139 682 4203 Παῦλος
742 4141 935 4217 γράφει
993 4138 1188 4214 λέγων·
1256 4164 1285 4193 ‹‹
1340 4146 1425 4194 Ἐν
1487 4138 1754 4214 θλίψεσιν,
1815 4141 1865 4197 ἐν

214 4234 477 4309 ἀνάγκαις
513 4234 613 4305 (9),
647 4231 698 4287 ἐν
746 4229 1010 4307 πληγαῖς,
1042 4229 1093 4284 ἐν
1144 4230 1579 4298 ἀκαταστασίαις,
1612 4251 1637 4282 n
1671 4230 1760 4284 καὶ
1803 4230 1870 4285 τὰ

214 4325 362 4395 ἑξῆς.
424 4321 528 4379 Καὶ
586 4318 751 4375 πάλιν
811 4321 839 4375 6
898 4319 1057 4382 αὐτός
1117 4339 1287 4399 φησι·
1350 4342 1377 4373 ι)
1442 4317 1620 4375 Πάντα
1677 4318 1870 4394 στέγω,

212 4412 393 4467 πάντα
422 4409 698 4483 ὑπομένω,
726 4407 813 4464 ’ίνα
842 4411 915 4484 μή
946 4430 1068 4465 τινα
1120 4408 1354 4485 ἐγκοπὴν
1417 4405 1595 4481 δῶμεν
1646 4413 1725 4462 τῶ
1776 4407 1871 4465 Εὐ-

214 4500 462 4577 αγγελίῳ
490 4504 587 4554 τοῦ
612 4501 866 4573 Χριστοῦ.
906 4522 934 4551 ››

290 4594 344 4646 4.
382 4592 566 4647 Ταῦτα
595 4586 653 4643 δὲ
682 4590 1062 4664 προεθήκαμιν
1094 4591 1174 4659 τῷ
1221 4585 1397 4662 λόγῳ,
1432 4583 1620 4655 ἔπειδή
1649 4587 1712 4640 τὸ
1743 4584 1869 4640 ἀνά-
1906 4604 1952 4670 D

214 4699 453 4755 γνωσμα
484 4675 631 4733 δοκεῖ
656 4697 774 4733 τινα
820 4672 964 4752 ἔχειν
1007 4673 1189 4751 λόγον·
1243 4674 1374 4752 φησὶ
1423 4676 1543 4751 γάρ·
1582 4699 1608 4723 ‹‹
1642 4677 1871 4746 Πορευο-

221 4768 389 4842 μένου
439 4765 496 4822 δὲ
545 4767 734 4835 αὐτοῦ,
769 4766 1174 4840 ὑπεστρώννυον
1221 4764 1288 4818 τὰ
1340 4764 1532 4831 ἱμάτια
1589 4762 1763 4818 αὐτῶν
1824 4762 1874 4818 ἐν

219 4861 285 4931 τῇ
320 4854 455 4928 ὁδῷ·
494 4853 639 4909 »ἵνα
667 4855 759 4909 τὸν
812 4856 1018 4923 Ἰησοῦν
1078 4846 1483 4913 ἐπιϐιϐάσαντες
1537 4856 1617 4924 τῷ
1673 4852 1872 4923 πώλῳ,

218 4946 489 5021 ἄρξωνται
519 4943 863 5018 πορεύεσθαι.
893 4946 1063 4996 Τοῦτο
1114 4938 1171 4995 δὲ
1220 4943 1369 5013 ἡμᾶς
1416 4941 1478 4994 τὸ
1527 4939 1871 5017 εὖαγγελικὸν

221 5033 467 5089 διδάσκει
500 5031 682 5109 ῥητόν.
719 5031 815 5086 Καὶ
846 5030 985 5085 πόσα
1016 5029 1162 5092 ὅλως
1213 5030 1263 5083 οἱ
1324 5026 1623 5084 ἀπόστολοι
1684 5028 1875 5101 ἱμάτια

224 5124 380 5200 εἶχον
440 5124 666 5193 ἑαυτῶν,
703 5120 841 5175 ὥστε
891 5121 958 5174 τὰ
1021 5120 1114 5192 μὲν
1177 5118 1351 5173 αὐτῶν
1414 5117 1746 5195 ὲπιῤῥίπτειν
1803 5121 1873 5191 τῇ

223 5210 359 5285 ὄνῳ,
388 5209 479 5265 ’ἱνα
520 5204 879 5265 έπιϐιὸἀσωσι
935 5210 1026 5263 τὸν
1071 5210 1304 5280 Ἰησοῦν,
1336 5207 1401 5261 τὰ
1451 5204 1509 5261 δί
1560 5207 1875 5281 ὑποστρων-

220 5301 368 5356 νύειν
413 5299 465 5354 ἐν
496 5300 566 5372 τῇ
595 5296 725 5372 ὁδῷ·
762 5299 1066 5371 ἀκτήμονες
1118 5294 1329 5373 ἄνδρες,
1361 5295 1448 5350 καὶ
1497 5294 1666 5351 πάντα
1712 5315 1872 5350 κατα-

294 5498 342 5534 “
376 5496 561 5554 Eccle.
596 5512 637 5567 ι,
671 5496 757 5551 13.
836 5496 881 5535 ⁵⁸
910 5494 1017 5552 Job
1051 5512 1115 5566 ιι,
1144 5496 1200 5552 7.
1275 5496 1321 5530 “
1349 5496 1399 5552 II
1428 5497 1553 5550 Cor.
1585 5509 1664 5563 v1,
1696 5494 1747 5549 4.

299 5695 374 5769 (9)
406 5694 494 5753 Ita
523 5695 665 5766 Reg.
698 5694 753 5749 2.
785 5689 853 5751 In
884 5691 1083 5764 editis,
1117 5688 1169 5746 ἐν
1203 5687 1462 5770 ἀνάγκαις
1496 5692 1681 5752 deest.

1827 5492 1872 5529 ⁴⁸
1900 5495 1927 5548 Ι
1955 5492 2084 5550 Cor.
2116 5507 2218 5557 vn,
2255 5490 2336 5545 12.

1985 584 2249 638 cessitas.
2288 584 2504 638 Divitiaa
2537 601 2794 656 namque
2824 585 3050 641 ratione
3079 588 3307 654 sui,nec
3335 591 3502 645 bona:
3536 610 3643 648 nec

1987 671 2151 727 malae
2180 678 2346 739 sunt;
2373 674 2473 728 sed
2509 675 2724 728 utentis
2755 674 3031 729 animoin
3066 682 3380 747 utramque
3409 686 3639 751 partem

1984 761 2371 815 aestimantur.
2406 765 2661 831 Repente
2695 778 2944 834 magnus
2975 762 3071 818 ille
3131 765 3427 822 Abraham
3475 770 3638 827 dives

1987 849 2096 902 fuit
2128 867 2140 903 :
2179 866 2282 904 nec
2314 849 2440 904 ideo
2474 870 2505 903 ιι
2538 851 2747 906 virtute
2778 851 3111 908 declinavit.
3144 855 3426 911 Similiter
3476 876 3639 915 men-

1984 935 2151 990 dicus
2195 936 2446 991 Lazarus
2476 938 2533 991 in
2567 944 2906 1009 paupertate
2929 956 3063 994 cum
3098 942 3330 1013 viveret,
3365 947 3436 999 ad
3470 948 3637 1003 forti-

1986 1025 2248 1079 tudinem
2277 1030 2333 1080 et
2364 1027 2906 1097 magnanimitatem
2931 1028 3218 1099 sapientia
3247 1038 3305 1086 et
3334 1034 3635 1092 ratiocinio

1984 1130 2111 1169 sese
2140 1115 2541 1171 conﬁrmabat.
2581 1117 2802 1187 Itaque,
2836 1122 2902 1171 ut
2956 1119 3097 1184 dixi,
3157 1136 3263 1176 nec
3320 1129 3634 1195 paupertas

1984 1203 2206 1258 malum
2231 1210 2336 1271 est,
2360 1222 2467 1259 nec
2496 1205 2711 1260 divitiae
2742 1207 3114 1277 perniciosas;
3149 1210 3247 1265 sed
3285 1227 3428 1267 usus
3457 1218 3634 1284 atque

1986 1293 2206 1348 utentis
2237 1293 2499 1349 aﬁ'ectus.
2535 1294 2749 1350 Fidelis
2782 1311 2923 1350 sane
2957 1296 3213 1354 hominis
3244 1306 3385 1355 sunt
3432 1318 3636 1359 omnes

1983 1381 2192 1435 mundi
2250 1399 2424 1454 opes;
2489 1383 2742 1438 inﬁdelis
2793 1401 2863 1439 ne
2922 1385 3127 1440 obolus
3160 1386 3420 1457 quidem.
3455 1391 3634 1446 Fideli

1982 1470 2139 1525 enim
2170 1471 2367 1526 omnia
2392 1472 2655 1541 subjecta
2687 1474 3053 1539 sunt,omnia
3076 1476 3185 1546 ipsi
3210 1476 3641 1550 serviuntzquia

1984 1559 2111 1629 ipse
2138 1560 2417 1614 omnibus
2449 1560 2700 1631 imperat
2728 1567 2784 1615 et
2813 1562 3011 1617 omnia
3060 1566 3321 1634 spernit;
3379 1567 3637 1623 inﬁdelis

1984 1654 2177 1703 autem
2210 1648 2475 1703 omnium
2508 1656 2596 1703 est
2624 1651 2965 1717 servus,sub
2997 1652 3301 1709 dominatu
3326 1672 3635 1715 mamonae:

1982 1736 2191 1791 nemiri
2223 1738 2553 1808 imperans;
2588 1739 2688 1793 sed
2722 1739 2914 1809 potius
2945 1743 3054 1795 sub
3082 1742 3347 1797 omnium
3395 1746 3636 1817 imperio

1981 1830 2090 1880 est.
2152 1825 2221 1879 Et
2279 1827 2518 1897 quidem
2571 1829 2771 1882 omnia
2806 1828 2898 1883 Dei
2929 1829 3162 1900 opiticia
3196 1832 3343 1887 bona
3374 1840 3545 1901 sunt;
3578 1844 3640 1893 at

1984 1914 2138 1970 inter
2168 1915 2459 1970 utentium
2491 1918 2732 1972 affectus
2763 1918 2973 1989 ingens
3003 1926 3092 1975 est
3117 1922 3453 1979 discrimen.

2054 2093 2206 2147 379
2241 2093 2292 2147 3.
2329 2093 2588 2149 Profecto
2622 2095 2858 2166 sapiens
2913 2097 3318 2171 Ecclesiastes,
3383 2109 3638 2160 mentem

1982 2181 2260 2237 omnibus
2292 2183 2588 2253 sapienter
2617 2184 3340 2255 applicans,consideravit
3361 2207 3428 2246 ac
3460 2195 3636 2261 novit,

1984 2288 2097 2341 qua
2131 2269 2352 2326 ratione
2381 2271 2599 2326 divitiis
2624 2277 2883 2327 uteretur
2915 2289 2928 2329 :
2956 2278 3251 2345 quomodo
3300 2282 3637 2350 pauperiem

1985 2360 2473 2429 l'erret,quomodo
2507 2362 2777 2416 morbum
2808 2362 3447 2437 sustineret,quomodo
3478 2370 3638 2424 sani-

1984 2453 2159 2503 tatem
2188 2452 2621 2519 attemperaret.
2661 2451 2751 2503 llce
2784 2457 2924 2506 sunt
2954 2452 3200 2508 virtutes
3258 2471 3383 2526 quea
3434 2474 3636 2514 curam

1987 2538 2240 2591 humano
2271 2538 2471 2608 generi
2503 2540 2773 2593 alterunt.
2798 2539 3079 2611 Opposito
3110 2548 3305 2598 autem
3333 2547 3506 2601 modo
3536 2548 3638 2617 qui

1984 2626 2219 2696 sapiens
2250 2643 2361 2680 non
2394 2630 2483 2681 est
2513 2628 2752 2682 atfectus
2782 2628 2893 2683 erit
2926 2647 2938 2684 :
2969 2630 3076 2684 hoc
3107 2636 3197 2685 est
3220 2639 3416 2688 autem
3448 2634 3593 2690 illud
3622 2652 3634 2691 :

1983 2715 2422 2786 occupationem
2454 2716 2771 2787 pessimam
2805 2718 2997 2773 datam
3020 2735 3149 2775 esse
3170 2720 3307 2777 ﬁliis
3328 2722 3636 2779 hominum

1985 2820 2017 2858 a
2044 2803 2180 2869 Deo,
2211 2810 2273 2858 ut
2304 2821 2372 2859 ex
2404 2804 2624 2875 ingenti
2647 2804 2863 2875 labore,
2887 2812 2944 2861 et
2975 2824 3188 2879 magna
3219 2810 3276 2863 in
3310 2812 3634 2882 aspectabi-

1981 2892 2136 2947 libus
2171 2893 2347 2947 rebus
2376 2892 2741 2958 difﬁcultate,
2769 2894 2841 2948 ad
2874 2894 2971 2948 Dei
3005 2896 3427 2965 providentiam
3459 2903 3635 2970 atque

1984 2980 2335 3052 sapientiam
2371 2981 2957 3053 confugiant.ldcirco
2989 2985 3431 3055 occupationem
3458 3008 3485 3035 ‹‹
3511 3004 3637 3059 pes-

1982 3070 2194 3125 simam
2226 3071 2270 3103 ”
2304 3093 2330 3119 ››
2366 3071 2525 3125 dedit
2549 3071 2705 3125 Deus
2735 3070 2873 3126 ﬁliis
2905 3072 3237 3143 hominum,
3272 3074 3328 3129 id
3362 3074 3631 3130 estlabo-

1982 3157 2220 3212 riosam.
2257 3158 2418 3223 Quod
2450 3163 2647 3213 autem
2678 3156 2847 3226 illud,
2884 3182 2909 3208 ‹‹
2935 3160 3285 3231 pessimum,
3314 3184 3340 3210 ››
3374 3162 3631 3233 idipsum

1522 3250 1654 3326 φησὶ
1712 3252 1815 3326 γάρ
1851 3269 1863 3282 ο
1899 3237 1941 3305 C
1981 3244 2059 3300 sit
2089 3246 2243 3315 quod
2277 3245 2658 3315 laboriosum,
2691 3246 2828 3302 audi
2861 3246 3006 3303 illud
3037 3248 3096 3303 in
3124 3249 3271 3305 libro
3324 3250 3437 3306 Job
3493 3251 3634 3307 scri~

1981 3340 2145 3406 ptum
2178 3335 2223 3369 ‘3
2258 3352 2270 3389 :
2306 3334 2654 3391 Ceciderunt
2684 3336 2742 3391 in
2770 3337 2879 3391 Job
2914 3337 3109 3394 ulcera
3140 3340 3419 3410 pessima,
3454 3340 3507 3395 id
3543 3343 3633 3396 est

1979 3423 2268 3479 laboriosa
2302 3441 2314 3478 :
2343 3434 2400 3478 et
2426 3424 2654 3497 {Egypti
2686 3425 2867 3497 plaga
2914 3449 2941 3476 «
3000 3428 3269 3498 pessimae
3332 3452 3359 3477 ››
3416 3434 3630 3485 vocatas

1981 3512 2204 3580 sunt,id
2244 3517 2331 3568 est
2354 3512 2679 3581 laboriosaa;
2706 3520 2764 3568 ut
2793 3518 2848 3569 et
2875 3521 3129 3571 mentem
3166 3534 3333 3572 suam
3361 3517 3629 3575 homines

1981 3602 2051 3657 ad
2081 3602 2278 3658 divina
2324 3602 2561 3658 oracula
2626 3603 2951 3673 concitent;
3022 3604 3081 3660 in
3147 3606 3334 3677 iisque
3400 3623 3632 3678 semper

1981 3692 2292 3763 prudentia
2325 3692 2645 3762 proﬁciant,
2672 3699 2928 3748 mentem
2960 3710 3128 3749 suam
3162 3694 3385 3750 viviﬁco
3417 3696 3629 3766 spiritu

1980 3781 2342 3837 conﬁrment.
2373 3781 2568 3837 Nostis
2600 3782 2755 3836 enim
2788 3780 3043 3837 litteram
3076 3784 3314 3855 quidem
3346 3785 3629 3853 occidere,

1979 3870 2253 3941 spiritum
2286 3875 2482 3925 autem
2510 3869 2818 3925 viviﬁcare.
2851 3870 3069 3926 Labore
3099 3871 3295 3942 itaque
3327 3888 3393 3927 ac
3423 3874 3634 3928 exerci-

1978 3959 2197 4014 tatione
2228 3963 2427 4014 nostra
2457 3958 2686 4013 virtutis
2717 3958 3032 4014 utilitatem
3067 3960 3511 4032 amplectamur.
3530 3962 3630 4018 La-

1980 4047 2117 4102 bore
2148 4048 2363 4118 quippe
2395 4048 2611 4102 bonum
2643 4046 2961 4118 perﬁcitur,
2983 4050 3478 4119 quemadmodum
3507 4050 3635 4106 bea-

1979 4140 2075 4191 tus
2106 4134 2321 4190 Paulus
2351 4135 2556 4191 scribit
2588 4152 2601 4192 :
2637 4159 2663 4185 «
2692 4137 2752 4191 ln
2786 4136 3351 4209 tribulationibus,in
3374 4139 3634 4195 necessi-

1980 4225 2219 4290 tatibus,
2252 4225 2310 4278 in
2333 4224 2544 4295 plagis,
2594 4225 2652 4279 in
2710 4225 3253 4296 perturbationibus
3308 4227 3374 4293 t‘,
3436 4250 3463 4277 ››
3520 4232 3632 4283 etc.

1981 4313 2354 4383 Rursumque
2385 4311 2537 4367 idem
2571 4312 2652 4368 ait
2677 4329 2689 4368 :
2711 4313 2966 4368 «Omnia
2997 4315 3423 4386 operio,omnia
3452 4316 3636 4371 susti-

1982 4418 2107 4468 neo,
2141 4417 2211 4457 ne
2241 4400 2394 4471 quod
2427 4401 2849 4458 oﬁendiculum
2882 4404 3093 4459 demus
3126 4404 3439 4477 Evangelia
3469 4405 3636 4463 Chri-

1983 4491 2059 4546 sti
2088 4491 2153 4545 ‘5.
2190 4512 2217 4540 »

2054 4582 2107 4634 4.
2142 4581 2271 4636 Haec
2301 4586 2495 4636 autem
2532 4580 2780 4637 orationi
2812 4586 3028 4637 nostra:
3058 4582 3438 4653 prmﬁximus,
3500 4585 3639 4658 quia

1985 4686 2117 4726 cum
2170 4670 2243 4725 iis
2293 4669 2463 4726 lectio
2495 4687 2868 4725 communem
2902 4671 3221 4743 quamdam
3253 4671 3429 4729 habet
3460 4674 3638 4730 ratio-

1986 4776 2150 4825 nem;
2185 4760 2266 4815 ait
2294 4758 2449 4815 enim
2486 4776 2497 4815 :
2536 4781 2563 4809 «
2600 4761 2783 4814 Eunte
2815 4763 3010 4815 autem
3047 4760 3168 4829 illo,
3188 4761 3642 4819 substernebant

1983 4851 2327 4905 vestimenta
2358 4867 2466 4905 sua
2498 4850 2553 4904 in
2580 4850 2670 4905 via
2698 4850 2777 4903 ‘5:
2805 4873 2831 4899 ››
2852 4851 3139 4906 utJesum
3161 4852 3646 4927 pulloimponen-

1983 4944 2070 4994 tes
2101 4940 2408 5011 procedere
2441 4939 2912 5010 inciperent.Hoc
2944 4946 3141 4996 autem
3176 4944 3513 5015 evangelica
3538 4962 3645 5001 nos

1985 5029 2149 5083 docet
2182 5029 2371 5083 lectio.
2418 5030 2568 5093 Quot
2622 5044 2758 5099 ergo
2818 5027 3115 5084 habebant
3170 5032 3418 5102 apostoli
3472 5035 3644 5090 vesti-

1986 5121 2277 5183 menta,ut
2305 5116 2419 5172 alia
2448 5117 2682 5188 quidem
2719 5116 3026 5186 injicerent
3055 5117 3112 5173 in
3146 5122 3395 5189 asinam,
3434 5126 3498 5177 ut
3531 5124 3645 5178 im-

1986 5211 2266 5278 ponerent
2319 5204 2400 5260 illi
2461 5205 2699 5272 Jesum;
2732 5202 2846 5259 alia
2888 5206 3332 5265 substernerent
3386 5211 3445 5265 in
3502 5212 3593 5268 via
3635 5230 3647 5269 :

1986 5295 2091 5349 viri
2124 5294 2346 5351 scilicet
2370 5294 2846 5367 possessionibus
2878 5296 3070 5364 vacui,
3099 5298 3201 5368 qui
3257 5299 3457 5355 omnia
3514 5300 3620 5357 reli

2415 5490 2458 5526 ⁴⁶
2489 5490 2626 5547 Luc.
2659 5507 2777 5561 xxx,
2814 5491 2898 5547 16.
