4102 6218
335 382 487 446 1041

1300 393 1625 454 HOMlLIA
1675 395 1745 452 lN
1793 394 2026 456 ILLUD
2077 411 2157 452 :«
2207 394 2492 466 EUNTE,
2537 417 2561 449 υ
2610 392 2779 453 ETC.

331 516 511 572 αὐτῶν
542 515 671 579 τοὺς
702 516 872 581 πόδας
907 519 1143 577 ἐνδύεται
1209 525 1322 597 (10)
1369 526 1437 579 τὰ
1491 524 1683 597 ἱμάτια
1741 525 1927 584 αὐτοῦ.
1968 550 1988 576 υ

2124 527 2477 583 vestimentis
2508 526 2633 582 suis
2663 528 2745 582 5‘:
2782 548 2809 576 »
2844 528 3018 596 atque
3051 524 3291 579 indutus
3324 521 3571 578 coenavit
3617 538 3752 578 cum

332 606 421 661 καὶ
482 603 835 680 ἐνδεδυμένος
893 613 1171 681 συνήσθιεν
1226 613 1432 675 αὐτοῖς.
1492 618 1649 669 Ὣττε
1698 612 1786 669 διὰ
1831 620 1991 671 τοῦτο

336 691 684 771 ῦπὲστρωσαν
716 696 783 751 τὰ
813 699 1007 771 ἱμάτια
1035 701 1208 756 αὐτῶν
1243 704 1295 756 οἱ
1331 703 1566 775 μαθηταὶ
1627 704 1677 758 ἐν
1734 709 1803 779 τῇ
1861 703 1991 777 ὁδῷ,

329 784 425 839 ’ἱνα
458 786 535 857 μὴ
591 786 679 841 ἐπὶ
709 794 811 861 γῆς
861 788 1158 864 βαίνωμεν,
1194 790 1336 864 μηδὲ
1365 792 1450 848 ἐπὶ
1481 799 1559 865 τῷ
1591 796 1773 864 στήθει
1805 793 1894 849 καὶ
1924 798 1992 868 τῇ

334 873 525 946 κοιλίᾳ
572 877 956 952 πορευώμεθα·
1004 878 1134 934 ἀλλ’
1182 881 1301 936 ἀντὶ
1348 886 1445 936 τοῦ
1491 883 1554 937 τὸ
1603 890 1799 953 στῆθος
1832 886 1991 956 ἡμῶν

338 962 429 1019 ἐπὶ
458 970 557 1034 τῆς
587 972 690 1039 γῆς
722 965 1188 1042 ἐπανακλίνεσθαι,
1223 970 1586 1045 ἐπικλίνωμεν
1616 974 1729 1046 (11)
1781 971 1992 1046 μᾶλλον

337 1051 507 1125 αὐτῷ,
558 1054 632 1115 ὡς
687 1056 958 1126 Ἰωάννης,
1012 1057 1098 1113 ἐπὶ
1147 1060 1208 1114 τὸ
1259 1068 1458 1131 στῆθος
1504 1066 1601 1116 τοῦ
1651 1063 1848 1132 Ἰησοῦ.
1890 1063 1994 1117 Κᾶν

337 1142 444 1216 γὰρ
499 1138 575 1197 ἔτι
630 1142 718 1197 ἐπὶ
765 1151 866 1214 τῆς
916 1148 1019 1221 γῆς
1068 1148 1096 1201 6
1143 1154 1390 1211 τοιοῦτος
1439 1145 1708 1226 διατρίϐῃ,
1752 1151 1851 1205 οὐκ
1881 1148 1995 1227 ἔχει

336 1229 469 1293 τοὺς
500 1228 674 1293 πόδας
694 1234 1023 1307 συρομένους
1053 1236 1142 1291 ἐπὶ
1172 1244 1270 1306 τῆς
1301 1246 1425 1313 γῆς·
1459 1237 1584 1294 ἀλλ’
1616 1241 1690 1302 ὡς
1723 1242 1751 1295 6
1783 1240 1997 1303 Παῦλος

341 1317 433 1375 ἐπὶ
464 1323 564 1393 γῆς
592 1327 927 1396 περιπατῶν,
964 1324 1015 1378 ἐν
1049 1325 1261 1402 οὐρανῷ
1292 1328 1601 1403 πολίτευμα
1633 1328 1765 1406 ἔχει.

413 1410 469 1463 6.
507 1433 535 1460 ‹‹
572 1410 925 1467 ’Μεκάθισαν
987 1413 1097 1483 οῦν,
1158 1416 1311 1493 φησὶ,
1369 1418 1459 1471 τὸν
1512 1419 1717 1488 Ἰησοῦν
1771 1418 1857 1472 ἐπὶ
1906 1419 1997 1473 τὸν

340 1495 563 1553 πῶλον.
601 1500 724 1565 Καὶ,
757 1502 1129 1575 πορευομένου
1160 1504 1344 1575 αὐτοῦ,
1400 1506 1740 1581 ὑπέστρωται)
1777 1508 1843 1562 τὰ
1871 1508 2002 1581 ἱμά-

342 1606 438 1640 τια
466 1585 639 1641 αὐτῶν
673 1588 728 1642 ἐν
761 1593 829 1662 τῇ
863 1588 994 1662 ὁδῷ.
1031 1593 1099 1647 Οἱ
1130 1591 1186 1647 δὲ
1218 1589 1383 1669 ὄχλοι
1435 1597 1488 1649 οἱ
1537 1597 1863 1671 προάγοντες
1914 1596 2001 1651 αὐν

344 1675 441 1729 τὸν
475 1676 565 1729 καὶ
600 1675 1026 1743 ἀκολουθοῦντες
1059 1678 1302 1757 ἔκραζον,
1350 1680 1619 1759 λέγοντες.
1670 1687 1894 1740 Ὡσαννὰ
1922 1691 2003 1758 τῷ

350 1764 458 1835 υἱῷ
488 1760 676 1819 Δαϐίδο
714 1765 1089 1843 εὐλογημένος
1118 1772 1145 1825 ὁ
1178 1771 1477 1847 ἐρχόμενος
1522 1772 1572 1828 ἐν
1624 1774 1849 1847 ὀνόματι
1900 1782 2003 1829 Κυ-

2106 617 2245 673 illis.
2284 618 2415 673 Ideo
2448 634 2584 689 ergo
2618 615 2894 688 discipuli
2926 616 3373 670 substraverunt
3402 612 3755 667 vestimenta

2107 724 2213 764 sua
2244 708 2302 762 in
2338 709 2528 777 via,ne
2560 707 2616 761 in
2652 712 2806 762 terra
2837 703 3471 773 ampliusincedamus,
3494 718 3633 755 neve
3657 717 3754 754 su-

2105 814 2209 868 pra
2244 801 2444 869 pectus
2475 800 2852 851 autventrem
2866 793 3225 865 gradiamur;
3243 791 3340 846 sed
3360 790 3552 861 potius
3576 805 3753 859 quam

2105 902 2284 957 supra
2304 891 2519 941 terram
2554 890 2756 956 pectus
2786 888 3051 938 nostrum
3076 881 3633 950 reclinemus,supra
3656 894 3753 949 pe-

2100 974 2909 1047 ctusJesu,quemadmodum
2926 968 3561 1037 Joannes,reclinemus
3577 966 3745 1021 illud.

2105 1064 2249 1119 Nam
2266 1063 2365 1135 qui
2399 1063 2532 1118 talis
2564 1062 2907 1133 est,etiamsi
2943 1062 3000 1115 in
3032 1066 3187 1114 terra
3216 1064 3615 1121 versetur,non
3640 1056 3749 1110 ha-

2107 1154 2206 1209 bet
2235 1158 2429 1207 tamen
2454 1152 2630 1224 pedes
2660 1152 2717 1205 in
2753 1155 2905 1206 terra
2937 1152 3255 1215 versantes;
3291 1148 3391 1202 sed
3412 1145 3749 1200 sicutiPau-

2106 1242 2220 1312 lus,
2253 1242 2394 1297 dum
2426 1242 2485 1295 in
2515 1245 2669 1295 terra
2694 1236 3481 1305 ambulat,conversationem
3507 1250 3673 1289 suam
3694 1234 3750 1289 in

2111 1330 2273 1387 caelis
2302 1330 2499 1385 habet.

2177 1422 2233 1474 6.
2272 1442 2298 1469 α
2332 1421 2745 1490 lmposuerunt
2774 1432 2932 1489 ergo,
2970 1440 2996 1465 ››
3030 1415 3244 1486 inquit,
3282 1437 3307 1462 ‹‹
3343 1414 3547 1469 Jesum
3581 1428 3758 1483 super

2112 1509 2557 1583 pullum.Eunte
2588 1513 2781 1562 autem
2804 1506 2902 1562 illo
2925 1504 3382 1560 substernebant
3412 1501 3759 1557 vestimenta

2114 1616 2222 1655 sua
2252 1598 2308 1652 in
2336 1600 2446 1653 via.
2480 1598 2684 1652 Turbae
2718 1602 2911 1651 autem
2945 1612 3071 1667 quae
3098 1593 3520 1665 praecedebant,
3554 1597 3611 1645 et
3632 1608 3758 1660 quan

2113 1684 2856 1759 sequebantur,clamabant
2885 1683 3144 1737 dicentes
3169 1699 3181 1736 :
3214 1680 3489 1735 Hosanna
3518 1677 3632 1732 [ilio
3658 1678 3760 1731 Da-

2110 1778 2227 1847 vid,
2260 1776 2601 1831 benedictus
2633 1774 2732 1844 qui
2775 1773 2931 1827 venit
2986 1772 3043 1825 in
3086 1770 3322 1826 nomine
3373 1766 3597 1823 Domini
3632 1767 3693 1829 55.
3730 1788 3754 1813 ››

355 1849 501 1926 ρίου.
542 1877 564 1902 ι
599 1858 789 1928 Θαῦμα
816 1858 999 1912 καινὸν
1027 1859 1115 1913 καὶ
1148 1858 1470 1935 παράδοξον,
1514 1864 1806 1937 ἀγαπητοί.
1861 1866 2004 1940 Ἀρα

359 1940 418 1964 ,_3
442 1960 457 1964 -
498 1940 558 1964 _\
580 1950 640 1964 ,Α
738 1946 768 1964 ⁴Ι¹
913 1947 939 1964 Λ
1024 1952 1050 1963 ιο
1238 1950 1251 1964 \
1359 1955 1382 1964 υ
1419 1952 1455 1964 ι-
1570 1956 1593 1964 .-
1698 1952 1710 1964 ς
1838 1955 1851 1964 ι
1911 1952 1933 1964 ιι
1963 1955 1972 1964 ι

2124 1865 2463 1923 Miraculum
2498 1880 2711 1919 novum
2742 1867 2799 1918 et
2829 1861 3209 1932 stupendum,
3231 1856 3444 1913 dilecti.
3478 1856 3754 1926 Nunquid

355 1940 462 2029 γάρ
493 1940 706 2011 πλῆθος
734 1946 801 2014 ἦν
837 1947 1092 2018 μαθητῶν
1129 1950 1261 2023 μετὰ
1290 1955 1386 2003 τοῦ
1419 1952 1618 2022 Ἰησοῦ,
1651 1952 1761 2029 οὐχ
1805 1955 1857 2007 οἱ
1906 1952 2009 2008 δώ-

361 2025 494 2086 δεκα
522 2032 655 2101 ἦσαν
690 2033 845 2106 μόνοι
875 2054 889 2104 ;
922 2036 1020 2091 Καὶ
1051 2043 1167 2099 πῶς
1198 2038 1411 2107 πλῆθος
1468 2041 1688 2097 ἐνταῦθα
1728 2025 2009 2115 τσημαίνει

360 2123 428 2177 τὸ
486 2121 850 2198 Εὐαγγὲλιον;
903 2124 1078 2181 Ἀλλὰ
1116 2126 1262 2203 τάχα
1307 2127 1397 2183 καί
1446 2128 1843 2207 ἅγγελοιαῦτῷ
1872 2154 2010 2204 συμ-

363 2212 634 2285 παρῆσαν,
683 2212 772 2264 καὶ
823 2209 1076 2284 δυνάμεις
1124 2216 1259 2269 θεῖαι
1308 2215 1454 2287 αὐτῷ
1501 2216 1856 2289 ἐμαθήτευον.
1899 2220 2011 2293 Πρὸ

360 2300 466 2375 γὰρ
518 2300 746 2373 Πέτρου,
795 2300 885 2355 καὶ
937 2301 1207 2373 Ἰωάννου,
1236 2305 1323 2358 καὶ
1354 2310 1459 2359 τῶν
1494 2306 1724 2375 λοιπῶν,
1766 2302 2009 2383 Γαϐριὴλ

362 2388 512 2459 αὐτῷ
573 2388 951 2460 μαθητεύεταν
1009 2390 1172 2453 αὐτὸς
1228 2395 1330 2467 γάρ
1399 2394 1538 2449 ἐστιν
1600 2396 1627 2448 6
1684 2396 2010 2458 ἀποσταλεὶς

362 2478 502 2552 πρὸς
532 2479 632 2546 τὴν
663 2477 724 2533 ἐκ
768 2479 1075 2555 σπέρματος
1125 2478 1291 2537 Δαϐὶδ
1345 2486 1820 2558 μεμνηστευμένην
1872 2507 2014 2562 παρ-

361 2564 514 2621 θένον
549 2566 778 2642 Μαρίαν.
815 2567 985 2631 Αὐτός
1013 2569 1151 2625 ἐστιν
1182 2573 1209 2625 6
1241 2570 1437 2646 λέγων,
1474 2599 1501 2625 ί(
1552 2575 1721 2647 Ἀρον
1774 2575 1837 2629 τὸ
1886 2596 2012 2630 παι-

365 2652 512 2726 δίον,
541 2654 631 2710 καὶ
662 2660 823 2732 φεῦγε
852 2657 926 2719 εἰς
957 2656 1251 2734 Αἴγυπτον.
1296 2684 1324 2711 ››
1372 2661 1542 2724 Αὐτός
1593 2662 1733 2717 ἐστιν
1785 2664 1813 2717 6
1862 2664 2011 2737 εἰρη-

364 2742 496 2804 κώςο
530 2768 558 2794 ‹‹
610 2749 828 2817 Πνεῦμα
876 2747 1024 2819 ἅγιον
1074 2746 1416 2804 ἐπελεύσεται
1466 2750 1553 2805 ἐπὶ
1605 2753 1681 2819 σὲ,
1734 2754 1821 2807 καὶ
1856 2750 2013 2808 δύνα-

370 2852 463 2904 μις
518 2832 769 2906 Ὑψίστου
817 2832 1114 2891 ἐπισκιάσει
1165 2858 1269 2893 σοι.
1331 2862 1357 2889 ››
1390 2840 1563 2902 Αὐτός
1596 2841 1734 2897 ἐστιν
1766 2844 1908 2897 ὁκαὶ
1964 2843 2017 2896 ἐν

363 2926 446 2993 τῷ
477 2920 731 2995 μνημείῳ
760 2922 1094 2987 ἀποκυλίσας
1134 2926 1225 2980 τὸν
1277 2926 1449 2983 λίθον·
1500 2930 1659 2992 αὐτός
1693 2931 1832 2986 ἐστιν
1859 2933 1887 2986 6
1925 2932 2014 2986 καὶ

365 3015 485 3072 ταῖς
533 3011 772 3084 γυναιξὶν
824 3011 1337 3088 εὐαγγελισάμενος,
1412 3018 1501 3072 καὶ
1559 3019 1751 3074 εἰπών·
1820 3045 1848 3073 ‹‹
1903 3020 2017 3078 Οὐκ

367 3100 510 3153 ἐστιν
562 3096 686 3171 ὧδε,
740 3101 797 3155 ’ὸν
852 3107 1083 3172 ζητεῖτε’
1131 3104 1321 3176 ἀνέστη
1357 3105 1414 3161 ἐκ
1440 3111 1547 3162 τῶν
1576 3115 1802 3185 νεκρῶν,
1836 3108 2013 3186 ὥσπερ

368 3184 573 3264 εἷ’ρηκε.
636 3193 813 3262 Δεῦτε,
866 3191 1050 3268 φησὶν,
1102 3190 1237 3249 ἴδετε
1279 3197 1370 3250 τὸν
1410 3197 1596 3254 τόπον.
1652 3184 1788 3252 ὅπου
1819 3184 2011 3254 ἔκειτο⁶

2119 1954 2538 2027 discipulorum
2566 1953 3027 2007 multitudocum
3059 1950 3193 2005 Jesu
3214 1947 3377 2002 erat?
3408 1962 3599 2001 nonne
3622 1947 3759 1999 duo-

2120 2044 2308 2099 decim
2342 2044 2448 2099 soli
2489 2042 2702 2098 erant?
2733 2040 2951 2111 Ecquid
3005 2056 3141 2111 ergo
3193 2036 3634 2092 multitudinem
3666 2034 3759 2088 hic

2119 2135 2339 2189 indicat
2369 2131 2747 2205 Evangelium
2773 2135 2794 2186 ?
2823 2129 2925 2184 Sed
2970 2126 3234 2183 fortassis
3285 2125 3473 2197 angeli
3528 2141 3761 2195 quoque

2121 2224 2366 2279 aderant
2393 2221 2499 2286 illi,
2531 2238 2596 2276 ac
2625 2220 2832 2274 divinae
2860 2219 3103 2272 virtutes
3137 2234 3239 2288 pro
3270 2214 3576 2286 discipulis
3600 2220 3765 2268 erant

2126 2313 2266 2368 Nam
2301 2317 2433 2365 ante
2468 2312 2719 2376 Petrum,
2766 2308 3051 2363 Joannem
3102 2323 3167 2361 ac
3216 2306 3495 2376 reliquos,
3537 2302 3765 2359 Gabriel

2122 2401 2311 2472 ipsius
2341 2403 2430 2455 est
2461 2397 2782 2470 discipulus
2818 2415 2829 2451 :
2863 2397 2990 2467 ipse
3022 2411 3277 2467 namque
3310 2394 3529 2448 missus
3576 2396 3664 2448 est
3696 2394 3765 2446 ad

2124 2488 2365 2546 Mariam
2397 2488 2681 2559 virginem
2714 2503 2783 2541 ex
2832 2486 3056 2540 semine
3104 2483 3305 2548 David,
3356 2485 3765 2551 desponsatam

2122 2581 2265 2635 viro.
2304 2579 2428 2649 Ipse
2459 2582 2550 2632 est
2579 2576 2677 2649 qui
2712 2576 2791 2629 ait
2824 2592 2835 2630 :
2875 2597 2902 2625 «
2936 2574 3139 2645 Accipe
3181 2588 3426 2644 puerum
3454 2576 3511 2624 et
3543 2572 3675 2641 fuge
3711 2570 3764 2623 in

2124 2668 2430 2740 Egyptum
2463 2667 2525 2720 ⁵⁸.
2564 2687 2591 2713 ››
2625 2667 2753 2736 Ipse
2774 2669 2861 2720 est
2883 2664 2981 2734 qui
3025 2662 3173 2717 dixit
3204 2678 3216 2715 :
3253 2684 3280 2709 ‹‹
3327 2659 3581 2731 Spiritus
3631 2676 3771 2713 san-

2125 2762 2256 2812 ctus
2279 2754 2649 2827 superveniet
2680 2754 2735 2807 in
2761 2757 2904 2823 te,et
2925 2754 3111 2805 virtus
3142 2747 3429 2805 Altissimi
3457 2748 3767 2802 obumbra-

2125 2846 2211 2901 bit
2238 2846 2344 2900 tibi
2374 2846 2435 2898 ⁸⁷.
2474 2866 2501 2893 ››
2534 2848 2663 2913 Ipse
2695 2846 2784 2897 est
2821 2842 2919 2913 qui
2969 2839 3223 2911 lapidem
3273 2838 3333 2893 in
3386 2840 3767 2891 monumento

2124 2934 2473 2990 revolvebat.
2520 2933 2651 3004 Ipse
2695 2936 2784 2986 est
2833 2929 2932 3001 qui
2982 2927 3327 2983 mulieribus
3381 2925 3770 2981 annuntiabat

2126 3024 2325 3079 dicens
2358 3039 2371 3075 :
2411 3043 2438 3073 α
2468 3021 2591 3075 Non
2626 3024 2714 3074 est
2743 3019 2837 3074 hic
2869 3034 3042 3089 quem
3074 3016 3335 3089 quaeritis
3389 3032 3402 3070 :
3455 3014 3706 3069 surrexit
3738 3030 3771 3067 a

2127 3111 2396 3178 mortuis,
2431 3110 2584 3165 sicut
2612 3108 2777 3164 dixit.
2812 3106 3035 3169 Venite,
3071 3106 3283 3177 inquit,
3332 3105 3522 3159 videte
3551 3102 3771 3168 locum,

2131 3200 2229 3256 ubi
2265 3199 2492 3271 positus
2522 3198 2815 3254 erat.Ecce
2848 3196 3134 3268 praecedet
3154 3211 3253 3249 vos
3279 3194 3334 3248 in
3363 3192 3771 3257 Galila’amjbi

372 3274 491 3332 ἰδοὺ
523 3277 750 3353 προάγει
786 3279 924 3349 ὑμᾶς
950 3281 1027 3343 εἷς
1057 3283 1156 3351 τήν
1190 3282 1507 3353 Γαλιλαίαν,
1542 3287 1652 3341 ἐκεῖ
1700 3286 1858 3342 αὐτὸν
1889 3287 2008 3361 ὅψε-

2130 3306 2263 3346 eum
2299 3289 2573 3344 videbitis
2602 3288 2663 3344 ⁵⁸.
2699 3307 2724 3336 η
2764 3288 2952 3352 Quare
2982 3285 3082 3339 diu
3119 3289 3291 3339 antea
3341 3282 3625 3354 propheta
3657 3281 3775 3336 cla-

368 3376 481 3429 σθε.
517 3393 546 3417 u
578 3367 671 3421 Διὸ
701 3367 790 3422 καὶ
839 3367 867 3422 ὀ
916 3373 1205 3448 προφήτης
1254 3374 1359 3446 πρὸ
1408 3374 1623 3431 πολλοῦ
1677 3377 1779 3451 βοᾷ
1818 3375 2011 3452 λέγων·

370 3479 399 3507 ‹‹
436 3452 699 3511 Γαλιλαία
748 3461 854 3511 τῶν
902 3457 1091 3529 ἐθνῶν,
1144 3461 1170 3514 ὁ
1223 3460 1353 3524 λαὸς
1404 3465 1432 3517 6
1475 3466 1781 3537 καθήμενος
1811 3465 1861 3520 ἐν
1897 3466 2017 3520 σκό-

365 3564 473 3611 τει,
527 3544 633 3599 εἶδε
679 3550 793 3623 φῶς
847 3546 1006 3623 μέγα.
1065 3573 1084 3600 ιο
1129 3549 1230 3607 Καὶ
1279 3549 1504 3627 ἄγγελοι
1548 3554 1636 3609 οῦν
1667 3554 1813 3627 αὐτῷ
1846 3557 2017 3629 μαθη-

364 3632 656 3705 τευόμενοι
706 3631 1037 3692 διακονοῦσι.
1104 3663 1123 3687 α
1188 3639 1283 3693 Καὶ
1344 3638 1482 3711 ἰδοὺ,
1531 3642 1710 3720 φησὶν,
1763 3645 1813 3698 οἱ
1862 3641 2017 3720 ἅγγε-

370 3720 462 3777 λοι
495 3722 829 3796 προσῆλθον,
863 3725 952 3779 καὶ
985 3722 1268 3796 διηκόνουν
1303 3728 1473 3802 αὐτῷ.
1506 3754 1534 3781 ››
1566 3732 1670 3787 Καὶ
1701 3735 1891 3796 πάντες
1921 3734 2016 3789 αὖ·

364 3816 450 3880 τῷ
485 3813 882 3883 μαθητεύοντες
913 3817 1024 3887 (12)
1076 3816 1383 3892 χαίρουσιΨ
1418 3843 1445 3871 ‹‹
1493 3821 1758 3893 ’Ἤρξαντο
1812 3847 1839 3873 ››
1887 3825 2013 3898 γὰρ,

368 3901 560 3989 φησὶν,
592 3926 622 3953 ‹‹
672 3902 808 3957 ἅπαν
838 3902 904 3958 τὸ
933 3902 1146 3973 πλῆθος
1176 3910 1281 3960 τῶν
1318 3909 1571 3980 μαθητῶν
1603 3910 1813 3986 χαίρειν
1840 3914 2014 3989 χαρὰν

370 3988 641 4065 μεγάλην.
677 4014 706 4042 ››
1439 3995 1448 4002 ’

443 4080 497 4132 7.
533 4084 690 4148 Ζητῶ
722 4079 836 4151 οὗν,
868 4079 957 4135 ἐπὶ
986 4081 1091 4135 τίνι
1140 4081 1422 4158 χαίρουσιν
1456 4087 1506 4139 οἱ
1560 4088 1795 4157 μαθηταὶ
1844 4088 1931 4142 καὶ
1964 4091 2015 4143 οἱ

368 4170 511 4225 θεῖαι
544 4166 821 4241 δυνάμεις,
851 4170 941 4225 καὶ
971 4171 1253 4247 χαίρουσιν
1284 4173 1555 4237 αἰνοῦντες
1584 4178 1674 4230 τὸν
1726 4178 1852 4231 Θεὸν
1902 4199 2017 4254 φω-

366 4262 440 4331 νῇ
494 4257 747 4333 μεγάλης
800 4262 939 4334 ’Δρα
988 4260 1069 4315 ὅτι
1122 4261 1149 4315 6
1200 4261 1393 4333 Κύριος
1438 4264 1524 4319 ἐπὶ
1574 4264 1744 4339 ψιλοῦ
1798 4266 2017 4343 ὀναρίου

369 4347 670 4417 ἐκαθέσθης
734 4349 831 4404 Καὶ
880 4346 969 4404 διὰ
1013 4354 1172 4405 τοῦτο
1220 4351 1503 4427 χαίρουσιν
1556 4356 1608 4408 οἱ
1658 4356 1889 4428 μαθηταὶ
1928 4358 2017 4411 καὶ

367 4439 429 4492 αἱ
492 4439 631 4492 θεῖαι
690 4435 964 4512 δυνάμεις,
1016 4440 1101 4495 ὅτι
1151 4442 1180 4494 6
1243 4444 1437 4516 Κύριος
1504 4443 1590 4497 ἐπὶ
1650 4443 1867 4521 ὀναρίου
1926 4445 2018 4500 ἐπ-

370 4532 623 4602 ωχεῖτος
674 4528 767 4589 Τίς
818 4530 851 4597 ἡ
904 4529 1139 4598 τοσαύτη
1184 4530 1575 4607 ἀπειροκαλίας
1629 4533 1749 4590 Ἐάν
1799 4555 1881 4596 τις
1932 4533 2018 4590 ἐπὶ

2126 3383 2387 3435 maverat
2418 3396 2430 3433 :
2466 3402 2492 3428 α
2526 3376 2761 3432 Galilaea
2790 3374 3075 3447 gentium,
3112 3371 3364 3445 p0pulus
3398 3371 3497 3442 qui
3532 3370 3774 3425 sedebat

2124 3468 2184 3523 in
2217 3466 2497 3529 tenebris,
2529 3466 2676 3521 vidit
2706 3464 2894 3519 lucem
2930 3478 3206 3535 magnam
3239 3462 3305 3516 ³³.
3342 3484 3369 3509 ››
3397 3461 3545 3531 Ergo
3577 3464 3632 3513 et
3667 3477 3773 3513 an—

2125 3558 2235 3631 geli
2289 3562 2353 3612 ut
2402 3554 2674 3627 discipuli
2728 3553 2775 3608 ei
2828 3552 3189 3607 ministrant.
3242 3574 3269 3600 «
3323 3550 3388 3604 Et
3455 3566 3609 3611 ecce,
3665 3549 3766 3613 ait,

2125 3646 2314 3719 angeli
2347 3649 2738 3706 accesserunt,
2771 3648 2828 3697 et
2878 3641 3292 3696 ministrabant
3322 3639 3371 3693 ei
3419 3640 3464 3673 ⁶⁰
3499 3655 3509 3692 :
3541 3660 3566 3686 ››
3615 3640 3769 3692 Gau-

2126 3738 2382 3807 dentque
2414 3750 2616 3791 omnes
2648 3734 2747 3804 qui
2781 3749 2811 3785 e
2860 3730 3286 3801 discipulorum
3335 3729 3464 3797 ejus
3522 3742 3764 3781 numero

2126 3830 2283 3881 sunt.
2332 3823 2475 3878 Nam
2536 3844 2563 3872 ‹‹
2614 3824 2935 3893 cceperunt,
2982 3819 3082 3887 ait,
3133 3816 3325 3873 omnis
3378 3817 3549 3869 turba
3591 3814 3763 3868 disci~

2126 3913 2397 3987 pulorum
2429 3912 2682 3984 gaudere
2716 3909 2925 3980 gaudio
2957 3923 3170 3979 magno
3199 3908 3267 3960 δι.
3306 3927 3327 3953 ι

2196 4095 2251 4148 ’7.
2284 4096 2484 4159 Quaero
2518 4090 2740 4160 itaque,
2774 4087 2913 4159 quid
2947 4102 3136 4141 causas
3168 4088 3256 4139 est
3285 4083 3441 4154 quod
3496 4081 3766 4152 discipuli

2127 4186 2185 4235 et
2224 4180 2429 4233 divinae
2470 4177 2710 4231 virtutes
2741 4175 3055 4247 gaudeant,
3083 4172 3200 4227 imo
3233 4172 3523 4242 gaudeant
3559 4187 3771 4240 magna

2126 4285 2262 4324 voce
2297 4265 2795 4322 Deumlaudantes
2817 4264 2843 4316 ‘?
2874 4263 3025 4317 Num
3050 4261 3177 4316 ideo
3208 4260 3467 4332 gaudent
3500 4258 3771 4329 discipuli

2128 4375 2193 4412 ac
2224 4355 2430 4412 divinae
2461 4355 2725 4421 virtutes,
2760 4352 2915 4423 quod
2953 4349 3233 4405 Dominus
3266 4348 3360 4402 vili
3387 4347 3564 4401 asello
3596 4346 3773 4401 veha-

2128 4446 2252 4501 tur?
2285 4462 2415 4516 quae
2445 4448 2608 4499 tanta
2638 4441 2959 4513 imperitia?
2989 4443 3073 4494 An
3107 4438 3319 4510 gaudio
3347 4437 3589 4509 dignum
3616 4436 3771 4490 estsi

2131 4537 2267 4608 quis
2298 4534 2477 4590 asello
2528 4532 2801 4587 vehatur?
2844 4534 2928 4584 An
2952 4530 3077 4584 ideo
3112 4525 3769 4597 laetandum,etquidem

372 4618 506 4672 ὄνου
563 4619 795 4691 καθεσθῇ
845 4625 1020 4692 χαρᾶς
1076 4616 1220 4690 ἄξιόν
1271 4620 1417 4689 ἐστι;
1471 4622 1566 4676 Καὶ
1618 4622 1909 4695 ἰπὶτοότῳ
1938 4644 2008 4679 τις

2131 4624 2362 4681 Domini
2396 4622 2705 4695 discipulis
2733 4622 2761 4675 ‘?
2795 4621 2918 4676 Non
2952 4618 3207 4691 putarim
3239 4633 3344 4688 ego
3370 4616 3498 4671 ideo
3521 4615 3775 4687 gaudere

374 4704 589 4784 ὀφείλει
636 4703 872 4781 χαίρειν,
921 4707 1010 4762 καὶ
1056 4713 1225 4763 ταῦτα
1272 4711 1323 4764 οἱ
1372 4715 1469 4765 τοῦ
1517 4712 1713 4787 Κυρίου
1750 4712 2023 4785 μαθηταί;

374 4795 525 4869 Ἐγὼ
554 4795 653 4850 οὐκ
701 4795 853 4868 οἶμαι
903 4794 992 4851 διὰ
1033 4801 1197 4853 τοῦτο
1245 4800 1454 4874 χαίρειν
1499 4800 1625 4861 τοὺς
1660 4802 1899 4873 μαθητὰς
1926 4806 2023 4857 τοῦ

374 4884 576 4957 Ἰησοῦ·
634 4884 869 4957 μάλιστα
914 4886 1002 4940 καὶ
1032 4886 1282 4961 ἀγγέλων
1315 4888 1497 4951 αὐτοῖς
1530 4890 1814 4963 συνόντων,
1847 4893 2021 4955 καθὼς

376 4976 697 5048 ὑπεθέμεθα.
751 4976 979 5031 Ἐκεῖνοι
1030 4977 1134 5051 γὰρ
1184 4973 1346 5049 ἴσασι,
1398 4975 1485 5033 διὰ
1546 4986 1677 5034 ποῖα
1729 4980 2025 5057 πράγματα

374 5065 655 5143 χαίρουσι.
711 5065 931 5126 Πάντως
979 5066 1082 5139 γὰρ
1128 5066 1295 5139 ὁρῶσί
1340 5088 1477 5136 τινα,
1531 5067 1609 5146 ἐφ’
1654 5071 1734 5131 οἷς
1780 5070 1922 5140 ἄξιον
1956 5074 2020 5140 ἦν

373 5153 572 5215 αὐτοὺς
601 5154 835 5229 χαίρειν.
871 5153 1119 5229 Πρόσχες
1148 5156 1274 5231 γὰρ,
1305 5157 1357 5211 τί
1386 5179 1517 5234 φησι
1556 5158 1618 5212 τὸ
1649 5159 2014 5233 Εὐαγγέλιονο

374 5243 460 5300 ὅτι
493 5242 716 5318 ἔχαιρον
754 5264 775 5291 α
810 5241 895 5296 ἐπὶ
929 5242 1218 5313 πασῶν,ὦν
1251 5242 1717 5319 εἷδον,δυνάμεων.
1754 5274 1779 5298 ››
1812 5247 1945 5310 Οἷῖας
1966 5246 2023 5303 δὲ

453 5417 499 5451 ⁸⁸
528 5418 694 5473 Joan.
728 5431 851 5480 xui,
884 5415 940 5481 4,
968 5415 1025 5477 5,
1058 5415 1144 5469 12.
1223 5415 1267 5449 ⁸⁵
1297 5415 1504 5471 Matth.
1536 5434 1653 5482 xxx,
1684 5418 1801 5472 7-9.

378 5491 426 5525 "
461 5490 572 5545 lea.
603 5504 682 5555 lx,
718 5488 767 5557 1,
797 5486 849 5541 2.
929 5485 973 5520 ⁶⁰
1008 5486 1111 5541 lsa.
1150 5504 1227 5550 1x,
1265 5488 1314 5553 1,
1346 5489 1400 5542 2.
1476 5488 1520 5523 ⁶ί
1554 5488 1688 5544 Luc.
1720 5507 1835 5558 χιιι,
1866 5491 1954 5545 37.

453 5642 568 5711 (10)
601 5640 742 5712 Reg.
772 5633 1157 5712 ἐνδιδυσκεται.

454 5708 571 5786 (11)
773 5708 1239 5783 ἰπανακλίνωμεν.

1879 5419 1925 5453 ⁸⁸
1954 5418 2159 5473 Matth.
2214 5436 2275 5487 ιι,
2326 5419 2411 5473 13.

1879 5491 1954 5545 37.
2033 5491 2078 5525 ⁸³
2108 5490 2252 5545 ibid.

2108 5508 2252 5545 lDlG.

2138 4712 2457 4786 discipulos
2486 4713 2649 4776 Jesu,
2682 4711 2935 4765 maxime
2978 4707 3367 4779 praesentibus
3416 4704 3662 4776 angelis,
3714 4710 3776 4758 ut

2136 4802 2611 4859 memoravimus.
2649 4800 2735 4856 Illi
2783 4813 3037 4868 namque
3076 4796 3271 4851 sciunt
3320 4812 3434 4866 qua
3479 4796 3549 4849 de
3601 4812 3773 4849 causa

2134 4893 2429 4965 gaudeant
2462 4908 2475 4946 :
2509 4906 2741 4958 semper
2768 4889 2924 4943 enim
2961 4884 3245 4941 nonnulla
3274 4884 3492 4951 vident,
3526 4900 3775 4955 quorum

2134 4999 2310 5038 causa
2342 4982 2596 5051 gaudere
2629 4978 2761 5033 illos
2792 4976 3079 5033 convenit.
3129 4974 3377 5029 Attende
3424 4974 3602 5037 enim,
3637 4974 3775 5044 quid

2135 5071 2293 5126 dicat
2325 5068 2695 5141 Evangelium
2726 5083 2736 5121 :
2773 5067 3005 5137 gavisos
3035 5080 3133 5119 eos
3165 5064 3368 5131 fuisse,
3403 5087 3427 5111 ‹‹
3456 5079 3633 5134 super
3655 5079 3779 5116 om-

2136 5159 2308 5215 nibus
2339 5175 2486 5230 quas
2520 5157 2785 5212 viderant
2816 5154 3132 5209 virtutibus
3182 5153 3250 5206 ‘9.
3305 5174 3329 5201 ›ι
3381 5152 3536 5215 Quas
3584 5159 3777 5206 autem

2130 5249 2377 5303 virtutes
2410 5246 2681 5301 videbant
2709 5244 3150 5316 discipuli,cum
3182 5241 3466 5297 Dominus
3496 5240 3672 5295 asina:
3694 5241 3781 5295 in-

2488 5418 2532 5451 ⁸⁷
2584 5417 2720 5471 Luc.
2770 5434 2808 5480 1,
2861 5415 2948 5468 36.
3027 5414 3070 5447 ⁵⁸
3119 5411 3324 5467 Matth.
3374 5427 3571 5478 xxvm,
3623 5411 3678 5478 6,
3727 5410 3785 5465 7.

2218 5644 2324 5715 (12)
2356 5643 2450 5699 Sic
2482 5644 2619 5715 Reg.
2648 5641 2803 5697 Editi
2833 5657 2965 5697 vero
2998 5636 3383 5696 διακονοῦντες.
