4102 6218
347 336 502 398 1043

1519 336 1581 394 S.
1633 332 2152 394 A'I‘HANASIUS.
2189 367 2264 377 ——
2293 334 2601 398 SPURIA.

3611 335 3761 398 1044

349 469 568 525 cideret
589 468 616 521 ‘?
645 467 768 523 Non
801 470 925 522 erat
957 466 1114 538 parvi
1148 482 1239 522 res
1270 467 1571 531 momenti,
1614 468 1715 521 sed
1764 482 1866 538 per
1914 466 1993 521 rei
2025 524 2029 531 ί

2143 466 2365 537 υνάμεις
2422 466 2684 543 ἐθεώρουν
2732 469 2784 523 οἱ
2846 466 3119 540 μαθηταὶ,
3177 466 3231 522 ἐν
3283 472 3365 539 τῷ
3420 466 3759 522 έπικαθέσθαι

349 555 507 611 illius
521 556 729 610 seriem
745 558 973 609 contem
985 553 1569 627 plabanturmysteria
1583 555 1849 626 quaedam
1864 554 2003 609 divi-

350 660 576 715 nasque
605 643 1032 697 virtutes.Audi
1066 644 1213 699 881
1248 643 1401 699 enim
1428 643 1781 700 Salvatorem
1812 644 2005 699 dicen-

352 740 471 791 tem
508 751 522 788 :
563 755 585 782 ι
618 735 910 790 Gaudium
941 736 1049 790 erit
1082 735 1135 790 in
1169 735 1309 791 caelo
1341 751 1518 807 super
1557 753 1673 791 uno
1706 741 2005 808 peccatore

360 823 767 896 paenitentiam
802 828 1213 895 agente.quam
1236 841 1413 896 super
1446 825 1765 896 nonaginta
1799 841 2003 880 novem

2110 557 2179 627 τῇ
2212 550 2321 627 ὄνῳ
2348 555 2438 609 τὸν
2475 557 2683 626 Ἰησοῦν
2712 577 2724 625 ;
2758 556 2872 615 Οὐκ
2902 557 2968 625 ἦν
3015 556 3177 630 ψιλὸν
3224 556 3288 611 τὸ
3340 562 3567 631 πρᾶγμα
3618 555 3763 612 ἀλλὰ

2115 640 2204 698 διὰ
2229 650 2329 713 τῆς
2380 645 2619 719 ἱστορίας
2668 646 2931 723 ἐθεώρουν
2983 646 3102 700 τινὰ
3154 648 3426 718 μυστήρια
3469 646 3556 701 καὶ
3607 643 3764 701 δυνά-

2121 753 2239 807 μεις
2288 732 2455 798 θείας.
2506 742 2707 790 ’Ἄκουε
2754 737 2857 811 γὰρ
2904 740 3002 790 τοῦ
3048 742 3311 811 Σωτῆρος
3362 734 3635 811 λέγοντος,
3681 736 3764 791 ὅτι

2118 848 2145 874 ‹‹
2180 824 2329 898 Χαρὰ
2370 823 2571 899 γίνεται
2620 824 2670 879 ἐν
2715 825 2925 900 οὐρανῷ
2967 823 3053 879 ἐπὶ
3104 825 3177 879 ἐνὶ
3233 823 3548 900 ἁμαρτωλῷ
3600 846 3759 898 μετα.

354 913 535 987 justis
567 912 665 984 qui
700 929 811 968 non
849 912 1111 985 indigent
1143 913 1485 984 pwnitentia
1512 914 1617 969 ⁸³.»
1649 914 1835 978 Quare
1866 913 2007 971 alibi

2140 916 2356 980 »οοῦντι,
2405 913 2438 981 ἢ
2490 911 2577 967 ἐπὶ
2627 913 2974 985 ἐννενήκοντα
3019 912 3164 969 ἐννέα
3195 912 3445 982 δικαίοις,
3480 912 3671 976 οἷεεινες
3705 914 3766 969 οὗ

360 1003 529 1058 docet
556 1018 655 1058 eos
686 1002 932 1073 loquens
973 1002 1031 1057 in
1089 1002 1382 1073 parabolis
1416 1021 1429 1059 ε
1465 1026 1492 1053 ‹‹
1540 1006 1717 1059 Homo
1767 1003 2007 1076 quidam

358 1092 583 1147 habens
616 1095 849 1145 centum
883 1108 1039 1161 oves,
1073 1092 1121 1146 si
1153 1091 1431 1147 erraverit
1460 1109 1575 1147 una
1606 1108 1673 1148 ex
1704 1092 2011 1161 eis,nonne

363 1180 641 1251 relinquit
673 1180 991 1252 nonaginta
1024 1198 1250 1250 novem,
1283 1198 1409 1253 quea
1441 1198 1556 1237 non
1587 1185 1938 1249 erraverant,
1958 1186 2015 1237 et

359 1270 518 1325 vadit
547 1284 803 1340 quaerere
834 1286 961 1324 eam
996 1286 1121 1340 qua:
1154 1269 1410 1327 erravit?
1442 1270 1506 1325 Et
1526 1270 1828 1326 inveniens
1860 1287 2012 1342 eam,

364 1361 579 1434 gaudet
609 1377 786 1432 super
813 1377 941 1416 eam
976 1362 1367 1435 magis,quam
1388 1362 2013 1435 supernonagintano-

364 1466 515 1520 vem,
549 1466 676 1523 quea
710 1466 823 1504 non
855 1456 1194 1506 erraverunt
1221 1452 1326 1505 δι.»
1360 1452 1493 1516 Quis
1524 1452 1679 1508 enim
1713 1469 1824 1508 non
1858 1469 2015 1507 erra-

368 1541 596 1607 verunt,
630 1553 745 1592 non
791 1541 962 1609 egent
1007 1537 1362 1609 poenitentia.
1417 1539 1519 1594 Hic
1572 1539 1771 1611 itaque
1821 1538 2018 1611 pullus

369 1627 543 1683 etiam
576 1626 698 1682 ovis
728 1631 986 1697 vocatur,
1021 1632 1076 1682 et
1110 1626 1263 1682 [ilius
1315 1627 1742 1684 adolescentior
1776 1645 1788 1683 :
1825 1652 1851 1678 «
1886 1628 2021 1684 Ovis

371 1716 549 1783 enim,
585 1716 796 1788 inquit,
829 1732 1030 1771 errans
1064 1717 1250 1772 factus
1282 1721 1371 1772 est
1401 1717 1652 1789 populus
1700 1734 1865 1773 meus
1895 1718 1959 1771 ⁸⁸.
1992 1738 2019 1766 n

2120 1001 2307 1077 χρείαν
2342 1000 2534 1077 ἔχουσι
2572 1002 2874 1076 μετανοίας.
2913 1026 2940 1053 ››
2972 1002 3063 1057 Διὸ
3094 1002 3183 1057 καὶ
3216 1002 3265 1057 ἐν
3299 1002 3466 1077 ἑτέρῳ
3498 1000 3771 1058 ἐδίδασκεν

2122 1088 2337 1159 αὐτοὺς,
2374 1089 2545 1166 λέγων
2580 1090 2631 1145 ἐν
2659 1086 3018 1167 παραϐολαῖς·
3073 1116 3103 1143 ‹‹
3134 1090 3454 1167 ’Ἄνθρωπός
3501 1113 3583 1154 τις
3627 1091 3770 1167 ἔχων

2123 1179 2308 1233 ἑκατὸν
2369 1176 2637 1255 πρόϐατα,
2695 1179 2781 1235 ἐὰν
2839 1179 3097 1254 πλανηθῇ
3154 1176 3209 1235 ἓν
3270 1180 3322 1251 ἐξ
3380 1180 3580 1248 αὐτῶν,
3639 1178 3771 1255 οὐχὶ

2123 1266 2315 1345 ἀφίησι
2373 1269 2440 1322 τὰ
2494 1268 2846 1339 ἐννενήκοντα
2901 1267 3045 1323 ἐννέα
3099 1269 3164 1323 τὰ
3224 1271 3299 1341 μή
3355 1268 3775 1341 πεπλανημένα,

2125 1356 2214 1411 καὶ
2269 1356 2552 1431 πορεύεται
2607 1362 2781 1428 ζητῶν
2831 1358 2890 1412 τὸ
2934 1354 3395 1431 πεπλανημένονς
3451 1358 3549 1414 Καὶ
3599 1359 3775 1434 εὑρὼν

2128 1445 2278 1514 αὐτὸ,
2312 1446 2483 1521 χαρὰν
2519 1449 2628 1519 (13)
2662 1446 2955 1523 χαίρευέπ¹
2986 1446 3133 1519 αύτῷ
3175 1446 3387 1519 μᾶλλον
3434 1448 3469 1517 ἢ
3522 1446 3609 1502 ἐπὶ
3656 1453 3780 1509 τοῖς

2129 1533 2474 1605 ἐννενήκοντα
2525 1535 2672 1590 ἐννέα
2717 1541 2835 1597 τοῖς
2887 1538 2961 1608 μὴ
3012 1535 3478 1609 πεπλανημένοις⁸
3522 1560 3549 1588 ‹‹
3580 1539 3648 1591 τὰ
3674 1536 3781 1612 γὰρ

2135 1625 2210 1696 μὴ
2239 1621 2630 1697 πεπλανημένα
2680 1625 2869 1700 χρείαν
2916 1624 3015 1679 οὐκ
3044 1622 3231 1700 ἔχουσι
3268 1624 3569 1699 μετανοίας.
3602 1626 3783 1686 Οὗτος

2132 1712 2222 1768 οὖν
2280 1714 2307 1769 6
2360 1713 2551 1776 πῶλος
2608 1714 2698 1768 καὶ
2728 1709 3001 1789 πρόϐατον
3031 1711 3301 1783 καλεῖται,
3331 1714 3419 1769 καὶ
3451 1714 3566 1775 υἱὸς
3595 1715 3785 1769 νεώτε-

370 1805 439 1861 Et
468 1805 605 1861 alibi
637 1822 650 1860 :
686 1829 711 1855 «
746 1805 1024 1878 Cognovit
1049 1806 1153 1862 bos
1185 1823 1579 1878 possessorem
1615 1824 1789 1863 suum
1820 1812 1875 1862 et
1907 1807 2020 1862 asi-

2140 1823 2246 1878 ρος.
2307 1826 2336 1855 ‹‹
2399 1798 2677 1878 ΙΙρόϐατον
2732 1804 2854 1880 γὰρ,
2904 1803 3057 1882 φησὶ,
3100 1801 3455 1877 πλανώμενον
3490 1803 3719 1879 ἐγενήθη
3752 1804 3783 1857 6

372 1911 485 1950 nus
517 1911 773 1967 praesepe
817 1894 1040 1950 domini
1072 1895 1164 1949 sui
1192 1896 1256 1949 ⁸⁸.
1312 1918 1339 1944 ››
1373 1896 1518 1951 Item
1557 1914 1571 1953 :
1599 1919 1625 1946 ‹‹

369 2000 537 2040 meus
569 1982 994 2040 adolescentior
1024 1984 1291 2057 perierat,
1321 1988 1379 2041 et
1403 1986 1674 2041 inventus
1704 1991 1794 2042 est
1822 2006 1841 2041 :
1875 2003 2028 2043 mor-

367 2077 508 2130 tuus
540 2076 683 2142 erat,
716 2078 773 2129 et
801 2073 1006 2130 revixit
1035 2075 1099 2130 ⁸⁷.
1131 2093 1157 2126 ι

450 2251 503 2306 8.
536 2252 666 2307 Haec
696 2251 896 2324 itaque
925 2252 1125 2308 omnia
1152 2253 1211 2307 in
1245 2269 1307 2309 se
1338 2253 1666 2325 suscipiens
1721 2254 2027 2324 Dominus,

381 2340 681 2397 hominem
713 2341 925 2409 induit,
957 2346 1015 2398 et
1045 2341 1211 2414 quasi
1258 2341 1379 2397 ovis
1422 2343 1492 2397 ad
1539 2342 1886 2398 occisionem
1921 2344 2030 2398 du-

387 2433 518 2485 ctus
549 2433 659 2497 est,
698 2447 763 2486 ac
808 2431 959 2487 sedit
1007 2448 1184 2502 super
1230 2429 1501 2501 asellum,
1555 2436 1611 2486 et
1642 2436 1910 2487 mortuus
1942 2436 2033 2487 est

387 2525 563 2593 atque
601 2519 867 2593 sepultus
916 2522 1241 2577 secundum
1293 2522 1649 2594 Scripturas.
1704 2524 1774 2579 Et
1820 2540 2033 2595 corpus

385 2609 621 2681 quidem
655 2611 783 2681 eius
819 2610 1053 2680 jacebat
1092 2611 1150 2665 in
1202 2615 1604 2682 monumento,
1657 2611 1843 2667 deitas
1900 2628 2033 2667 vero

381 2699 512 2770 ejus
544 2700 836 2753 infernum
870 2698 1193 2770 spoliabat;
1227 2716 1376 2771 aque
1424 2698 1685 2755 solvebat
1734 2702 2032 2772 compedi-

308 2838 311 2841 .
382 2793 495 2855 tos,
549 2787 808 2861 captivos
856 2788 1199 2857 redimebat,
1256 2793 1636 2861 mortuosque
1686 2790 2031 2846 viviﬁcabat.

380 2878 513 2934 Ideo
541 2894 796 2949 namque
828 2878 886 2933 in
917 2893 1151 2934 crucem
1185 2878 1533 2934 ascenditde
1565 2878 1799 2934 inimico
1832 2879 2036 2935 trium-

386 2968 598 3041 phans,
632 2972 809 3039 atque
843 2967 1031 3022 factus
1062 2984 1165 3039 pro
1197 2966 1367 3023 nobis
1400 2967 1800 3036 maledictum,
1825 2969 2037 3040 spinis-

383 3072 498 3127 que
527 3059 862 3121 coronatus,
895 3061 960 3111 ut
991 3073 1098 3111 nos
1137 3072 1204 3111 ex
1255 3055 1372 3112 lata
1422 3057 1731 3113 adversum
1767 3073 1872 3113 nos
1905 3074 2035 3113 sen-

389 3145 574 3200 tentia
605 3145 937 3201 redimeret.
971 3145 1115 3199 Nam
1145 3145 1366 3201 Adamo
1398 3145 1619 3202 dictum
1660 3145 1769 3201 fuit
1801 3165 1817 3199 :
1845 3169 1873 3196 «
1904 3147 2036 3219 Spi-

390 3250 495 3288 nas
552 3233 910 3304 germinabit
967 3232 1066 3288 tibi
1121 3238 1278 3289 terra
1331 3234 1375 3269 ⁶⁸
1410 3251 1422 3288 :
1462 3257 1481 3283 ι
1520 3234 1706 3298 Quare
1758 3252 2033 3291 coronam

384 3320 648 3392 spineam
682 3320 913 3390 accipit,
944 3320 1358 3392 calamumque
1384 3322 1630 3377 dexterae
1671 3324 1800 3393 ejus
1832 3322 2034 3379 manui

385 3409 732 3480 gestandum
767 3413 1068 3480 pararunt;
1104 3413 1275 3466 uteos
1308 3411 1597 3482 serpentis
1620 3411 1786 3468 facile
1818 3413 2033 3467 caedem

383 3502 660 3571 patraret.
700 3500 839 3554 Item
877 3515 979 3571 pro
1006 3500 1297 3571 serpentis
1344 3517 1586 3568 veneno,
1638 3502 1792 3574 quod
1841 3502 2035 3558 hausit

382 3589 567 3644 Adam
601 3588 657 3642 in
694 3588 983 3659 paradiso,
1036 3589 1159 3660 ipse
1191 3606 1293 3661 pro
1351 3590 1519 3646 nobis
1574 3590 1706 3646 felle
1760 3596 1818 3646 et
1874 3597 2034 3647 aceto

382 3681 637 3749 potatur.
668 3678 736 3733 Et
766 3693 868 3749 pro
902 3681 1064 3734 costa
1092 3693 1160 3732 ex
1192 3694 1310 3749 qua
1363 3679 1578 3751 prodiit
1628 3683 1758 3745 Eva,
1796 3679 1920 3752 ipse
1954 3684 2037 3735 la-

382 3772 478 3821 tus
509 3782 683 3821 suum
716 3766 963 3837 praebuit
996 3768 1650 3838 perforandumMulier
1682 3768 2038 3838 Eva,mulier

388 3855 591 3923 Maria,
625 3872 691 3911 ex
723 3872 840 3927 qua
889 3861 1063 3911 natus
1115 3860 1203 3912 est
1252 3857 1540 3912 Christus.
1595 3863 1779 3913 Homo
1828 3860 2033 3915 Adam.

387 3944 561 4000 homo
588 3944 764 4001 etiam
795 3961 969 4017 quem
992 3944 1262 4002 Christus
1282 3945 1899 4017 gestabat.Paradisus
1913 3952 2037 4003 erat

388 4050 457 4088 ex
496 4051 611 4103 quo
649 4036 830 4089 Adam
875 4034 1097 4104 ejectus
1141 4039 1248 4100 est;
1302 4034 1614 4105 paradisus
1663 4036 1801 4091 item
1862 4052 2035 4107 quem

390 4121 603 4176 latroni
636 4123 865 4194 aperuit
892 4122 1504 4196 Christus.Hicitaque
1530 4124 1727 4197 pullus
1773 4129 2039 4197 peccator

394 4226 549 4265 unus
579 4215 689 4280 est,
715 4210 1117 4281 pocnitentiam
1140 4228 1521 4286 agens,quem
1555 4214 1726 4270 solvit
1753 4214 2038 4270 Dominus

393 4314 459 4353 ex
491 4298 711 4353 diaboli
742 4299 1015 4367 vinculis,
1049 4301 1119 4355 de
1152 4318 1269 4373 quo
1310 4303 1594 4375 gaudium
1642 4310 1751 4374 est,
1803 4321 1917 4359 non
1979 4304 2034 4358 in

390 4391 544 4442 terra
576 4388 771 4455 modo,
802 4389 903 4443 sed
935 4389 1111 4444 etiam
1143 4390 1203 4445 in
1250 4392 1431 4448 ccelis.
1486 4392 1630 4447 Cum
1679 4392 1859 4466 igitur
1888 4392 2040 4449 solu-

390 4480 491 4531 tus
523 4475 718 4547 pullus
752 4477 961 4533 fuisset
1004 4496 1036 4533 a
1088 4479 1415 4550 discipulis,
1472 4482 1774 4537 adducunt
1804 4499 1937 4538 eum
1967 4484 2039 4538 ad

1694 1895 1871 1951 Filius
1931 1896 2025 1951 hic
2060 1890 2101 1906 υ
2135 1890 2265 1953 λαός
2300 1910 2423 1965 μου⁹
2458 1916 2485 1943 ››
2516 1891 2605 1945 καὶ
2636 1891 2823 1947 πάλιν·
2861 1914 2887 1946 α
2916 1896 3094 1966 Ἔγνω
3129 1893 3258 1967 βοῦς
3285 1892 3376 1946 τὸν
3416 1890 3784 1965 κτησάμενον,

2134 1980 2223 2035 καὶ
2272 1977 2394 2042 ὄνος
2441 1981 2539 2049 τήν
2586 1980 2788 2057 φάτνην
2839 1984 2936 2035 τοῦ
2988 1980 3178 2056 κυρίου
3226 1980 3411 2036 αὐτοῦ’
3448 2005 3477 2032 ››
3517 1981 3629 2051 καὶ,
3663 2006 3691 2033 ‹‹
3726 1982 3787 2034 Ὁ

2137 2068 2253 2131 υἱός
2289 2090 2393 2142 μου
2426 2070 2582 2131 οὗτος
2616 2071 2643 2124 6
2675 2070 2936 2146 νεώτερος
2967 2068 3280 2131 ἀπολωλὼς
3307 2070 3397 2140 ἦν,
3428 2069 3517 2125 καὶ
3567 2068 3785 2146 εὖρέθη’

2136 2159 2324 2233 νεκρὸς
2353 2162 2439 2227 ἦν,
2472 2159 2560 2213 καὶ
2592 2157 2867 2230 ἀνέζησεν.
2903 2183 2931 2209 »ι

2209 2250 2262 2304 8.
2323 2250 2505 2304 Ταῦτα
2563 2245 2654 2302 οὖν
2709 2247 2882 2302 πάντα
2938 2247 3014 2309 είς
3071 2248 3257 2302 ἐαυτὸν
3317 2245 3707 2320 ἀναδεξάμενος
3757 2247 3790 2300 6

2142 2336 2359 2411 Κύριος,
2421 2336 2703 2413 ἄνθρωπον
2764 2334 3068 2403 ἐνεδύσατο,
3122 2336 3211 2391 καὶ
3269 2338 3347 2399 ὡς
3392 2332 3664 2413 πρόϐατον
3699 2335 3791 2391 ἐπὶ

2141 2427 2350 2502 σφαγὴν
2409 2424 2587 2501 ἤχθη,
2643 2423 2731 2480 καί
2792 2424 2879 2480 ἐπὶ
2943 2426 3162 2501 ὀναρίου
3221 2425 3503 2497 ἐκαθέσθη,
3561 2425 3648 2480 καὶ
3686 2425 3795 2480 ἀπ·-

2143 2517 2315 2588 έθανε,
2346 2514 2433 2570 καὶ
2483 2514 2672 2594 ἐτάφη,
2704 2516 2841 2570 κατὰ
2870 2517 2965 2577 τὰς
2996 2517 3227 2593 Γραφάς.
3262 2516 3359 2570 Καὶ
3407 2515 3471 2570 τὸ
3506 2515 3600 2587 μὶν
3628 2519 3795 2589 σῶμα

2090 2662 2109 2679 ,
2143 2604 2307 2660 αὐτοῦ
2350 2602 2521 2660 ἔκειτο
2559 2603 2610 2658 ἐν
2657 2609 2737 2676 τῷ
2793 2604 3066 2677 μνημείῳ,
3109 2607 3143 2674 ἡ
3178 2602 3235 2659 δὲ
3282 2603 3474 2674 θεότης
3504 2602 3795 2659 ἐσκύλευσε

2141 2694 2233 2749 τὸν
2291 2689 2443 2764 ᾅδην
2502 2692 2592 2748 καὶ
2653 2691 2811 2748 ἔλυσε
2869 2692 2996 2755 τοὺς
3054 2691 3482 2766 πεπεδημένους,
3542 2693 3630 2748 καὶ
3663 2692 3792 2749 ἐλυ-

2142 2787 2337 2857 τροῦτο
2383 2781 2510 2843 τοὺς
2558 2781 2972 2857 αἰχμαλώτους,
3012 2781 3101 2836 καὶ
3151 2781 3434 2852 ἐζωοποίει
3473 2781 3599 2844 τοὺς
3634 2794 3794 2845 τεθα-

2144 2870 2511 2944 νατωμένους.
2571 2872 2670 2924 Διὰ
2719 2874 2881 2925 τοῦτο
2941 2871 3043 2945 γὰρ
3099 2871 3186 2925 καὶ
3246 2869 3330 2925 ἐπὶ
3402 2872 3493 2926 τὸν
3565 2872 3798 2945 σταυρὸν

2144 2961 2429 3036 ἀνέρχεται
2489 2954 2833 3036 θριαμϐεύων
2887 2960 2980 3014 τὸν
3042 2959 3262 3035 ἐχθρὸν,
3334 2959 3420 3014 καὶ
3497 2959 3799 3034 γενόμενος

2148 3050 2279 3124 ὑπὲρ
2329 3053 2489 3123 ἡμῶν
2543 3051 2769 3125 κατάρα,
2819 3049 2909 3103 καὶ
2957 3049 3387 3126 στεφανούμενος
3439 3047 3489 3121 ἐξ
3523 3048 3797 3117 ἀκανθῶν,

2140 3136 2229 3194 ’ίνα
2286 3146 2384 3209 τῆς
2440 3136 2738 3213 γενομένης
2811 3139 2928 3192 καθ’
2982 3140 3143 3211 ἡμῶν
3201 3137 3523 3216 ἀποφάσεως
3580 3136 3799 3201 ἐλευθε-

2066 3205 2109 3271 C
2150 3205 2617 3308 ρώσηίΛέλεκται
2665 3205 2767 3303 γὰρ
2797 3232 2875 3299 τῷ
2907 3205 3101 3299 Ἀδάμ,
3152 3230 3235 3283 δτι
3281 3205 3335 3280 ‹‹’
3363 3227 3625 3292 ’Δκάνθας
3671 3227 3806 3282 ἀνα-

2141 3318 2291 3375 τελεῖ
2343 3340 2429 3373 σοι
2473 3319 2505 3386 ἡ
2701 3314 2787 3372 διὸ
2834 3316 2923 3371 τὸν
2976 3315 3025 3386 ἐξ
3076 3318 3317 3371 ἀκανθῶν
3368 3318 3622 3391 στέφανον
3670 3316 3802 3370 ἂνα-

2145 3408 2384 3485 δέχεται,
2417 3411 2503 3462 καί
2533 3405 2780 3479 κάλαμον
2830 3404 2898 3480 τῇ
2948 3403 3091 3475 δεξιᾷ
3138 3405 3300 3460 αὐτοῦ
3348 3405 3494 3481 χειρὶ
3544 3404 3801 3480 κατέχειν

2145 3495 2567 3574 παρεσκεύασαν,
2612 3493 2705 3550 ἵνα
2746 3492 2835 3549 διὰ
2880 3493 3081 3550 τούτου
3107 3491 3204 3548 τοῦ
3235 3490 3408 3571 ὄφεως
3442 3490 3645 3569 ῥᾳδίως
3695 3495 3802 3561 τήν

2145 3586 2406 3661 ἀναίρεσιν
2465 3585 2780 3654 ποιήσηται.
2843 3582 3001 3640 Οὕτω
3060 3583 3161 3658 γὰρ
3218 3582 3382 3638 πάλιν
3416 3582 3532 3637 ἀντὶ
3578 3586 3677 3637 τοῦ
3710 3582 3797 3637 ἰοῦ

2143 3681 2239 3731 τοῦ
2294 3672 2487 3753 ὄφεως,
2533 3670 2595 3727 οὗ
2651 3667 2941 3745 μετέλαϐεν
2999 3669 3177 3744 Ἀδὰμ
3229 3670 3279 3725 ἐν
3327 3676 3407 3742 τῷ
3454 3668 3796 3745 παραδείσῳ,

2144 3765 2305 3827 αὐτὸς
2362 3764 2494 3837 ὑπὲρ
2554 3764 2712 3834 ἡμῶν
2763 3763 2943 3837 χολὴν
2997 3767 3109 3832 μετ’
3151 3756 3307 3833 ὄξους
3345 3760 3642 3829 ποτίζεται·
3703 3760 3797 3814 καὶ

2145 3854 2262 3909 ἀντὶ
2310 3860 2410 3922 τῆς
2477 3850 2734 3926 πλευρᾶς,
2797 3849 2846 3919 ἐξ
2894 3852 2959 3918 ἧς
3019 3848 3235 3920 ἐξῆλθεν
3296 3846 3426 3918 Εὕα,
3483 3848 3643 3910 αὐτὸς
3694 3850 3798 3917 τήν

2147 3926 2337 4000 ἑαυτοῦ
2407 3940 2643 4016 πλευρὰν
2709 3939 2979 4014 παρέσχεν
3040 3938 3115 4001 είς
3175 3939 3401 4015 σφαγήν.
3464 3939 3603 4006 Γυνή
3666 3935 3798 4007 Εὕα,

2146 4034 2278 4109 γυνὴ
2331 4030 2530 4106 Μαρία,
2583 4028 2634 4099 ἐξ
2680 4031 2745 4097 ἧς
2794 4027 3048 4103 ἐγεννήθη
3100 4028 3128 4081 6
3178 4025 3428 4101 Χριστός.
3473 4028 3802 4101 Ἀντρωπος

2149 4125 2176 4177 ὁ
2235 4120 2432 4193 Ἀδὰμ,
2492 4116 2793 4190 ἄνθρωπος,
2843 4115 2902 4171 ὅν
2951 4116 3199 4194 ἐφόρεσεν
3247 4117 3277 4170 6
3324 4115 3578 4190 Χριστός.
3611 4116 3800 4189 Παρά-

2149 4209 2347 4278 δεισος,
2406 4207 2456 4279 ἐξ
2514 4207 2576 4261 οὗ
2648 4200 2912 4276 ἐξεϐλήθη
2974 4206 3002 4260 6
3077 4202 3271 4278 Ἀδάμ·
3331 4201 3675 4279 παράδεισος,
3736 4204 3799 4257 δν

2148 4299 2345 4372 ἀνέῳξε
2372 4301 2450 4369 τῷ
2481 4295 2652 4370 λῃστῇ
2687 4294 2714 4348 6
2746 4292 2997 4367 Χριστός.
3033 4292 3205 4355 Οὗτος
3254 4291 3345 4348 οὖν
3379 4293 3407 4347 6
3440 4290 3631 4354 πῶλος
3662 4293 3692 4346 6
3722 4292 3801 4353 εἷς

2151 4385 2478 4465 ἁμαρτωλός
2537 4384 2699 4455 ἐστιν,
2754 4384 2782 4439 6
2842 4388 3139 4456 μετανοῶν,
3185 4383 3243 4438 ὃν
3303 4378 3488 4437 ἔλυσεν
3538 4382 3567 4436 ὀ
3600 4381 3801 4456 Κύριος

2150 4479 2210 4534 ἐκ
2235 4481 2343 4532 τῶν
2402 4478 2500 4530 τοῦ
2549 4467 2813 4528 διαϐόλου
2857 4469 3094 4544 δεσμῶν,
3143 4470 3266 4545 περὶ
3316 4468 3378 4525 οὗ
3409 4471 3559 4546 χαρὰ
3588 4470 3803 4544 γίνεται

387 4568 611 4633 Jesum,
643 4566 1019 4639 gaudentque
1048 4569 1260 4640 gaudio
1294 4586 1506 4641 magno
1538 4587 1551 4624 :
1588 4570 1727 4626 item
1758 4572 1947 4643 angeli
1980 4576 2029 4627 et

2146 4568 2209 4624 αὐ
2273 4567 2438 4640 μόνον
2499 4561 2587 4617 ἐπὶ
2643 4565 2742 4630 τῆς
2798 4567 2926 4634 γῆς,
2977 4554 3125 4616 ἀλλᾶ
3170 4559 3260 4615 καὶ
3292 4559 3489 4621 ἐντοῖς
3521 4558 3801 4633 οὐρανοῖς.

388 4653 598 4708 divina:
629 4655 873 4712 virtutes
905 4658 1165 4729 gaudent
1183 4675 1359 4730 super
1389 4675 1453 4714 eo
1478 4660 1575 4730 qui
1598 4659 1849 4732 perierat
1875 4665 1932 4716 et
1956 4660 2040 4715 in-

387 4746 598 4799 ventus
628 4747 734 4799 est.
769 4745 874 4809 Qui
927 4746 1108 4817 igitur
1155 4746 1227 4801 iis
1274 4763 1400 4818 qua
1448 4748 1728 4817 diximus,
1773 4754 2040 4805 accurate

390 4832 655 4888 animum
689 4833 1059 4905 applicuerit,
1092 4841 1148 4891 et
1195 4835 1530 4908 evangelica
1574 4838 1749 4893 verba
1797 4838 2041 4909 mystice

394 4921 621 4994 legerit,
655 4923 702 4977 is
735 4940 877 4979 sane
908 4925 1237 4996 perspiciet,
1273 4926 1428 4981 hunc
1461 4925 1686 4997 pullum
1735 4943 1863 4983 esse
1906 4943 2042 4999 pec-

392 5016 645 5066 catorem
681 5012 991 5068 Adamum.
1023 5014 1164 5069 Cum
1197 5014 1324 5071 dico
1356 5016 1666 5082 Adamum,
1702 5017 2040 5073 universum

393 5115 579 5171 genus
612 5100 937 5158 humanum
963 5103 1356 5175 intellige.llic
1377 5121 1512 5177 ergo
1536 5106 1733 5176 pullus
1765 5111 1896 5162 ante
1918 5106 2042 5162 Sal-

392 5189 608 5244 vatoris
637 5192 973 5258 adventum,
1010 5192 1145 5247 feris
1175 5200 1300 5248 erat
1330 5196 2042 5266 subjectus,quemadmo-

390 5278 531 5333 dum
562 5280 809 5335 antehac
830 5281 1441 5349 diximus.Ferasvoco
1472 5299 1704 5338 omnem
1738 5284 2042 5339 adversam

460 5447 505 5482 ⁸³
537 5447 675 5502 Luc.
708 5465 801 5517 xv,
831 5449 886 5503 7.

999 5450 1044 5484 ⁸⁸
1075 5450 1278 5506 Matth.
1313 5467 1473 5522 xvm,
1524 5451 1611 5519 12,
1647 5453 1732 5507 13.

386 5534 475 5589 m,
505 5518 591 5573 18.

462 5669 576 5744 (13)
609 5669 749 5743 Reg.
783 5674 948 5747 χαρᾷ.

1844 5454 1889 5488 ⁶⁶
1922 5455 2029 5510 lsa.
2076 5469 2194 5509 Lm.
2245 5453 2300 5508 6.

2148 4656 2300 4715 Μετὰ
2353 4654 2444 4709 οὗν
2474 4653 2537 4707 τὸ
2596 4650 2825 4720 λυθῆναι
2856 4650 2947 4705 τὸν
2971 4649 3159 4705 πῶλον
3209 4650 3311 4705 ὑπὸ
3356 4653 3464 4704 τῶν
3516 4653 3803 4723 μαθητῶν,

2149 4747 2397 4825 φέρουσιν
2450 4742 2609 4798 αὐτὸν
2663 4742 2797 4817 πρὸς
2842 4740 2933 4794 τὸν
2986 4741 3194 4810 Ἰησοῦν
3244 4738 3334 4793 καὶ
3381 4738 3635 4813 χαίρουσι
3694 4758 3799 4813 χα-

2149 4823 2242 4911 ρὰν
2297 4831 2559 4909 μεγὰληψ
2616 4826 2694 4885 ἔτι
2745 4830 2852 4902 μὴν
2902 4828 2991 4883 καὶ
3036 4826 3255 4904 ἄγγελοι
3299 4827 3388 4881 καὶ
3446 4832 3585 4890 θεῖαι
3637 4823 3805 4881 δυνά-

2153 4945 2270 4998 μεις
2321 4922 2607 5000 χαίρουσιν
2660 4918 2747 4973 ἐπὶ
2794 4922 2871 4990 τῷ
2916 4915 3237 4972 ἀπολωλότι
3294 4916 3383 4972 καὶ
3416 4914 3706 4987 εὑρεθέντι.
3738 4917 3802 4972 Ὀ

2150 5012 2241 5070 οὖν
2303 5008 2580 5083 ἐπιμελῶς
2626 5006 2913 5084 προσέχων
2964 5013 3080 5067 τοῖς
3127 5002 3471 5081 λεγομένοις,
3520 5004 3611 5058 καὶ
3668 5003 3800 5066 τοὺς

2151 5098 2534 5179 εύαγγελικοὺς
2582 5095 2783 5171 λόγους
2837 5100 3113 5167 μυστικῶς
3153 5094 3552 5169 ἀναγινώσκων,
3585 5089 3798 5165 ὄψεται,

2151 5192 2224 5254 ὡς
2256 5193 2283 5245 6
2331 5188 2520 5250 πῶλος
2572 5188 2727 5248 οὗτος
2758 5187 2785 5241 6
2828 5182 3154 5259 ἁμαρτωλὸς
3187 5181 3359 5255 Ἀδάμ
3386 5180 3549 5238 ἐστιν.
3587 5181 3708 5237 Ἐὰν
3744 5180 3803 5237 δὲ

2152 5280 2297 5357 λέγω
2347 5276 2544 5351 Ἀδὰμ,
2588 5282 2731 5331 πᾶσα
2777 5273 3136 5349 ἁνθρωπότης
3185 5271 3344 5329 ἐστίν.
3395 5271 3567 5333 Οὗτος
3631 5269 3722 5326 οὖν
3775 5271 3804 5325 6

3506 5444 3551 5485 θ’
3584 5442 3805 5499 Genee.

2412 5451 2456 5486 6°
2509 5451 2614 5506 lsa.
2649 5465 2691 5517 ι,
2739 5449 2791 5503 3.
2903 5447 2947 5482 ⁸⁷
2977 5445 3112 5501 Luc.
3162 5460 3255 5513 xv,
3304 5444 3393 5499 32.
