2051 3109
183 183 264 215 ιοιιδ
309 160 313 161 ν

668 184 833 217 HOMILlA
856 185 893 215 ΙΝ
917 185 1034 215 ILLUD
1060 194 1099 214 ια
1125 186 1270 218 EUN'I‘E.
1288 198 1302 213 ››
1329 185 1413 216 ETC.

1816 185 1893 215 1046

180 250 278 282 πῶλος
307 251 360 287 πρό
387 253 437 285 τῆς
465 253 514 279 τοῦ
539 254 671 288 Σωτῆρος
685 250 833 288 ἐπιδημίας
850 250 992 287 θηρίοις

1063 253 1249 288 potestatem,
1266 253 1424 289 ipsumque
1450 259 1592 289 magnum
1622 251 1782 279 daemonem
1811 252 1891 280 Sata-

181 291 420 331 ὑποϐεϐλημένος,
445 295 535 327 καθὼς
563 295 607 323 καὶ
637 296 690 333 πρὸ
718 295 816 323 τούτου
847 295 1007 332 ὑπεθέμεθα.

1065 304 1144 324 nam.

182 339 270 377 Θηρία
285 338 314 367 δὶ
329 339 401 378 λέγω
416 343 502 368 πᾶσαν
517 340 566 374 τήν
580 340 768 377 ἆντικειμὲνην
786 339 911 376 δύναμιν,
927 340 973 367 καὶ
989 338 1068 367 αὐτὸν
1083 340 1129 367 τὸν
1147 341 1231 378 μέγαν
1248 339 1365 377 δαίμονα
1381 343 1512 368 Σατανᾶν.

215 385 243 413 9.
259 385 323 412 ’Ὅτε
349 383 394 412 οὖν
419 383 590 421 ἐπεδήμησεν
612 385 625 412 ὁ
649 385 749 423 Κύριος
774 385 827 423 πρὸ
849 385 934 421 ἡμᾶς,
960 384 1005 411 καὶ

179 427 295 456 δέδωκεν
311 430 379 465 ἡμῖν
393 428 512 464 ἐξουσίαν
529 428 597 457 ὥστε
620 431 713 457 πατεῖν
738 429 826 457 ἐπάνω
850 426 937 467 ὄφεων
959 427 1004 456 καὶ

177 473 330 511 σκορπίων,
342 473 387 501 καὶ
417 472 460 500 ἐπὶ
489 476 574 501 πᾶσαν
603 474 652 508 τὴν
683 472 795 509 δῦναμιν
818 475 867 500 τοῦ
891 472 1002 510 ἐχθροῦ,

176 517 239 546 τότε
252 517 297 545 καὶ
313 518 395 554 ἡμεῖς
413 516 572 556 θαῤῥοῦντες
588 517 703 556 λὲγομεν
724 517 769 544 σὺν
794 520 833 554 τῷ
858 518 1002 556 Προφήτγλο

175 574 190 588 u
209 562 247 591 Οὐ
263 560 434 600 παραδώσεις
449 565 507 593 τοῖς
529 562 635 600 θηρίοις
661 562 753 600 ψυχὴν
780 561 1001 599 ἐξομολογουμὲ-

173 617 222 642 νην
237 617 290 635 σοι.
307 619 318 632 1
337 606 490 634 Συνὲθλασε
503 607 553 645 γὰρ
575 607 589 634 ὁ
615 606 712 645 Κύριος
737 607 783 637 τὰς
807 605 924 645 κεφαλὰς
946 606 999 634 τῶν

174 650 340 688 δρακόντων.
358 651 404 678 Διὸ
428 650 472 678 καὶ
495 651 509 678 ὁ
534 652 683 690 Προφήτης
710 651 761 689 βοᾷ
785 651 882 689 λέγων·
899 664 912 677 ‹‹
938 652 999 680 Ἐπὶ

173 693 274 723 ἀσπίδα
303 695 349 723 καὶ
380 694 537 734 βασιλίσκον
575 693 701 732 ἐπιϐήσῃ,
730 695 775 723 καὶ
802 697 999 731 καταπατήσας

173 739 271 768 λέοντα
308 740 353 767 καὶ
393 738 534 778 δράκοντα.
565 740 735 778 Ἔκυρίευσαν
766 739 811 768 οὖν
845 740 930 776 οὗτοι,
960 741 998 771 ὡς

172 786 315 821 προεῖπον,
338 786 387 812 τοῦ
415 784 522 812 πώλου.
547 783 595 812 Καί
624 784 699 812 οὗτοι
723 785 791 819 ἦσαν
820 785 845 812 oi
870 783 999 820 δήσαντες

172 825 264 857 αὐτὸν.
290 829 374 866 Οἶμαι
403 830 455 867 γὰρ
488 829 532 856 καὶ
566 829 611 856 τὸν
645 830 792 869 προφήτην
816 829 924 857 Ἠσαίαν
955 828 999 857 διὰ

170 875 253 901 τοῦτο
286 872 387 911 λέγειν·
404 885 418 900 ‹‹
440 874 515 901 Λέων
539 874 584 901 καὶ
609 873 728 911 σκύμνος
750 873 871 907 λὲοντος,
897 874 996 902 ἐκεῖθεν

171 916 217 945 καὶ
245 917 356 949 ἀσπίδες
380 919 424 945 καί
448 917 543 956 ἔκγονα
567 917 687 946 ἀσπίδων
714 919 857 955 πετώμενα
881 919 947 956 (lli),
971 919 997 946 οἳ
1011 924 1036 957 Β

171 960 265 1001 ἔφερον
282 961 326 989 ἐπὶ
342 960 411 990 ὄνων
427 963 472 990 καὶ
492 961 625 998 καμήλων
650 963 696 990 τὸν
719 962 838 991 πλοῦτον
865 963 963 991 αὐτῶν.
980 975 994 990 ››

170 1004 314 1034 Παιδεῦσαι
333 1005 378 1034 οὖν
395 1008 469 1043 ἡμᾶς
494 1006 660 1044 βουλόμενος
677 1007 692 1034 ὁ
705 1009 850 1047 προφήτης
879 1008 925 1039 τὰς
945 1008 994 1035 ἀν-

166 1050 322 1087 τικειμένας
348 1049 486 1088 δυνάμεις,
504 1050 549 1078 διά
571 1053 625 1079 τῶν
651 1052 752 1090 θηρίων
775 1052 928 1091 ἐγνώρισεν·
953 1052 996 1080 αἵ-

166 1104 237 1126 τινες
268 1095 447 1132 ἀντικείμεναι
486 1094 614 1132 δυνάμεις
650 1096 696 1123 τὸν
732 1096 832 1124 ἑαυτῶν
873 1097 996 1135 ὀλέθριον

167 1139 288 1167 πλοῦτον
314 1139 455 1178 ἐφόρτιζον
490 1140 540 1174 τήν
569 1138 776 1179 ἀκθρωπότητα.
800 1142 848 1173 Τίς
871 1140 901 1169 δέ
925 1142 994 1170 ἐστιν

167 1183 182 1211 6
197 1183 319 1215 πλοῦτος
343 1186 392 1212 τοῦ
418 1182 565 1219 διαϐόλου;
582 1187 611 1213 Ἠ
635 1185 726 1220 κακία,
741 1186 786 1213 καὶ
802 1187 819 1221 ἡ
842 1185 994 1215 εἰδωλολα-

165 1228 252 1265 τρεία,
269 1229 314 1256 καὶ
329 1229 347 1263 ἡ
362 1227 463 1264 ἡδονὴ,
479 1229 525 1256 καὶ
544 1230 561 1264 ἡ
578 1229 727 1268 ἀφροσύνη,
743 1230 789 1257 καὶ
812 1233 883 1258 πᾶσα
906 1232 993 1269 ἀμαρ-

165 1272 219 1300 τία.
236 1274 336 1300 Τοῦτον
366 1274 417 1311 γὰρ
444 1272 523 1301 αὐτὸν
553 1273 598 1301 τὸν
627 1273 746 1302 πλοῦτον
774 1275 791 1309 ἠ
820 1272 882 1306 ὄνος
909 1276 954 1303 καὶ
980 1276 993 1303 ὁ

168 1316 265 1348 πῶλος
277 1316 346 1345 κατᾶ
360 1316 471 1351 πολλὴν
495 1318 545 1352 τὴν
570 1317 687 1356 ἀνάγκην
713 1316 851 1355 ἐϐάσταζε,
868 1319 913 1346 καὶ
937 1318 993 1347 ἐδέ-

167 1360 228 1389 δετο
257 1364 316 1393 τοῖς
344 1363 394 1396 τῆς
425 1362 558 1400 ἁμαρτίας
588 1361 717 1399 δεσμοῖς⁸
749 1361 825 1390 οὗδὶν
863 1364 913 1402 γὰρ
942 1368 992 1399 τῆς

166 1405 300 1443 ἁμαρτίας
317 1405 464 1444 βαρύτερός
480 1405 535 1434 ἐστι
549 1416 555 1422 ·
573 1405 615 1434 διὸ
643 1407 688 1434 καὶ
718 1405 845 1444 μολίϐδῳ
873 1407 992 1437 ε’ὂιασται

165 1450 239 1489 παρὰ
268 1452 307 1486 τῷ
331 1451 469 1490 προφήτῃ.
495 1451 562 1479 Ἀπὸ
587 1450 633 1478 οὖν
661 1451 765 1479 τούτων
800 1452 923 1481 ἁπάντων
954 1454 992 1485 εἶς

164 1495 239 1531 ἡμᾶς
284 1493 468 1531 ἐπιδημήσας,
498 1494 680 1533 ἠλευθέρωσε,
722 1496 766 1524 καὶ
809 1497 993 1537 ἀποφορτίσας

162 1539 209 1567 τὸν
237 1539 346 1567 ὶκείνων
380 1539 499 1567 πλοῦτον
518 1562 525 1574 ,
553 1540 598 1567 καὶ
637 1539 719 1572 λύσας
757 1540 918 1578 ἐπεκαθέσθη
952 1546 992 1580 τῷ

1098 385 1125 413 9.
1142 386 1214 414 Cum
1231 386 1321 422 igitur
1336 387 1371 414 ad
1399 395 1451 414 nos
1479 385 1608 414 Salvator
1636 385 1723 420 venit,
1753 385 1891 421 deditque

1062 434 1147 463 nobis
1162 437 1334 470 potestatem
1351 434 1482 463 calcandi
1499 443 1587 471 super
1603 436 1752 470 serpentes
1767 436 1796 462 et
1812 442 1890 462 scor-

1062 478 1174 515 piones,
1191 482 1219 506 et
1233 488 1321 515 super
1337 487 1453 507 omnem
1470 479 1581 506 inimici
1604 481 1788 514 potestatem,
1821 481 1890 506 tunc

1061 526 1090 551 et
1107 532 1159 551 nos
1173 524 1296 551 ﬁdenter
1311 524 1438 551 dicimus
1451 532 1517 551 cum
1534 523 1678 559 Propheta
1688 531 1694 550 :
1706 535 1719 548 ‹‹
1732 523 1773 550 Ne
1787 523 1888 551 tradas

1060 572 1163 601 bestiis
1179 573 1293 600 animas
1309 572 1482 601 conﬁtentes
1499 572 1551 600 tibi
1565 572 1611 599 ⁸⁸⁸.
1624 584 1637 597 ››
1654 572 1793 600 Contrivit
1808 572 1885 599 enim

1058 617 1202 645 Dominus
1217 617 1313 653 capita
1328 617 1499 645 draconum.
1512 617 1606 649 Quare
1624 617 1764 652 Propheta
1778 616 1886 644 clamat

1058 662 1160 689 dicens
1174 671 1181 691 :
1199 674 1213 687 «ι
1224 662 1317 698 Super
1332 661 1461 697 aspidem
1478 663 1506 689 et
1521 661 1691 689 basiliscum
1706 660 1883 693 ambulabis,

1061 713 1090 739 et
1105 711 1291 739 conculcabis
1308 711 1420 739 leonem
1438 714 1465 739 et
1481 711 1636 739 draconem
1652 711 1684 738 ⁵ο.
1704 722 1714 734 ι
1742 710 1788 738 illi
1815 719 1883 747 ergo

1059 755 1139 792 pullo
1168 756 1236 783 huic
1265 755 1502 783 dominabantur.
1534 755 1666 783 Arbitror
1680 755 1758 783 enim
1777 755 1880 783 lsaiam

1058 800 1230 836 prophetam
1248 799 1312 827 ideo
1328 799 1423 827 dicere
1441 808 1447 827 :
1464 810 1477 824 ‹‹
1499 800 1551 827 Leo
1576 801 1605 827 et
1633 799 1748 827 catulus
1777 799 1879 833 leonis,

1056 849 1124 878 inde
1139 852 1168 878 et
1183 850 1311 886 aspides,
1328 852 1356 877 et
1371 848 1521 886 genimina
1535 849 1670 885 aspidum
1689 849 1879 884 volantia.qui

1056 894 1188 923 ferebant
1201 903 1290 930 super
1305 894 1403 922 asinos
1417 896 1446 921 et
1461 893 1587 921 camelos
1603 893 1720 921 divitias
1734 902 1805 922 suas
1815 895 1878 920 59‘.»

1052 943 1196 979 Propheta
1204 942 1402 979 igiturvolens
1414 951 1466 971 nos
1475 943 1594 970 edocere
1603 942 1672 978 quid
1683 942 1742 970 sint
1750 943 1877 970 adversa:

1050 995 1222 1029 potestates,
1238 993 1365 1021 ferarum
1382 991 1514 1028 exemplo
1530 988 1596 1019 illas
1611 992 1697 1019 nobis
1724 1000 1875 1027 represen-

1051 1037 1132 1065 tavit.
1157 1037 1225 1069 Onw
1240 1037 1367 1065 adversae
1383 1039 1540 1073 potestates
1556 1036 1734 1072 perniciosas
1749 1044 1818 1064 suas
1834 1037 1875 1063 di—

1050 1082 1136 1110 vitias
1151 1082 1351 1118 imposuerant
1365 1082 1494 1109 humano
1510 1081 1620 1117 generi.
1644 1081 1780 1113 Quaenam
1810 1085 1874 1108 sunt

1051 1130 1108 1158 illas
1122 1130 1231 1158 diaboli
1255 1129 1382 1157 divitias?
1405 1130 1590 1165 lmprobitas,
1607 1129 1782 1165 idololatria,
1798 1130 1875 1156 volu~

1050 1178 1127 1211 ptas,
1157 1173 1335 1210 insipientia,
1365 1177 1394 1202 et
1422 1174 1618 1210 quodcunque
1639 1176 1802 1209 peccatum.
1820 1174 1876 1201 Has

1050 1220 1129 1247 enim
1145 1218 1261 1246 divitias
1277 1219 1360 1246 asina
1375 1221 1404 1246 et
1418 1218 1495 1246 882
1512 1217 1611 1254 pullus
1626 1219 1702 1254 ejus,
1718 1227 1824 1254 magna
1852 1220 1876 1245 vi

1049 1268 1153 1302 coacti,
1183 1267 1350 1303 portabant.
1381 1275 1414 1295 ac
1428 1267 1578 1295 constricti
1592 1270 1675 1295 erant
1690 1270 1874 1303 peccatorum

1050 1312 1185 1341 vinculis.
1203 1311 1280 1340 Nihil
1296 1312 1375 1339 enim
1393 1314 1509 1348 peccato
1525 1311 1653 1347 gravius,
1670 1320 1760 1347 quare
1776 1320 1793 1339 a
1808 1320 1877 1347 pro—

1049 1357 1138 1394 pheta
1152 1356 1273 1393 plumbo
1289 1359 1485 1392 comparatur.
1502 1356 1546 1383 Ab
1563 1356 1609 1383 his
1624 1356 1723 1391 itaque
1738 1356 1875 1383 omnibus

1047 1407 1082 1434 ad
1101 1414 1154 1434 nos
1170 1406 1369 1442 peregrinatus
1384 1405 1527 1433 Dominus
1544 1413 1596 1432 nos
1619 1405 1762 1439 liberavit,
1787 1406 1875 1440 atque

1048 1451 1161 1485 abiecto
1177 1450 1226 1478 illo
1243 1450 1412 1478 divitiarum
1428 1448 1684 1485 onere,solutoque
1694 1448 1875 1485 pullo,super

1047 1509 1114 1529 eum
1132 1499 1218 1528 sedit.
1236 1499 1431 1533 Quamobrem
1447 1498 1583 1534 discipuli
1600 1497 1737 1533 injiciunt
1752 1498 1781 1525 in
1806 1506 1872 1525 eum

1047 1545 1181 1582 quaedam
1197 1552 1231 1572 ex
1246 1543 1439 1576 vestimentis,
1455 1542 1513 1571 alia
1527 1543 1555 1570 in
1572 1542 1618 1570 via
1632 1544 1778 1570 sternunt.

163 1584 264 1621 πώλῳ.
292 1584 339 1611 Διὸ
367 1584 412 1611 καὶ
441 1585 467 1611 οἱ
500 1585 617 1621 μαθηταὶ
648 1584 788 1623 ῥίπτουσιν
816 1586 858 1614 ἐπ’
886 1587 965 1616 αὐτόν
1000 1600 1059 1617 τινα
1094 1591 1148 1616 τῶν
1187 1587 1314 1624 ἱματίων,
1344 1587 1405 1615 τινὰ
1433 1586 1462 1614 δὲ
1488 1587 1533 1615 καὶ
1569 1586 1816 1624 ὑποστρωννύουσιν
1848 1586 1872 1613 ἐν

164 1630 200 1666 τῇ
215 1627 282 1664 ὁδῷ.

199 1673 243 1701 10.
260 1675 349 1700 Ταῦτα
372 1671 400 1700 δέ
424 1673 475 1700 ιίσι
496 1672 530 1701 τὰ
553 1673 635 1708 ἠθικὰ
658 1673 828 1712 παιδεύματα
856 1676 893 1707 ὡς
922 1687 990 1715 προ-

1084 1679 1127 1706 10.
1157 1678 1223 1706 Hinc
1253 1685 1338 1713 porro
1366 1679 1436 1704 sunt
1464 1676 1587 1705 moralia
1616 1677 1801 1707 documenta.
1833 1677 1874 1703 uti

164 1717 289 1753 ιίπαμεν.
306 1716 450 1755 Χαίρουσιν
479 1718 508 1745 οἱ
535 1718 653 1754 μαθηταὶ
678 1720 765 1757 χαρὰν
797 1720 930 1757 μεγάλης·
946 1721 991 1749 καὶ

161 1762 212 1799 γὰρ
236 1761 304 1789 κατᾶ
331 1761 460 1797 ἀλήθειαν
484 1765 572 1800 χαρᾶς
606 1762 676 1790 ἐστιν
700 1762 772 1799 ἄξιον
799 1764 923 1802 μεγάλης
947 1765 991 1793 ἰπὶ

162 1805 273 1837 τούτοις
297 1808 387 1841 πᾶσιν,
405 1807 446 1837 οἷς
465 1807 479 1834 ὁ
495 1807 602 1841 Ἰησοῦς
628 1807 800 1845 ἐπιδημήσας
827 1809 991 1848 εὐηργέτησε

162 1850 213 1883 τήν
250 1849 468 1887 ἀνθρωπότητα.
499 1850 728 1888 Ἐπιμεληθῶμεν
759 1852 804 1880 οὖν
833 1854 878 1881 καὶ
907 1855 990 1891 ἡμεῖς

161 1896 217 1921 τῶν
239 1897 289 1929 τῆν
315 1893 433 1926 διανοίας
458 1894 618 1934 ὀφθαλμῶν,
634 1897 678 1924 καὶ
699 1898 841 1934 γινώμεθα
872 1899 990 1935 μαθηταὶ

159 1941 212 1973 τῆς
241 1938 357 1977 σοφίας,
386 1939 460 1970 ὅπως
491 1938 591 1976 ἴδωμεν
620 1941 668 1973 τὰς
698 1940 823 1978 δυνάμεις
858 1944 905 1975 τὰς
932 1944 990 1971 καθ’

158 1981 275 2018 ἑκάστην
301 1982 372 2021 ὥραν
400 1982 577 2016 διακονούσας
601 1985 641 2021 τῷ
661 1986 754 2021 Ἰησοῦ
772 2008 778 2014 .
809 1986 988 2022 Τηλικούτων

158 2026 207 2054 οὖν
238 2027 344 2065 ἀγαθῶν
374 2028 603 2064 καταξιωθέντες,
634 2029 776 2068 χαίρωμεν
812 2031 855 2058 καί
886 2032 987 2068 ἡμεῖς.

157 2071 303 2110 Χαίρωμεν
328 2072 373 2099 καὶ
400 2073 482 2108 ἡμεῖς
507 2074 593 2112 χαρὰν
618 2073 753 2112 μεγάλην,
770 2074 839 2103 διότι
855 2076 988 2113 κατηξίω-

156 2126 203 2144 σεν
219 2116 233 2142 ὁ
249 2116 346 2154 Κύριος
375 2117 420 2144 καὶ
450 2118 550 2156 Σωτὴρ
580 2119 661 2155 ἡμῶν
685 2120 778 2147 παθεῖν
796 2120 862 2157 ὑπὲρ
893 2121 986 2157 ήμῶν.

157 2159 273 2195 ’Δνὲστη
298 2161 350 2199 γὰρ
377 2162 528 2200 τριήμερος
556 2162 586 2190 ἐκ
614 2165 667 2191 τῶν
697 2167 811 2202 νεκρῶν,
839 2164 986 2196 σκυλεύσας

154 2205 206 2232 τὸν
231 2202 310 2241 ᾅδην,
334 2205 381 2233 τὸν
409 2205 507 2244 ἐχθρὸν
536 2209 737 2243 καταπατήσας,
762 2212 811 2244 τῆς
836 2206 986 2244 θλιϐούσης

156 2250 236 2286 ἡμᾶς
255 2249 388 2287 ἁμαρτίας
412 2251 445 2278 τὰ
469 2249 556 2287 δεσμᾶ
579 2250 736 2291 διαῤῥήεας.
754 2253 804 2280 me
828 2253 872 2281 καὶ
893 2266 907 2279 ‹‹
924 2264 985 2281 συν-

155 2294 268 2332 ήγειρεν
292 2295 376 2330 ἡμᾶς,
393 2295 437 2322 καί
463 2295 633 2328 συνεκάθισεν
657 2296 682 2324 ἐν
707 2300 766 2328 τοῖς
782 2297 954 2336 ἐπουρανίοις
971 2310 985 2323 ››

155 2338 185 2365 ἂν
210 2336 281 2374 δεξιᾷ
307 2342 357 2373 τῆς
388 2338 575 2377 μεγαλοσύνης
600 2343 648 2368 τοῦ
676 2342 890 2379 Πατρός.”’οπου
914 2342 984 2380 πρό-

156 2381 264 2420 δρομος
280 2382 346 2421 ὑπὲρ
367 2384 447 2420 ἡμῶν
472 2384 586 2419 ἀνῆλθεν
611 2384 691 2416 αὐτὸς
707 2386 721 2413 ὁ
737 2386 862 2423 Χριστὸς,
876 2386 985 2414 αἰωνίαν

156 2425 296 2470 λύτρωσιν
326 2428 485 2464 εὖραμενος.
503 2427 630 2466 Εἷ¹πωμεν
662 2428 707 2457 οὖν
738 2429 782 2458 καὶ
798 2430 879 2467 ἡμεῖς
908 2432 984 2470 φωνῇ

158 2469 276 2508 μεγάλῃ·
294 2484 308 2497 (ί
333 2472 445 2500 Ὡσαννά
469 2473 495 2500 tv
521 2476 580 2504 τοῖς
606 2473 739 2510 ὑψίστοις,
762 2473 948 2512 εὐλογημὲνος
971 2476 985 2502 ὁ

157 2515 310 2553 ιρχόμενος
331 2516 358 2544 ἐν
376 2516 490 2553 ὀνόματι
516 2517 623 2555 Κυρίου.
643 2530 656 2543 n
675 2520 909 2556 [Ιροσκυνήσωμεν
939 2519 984 2547 οὖν

157 2560 270 2597 Πατέρα
283 2561 329 2589 σὺν
351 2561 406 2598 ι’ἱῷ
431 2562 475 2590 καί
498 2562 568 2600 ἁγίῳ
593 2562 742 2599 [Ηεὺματι.
767 2567 839 2601 τρεῖς
871 2563 984 2591 ὑποστά-

157 2614 216 2635 σεις
240 2605 429 2642 κηρύττοντες,
454 2607 515 2643 μίαν
538 2608 653 2643 θεότητα
677 2608 890 2646 ὁμολογοῦντες.
907 2609 985 2647 ’Δρι-

1002 2365 1025 2397 D

1047 1731 1137 1759 supra
1152 1722 1290 1750 diximus.
1307 1721 1440 1749 Gaudent
1455 1720 1592 1757 discipuli
1608 1721 1716 1757 gaudio
1741 1728 1846 1756 magno
1867 1730 1872 1747 :

1047 1776 1115 1796 nam
1143 1774 1243 1795 revera
1264 1766 1405 1794 beneﬁcia
1421 1765 1470 1793 illa
1487 1765 1585 1793 omnia
1601 1766 1707 1801 quibus
1721 1765 1809 1792 Jesns
1821 1766 1873 1791 ad-

1045 1812 1166 1840 veniens
1181 1810 1276 1838 atl'ecit
1292 1810 1453 1838 humanum
1470 1818 1683 1846 genus,magno
1699 1812 1768 1836 sunt
1785 1809 1872 1844 digna

1045 1855 1302 1893 gaudio.Studiose
1318 1856 1415 1890 itaque
1432 1863 1484 1882 nos
1495 1862 1632 1882 curemus
1645 1853 1751 1881 mentis
1760 1852 1870 1885 oculos,

1045 1901 1198 1935 simusque
1214 1899 1365 1935 sapientiae
1381 1897 1566 1934 discipuli.ut
1580 1897 1704 1925 virtutes
1719 1897 1871 1924 videamus

1045 1953 1107 1981 quae
1124 1944 1250 1980 singulis
1266 1943 1345 1970 horis
1362 1943 1485 1970 Domino
1498 1943 1564 1970 .Iesu
1592 1941 1771 1968 ministrant.
1797 1941 1868 1968 Cum

1043 1989 1134 2018 tantis
1149 1988 1248 2024 itaque
1259 1987 1342 2015 bonis
1354 1987 1452 2015 donati
1465 1986 1755 2021 simus,gaudeamus
1768 1988 1796 2012 et
1807 1993 1869 2013 nos.

1044 2033 1241 2064 Gaudeamus.
1253 2032 1385 2067 inquam,
1395 2030 1503 2067 gaudio
1519 2029 1715 2066 magno,quia
1729 2029 1871 2057 Dominus

1042 2080 1072 2105 et
1086 2077 1218 2105 Salvator
1233 2079 1334 2104 noster
1347 2084 1398 2111 pro
1411 2075 1497 2103 uobis
1511 2074 1571 2110 pati
1584 2074 1723 2110 dignatus
1738 2076 1791 2101 est.
1804 2075 1871 2100 Sur-

1042 2121 1118 2150 rexit
1131 2121 1208 2149 enim
1225 2120 1310 2148 tertia
1326 2120 1372 2147 die
1388 2128 1422 2147 ex
1451 2119 1588 2151 mortuis.
1617 2118 1770 2154 expoliatis
1799 2119 1871 2145 ἰοῖσ-

1042 2166 1094 2199 ris,
1124 2166 1208 2193 hoste
1236 2164 1416 2199 conculcato,
1433 2164 1559 2200 diruptis
1575 2163 1685 2199 peccati
1702 2171 1755 2190 nos
1772 2164 1871 2198 oppri-

1042 2210 1148 2239 mentis
1162 2209 1296 2237 vinculis.
1313 2209 1495 2245 Quapropter
1513 2217 1564 2236 nos
1587 2220 1600 2232 u
1624 2207 1869 2235 conresuscitavit

1040 2257 1068 2283 et
1083 2255 1240 2283 consedere
1256 2254 1323 2282 fecit
1340 2254 1368 2281 in
1386 2253 1556 2281 ccelestibus
1566 2253 1590 2270 "°
1602 2264 1615 2277 »
1631 2252 1660 2279 in
1676 2253 1793 2280 dextera
1808 2261 1869 2279 nm—

1035 2299 1153 2335 jestatis
1172 2299 1271 2327 Patris.
1288 2298 1349 2330 Quo
1366 2298 1500 2326 Christus
1516 2305 1678 2333 prmcursor
1707 2305 1757 2332 pro
1787 2298 1869 2324 nobis

1040 2343 1295 2377 ascendit,aeterna
1313 2342 1513 2378 redemptione
1528 2341 1797 2369 inventa.Dicamus
1813 2342 1867 2368 ita-

1042 2397 1098 2425 que
1113 2391 1141 2416 et
1158 2396 1211 2416 nos
1227 2387 1285 2415 alta
1299 2395 1367 2415 voce
1386 2396 1392 2414 :
1412 2397 1426 2412 ‹‹
1441 2386 1579 2414 Hosanna
1594 2385 1621 2413 in
1638 2385 1771 2418 excelsis,
1784 2386 1867 2413 bene-

1040 2432 1138 2460 dictus
1153 2432 1202 2468 qui
1219 2431 1297 2459 venit
1312 2432 1340 2458 in
1358 2431 1475 2459 nomine
1490 2429 1606 2458 Domini
1620 2430 1666 2458 "°'.
1679 2441 1692 2455 n
1706 2430 1866 2457 Adoremus

1040 2484 1109 2513 ergo
1125 2477 1238 2504 Patrem
1256 2484 1321 2503 cum
1340 2475 1410 2503 Filio
1426 2477 1453 2503 et
1465 2477 1567 2502 sancto
1582 2474 1702 2511 Spiritu,
1729 2476 1786 2502 tres
1816 2475 1867 2510 hy-

1040 2523 1172 2557 postases
1200 2521 1400 2556 praedicantes,
1426 2528 1513 2547 unam
1531 2519 1668 2547 deitatem
1684 2519 1866 2547 conﬁtentes.

1039 2565 1198 2600 Virtutem,
1215 2564 1323 2598 dilecti,
1340 2564 1502 2604 eligamus;
1519 2564 1632 2591 labores
1648 2564 1713 2599 ejus
1728 2572 1818 2591 causa
1834 2565 1867 2591 Ii»

1040 2610 1142 2638 benter
1157 2608 1579 2646 suscipiamus,continentiam
1595 2616 1866 2644 exerceamus,pau—

197 2730 233 2747 ⁸⁸·
249 2731 325 2759 Psal.
343 2739 459 2765 unm,
478 2732 520 2761 19,
557 2733 580 2750 ⁸⁸
596 2733 671 2763 Psal.
686 2742 732 2768 xc,
749 2735 792 2762 13.
829 2736 863 2753 εν
878 2735 934 2764 Isa.
951 2744 992 2763 xx:

1049 2749 1060 2763 ι.
1099 2736 1121 2753 ⁷ο
1134 2735 1239 2771 Ephes.
1257 2744 1287 2768 ιι,
1302 2735 1330 2763 6.
1368 2735 1402 2751 ⁷ο·
1419 2734 1521 2762 Matth.
1537 2742 1595 2767 xu,
1610 2733 1636 2761 9.

196 2841 254 2879 (14)
270 2841 442 2879 Πετωμενων
459 2841 547 2872 habet
561 2843 631 2876 edit.
648 2843 728 2887 LX.X.
