4102 6218
335 355 358 411 1
372 353 488 412 047

1510 344 1572 404 S.
1618 345 2139 407 ATHANASIUS.
2178 377 2254 390 —
2285 349 2593 409 SPURIA.

3584 349 3742 411 1048

332 501 537 557 perum
570 482 963 539 recordemur.
992 482 1077 536 Ita
1103 479 1257 536 enim
1284 480 1566 551 viventes,
1589 479 1985 535 hereditatem

2106 480 2197 548 τὴν
2226 482 2679 555 προτιμήσωμεν,
2711 480 3008 555 ἀγαπητοὶ,
3034 481 3125 536 καὶ
3170 480 3298 544 τοὺς
3355 480 3488 557 ὑπὶρ
3542 483 3742 555 ταύτης

330 574 497 646 regni
530 572 810 628 ccslorum
841 585 1292 641 consequemur,
1325 568 1383 623 in
1414 568 1641 625 Christo
1673 569 1813 624 Jesu
1872 569 1983 625 Do-

335 664 497 719 mino
529 666 752 726 nostra,
785 660 880 715 cui
910 658 1095 731 gloria
1125 668 1180 713 et
1206 658 1519 730 imperium
1552 659 1609 714 in
1642 657 1858 714 saecula
1885 674 1988 714 sa:-

336 754 627 809 culorum.
662 755 868 805 Amen.

2096 567 2295 631 πόνους
2343 570 2601 632 ἑκουσίως
2674 571 3077 644 ἆσπασώμεθα·
3132 570 3445 646 ἐγκράτειαν
3494 571 3743 642 ἀσκήσω-

2100 677 2217 730 μεν·
2267 664 2375 714 τῶν
2436 664 2674 736 πτωχῶν
2737 659 3226 733 μνημονεύσωμεν.
3286 659 3444 718 Οὕτω
3501 662 3605 738 γὰρ
3661 660 3746 717 δι-

2096 747 2344 821 άγοντες,
2392 748 2482 803 καὶ
2536 747 2810 824 βασιλείαν
2857 748 3099 824 οὐρανῶν
3142 747 3637 824 κληρονομήσομεν
3691 750 3741 806 ὲν

339 844 556 916 Χριστῷ
588 840 766 908 Ἰησοῦ
794 842 874 909 τῷ
906 835 1090 909 Κυρίῳ
1120 838 1303 909 ἡμῶν,
1337 836 1383 908 ᾧ
1413 838 1447 905 ἡ
1482 832 1608 906 δόξα
1634 835 1723 891 καὶ
1747 836 1810 891 τὸ
1839 836 2034 912 κράτος
2069 837 2143 899 εἰς
2172 837 2298 899 τοὺς
2326 838 2525 901 αῗῶνας
2556 843 2663 894 τῶν
2694 838 2925 896 αἶ’ώνων.
2958 840 3155 912 Ἀμήν.

1328 1120 1400 1175 ΙΝ
1441 1120 1876 1185 SEQUENTEM
1918 1119 2279 1178 HOMILIAM
2318 1121 2745 1179 ADMONITIO.

412 1254 572 1306 Hanc
595 1251 760 1320 putat
788 1247 1101 1302 Holstenius
1131 1246 1427 1302 Athanasii
1479 1261 1612 1315 esse,
1671 1247 1726 1300 in
1780 1261 1951 1317 eaque
1977 1261 2037 1301 se
2088 1244 2458 1302 Alhanasiani
2500 1247 2637 1319 styli
2690 1256 2866 1313 notas,
2932 1247 3157 1317 scilicet,
3204 1246 3266 1300 τὸ
3315 1242 3482 1321 δριμῦ
3536 1246 3624 1300 καὶ
3687 1247 3750 1300 τὸ

347 1336 651 1412 ἀπέριττον,
682 1354 713 1391 a
779 1336 975 1392 Photio
1006 1338 1321 1391 observatas
1346 1336 1590 1406 reperire
1617 1334 1951 1389 arbitratur.
1984 1335 2049 1389 At
2081 1336 2261 1404 nobis,
2296 1337 2375 1391 ita
2404 1338 2625 1391 variant
2646 1337 2956 1408 opiniones,
2985 1342 3195 1407 praeter
3225 1351 3425 1391 nomen
3458 1336 3609 1391 nihil
3657 1336 3751 1392 hic

336 1427 549 1483 videtur
605 1425 1069 1481 Athanasianum.
1132 1426 1276 1480 Licet
1304 1426 1452 1480 enim
1480 1440 1587 1480 non
1622 1425 1900 1495 inelegans
1927 1426 2001 1479 sit
2029 1426 2147 1482 haec
2175 1426 2423 1494 homilia,
2456 1430 2513 1480 at
2541 1426 2772 1481 minime
2801 1427 2970 1493 refert
2992 1424 3156 1480 illam
3187 1426 3480 1480 Athanasii
3508 1426 3756 1493 gravita-

341 1525 465 1587 tem,
496 1524 553 1571 et
580 1516 829 1571 nativam
859 1515 1251 1587 eloquentiam.
1282 1518 1403 1571 Ima
1434 1529 1556 1569 vero
1586 1515 1835 1584 fucatam
1864 1519 1941 1569 est
1973 1516 2247 1571 orationis
2271 1530 2463 1585 genus,
2494 1516 2586 1570 cui
2612 1517 2781 1571 etiam
2840 1513 3100 1570 nonnihil
3155 1514 3432 1570 interdum
3487 1515 3633 1570 salis
3691 1530 3758 1570 ac

334 1604 536 1675 iudicii
565 1604 750 1661 deesse
780 1603 1136 1677 deprehendet
1165 1608 1358 1659 acutus
1394 1602 1581 1660 lector.

1507 1847 1638 1903 ΤΟΥ
1676 1851 1762 1901 ΕΝ
1804 1848 2034 1904 ΑΓΙΟΙΣ
2076 1850 2343 1902 ΠΑΤΡΟΣ
2388 1850 2581 1901 ΗΜΩΝ

1699 1996 2427 2093 ΑΘΑΝΑΣΙΟΥ

786 2171 902 2227 ΕΙΣ
943 2175 1077 2226 ΤΗΝ
1115 2172 1319 2228 ΑΓΙΑΝ
1362 2175 1688 2227 ΗΕΜΠΤΗΝ
1729 2172 1849 2226 ΚΑΙ
1888 2175 2002 2224 ΕΙΣ
2040 2174 2173 2225 ΤΗΝ
2217 2168 2611 2225 ΠΡΟΔΟΣΙΑΝ
2649 2172 2773 2222 ΤΟΥ
2813 2168 3015 2225 ΙΟΥΔΑ
3054 2167 3298 2224 ΛΟΓΟΣ.

645 2632 940 2698 SERMO
980 2632 1080 2695 IN
1118 2630 1532 2696 SANCTAM
1573 2630 1959 2707 ΟΗΙΝΤΑΜ
2001 2629 2339 2692 FERIAM
2375 2629 2502 2691 ET
2538 2626 3139 2691 PRODITIONEM
3176 2625 3461 2690 JUD/E.

423 2912 475 2967 4.
509 2911 829 2968 Salvatoris
873 2911 1056 2969 nostri
1116 2910 1333 2983 passio,
1392 2911 1727 2967 Judaeorum
1783 2909 1995 2979 luctus,

2179 2907 2233 2963 1.
2265 2910 2371 2961 Τοῦ
2404 2912 2662 2981 Σωτῆρος
2691 2905 2758 2959 τὰ
2786 2902 2955 2973 πάθη,
2990 2901 3183 2965 πένθος
3217 2902 3310 2974 μὲν
3341 2898 3644 2970 Ἰουδαίων,
3676 2902 3734 2957 εὐ

355 3002 621 3056 Ecclesiae
653 3000 851 3055 laetitia
881 3006 973 3056 est
1006 3016 1019 3055 :
1053 2999 1170 3055 illis
1200 3000 1416 3071 quippe
1446 2999 1863 3063 calamitatem,
1893 3016 2001 3053 no-

352 3089 442 3144 bis
472 3089 750 3161 gaudium
786 3089 1043 3159 peperit;
1076 3088 1208 3143 illos
1240 3093 1425 3143 morte
1452 3088 1773 3155 damnavit,
1829 3088 1998 3142 nobis

347 3178 471 3233 dies
502 3179 680 3233 festos
712 3178 1154 3249 paravit.Hodie
1178 3177 1433 3232 Judaicze
1466 3176 1856 3249 improbitatis
1888 3182 1999 3231 ter-

343 3267 540 3322 minus
571 3270 905 3337 compertus
937 3273 1117 3333 est,ac
1151 3265 1460 3321 Dominicis
1492 3265 1883 3320 beneﬁcentiae
1914 3264 1999 3319 lu-

343 3372 525 3411 cernae
557 3371 811 3410 accensae
842 3360 1000 3409 sunt.
1032 3355 1211 3409 Hodie
1242 3354 1299 3409 in
1334 3354 1548 3426 angulo
1604 3370 1768 3409 ccsna
1827 3371 1995 3425 para-

342 3450 458 3511 tur,
519 3448 575 3499 et
631 3442 906 3498 universo
940 3443 1065 3497 orbi
1099 3459 1303 3498 mensa
1333 3443 1670 3497 instruitur.
1704 3446 1835 3496 Hec
1868 3443 1994 3498 dies

344 3533 598 3590 caelestis
628 3532 741 3588 cibi
771 3532 993 3604 spicam
1025 3531 1336 3603 pullulavit
1367 3549 1379 3585 :
1415 3531 1588 3587 hodie
1618 3530 1845 3603 lignum
1895 3548 1994 3585 vo-

342 3622 583 3692 luptatis
612 3622 759 3678 citra
789 3620 1114 3693 periculum
1146 3621 1322 3676 homo
1373 3625 1694 3676 contrectat
1750 3638 1763 3675 :
1824 3621 1995 3676 hodie

342 3711 759 3783 mysteriorum
790 3710 1102 3766 thesaurus
1134 3708 1641 3765 reseraturzhodie
1671 3726 1803 3765 esca
1831 3727 1996 3781 para-

340 3808 438 3857 tur
466 3799 1160 3873 apostolis,beatitudinis
1189 3814 1397 3869 nempe
1428 3797 1598 3869 panis
1623 3814 1635 3852 :
1671 3797 1843 3853 hodie
1873 3798 1991 3870 spi-

341 3889 575 3945 ritualis
631 3888 879 3944 convivii
933 3886 1226 3959 perceptio
1258 3886 1493 3941 initium
1526 3888 1747 3959 accepit
1779 3905 1791 3941 :
1824 3886 1994 3942 hodie

344 3980 559 4034 dicitur
586 3978 731 4033 illud
768 3994 781 4033 :
816 3999 845 4027 «
879 3976 1651 4047 Accipite,manducate,hoc
1673 3981 1762 4031 est
1782 3992 1994 4047 corpus

347 4083 541 4123 meum
572 4069 643 4121 τι.
687 4088 714 4116 ››
747 4066 989 4121 Crucem
1025 4081 1382 4136 praeoccupo,
1418 4065 1713 4135 portiones
1773 4066 1989 4132 divido,

349 4156 500 4210 383
532 4154 923 4210 venditionem
954 4158 1117 4208 tuam
1150 4158 1501 4219 anteverto,o
1531 4154 1992 4223 Juda,eﬂ‘usione

347 4243 675 4316 sanguinis,
699 4258 875 4313 quem
898 4247 959 4297 tu
992 4244 1237 4298 vendere
1269 4259 1439 4314 paras
1472 4259 1485 4299 :
1519 4250 1575 4298 te
1602 4260 1997 4316 preoccupans

346 4332 530 4403 gratis
562 4331 890 4398 distribuo;
923 4347 1115 4386 meum
1149 4332 1421 4403 quippe,o
1450 4331 1840 4403 Juda,corpus
1872 4339 1994 4387 est:

344 4427 512 4476 tuum
547 4425 741 4475 autem
775 4424 864 4475 est
896 4419 1095 4475 osculo
1123 4420 1317 4491 ipsum
1349 4421 1597 4476 vendere
1631 4438 1643 4475 :
1680 4437 1875 4476 meum
1908 4425 1999 4477 est

344 4527 491 4580 opus
522 4509 771 4565 salutem
792 4526 894 4581 per
919 4509 1268 4580 sanguinem
1292 4510 1691 4577 atferre;tuum
1715 4513 1803 4565 est
1824 4527 1993 4581 opus,

347 4598 655 4671 sanguinis
707 4597 1054 4653 nundinatio
1112 4597 1245 4652 Lavi
1280 4598 1457 4668 pedes
1488 4600 1620 4652 tuos
1651 4598 1721 4652 ad
1754 4615 1994 4655 cursum

347 4694 551 4744 contra
578 4704 669 4742 me
699 4687 1139 4759 suscipiendum
1174 4686 1537 4741 festinantes.
1600 4686 1807 4741 Manus
1865 4693 1999 4743 tuas

346 4776 629 4832 miracula
683 4777 854 4832 edere
907 4775 1099 4843 docui,
1132 4774 1487 4830 venditionis
1519 4790 1659 4829 mea:
1685 4776 1868 4847 pretio
1898 4776 1998 4831 de-

345 4882 601 4938 pressas.
638 4865 918 4936 Accipite,
953 4865 1259 4926 comedite,
1293 4864 1634 4919 antevertite
1683 4865 1999 4935 proditoris

346 4953 703 5011 celeritatem
739 4970 751 5008 :
786 4971 890 5009 esu
941 4954 1157 5009 vincite
1189 4954 1603 5010 venditionem.
1639 4954 1766 5010 Non
1799 4954 1999 5010 differo

348 5045 565 5099 donum
600 5042 931 5116 passionem
964 5048 1326 5114 exspectans,
1360 5060 1474 5097 non
1508 5059 1702 5099 moror
1738 5043 1997 5112 donum;

346 5150 524 5205 prope
556 5148 811 5202 namque
841 5136 929 5188 est
962 5132 1235 5187 venditio.
1272 5131 1601 5204 Impatibile
1628 5149 1840 5203 corpus
1871 5138 1997 5188 est:

348 5221 806 5296 impatibilitatis
837 5221 1271 5276 comedentium
1302 5222 1375 5276 do
1406 5221 1804 5277 testimonium
1830 5240 1841 5277 :
1865 5240 2001 5293 pra:-

345 5314 512 5370 venio
543 5312 822 5368 dentibus
851 5311 1189 5366 Judzeorum
1224 5310 1744 5382 phalangamzdum
1770 5328 1997 5367 crucem

419 5494 463 5529 τί
499 5490 703 5548 Matth.
738 5505 890 5558 xxvx,
916 5489 1008 5545 26.

427 5672 542 5746 (15)
574 5671 716 5745 Reg.
748 5667 1036 5745 ἀνάγηται.

2113 2994 2354 3073 φροσύνη
2409 2992 2465 3049 δὲ
2510 3002 2608 3063 τῆς
2655 2991 2997 3063 Ἐκκλησίας·
3050 2990 3276 3053 ἐκείνοις
3318 2992 3412 3063 μὶν
3465 2992 3567 3066 γὰρ
3618 3012 3762 3063 συμ-

2112 3085 2302 3163 φορὰν,
2338 3086 2474 3156 ἡμῖν
2526 3080 2583 3137 δέ
2628 3081 2800 3158 χαρὰν
2853 3080 3227 3154 ἀπεγέννησεν·
3262 3078 3497 3141 ἐκείνους
3546 3081 3760 3152 θανάτῳ

2106 3175 2437 3248 κατέχρισεν,
2470 3174 2603 3244 ἡμῖν
2638 3169 2695 3225 δὲ
2724 3170 2911 3245 ἑορτὰς
2969 3169 3306 3244 προεξένησε.
3350 3170 3603 3241 Σήμερον
3654 3174 3757 3237 τῆς

2106 3260 2409 3331 Ἰουδαϊκῆς
2475 3261 2740 3336 πονηρίας
2795 3260 2856 3314 τὸ
2915 3257 3079 3333 πέρας
3152 3257 3434 3333 ἠλέγχθη,
3492 3257 3583 3312 καὶ
3651 3264 3754 3326 τῆς

2106 3349 2433 3421 δεσποτικῆς
2458 3347 2760 3426 εὐεργεσίας
2788 3348 2877 3403 καὶ
2899 3349 2952 3402 αἱ
2981 3343 3264 3420 λαμπάδες
3286 3346 3625 3424 ἀνήφθησαν.
3648 3348 3757 3416 Σή-

2108 3461 2269 3514 μερον
2302 3439 2353 3495 ἐν
2386 3440 2559 3514 γωνίᾳ
2589 3437 2802 3493 δεῖπνον
2834 3436 3167 3506 σκευάζεται,
3199 3436 3286 3491 καὶ
3450 3434 3749 3510 οἰκουμένῃ

2104 3530 2308 3607 γίνεται
2339 3530 2594 3606 τράπεζα·
2628 3530 2866 3602 σήμερον
2898 3534 3000 3597 τῆς
3028 3525 3280 3602 οὐρανίου
3325 3531 3535 3603 τροφῆς
3589 3523 3751 3579 ἄστα-

2103 3640 2206 3695 χυν
2234 3615 2552 3689 ἐϐλάστησε·
2588 3620 2827 3693 σήμερον
2854 3620 2951 3671 τοῦ
2982 3615 3146 3687 ξύλου
3195 3621 3294 3685 τῆς
3339 3621 3550 3693 τρυφῆς
3601 3613 3751 3668 ἀκιν-

2104 3707 2279 3771 δύνως
2335 3705 2620 3783 ἄνθρωπος
2678 3709 2918 3762 ἅπτεται·
2979 3707 3219 3780 σήμερον
3267 3709 3374 3759 τῶν
3439 3703 3756 3777 μυστηρίων

2102 3797 2370 3874 ἀνοίγεται
2422 3800 2534 3871 (15)
2585 3794 2892 3871 θησαυρός·
2952 3796 3193 3870 σήμερον
3253 3795 3453 3870 βρῶσις
3515 3791 3758 3847 ἀποστό-

2103 3886 2224 3948 λοις
2256 3886 2643 3962 εὐτρεπίζεται,
2688 3883 3090 3959 μακαριότητος
3139 3882 3319 3958 ἄρτος·
3354 3885 3601 3955 σήμερον
3659 3888 3763 3951 τῆς

2100 3982 2471 4049 πνεδματικῆς
2504 3974 2741 4051 εὐωχίας
2772 3973 3071 4035 ἀπόλαυσις
3122 3970 3367 4048 ἄρχεται·
3404 3972 3643 4045 σήμερον
3698 3970 3761 4024 τὸ

2106 4091 2128 4117 ι
2164 4060 2386 4130 Λάϐετε,
2422 4064 2632 4142 φάγετε,
2661 4061 2823 4119 τοῦτό
2874 4084 2978 4136 μου
3025 4061 3137 4116 ἐστὶ
3182 4061 3244 4115 τὸ
3296 4064 3475 4133 σῶμα.
3527 4084 3554 4110 ››
3611 4064 3762 4131 Προ-

2105 4150 2371 4228 λαμϐάνω
2402 4154 2489 4209 τὸν
2536 4153 2785 4228 σταυρὸν,
2820 4149 3119 4225 διαμιρίζω
3148 4150 3213 4205 τὰ
3263 4147 3429 4221 μέλη,
3465 4145 3763 4224 προφθάνω

2107 4265 2203 4298 σου
2258 4243 2356 4312 τὴν
2420 4248 2634 4316 πρᾶσιν,
2668 4237 2863 4308 Ἰούδα,
2894 4244 2963 4313 τῇ
3024 4238 3241 4314 ἐκχύσιι
3289 4241 3387 4292 τοῦ
3438 4234 3693 4309 αἵματος,
3725 4234 3761 4290 ὅ

2107 4334 2428 4408 πιπράσκειν
2480 4329 2697 4407 βούλῃ·
2747 4324 3155 4405 προλαμϐάνων
3223 4322 3561 4402 χαρίζομαι·
3625 4322 3759 4397 ἐμὸν

2104 4420 2204 4497 γάρ
2258 4420 2421 4491 ἐστιν,
2452 4417 2650 4487 Ἰούδα,
2681 4419 2743 4474 τὸ
2793 4423 2969 4490 σῶμα·
3006 4421 3101 4472 σοῦ
3152 4414 3210 4471 δὲ
3265 4417 3327 4470 τὸ
3376 4413 3637 4483 πωλῆσαι
3670 4434 3764 4491 φι-

2108 4510 2336 4582 λήματι·
2374 4508 2513 4581 έμοῦ
2540 4505 2698 4583 ἔργον
2732 4510 2765 4577 ἡ
2802 4505 2890 4562 διὰ
2936 4504 3166 4579 αἵματος
3221 4502 3465 4579 σωτηρία
3490 4524 3501 4534 ·
3556 4502 3652 4556 σὸν
3701 4498 3764 4556 δὲ

2106 4597 2259 4674 ἔργον
2300 4600 2335 4667 ἡ
2385 4602 2485 4652 τοῦ
2532 4595 2762 4669 α’ίματος
2817 4594 3072 4669 ἐμπορία.
3107 4593 3305 4667 ’Ἐνιψά
3352 4613 3447 4647 σου
3489 4591 3618 4652 τοὺς
3668 4589 3770 4644 πό-

2108 4685 2221 4757 δας,
2274 4687 2349 4748 εἷς
2404 4687 2493 4741 τὸν
2538 4687 2656 4742 κατ’
2709 4683 2843 4758 έμοῦ
2893 4681 3097 4759 δρόμον
3159 4684 3464 4758 ὁρμῶντας.
3516 4676 3767 4749 Ἐδίδαξα

2108 4781 2297 4851 χεῖρας
2329 4780 2784 4851 θαυματουργεῖν,
2813 4772 2893 4846 τῷ
2919 4779 3018 4842 τῆς
3066 4772 3203 4845 ἐμῆς
3250 4770 3496 4846 πράσεως
3541 4769 3765 4823 κοιλαι-

2107 4863 2337 4937 νομένας
2369 4865 2502 4937 τιμή
2515 4885 2664 4937 ματι.
2698 4857 2922 4932 Λάϐετε,
2955 4861 3164 4940 φάγετε·
3204 4853 3617 4935 προλαμϐάνετε
3647 4858 3767 4930 (16)

2106 4956 2205 5021 τήν
2228 4958 2325 5008 τοῦ
2357 4951 2630 5028 προδότου
2675 4951 2977 5027 ταχύτητα·
3014 4952 3270 5020 νικήσατε
3313 4949 3411 5016 τὴν
3445 4954 3639 5024 πρᾶσιν
3690 4949 3765 5021 τῇ

2114 5045 2333 5119 βρώσει.
2367 5042 2440 5097 Οὐ
2489 5036 2837 5117 ’χρονοτριϐὢ
2875 5041 2938 5096 τὸ
2985 5037 3184 5115 δῶρον,
3219 5039 3497 5111 ἀναμένων
3543 5037 3606 5090 τὸ
3658 5035 3765 5091 πά-

2110 5145 2221 5196 θος·
2255 5133 2353 5186 οὐκ
2382 5127 2767 5204 ἀναϐάλλομαι
2810 5132 2909 5199 τὴν
2956 5127 3126 5184 δόσιν·
3183 5126 3346 5203 ἔγγὺς
3393 5126 3493 5202 γὰρ
3542 5128 3577 5195 ἠ
3623 5132 3768 5200 πρᾶο

2112 5244 2215 5284 σις.
2275 5221 2496 5283 Ἀπαθές
2553 5223 2665 5276 ἐστι
2720 5221 2783 5276 τὸ
2840 5223 3043 5293 σῶμα·
3102 5218 3404 5294 χαρίζομαι
3477 5221 3580 5283 τῆς
3649 5218 3766 5269 τῶν

2113 5310 2396 5374 ἐσθιόντων
2472 5309 2727 5374 ἀπαθείας
2802 5307 3118 5384 μαρτύριον.
3190 5299 3573 5382 Προλαμϐάνω
3645 5308 3770 5367 τοῖς

2180 5672 2313 5745 (16).
2349 5671 2490 5744 Reg.
2523 5661 2921 5746 προλαμϐάνω.

3788 270 3827 291 κδ

3846 242 3887 269 ΓΑ
