2051 3109
178 188 259 220 1049

819 188 953 219 SERMO
976 189 1014 219 IN
1039 188 1187 219 FERIAM
1211 189 1247 220 V.

1805 188 1884 218 1050

176 254 270 283 ὀδοῦσι
298 257 353 282 τῶν
375 252 514 282 Ἰοῦδαίων
537 255 586 289 τὴν
611 254 747 293 φάλαγγα·
772 252 823 285 ἕως
851 255 896 282 τὸν
924 264 989 281 σταυ

1061 255 1172 284 differo.
1190 256 1334 284 comedite
1348 258 1377 284 et
1391 255 1598 289 vos,comedite
1612 266 1625 279 ι(
1641 254 1703 282 Non
1719 255 1763 282 est
1773 254 1882 282 bonum

176 300 224 335 ρὸν
246 299 432 335 ὕπερτίθεμαι,
459 299 555 337 φάγετε
580 299 625 326 καὶ
653 299 742 335 ὑμεῖς,
767 299 874 336 φάγετε.
902 311 915 324 ‹‹
942 299 1000 327 Οὐκ

176 342 232 372 ἔστι
249 355 263 369 ›)
282 344 333 381 γὰρ
359 356 372 370 ‹‹
397 341 490 371 λαϐεῖν
514 344 560 371 τὸν
580 342 659 381 ἄρτον
681 346 735 371 τῶν
749 344 860 379 τέκνων,
876 343 920 371 καὶ
952 344 999 381 βα-

491 387 643 420 Ἰουδαίοις.
659 390 731 417 Ἕως
746 388 844 420 ἐκεῖνος
858 388 922 419 τοὺς
937 399 1000 415 συν-

177 432 316 464 αλλακτὰς
348 435 433 468 ζητεῖ,
471 433 517 461 τὸν
547 432 727 469 πωλούμενον
757 433 925 471 μαργαρίτην
951 433 1000 469 ἁρ-

177 488 289 506 πασατε.

212 524 239 551 2.
258 534 271 547 α
289 521 323 551 Τί
349 532 395 559 μοι
422 520 513 554 θέλετε
540 521 643 558 δοῦναι,
668 522 745 560 κάγὼ
762 523 824 559 ὑμῖν
841 521 919 550 αὐτὸν
934 532 1002 560 προ-

177 566 275 601 δώσω;
294 578 307 592 ››
322 566 356 595 Τί
371 566 474 597 πωλεῖς
489 565 582 604 ἄρτον,
598 565 698 602 Ἰούδα,
719 566 764 594 τὸν
788 565 842 602 ἤδη
867 568 901 603 τῇ
928 566 1001 604 βρώ-

176 621 217 639 σει
232 610 421 649 παραδοθέντα
435 620 442 646 ;
461 613 517 639 llo?)
533 621 581 638 σου
595 614 645 645 τῆς
661 611 853 650 φιλοπτωχίας
868 611 894 638 οἱ
909 610 1000 649 λόγοι·

175 669 190 682 α
219 655 344 684 Ἐδύνατο
368 658 451 683 τοῦτο
479 659 616 693 πραθῆναι
640 655 758 691 πολλοῦ,
783 669 794 681 1
813 656 910 693 λὲγων,
927 669 939 682 ι(
957 656 1001 684 καὶ

177 699 290 735 δοθῆναι
307 703 432 738 πτωχοῖς
446 710 453 734 ;
472 713 482 726 ι
499 701 562 729 *Οτε
576 702 691 738 γυναῖκα
707 700 802 738 μύροις
827 700 1000 739 ἀλείφουσαν,

175 745 221 773 καὶ
237 743 484 783 προλαμϐάνουσαν
499 746 533 781 τῇ
550 745 639 782 χρίσει
654 744 700 772 τὸν
725 745 820 779 τάφον,
844 744 889 772 καὶ
915 747 1003 779 ζῶντα

174 793 310 827 τιμῶσαν,
335 788 428 825 ἐπειδὴ
457 789 551 827 νεκρὸν
581 788 631 816 οὐκ
659 787 787 824 ἠδύνατο
825 789 926 824 ταύτην
964 789 1002 825 ἐξ-

173 833 370 874 υϐρίζεις,τοὺς
382 837 433 870 τῆς
449 833 642 873 φιλοπτωχίας
654 831 881 871 προϐαλλόμενος
891 833 1000 871 νόμους’

174 891 189 907 «ι
214 878 357 915 Ἢδύνατο,
385 878 483 917 λέγων,
512 881 593 906 τοῦτο
622 879 767 915 πραθῆναι·
800 890 814 904 ι)
852 877 1001 915 τουτέστιν,

178 388 236 416 λιῖν
268 391 327 420 τοῖς
350 388 426 415 κυσὶν
453 401 463 414 1

175 923 295 960 ἠδύνατο
323 923 367 951 καὶ
390 925 471 951 τοῦτο
504 923 571 960 μετὰ
594 923 692 950 τούτου
721 924 864 959 πραθίναι.
896 924 995 951 "Ea-tur
1016 941 1040 974 B

175 969 309 1009 φονεύεις,
347 966 411 996 οὐδὲ
448 968 591 996 θάπτεσθαι
628 966 767 1001 κελεύεις;
803 968 902 995 Ἔστω·
932 967 1000 1004 αἱμα

169 1014 288 1049 πωλεῖς,
304 1013 330 1041 τί
343 1013 389 1041 καὶ
403 1013 435 1041 τὸ
455 1012 579 1050 ἄλειμμα
603 1013 783 1051 πιπράσκεις;
809 1015 842 1039 ’Ώ
866 1012 998 1050 φιλαργυ-

172 1058 232 1096 ρίας
254 1056 446 1097 φιλοπτωχίας
473 1055 636 1093 ἐνδυομένης
666 1057 857 1094 προσωπεῖονί
885 1059 918 1083 ’Ὠ
948 1059 998 1092 τῆς

171 1103 366 1141 μισανθρώπου
392 1101 617 1141 φιλανθρωπίαςί
642 1099 760 1135 ἠδύνατο
784 1102 865 1128 τοῦτο
890 1105 996 1138 πραθῆ-

168 1158 224 1181 ναι,
253 1147 298 1175 καὶ
323 1145 435 1181 δοθῆναι
466 1149 602 1184 πτωχοῖς.
637 1144 768 1180 Κάπηλος
805 1144 995 1184 φιλοπτωγίας

170 1191 285 1227 Ἰούδας,
301 1191 346 1219 καί
364 1191 430 1219 αὐτὸ
457 1194 507 1226 τῆς
533 1189 725 1229 φιλοπτωχίας
747 1191 778 1217 τὸ
802 1193 899 1227 σχῆμα
927 1200 995 1228 πρα-

172 1237 388 1275 γματευόμενος.
404 1234 482 1264 Ἀλλ’
494 1235 545 1263 οὐκ
558 1235 690 1271 ἠτόνησεν
704 1236 722 1270 ἡ
736 1236 785 1262 τοῦ
801 1238 931 1271 Σωτῆρος
947 1245 996 1271 μα-

169 1281 308 1319 κροθυμία
344 1280 467 1308 ἐκτείνειν
498 1279 564 1316 μετὰ
592 1281 640 1307 τοῦ
670 1280 794 1318 σφαγέως
823 1279 872 1314 τὴν
902 1282 992 1317 χεῖρα.

169 1326 307 1354 Συνεσθίει
341 1324 382 1362 τῷ
415 1323 547 1362 προδότῃ,
590 1322 723 1351 δυσωπῶν
749 1324 798 1358 τήν
825 1323 993 1362 προαίρεσιν,

169 1369 344 1399 Ἐπιδίδωσιν
371 1368 463 1407 ἄρτον,
492 1368 537 1396 καὶ
565 1369 657 1408 τρέφει
689 1368 735 1396 τὸν
771 1368 921 1406 ἀναιρέτην·
949 1368 994 1396 καὶ

167 1416 217 1450 τήν
248 1415 319 1444 Νιαν
344 1415 480 1449 Διαθήκην
505 1412 549 1441 ἐπὶ
579 1413 715 1450 τραπέζης
743 1412 915 1452 ἀναγράφων,
945 1413 995 1441 οὐκ

169 1460 315 1497 ἀποστερεῖ
328 1462 377 1494 τῆς
393 1457 581 1496 κληρονομίας
595 1457 642 1485 τὸν
663 1456 810 1494 προδόντα,
834 1458 879 1485 καὶ
903 1457 992 1486 dmoe-

171 1515 252 1542 μενος
282 1504 331 1531 οὐκ
354 1503 498 1541 ἀποστερεῖ
533 1504 582 1530 τοῦ
611 1503 708 1539 μέρους
735 1502 780 1529 τὸν
810 1502 877 1538 μετὰ
902 1503 992 1541 βραχὺ

167 1547 365 1588 παραδιδόντα.
384 1547 460 1576 Ἀλλ’
475 1546 525 1574 οὐκ
540 1545 654 1586 ὣφειλεν
670 1546 683 1574 ὁ
698 1545 802 1585 κληρος
817 1547 863 1575 τὸν
878 1547 990 1585 τρόπον’

167 1595 184 1629 ἡ
199 1594 269 1631 τιμή
285 1593 334 1627 τήν
364 1592 479 1630 γνώμην
495 1591 527 1619 οὐ
544 1589 702 1628 μετέϐαλεν·
727 1591 763 1622 ὡς
786 1592 836 1629 γὰρ
857 1589 938 1619 ἔλαϐε
959 1592 991 1620 τὸ

167 1638 289 1676 ψωμίον,
306 1637 429 1672 εἰσῆλθεν
444 1637 459 1664 ὁ
474 1639 592 1667 Σατανῂ
611 1635 648 1667 εἰς
673 1635 764 1664 αὐτόν.
787 1636 817 1663 Ἦ
841 1639 889 1663 τοῦ
903 1635 992 1665 Ἰούδα

167 1682 325 1721 προαίρεσις
337 1683 387 1710 τοῦ
403 1678 534 1709 διαϐόλου
557 1683 667 1715 κλῆσις·
688 1679 719 1707 ού
742 1680 792 1718 γὰρ
817 1679 912 1712 ἁπλῶς
937 1681 992 1708 εἷ’σ-

166 1727 261 1762 ἦλθεν,
278 1725 342 1754 ἀλλ’
357 1725 416 1764 εὗρε
430 1725 462 1753 τὸ
476 1728 525 1761 τῆς
540 1726 633 1762 ψυχῆς
648 1725 828 1763 καταγώγιον·
846 1725 906 1762 εὗρε
920 1725 991 1763 γνώ-

168 1783 222 1809 μην
235 1769 390 1806 ἐπιτηδείαν
407 1770 475 1808 πρὸς
487 1769 632 1797 οἱκείωσιν·
645 1768 705 1807 εὗρε
719 1769 914 1807 σεσαρωμένοψ
932 1769 992 1807 εὗρε

164 1816 336 1852 ποθούμενον
364 1815 460 1849 πάθος,
485 1814 529 1842 καὶ
551 1814 597 1841 τὸν
618 1814 693 1841 οἷκον
720 1813 770 1841 οὐκ
793 1811 901 1853 ἔφυγεν·
917 1814 990 1853 εὗρεν

166 1860 265 1895 δπλον,
282 1861 306 1896 ᾧ
322 1860 496 1898 χρησάμενος
511 1858 706 1896 παρατάξηται.

1056 308 1170 328 sumere
1188 309 1293 336 panem
1309 300 1448 334 ﬁliorum,
1463 303 1490 328 et
1507 300 1622 327 mittere
1631 298 1753 327 canibus
1769 299 1791 316 ⁷³
1807 310 1820 323 (ι
1832 299 1883 326 Ju-

1057 345 1138 373 dazis.
1157 348 1230 373 Dum
1249 345 1297 373 ille
1312 345 1417 381 quaerit
1433 345 1609 381 quibuscum
1636 343 1811 380 paciscatur,
1833 351 1883 371 vos

1055 390 1206 418 venditem
1222 390 1316 426 rapite
1331 390 1531 426 margaritam.

1092 526 1120 553 2.
1136 536 1150 550 ι(
1177 525 1250 558 Quid
1278 525 1365 553 vultis
1389 524 1462 552 mihi
1489 525 1568 557 dare,
1593 525 1621 552 et
1644 532 1696 559 ego
1711 523 1791 551 vobis
1814 532 1881 551 eum

1056 570 1172 598 tradam
1186 570 1233 597 ⁷³⁸2
1248 581 1261 594 ››
1277 570 1334 598 Cur
1349 577 1453 606 panem
1470 569 1582 602 vendis,
1597 577 1614 596 ο
1639 568 1723 603 Juda,
1744 569 1806 604 jam
1831 577 1882 604 pro

1057 615 1122 642 cibo
1139 614 1330 642 distributum
1342 615 1355 642 ?
1370 615 1514 647 Quorsum
1531 614 1628 642 abiere
1644 613 1728 641 verba
1737 613 1789 641 illa
1803 622 1882 641 emo-

1057 660 1098 688 ris
1115 668 1184 696 erga
1200 668 1342 695 pauperes
1358 659 1483 686 indicia:
1500 659 1618 686 «Potuit
1630 658 1708 686 istud
1721 659 1883 686 venundari

1057 704 1161 738 multo,
1179 706 1207 732 et
1222 704 1284 732 dari
1300 704 1479 740 pauperibus
1493 704 1539 731 7‘?
1555 715 1569 729 ‹‹
1585 703 1657 731 Cum
1668 702 1818 731 mulierem
1830 711 1881 730 un-

1057 749 1173 785 guentis
1193 748 1350 777 Dominum
1377 748 1610 784 perfundentem,
1635 750 1723 784 atque
1743 748 1881 775 unctione

1056 794 1240 830 sepulturam
1257 793 1491 830 praevenientem,
1507 793 1628 829 vivoque
1645 793 1785 821 honorem
1800 793 1882 821 exhi-

1056 839 1186 872 bentem,
1203 839 1280 874 quod
1299 841 1412 866 mortuo
1429 846 1486 865 non
1503 840 1636 874 poterat;
1653 845 1728 872 eam,
1746 838 1880 874 inquam,

1056 883 1235 911 contumelia
1250 882 1353 918 efficis,
1370 882 1523 919 legemque
1534 882 1691 918 praetendis
1707 882 1797 910 studii
1813 890 1882 918 erga

1058 935 1209 964 pauperes.
1248 938 1263 953 «
1300 927 1408 960 Potuit,
1448 927 1499 962 ait,
1530 927 1609 955 istud
1645 926 1805 954 venundari
1831 936 1839 954 :
1867 938 1880 951 ι)

1055 972 1109 1000 hoc
1124 973 1178 1006 est,
1195 972 1291 1007 potuit
1304 974 1333 999 et
1348 971 1426 999 istud
1451 980 1510 999 una
1533 980 1600 999 cum
1623 971 1687 1007 ipso
1708 971 1879 998 venundari.

1054 1016 1132 1050 Esto,
1148 1016 1268 1051 occidis,
1284 1024 1320 1043 an
1338 1024 1454 1052 quoque
1470 1015 1586 1052 sepeliri
1601 1018 1681 1044 vetas
1696 1015 1710 1043 Ὺ
1725 1016 1803 1049 Esto,
1811 1024 1879 1043 san-

1053 1062 1173 1097 guinem
1198 1061 1311 1094 vendis,
1334 1069 1386 1088 our
1408 1063 1437 1088 et
1461 1062 1647 1096 unguentum
1663 1060 1841 1088 venundas?
1858 1060 1878 1087 Ο

1052 1104 1203 1133 avaritiam
1220 1113 1283 1141 quae
1299 1113 1461 1141 pauperum
1472 1105 1582 1133 amoris
1592 1104 1702 1132 larvam
1719 1105 1852 1133 assumit!
1864 1114 1879 1132 ο

1051 1149 1244 1177 inhumanam
1261 1149 1494 1177 humanitatem!
1513 1149 1609 1177 Potuit
1623 1149 1703 1177 istud
1716 1149 1878 1177 venumdari

1050 1196 1080 1221 et
1095 1193 1158 1221 dari
1174 1193 1364 1230 pauperibus.
1380 1195 1516 1222 Amorem
1532 1201 1694 1230 pauperum
1710 1193 1810 1221 vendit
1822 1193 1877 1222 Ju—

1051 1238 1114 1273 das,
1131 1240 1160 1266 et
1176 1238 1272 1273 ipsam
1289 1237 1498 1266 misericordiae
1513 1246 1582 1274 erga
1590 1246 1731 1274 pauperes
1747 1237 1875 1273 speciem

1050 1283 1227 1319 negotiatur.
1244 1285 1281 1310 At
1305 1283 1462 1311 Salvatoris
1486 1283 1689 1319 aequanimitas
1713 1282 1786 1310 nihil
1813 1284 1877 1310 ideo

1049 1327 1174 1355 remissa
1188 1329 1243 1360 est,
1259 1329 1292 1355 ut
1306 1327 1394 1355 etiam
1410 1335 1477 1355 cum
1491 1327 1637 1364 parricida
1650 1335 1771 1354 manum
1778 1329 1876 1355 exten-

1049 1372 1140 1400 deret.
1157 1372 1221 1400 Una
1235 1379 1302 1400 cum
1318 1371 1465 1408 proditore
1478 1371 1660 1404 comedebat,
1687 1373 1717 1399 ut
1743 1370 1784 1399 illi
1810 1379 1875 1406 pro-

1049 1416 1135 1451 positi
1151 1416 1197 1444 sui
1211 1417 1352 1452 pudorem
1369 1416 1495 1444 afferret.
1513 1416 1619 1444 Panem
1635 1415 1768 1451 porrigit,
1785 1415 1874 1443 inter~

1049 1461 1247 1496 fectoremque
1273 1461 1389 1488 nutrit:
1407 1469 1440 1488 ac
1464 1461 1576 1488 Novum
1598 1461 1820 1488 Testamentum
1846 1461 1873 1487 in

1048 1513 1151 1533 mensa
1166 1505 1358 1541 perscribens,
1374 1505 1550 1541 proditorem
1566 1512 1753 1541 nequaquam
1780 1504 1873 1541 privat

1047 1550 1213 1578 hereditate
1225 1558 1272 1577 :ac
1288 1550 1358 1577 dum
1366 1550 1585 1577 Testamentum
1599 1549 1767 1584 tradit,eum
1781 1550 1830 1585 qui
1843 1558 1873 1577 se

1048 1602 1116 1622 mox
1130 1594 1295 1622 traditurus
1310 1597 1354 1622 est
1369 1603 1386 1622 a
1399 1602 1453 1622 sua
1469 1596 1549 1630 parte
1565 1603 1623 1622 non
1639 1594 1795 1630 abigit.Sed
1809 1603 1872 1621 sors

1048 1638 1099 1667 illa
1114 1647 1301 1675 nequaquam
1318 1647 1415 1667 mores
1430 1639 1504 1675 ejus,
1521 1647 1573 1667 nec
1590 1638 1682 1667 honor
1696 1639 1870 1666 sententiam

1048 1683 1179 1711 mutavit.
1196 1683 1268 1710 Nam
1284 1683 1373 1710 simul
1398 1686 1486 1719 atque
1504 1683 1664 1711 buccellaln
1687 1683 1808 1719 accepit,
1826 1683 1870 1710 in-

1046 1727 1134 1756 travit
1149 1728 1271 1756 Satanas
1286 1727 1316 1755 in
1333 1728 1527 1764 ipsumJudaa
1543 1728 1725 1764 propositum
1739 1730 1802 1755 erat
1812 1728 1872 1755 dia—

1047 1771 1106 1800 boli
1123 1772 1266 1800 invitatio.
1282 1772 1345 1800 Non
1361 1773 1439 1800 enim
1460 1773 1545 1800 modo
1565 1773 1716 1809 ingressus
1740 1774 1793 1807 est,
1821 1773 1870 1800 sed

1045 1816 1158 1845 invenit
1173 1816 1277 1845 animae
1293 1817 1488 1855 diversorium
1505 1826 1512 1845 :
1528 1817 1638 1845 invenit
1661 1819 1786 1844 mentem
1813 1817 1868 1844 sibi

1046 1861 1083 1889 ad
1098 1861 1292 1889 habitandum
1310 1855 1541 1896 adcommodam,
1564 1861 1675 1889 invenit
1695 1869 1759 1888 eam
1775 1861 1870 1896 scopis

162 1905 344 1934 mandatam
361 1912 368 1933 :
385 1903 496 1932 invenit
512 1903 713 1931 desideratum
729 1903 786 1931 sibi
802 1904 950 1939 affectum,
981 1913 1033 1933 nec
1048 1905 1170 1933 domum
1187 1908 1337 1933 aversatus
1353 1907 1398 1933 est
1416 1914 1422 1933 :
1448 1905 1559 1933 invenit
1581 1905 1684 1940 telum,
1708 1913 1766 1941 quo
1785 1913 1871 1947 usus,

166 1950 262 1978 aciem
276 1950 443 1977 instrueret.

200 1995 226 2022 3.
247 2005 261 2019 α
277 1993 312 2022 Τί
329 2003 375 2030 μοι
400 1991 491 2020 θελιτε
514 1990 606 2019 δοῦναι
621 2001 627 2026 ;
645 2003 659 2017 »ι
678 1991 818 2028 ῙΙειράζων
835 1993 881 2029 μὲν
896 1994 911 2020 ὁ
931 1991 989 2020 διά-

162 2036 250 2069 ϐολος
274 2037 320 2065 τὸν
346 2036 443 2075 Κύριον
470 2036 536 2064 εἷπε⁴
564 2048 578 2062 «
607 2038 695 2064 Ταῦτα
710 2035 795 2063 πάντα
810 2047 852 2063 σοι
868 2037 957 2064 δώσω.
976 2049 990 2062 υ

164 2085 221 2111 Νῦν
250 2081 279 2109 at
308 2080 409 2112 Ἰούδας
439 2081 500 2119 βοᾷ·
527 2080 557 2108 Τί
582 2079 673 2112 θέλετε
707 2079 823 2109 δοῦναιί
853 2082 886 2108 Ὦ
915 2080 991 2118 ῥημά

164 2138 222 2155 των
243 2127 287 2154 καὶ
314 2125 423 2164 τρόπων
453 2125 614 2163 ωγγὲνειας
641 2122 663 2152 ὤ
691 2125 835 2164 συμφωνία
859 2123 990 2153 διαϐόλου

160 2170 250 2199 πάλαι
267 2170 463 2207 μελετηθεῖσαί
480 2169 517 2197 Οὐ
532 2169 618 2207 λέγει,
632 2169 658 2197 τί
675 2178 721 2206 μοι
745 2168 857 2197 δύνασθε
878 2168 989 2205 δοῦναι;

162 2217 211 2247 Ὠς
224 2214 322 2243 εὔωνον
348 2214 450 2251 κτίσμα
469 2214 515 2242 τὸν
541 2212 673 2249 δεσπότην
690 2215 861 2252 προτίθησιν
878 2215 916 2245 ὡς
933 2212 989 2242 ἄτι-

165 2270 220 2298 μον
235 2262 374 2297 συμφωνεῖ
388 2259 433 2287 τὸν
448 2259 592 2295 ἀτίμητον.
608 2258 638 2286 Τί
651 2261 761 2287 τοιοῦτο
783 2259 814 2286 οὐ
830 2256 989 2296 λαμϐάνεις,

1080 1995 1106 2022 3.
1116 2006 1130 2020 «
1147 1994 1221 2026 Quid
1232 1993 1320 2022 vultis
1338 1994 1410 2022 mihi
1430 1993 1546 2022 dare?»
1565 1993 1703 2021 Diabolus
1722 2001 1788 2021 cum
1813 1993 1869 2021 Do-

1046 2040 1160 2066 minum
1177 2040 1312 2074 tentaret,
1329 2038 1369 2065 ait
1384 2047 1394 2065 :
1410 2050 1424 2063 «
1440 2040 1505 2066 Haec
1520 2038 1619 2066 omnia
1636 2037 1688 2065 tibi
1708 2037 1784 2066 dabo
1798 2037 1833 2065 "'.
1856 2050 1867 2061 μ

1045 2083 1128 2112 Nuuo
1143 2085 1241 2111 autem
1258 2082 1367 2110 clamat
1380 2083 1474 2111 Judas
1488 2091 1495 2111 :
1513 2082 1586 2115 Quid
1602 2081 1691 2110 vultis
1707 2082 1871 2110 mihidare?

1044 2128 1066 2155 Ο
1081 2128 1237 2156 verborum
1254 2135 1430 2163 morumque
1449 2125 1650 2155 afﬁnitatem!
1667 2135 1683 2154 ο
1708 2134 1869 2154 consensus

1045 2181 1111 2200 cum
1127 2171 1256 2205 diabolo,
1266 2172 1327 2207 jam
1352 2171 1421 2199 olim
1447 2172 1606 2200 meditatus
1623 2170 1629 2198 l
1647 2171 1708 2199 Non
1733 2171 1774 2199 ait
1797 2171 1866 2207 quid

1045 2216 1168 2253 potestis
1183 2216 1254 2244 mihi
1270 2216 1340 2244 dare
1354 2216 1368 2244 ‘I
1383 2216 1540 2244 Dominum
1557 2216 1640 2252 quasi
1652 2215 1701 2243 vili
1718 2215 1809 2251 pretio
1823 2223 1867 2243 ce-

1045 2261 1174 2289 dendum
1187 2261 1339 2297 proponit:
1354 2260 1436 2296 quasi
1445 2260 1554 2288 nullius
1566 2260 1649 2296 pretii
1659 2263 1737 2288 esset
1749 2260 1868 2296 pacisci-

163 2305 225 2333 οἷον
243 2304 336 2338 δίδως,
362 2302 468 2338 Ἰούδας
484 2303 654 2340 ’Δπόμνησον
673 2304 782 2331 σεαυτὸν
794 2306 848 2331 τῶν
870 2306 918 2331 τοῦ
945 2315 990 2332 πι-

1051 2309 1095 2334 tur
1109 2306 1144 2334 de
1159 2313 1192 2333 co
1209 2305 1258 2341 qui
1275 2305 1356 2333 nullo
1371 2305 1463 2341 pretio
1487 2304 1658 2333 aestimatur.
1682 2305 1787 2338 Quidni
1803 2307 1868 2333 tan-

167 2349 359 2388 πρασκομὲνου
375 2348 531 2386 θαυμάτων,
555 2349 600 2376 καὶ
614 2348 676 2376 τότε
700 2348 843 2386 ἀναλόγως
857 2349 903 2377 τὸν
929 2351 993 2377 θαυ-

168 2394 324 2432 ματουργὸν
340 2393 489 2429 κατι-ἠλευε.
506 2391 604 2428 Βάδιζε
620 2393 687 2431 πρὸς
714 2394 760 2422 τὸν
790 2393 901 2432 λεπρόψ
930 2395 993 2433 παρ’

164 2438 272 2466 ἐκείνου
300 2436 428 2466 διδάσκου
453 2438 503 2472 τήν
526 2440 578 2472 τῆς
592 2437 711 2476 ΐατρείας
726 2438 872 2471 ποσότητα.
888 2438 993 2476 Ἐρώτα

161 2482 300 2521 τυφλοὺς,
315 2482 388 2514 τίνος
402 2482 475 2518 ἀξίαν
491 2482 623 2520 ἡγοῦνται
638 2482 687 2516 τήν
713 2482 792 2510 ἴασιν.
819 2483 924 2518 Ἐρώτα
948 2484 993 2511 τὸν

163 2528 302 2566 Λάζαρον,
330 2527 416 2555 πόσου
451 2529 563 2564 τιμᾶται
591 2527 640 2561 τὴν
670 2529 719 2554 τοῦ
748 2527 862 2559 θανάτου
891 2529 990 2566 φυγήν.

160 2571 290 2608 Ἐξὲταζε
303 2572 351 2600 τὸν
367 2571 523 2609 παράλυτον
537 2571 583 2599 τὸν
598 2573 647 2599 τοῦ
663 2571 765 2610 χρόνου
791 2572 836 2599 καὶ
859 2575 908 2607 τῆς
934 2572 992 2600 κλί-

160 2627 217 2652 νης
233 2615 279 2644 διὰ
299 2616 332 2644 τὸ
354 2616 438 2647 πάθος
461 2614 615 2653 δεσμώτην.
641 2616 843 2653 Ζυγοστάτησον
873 2617 920 2648 τὰς
945 2616 991 2645 αὗ-

158 2660 325 2699 τοσχεδίους
350 2661 376 2688 ἐν
404 2660 500 2697 ἐρήμῳ
523 2661 667 2699 τραπέζας.
695 2661 860 2698 Διατίμησον
884 2662 930 2689 τὸν
947 2661 990 2689 ἐπὶ

158 2708 220 2736 τῶν
248 2705 375 2743 κυμάτων
397 2706 557 2744 περίπατον,
577 2706 626 2737 τὰς
648 2708 699 2740 τῆς
724 2705 861 2741 θαλάσσης
875 2705 990 2734 καὶτῶν

160 2750 272 2788 ἀνέμων
299 2749 481 2787 ἐπιτιμήσεις·
511 2750 560 2781 τὰς
587 2752 642 2777 τῶν
667 2748 873 2786 δαιμονιώντων
914 2751 991 2788 θερα-

1046 2351 1178 2379 tumdem
1194 2350 1302 2386 accipis
1313 2352 1459 2385 quantum
1468 2349 1591 2384 tradis,o
1603 2349 1681 2377 Juda
1692 2349 1706 2376 ‘?
1724 2352 1754 2377 lu
1763 2358 1870 2377 memo-

1046 2396 1091 2423 ria
1106 2403 1207 2423 revoca
1224 2394 1365 2422 miracula
1375 2394 1439 2429 ejus
1449 2401 1536 2430 quem
1547 2394 1721 2422 venditurus
1736 2396 1869 2430 es,atqun

1046 2442 1117 2468 tunc
1128 2440 1207 2475 justo
1214 2439 1307 2475 pretio
1314 2438 1525 2467 miraculorum
1535 2442 1682 2467 auctorem
1694 2439 1867 2467 nundinare.

1047 2485 1205 2521 Leprosum
1222 2483 1372 2520 adi,atque
1379 2482 1471 2511 abillo
1482 2483 1579 2511 edisce
1587 2483 1734 2519 quantisit
1744 2484 1866 2512 curatio.

1046 2529 1196 2565 Interroga
1208 2536 1310 2562 caecos,
1327 2527 1620 2564 quanticuratiouem
1627 2528 1774 2556 testimoni.
1784 2536 1867 2556 suam

1045 2573 1201 2601 Seiseitare
1217 2581 1234 2600 a
1249 2573 1367 2606 Lazaro,
1383 2572 1486 2609 quanti
1502 2572 1709 2600 aestimandum
1725 2573 1774 2606 sit,
1792 2574 1867 2609 quod

1046 2619 1170 2646 mortem
1186 2617 1236 2646 ille
1251 2617 1512 2653 evaserit.Exquire
1528 2626 1544 2645 a
1561 2617 1705 2653 paralyco,
1720 2625 1806 2653 quem
1818 2618 1867 2645 diu

1046 2663 1164 2690 morbus
1179 2662 1208 2690 in
1223 2662 1297 2690 lecto
1313 2662 1443 2690 vinctum
1458 2662 1644 2691 detinuerat:
1661 2662 1806 2698 perpende
1818 2664 1855 2689 mi

1045 2707 1075 2735 hi
1092 2707 1206 2735 subitas
1216 2706 1281 2735 illas
1296 2707 1325 2734 in
1342 2715 1440 2736 eremo
1455 2707 1604 2743 appositas
1617 2707 1868 2735 mensas/Emme

1046 2752 1275 2780 ambulationem
1292 2761 1381 2788 supra
1397 2751 1513 2786 ﬂuclus,
1528 2752 1741 2788 increpatioues
1755 2751 1826 2778 mari
1837 2760 1867 2776 m'

202 2849 466 2886 "liatth.xv,26.
503 2849 526 2867 τι
540 2849 644 2879 Matth.
660 2857 736 2884 xm,
753 2849 795 2879 15.
833 2848 856 2867 τι
870 2849 942 2885 ibid,
958 2849 985 2878 9.
1023 2849 1046 2868 π
1060 2849 1163 2879 Matth.
1179 2851 1255 2885 n.9,
