2051 3109
171 162 247 194 1051

754 170 786 200 S.
810 171 1070 202 A'l‘HANASlUS.
1085 188 1123 193 -—
1138 170 1292 203 SPURIA.

1801 171 1884 202 1052

171 230 267 258 ventis
283 230 373 259 factas
389 240 395 259 :
411 232 565 261 considera
577 233 716 264 liberatos
731 236 991 265 daamoniacosJio-

1055 236 1132 268 πείας
1148 236 1300 274 ἐπισκεψαι.
1312 236 1418 264 Τούτων
1436 237 1560 264 ἁπάντων
1576 236 1738 272 ἐπιλήσμων
1763 236 1880 274 γενόμι-

171 282 237 301 rum
253 274 410 304 immemor
424 277 566 312 omnium,
581 287 638 306 non
654 282 750 308 tecum
773 284 890 318 reputas
908 290 996 318 quem

172 320 293 347 vendas.

205 364 231 391 4.
252 374 265 390 ιι
281 367 316 392 At
332 365 373 393 illi
384 367 635 396 constitueruutei
646 369 766 405 triginta
775 373 929 407 argenteos
943 372 995 399 1‘.»

170 409 193 436 Ο
206 409 483 447 venditionem,quae
494 413 621 440 venditio
636 413 665 441 in
674 416 822 450 emptores
838 416 993 452 imperium

173 453 249 481 384
266 455 420 483 conciliati
438 456 580 485 Vendltus
596 459 703 494 quippe
720 459 861 490 Dominus
882 464 994 497 empto-

171 506 237 525 rum
254 507 407 534 possessor
420 501 540 529 effectus
555 505 608 530 est.
627 503 729 531 Merito
745 504 836 540 igitur
850 505 996 534 clamabat

170 542 304 571 Christus
333 553 341 571 :
371 554 381 568 ι
408 545 528 580 Implete
555 555 724 575 mensuram
753 551 866 585 patrum
882 553 993 578 vestro-

168 594 234 614 rum
250 588 272 604 ⁷⁷
290 597 297 621 ;
315 599 328 613 ››
345 589 370 616 si
385 590 453 625 quid
478 591 623 626 majorum
649 596 824 626 vestrorum,
853 602 869 622 ο
890 595 992 629 Judaei,

170 631 269 659 deﬁcit
282 633 452 662 sceleribus.
470 634 514 662 Illi
531 636 688 672 prophetas
713 638 892 672 occiderunt.
913 647 964 667 vos
978 647 994 666 a

169 676 319 712 prophetis
335 679 560 713 praenuntiatum
586 681 728 709 occiditis.
747 683 828 711 Viros
853 683 895 711 illi
911 684 946 712 ad
963 693 994 712 se

169 719 277 748 missos
293 722 495 757 confoderunt,
508 733 559 752 vos
575 729 670 754 autem
687 735 753 754 eum
770 728 819 763 qui
836 729 993 764 prophetas

168 764 278 799 mittit;
296 774 394 794 servos
410 767 463 802 illi,
479 777 530 796 vos
545 769 700 798 Dominum
712 771 991 801 interﬁcitis.Sacer-

167 809 250 838 dotes
262 810 303 838 iili
321 812 517 847 trucidabant,
534 822 584 842 vos
600 815 742 851 templum
768 816 907 845 solvistis.
924 817 993 845 Gra~

165 854 245 882 viora
258 855 407 891 prioribus
425 857 484 885 haec
500 859 661 893 posteriora
677 863 756 888 sunt.
766 861 900 896 Trajecto
915 870 993 890 mare

166 898 299 934 ingratus
316 901 516 936 deprehensus
532 910 563 931 es
580 911 586 930 :
605 912 713 932 manna
725 906 864 940 nutritus,
878 906 991 943 {Egypti

165 943 291 972 vitulum
328 945 455 973 adorasti
487 955 493 974 :
529 951 648 983 accepta
687 949 761 985 lege,
794 950 991 986 legislatorem

167 990 453 1024 transgressionibus
469 992 646 1020 contumelia
666 994 768 1022 afﬁcis.
794 995 889 1024 Cessit
910 998 992 1032 petra

169 1033 256 1068 virgae
272 1033 372 1070 Mosis,
388 1037 418 1063 at
443 1044 538 1064 mores
562 1037 604 1064 tui
630 1038 666 1065 ad
691 1038 829 1074 pietatem
853 1040 927 1068 ﬂecti
944 1049 992 1069 ne—

169 1080 290 1112 queunt.
308 1081 339 1106 1n
356 1080 455 1115 praelia
471 1081 576 1115 vicisti,
592 1090 644 1110 nec
668 1083 812 1112 cmlestem
838 1085 913 1113 nosti
938 1086 992 1113 du-

169 1130 242 1149 cem.
267 1122 430 1152 Sistebatur
456 1125 527 1153 solis
557 1135 672 1160 cursus,
698 1128 822 1156 victoriis
852 1130 992 1165 pravium

167 1167 285 1202 signum
299 1168 352 1196 tibi
369 1168 506 1203 factus,tu
520 1171 646 1199 ﬁliorum
663 1172 755 1201 cazdes
771 1173 800 1202 in
815 1175 992 1203 sacriﬁcium

165 1219 217 1246 pro
246 1212 359 1241 actione
374 1214 535 1249 gratiarum
551 1216 694 1244 offerebas
705 1217 992 1255 idolis.SemperJu-

167 1256 246 1283 deus
264 1258 407 1293 sanguine
418 1259 788 1296 enutritus.prophetarum
798 1263 889 1291 caedes
901 1264 993 1292 susci.

166 1299 210 1335 pit
225 1308 232 1327 :
250 1303 338 1337 atque
353 1310 452 1330 eorum
470 1305 614 1340 sanguine
629 1305 769 1341 paulatim
788 1307 937 1343 irrigatus,
955 1309 991 1336 ad

168 1344 332 1380 iniquitatis
347 1346 497 1382 fastigium
510 1348 595 1377 hodie
609 1351 773 1386 prorumpit
787 1351 801 1379 7
815 1352 885 1384 Quis
903 1353 993 1389 igitur

167 1388 224 1417 illis
240 1389 404 1426 iniquitatis
421 1392 551 1421 fructus?
568 1404 582 1418 υ
598 1394 670 1422 Ecce
684 1394 865 1431 relinquetur
885 1388 992 1426 domus

165 1435 261 1461 vestra
276 1435 391 1463 deserta
405 1436 436 1471 ⁷⁸,
458 1448 472 1461 n
496 1437 600 1465 Deditu
624 1440 668 1466 est
688 1439 724 1466 ad
749 1440 927 1476 supplicium
940 1441 992 1470 illa

166 1478 268 1512 natio;
292 1480 433 1515 quamdiu
458 1482 535 1509 enim
572 1490 654 1518 spem
678 1484 838 1512 curationis
870 1486 991 1514 morbus

164 1522 342 1557 subindicat,
354 1525 468 1553 lenibus
481 1527 583 1554 tandiu
594 1527 730 1556 remediis
742 1529 873 1558 medicus
884 1539 901 1558 a
913 1539 988 1559 mor-

162 1567 198 1594 bo
214 1575 342 1597 recreare
372 1571 493 1598 studet:
513 1571 561 1599 ubi
587 1580 653 1600 vero
678 1572 760 1601 nulla
783 1574 901 1603 residua
921 1584 989 1612 spes

164 1611 293 1648 medelas,
311 1621 473 1643 memorum
490 1615 681 1645 abscinditur.

202 1746 229 1773 5.
247 1746 314 1775 Post
331 1747 450 1781 paulum
466 1751 616 1786 temporis,
634 1753 734 1781 aderat
743 1753 834 1782 Judas
847 1758 912 1791 post
922 1765 989 1784 ven~

167 1791 304 1819 ditionem
312 1791 655 1829 lmtus,quemadmadum
664 1797 991 1834 institorquidam,mer-

167 1836 243 1863 cium
256 1845 377 1865 suarum
389 1846 475 1867 onere
485 1839 838 1876 deposito;aderatosculo
846 1847 988 1879 armatus;

166 1880 265 1908 aderat
283 1881 431 1909 venditum
449 1891 466 1910 a
481 1892 512 1911 se
527 1884 621 1913 virum
638 1885 910 1921 indicaturus.Quid
922 1897 989 1925 ergo

167 1925 202 1951 nd
217 1925 325 1953 Judnm
350 1926 516 1956 Dominus?
535 1929 665 1958 Avaritia
688 1939 742 1958 ceu
765 1932 905 1961 ebrietate
919 1934 989 1962 sub-

167 1977 297 1998 mersum
314 1972 509 2007 expergefacit
524 1973 571 2001 his
591 1975 689 2003 verbis
705 1984 711 2003 :
732 1987 742 2001 α
759 1978 865 2006 Osculo
884 1978 989 2007 Filium

167 2014 297 2043 hominis
311 2016 403 2044 tradis
417 2017 463 2045 7°?
479 2031 489 2045 ³
507 2018 588 2047 Itane
603 2021 729 2049 osculari
741 2022 863 2051 edoctus
877 2032 908 2052 es
919 2024 990 2053 ?Dic

168 2059 253 2093 mihi,
270 2060 397 2089 haeccine
411 2061 456 2090 lex
471 2063 626 2093 charitatis
651 2074 668 2093 ιι
683 2075 729 2094 me
745 2067 798 2095 tibi
822 2068 953 2097 tradita?
968 2069 990 2098 Ο

167 2104 312 2139 sanguine
327 2104 447 2140 plenum
456 2107 630 2137 osculum?0
647 2110 756 2139 bellum
767 2112 867 2141 osculo
878 2113 990 2142 colora-

168 2148 250 2175 tuml
267 2148 289 2176 Ο
305 2149 437 2178 osculum
453 2152 530 2186 quod
544 2153 648 2182 mortis
663 2163 780 2183 morsus
808 2157 952 2186 efﬁcitur!
968 2158 990 2186 0

167 2192 302 2221 osculum
319 2202 463 2223 venenum
476 2197 611 2232 aspidum
625 2201 772 2229 eructansl
782 2202 862 2235 Quod
880 2202 915 2230 ad
925 2203 991 2230 cha-

167 2237 282 2265 ritatem
300 2238 476 2272 didicisti,eo
491 2241 526 2269 ad
543 2242 675 2271 fraudem
687 2253 759 2272 usus
774 2245 820 2273 es?
834 2246 923 2274 Video
934 2248 990 2275 cla-

1051 291 1109 314 νος,
1130 280 1158 308 ὅν
1176 281 1279 312 πωλεῖς
1294 281 1346 308 οὐκ
1360 281 1470 312 ἐννοεῖς.

1086 371 1110 398 4.
1128 382 1142 396 ‹‹
1159 370 1193 399 Οἱ
1217 368 1246 397 δὲ
1270 369 1383 405 ἔστησαν
1408 367 1481 405 αύτῷ
1504 369 1650 407 τριάκοντα
1667 369 1790 407 ἀργύρια.
1811 381 1825 395 n
1842 371 1877 397 Ὠ

1050 414 1172 453 πράσεως
1208 413 1363 443 δεσποτείαν
1398 416 1438 450 τῷ
1473 414 1690 451 πιπρασκομένῳ
1725 414 1792 441 κατά
1817 417 1875 442 τῶν

1050 459 1211 496 ὠνουμένων
1242 458 1427 497 ἐγγυομὲνηςί
1453 458 1678 496 Ιιιπρασκόμενος
1706 458 1757 497 γὰρ
1787 459 1801 486 ὁ
1835 457 1878 486 δε-

1049 503 1153 539 σπότης
1178 505 1288 542 κτήτωρ
1315 506 1370 531 τῶν
1400 501 1589 541 ἀγοραζόντων
1619 502 1730 541 ἐγίνετο.
1752 502 1875 534 Βῖκότως

1049 547 1095 575 οὖν
1111 549 1125 576 ὁ
1148 548 1264 587 Χριστὸς
1288 545 1396 576 ἀνεϐόα.
1425 560 1439 573 (ί
1465 547 1636 585 ΙΙληρώσατε
1655 547 1688 575 τὸ
1705 547 1801 586 μέτρον
1817 549 1876 575 τῶν

1048 593 1170 630 πατέρων
1189 593 1276 630 ὑμῶν·
1292 605 1306 618 υ
1322 591 1349 620 εἷ’
1359 603 1386 620 τι
1401 591 1487 620 λείπει
1503 594 1563 623 τοῖς
1581 594 1757 629 προγονικοῖς
1785 592 1875 628 ὑμῶν,

1048 638 1071 665 ὦ
1095 636 1232 672 Ἰουδαῖοι,
1248 637 1437 674 τολμήμασιν.
1457 637 1571 665 Ἐκεῖνοι
1582 637 1726 675 προφήτας
1741 636 1875 674 ἀνήρουν,

1049 683 1126 719 ὑμεῖς
1151 681 1179 710 δὲ
1202 682 1248 710 τὸν
1273 681 1493 721 προφητευθέντα
1516 681 1651 720 φονιύετι.
1678 682 1795 709 Ἐκεῖνοι
1808 680 1876 712 τοὺς

1047 727 1217 766 πεμφθέντας
1241 726 1433 766 κατέσφαττον,
1465 726 1542 763 ὑμεῖς
1573 724 1602 753 δὲ
1622 726 1668 753 τὸν
1684 726 1747 757 τοὺς
1762 727 1874 764 προφή-

1047 782 1095 803 τας
1121 770 1318 799 ἀπεσταλκότα.
1342 771 1455 798 Ἐκεῖνοι
1479 769 1542 800 τοὺς
1568 768 1696 805 δούλους,
1723 770 1802 807 ὐμεῖς
1826 770 1873 798 τὸν

1049 815 1185 851 Δισπότην
1210 814 1391 843 ἀποκτείνετε.
1421 809 1535 842 Ἐκεῖνοί
1556 814 1619 846 τοὺς
1643 815 1725 854 ἱερεῖς
1744 815 1874 852 ἆνήρουν,

1048 860 1125 898 ὑμεῖς
1139 861 1184 888 τὸν
1213 860 1274 888 ναὸν
1299 859 1473 888 κατελύσατε.
1498 859 1615 894 Μείζονα
1638 862 1692 887 τῶν
1717 857 1875 898 προλαϐόν-

1047 916 1102 933 των
1129 906 1163 933 τὰ
1191 904 1312 941 δεύτερα.
1342 903 1481 932 Θάλασσαν
1505 903 1626 935 πλεύσας
1658 903 1706 942 [ἴσ.
1731 905 1874 942 napique],

1046 950 1190 988 ἠλιγχθης
1211 950 1371 988 ἀχάριστον
1403 948 1488 985 μάννα
1514 948 1693 988 τρεφόμενος,
1721 948 1768 976 τὸν
1784 948 1810 976 ἐν
1826 948 1875 977 Λῖ-

1047 995 1143 1032 γύπτῳ
1170 995 1275 1032 μόσχον
1301 993 1489 1032 ἐθρήσκευσας·
1515 993 1599 1030 νόμοι
1635 992 1797 1032 δεχόμενος,
1825 994 1873 1021 τὸν

1046 1039 1200 1076 νομοόότην
1224 1038 1405 1076 παρανομίαις
1427 1035 1610 1076 καθυϐρίζιις.
1639 1038 1716 1074 ’ῌξεν
1745 1039 1763 1073 ἡ
1787 1038 1874 1076 πέτρα

1046 1087 1081 1118 τῆ
1096 1082 1189 1123 ῥάϐδῳ
1213 1084 1343 1119 Μωσέως,
1377 1083 1392 1110 ὁ
1413 1081 1442 1110 δὲ
1466 1083 1511 1114 σὸς
1531 1083 1633 1121 τρόπος
1657 1083 1788 1119 ἀκαμπής
1802 1083 1873 1120 πρὸς

1048 1127 1193 1157 εὐσέϐειαν.
1227 1128 1329 1159 Ἐνίκας
1353 1126 1522 1165 μαχόμενος,
1551 1128 1597 1155 καὶ
1624 1128 1670 1155 τὸν
1696 1127 1721 1164 ἐξ
1757 1127 1875 1165 οὐρανοῦ

1047 1174 1196 1212 στρατηγὸν
1211 1174 1261 1201 οὐκ
1274 1173 1424 1212 ἐγνώριζες,
1448 1172 1624 1209 Έδεσμεύετο
1649 1170 1753 1210 δρόμος
1777 1170 1872 1206 ἡλίου,

1048 1219 1090 1246 σοὶ
1106 1218 1260 1256 προθεσμία
1274 1218 1352 1254 νίκης
1366 1219 1522 1258 γινόμενος,
1538 1218 1570 1246 σὺ
1595 1216 1624 1245 δὲ
1638 1217 1685 1248 τὰς
1701 1219 1754 1244 τῶν
1768 1216 1871 1244 τέκνων

1047 1264 1148 1302 σφαγὰς
1173 1263 1263 1295 θυσίας
1288 1263 1516 1302 εὐχαριστηρίους
1543 1265 1602 1294 τοῖς
1630 1260 1759 1293 οῗδώλοις
1787 1270 1872 1298 προσ-

1047 1307 1149 1346 ἑφερες.
1167 1307 1222 1335 Ἀεὶ
1237 1307 1384 1347 σύντροφος
1400 1307 1531 1339 Ἰουδαῖος
1550 1306 1673 1343 αἱμάτων
1687 1306 1735 1337 τὰς
1762 1315 1873 1344 προφη-

1045 1354 1101 1380 τῶν
1131 1352 1233 1392 σφαγάς
1262 1350 1458 1390 ὑπολαμϐάνει·
1485 1352 1594 1383 τούτοις
1618 1350 1667 1388 [ἴσ.
1683 1349 1800 1386 τούτων]
1812 1352 1873 1381 τοῖς

1046 1396 1141 1433 α’ίμασι
1156 1397 1224 1424 κατὰ
1236 1397 1332 1435 μικρὸν
1345 1396 1526 1436 ἀρδευόμενος
1536 1396 1574 1427 εἰς
1585 1395 1669 1430 αὐτὴν
1685 1395 1804 1432 σήμερον
1820 1395 1872 1428 τῆς

1045 1441 1216 1480 παρανομίας
1239 1443 1288 1477 τήν
1313 1442 1434 1481 κορυφὴν
1469 1441 1660 1476 ἀπωλίσθησε;
1685 1439 1730 1471 Τίς
1754 1439 1799 1467 οὖν
1826 1438 1873 1466 αύ-

1045 1489 1102 1518 τοῖς
1131 1487 1145 1514 ὁ
1174 1489 1224 1521 τῆς
1259 1486 1430 1524 παρανομίας
1463 1485 1586 1523 καρπός;
1622 1483 1691 1514 Ἰδοὺ
1721 1483 1826 1523 ἀφίεται
1857 1484 1872 1512 ὁ

1046 1532 1119 1562 οἶκος
1134 1531 1210 1568 ὑμῶν
1238 1530 1353 1570 ἕρημος.
1379 1543 1394 1558 ι)
1418 1530 1549 1560 Ἔκδοτον
1573 1529 1611 1562 οἷς
1635 1530 1685 1564 τὴν
1709 1528 1822 1557 κόλασιν
1837 1528 1871 1556 τὸ

1045 1573 1131 1607 ἔθνος·
1160 1573 1212 1607 ἕως
1237 1577 1289 1614 γὰρ
1314 1575 1455 1614 θεραπείας
1477 1573 1575 1603 ἐλπίδα
1600 1573 1756 1613 ὖπιρφαίνει
1772 1573 1803 1600 τὸ
1819 1575 1870 1600 πά-

1005 1609 1026 1642 c
1045 1620 1103 1654 θος,
1119 1621 1217 1658 πράοις
1232 1609 1386 1659 οαρμάκοις
1402 1622 1416 1648 ὁ
1432 1620 1522 1658 ἰατρὸς
1537 1609 1682 1648 ἀνακτᾶται
1702 1618 1733 1646 τὸ
1747 1617 1868 1654 νόσημα·

1041 1665 1179 1704 ἀπογνοὺς
1205 1664 1234 1694 δὲ
1260 1666 1311 1701 τὴν
1342 1666 1483 1703 θεραπείαν
1509 1667 1558 1693 τοῖ’»
1585 1665 1689 1697 πάθους
1712 1664 1780 1700 (17),
1801 1662 1870 1690 ἀπο-

1044 1710 1168 1746 τέμνεται
1186 1710 1280 1746 μέλος.

1079 1756 1106 1782 5.
1122 1755 1223 1792 Μικρὸς
1248 1753 1274 1782 ἐν
1298 1755 1372 1791 μέσῳ
1393 1755 1496 1793 καιρὸς,
1511 1754 1555 1781 καὶ
1571 1756 1662 1791 παρῆν
1681 1749 1782 1782 Ἰούδας
1802 1750 1869 1787 μιτά

1043 1799 1092 1833 τὴν
1118 1801 1215 1836 πρᾶσιν
1240 1797 1364 1837 φαιδρὸς,
1384 1798 1503 1837 καθάπερ
1528 1808 1570 1829 τις
1593 1796 1715 1835 ἔμπορος
1735 1798 1785 1824 τοῦ
1800 1805 1868 1834 φορ-

1043 1842 1102 1870 τίου
1116 1843 1147 1870 τὸ
1163 1842 1247 1880 ἄχθος
1264 1843 1453 1880 ἀπωσάμενος·
1470 1846 1560 1880 παρῆν
1583 1841 1757 1877 ὡπλισμένος
1783 1838 1868 1879 φιλή-

1046 1897 1121 1924 ματι,
1149 1891 1237 1925 παρῆν
1265 1886 1378 1923 δεικνὺς,
1408 1887 1437 1915 εν
1464 1886 1601 1922 ἐπώλησι.
1626 1885 1660 1914 Τί
1673 1884 1719 1913 οὖν
1736 1885 1750 1912 ὁ
1766 1884 1868 1922 Κύριος

1044 1932 1112 1970 πρὸς
1125 1932 1171 1960 τὸν
1188 1931 1289 1960 Ἰούδαν
1303 1942 1310 1967 ;
1326 1933 1371 1964 Ὠς
1400 1933 1469 1969 μέθῃ
1494 1929 1708 1969 βεϐαπτισμένον
1738 1929 1870 1968 γιλαργυ-

1045 1977 1090 2014 ρίᾳ
1104 1978 1160 2013 (48)
1185 1975 1318 2012 διύπνιζε,
1344 1977 1443 2014 λέγων’
1475 1988 1489 2003 ι(
1514 1975 1657 2013 Φιλήματι
1678 1974 1726 2003 τὸν
1741 1974 1804 2002 Υἱὸν
1818 1975 1869 2001 τοῦ

1044 2022 1189 2059 ἀνθρώπου
1217 2021 1392 2060 παραδίδως;
1424 2034 1437 2047 n
1460 2021 1538 2049 Οὕτω
1574 2021 1665 2060 φιλεῖν
1699 2018 1870 2057 ἐδιδάχθης;

1044 2067 1112 2095 Εἶπὲ
1129 2078 1186 2104 μοι,
1203 2067 1282 2098 οὗτος
1297 2070 1360 2105 παρ’
1375 2067 1436 2103 ἐμοί
1451 2077 1493 2094 σοι
1508 2067 1560 2101 τῆς
1589 2066 1697 2103 ἀγάπης
1725 2065 1739 2092 ὁ
1763 2064 1869 2100 νόμοςς

1044 2112 1077 2139 Ὤ
1091 2111 1248 2150 φιλήματος
1276 2110 1392 2148 αἵματος
1417 2109 1659 2148 πιπληρωμένουῐ
1685 2112 1719 2136 ’Ὠ
1742 2108 1869 2145 πολέμου

1043 2156 1238 2195 κεχρωσμένοι.»
1254 2156 1409 2196 φιλήματιξ
1426 2157 1458 2184 Ὠ
1474 2155 1584 2196 φίλημα
1599 2154 1693 2193 δῆγμα
1712 2155 1771 2190 (19)
1789 2153 1870 2181 θανά-

1043 2212 1091 2229 του
1108 2201 1254 2239 γενόμινον
1268 2203 1274 2230 l
1303 2204 1336 2229 Ὤ
1351 2201 1461 2240 φίλημα
1473 2199 1594 2229 ἀσπίδων
1619 2200 1660 2227 ἱὸν
1683 2198 1870 2237 ἐρευγόμενον.

1043 2248 1078 2276 ’Ὀ
1104 2247 1170 2284 πρὸς
1208 2247 1315 2284 ἀγάπην
1349 2245 1508 2284 ἐδιδάχίδης,
1544 2244 1633 2282 τούτῳ
1669 2244 1736 2282 πρὸς
1764 2243 1870 2277 ἀπάτην

167 2290 218 2309 vos
233 2282 262 2309 in
279 2291 327 2310 ore
343 2285 393 2311 tuo
411 2292 417 2312 :
435 2286 505 2321 quid
521 2286 598 2315 celas
609 2288 779 2324 opusituum
790 2291 802 2318 Ρ
815 2290 934 2319 Crucem
946 2300 991 2320 ex-

1048 2282 1170 2330 ἐχρήσω.
1199 2282 1269 2329 ’0ρῶ
1294 2282 1345 2319 σου
1360 2282 1492 2322 τοὺς-ἐπὶ
1506 2292 1554 2317 τοῦ
1568 2289 1704 2326 στόματος
1719 2287 1815 2323 ἥλους
1844 2286 1872 2314 τί

170 2329 279 2363 specto.
296 2328 346 2356 His
359 2328 452 2357 Judas
476 2331 669 2367 compellatus
693 2336 746 2361 est.
772 2335 875 2363 Petrus
890 2339 988 2365 autem

169 2380 299 2401 amorem
323 2382 410 2402 suum
435 2376 601 2410 iuramento
626 2378 792 2407 afﬁrmabat
813 2388 820 2408 :
839 2391 853 2406 α
869 2381 991 2409 Etiamsi

168 2418 330 2453 oportuerit
353 2427 400 2447 me
429 2420 503 2448 mori
529 2423 632 2455 tecum,
660 2431 717 2450 non
742 2426 770 2452 te
791 2425 902 2461 negabo
926 2426 958 2453 ⁸ο.
976 2438 990 2451 ν

168 2462 271 2490 Ebrius
287 2471 394 2498 amors,
420 2467 522 2493 contra
551 2469 675 2495 mortem
702 2467 733 2495 ﬁt
748 2469 886 2498 audacior
907 2479 913 2498 :
932 2479 990 2499 non

164 2506 213 2535 ille
228 2510 339 2535 naturai
356 2508 526 2538 inﬁrmitate
542 2511 629 2539 verba
645 2512 765 2541 metitur
780 2522 833 2542 sua
850 2523 856 2542 :
876 2523 931 2542 non
947 2524 991 2543 co-

166 2551 240 2588 gitat
254 2552 403 2588 loquentis
419 2555 671 2588 veracitatcm,sed
689 2559 916 2587 contradicendo
927 2568 991 2588 sese

159 2597 341 2632 jactat.Quid
353 2605 422 2634 ergo
434 2599 591 2628 Dominus?
602 2600 688 2629 Nulla
704 2602 776 2630 mihi
787 2603 823 2631 ad
840 2603 990 2632 victoriam

1044 2336 1183 2375 κρύπτεις,
1198 2335 1214 2363 ἃ
1229 2335 1374 2374 πράττεις;
1390 2336 1445 2364 Τὸν
1471 2335 1582 2373 σταυρὸν
1608 2333 1743 2370 ἀναμένω.
1758 2332 1790 2361 Ὁ
1820 2332 1869 2368 μὶν

1044 2380 1148 2412 Ἰούδας
1176 2380 1292 2411 τούτοις·
1324 2380 1426 2418 Πέτρος
1447 2378 1477 2407 δὲ
1490 2379 1552 2418 περὶ
1572 2377 1688 2418 φίλτρου
1704 2376 1871 2413 διωμνύετο”

1047 2437 1061 2453 α
1076 2426 1137 2453 Ἐὰν
1154 2424 1200 2463 δὲῃ
1219 2436 1252 2462 με
1278 2425 1323 2453 σὺν
1355 2425 1397 2453 σοὶ
1426 2424 1583 2458 ἀποθανιῖν,
1599 2423 1630 2451 οὗ
1647 2424 1685 2460 μή
1703 2433 1732 2451 σε
1746 2422 1873 2459 ἀπαρνή-

1045 2483 1138 2508 σομαι.
1162 2484 1175 2497 ››
1204 2471 1313 2499 Μεθύων
1344 2474 1384 2508 τῷ
1412 2471 1489 2507 πόθῳ
1516 2470 1584 2498 κατὰ
1608 2470 1723 2497 θανάτου
1742 2467 1871 2505 θρασύνε-

1044 2526 1098 2544 ται·
1115 2515 1146 2543 οὐ
1164 2518 1255 2553 μετρεῖ
1270 2515 1332 2546 τοὺς
1349 2514 1451 2552 λόγους
1475 2515 1509 2550 τῇ
1531 2513 1651 2549 ἐσθενείᾳ
1673 2516 1723 2548 τῆς
1752 2511 1870 2552 φύσεως·

1046 2560 1096 2588 οὐκ
1127 2559 1212 2587 ἐννοεῖ
1239 2559 1284 2587 τὸν
1310 2559 1490 2595 ἀληθεύοντα,
1519 2558 1563 2586 καὶ
1579 2557 1727 2595 ἀντιλὲγων
1743 2555 1872 2593 σεμνύνε-

1045 2614 1099 2632 ται.
1128 2604 1158 2631 Τί
1187 2606 1232 2631 οὖν
1259 2604 1273 2631 ὁ
1291 2603 1410 2641 Κύριος;
1426 2603 1462 2630 Οὐ
1478 2602 1558 2641 χρεία
1573 2612 1626 2639 μου
1641 2601 1730 2640 λόγων
1746 2600 1814 2638 πρὸς
1829 2599 1871 2627 νί-

199 2698 221 2716 τ⁶
237 2697 472 2733 Μοῐῐιι.ἶχιίνι,9.
510 2700 532 2717 ⁷⁷
570 2700 671 2728 Matth.
711 2711 792 2735 xxiii,
809 2704 851 2730 32.
891 2704 991 2732 "ibid.

1048 2726 1054 2732 .
1093 2705 1116 2723 ⁷³
1125 2705 1193 2733 Luc.
1208 2713 1279 2738 χχιι,
1296 2704 1340 2732 48.
1378 2704 1401 2722 ³ο
1416 2703 1520 2732 Matth.
1537 2711 1614 2737 xxv1,
1629 2703 1674 2730 35.

202 2793 259 2829 (17)
271 2793 343 2830 Βοε.
361 2793 393 2830 το
406 2793 502 2830 πάθος,

200 2828 254 2867 (18)
271 2828 338 2865 Reg.
355 2828 543 2869 φιλαργυρίας,

1080 2799 1138 2836 (19)
1154 2799 1225 2837 Reg.
1241 2796 1349 2836 δεῖγμα,
1366 2797 1452 2827 lectio
1467 2797 1566 2826 dubia.
