2051 3109
181 196 260 226 1053

725 197 859 228 SEltMO
880 198 919 228 ιιι
944 196 1167 228 PASSIONEM
1189 196 1339 227 DOMINI.

1806 197 1884 227 1055

179 274 239 298 κην·
256 262 427 301 ξΑλεκτρυών
450 274 497 291 σου
524 264 574 298 τήν
593 264 778 302 μεγαλαυχίαν
803 264 915 302 ἐλέγξει·
932 264 1002 291 ἐκεῖ-

1060 264 1214 292 verborum
1231 263 1400 291 necessitas.
1417 263 1571 292 Jactatiam
1588 266 1668 291 tuam
1685 263 1780 299 gallus
1802 272 1884 292 coar-

179 318 224 339 νος
237 310 292 336 τῶν
306 310 354 335 τοῦ
369 307 500 336 δεσπότου
517 308 604 347 λόγων
620 310 769 347 συνήγορος
794 307 876 337 ἔσται·
903 309 1003 340 ἐκεῖνός

181 363 224 380 σοι
252 355 312 383 τοῖς
335 355 388 380 τῶν
415 352 544 391 ῥημάτων
569 353 688 390 κόμποις
716 354 787 392 βοῶν
807 354 1002 389 ἀντιστήσεται.

179 396 334 431 Ἠκολο-ὃθη
348 400 406 428 τοῖς
422 396 517 435 λόγοις
537 398 571 425 τὰ
595 399 748 436 πράγματα.
765 397 897 434 Παιδίσκη
921 399 1003 437 φθέγ-

180 452 267 479 γεται,
283 441 329 468 καί
352 442 370 476 ἠ
395 438 499 481 κορυφή
524 444 577 469 τῶν
598 442 757 471 ἀποστόλων
775 442 943 481 ταράττεται,
959 443 1004 471 καὶ

181 485 287 524 Πέτρος
311 485 464 524 ἐλέγχεται.
491 486 562 523 Κόρη
588 486 678 522 λαλεῖ,
693 488 768 522 καὶὴ
794 487 877 526 πέτρα
905 487 1005 526 χειμά-

182 533 265 565 ζεται·
285 530 355 567 κόρη
379 530 523 567 ψιθυρίζει,
546 531 591 558 καὶ
617 531 719 569 Πέτρος
744 532 871 569 ἀρνεῖται.
888 532 1011 571 ’Ήλπιζε

180 573 283 607 πείθειν
297 575 347 609 τὴν
368 575 451 613 κόρην
470 575 483 602 6
500 576 602 614 Πέτρος
625 576 744 613 ὀμνύων·
761 576 823 605 ἀλλ’
845 575 919 615 ὅρνις
943 576 1006 608 τοὺς

181 619 280 657 ὅρκους
305 620 336 648 οὐ
362 619 480 659 δέχεται·
498 621 665 658 ἐπιστομίζει
689 625 749 653 ταῖς
774 625 876 661 φωναῖς
895 622 940 650 τὸν
958 622 1005 659 ἀρα

180 664 322 702 νούμενον.
349 665 437 702 ’Λείαν
467 665 652 700 ἀποστολικὴν
677 666 726 694 οὐκ
749 667 917 705 αἰσχύνεταν
940 670 1007 704 τιμᾷ

181 710 233 748 γὰρ
259 712 309 736 τοῦ
338 709 474 737 Δεσπότου
501 711 550 745 τήν
580 710 742 749 πρόρῥησιψ
759 724 772 738 ‹‹
790 712 856 749 Πρὶν
874 711 1007 749 ἀλέκτορα

182 755 317 792 ᾳωνῆσαι,
333 754 392 792 τρὶς
421 755 563 793 ἀπαρνήσῃ
590 766 633 791 με.
652 767 663 781 ι
689 755 811 795 Εἴληφα,
838 756 933 794 Πέτρε,
957 760 1007 791 τῆς

180 798 348 836 κατηγορίας
362 799 392 826 τὸ
408 799 541 836 σύνθημα.
559 800 610 827 Κᾶν
627 801 762 835 σιωπῆσαι
780 801 817 837 μὴ
840 800 922 835 θέλω,
942 801 1005 839 βοᾷν

181 843 232 871 οὐκ
249 843 348 881 ἰσχύω.
365 847 396 871 Ὠ
419 843 549 882 ῥημάτων
571 845 699 881 κυμάτων
723 847 763 881 τῷ
793 846 888 883 Πέτρῳ
913 845 1007 884 φανέν-

180 888 250 916 τωνί
267 889 316 916 Ὃν
332 886 433 925 ᾐδέσθη
449 889 482 916 τὰ
496 889 614 925 κύματα,
629 892 723 917 τοῦτον
749 889 904 927 ἀλεκτρυὼν
930 890 1007 926 ἐστη-

184 932 317 960 λίτευσεν.
333 933 422 961 ’Όπου
448 933 498 971 γὰρ
529 933 542 960 ὁ
559 932 696 969 Δεσπότης
721 934 895 971 προστάττων
925 934 1006 970 ἐστὶν,

184 977 315 1014 ὑπηρετεῖ
328 980 387 1008 τοῖς
399 976 568 1013 ὁμοδούλοις
579 978 596 1013 ἡ
610 978 835 1010 θάλαττα.“οπου
847 980 860 1006 6
872 979 1008 1014 Δεσπότης

183 1020 368 1057 ἂντιπράττει,
384 1022 428 1049 καὶ
453 1021 629 1061 ἀλεκτρυόνες
655 1023 824 1058 ὁπλίζονται.
841 1025 932 1052 Πάντα
955 1023 1006 1062 γὰρ

178 1068 238 1097 τοῖς
264 1068 312 1093 τοῦ
337 1066 521 1102 πεποιηκότος
550 1065 642 1095 ἕπεται
666 1068 805 1104 νεύμασιν,
830 1080 843 1094 ‹‹
868 1069 930 1098 Ἐὰν
961 1067 1007 1105 δέῃ

182 1121 217 1147 με
232 1110 280 1138 σὺν
296 1111 340 1138 σοὶ
363 1110 520 1146 ἀποθανεῖν,
538 1111 569 1139 οὗ
596 1113 633 1148 μή
659 1123 688 1140 σε
712 1112 913 1151 ἀπαρνήσομαι·
933 1125 944 1139 ι
962 1114 1007 1141 καὶ

176 1154 273 1182 πάλιν·
289 1167 303 1181 u
320 1154 376 1183 Οὐκ
391 1154 452 1183 οἰδα
466 1157 513 1183 τὸν
531 1155 684 1193 ἄνθρωπον.
711 1169 724 1182 ››
741 1157 829 1186 Βλέπε
854 1155 939 1197 φόϐου
962 1158 1007 1185 καὶ

177 1199 264 1227 πόθου
293 1200 538 1239 συμπεπλεγμένας
567 1201 668 1240 φωνάς.
696 1202 855 1240 Ἠγνόησας,
871 1203 894 1229 ὦ
912 1203 1006 1241 Πέτρε,

177 1244 224 1271 τὸν
241 1244 340 1282 Κύριον
355 1255 361 1279 ;
379 1245 483 1274 Οὐκοῦν
503 1245 546 1273 καὶ
563 1246 577 1273 6
594 1245 691 1284 Κύριος
709 1247 754 1274 τὸν
782 1247 884 1285 Πέτρον
909 1247 1008 1285 ἠγνόη-

180 1300 223 1317 σεν
237 1299 245 1324 ;
261 1290 294 1317 Ὢ
309 1287 397 1328 φόϐου
412 1289 495 1322 πόθον
518 1292 696 1326 νικήσαντοςί
720 1292 864 1329 Θεώρησον
887 1293 935 1326 τὴν
958 1294 1007 1320 τοῦ

179 1333 286 1372 Ιῐέτρου
301 1332 415 1370 δειλίαν,
430 1334 476 1362 ’ίνα
493 1336 591 1373 μάθῃς,
607 1335 647 1366 τίς
664 1336 677 1363 ὁ
701 1336 750 1370 τήν
772 1336 925 1375 παῤῥησίαν
951 1335 1006 1364 δω-

179 1379 324 1416 ρούμενος.
340 1378 516 1417 Ἐλεγχέσθω
542 1379 629 1417 φύσις,
643 1379 689 1407 ’ίνα
713 1382 783 1419 φανῇ
799 1381 816 1415 ἠ
833 1380 925 1419 χάρις·
951 1380 1004 1409 δει-

178 1423 286 1451 κνύσθω
299 1423 330 1451 τὸ
345 1424 441 1458 πάθος,
455 1423 587 1464 ἵνα,φανῇ
610 1426 660 1458 τῆς
685 1424 823 1462 δυνάμεως
839 1426 853 1453 ό
868 1426 1004 1464 χορηγός·

180 1467 255 1504 αὖτῷ
283 1468 300 1503 ἡ
330 1467 394 1504 δόξα
422 1469 467 1495 καὶ
488 1469 519 1496 τὸ
548 1469 647 1505 κράτος
673 1469 717 1497 καὶ
740 1472 785 1497 νῦν
810 1471 855 1497 καὶ
878 1470 915 1502 εἰς
940 1471 1003 1502 τοὺς

178 1511 281 1544 αἰῶνας
295 1515 350 1540 τῶν
366 1512 484 1542 αἰώνων.
501 1514 602 1550 Ἀμήν.

214 1576 236 1594 ⁸¹
254 1576 358 1604 Matth.
374 1586 451 1611 xxvr,
466 1578 510 1605 34.
548 1578 572 1596 ³³
587 1578 661 1607 Ibid.
676 1579 720 1607 72.

1058 311 1128 345 guet
1157 317 1164 336 :
1193 308 1256 344 ipse
1285 308 1398 337 Domini
1428 308 1582 336 verborum
1599 311 1728 336 assertor
1742 309 1819 336 erit:
1836 308 1886 337 ille

1059 353 1203 381 cantando
1220 353 1374 380 verborum
1391 355 1509 380 tuorum
1530 352 1720 380 venditationi
1751 353 1884 381 obsistet.

1058 398 1153 426 Verba
1179 397 1325 432 ejusmodi
1355 406 1400 425 res
1425 398 1487 433 ipsa
1502 401 1657 425 consecuta
1673 399 1727 425 est.
1745 397 1887 433 Loquitur

1059 442 1167 479 puella,
1184 444 1212 470 et
1233 442 1432 477 apostolorum
1462 441 1630 478 coryphaaus
1657 442 1804 476 turbatur,
1835 442 1886 469 Pe-

1059 490 1182 523 trusque
1206 487 1385 523 coarguitur.
1402 486 1501 514 Puella
1514 486 1654 522 loquitur,
1672 489 1700 514 et
1714 489 1797 522 petra
1812 488 1885 514 tem-

1060 534 1173 569 pestate
1189 534 1329 559 movetur.
1348 531 1446 559 Puella
1461 533 1605 566 susurrat,
1622 533 1650 558 et
1665 533 1768 559 Petrus
1789 533 1884 567 negat.

1059 576 1202 613 Sperabat
1217 576 1320 604 Petrus
1335 576 1511 611 sibijuranti
1523 575 1611 603 ﬁdem
1627 575 1793 603 habituram
1809 576 1888 611 puel-

1061 621 1139 655 lam;
1155 621 1205 649 sed
1223 621 1463 656 avisjuramenta
1477 629 1534 648 non
1551 620 1682 648 admittit
1708 629 1713 648 :
1739 628 1806 648 voce
1836 628 1889 648 sua

1057 665 1172 702 juranti
1188 674 1220 693 os
1237 665 1353 693 obturat
1367 674 1373 699 ;
1390 665 1579 701 apostolicam
1592 673 1649 692 non
1667 667 1781 693 veretur
1795 665 1889 701 digni-

1061 713 1150 738 tatem
1169 720 1175 738 :
1194 712 1348 738 veneratur
1362 710 1470 746 quippe
1493 709 1609 737 Domini
1639 709 1885 746 praedicationem.

1063 767 1077 781 (ι
1108 755 1284 791 Priusquam
1313 754 1409 791 gallus
1438 756 1546 788 cantet,
1562 757 1606 781 ter
1621 762 1668 781 me
1684 754 1804 789 negabis
1819 754 1852 780 ⁸⁸.
1870 765 1883 778 η

1063 800 1179 835 Accepi,
1194 808 1210 827 ο
1226 800 1319 831 Petra,
1338 799 1494 826 accusandi
1510 801 1628 834 tempus
1644 798 1822 826 condictum.
1843 798 1887 825 Li—

1063 847 1108 873 cet
1121 847 1215 872 tacere
1231 844 1331 878 nolim,
1349 843 1475 871 clamare
1490 846 1588 870 tamen
1605 851 1660 871 non
1678 843 1770 870 valeo.
1786 842 1808 870 Ο
1825 852 1886 870 ver-

1062 889 1100 916 ba
1114 897 1177 925 quae
1193 888 1277 924 quasi
1294 888 1400 915 ﬂuctus
1418 888 1499 915 Petro
1515 888 1577 915 visa
1592 887 1678 915 sunt!
1709 887 1799 919 Quem
1831 888 1887 914 ﬂu-

1063 936 1129 961 ctus
1144 933 1226 961 veriti
1242 934 1325 965 sunt,
1341 941 1407 960 eum
1421 932 1550 959 traduxit
1565 931 1669 968 gallus.
1680 932 1752 959 Nam
1770 932 1819 960 ubi
1836 932 1889 959 Do-

1064 978 1162 1005 minus
1178 977 1313 1013 imperat,
1331 976 1370 1004 ibi
1389 985 1469 1004 mare
1484 976 1633 1004 conservis
1649 975 1816 1004 famulatur.
1835 976 1887 1003 Ubi

1063 1027 1204 1054 Dominus
1220 1028 1373 1062 repugnat,
1389 1025 1430 1052 ibi
1452 1029 1606 1053 armantur
1621 1025 1676 1061 ipsi
1691 1024 1771 1061 galli.
1784 1025 1888 1053 Omnia

1061 1071 1170 1107 quippe
1185 1071 1299 1107 opiﬁcis
1315 1073 1418 1098 nutum
1434 1073 1607 1106 sequuntur.
1625 1081 1639 1095 «
1657 1070 1778 1098 Etiamsi
1800 1078 1886 1105 opor—

1061 1115 1150 1143 tuerit
1174 1123 1220 1142 ms
1234 1114 1307 1142 mori
1323 1116 1432 1147 tecum,
1449 1123 1505 1142 non
1521 1116 1551 1142 te
1567 1114 1678 1150 negabo
1694 1123 1703 1140 :
1722 1125 1736 1140 »
1751 1116 1779 1142 et
1796 1117 1860 1149 post
1878 1123 1884 1140 :

1062 1171 1075 1185 «
1095 1160 1157 1188 Non
1173 1159 1238 1187 novi
1254 1159 1404 1186 hominem
1419 1159 1452 1186 ⁸².
1469 1169 1483 1183 n
1499 1159 1572 1186 Vide
1588 1158 1702 1186 timoris
1717 1159 1885 1194 amorisque

1061 1204 1252 1240 complicatas
1267 1211 1362 1231 voces.
1379 1203 1441 1230 Non
1465 1211 1562 1237 noras,
1588 1203 1681 1237 Patre,
1708 1203 1860 1230 Dominum
1873 1203 1886 1229 ?

1061 1251 1105 1276 An
1121 1249 1211 1284 igitur
1225 1250 1253 1275 et
1268 1247 1410 1275 Dominus
1425 1247 1541 1275 Petrum
1558 1256 1615 1275 non
1632 1247 1725 1274 novit?
1739 1248 1760 1275 Ο
1777 1251 1887 1275 malum

1061 1293 1111 1329 qui
1127 1293 1218 1320 vincit
1233 1292 1374 1320 amo’rsml
1387 1292 1544 1320 Considera
1560 1292 1632 1319 mihi
1647 1291 1728 1319 illam
1746 1292 1821 1320 Petri
1835 1293 1889 1319 ἴοι·-

1061 1338 1213 1371 midinem,
1225 1339 1255 1365 ut
1272 1337 1536 1372 ediscas,quisnam
1553 1335 1656 1371 sitqui
1671 1335 1721 1363 dat
1736 1336 1884 1363 ﬁduciam.

1060 1383 1207 1418 Arguatur
1235 1384 1350 1413 natura,
1377 1383 1410 1408 ut
1426 1385 1564 1417 appareat
1583 1380 1676 1417 gratia
1692 1389 1698 1407 :
1715 1380 1886 1408 exhibentur

1059 1426 1227 1461 inﬁrmitas,
1244 1428 1276 1453 ut
1291 1427 1431 1462 appareat
1446 1425 1562 1460 virtutis
1578 1427 1689 1457 auctor,
1717 1424 1762 1451 cui
1792 1424 1884 1460 gloria

1059 1474 1087 1498 et
1111 1470 1268 1506 imperium
1296 1472 1324 1498 et
1348 1478 1425 1497 nunc
1444 1472 1473 1498 et
1500 1469 1530 1497 in
1558 1468 1666 1497 saecula
1696 1468 1882 1497 seculorum.

1058 1519 1163 1543 Amen.

684 1696 721 1723 IN
741 1695 939 1724 SERMONEM
959 1695 1176 1729 SEQUENTEM
1197 1694 1377 1723 MONITUM.

215 1751 289 1781 885
307 1752 402 1781 Sermo
417 1753 448 1780 in
463 1755 631 1781 Puroaceven
646 1755 794 1789 antiquum
805 1758 844 1782 est
858 1762 943 1788 opus:
952 1762 1017 1782 nam
1031 1754 1062 1781 in
1077 1754 1215 1782 codicibus
1229 1762 1366 1781 annorum
1381 1753 1529 1789 plusquam
1539 1754 1759 1787 octingentorum
1771 1753 1882 1788 legitur.

177 1797 300 1825 Minime
312 1798 403 1825 tamen
419 1798 569 1825 Athanasio
583 1799 772 1831 ascribendus,
788 1799 875 1833 stylus
889 1800 966 1826 enim
982 1799 1168 1827 Athonanano
1183 1798 1312 1826 absimile
1325 1798 1409 1833 plane
1431 1803 1482 1825 est.
1508 1800 1580 1826 Nam
1604 1798 1666 1825 licet
1692 1797 1743 1825 hoc
1765 1805 1882 1833 opuscu-

179 1841 238 1868 lum
264 1842 388 1878 aliquam
416 1845 548 1878 prae/erat
574 1843 721 1877 eleganti}?
740 1851 867 1878 spectem,
898 1846 928 1871 at
952 1844 1069 1872 minime
1095 1845 1221 1871 nativam
1248 1852 1258 1871 .'
1285 1843 1332 1871 sed
1352 1844 1449 1878 tropis,
1465 1843 1574 1878 ﬁguris,
1589 1841 1832 1870 exclamationibus
1848 1842 1883 1868 ad

180 1884 349 1920 κακοζηλίαν
362 1894 446 1922 usque
459 1887 667 1915 redundantem.
683 1889 713 1916 In
730 1887 822 1916 nullis
845 1889 931 1916 etiam
946 1888 1092 1917 Athanasii
1118 1897 1233 1925 operum
1260 1888 1465 1916 collectionibus
1491 1887 1688 1922 manuscriptis
1717 1886 1804 1913 locum
1832 1885 1882 1912 ha-

182 1930 252 1966 buit,
267 1930 340 1966 quod
354 1932 485 1959 sciamus.
502 1932 591 1982 Quare
607 1932 679 1960 inter
693 1933 788 1968 spuria
803 1934 901 1961 merito
915 1933 1072 1969 obtegatur.

760 2056 824 2081 ΤΟΥ
843 2056 886 2081 EN
906 2055 1020 2081 ΔΓΙΟΙΣ
1041 2055 1176 2080 ΠΑΤΡΟΣ
1196 2054 1290 2079 ΗΜΩΝ

848 2127 1212 2176 ΑΘΑΝΑΣΙΟΥ

482 2216 593 2242 ΛΟΓΟΣ
614 2217 671 2242 ΕΙΣ
690 2215 732 2243 ΤΟ
754 2215 868 2243 ΠΔΘΟΣ
888 2215 953 2242 ΤΟΥ
972 2216 1093 2243 ΚΥΡΙΟΥ
1112 2215 1167 2251 (20)
1186 2216 1230 2249 Τῌ
1252 2216 1330 2250 Am
1353 2216 1557 2247 ΠΑΡΔΣΚΕΥᾚ

716 2349 762 2395 S.
801 2348 856 2396 P.
893 2348 952 2395 N.
991 2348 1347 2396 ATHANASII

512 2430 660 2462 SERMO
681 2412 730 2462 lN
748 2430 1000 2461 PASSIONEM
1020 2430 1177 2462 DOMINI
1194 2431 1245 2462 ΙΝ
1268 2430 1546 2463 PARASCEVE.

210 2566 236 2592 1.
253 2564 333 2601 Μέγα
349 2564 396 2600 μὲν
413 2563 526 2602 οὐρανὸς
543 2562 750 2603 δημιούργημα,
767 2565 811 2592 καὶ
826 2566 875 2597 τῆς
891 2564 998 2603 ὁρωμέ-

1091 2566 1116 2592 1.
1138 2565 1275 2601 Magnum
1305 2565 1421 2601 quidem
1452 2566 1600 2602 opiﬁcium
1631 2567 1676 2594 est
1702 2565 1819 2599 caelum,
1849 2574 1882 2593 ac

172 2619 224 2643 νης
239 2608 354 2640 κτίσεως
368 2611 477 2646 πρῶτον
494 2609 545 2637 ὑπὸ
559 2611 608 2637 τοῦ
624 2611 690 2637 Θεοῦ
706 2608 744 2640 εἷς
759 2609 790 2637 τό
806 2609 872 2637 εἶναι
892 2609 996 2637 καλού-

1060 2610 1183 2638 )rimum
1200 2609 1333 2638 omnium
1349 2619 1413 2646 quae
1430 2611 1485 2638 sub
1500 2613 1652 2647 aspectum
1668 2611 1778 2638 cadunt
1802 2618 1884 2637 crcu-

176 2662 269 2689 μενον”
294 2653 363 2690 μέγα
391 2651 419 2680 δέ
446 2664 473 2680 τι
497 2653 542 2681 καὶ
571 2654 723 2690 θαυμαστὸν
753 2656 806 2682 τῶν
831 2653 955 2692 ἀγγέλων
977 2654 995 2688 ἡ

1060 2663 1196 2688 ;urarum,
1221 2663 1238 2682 a
1265 2657 1322 2683 Deo
1351 2657 1484 2683 vocatum
1506 2657 1539 2682 ut
1554 2657 1640 2682 esset.
1656 2655 1795 2691 Magnum
1811 2654 1881 2681 item

173 2697 266 2736 φύσις,
291 2696 416 2734 ἀοράτοις
438 2698 639 2736 στεφανουμένη
663 2701 720 2729 τοῖς
744 2697 884 2726 κάλλεσιν.
900 2700 997 2734 ἈμιΛ-

1060 2699 1204 2735 ιυὶάρὶαω
1221 2702 1247 2727 et
1263 2699 1468 2727 admirandum
1490 2702 1535 2727 est
1563 2699 1734 2735 angelorum
1763 2701 1878 2726 natura-

175 2741 257 2770 λᾶται
281 2744 338 2772 τοῖς
359 2742 517 2779 εἰρημένοις
541 2742 585 2769 καὶ
609 2741 700 2777 ἥλιος,
724 2743 770 2774 τὰς
792 2742 925 2781 ἡμερινὰς
947 2744 997 2770 τοῦ

1060 2744 1233 2771 ποοιηθηῐὶε
1263 2744 1462 2772 invisibilibus
1490 2747 1638 2771 coronata.
1666 2745 1735 2770 Cum
1753 2743 1799 2769 bis
1816 2750 1881 2776 (μιν

176 2785 266 2824 φωτὸς
295 2784 441 2823 λαμπάδας
464 2783 709 2825 περιϐαλλόμενος,
735 2787 779 2815 καὶ
801 2787 847 2815 τὸν
872 2786 996 2825 οὐράνιον

1060 2787 1181 2816 liximus
1197 2788 1240 2817 sol
1255 2788 1414 2822 contendit,
1441 2788 1490 2824 qui
1519 2788 1636 2816 diurnis
1664 2787 1739 2814 lucis
1769 2785 1880 2812 facibus

213 2858 271 2895 (20)
286 2858 334 2887 Sic
352 2867 425 2888 mss.
442 2858 518 2887 Editi
533 2867 600 2888 vero
616 2858 798 2896 simpliciter,
815 2858 853 2891 εἰς
867 2859 918 2894 τὴν
934 2857 1005 2898 ἁγίαν

1060 2859 1206 2898 ιρασκευήλν,
1221 2859 1340 2889 omissis
1355 2858 1486 2895 reliquis.
