4092 6218
372 318 528 382 1055

1539 337 1607 395 S.
1653 331 2175 395 ATHANASIUS.
2206 366 2283 378 —
2306 335 2613 396 SPURIA.

3630 250 3817 405 ,τι

373 454 623 526 cinctus,
655 457 947 517 caelestem
982 464 1235 520 concitat
1266 470 1783 523 cursum.Mentem
1815 468 2023 524 obstu-

2144 462 2344 539 δρόμον
2380 465 2639 523 ἐλαύνων.
2672 466 2999 539 Ἐκπληττει
3029 471 3128 539 τὴν
3172 468 3411 526 διάνοιαν
3461 476 3495 538 ἡ
3547 478 3640 549 γῆ,
3671 496 3767 549 κρε

374 545 991 621 pefacitterra,jussu
1040 554 1140 609 Dei
1198 573 1508 623 suspensa,
1567 574 1633 612 ac
1688 574 1860 628 grave
1920 558 2029 612 hoc

372 633 729 690 elementum
780 642 949 709 aquis
982 644 1295 699 invectum.
1331 645 1476 709 Quid
1510 648 1580 701 de
1613 647 1758 701 mari
1791 647 2028 715 dixeris,

372 722 455 778 ita
485 725 791 795 explicato,
835 746 1014 785 arena
1048 733 1259 801 cincto,
1293 735 1482 789 ventis
1513 736 1839 807 gubernato
1860 737 1887 790 ‘?
1918 735 2029 791 Sed

380 810 501 867 haec
542 817 739 869 omnia
793 818 1030 888 quidem
1081 820 1345 892 pulchra,
1406 825 1723 880 admodum
1784 823 2031 896 pulchra

378 912 518 956 sunt
570 906 866 961 creatricis
897 908 1196 980 sapientiae
1231 913 1497 983 opiﬁcia;
1531 916 1630 970 sed
1664 932 1864 971 eorum
1899 914 2026 984 pul-

378 990 770 1048 chritudinem
805 996 1139 1068 deturpavit
1189 1001 1391 1068 homo,
1452 1020 1518 1058 ac
1573 1004 1812 1060 honoris
1872 1003 2031 1061 allati

377 1080 781 1150 exuberantia,
840 1085 1139 1145 honoratis
1171 1092 1395 1162 pridem
1430 1093 1844 1149 contumeliam
1880 1096 2031 1150 irro-

376 1168 554 1239 gavit.
580 1170 690 1225 Res
717 1174 872 1228 enim
905 1183 1129 1233 creatas
1161 1196 1341 1252 supra
1374 1183 1613 1237 modum
1646 1184 2032 1240 admiratione

380 1266 744 1327 persecutus,
780 1263 851 1317 iis
885 1281 1009 1336 qua
1042 1273 1174 1323 ante
1204 1270 1261 1324 in
1293 1270 1509 1327 honore
1540 1278 1727 1337 erant,
1778 1274 2031 1329 dedecus

376 1346 611 1403 infudit.
666 1351 755 1406 Sic
788 1352 971 1409 invita
1002 1363 1267 1413 creatura
1298 1361 1509 1415 erroris
1543 1367 1728 1416 mater
1760 1364 1888 1419 fuit.
1922 1364 2030 1418 Sed

375 1437 765 1494 errabundam
796 1443 1111 1499 miseratus
1136 1450 1676 1519 Dominus,crucem
1698 1452 1755 1505 in
1772 1452 2029 1507 medium

381 1526 596 1591 attulit,
631 1527 974 1587 hominibus
1006 1536 1353 1607 cognitionis
1384 1538 1506 1603 Dei,
1542 1539 1688 1610 ipsis
1746 1542 2031 1597 creaturis

379 1612 1419 1686 validius,instrumentum.lnefﬁcax
1443 1628 1639 1699 itaque
1670 1630 1877 1684 caelum
1922 1630 2034 1685 fuit

381 1702 449 1755 ad
487 1702 848 1775 impietatem
880 1712 1309 1781 corrigendam.
1343 1717 1637 1773 Adoratus
1668 1717 1753 1773 sol
1810 1721 2032 1791 pudore

2143 556 2357 627 μαμένη
2420 556 2815 631 προστάγματι,
2878 560 2966 613 καὶ
3023 560 3086 614 τὸ
3152 560 3286 636 βαρὺ
3345 569 3619 639 στοιχεῖον
3669 572 3792 628 τοῖς

2138 641 2321 698 ὕδασιν
2386 644 2784 720 ἐποχούμενον.
2837 647 2896 701 Τί
2950 645 2999 702 δ’
3047 647 3104 702 ἄν
3166 670 3250 711 τις
3304 649 3470 722 εἷίποι,
3521 651 3789 716 θάλατταν

2138 735 2475 806 ἥπλωμένην
2539 736 2703 810 ὁρῶν,
2752 737 2841 790 καὶ
2896 740 3271 812 ψάμμιρ’(21)
3326 741 3419 812 μὲν
3473 738 3793 815 δεδεμένην,

2136 822 2406 895 πνεύμασι
2451 821 2509 878 δὲ
2554 819 3023 901 κυϐερνωμένην;
3072 825 3245 883 Ἀλλὰ
3286 831 3459 884 πάντα
3510 834 3606 902 μὶν
3649 832 3796 889 καλὲ

2136 912 2226 965 καὶ
2288 911 2405 966 λίαν
2482 912 2645 983 καλὰ,
2700 915 2788 968 καὶ
2862 919 2964 980 τῆς
3020 921 3117 971 τοῦ
3177 915 3525 994 δημιουργοῦ
3602 923 3797 984 σοφίας

2135 1002 2507 1076 τεχνάσματα·
2544 999 2746 1078 ᾔσχυνε
2800 1000 2857 1058 δὲ
2906 1004 3112 1060 τούτων
3162 1007 3224 1061 τὸ
3265 1006 3472 1070 κάλλος
3516 1011 3543 1064 6
3577 1010 3798 1085 ἂνθρω-

2138 1111 2240 1153 πος
2292 1094 2358 1164 τῇ
2408 1092 2506 1159 τῆς
2550 1099 2718 1165 τιμῆς
2769 1089 3073 1167 ὑπερϐολῇ,
3120 1099 3237 1157 τοῖς
3293 1099 3635 1169 τιμωμένοις
3691 1102 3794 1168 τήν

2139 1174 2295 1255 ὕϐριν
2348 1182 2629 1254 γεννήσας.
2684 1186 2876 1255 Θαῦμα
2930 1184 3031 1258 γὰρ
3089 1188 3157 1257 τῇ
3216 1185 3386 1240 κτίσει
3433 1189 3800 1265 προσενέγκας

2144 1264 2461 1341 ὑπερϐαῖνον
2497 1270 2562 1324 τὰ
2597 1272 2765 1346 μέτρα
2788 1278 2890 1340 τῆς
2915 1273 3168 1343 κτίσεως,
3199 1273 3413 1346 ἀδοξίαν
3446 1284 3566 1340 τοῖς
3613 1299 3802 1351 τιμω-

2144 1358 2325 1430 μένοις
2348 1359 2622 1433 κατέχεεν.
2659 1360 2818 1416 Οὕτω
2849 1358 3058 1428 πλάνης
3095 1366 3277 1438 μήτηρ
3310 1366 3345 1434 ἡ
3377 1366 3549 1428 κτίσις
3591 1369 3803 1424 ἄκουσα

2139 1448 2379 1522 γέγονεν.
2417 1445 2575 1502 Ἀλλ’
2619 1447 2845 1525 ᾤκτειρε
2892 1456 2990 1518 την
3041 1450 3400 1526 πλανωμένην
3449 1456 3477 1510 6
3524 1456 3675 1522 Θεὸς,
3706 1459 3802 1512 καὶ

2142 1537 2287 1614 φέρει
2330 1536 2556 1612 σταυρὸν
2586 1536 2636 1591 ἐν
2675 1539 2844 1610 μέσῳ,
2888 1542 3216 1615 θεογνωσίας
3263 1542 3572 1618 ἀνθρώποις
3626 1542 3797 1622 ὄργα-

2139 1646 2251 1693 νον,
2305 1628 2403 1694 τῆς
2462 1626 2688 1689 κτίσεως
2749 1625 3154 1705 δυνατώτερον.
3214 1637 3524 1707 ’Ἅπρακτος
3577 1640 3714 1710 γοῦν
3774 1638 3804 1690 6

2141 1713 2368 1788 οὐρανὸς
2428 1717 2564 1791 πρὸς
2606 1711 2849 1779 ἀσεϐείας
2908 1720 3024 1791 (22)
3077 1720 3261 1795 γέγονε
3321 1718 3634 1796 διόρθωσιν.
3694 1726 3802 1781 Καὶ

380 1792 618 1862 quidem
679 1796 921 1851 affectus
977 1806 1085 1869 est,
1119 1818 1222 1857 nec
1250 1804 1432 1859 valuit
1462 1812 1659 1860 tamen
1696 1809 2031 1867 adoratores

2144 1802 2306 1873 ἥλιος
2369 1805 2463 1877 μὶν
2541 1804 2816 1880 ᾐσχύνετο
2890 1809 3388 1883 προσκυνούμενος,
3445 1811 3679 1868 κωλύειν
3739 1811 3802 1868 δὲ

376 1882 683 1951 prohibere
717 1923 729 1935 .
788 1886 965 1941 Terra
1022 1892 1246 1962 corpori
1305 1894 1543 1964 quidem
1604 1897 2033 1953 medicamenta

375 1970 614 2040 profert,
648 1974 747 2027 sed
782 1978 1084 2046 aegrotanti
1117 1981 1325 2035 animae
1373 2000 1541 2053 opem
1602 1986 1750 2041 ferre
1806 1988 2029 2059 nequit.

378 2058 533 2114 Mare
566 2059 703 2115 huic
728 2062 879 2119 malo
915 2068 1173 2123 curando
1219 2069 1409 2141 impar
1467 2058 2030 2145 deprehendebatur.

383 2147 580 2203 Caecus
611 2148 786 2207 homo
819 2153 1101 2210 circuibat
1130 2164 1539 2232 creaturam,et
1569 2165 1625 2218 in
1659 2166 1811 2236 quod
1847 2166 2033 2239 palpi-

386 2237 564 2292 tando
595 2237 1064 2307 incidebat,illud
1096 2248 1377 2305 adorabat
1412 2267 1423 2304 :
1457 2250 1758 2325 Deumque
1790 2237 1902 2310 non
1932 2272 2033 2326 po-

384 2328 535 2380 terat
564 2327 752 2383 inveni
764 2336 1048 2402 re,utpote
1079 2352 1252 2406 quem
1284 2343 1405 2394 tota
1436 2346 1834 2398 creaturarum
1865 2344 2037 2399 turba

389 2413 569 2469 Deum
606 2418 950 2487 praedicans,
984 2424 1054 2476 ad
1091 2426 1266 2482 unius
1324 2429 1420 2483 Dei
1480 2431 1803 2489 doctrinam
1862 2434 2039 2489 dedu-

390 2519 517 2559 cere
576 2522 691 2583 ngn
750 2507 985 2566 valeret.
1021 2512 1128 2567 Sed
1164 2518 1318 2586 quod
1353 2518 1562 2575 coelum
1596 2523 1895 2593 nequibat,
1928 2522 2038 2578 hoc

389 2610 529 2648 crux
557 2594 786 2652 efﬁcere
816 2600 1042 2669 potuit:
1076 2619 1248 2674 quem
1304 2607 1390 2661 sol
1447 2625 1561 2664 non
1619 2611 1838 2678 docuit,
1897 2630 2041 2668 crux

398 2683 693 2756 refulgens
720 2686 1075 2745 illuminavit
1108 2709 1120 2748 :
1148 2694 1261 2750 vile
1291 2695 1517 2768 lignum
1549 2700 1901 2770 plantatum,
1937 2703 2039 2757 im-

387 2772 586 2843 pietati
618 2775 880 2832 deditum
909 2780 1103 2835 orbem
1129 2783 1197 2837 ad
1219 2784 1491 2855 pietatem
1514 2788 2037 2863 excoluit.Lignum

389 2860 786 2919 damnationis
818 2865 1299 2940 instrumentum,
1357 2875 1652 2934 damnatis
1708 2879 2036 2936 libertatem

391 2950 740 3007 conciliavit.
798 2956 1059 3012 Invalida
1115 2962 1181 3014 ad
1244 2962 1494 3020 salutem
1553 2966 1859 3024 hominum
1913 2975 2038 3026 erat

389 3044 654 3095 creatura
684 3060 695 3095 2
726 3045 991 3115 ingressa
1022 3065 1162 3102 crux
1195 3056 1259 3106 ut
1290 3054 1554 3110 medicus
1587 3059 2038 3129 apparuit.Quia

390 3129 544 3183 enim
579 3147 735 3187 mors
768 3132 924 3204 ligno
958 3140 1235 3208 tanquam
1270 3142 1475 3199 baculo
1505 3144 1643 3200 olim
1694 3164 1821 3212 usa,
1879 3150 2034 3203 radi-

387 3228 511 3268 cem
563 3214 880 3274 humanam
912 3232 1299 3299 oppugnarat,
1324 3230 1596 3298 viamque
1626 3235 1697 3288 ad
1730 3251 1857 3292 sese
1887 3236 2033 3292 insi-
2067 3198 2110 3265 C

387 3304 683 3358 nuandam
718 3307 1036 3378 invenerat,
1068 3318 1597 3388 transgressionem
1621 3323 1844 3381 scilicet
1874 3324 2033 3381 illam

391 3407 494 3461 per
523 3392 717 3448 cibum
756 3398 1031 3467 vetitum;
1090 3412 1290 3473 aperta
1318 3412 1457 3463 tunc
1491 3412 1661 3465 morti
1694 3412 1804 3483 via,
1832 3431 2035 3470 conse-

388 3482 681 3550 quebatur
709 3499 836 3539 eam
869 3503 1053 3558 genus
1086 3491 1433 3562 humanum,
1467 3504 1523 3553 et
1572 3500 1670 3571 qui
1723 3504 2035 3575 participes

387 3574 555 3625 erant
586 3576 807 3629 naturae
840 3578 1152 3653 (humanas)
1183 3581 1441 3642 haeredes
1474 3588 1646 3644 iidem
1682 3591 1839 3647 fuere
1896 3574 2034 3665 sup-

388 3659 568 3727 plicii.
606 3667 677 3715 At
708 3661 855 3720 Deus
888 3665 1105 3738 plastes
1140 3670 1234 3727 ille
1264 3673 1522 3745 ﬁgmenti
1586 3680 1861 3737 misertus
1920 3659 2034 3749 sui,

386 3747 614 3821 lignum
679 3759 918 3826 naturae,
952 3760 1306 3830 {oppositum
1341 3765 1561 3822 scilicet
1588 3768 1748 3841 ligno
1783 3747 2035 3826 medica?

390 3844 672 3907 mentum,
705 3840 952 3915 largitus
982 3852 1071 3903 est
1103 3867 1114 3903 :
1150 3852 1603 3929 passionemqne
1632 3840 1878 3931 induxit,
1902 3879 2036 3934 pas-

390 3928 537 3983 sioni
572 3932 858 3989 medelam
895 3953 908 3989 :
950 3941 1006 3991 et
1033 3944 1276 3996 mortem
1325 3962 1451 4015 qua:
1508 3928 1658 4002 tunc
1712 3928 2034 4021 obtine-hat,

390 4033 492 4088 per
521 4018 699 4075 aliam
728 4030 972 4080 mortem
993 4044 1024 4081 a
1044 4044 1106 4084 se
1136 4032 1318 4087 armis
1338 4033 1683 4093 instructam
1707 4040 2034 4096 debellavit.

396 4112 475 4161 Ac
506 4126 736 4166 rursum
774 4113 919 4169 liber
947 4116 1144 4186 homo,
1177 4122 1395 4191 quibus
1427 4127 1601 4182 rebus
1659 4130 1730 4184 ad
1788 4135 2033 4186 mortem

392 4195 502 4251 fuit
550 4198 844 4271 alligatus,
877 4204 950 4258 iis
985 4205 1489 4269 immortalitatem
1524 4215 1741 4274 invenit
1775 4236 1787 4275 :
1821 4221 2038 4291 quibus

393 4286 547 4340 enim
583 4288 894 4347 damnatus
923 4293 1129 4352 iisdem
1162 4298 1444 4358 liberatus
1475 4309 1583 4361 est.

463 4393 617 4448 386
647 4396 700 4450 2.
733 4402 776 4451 Ο
808 4398 1061 4457 divinam
1111 4421 1239 4461 vere
1293 4409 1664 4483 sapientiam,
1720 4415 2037 4473 cmlestem-

391 4498 502 4553 que
537 4484 902 4544 machinam!
940 4489 1088 4548 Crux
1120 4495 1308 4552 deﬁxa
1340 4499 1469 4564 fuit,
1494 4507 1558 4581 et
1588 4502 1876 4559 idolorum
1910 4508 2033 4562 cul-

389 4576 488 4625 tus
531 4588 767 4629 eversus
801 4593 813 4630 2
848 4595 989 4633 crux
1019 4583 1282 4653 excitata,
1316 4593 1372 4642 et
1430 4574 1720 4647 diabolica
1775 4601 2033 4665 potestas
2064 4570 2110 4633 Β

388 4660 668 4717 damnata
726 4664 835 4721 fuit
869 4684 881 4722 :
917 4686 1056 4725 crux
1105 4673 1294 4730 deﬁxa
1328 4677 1453 4745 fuit,
1481 4688 1534 4734 et
1560 4660 1899 4740 Judzeorum
1932 4703 2031 4741 su-

387 4750 587 4821 perbia
615 4752 671 4807 in
702 4756 929 4812 ruinam
965 4776 1124 4816 versa
1154 4769 1241 4819 est
1268 4783 1281 4834 ;
1309 4772 1373 4822 ut
1399 4769 1627 4826 ediscas
1658 4788 1772 4827 non
1807 4774 2033 4845 simpli-

387 4838 530 4894 citer
557 4839 781 4914 lignum
815 4851 900 4902 tot
956 4850 1374 4912 miraculorum
1425 4874 1552 4913 esse
1610 4877 1871 4929 causam,
1930 4866 2030 4921 sed

385 4943 517 4983 eum
554 4931 650 5001 qui
682 4933 841 5006 ligno
872 4940 940 4992 ad
974 4942 1271 4998 victoriam
1303 4950 1392 5001 est
1423 4948 1711 5004 usus.Non
1744 4950 1897 5007 enim
1931 4970 2034 5025 per

384 5034 444 5073 se
476 5021 671 5090 passio
700 5030 790 5079 est
820 5026 1225 5093 salutaris,sed
1254 5032 1349 5089 ille
1377 5036 1650 5093 salutaris
1682 5045 1769 5095 est
1799 5042 1895 5113 qui
1931 5021 2033 5114 per

382 5110 717 5180 passionem
750 5114 997 5171 salutem
1030 5118 1213 5177 voluit
1245 5122 1602 5195 dispensare.
1636 5129 1760 5185 Tibi
1792 5110 2030 5202 quidem

382 5216 539 5256 mors
580 5203 709 5258 ﬁta
739 5209 927 5260 morte
958 5208 1300 5283 redemptio,
1351 5216 1451 5271 sed
1506 5234 1701 5274 rerum
1759 5225 2030 5276 naturam

890 5390 1040 5469 Editi
1073 5410 1226 5459 vero,
1256 5395 1505 5469 ψάμμοις
1539 5396 1741 5469 ἐνδεηε.

598 5460 680 5536 ita
709 5460 955 5536 Qolb._2.
994 5473 1164 5521 recte.
1203 5460 1349 5523 Ed'iti
1381 5460 1534 5536 vero,
1570 5467 1857 5533 εὐσεϐείας.

601 5533 683 5612 ita
722 5532 1204 5612 d_u9_Colbertini.
1243 5545 1303 5595 In
1336 5532 1530 5609 editis,
1556 5532 2026 5612 ἠτόνησείᾱοοει.

474 5604 564 5675 24)
596 5603 685 5681 Ita
732 5604 891 5681 _Colb.
942 5610 994 5677 2,
1044 5610 1202 5667 Colb.
1262 5615 1312 5679 1,
1358 5603 1651 5671 συνείπετο.
1704 5603 1880 5681 Εόίῐί,
1913 5637 2031 5670 συν-

380 5674 573 5744 ήπετο.
608 5675 788 5733 Paulo
818 5674 1161 5751 post,'Colb.
1194 5685 1249 5740 2.
1281 5674 1533 5741 κοινωνοὶ
1573 5690 1673 5754 τῆς
1725 5674 2025 5751 κολάσεως.

2140 1891 2269 1954 τυὺς
2319 1898 2747 1967 προσκυνοῦντας
2794 1895 2893 1950 οὐκ
2940 1894 3149 1972 ἴσχυσε.
3200 1901 3296 1970 Γῆ,
3340 1900 3407 1954 τὰ
3456 1904 3552 1954 τοῦ
3601 1902 3797 1975 σώμα-

2140 2002 2232 2043 τος
2264 1981 2521 2057 φάρμακα
2553 1982 2810 2057 βρύουσα,
2838 1988 2906 2058 τῇ
2940 1988 3096 2060 ψυχῇ
3145 1987 3375 2062 νοσούσῃ
3424 1989 3647 2063 βοηθεῖν
3693 1989 3797 2045 ούκ

2142 2068 2397 2141 ἠδύνατο.
2428 2071 2677 2127 Θάλασσα
2720 2075 2944 2149 περιττή
2986 2075 3123 2151 πρὸς
3165 2078 3228 2131 τὸ
3272 2078 3444 2140 πάθος
3493 2078 3792 2155 ἠλέγχετο.

2143 2162 2241 2217 Καὶ
2275 2163 2559 2225 ἄνθαωπος
2586 2160 2919 2239 τυφλώττων
2961 2171 3194 2240 περιῆγε
3237 2168 3337 2234 τὴν
3386 2166 3580 2236 κτίσιν,
3609 2168 3700 2223 καὶ
3729 2170 3794 2223 τὸ

2144 2251 2481 2326 προσπίπτον
2514 2249 2781 2330 ψηλαφῶν
2812 2252 3152 2329 προσεκύνει.
3186 2256 3314 2311 Θεὸν
3368 2256 3539 2330 εὑρεῖν
3592 2256 3655 2311 ού
3700 2255 3794 2312 δυ-

2144 2340 2394 2414 νάμενος·
2428 2342 2485 2395 ’ὸν
2520 2341 2547 2395 6
2578 2344 2675 2405 τῆς
2705 2341 2933 2404 κτίσεως
2958 2341 3095 2414 ὅλης
3124 2341 3301 2417 δῆμος
3337 2346 3622 2422 κηρύττων
3653 2347 3795 2423 πρὸς

2145 2432 2242 2499 τήν
2290 2431 2406 2491 ἑνὸς
2453 2435 2585 2485 Θεοῦ
2634 2428 2979 2486 διδασκαλίαν
3026 2432 3315 2510 προσάγειν
3361 2434 3461 2489 ούκ
3487 2434 3795 2511 ἐξήρκεσεν.

2147 2519 2304 2576 Ἀλλ’
2335 2522 2364 2575 ’ὀ
2398 2521 2472 2592 μή
2502 2519 2795 2590 πεποίηκεν
2830 2521 2858 2575 6
2882 2520 3307 2596 ούρανὸς,τοῦτο
3342 2522 3555 2600 ἴσχυσεν
3589 2526 3617 2578 6
3640 2546 3798 2579 σταυ-

2148 2611 2261 2687 ρός·
2312 2611 2402 2665 καὶ
2451 2611 2508 2665 ’ὸν
2571 2608 2733 2678 ἥλιος
2781 2609 2884 2665 οὐκ
2938 2608 3161 2684 ἐδίδαξε,
3194 2614 3420 2689 σταυρὸς
3472 2612 3795 2688 ἀναλάμψας

2148 2700 2566 2779 ἐφωταγώγησε·
2617 2699 2705 2753 καὶ
2754 2698 2914 2769 ξύλον
2969 2699 3181 2764 εὐτελὲς
3230 2704 3482 2780 φυτευθὲν
3532 2704 3794 2777 οἰκουμέ-

2144 2812 2242 2861 νην
2271 2784 2562 2844 ἀσεϐοῦσαν
2600 2788 2729 2862 πρὸς
2760 2783 3026 2845 εὐσέϐειαν
3060 2788 3379 2866 ἐγεώργησε.
3413 2791 3598 2848 Ξύλον
3629 2813 3793 2847 κατα-

2148 2877 2307 2949 δίκης
2356 2875 2581 2954 ὅργανον
2627 2883 2743 2938 τοῖς
2790 2876 3099 2941 καταδίκοις
3148 2878 3451 2956 ἐλευθερίαν
3495 2881 3797 2960 ἐκαρποφό-

2147 2990 2329 3042 ρησεν.
2380 2966 2638 3037 Ἠτὸνησε
2692 2968 2805 3040 (23)
2857 2968 2993 3044 πρὸς
3067 2969 3337 3044 σωτηρίαν
3393 2969 3696 3045 ἀνθρώπων
3756 2974 3791 3042 ἦ

2145 3058 2341 3125 κτίσις,
2406 3056 2495 3111 καὶ
2566 3056 2791 3131 σταυρὸς
2871 3055 3130 3113 εἰσελθὼν
3220 3059 3401 3135 ἰατρὸς
3480 3058 3793 3137 ἀνεδείχθη.

2147 3144 2367 3216 Ἐπειδή
2401 3146 2503 3222 γὰρ
2536 3146 2563 3200 ὁ
2598 3144 2845 3214 θάνατος,
2880 3143 3025 3219 ξύλῳ
3053 3147 3115 3201 τὸ
3141 3147 3310 3202 πάλαι
3348 3148 3616 3224 βακτηρίᾳ
3644 3169 3792 3225 χρη-

2148 3236 2421 3309 σάμενος,
2480 3236 2577 3303 τήν
2635 3239 2743 3289 τῶν
2803 3234 3104 3310 ἀνθρώπων
3167 3236 3313 3312 ῥίζαν
3377 3236 3793 3313 ἐπολιόρκησεν,

2144 3325 2269 3382 ὁδὸν
2324 3326 2491 3399 εὑρὼν
2556 3324 2631 3386 εἷς
2680 3322 3025 3399 παρείσδυσιν
3075 3326 3173 3395 τήν
3219 3325 3269 3380 ἐν
3313 3328 3513 3403 βρώσει
3544 3322 3793 3403 παράϐα-

2145 3434 2249 3472 σιν*
2280 3414 2421 3486 τότε,
2456 3412 2918 3489 παρανοιχθείσης
2946 3413 3088 3469 οὕτω
3135 3418 3234 3480 τῆς
3278 3414 3408 3471 ὁδοῦ
3451 3421 3531 3489 τῷ
3580 3418 3793 3490 θανάτῳ

2142 3506 2208 3560 τὰ
2236 3506 2357 3580 γένη
2394 3505 2691 3573 συνήπτετο
2725 3505 2858 3576 (24),
2887 3503 2979 3558 καί
3027 3504 3077 3557 oi
3126 3505 3381 3560 κοινωνοὶ
3425 3509 3524 3571 τῆς
3582 3505 3794 3583 φύσεως

2144 3594 2378 3670 ἐγίνοντο
2426 3588 2769 3665 κληρονόμοι
2813 3592 3113 3656 κολάσεως.
3146 3594 3431 3669 Οἷκτείρας
3479 3596 3606 3657 τοὺς
3652 3596 3793 3651 πλα-

2146 3685 2362 3749 σθέντας
2408 3684 2435 3738 6
2484 3682 2756 3753 πλάστης,
2804 3682 2962 3752 ξύλον
3019 3683 3424 3761 ἀντιφάρμακον
3487 3684 3651 3757 ξύλου
3721 3690 3791 3760 τῇ

2146 3772 2296 3853 φύσει
2374 3771 2676 3849 χαρίζεταί,
2725 3771 2815 3826 καὶ
2888 3774 3059 3835 πάθος
3133 3773 3449 3847 οἰκονομίας
3512 3774 3793 3849 εῗσήνεγκε

2144 3865 2345 3924 πάθους
2402 3859 2837 3939 ἀλεξιφάρμακον
2890 3860 2980 3916 καὶ
3038 3862 3246 3935 θανάτῳ
3295 3861 3577 3937 κρατοῦντι
3626 3864 3792 3927 θάνα-

2142 3974 2232 4008 τον
2284 3949 2611 4013 ἀνθοπλίσας
2668 3949 3103 4025 κατηγωνίσατο·
3136 3951 3226 4006 καὶ
3283 3951 3445 4007 πάλιν
3507 3951 3791 4029 ἐλεύθερος

2146 4040 2512 4118 ὁᾶνθρωπος,
2564 4041 2644 4101 οἷς
2702 4038 2853 4110 ἐδέθη
2914 4040 3049 4114 πρὸς
3111 4042 3360 4114 θάνατον,
3416 4041 3633 4104 τούτοις
3692 4044 3794 4111 τὴν

2146 4131 2428 4196 ἀθανασίαν
2639 4128 2952 4204 εὑράμενος·
3005 4127 3075 4184 δι’
3132 4130 3205 4183 ὧν
3256 4131 3357 4206 γὰρ
3425 4130 3793 4207 κατεκρίνετο,

2146 4220 2236 4277 διὰ
2264 4220 2467 4275 τούτων
2498 4217 2707 4275 ἐλύετο.

2217 4421 2269 4474 2.
2301 4424 2363 4471 Ὠ
2395 4415 2534 4479 θείας
2560 4414 2783 4483 ἀλῆθῶς
2816 4412 3030 4491 σοφίας,
3064 4414 3150 4469 καὶ
3206 4418 3465 4491 μηχανῆς
3497 4416 3791 4491 ούρανίουί

2149 4506 2388 4581 Σταυρὸς
2436 4503 2727 4579 ἐπήγνυτο,
2777 4502 2864 4557 καὶ
2912 4499 3338 4578 ετλδωλολατρεία
3387 4507 3792 4582 κατεστρέφετοο

2143 4595 2368 4671 σταυρὸς
2426 4592 2685 4667 ἐγείρετο,
2735 4592 2823 4645 καὶ
2885 4588 3176 4661 διαϐολικὴ
3241 4590 3519 4648 δυναστεία
3574 4593 3792 4651 κατεδι-

2145 4685 2356 4754 κάζετο·
2418 4682 2644 4758 σταυρὸς
2702 4679 2991 4756 ἐπήγνυτο,
3051 4682 3141 4735 καὶ
3198 4679 3472 4739 Ἰουδαίων
3532 4683 3561 4737 6
3617 4683 3794 4762 τύφος

2144 4776 2280 4851 πρὸς
2339 4776 2543 4828 πτῶσιν
2608 4767 3029 4843 μεθίστατοστίνα
3084 4769 3284 4845 μάθῃς,
3344 4770 3425 4826 ὅτι
3491 4773 3566 4843 μὴ
3627 4770 3792 4842 ξύλον

2145 4863 2333 4925 ἁπλῶς
2376 4866 2481 4917 τῶν
2514 4859 2787 4915 τοσούτων
2823 4858 3110 4930 θαυμάτων
3156 4859 3462 4935 παραίτιον,
3494 4858 3621 4916 ἀλλ’
3652 4863 3681 4916 ὁ
3712 4867 3794 4916 τῶ

2147 4952 2292 5024 ξύλῳ
2322 4951 2455 5025 πρὸς
2485 4951 2582 5017 τὴν
2615 4947 2771 5019 νίκην
2801 4946 3169 5023 χρησάμενος.
3202 4948 3275 5003 Ού
3317 4950 3418 5025 γὰρ
3466 4951 3585 5013 καθ’
3634 4952 3794 5006 ἑαυτὸ

2144 5043 2207 5097 τὸ
2237 5041 2404 5104 πάθος
2438 5040 2730 5112 σωτήριον,
2762 5035 2889 5091 ἀλλ’
2919 5037 2947 5091 ὁ
2980 5034 3068 5092 διὰ
3096 5036 3301 5092 πάθους
3351 5037 3662 5112 οἰκονομεῖν
3694 5041 3795 5109 τὴν

2146 5129 2413 5205 σωτηρίαν
2470 5126 2822 5203 βουλόμενος.
2864 5126 2960 5181 Σοὶ
3014 5126 3107 5197 μὶν
3158 5127 3262 5201 γὰρ
3311 5126 3513 5201 γίνεται
3562 5127 3793 5183 θανάτου

2145 5219 2298 5281 λύσις
2346 5220 2373 5273 6
2404 5219 2673 5290 (θάνατος,
2715 5215 2841 5271 ἀλλ’
2889 5214 3093 5289 ἤμειψε
3141 5222 3247 5270 τῶν
3299 5218 3630 5293 πραγμάτων
3691 5219 3792 5285 τήν

2143 5404 2272 5460 Mox
2303 5405 2636 5457 contextum
2670 5405 2805 5456 ante
2834 5399 2893 5455 in
2925 5398 3123 5454 multis
3153 5398 3419 5455 vitiatum
3447 5417 3513 5455 ex
3538 5417 3683 5458 mss.
3706 5417 3793 5459 re-

2142 5475 2481 5547 stituimus.
2501 5473 2656 5528 Infra
2686 5472 2932 5527 Colbert.
2963 5474 3017 5540 2,
3051 5488 3154 5543 pro
3186 5468 3645 5547 ἀλεξιφάρμακον,
3680 5474 3795 5529 ha-

2141 5547 2237 5603 bet
2266 5543 2628 5617 ἀλεξιτήριον.

2212 5619 2326 5689 (25)
2358 5611 2445 5675 lta
2473 5611 2619 5674 mss.
2650 5614 2805 5672 Editi
2836 5631 2992 5685 vero,
3023 5611 3365 5688 ἀκαθαρσίαν.
