2046 3109
185 174 262 205 1059

773 178 805 206 S.
829 173 1134 207 ATHANASIUS.—
1153 174 1305 208 SPURlA.

1897 3 2017 42 ’7’—

183 243 331 279 gentibus.
350 245 380 270 ut
396 251 446 279 pro
458 242 580 271 Domino
597 246 706 280 pugnet
721 251 728 271 :
746 243 945 279 inexspectata
956 252 992 271 no

1065 243 1164 282 φαίνειν
1181 242 1212 271 οὕ
1227 243 1328 281 τολμᾷ-
1346 244 1457 282 ἇρπαζει
1484 245 1537 272 τῶν
1563 243 1749 282 σταυρούντων
1774 244 1805 272 τὸ
1820 247 1898 284 φῶς,

184 289 229 314 cte
243 287 410 315 Judzeorum
429 287 549 314 damnat
564 287 759 322 iniquitatem.
771 287 918 315 Concussa
934 289 1010 314 terra

182 332 327 365 turbatur;
345 340 377 358 ac
394 334 472 358 motu
485 339 538 358 suo
556 332 716 367 praecipitat
728 339 777 359 eos
788 331 837 367 qui
850 331 1007 359 Dominum

181 377 405 412 suspenderent.
422 376 483 408 Quo
500 378 582 411 pacto
600 385 654 404 non
671 376 835 404 crederem?
848 376 1007 404 Contume-

182 420 230 448 liis
246 421 381 448 affectum
398 420 480 447 illum
498 429 562 447 esse
577 429 673 456 regem
691 420 796 448 clamat
812 421 875 456 ipse
891 420 1005 448 titulus.

181 467 324 493 Creaturaa
340 465 544 492 testiﬁcantur.
561 464 628 496 Quae
646 466 673 492 in
691 465 794 493 litteris
810 465 922 501 lego,ea
941 465 1006 501 ipsa

180 512 267 538 rebus
282 510 466 546 comprobari
481 510 573 538 video.
592 522 605 535 «
623 511 767 538 Memento
788 511 855 544 mei,
874 511 1004 542 Domine.

177 556 248 584 dum
266 555 378 583 veneris
393 554 423 582 in
439 563 563 591 regnum
578 557 675 582 tuum.
693 566 707 580 ››

209 645 282 672 387
312 645 339 671 4.
365 643 386 671 0
414 643 488 671 latro
510 644 613 671 acerbe
636 644 805 672 Judasorum
829 646 1000 674 accusator!

174 689 195 717 0
212 689 285 717 latro
298 688 420 724 justitiaa
436 688 573 716 advocate
590 688 595 715 l
613 688 635 716 0
651 689 725 717 latro
741 689 821 725 regni
839 690 1000 718 mercator!

173 734 194 762 0
212 733 286 761 latro
302 733 432 769 paradisi
448 733 565 761 custos!
583 733 605 761 Ο
620 733 694 761 latro
708 734 817 761 Adamn
833 734 911 762 circa
921 742 1000 762 crea-

175 781 258 806 turas
272 777 359 812 longe
374 777 486 805 ﬁrmior
501 777 507 804 l
526 777 546 805 0
562 776 636 805 latro
662 786 767 813 proavo
790 778 869 805 eirea
885 778 1002 814 paradi-

177 830 243 850 sum
260 821 458 850 constantior!
477 824 561 849 Manu
583 821 630 849 ille
653 821 821 858 importune
834 822 869 850 ad
886 822 1001 858 lignum

173 868 430 898 extensa,mortem
448 866 555 893 invexit
570 867 598 893 in
613 867 775 894 mundum:
789 869 820 894 tu
836 869 1000 903 opportune

173 911 325 947 explicatis
338 910 368 938 in
388 918 474 938 cruce
492 910 628 938 manibus
653 910 798 946 perditum
822 911 999 946 recuperasti

174 956 353 991 paradisum.
372 955 394 982 Ο
410 954 495 988 latro,
511 954 561 990 qui
578 955 718 982 amissam
729 954 835 982 avitam
847 955 999 983 haeredita-

175 1003 244 1033 tem,
262 1007 320 1026 uno
338 998 411 1026 felici
428 1006 497 1026 casu
523 998 699 1034 recuperasti
714 998 720 1025 ί
738 998 760 1026 0
780 998 854 1026 latro
870 998 920 1034 qui
940 999 1000 1035 pri-

175 1052 242 1071 mus
257 1043 338 1079 regni
354 1042 567 1071 confessionem
585 1043 708 1078 adeptus
724 1043 773 1070 es!
791 1042 813 1070 Ο
829 1042 903 1070 latro
919 1043 999 1080 regni

172 1089 323 1116 confessor
344 1090 373 1115 et
397 1087 489 1114 heres
515 1089 677 1123 martyrum
706 1087 836 1115 imitator
852 1088 857 1115 l
876 1087 898 1115 0
914 1087 998 1123 latro,

172 1133 221 1168 qui
237 1132 344 1168 pusillo
358 1132 445 1159 verbo
460 1131 565 1159 oculum
583 1131 742 1167 aperuisti!
760 1131 781 1159 0
795 1131 869 1159 latro
881 1132 931 1168 qui
948 1132 999 1160 mi-

172 1185 236 1204 rum
253 1176 506 1204 incantamentum
521 1175 556 1203 ad
574 1175 680 1203 mirum
696 1176 867 1204 thesaurum
884 1184 999 1213 compa-

170 1221 296 1248 randum
312 1220 499 1248 adhibuisti!
515 1223 537 1248 0
553 1220 626 1248 latro
641 1220 692 1256 qui
707 1220 813 1248 celum
829 1221 909 1249 velut
931 1229 997 1249 cru-

173 1266 215 1293 cis
230 1265 375 1301 appendix
405 1264 526 1292 eﬁ‘ecisti
543 1264 549 1291 Ι
567 1264 673 1293 Olatro
699 1264 823 1301 legitimi
853 1265 998 1294 latrocinii

174 1310 344 1337 hominibus
369 1309 488 1337 doctor!
515 1309 537 1337 0
563 1309 636 1337 latro
668 1310 718 1345 qui
742 1309 887 1338 laudabile
910 1310 997 1339 doces

172 1353 376 1381 latrocinium!
392 1353 414 1381 0
426 1353 499 1381 latro
510 1353 559 1389 qui
576 1354 710 1381 homines
726 1354 851 1382 docuisti
872 1363 929 1390 quo
945 1364 995 1391 pa-

173 1401 220 1426 cto
236 1406 357 1435 regnum
375 1398 451 1427 furto
467 1398 652 1434 abriperent!
668 1398 690 1427 0
707 1398 781 1427 latro
799 1399 866 1427 furti
884 1400 994 1434 doctor,

170 1437 295 1471 maxime
306 1445 379 1480 grati
397 1443 439 1470 illi
457 1452 473 1471 a
493 1451 551 1479 quo
572 1451 617 1471 res
643 1444 791 1471 aufertur!
807 1443 830 1471 0
850 1443 924 1472 latro
943 1444 995 1481 qui

174 1496 311 1524 magnam
325 1487 394 1515 furti
411 1487 574 1515 mercedem
586 1487 784 1523 conscripsisti
799 1487 843 1516 70
859 1488 931 1517 latro
943 1490 992 1525 qui

170 1540 308 1568 magnum
325 1532 519 1560 confessionis
540 1531 668 1559 fructum
693 1532 846 1560 ostendisti
860 1533 866 1560 !
881 1533 904 1561 0
919 1533 993 1562 latro

169 1576 220 1612 qui
236 1577 319 1604 tarde
330 1576 522 1610 credidisti,et
532 1576 589 1604 cito
597 1577 787 1604 contessuses
804 1584 811 1605 :
828 1580 994 1613 postremus

171 1620 276 1649 venisti
292 1623 321 1648 et
336 1620 450 1657 primus
460 1628 492 1648 es
502 1622 659 1648 coronatus
671 1622 676 1649 Ι
695 1620 806 1649 Ο⁴Ιοὶτο
814 1621 863 1657 qui
874 1622 992 1650 celerri-

171 1674 248 1693 mam
266 1665 332 1693 ﬁdei
348 1665 509 1693 efﬁcaciam
524 1665 680 1693 exbibuisti
699 1666 705 1692 !
722 1665 744 1693 0
760 1666 833 1694 latro
859 1667 910 1702 qui
927 1668 993 1696 ﬁdei

168 1712 285 1745 partum
300 1709 456 1743 edocuisti,
472 1709 522 1745 qui
538 1711 669 1745 tempore
685 1710 807 1738 minime
826 1714 891 1747 eget
906 1712 942 1740 ad
952 1712 992 1740 fs-

167 1758 231 1782 tum
256 1754 422 1782 edendum!
441 1754 464 1793 Q
489 1753 563 1782 latro
588 1754 690 1782 acerbe
713 1754 795 1782 Judae
820 1756 989 1785 accusator!

0 1800 277 1839 “411nm
292 1800 341 1836 qui
358 1798 510 1836 proditiori
528 1799 592 1834 ipso
607 1798 711 1835 laqueo
726 1799 842 1835 gravior
856 1800 936 1828 visus
949 1801 990 1830 es!

167 1846 188 1873 0
205 1845 278 1873 latro
294 1844 344 1881 qui
359 1844 441 1873 Judte
451 1843 644 1880 proditionem
657 1846 758 1871 contra
766 1844 914 1873 diabolum
925 1845 991 1873 inii-

170 1892 249 1918 tatus
265 1897 314 1926 es]
331 1890 435 1917 Olatro
451 1888 502 1925 qui
514 1888 586 1916 mire
601 1889 665 1924 ejus
680 1891 742 1917 arte
755 1897 827 1917 usus
842 1898 873 1917 es
889 1893 992 1919 contra.

172 1934 256 1962 illum
273 1934 280 1961 l
296 1934 318 1962 0
334 1935 407 1962 latro
420 1933 471 1966 qui
482 1933 718 1969 justeGhristum
730 1933 871 1968 emisti,et
886 1937 989 1963 testem

170 1979 366 2015 possessionis
382 1986 498 2007 crucem
515 1978 681 2006 adduxisti!
699 1978 721 2006 Ο
737 1979 812 2006 Petri
829 1979 990 2008 commilito

167 2026 194 2052 et
210 2023 411 2060 apostolorum
427 2025 594 2060 symmysta.

197 2158 225 2185 5.
241 2157 364 2185 Crucem
380 2165 466 2193 porro
483 2157 593 2193 excepit
609 2157 789 2193 sepulcrum,
805 2165 908 2194 expers
923 2158 988 2187 bac-

163 2207 249 2231 tenus
264 2201 459 2238 sepulturamo
475 2201 642 2238 sepul:rum
652 2202 881 2231 immortalitatis
896 2203 987 2232 locus!

160 2250 182 2275 Ο
199 2247 367 2283 sepulcrum
383 2245 608 2274 resurrectionis
623 2246 759 2274 ofﬁcina!
777 2246 799 2275 0
820 2247 988 2283 sepulcrum

1016 930 1040 962 B

1008 1614 1029 1647 C

1068 288 1132 325 ὑπερ
1157 288 1291 316 Δεσπότου
1318 289 1486 326 μαχόμενος⁸
1502 289 1577 316 νυκτὶ
1602 287 1824 326 παραλόγῳ
1840 300 1897 317 κα-

1064 331 1200 367 ταδικάζει
1222 331 1359 361 Ἰουδαίων
1384 333 1565 370 παρανομίαν.
1589 334 1620 361 Ἡ
1651 336 1686 371 γῆ
1718 333 1894 370 σαλευομένη

1063 376 1232 413 ταράττεται,
1261 378 1306 405 καὶ
1343 381 1448 416 κρεμνᾷ
1474 380 1578 414 σεισμῷ
1606 377 1670 409 τοὺς
1697 377 1740 405 ἐπὶ
1771 380 1894 416 σταυροῦ

1062 422 1107 449 τὸν
1125 421 1262 456 Δεσπότην
1278 423 1474 460 κρεμάσαντας.
1492 424 1555 453 Πῶς
1572 422 1610 459 μὴ
1634 423 1756 456 uenalia);
1773 422 1894 450 Βασιλέα

1061 467 1107 493 τὸν
1131 464 1307 504 ὑϐριζόμενον
1324 467 1337 494 ὁ
1352 465 1444 497 τίτλος
1472 467 1532 504 βοᾷ.
1548 467 1579 494 Ἦ
1603 466 1687 497 στίσις
1713 468 1891 505 μαρτύρεται.

1061 511 1146 548 "Amp
1168 511 1340 548 ἀναγινώσκω
1357 514 1417 542 τοῖς
1440 511 1610 549 γράμμασιν,
1627 511 1798 549 ἐπιγινώσκω
1825 514 1889 543 τοῖς

1060 555 1201 593 πράγμασι
1321 568 1335 582 u
1359 555 1452 592 Κύριε,
1469 555 1605 592 μνήσθητί
1630 566 1694 593 μου,
1716 555 1778 583 ὅταν
1803 555 1891 593 ἔλθῃς

1060 599 1086 627 ἐν
1102 602 1137 637 τῇ
1155 599 1280 638 βασιλείᾳ
1295 611 1353 629 σου.
1372 613 1386 626 n

1095 646 1120 673 4.
1137 647 1168 672 Ὠ
1197 644 1282 682 λῃστά
1310 644 1390 683 πικρὶ
1417 647 1471 672 τῶν
1503 644 1643 674 Ἰουδαίων
1671 646 1823 683 κατήγορει
1852 646 1889 673 Ὦ

1059 687 1144 725 λῃστά
1175 688 1348 724 δικαιοσύνης
1382 689 1534 727 συνήγοριί
1564 690 1597 716 Ὦ
1626 689 1714 727 λῃστά
1744 689 1888 728 βασιλείας

1057 732 1181 771 ἔμπορεί
1199 734 1232 761 Ὠ
1248 734 1333 771 λῃστὰ
1355 732 1520 771 παραδείσου
1544 732 1645 773 φύλαξί
1663 735 1696 761 Ὦ
1720 733 1807 771 λῃστά
1835 737 1888 762 τοῦ

1057 776 1147 814 Ἀδὰμ
1174 779 1236 815 περὶ
1265 779 1314 813 τὴν
1343 778 1429 806 κτίσιν
1461 776 1629 817 βεϐαιότερεί
1655 781 1687 806 Ὠ
1721 778 1806 815 λῃστά
1833 781 1886 807 τοῦ

1056 822 1194 860 προγόνου
1217 822 1279 860 περὶ
1303 823 1349 849 τὸν
1384 821 1547 861 παράδεισον
1569 820 1770 861 ἀσφαλέστεριί
1797 823 1886 851 Ἐκεῖ-

1055 877 1111 899 νος,
1128 867 1245 904 ἀκαίρως
1274 866 1391 898 ἐκτείνας
1420 867 1470 901 τὴν
1489 869 1570 905 χεῖρα
1598 866 1641 894 ἰπὶ
1669 867 1700 894 τὸ
1716 866 1796 902 ξύλον
1812 868 1883 904 (37),

1056 912 1168 942 θάνατον
1193 911 1231 942 εἰς
1259 911 1305 938 τὸν
1335 911 1436 947 κόσμον
1464 911 1598 949 εῗσήγαγδ·
1616 910 1648 938 σὺ
1676 909 1716 945 δὶ,
1747 910 1883 948 εὐκαίρως

1057 956 1100 983 ἰπὶ
1126 956 1171 983 τὸν
1195 956 1307 994 σταυρὸν
1329 956 1376 987 τὰς
1401 959 1496 994 χεῖρας
1519 955 1660 989 ἁπλώσας,
1675 956 1721 983 τὸν
1738 955 1881 993 ἀπολόμε-

1054 1011 1099 1027 νον
1124 1001 1262 1036 ἀνεκτήσω
1291 999 1464 1038 παράδεισον.
1478 1001 1512 1027 Ὦ
1538 999 1624 1037 λῃστὰ
1645 1000 1692 1027 τὸν
1714 1001 1882 1038 προγονικὸν

1053 1045 1158 1082 κλῆρον
1186 1044 1358 1082 ἀπολόμενον
1395 1044 1440 1072 διὰ
1473 1048 1537 1082 μιᾶς
1573 1044 1700 1082 εὐτυχίας
1730 1045 1879 1080 ἀνακτησά-

1057 1089 1133 1125 pave!
1150 1089 1183 1116 Ὠ
1199 1088 1283 1126 λῃστὰ
1297 1091 1407 1126 πρῶτος
1425 1088 1564 1126 βασιλείας
1587 1088 1739 1126 ὁμολογίαν
1763 1098 1879 1126 καρπω-

1055 1134 1167 1170 σάμενεί
1198 1134 1230 1160 Ὠ
1259 1133 1344 1170 λῃστᾶ
1381 1132 1518 1171 βασιλείας
1547 1132 1708 1171 ὁμολογητὰ
1735 1134 1801 1170 (38),
1833 1133 1878 1160 καὶ

1053 1177 1220 1216 κληρονόμε,
1253 1177 1395 1216 μαρτύρων
1436 1178 1562 1213 ζηΛωτάί
1593 1179 1626 1205 Ὦ
1659 1177 1745 1214 λῃστά
1774 1177 1878 1216 ῥήματι

1055 1224 1145 1260 μικρῷ
1167 1222 1212 1249 τὸν
1235 1221 1347 1260 οὐρανὸν
1378 1222 1536 1259 ὑπανοίεαςί
1558 1223 1591 1249 Ὦ
1616 1221 1702 1259 λῃσετὰ⁵
1724 1222 1802 1258 εένῃν
1830 1222 1878 1249 ἐπ-

1053 1265 1127 1303 ῳδήν
1144 1267 1211 1305 πρὸς
1228 1267 1300 1302 ξενον
1325 1267 1458 1304 θησαυρὸν
1486 1264 1716 1304 μηχανησάμενεί
1733 1267 1766 1293 Ὠ
1792 1265 1877 1302 λῃστά

1051 1312 1184 1349 πάρεργον
1210 1313 1325 1349 σταυροῦ
1347 1311 1392 1338 τὸν
1418 1311 1530 1347 οὐρανὸν
1556 1311 1742 1347 ποιησάμενεί
1765 1312 1798 1338 Ὠ
1824 1310 1876 1347 λῃ-

1051 1356 1100 1384 στά
1121 1366 1241 1392 νομιμου
1269 1354 1392 1393 λῃστείας
1412 1358 1470 1386 τοῖς
1494 1355 1645 1392 ἀνθρώποις
1660 1353 1824 1383 διδάσκαλεί
1841 1355 1875 1382 Ὢ

1051 1399 1136 1438 λῃστᾶ
1160 1400 1282 1438 λῃστείαν
1308 1400 1505 1436 ἐπαινουμένην
1532 1398 1655 1436 διδάξαςῐ
1672 1401 1703 1426 Ὦ
1723 1399 1809 1436 λῃστά
1833 1397 1873 1426 δι-

1051 1444 1129 1480 δάξας
1164 1445 1342 1482 ἀνθρώπους,
1369 1446 1428 1475 πῶς
1469 1443 1593 1482 βασιλεία
1629 1442 1809 1481 λῃστεύεταιί
1842 1446 1875 1470 Ὠ

1050 1489 1134 1527 λῃστά
1159 1489 1331 1526 ποθουμένην
1357 1491 1396 1524 τῷ
1420 1488 1601 1526 κλεπτομένῳ
1620 1487 1729 1523 κλοπὴν
1753 1488 1874 1527 ὑφηγού-

1051 1535 1131 1571 μενεί
1148 1535 1181 1561 Ὠ
1205 1533 1290 1571 λῃστά
1315 1532 1449 1572 μεγάλους
1477 1532 1602 1570 λῃστείας
1629 1533 1741 1570 μισθοὺς
1758 1543 1875 1571 συγγρα-

1049 1580 1169 1616 ψάμενεί
1197 1580 1231 1606 Ὦ
1260 1578 1344 1616 λῃστᾶ
1374 1577 1441 1616 μέγα
1470 1576 1554 1613 δείξας
1583 1578 1614 1606 τὸ
1642 1581 1693 1613 τῆς
1721 1577 1874 1615 ὁμολογίας

1047 1624 1196 1661 γεώργιονί
1213 1626 1244 1650 Ὤ
1261 1621 1345 1660 λῃστά
1372 1621 1491 1660 βραδέως
1520 1622 1674 1658 πιστεύσας,
1690 1622 1736 1649 καὶ
1763 1623 1873 1660 ταχὲως

1048 1667 1236 1706 ὁμολογήσας,
1263 1666 1377 1705 ἔσχατος
1401 1666 1500 1702 ἐλθὼν,
1525 1667 1570 1694 καὶ
1594 1669 1704 1704 πρῶτος
1730 1667 1872 1706 στεφθείςί

1047 1715 1079 1740 Ὦ
1108 1712 1193 1749 λῃστὰ
1221 1711 1307 1747 δείξας
1342 1712 1459 1742 πίστεως
1497 1711 1627 1747 ὀξυτάτην
1660 1711 1809 1749 ὶνὲργειανί
1841 1712 1874 1739 Ὦ

1047 1756 1132 1794 λῃστά
1156 1756 1241 1792 δείξας
1266 1756 1383 1787 πίστεως
1408 1754 1518 1791 ὠδῖνας,
1538 1756 1641 1794 χρόνου
1664 1755 1702 1787 εἷς
1722 1756 1801 1783 τόκον
1832 1756 1871 1792 μὴ

1047 1801 1190 1838 δεομέναςί
1207 1804 1239 1828 Ὠ
1268 1800 1352 1838 λῃστᾶ
1376 1801 1456 1838 πικρέ
1478 1802 1526 1827 τοῦ
1553 1799 1642 1829 Ἰούδα
1665 1801 1820 1837 κατήγορει
1839 1803 1872 1828 Ὠ

1046 1845 1130 1883 λῃστά
1155 1848 1194 1881 τῷ
1215 1843 1335 1883 προδότῃ
1358 1848 1407 1880 τῆς
1432 1844 1554 1883 ἀγχόνης
1579 1845 1668 1883 φανεὶς
1703 1844 1869 1882 βαρίτεροςί

1045 1892 1078 1918 Ὢ
1093 1890 1179 1927 λῃστὰ
1193 1891 1207 1917 ὁ
1221 1890 1270 1924 τήν
1297 1891 1346 1917 τοῦ
1371 1888 1460 1917 Ἰούδα
1483 1888 1630 1926 προδοσίαν
1657 1889 1725 1917 κατὰ
1748 1891 1798 1916 τοῦ
1815 1888 1871 1916 δια-

1045 1933 1130 1962 ϐόλου
1148 1934 1334 1971 μιμησάμενεί
1351 1934 1384 1960 Ὠ
1399 1933 1484 1971 λῃστά
1507 1935 1542 1970 τῇ
1567 1933 1668 1961 ἐκείνου
1691 1933 1777 1971 τέχνῃ
1803 1939 1869 1965 θαυ-

1046 1981 1155 2016 μαστῶς
1185 1979 1243 2006 κατ’
1258 1977 1361 2005 ἐκείνου
1388 1978 1560 2016 χρησάμενεί
1577 1981 1609 2005 Ὠ
1639 1977 1727 2015 λῃστὰ
1755 1976 1870 2010 δικαίως

1042 2023 1089 2051 τὸν
1121 2023 1236 2060 Χριστὸν
1265 2022 1409 2061 ἀγοράσας,
1437 2023 1483 2050 καὶ
1513 2022 1636 2061 μάρτυρα
1670 2026 1720 2058 τῆς
1746 2023 1870 2058 κτήσεως

1042 2068 1088 2097 τὸν
1131 2067 1245 2105 σταυρὸν
1287 2066 1455 2105 ἐπαγόμενεί
1472 2069 1504 2094 Ὠ
1529 2067 1631 2106 Πέτρου
1673 2069 1871 2106 συστρατιῶτα,

1043 2112 1088 2140 καὶ
1103 2114 1157 2139 τῶν
1173 2110 1332 2139 ἀποστόλων
1349 2112 1510 2148 συμμύσταί

1078 2158 1105 2185 5.
1122 2155 1260 2191 Διεδέξατο
1286 2154 1314 2183 δὲ
1339 2155 1385 2183 τὸν
1411 2156 1523 2193 σταυρὸν
1549 2157 1672 2195 ὸτάφος,
1687 2159 1784 2194 νεκροῦ
1809 2159 1870 2184 πεῖ-

1044 2212 1091 2239 ραν
1121 2200 1170 2228 οὐκ
1198 2200 1282 2238 ἔχων.
1299 2203 1331 2227 Ὠ
1344 2200 1428 2240 τάφος
1459 2200 1600 2232 ἀθανασίας
1630 2200 1733 2239 χωρίον
1749 2202 1754 2228 !
1772 2202 1806 2228 *Ω
1820 2200 1869 2228 τά-

1043 2257 1092 2285 φος
1108 2245 1275 2276 ἀναστάσεως
1305 2245 1502 2283 ἰργαστήριονί
1519 2246 1553 2272 Ὢ
1580 2247 1664 2284 τάφος
1693 2248 1745 2273 τῶν
1775 2245 1869 2284 τάφων

161 2291 365 2328 sepulcrorum
383 2290 554 2319 destructio!
571 2290 770 2326 Osepulcrum
787 2291 882 2327 inquo
895 2300 985 2327 mors,

1053 2290 1201 2321 ιατάλυσιςί
1219 2291 1252 2317 Ὦ
1266 2290 1349 2329 τάφος
1366 2289 1391 2317 ἐν
1410 2290 1433 2326 ᾧ
1456 2289 1568 2322 θάνατος
1593 2292 1642 2318 τοῦ
1667 2290 1733 2317 εἶναι
1753 2290 1869 2320 Θάνατος

162 2344 242 2364 mors
257 2344 321 2364 esse
336 2334 445 2364 desinit
461 2334 467 2362 !
484 2335 506 2362 Ο
522 2334 692 2371 sepulcrum
708 2335 735 2363 in
753 2343 809 2371 quo
821 2336 914 2364 oritur
929 2337 987 2365 vita

1053 2335 1169 2363 παύεταιί
1199 2337 1232 2362 Ὠ
1259 2334 1343 2374 τάφος
1372 2333 1398 2362 ἐν
1426 2335 1448 2370 ᾧ
1479 2335 1535 2369 ζωὴ
1566 2334 1659 2363 φύεται
1698 2333 1781 2372 πέρας
1819 2333 1871 2361 οὐκ

161 2389 225 2416 quas
252 2379 378 2408 termino
403 2378 502 2407 caret!
530 2379 632 2413 Probe,
658 2379 826 2415 sepulcrum
855 2389 987 2409 novum:

163 2433 269 2461 nempe
281 2426 337 2452 fuit
351 2425 406 2453 hoc
418 2424 522 2452 divinae
537 2424 637 2461 gratia:
653 2424 821 2452 consilium.
836 2425 988 2461 Siquidem

163 2478 198 2497 ne
214 2470 388 2498 cadaverum
405 2469 564 2497 multitudo
588 2469 711 2497 dubium
737 2469 870 2497 redderet
895 2478 989 2498 resur-

162 2517 288 2550 gentem,
306 2522 377 2542 nsve
391 2514 509 2542 Judaaus
533 2513 601 2541 hinc
623 2513 778 2541 calumniis
804 2513 988 2543 occasionem

157 2560 309 2595 arriperet,
328 2566 452 2586 vacuum
474 2558 665 2586 cadaveribus
689 2558 856 2594 sepulcrum
871 2560 988 2595 conspi-

157 2603 243 2637 citur,
260 2603 337 2639 quod
353 2602 507 2631 Judaicam
524 2602 656 2639 linguam
673 2606 814 2636 coerceat,
823 2611 856 2631 ac
871 2606 987 2632 tantum

197 2702 252 2738 (35)
269 2703 312 2739 Ita
328 2710 400 2739 mss.
427 2702 502 2730 Edili
530 2710 610 2739 vero,
637 2699 787 2739 παραλόγῳ
810 2699 986 2739 ’καταδικάζει

160 2736 266 2775 τόλμαν
297 2736 434 2776 Ἰουδαίων
448 2774 452 2776 Δ
465 2736 657 2776 παρανόμων.»
673 2736 893 2776 Μοξ-Ὀρίὶξσι-ῐ.
920 2739 933 2766 1
959 2741 989 2767 et

164 2773 233 2811 Reg.
249 2775 363 2816 κρεμνᾷ.
381 2774 467 2809 Editi,
481 2773 579 2812 κρεμᾷζ
596 2773 669 2802 Ibid.
686 2773 767 2801 Colb.
785 2774 811 2807 1,
825 2774 853 2808 2,
869 2776 987 2811 σταυρῷ,

164 2820 215 2848 pro
231 2819 346 2845 σεισμῳ.

200 2846 256 2884 (36)
272 2846 318 2875 Sio
333 2854 405 2875 mss.
427 2845 502 2876 Editi
526 2854 604 2883 vero,
619 2847 677 2876 τοῖς
699 2843 853 2884 γράμμασι,
868 2843 986 2885 Κύριε...

1043 2378 1160 2418 ἔχουσαί
1179 2378 1278 2410 Καλῶς
1304 2380 1318 2406 ὁ
1339 2379 1424 2418 τάφος
1446 2379 1550 2410 καινόςί
1567 2381 1651 2407 Τοῦτο
1676 2379 1725 2413 τῆς
1754 2379 1870 2416 χάριτος

1045 2424 1185 2462 βούλημα.
1202 2425 1260 2452 Ἵνα
1274 2424 1324 2461 γὰρ
1342 2424 1381 2460 μὴ
1395 2426 1449 2451 τῶν
1471 2426 1573 2461 νεκρῶν
1594 2424 1625 2451 τὸ
1650 2423 1755 2458 πλῆθος
1782 2423 1868 2459 ἀμοί-

1043 2467 1126 2497 ϐολον
1157 2467 1229 2505 δείξῃ
1255 2468 1301 2496 τὸν
1339 2468 1498 2502 ἀναστάντα,
1518 2470 1563 2495 καί
1592 2468 1674 2496 πάλιν
1696 2469 1710 2496 ὁ
1736 2466 1868 2499 Ἰουδαῖος

1044 2511 1114 2550 λάϐῃ
1128 2516 1177 2548 τῆς
1201 2511 1379 2551 συκοφαντίας
1402 2512 1450 2543 τὰς
1474 2512 1553 2547 ὕλας,
1568 2513 1671 2551 γυμνὸς
1694 2513 1788 2550 ὁρᾶται
1815 2514 1870 2539 τῶν

1042 2558 1172 2595 κειμένων
1203 2558 1217 2584 ὁ
1241 2558 1337 2596 τάφος,
1361 2556 1484 2595 γλῶτταν
1515 2556 1666 2592 Ἰουδαϊκὴν
1694 2555 1869 2596 ἀφοπλίζων,

1045 2601 1194 2640 μονονουχὶ
1218 2603 1329 2629 τιιαῦτα
1344 2601 1413 2640 πρὸς
1437 2602 1483 2629 τὸν
1507 2600 1637 2630 Ἰουδαῖον
1658 2600 1869 2641 ἀποφθεγγόμε-

1045 2700 1169 2740 βασινΛεία
1193 2703 1301 2740 σουκὭ
1323 2701 1426 2740 ῌὲτρου
1450 2703 1635 2740 συστρατιῶτα
1656 2703 1710 2729 τῶν
1728 2698 1867 2729 Ἰουδαίων

1042 2735 1187 2776 κατήγορε.
1203 2739 1235 2764 Ὠ
1251 2735 1350 2776 λῃστά,
1364 2735 1483 2776 omissis
1498 2735 1689 2776 quibusdam.

1088 2772 1134 2809 37')
1210 2772 1282 2802 mss.
1299 2773 1375 2811 Editi
1385 2781 1468 2811 _vero,
1484 2772 1546 2811 πὶρὶ
1560 2773 1593 2811 to
1607 2772 1698 2811 ξύλον,

1149 2809 1196 2873 ῗίο
1222 2817 1292 2838 mss.
1315 2809 1393 2838 Edlti
1427 2806 1506 2844 vero,
1520 2806 1702 2847 ’ὁμολόγητά.
1723 2808 1755 2835 Ὠ
1778 2806 1868 2845 λῃστά

1088 2868 1089 2871 η
1109 2855 1153 2873 ευτ
1173 2866 1180 2874 .

1041 2855 1180 2875 παιοευτα.

1814 176 1902 209 1060
