4092 6218
180 54 183 55 ,
264 48 275 51 -
328 34 479 57 ιιιῑ-
546 36 553 41 ·
744 30 753 35 ’

337 361 487 425 1064

334 512 450 556 νος·
511 493 577 552 Τί
633 492 830 567 λέγεις,
889 493 935 546 ὧ
994 492 1331 569 συκοφάντα;
1393 492 1591 566 Νεκρὸν
1642 486 1825 564 ἓτερον
1881 478 2062 563 ούχΑ

2123 507 2219 545 ion
2251 490 2484 547 Judseos
2513 492 2594 546 ita
2620 493 2928 564 compellat
2959 513 2971 549 :
3004 496 3151 560 Quid
3211 494 3297 553 ais
3348 502 3745 573 sycophanta?

339 587 491 658 ὁρᾷς
555 582 751 637 οὐκοῦν
810 586 887 653 τῷ
941 580 1277 654 ἀνισταμένῳ
1335 579 1744 655 προσκύνησονί
1803 577 1985 641 Θὲασαι

339 673 501 728 αὐτὸν
562 670 943 747 ἐγηγερμένον,
998 669 1089 725 καὶ
1137 671 1236 739 τήν
1307 667 1618 723 δεσποτείαν
1701 665 1985 742 ἐπίγνωθν

340 762 401 818 ’όν
434 759 622 836 νεκρόν
656 780 747 833 μοι
778 754 1117 833 παρέδωκας,
1149 757 1408 820 ἀθάνατον
1458 751 1797 824 ἀντιδίδωμι.
1832 749 1990 807 Ἀλλ’

344 851 446 907 ούκ
472 852 697 923 ἠρκεῖτο
741 847 957 908 τούτοις
1134 846 1161 899 ὁ
1207 842 1487 906 Ἰουδαῖος·
1542 841 1883 897 ἐπισυνάπτει
1934 836 1992 893 δὲ

339 945 422 1013 τῷ
448 941 605 1018 τάφῳ
632 938 727 1000 τὰς
768 933 1089 1013 σφραγῖδας.
1136 934 1328 998 "Aelia
1372 934 1463 989 καὶ
1508 929 1789 1003 παιάθλιε,
1839 932 1867 985 ὁ
1897 933 1993 984 τοῦ

342 1030 577 1086 Θανάτου
633 1028 728 1089 τὰς
786 1024 974 1086 ὀδύνας
1033 1024 1202 1093 λύων,
1234 1024 1329 1085 τὰς
1382 1019 1679 1101 σφραγῖδας
1713 1020 1774 1075 οὐ
1835 1019 1992 1087 λύεις

340 1121 405 1178 ’0
465 1116 740 1174 σκυλεύων
800 1116 893 1171 τὸν
972 1109 1131 1185 ᾅδην,
1200 1113 1268 1167 τὰ
1347 1114 1631 1187 σήμαντρα
1708 1104 1995 1188 φοϐεῖται;

346 1207 617 1286 Σφράγιζε
653 1205 745 1260 τὸν
799 1205 995 1282 τάφον,
1048 1199 1408 1273 ἐπισημαίνου
1466 1200 1558 1254 τὸν
1607 1196 1781 1266 λίθον,
1843 1216 1998 1286 στρα-

341 1284 544 1357 τιώτας
573 1294 886 1364 ἐπίστησον,
936 1291 1220 1366 πολιόρκει
1263 1291 1326 1345 τὸ
1379 1291 1565 1363 μνῆμα
1609 1290 1745 1361 (40).
1802 1284 1999 1354 Μειζόν

350 1407 457 1460 μου
514 1389 690 1446 ποιεῖς
746 1382 809 1438 τὸ
870 1382 1219 1457 κατόρθωμα,
1281 1378 1472 1443 θεατὰς
1530 1385 1630 1447 τῆς
1665 1374 2001 1435 ἀναστάσεως

349 1473 703 1549 εὖτρεπίζεις,
766 1472 1039 1547 μάρτυρας
1087 1476 1187 1539 τῆς
1248 1467 1509 1543 ὲγέρσεως
1566 1466 1767 1544 φέρεις,
1823 1466 2001 1537 κήρυ-

348 1584 448 1625 κας
478 1567 588 1617 τῶν
615 1562 761 1636 ἱμῶν
819 1560 1108 1634 θαυμάτων
1166 1556 1293 1619 τοὺς
1341 1558 1465 1617 σοὺς
1515 1556 1785 1631 ὑπηρέτας
1816 1573 2005 1608 κατασ-

349 1652 617 1721 κευάζεις.

424 1744 479 1798 ϐ.
513 1744 685 1816 Δεῦρο
717 1739 807 1794 οὗν
842 1740 975 1812 (41),
1008 1734 1234 1814 ἀδελφοὶ
1270 1734 1540 1807 μείνωμεν
1561 1729 1883 1801 τὰς,ὠδῖνας
1907 1734 2004 1785 τοῦ

352 1833 549 1909 τάφου.
606 1826 839 1902 ’Ὶδωμεν
889 1827 1023 1888 τὲως
1074 1824 1493 1901 δωροφοροῦντα
1533 1823 1625 1877 τὸν
1657 1822 1882 1898 Ἰωσὴφ,
1914 1819 2004 1909 καί

351 1908 446 1977 τὸν
526 1915 841 1991 Νικόδημον
923 1916 1312 1992 συντρέχοντα,
1380 1911 1575 1967 σινδόνι
1628 1912 1854 1985 καθαρᾷ,
1910 1908 2003 1963 καὶ

355 2008 613 2076 ὀθονίοις,
660 2007 750 2062 καὶ
802 2003 1074 2081 σουδαρίῳ
1121 2001 1588 2080 περιειλίσσοντας
1642 2002 1734 2055 τὸν
1757 2002 1853 2054 τοῦ
1883 2019 2011 2052 παν-

352 2101 448 2161 τὸς
508 2097 731 2168 Κύριον,
788 2093 1028 2167 σμύρναν
1083 2113 1143 2148 τε
1187 2091 1278 2147 καὶ
1327 2090 1524 2162 ἀλόην,
1572 2090 1639 2144 τὰ
1668 2094 1765 2157 τῆς
1800 2088 2009 2164 ἀφθαρ-

358 2187 476 2250 σίας
507 2181 782 2261 σύμϐολα,
819 2182 1313 2260 προσκομίζοντας.
1350 2177 1577 2252 Ἴόωμεν
1638 2174 2011 2255 κυοφορουμέ·

356 2299 457 2349 νην
506 2276 606 2345 τήν
665 2274 969 2330 ἀνάστασιν.
1028 2273 1259 2344 Ἲοωμεν
1300 2268 1532 2347 γαστέρα
1560 2267 1730 2345 τάφου
1757 2274 1856 2335 τῆς
1890 2267 2010 2321 ἁνα-

358 2368 599 2427 στάσεως
633 2364 861 2437 μητέρα.
893 2360 1181 2433 Μείνωμεν
1218 2356 1350 2414 ἰδεῖν
1400 2358 1492 2412 τὸν
1525 2356 1753 2433 Χριστὸν
1784 2374 2011 2429 τροπαι-

361 2460 534 2532 οῦχον
587 2453 646 2509 ὲκ
699 2454 870 2531 τάφου
928 2450 1375 2525 συνεγειρόμενον
1437 2449 1569 2520 (42)
1632 2444 1720 2499 καὶ
1747 2445 1846 2511 τὴν
1878 2444 2012 2497 κατά

359 2542 597 2598 θανάτου
653 2541 743 2596 καὶ
798 2538 1057 2615 τυράννου
1103 2536 1257 2607 νίκην
1325 2533 1753 2606 ἀναδησάμενον.
1821 2531 2008 2585 Τοίνυν

360 2628 586 2709 φαιδροὶ
618 2624 831 2706 φαιδρῷ
857 2630 937 2698 τῷ
965 2624 1304 2698 ἀνισταμένῳ
1335 2625 1551 2696 Χριστῷ
1596 2616 2006 2709 προσελβωμεν.

363 2706 520 2790 Ᾰύτῷ
559 2718 663 2793 γὰρ
712 2714 903 2792 πρὲπει
963 2713 1106 2768 πάσα
1155 2710 1301 2783 δόξα,
1330 2711 1469 2783 τιμὴ
1501 2709 1591 2763 καὶ
1624 2706 2009 2783 προσκύνησις,

360 2808 458 2864 σὺν
482 2812 563 2879 τῷ
596 2804 765 2882 Πατρὶ
794 2804 885 2858 καὶ
910 2807 989 2875 τῷ
1019 2801 1153 2877 ἁγίῳ
1183 2798 1477 2872 ΙΙνεύματι,
1512 2798 1587 2859 εἷς
1637 2795 1764 2858 τοὺς
1813 2795 2009 2849 αἰῶνας

359 2903 473 2953 τῶν
504 2896 716 2951 αἰώνων
728 2938 741 2952 .
777 2895 833 2949 ’Δ
847 2894 977 2966 μήν.

433 3058 549 3129 (39)
580 3058 669 3112 Sic
698 3071 841 3111 mss.
1062 3067 1213 3129 vero,
1250 3046 1348 3129 οὐκ
1377 3048 1530 3123 ἀρκεῖ
1555 3044 1864 3106 τοσούτους.

436 3121 549 3202 (40)
584 3132 668 3184 Ita
700 3143 841 3202 mss.
872 3125 1047 3202 _Editi,
1076 3121 1145 3202 “rei:
1178 3121 1455 3202 inrigata.

1205 358 1533 423 HOMlLlA
1577 357 1656 421 ΙΝ
1705 358 1816 422 SS.
1863 356 2167 418 PATRES
2213 355 2312 419 ET
2357 354 2843 421 PROPIIETAS.

3592 372 3743 431 1062

2100 578 2397 634 Mortuum
2455 580 2635 636 alium
2698 599 2812 638 non
2870 584 3077 641 vides:
3113 595 3517 660 resurgentem
3572 592 3749 663 igitur

2100 668 2279 723 adora
2314 684 2326 722 :
2361 669 2757 742 contemplare
2806 672 2971 729 illum
3032 677 3447 734 resuscitatum
3503 682 3749 751 eiusque

2102 753 2429 811 dominium
2464 772 2715 827 agnosce
2747 776 2759 814 :
2795 777 2968 831 quem
2995 762 3137 817 mihi
3170 768 3465 820 mortuum
3501 767 3756 822 tradide-

2102 860 2218 909 res,
2254 845 2643 902 immortalem
2676 848 2777 902 tibi
2814 850 3011 905 reddo.
3045 852 3151 907 Sed
3183 852 3238 907 id
3271 854 3513 911 minime
3549 855 3751 921 Judazo

2103 933 2250 988 satis
2282 934 2392 989 fuit
2424 952 2436 990 :
2471 936 2698 991 addidit
2727 937 2884 993 enim
2916 940 3184 1011 sepulcro
3214 944 3607 1014 signaculum.
3645 946 3749 1001 Mi-

2104 1038 2219 1088 ser,
2254 1023 2372 1079 imo
2404 1025 2731 1081 miserrime
2766 1044 2777 1081 :
2813 1028 2913 1099 qui
2941 1029 3147 1085 mortis
3175 1032 3403 1089 dolores
3435 1034 3623 1103 solvit,
3659 1053 3763 1091 an-

2107 1128 2222 1167 non
2255 1112 2439 1168 solvet
2469 1114 2810 1186 signacula?
2843 1117 2948 1183 Qui
3000 1120 3294 1176 infernum
3353 1124 3617 1195 diripuit,
3679 1143 3753 1181 an

2107 1201 2417 1272 signacula
2447 1204 2889 1261 reformidabit?
2920 1207 3176 1280 Obsigna
3209 1211 3564 1282 sepulcrum,
3590 1214 3761 1286 signa

2105 1289 2381 1361 lapidem,
2417 1291 2631 1348 milites
2662 1298 2874 1361 statue,
2927 1298 3263 1368 sepulcrum
3322 1301 3544 1356 obside.
3606 1307 3765 1358 Prm-

2111 1380 2454 1436 stantiorem
2493 1398 2527 1437 a
2555 1399 2644 1438 me
2671 1391 2897 1453 gestam
2932 1400 3052 1439 rem
3086 1387 3303 1442 efﬁcies
3341 1406 3353 1443 :
3389 1392 3763 1447 resurrectio-

2112 1467 2204 1523 nis
2235 1473 2591 1540 spectatores
2623 1472 2894 1536 adornas,
2937 1478 3119 1529 testes
3181 1479 3623 1535 resurrectionis
3683 1481 3765 1535 af-

2114 1557 2228 1613 fers
2291 1576 2304 1613 :
2366 1558 2783 1615 miraculorum
2819 1578 3080 1617 meorum
3115 1581 3429 1635 praecones,
3463 1568 3767 1627 ministros

2116 1647 2339 1702 scilicet
2369 1652 2523 1710 tuos,
2561 1666 2874 1721 praeparas.

2183 1737 2235 1790 6.
2272 1735 2439 1808 Agite
2468 1754 2624 1808 ergo,
2662 1740 2888 1805 fratres,
2921 1747 3323 1813 exspectemus
3353 1746 3602 1817 sepulcri
3636 1764 3767 1818 par-

2115 1827 2560 1883 tus.Videamus
2590 1828 2806 1900 Joseph
2840 1832 2993 1885 dona
3024 1836 3324 1890 ferentem.
3352 1837 3768 1893 Nicodemum-

2115 1932 2229 1987 que
2284 1916 2395 1987 ipsi
2429 1924 2894 1986 concurrentem,
2921 1920 3167 1976 sindone
3200 1925 3438 1991 munda,
3476 1930 3685 1997 pannis
3712 1933 3771 1985 et

2120 2006 2355 2062 sudario
2387 2006 2697 2061 Dominum
2737 2008 2988 2063 universi
3021 2011 3407 2080 obvolventes,
3471 2017 3770 2087 myrrham

2119 2099 2176 2150 et
2233 2095 2398 2150 aloen
2450 2096 2915 2152 immortalitatis
2948 2098 3213 2169 symbola
3242 2102 3567 2159 afferentes.
3602 2107 3771 2177 Aspi-

2120 2184 2343 2239 ciamus
2372 2184 2857 2239 resurrectionem
2885 2187 3051 2256 quasi
3076 2192 3303 2243 uterum
3325 2196 3774 2261 gestantem.Vi-

2120 2274 2368 2328 deamus
2401 2272 2653 2344 sepulcri
2701 2279 2931 2329 uterum
2993 2278 3437 2334 resurrectionis
3495 2288 3765 2340 matrem.

2120 2366 2536 2433 Exspectemus
2588 2362 2769 2417 visuri
2819 2363 3130 2420 Dominum
3162 2383 3295 2423 cum
3328 2374 3543 2441 tropaeo
3574 2388 3643 2429 ex
3673 2390 3764 2430 se-

2121 2450 2319 2521 pulcro
2351 2455 2846 2521 resurgentem,et
2877 2452 3176 2509 victoriam
3211 2456 3280 2511 de
3312 2459 3580 2529 sepulcro
3611 2467 3667 2518 et
3699 2465 3769 2519 de

2118 2544 2366 2611 tyranno
2399 2544 2812 2610 reportantem.
2849 2541 3047 2613 Itaque
3077 2542 3189 2597 laeti
3239 2546 3308 2599 ad
3360 2546 3555 2604 ltetum
3607 2551 3770 2607 Chri-

2121 2633 2278 2683 stum
2328 2632 2727 2697 resurgentem
2780 2629 3145 2685 accedamus.
3199 2632 3367 2688 Illum
3417 2637 3572 2691 enim
3608 2641 3773 2696 decet

2121 2718 2314 2771 omnis
2343 2715 2550 2788 gloria,
2584 2716 2787 2784 honor,
2812 2719 3075 2774 adoratio
3107 2736 3240 2775 cum
3273 2726 3441 2779 Patre
3467 2732 3523 2780 et
3550 2727 3771 2799 Spiritu

2121 2811 2323 2862 sancto
2353 2806 2411 2860 in
2446 2805 2659 2861 saecula
2689 2805 3055 2861 saeculorum.
3093 2816 3299 2865 Amen.

2123 2971 2244 3025 rius
2277 2968 2466 3040 posita
2496 2972 2657 3027 sunt.
2689 2967 2751 3040 In
2777 2983 2929 3040 mss.
2970 2984 3102 3023 vero
3135 2968 3231 3024 hic
3261 2971 3572 3040 habentur.

2191 3037 2418 3117 ‘Ita
2452 3056 2593 3117 mss:
2846 3055 2998 3117 vero,
3052 3037 3513 3117 συνεγειρὸμενον,
3574 3047 3767 3102 Τοίνυν

2120 3109 2359 3189 φαιδροί,
2394 3111 2630 3166 omissis
2664 3110 3043 3182 quibusdam.

438 3188 631 3273 (41310
665 3200 837 3255 editis
872 3188 1214 3268 bec,'A:Gp'o
1247 3188 1339 3247 οὖν
1506 3194 1604 3245 τοῦ
1635 3189 1829 3265 τάφου,
1862 3188 2007 3244 infe-

1230 3314 3784 3342 MM

1275 3427 1427 3484 388
1462 3426 1532 3482 ΙΝ
1574 3423 2009 3491 SEQUENTEM
2049 3419 2403 3477 HOMILIAM
2442 3416 2873 3473 ADMONITlO.

446 3556 615 3606 Hanc
638 3548 918 3621 publicam
946 3548 1073 3617 fecit
1103 3545 1445 3609 Holstenius,
1497 3542 1903 3612 Athanasioque
1968 3535 2391 3609 abjudz‘candam
2455 3535 2694 3603 putavit,
2760 3550 2849 3588 net
2919 3536 3110 3605 injura
3141 3555 3159 3591 :
3190 3542 3269 3594 est
3334 3542 3480 3597 enim
3545 3544 3777 3616 ineptis-

361 3642 502 3697 simz’
568 3639 805 3694 hominis
870 3641 1034 3707 fetus,
1101 3644 1161 3690 ut
1223 3634 1404 3706 primo
1470 3635 1687 3703 aspectu
1749 3628 2047 3686 aestimabit
2110 3626 2359 3681 eruditus
2427 3624 2639 3677 lector:
2671 3632 2830 3693 atque
2870 3631 2986 3692 post
3017 3627 3493 3684 [conamur/mrum
3525 3633 3776 3691 haresz’m

361 3730 673 3797 conscripta
704 3726 919 3781 videtur
945 3741 1014 3780 ea:
1042 3724 1112 3778 iis
1140 3737 1266 3795 quae
1296 3721 1361 3775 de
1388 3720 1728 3788 imagznibus
1756 3722 1857 3773 sub
1886 3719 2053 3787 ﬁnem
2085 3716 2374 3769 habentur.
2414 3713 2541 3779 Quae
2571 3712 2788 3765 etiamsi
2818 3716 2874 3765 ut
2921 3715 3229 3769 arbitratus
3286 3727 3365 3771 est
3426 3718 3777 3791 Combe/idus

367 3840 425 3893 p.
485 3819 613 3884 564,
672 3824 892 3889 possent
940 3823 1068 3870 ante
1131 3812 1590 3869 Iconoclaslarum
1637 3818 1856 3865 aetatem
1911 3808 2116 3879 scripta
2144 3806 2341 3876 fuisse,
2372 3816 2520 3872 aegre
2548 3809 2731 3856 tamen
2758 3811 3006 3873 tempore
3034 3805 3329 3861 Athanasii
3355 3812 3559 3881 scripta
3589 3830 3779 3870 conce-

359 3911 598 3965 drmlur.

1536 4105 1665 4161 ΤΟΥ
1704 4103 1794 4158 ΕΝ
1834 4101 2063 4158 ᾹΓΙΟΙΣ
2106 4098 2377 4154 ΠΛΤΡΟΣ
2418 4099 2609 4150 ΠΜΩΝ

1712 4238 2440 4339 ΑΘΑΝΑΣΙΟΥ

369 4418 463 4480 Εἷς
518 4414 651 4477 τοὺς
706 4413 892 4489 ἁγίους
952 4410 1191 4488 Ιίατέρας
1247 4410 1336 4464 καὶ
1396 4408 1704 4485 προφήτας,
1763 4403 1851 4459 καὶ
1908 4403 1989 4489 εἷς
2059 4403 2158 4489 τὴν
2235 4402 2536 4456 πάνσιπτον
2595 4397 2945 4473 Ἐκκλησίαν,
3003 4402 3090 4458 καὶ
3146 4403 3222 4466 εἰς
3278 4406 3369 4461 τὸν
3427 4405 3506 4463 λδ’
3563 4412 3782 4485 ψαλμὸν

1968 4473 2184 4548 ὁμιλία.

1455 4730 1548 4824 S.
1624 4728 1735 4823 P.
1812 4727 1929 4821 N.
2006 4719 2721 4820 ATHANASII

432 4894 498 4948 In
526 4896 742 4947 sanctos
774 4890 963 4944 Patres
991 4891 1045 4944 et
1068 4885 1381 4959 prophetas,
1414 4889 1466 4941 et
1498 4885 1555 4940 in
1584 4883 1888 4941 admodum
1918 4881 2297 4938 venerandam
2333 4879 2650 4945 Ecclesium,
2686 4881 2850 4949 atque
2884 4879 2941 4933 in
2972 4882 3250 4949 psalmum
3284 4900 3451 4941 xxxnv
3480 4887 3732 4947 homilz’a.

454 5135 507 5188 1.
538 5135 602 5185 Ἦ
630 5126 950 5205 ποδηγοῦσα
1005 5124 1184 5188 πίστις
1245 5124 1321 5187 εἷς
1378 5125 1477 5194 τὴν
1511 5120 1633 5179 ὁδὸν
1666 5130 1762 5192 τῆς
1794 5124 2029 5198 θεογνω-
2063 5124 2103 5190 C

382 5219 528 5292 σίας,
558 5218 649 5274 καὶ
678 5218 776 5287 τήν
805 5216 1049 5290 ἐνάρετον
1101 5215 1191 5271 καὶ
1222 5212 1600 5284 ἀκατάληπτον
1632 5209 1934 5277 πολιτείαν,
1967 5209 2028 5265 οὐ

375 5311 647 5385 νεωτέραν
676 5304 793 5383 ἔχει
846 5307 945 5375 τὴν
995 5305 1197 5380 ἀρχὴν,
1248 5302 1426 5367 καθώς
1456 5322 1611 5380 φασιν
1643 5300 1906 5373 ἀνόμιμοι
1939 5298 2029 5385 καὶ

378 5384 663 5473 ἀλιτήριοι
721 5390 1000 5451 Ἰουδαῖοι·
1059 5391 1185 5447 ἀλλ’
1246 5389 1446 5446 ἄνωθεν
1507 5389 1567 5445 ἐκ
1602 5394 1710 5444 τῶν
1746 5388 1909 5442 ὁσίων
1938 5384 2029 5442 καὶ

2164 5388 2431 5459 eratique
2487 5385 2672 5441 Judaei
2708 5402 2721 5440 :
2759 5387 2858 5441 sed
2884 5388 3009 5456 jam
3042 5387 3181 5444 olim
3220 5406 3253 5443 a
3285 5394 3505 5449 sanctis
3558 5394 3790 5465 piisque

379 5482 620 5543 εὐσεϐῶν
652 5482 928 5557 Πατὲρων,
958 5478 1105 5556 λέγω
1138 5477 1196 5535 δὶ
1232 5484 1329 5535 τοῦ
1362 5473 1553 5549 Ἅϐελ,
1581 5478 1669 5533 καὶ
1700 5481 1796 5532 τοῦ
1828 5477 2029 5551 Ἑνὼχ,

2142 5476 2432 5546 Patribus,
2476 5475 2616 5530 Abel
2668 5475 2817 5542 dico,
2853 5476 3071 5542 Enoch,
3108 5477 3243 5543 Noe,
3278 5481 3593 5553 Abraham,
3626 5482 3783 5537 aliis-

378 5576 470 5633 καὶ
528 5578 629 5632 τοῦ
688 5576 826 5643 Νῶε,
874 5569 966 5626 καὶ
1020 5573 1118 5625 τοῦ
1168 5564 1438 5646 Ἀϐραὰμ,
1487 5568 1576 5624 καὶ
1619 5570 1726 5623 τῶν
1754 5563 1939 5621 ἄλλων
1973 5563 2032 5619 δδ

2141 5582 2253 5637 que
2283 5564 2761 5635 omnibusjustis
2786 5563 2923 5619 viris
2954 5568 3078 5620 orta
3107 5570 3213 5621 est.
3246 5569 3408 5634 Quod
3458 5583 3598 5625 sane
3646 5587 3783 5625 con-

2217 5121 2266 5175 1.
2327 5120 2490 5175 Fides
2539 5136 2667 5192 qua:
2716 5121 2880 5176 ducit
2910 5122 2981 5177 ad
3014 5122 3164 5179 viam
3198 5127 3547 5198 cognitionis
3582 5132 3702 5201 Dei,
3735 5137 3793 5188 et

2140 5210 2207 5263 ad
2244 5210 2490 5280 probum
2522 5208 3231 5285 incomprehensibileque
3265 5216 3377 5288 (34)
3400 5218 3526 5273 vitae
3561 5220 3794 5277 institu-

2141 5302 2290 5366 tum,
2322 5314 2437 5353 non
2470 5300 2719 5353 recentis
2752 5303 2841 5353 est
2872 5298 3044 5368 initii,
3076 5305 3134 5355 ut
3164 5301 3331 5358 aiunt
3363 5304 3526 5378 impii
3552 5307 3635 5361 illi
3667 5324 3791 5364 sce-

455 5701 571 5779 (43)
601 5700 937 5760 Holstenius
963 5702 1157 5776 vertit,
1187 5697 1686 5775 irroprehensibi'le.
