4092 6218
319 342 478 406 1065

1197 340 1524 405 HOMILIA
1571 342 1649 403 IN
1702 342 1810 404 SS.
1857 339 2161 403 PATRES
2207 343 2308 406 ET
2351 343 2841 409 PROPHETAS.

3563 351 3722 416 1068

318 477 447 537 Θεὸς
501 473 648 552 λέγει
684 476 822 552 πρὸς
877 475 1056 531 αὐτόν·
1090 475 1299 547 Θέλεις,
1347 477 1376 530 ὁ
1423 471 1612 543 Δαϐἰδ,
1659 473 1961 531 καταπολε-

2079 476 2160 532 ait
2188 477 2272 533 illi
2298 498 2310 535 :
2344 480 2474 536 Vin’
2495 486 2579 552 tu,
2603 499 2636 538 ο
2666 482 2868 551 David,
2897 483 3217 556 expugnari
3249 483 3522 543 inimicos
3549 491 3726 546 tuos?

321 568 566 640 μηθῆναι
619 564 748 626 τοὺς
808 564 1188 640 ἐχθραίνοντάς
1249 586 1332 619 σοι
1361 584 1374 634 ;
1405 566 1464 622 Ὀ
1522 562 1580 619 δὲ
1628 558 1809 619 Δαϐίν·
1844 565 1968 632 Ναὶ,

315 654 501 729 Κύριε,
534 654 625 708 καὶ
682 653 820 708 πάνυ
878 652 1072 716 αὐτοὺς
1131 652 1274 709 θέλω
1331 651 1873 726 καταπολεμηθῆναιο
1908 654 1968 710 Ὀ

318 739 364 797 δῖ
755 762 766 775 .
889 743 902 760 \
969 742 1016 762 ἰ
1179 748 1204 758 ~
1341 743 1354 764 ε
1515 748 1539 757 ο

354 763 378 798 ε
434 744 746 818 Μονογενής
805 745 906 800 Και
967 763 1052 797 εαν
1108 764 1278 798 ταυτα
1335 764 1634 798 υποστωσιν
1681 743 1732 797 οἳ
1777 741 1969 818 ἐχθροί

318 852 440 900 σου,
469 837 574 886 ποῦ
633 853 728 886 σου
774 832 838 886 τὸ
883 831 1254 905 ἀμνησίκακον
1282 855 1296 904 ;
1329 837 1452 894 Πῶς
1505 829 1561 886 δὲ
1609 830 1699 886 καὶ
1749 829 1968 885 δύνασαι

317 919 548 994 ψάλλειν
602 920 931 990 ἀληθεύων·
995 945 1024 973 ‹‹
1081 921 1263 996 Κύριε,
1323 921 1369 976 εἰ
1429 918 1779 976 ἀνταπέδωκα
1849 925 1965 982 τοῖς

318 1007 736 1066 ἀνταποδιδοῦσί
793 1032 886 1083 μοι
952 1012 1110 1080 κακὰ,
1157 1011 1488 1083 ἀποπᾶσοιμι
1548 1008 1650 1087 ἄρα
1707 1010 1813 1064 ἀπὸ
1857 1014 1964 1063 τῶν

318 1098 532 1175 ζχθρῶν
592 1120 699 1173 μου
753 1099 946 1168 κενόςς
981 1125 1008 1151 ››
1063 1101 1124 1157 Ὀ
1183 1097 1242 1154 δὲ
1299 1094 1485 1154 Δαϐίδο
1521 1100 1645 1166 Ναὶ,
1704 1099 1965 1170 Δέσποτα,

317 1188 401 1242 ὅτι
460 1188 602 1243 οὕτω
662 1187 863 1262 ψάλλῳ
924 1190 1130 1260 ἀληθῆ,
1181 1188 1308 1243 ἀλλ’
1359 1189 1446 1243 ἐὰν
1496 1188 1559 1243 σὺ
1614 1186 1808 1250 αὐτοὺς
1869 1208 1968 1242 πο-

318 1276 588 1351 λεμήσῃς,
641 1282 664 1301 ⁴
718 1277 808 1332 καὶ
863 1274 953 1332 διὰ
1005 1279 1072 1332 τά
1129 1279 1273 1351 παρά
1339 1282 1434 1332 σοῦ
1485 1277 1743 1354 γινόμενα
1796 1276 1969 1331 πάντα

317 1366 570 1440 ἄγνωστα
598 1367 688 1421 καὶ
723 1365 1078 1436 ἀκατάληπτα
1121 1367 1374 1442 ὑπάρχει.
1409 1366 1567 1424 Οὕτω
1617 1363 1673 1420 δέ
1725 1387 1819 1439 μοι
1875 1364 1966 1420 καὶ

315 1454 592 1512 ένετείλω.
627 1457 717 1524 Μὴ
776 1455 961 1510 ἑαυτὸν
1021 1453 1330 1530 έκδικήσῃς·
1367 1480 1394 1506 ‹‹
1456 1455 1614 1529 Ἐμοὶ
1667 1452 1966 1527 ἐκδίκησις,

315 1543 428 1619 ἰγὼ
487 1543 856 1600 ἀνταποδώσω
923 1545 1124 1607 αὑτοῖς.
1183 1568 1210 1596 ››
1259 1545 1316 1598 Ὁ
1366 1542 1423 1599 δὲ
1469 1547 1822 1620 Μονογενής⁸
1867 1542 1965 1598 Καὶ

313 1640 429 1696 πῶς
477 1636 590 1711 χρὴ
645 1633 1030 1708 πολεμηθῆναι
1077 1633 1208 1697 τούς
1259 1633 1642 1709 ἐχθραίνοντάς
1694 1652 1786 1702 σε;
1837 1630 1967 1707 λέγε

313 1724 404 1778 καὶ
465 1724 810 1801 φανεροποίει
857 1725 956 1793 τήν
1005 1723 1200 1780 αἰτίαν.
1233 1725 1297 1780 Ὁ
1328 1720 1386 1777 δὲ
1415 1718 1598 1777 Δαϐίδο
1641 1722 1717 1780 Οὐ
1775 1721 1962 1798 χρείαν

2079 565 2182 621 Cui
2218 569 2391 626 David
2419 588 2434 626 :
2464 571 2674 642 Etiam,
2699 571 2940 628 Domine
2987 576 3045 628 et
3075 574 3396 630 admodum
3427 575 3598 648 cupio
3625 593 3724 633 ex-

2077 660 2346 731 pugnari.
2380 661 2624 732 Reponit
2668 661 3056 735 Unigenitus:
3091 662 3150 718 Si
3197 663 3320 720 haec
3367 663 3594 721 inimici
3638 665 3726 722 tui

2079 748 2348 817 subeant,
2383 749 2624 806 ubinam
2657 749 2758 806 illa
2797 757 2899 808 tua
2947 753 3300 824 injuriarum
3333 753 3589 812 oblivio?
3615 755 3726 821 Qui

2077 842 2242 909 potes
2272 854 2407 894 cum
2447 839 2690 895 veritate
2738 819 3028 911 psallere':
3059 865 3085 891 «
3121 843 3383 912 Domine,
3414 844 3463 902 si
3495 819 3726 900 reddidi
3825 891 3844 912 ι.

2076 927 2534 984 retribuentibus
2576 928 2722 983 mihi
2761 929 2938 997 mala,
2969 929 3236 988 decidam
3270 931 3473 988 merito
3503 933 3576 988 ab
3605 931 3727 988 ini-

2077 1015 2247 1070 micis
2280 1015 2426 1071 meis
2455 1017 2650 1072 inanis
2665 1017 2748 1072 δεῖ)
2769 1040 2796 1068 »
2822 1019 2972 1074 Tum
3023 1019 3204 1075 David
3233 1038 3246 1077 :
3279 1021 3421 1092 lmo,
3452 1021 3721 1093 Domine,

2076 1103 2196 1160 haec
2228 1121 2358 1161 vere
2389 1104 2596 1177 psallo,
2619 1107 2719 1162 sed
2754 1109 2928 1163 modo
2976 1112 3039 1163 tu
3089 1107 3219 1165 illos
3266 1110 3720 1182 expugnaveris;

2075 1193 2211 1263 quia
2239 1198 2403 1266 gesta
2426 1198 2525 1250 tua
2547 1196 2819 1252 universa
2849 1197 3048 1268 ignota
3078 1206 3135 1254 et
3164 1198 3726 1270 incomprehensibi-

2074 1281 2152 1336 lia
2183 1287 2352 1351 sunt;
2382 1283 2463 1339 ita
2491 1284 2704 1356 quippe
2736 1284 2879 1340 mihi
2908 1287 3270 1358 praecepisti:
3303 1287 3386 1344 Ne
3414 1288 3724 1362 temetipse

2074 1371 2365 1428 vindicato
2399 1390 2450 1428 :«
2479 1373 2620 1428 Mihi
2667 1373 2944 1444 vindicta,
2975 1390 3080 1446 ego
3129 1377 3449 1433 retribuam
3497 1377 3583 1434 eis
3597 1378 3662 1435 ⁸⁸³.
3689 1397 3722 1431 ιι

2074 1463 2147 1514 At
2178 1459 2521 1530 Unigenitus
2554 1478 2567 1491 ·
2603 1463 2799 1534 Ecqua
2838 1464 3062 1520 ratione
3105 1470 3467 1537 expugnatos
3497 1470 3728 1538 oportet

2075 1549 2346 1606 inimicos
2391 1551 2567 1606 tuos?
2615 1567 2856 1608 causam
2889 1552 3065 1609 dicito
3113 1570 3180 1610 ac
3227 1553 3540 1612 declarato.
3574 1557 3724 1612 Tum

2075 1637 2256 1694 David
2283 1657 2296 1695 :
2320 1640 2444 1696 Non
2477 1644 2566 1696 est
2595 1640 2702 1696 tibi
2731 1657 2900 1713 opus,
2925 1658 2957 1697 ο
2981 1642 3241 1711 Domine,
3269 1644 3726 1718 interrogatione

2075 1732 2178 1784 aut
2205 1729 2622 1791 admonitione.
2656 1746 2790 1785 cum
2836 1731 3157 1803 praevideas
3207 1737 3265 1789 et
3312 1749 3630 1807 cognoscas
3659 1751 3726 1792 ea

316 1809 487 1889 ἔχεις,
539 1812 801 1881 Δέσποτα,
836 1812 1154 1886 ἐρωτήσεως
1201 1813 1238 1881 ἢ
1296 1813 1673 1885 ὑπομνήσεως,
1707 1807 1779 1865 ὢν
1829 1830 1965 1883 προ..

2075 1833 2203 1887 quis
2251 1817 2656 1890 praevisionem
2705 1824 2993 1891 spectant,
3027 1824 3084 1876 et
3119 1837 3375 1893 quonam
3423 1823 3726 1895 proposito

316 1902 569 1977 γνώστης
627 1903 717 1957 καὶ
777 1899 1021 1957 εἷδαίνων
1091 1902 1158 1957 τὰ
1215 1901 1596 1977 προγνώσεως,
1656 1900 1744 1954 καὶ
1802 1898 1962 1963 ποίας

316 1990 684 2066 προαιρέσεως
743 1988 860 2067 ἔχει
915 1992 1212 2068 γενέσθαιὸ
1263 1989 1482 2063 μέλλων
1540 1989 1812 2053 τίκτεσθαι
1872 1987 1963 2044 ἄν·

319 2083 581 2150 θρωπος.
646 2077 781 2135 Οὐδὲ
843 2081 1144 2156 ὑπάρχεις,
1203 2081 1278 2142 ὡς
1339 2081 1417 2141 εἷς
1475 2084 1582 2134 τῶν
1661 2078 1964 2155 ἀρχόντων,

318 2171 525 2247 ἀγνοῶν
555 2170 684 2233 τοὺς
712 2171 937 2244 νόμους,
971 2171 1006 2239 ἢ
1040 2169 1266 2245 χρῄζων
1325 2171 1630 2245 συνηγόρου
1659 2169 1694 2238 ἢ
1729 2181 1961 2244 συγκαθ-

315 2259 568 2336 έδρου,οἳ
595 2261 730 2332 πρὸς
750 2259 804 2314 ’ὲν
824 2257 1194 2334 (45³)ἓκαστον
1225 2260 1516 2338 κεφάλαιον
1550 2259 1961 2336 ἀποφαίνοντες.

316 2351 396 2406 Σὺ
442 2352 548 2428 γὰρ
598 2349 647 2405 εἴ
691 2351 980 2424 σύνθρονος
1029 2355 1127 2404 τοῦ
1171 2351 1402 2426 Πατρὸς,
1431 2353 1538 2403 τῶν
1586 2348 1770 2422 νόμων
1813 2349 1961 2423 εὑρε-

312 2442 438 2513 τὴς,
469 2444 576 2493 τῶν
610 2444 788 2518 σοφῶν
823 2436 1146 2514 διορθωτής,
1179 2445 1279 2508 τῆς
1312 2435 1660 2508 δικαιοσύνης
1693 2437 1960 2512 χορηγὸς,

307 2533 418 2584 τῶν
482 2529 971 2601 καταπονουμένων
1042 2528 1463 2602 ὑπερασπιστὴς,
1506 2530 1614 2582 τῶν
1690 2546 1961 2603 συκοφαν-

307 2619 594 2691 τουμένων
653 2615 890 2679 ἔκδικος.
936 2618 1047 2685 Τήν
1102 2617 1206 2693 γάρ
1263 2616 1561 2670 Σουσάνναν
1621 2635 1958 2693 συκοφαντη-

309 2711 491 2763 θεῖσαν
527 2707 630 2762 ὑπὸ
657 2711 765 2762 τῶν
795 2703 1106 2761 ἀκολάστων
1147 2701 1410 2780 γερόντων
1459 2703 1667 2782 ἑρῥύσω
1715 2704 1818 2758 ἀπὸ
1862 2707 1958 2757 τοῦ

311 2799 602 2852 θανατικοῦ
659 2795 1029 2874 ψηφίσματος,
1089 2794 1415 2856 ἀποστείλας
1491 2793 1566 2855 εἷς
1647 2790 1958 2868 δικολογίαν

309 2886 401 2939 τὸν
465 2885 628 2962 σοφὸν
688 2885 776 2939 καὶ
834 2884 1131 2960 ἀνάργυρον
1165 2883 1370 2960 ῥήτορα
1401 2880 1622 2953 Δανιήλ.
1658 2881 1806 2938 Ἐπεὶ
1864 2881 1956 2936 οὗν

310 2975 528 3028 πάντων
563 2972 709 3048 ἔχεις
742 2978 964 3049 γνῶσιν,
995 2974 1083 3027 καὶ
1111 2971 1410 3045 ἐπίστασαι,
1443 2976 1558 3034 πῶς
1590 2972 1702 3048 χρὴ
1763 2969 1958 3032 αὐτοὺς

312 3064 723 3135 πολεμηθῆναι·
759 3062 804 3116 εί
853 3059 910 3117 δὲ
955 3061 1257 3136 ἐπιτρέπεις
1312 3082 1426 3134 μοι,
1476 3059 1643 3134 λέγω·
1694 3059 1808 3132 είμὶ
1854 3059 1956 3135 γὰρ

311 3148 513 3211 δοῦλος
567 3155 666 3216 τῆς
728 3155 823 3215 σῆς
866 3149 1298 3226 φιλανθρωπίας,
1343 3149 1434 3204 καὶ
1491 3153 1652 3203 τοῦτο
1709 3149 1955 3223 ἀχρεῖος,

2075 1906 2309 1962 futurus
2341 1912 2430 1962 est
2473 1907 2573 1979 qui
2622 1906 2958 1964 nasciturus
2987 1913 3078 1965 est
3107 1909 3302 1966 homo.
3337 1911 3537 1984 Neque
3565 1918 3630 1967 tu
3659 1929 3724 1969 es

2075 2001 2140 2050 ut
2196 1995 2412 2066 aliquis
2469 2012 2539 2050 ex
2596 1997 2959 2069 principibus
3017 1999 3114 2068 qui
3171 1999 3329 2071 leges
3385 2001 3634 2073 ignoret,
3665 2005 3726 2058 et

2073 2089 2241 2157 egeat
2269 2083 2599 2140 consiliario
2621 2090 2722 2142 aut
2750 2102 3070 2152 assessore,
3097 2088 3195 2159 qui
3219 2090 3291 2144 ad
3315 2090 3549 2162 singula
3569 2091 3725 2164 capi-

2072 2179 2133 2228 ta
2162 2175 2514 2229 sententiam
2567 2173 2785 2244 dicant,
2807 2179 2888 2230 Tu
2939 2193 3196 2248 namque
3241 2179 3513 2235 eumdem
3545 2196 3720 2253 quem

2072 2264 2245 2319 Pater
2265 2264 2542 2319 thronum
2561 2263 2810 2331 obtines,
2830 2279 3010 2336 asque
3031 2266 3228 2339 legum
3252 2273 3473 2335 auctor,
3495 2270 3724 2340 sapien-

2073 2352 2223 2408 tium
2249 2357 2560 2422 corrector,
2583 2352 2833 2423 justitizs
2861 2352 3126 2426 largitor,
3149 2356 3497 2413 afﬂictorum
3529 2358 3724 2415 defen-

2071 2459 2189 2509 sor,
2221 2449 2276 2496 et
2315 2441 2614 2496 calumnia
2665 2458 3079 2514 oppressorum
3128 2445 3357 2502 vindex.
3388 2451 3720 2506 Susannam

2071 2530 2289 2602 quippe
2336 2547 2370 2584 a
2419 2529 2650 2585 lascivis
2696 2531 2938 2590 senibus
2987 2532 3412 2604 insimulatam,
3446 2555 3480 2592 a
3508 2537 3719 2610 capitis

2070 2619 2362 2675 sententia
2390 2618 2618 2684 eruisti,
2642 2619 2824 2676 misso
2845 2621 2917 2676 ad
2940 2621 3336 2680 defensionem
3359 2627 3622 2697 sapiente
3652 2645 3717 2684 ac

2068 2709 2319 2781 pecunia
2345 2708 2682 2780 incorrupto
2713 2713 2940 2764 oratore
2970 2710 3224 2767 Daniele.
3259 2714 3544 2778 Quoniam
3575 2731 3714 2788 ergo

2068 2798 2333 2854 omnium
2356 2797 2535 2854 habes
2561 2796 2849 2864 notitiam,
2872 2803 2931 2854 et
2950 2798 3064 2854 scis
3087 2816 3320 2872 quoque
3341 2819 3456 2873 qua
3485 2804 3713 2861 ratione

2067 2887 2202 2943 illos
2233 2886 2654 2958 expugnandos
2676 2891 2964 2958 oporteat;
2989 2888 3039 2942 si
3071 2893 3267 2944 tamen
3299 2892 3605 2958 concedas,
3629 2893 3716 2948 di-

2067 2992 2195 3032 cam
2223 2993 2234 3030 :
2262 2991 2464 3031 servus
2487 2974 2703 3047 quippe
2723 2974 3044 3032 clementiae
3073 2983 3185 3032 tuae
3215 2995 3369 3049 sum,
3391 2984 3451 3035 et
3471 2981 3710 3051 quidem

2065 3061 2315 3128 inutilis,
2349 3078 2454 3118 nec
2485 3077 2726 3133 possum
2773 3063 3049 3119 mandato
3098 3080 3424 3136 repugnare
3451 3071 3573 3124 tuo.
3608 3069 3714 3124 Cui

2070 3150 2420 3223 Unigenitus
2454 3168 2466 3206 :
2501 3151 2766 3207 Concedo
2816 3151 2944 3219 tibi,
2976 3153 3069 3208 dic
3099 3153 3322 3224 absque
3368 3159 3620 3213 tremore
3649 3173 3718 3214 ao

308 3240 400 3295 καὶ
461 3239 523 3294 οὗ
585 3237 815 3313 δύναμαι
870 3241 1184 3315 ἀντιπρᾶξαι
1230 3243 1298 3313 τῇ
1348 3237 1588 3294 κελεύσει
1649 3259 1764 3294 σου.
1795 3243 1849 3290 '0
1899 3234 1958 3292 δὲ

2073 3216 2271 3295 libere.
2305 3241 2451 3295 Tum
2488 3239 2659 3294 David
2694 3257 2756 3295 :«
2789 3216 3173 3312 Apprehende
3203 3216 3368 3298 arma
3395 3249 3454 3300 et
3481 3254 3714 3302 scutum

309 3331 649 3402 Μονογενής·
711 3329 1018 3404 Ἐπιτρέπω
1077 3349 1183 3398 σοι,
1241 3329 1330 3383 καὶ
1387 3327 1504 3382 εἰπὲ
1558 3327 1811 3401 ἀτρόμως
1867 3327 1958 3382 καὶ

312 3417 822 3490 ἀνυπεσταλμένως.
880 3419 941 3474 Ὁ
999 3415 1056 3472 δὲ
1113 3412 1280 3472 Δαϐίδ
1356 3440 1384 3468 ‹‹
1434 3410 1734 3471 Ἐπιλαϐοῦ
1783 3414 1960 3470 ὅπλου

312 3507 406 3560 καὶ
465 3511 679 3581 θυρεοῦ,
727 3506 815 3560 καὶ
866 3505 1124 3576 ἀνάστηθι
1172 3504 1246 3567 εἷς
1301 3506 1399 3574 τήν
1465 3503 1717 3580 βοήθειάν
1771 3524 1896 3576 μου.
1929 3528 1958 3557 ››

311 3601 375 3653 Ὀ
405 3592 463 3650 δὲ
493 3597 829 3670 Μονογενής·
865 3595 963 3649 Καὶ
993 3593 1158 3649 ποίου
1202 3593 1377 3650 ὅπλου
1428 3591 1542 3668 ἔχω
1590 3587 1960 3663 ἐπιλαϐέσθαι,

313 3687 350 3754 ἢ
412 3684 572 3739 ποίου
630 3688 861 3762 θυρεοῦ;
913 3687 1038 3745 Πῶς
1097 3681 1155 3738 δὶ
1207 3681 1322 3759 ἔχω
1379 3685 1492 3756 (46)
1540 3683 1828 3751 ἀναστῆναι
1885 3681 1961 3743 εἷς

315 3774 572 3849 βοήθειάν
626 3793 753 3842 σου;
789 3773 881 3841 Μὴ
941 3772 1043 3847 ἆρα
1092 3771 1292 3826 ἐκείνου
1347 3775 1444 3825 τοῦ
1491 3770 1726 3840 ὅπλουῆ
1759 3770 1963 3825 ἐκείνου

308 3860 408 3917 τοῦ
468 3866 663 3937 θυρεοῦ
730 3859 844 3936 ἔχω
905 3856 1276 3932 ἐπιλαϐέσθαι,
1309 3860 1366 3915 ’ὸν
1423 3859 1651 3935 ἀφείλου
1707 3858 1812 3914 ἀπὸ
1866 3864 1963 3914 τοῦ

310 3948 640 4026 ἀλλοφύλου
671 3949 894 4020 Γολιάθ,
928 3951 987 4004 ὃν
1033 3949 1123 4003 καὶ
1174 3947 1431 4019 ἐπάταξας
1481 3946 1565 4003 ἐπὶ
1611 3952 1680 4022 τῇ
1721 3944 1960 4018 κοιλάδι,

311 4040 450 4114 ἐμοῦ
500 4036 878 4114 ὁδηγήσαντος
923 4038 1014 4093 τὸν
1071 4036 1220 4101 λίθον
1272 4037 1348 4095 εἷς
1395 4037 1458 4092 τὸ
1488 4036 1833 4109 ἀσημείωτον
1872 4036 1962 4090 καί

311 4126 618 4205 ἀφώτιστον
650 4125 813 4181 αὐτοῦ
844 4126 1134 4200 πρόσωπον
1162 4144 1176 4194 ;
1206 4124 1366 4181 Ἀλλ’
1409 4123 1514 4188 ἷ¹σθι
1569 4129 1730 4179 τοῦτο
1778 4129 1960 4201 σαφῶς

310 4218 398 4272 δτι
430 4215 540 4292 ἐγὼ
572 4215 778 4272 τούτων
806 4220 913 4270 τῶν
947 4213 1134 4270 ὅπλων
1163 4215 1335 4284 πάντη
1367 4213 1455 4268 καὶ
1487 4213 1727 4268 καθόλου
1771 4213 1959 4288 χρείαν

311 4306 412 4362 οὑκ
441 4305 579 4381 ἔχω.
616 4306 734 4362 Ἐὰν
770 4303 827 4359 δὲ
856 4305 947 4359 καὶ
977 4309 1168 4379 συσχῶ
1195 4305 1258 4358 τὸ
1289 4308 1518 4376 πνεῦμα,
1548 4300 1773 4372 τελευτᾷ
1819 4307 1964 4356 πᾶσα

310 4395 442 4467 σὰρξ
494 4396 787 4466 κινουμένη
842 4393 930 4448 ἐπὶ
977 4401 1078 4463 τῆς
1125 4396 1246 4470 γῆς.
1277 4394 1332 4448 Ὀ
1383 4390 1440 4447 δὲ
1472 4387 1655 4447 Δαϐίδ’
1692 4388 1827 4448 Οἶδα
1873 4391 1963 4446 καὶ

311 4484 446 4560 ἐγὼ,
497 4484 757 4552 Δέσποτα,
807 4481 892 4537 ὅτι
958 4482 1164 4537 τούτων
1229 4487 1335 4537 τῶν
1383 4481 1569 4537 ὅπλων
1629 4481 1817 4556 χρείαν
1867 4479 1966 4534 οὐκ

2069 3333 2126 3385 et
2153 3344 2399 3401 exsurge
2431 3329 2488 3384 in
2521 3329 2876 3400 adjutorium
2919 3330 3064 3386 mihi
3091 3332 3153 3388 ⁸ο.
3177 3355 3205 3382 ››
3241 3333 3319 3388 Ad
3350 3333 3470 3389 haec
3502 3333 3720 3408 Unige-

2069 3419 2229 3474 nitus
2264 3435 2276 3472 :
2309 3419 2507 3490 Ecqua
2553 3433 2714 3473 arma
2759 3417 2848 3473 vel
2895 3420 3051 3490 quod
3100 3426 3334 3477 scutum
3388 3424 3718 3495 apprehen-

2071 3508 2252 3563 dam?
2282 3507 2584 3574 Quomodo
2627 3521 2937 3580 exsurgam
2968 3507 3028 3563 in
3061 3509 3419 3580 adjutorium
3451 3513 3602 3568 tibi?
3631 3516 3716 3569 An

2072 3613 2237 3652 arma
2265 3595 2387 3666 illa,
2415 3596 2632 3652 illudve
2661 3601 2894 3652 scutum
2925 3597 3359 3670 apprehendam
3392 3603 3544 3672 quod
3578 3601 3716 3657 abs-

2071 3684 2262 3741 tulisti
2293 3685 2364 3740 ab
2396 3684 2726 3756 alienigena
2746 3683 2973 3740 Goliath
3004 3702 3178 3757 quem
3212 3687 3271 3742 in
3301 3687 3448 3743 valle
3478 3704 3717 3759 percus-

2071 3773 2222 3840 sisti,
2255 3789 2348 3828 me
2394 3772 2648 3844 lapidem
2676 3771 2736 3827 in
2767 3773 2895 3842 ejus
2925 3773 3130 3829 faciem
3161 3774 3321 3829 omni
3367 3775 3537 3848 signo
3585 3793 3716 3833 om-

2071 3863 2250 3933 nique
2288 3860 2720 3916 illuminatione
2748 3859 3084 3916 destitutam
3140 3861 3468 3934 dirigente?
3496 3865 3606 3920 Sed
3651 3870 3716 3920 tu

2070 3950 2250 4020 probe
2277 3948 2451 4015 nosti,
2485 3948 2634 4003 nihil
2665 3947 2896 4020 penitus
2930 3949 3071 4004 mihi
3089 3950 3378 4019 ejusmodi
3411 3967 3713 4009 armorum

2071 4054 2196 4094 esse
2224 4054 2391 4108 opus.
2411 4037 2579 4104 Nam,
2613 4037 2663 4092 si
2694 4037 2782 4092 vel
2813 4037 3085 4108 spiritum
3118 4037 3444 4107 cohibeam,
3471 4041 3718 4099 moritur
3789 4075 3792 4080 -

2073 4127 2267 4182 omnis
2298 4142 2432 4180 caro
2455 4141 2582 4196 quae
2614 4130 2878 4180 movetur
2902 4141 3080 4198 super
3107 4131 3342 4184 terram.
3368 4131 3468 4184 Cui
3505 4132 3714 4188 David:

2071 4214 2233 4279 Novi,
2266 4213 2530 4280 Domine,
2561 4213 2666 4268 tibi
2715 4229 3016 4269 armorum
3057 4216 3348 4286 ejusmodi
3399 4218 3544 4274 nihil
3590 4236 3720 4278 esse

2073 4321 2241 4376 Opus,
2277 4319 2375 4358 rex
2405 4319 2538 4358 cum
2571 4302 2654 4358 sis
2697 4302 2883 4370 fortis,
2917 4303 3307 4376 omnipotens,
3339 4307 3578 4378 quicum
3609 4327 3720 4382 pu-

2072 4392 2240 4466 gnari
2295 4396 2564 4464 nequeat,
2596 4408 2948 4464 permanens
2984 4393 3045 4447 in
3084 4399 3388 4452 aeternum.
3421 4399 3529 4454 Sed
3581 4416 3720 4474 rogo

2072 4485 2236 4537 tuam
2278 4479 2797 4552 incomparabilem
2828 4480 3171 4551 bonitatem,
3205 4489 3270 4538 ut
3316 4489 3722 4557 apprehendas

315 4571 488 4650 ἔχεις,
535 4571 607 4627 ὢν
663 4573 917 4648 βασιλεὺς
964 4573 1243 4647 κραταιὸς,
1290 4568 1720 4644 παντοδύναμος,
1770 4570 1937 4624 ἀκατα

2074 4587 2239 4628 arma
2268 4576 2324 4626 et
2354 4575 2610 4642 scutum,
2641 4569 2700 4625 id
2735 4573 2846 4640 est,
2877 4569 3196 4627 humanam
3244 4578 3514 4631 naturam
3545 4581 3724 4650 atque

315 4661 593 4738 μάχητος,
652 4659 975 4730 διαιωνίζων
1004 4706 1018 4719 .
1077 4660 1319 4718 Ἱκετεύω
1376 4658 1434 4715 δὲ
1489 4661 1589 4728 τὴν
1643 4658 1960 4735 ἀσύγκριτον

309 4750 664 4824 ἀγαθωσύνην
700 4771 795 4805 σου
827 4745 1178 4814 ἐπιλαϐέσθαι
1209 4747 1384 4805 ὅπλου
1424 4748 1514 4803 καί
1563 4748 1776 4822 θυρεοῦ,
1805 4769 1962 4804 τουτ-

311 4841 498 4912 έστιν,
558 4837 1014 4914 ένανθρωπήσεως
1090 4839 1179 4894 καὶ
1238 4838 1486 4900 πάθως’
1549 4839 1838 4907 ἀναστῆναι
1907 4835 1965 4892 δέ

314 4949 415 5001 μοι
471 4926 546 4989 εἷς
608 4929 863 5003 βοήθειαν
915 4932 982 5002 τῇ
1035 4927 1189 5003 τρίτῃ
1217 4929 1418 5003 ἡμέρᾳ.
1454 4928 1513 4984 Ὀ
1546 4924 1602 4980 δὲ
1632 4928 1963 5001 Μονογενής’

313 5016 417 5072 Καὶ
450 5016 513 5071 σὺ
545 5016 704 5071 πόθεν
737 5015 887 5080 οἶδας
913 5021 1080 5072 ταῦτα
1123 5017 1191 5071 τὰ
1232 5022 1349 5080 θεῖα
1390 5015 1480 5070 καὶ
1530 5014 1813 5092 ἀπόκρυφα
1862 5037 1966 5088 μυ-

313 5107 536 5179 στήρια,
571 5130 598 5157 ‹‹
634 5105 708 5168 εἷς
741 5105 774 5160 ἃ
807 5106 1163 5179 ἐπιθυμοῦσιν
1199 5105 1250 5160 οὶ
1281 5101 1498 5181 ἄγγελοι
1549 5103 1859 5179 παρακύψαι
1889 5123 1903 5172 ;
1937 5128 1964 5156 »

313 5196 382 5252 Ὀ
413 5191 473 5249 δὲ
523 5189 710 5249 Δαϐίδο
745 5189 981 5251 Ἕλαϐον
1034 5194 1210 5248 αὐτῶν
1263 5193 1362 5262 τὴν
1419 5197 1617 5268 γνῶσιν
1671 5193 1818 5267 παρὰ
1872 5196 1970 5246 τοῦ

316 5282 476 5360 ἁγίου
552 5282 910 5358 παρακλήτου
973 5282 1288 5357 Πνεύματος
1321 5325 1335 5340 .
1395 5282 1458 5338 Ὀ
1515 5278 1571 5336 δὲ
1625 5282 1966 5357 Μονογενήςο

2075 4659 2432 4732 passionem,
2463 4664 2521 4714 et
2575 4657 2745 4714 tertia
2792 4659 2884 4714 die
2931 4673 3212 4732 exsurgas
3259 4661 3319 4716 in
3365 4665 3724 4734 adjutorium

2077 4748 2244 4804 mihi.
2285 4747 2610 4818 Respondit
2636 4746 3020 4819 Unigenitus:
3050 4748 3137 4804 Tu
3176 4765 3310 4805 vero
3360 4753 3516 4809 unde
3566 4755 3724 4811 nosti

2077 4839 2198 4893 haec
2228 4837 2425 4892 divina
2471 4841 2528 4892 et
2551 4851 2765 4892 arcana
2785 4837 3080 4909 mysteria,
3111 4857 3132 4885 ι
3157 4837 3214 4893 in
3240 4856 3368 4910 quin
3390 4841 3726 4900 desiderant

2077 4926 2270 4999 angeli
2327 4926 2658 4997 prospicere
2677 4925 2766 4980 "‘l
2797 4947 2824 4974 ››
2855 4925 2959 4980 Cui
3006 4925 3185 4981 David
3218 4944 3232 4982 :
3266 4929 3478 4985 Eorum
3528 4934 3726 5007 accepi

2079 5015 2347 5071 notitiam
2382 5031 2416 5068 a
2444 5017 2647 5070 sancto
2677 5017 2733 5068 et
2763 5013 3052 5086 paracleto
3075 5014 3317 5086 Spiritu.
3341 5018 3488 5074 Tum
3513 5019 3726 5093 Unige-

2080 5105 2240 5158 nitus
2273 5118 2288 5158 :
2319 5105 2462 5156 Cum
2515 5101 2636 5156 haec
2683 5101 2863 5169 noris,
2895 5103 2989 5158 dic
3036 5120 3178 5160 num
3211 5107 3517 5178 quidpiam
3564 5109 3726 5167 aliud

2080 5192 2300 5248 habeas
2325 5207 2338 5248 :
2362 5191 2600 5246 audiam
2622 5191 2779 5246 enim
2801 5195 2858 5246 te
2887 5191 2997 5247 hac
3018 5193 3090 5248 de
3110 5210 3171 5249 re
3199 5193 3449 5251 libenter
3476 5202 3534 5253 et
3561 5214 3729 5271 aquo

2084 5281 2302 5338 animo.
2337 5279 2514 5336 David
2548 5283 2746 5336 autem
2781 5296 2840 5336 τι(
2873 5281 2974 5337 Dio
3003 5281 3212 5338 animas
3243 5299 3408 5352 meae,
3438 5284 3601 5344 salus
3628 5291 3734 5345 tua

394 5446 441 5482 ³³
467 5445 622 5504 Psal.
653 5463 755 5520 vn,
787 5446 842 5503 5.
918 5445 964 5482 θ’
991 5445 1165 5503 Hebr.
1197 5462 1256 5516 ι,
1285 5445 1374 5501 30.
1450 5444 1496 5480 ⁹⁰
1527 5443 1676 5500 Psal.
1710 5460 1901 5510 xxxxv,
1929 5443 1979 5500 2.

2073 5444 2105 5480 ’ί
2137 5443 2158 5498 Ι
2190 5442 2342 5499 Petr.
2376 5459 2416 5510 ι,
2451 5442 2538 5496 12.

421 5607 542 5679 45·)
573 5605 770 5679 Vulg.,
803 5604 924 5662 οἱ...
959 5599 1071 5661 ἕνα.
1105 5608 1265 5661 Enrr.

398 5606 516 5752 E46)
546 5677 716 5752 Reg.,
747 5670 886 5732 Πὸτε
918 5671 976 5730 δὲ
1003 5671 1140 5752 ἔχω.
1173 5680 1265 5735 Pal

423 5647 986 5752 ié)’a'e'g'.',"i1§é;"s£
997 5647 1354 5752 ἒὶωῖνρεῦιο
1383 5679 1538 5750 post,
1559 5675 1705 5748 huc,
1730 5671 1846 5751 ἔχω
1877 5671 1990 5732 tm-

652 5807 916 5870 ΡΑτιιοι..
965 5805 1077 5870 Gn.
1125 5805 1401 5872 XXVIII.

2088 5597 2874 5678 laééqﬁabdesiderabantur
2901 5603 2962 5659 in
2992 5605 3157 5677 prius
3186 5603 3382 5678 editis,
3397 5605 3500 5666 sed
3521 5603 3738 5663 haben-

2098 5681 2200 5733 tur
2225 5677 2287 5734 in
2317 5675 2517 5749 Regio.

3337 5805 3419 5874 34

3926 126 3933 137 ε

3940 156 3947 167 .

3917 223 3999 269 ’ἔτι

3940 324 4013 357 η’..ᾫ

3911 359 3936 376 .“-
3996 368 4001 379 .

3923 401 3964 422 τι
4020 400 4039 407 ¹’

3915 465 3932 476 .
3959 428 4025 481 1",

3909 481 3936 520 ζ.
3972 514 3983 525 ,
4006 486 4047 515 .'

3931 528 4013 559 -θξ

3913 559 3978 594 .-..."'
4032 560 4047 587 ι’

3965 599 4021 621 ³·-

3913 626 4027 686 -ρ⁶

3935 683 3968 700 ιό
4034 684 4047 699 ἰ

3923 733 3936 744 Ὶ
3959 739 3996 764 ιδ’

3937 767 3987 795 ἢ
4022 778 4025 779 ,

3945 935 3948 942 .
3976 886 4037 939 till

3933 945 3970 958 ..

3923 1149 3934 1158 .
3957 1111 4027 1157 δει-

3911 1153 3932 1186 ‘1
3996 1168 4007 1191 ι

3911 1179 4039 1261 ..ἲ

3909 1275 3942 1286 ,ι-
4002 1268 4035 1295 3"

4020 1298 4053 1311 η.
4084 1316 4085 1319 Ἰ

3913 1317 3984 1378 :q'
4010 1328 4031 1343 ‘-

3933 1393 3974 1420 ..ι
4036 1384 4081 1427 Ι.

3931 1480 4085 1548 o:_'1'

3945 1551 3974 1624 ἦ
4004 1550 4037 1579 Α
4082 1576 4085 1581 .

3929 1622 4013 1661 ο-

3925 1669 3938 1678 .
3967 1673 4033 1701 '1‘

3917 1713 3990 1758 τέ’

3961 1867 3980 1894 ιι
4002 1854 4053 1903 τί

3963 1917 4013 1950 Ὶοί
4032 1906 4051 1917 H

3945 2071 3952 2080 .
4018 2060 4065 2097 ο(

3933 2175 3980 2204 ..⁸
4024 2186 4035 2201 ο

3921 2213 3948 2218 ..
3975 2219 4045 2287 ἡ

3961 2265 4006 2300 κ,
4048 2264 4057 2285 ³,

3939 2281 4067 2375 tif;

3957 2487 4010 2558 .ὶὲ
4082 2494 4087 2501 ,

3933 2595 3942 2604 .
3961 2567 3986 2604 -ξ
4008 2580 4019 2591 ο

3947 2601 4057 2658 ’ἓδσὲἔ

3927 2687 3932 2718 ε
3959 2699 3982 2712 -ο
4044 2664 4065 2721 ’ζ

4054 2730 4061 2741 .

3925 2771 3928 2774 -
3961 2759 3974 2778 8

4022 2804 4045 2819 ..,

3955 2873 4010 2910 ’θ’
4034 2876 4057 2909 ῖῖ

3982 2924 3999 2937 ρ
4062 2924 4071 2933 ,

3941 2957 3968 2980 σ,
3996 2932 4037 2969 τι

3941 3057 4033 3105 ,εἶμ’

3949 3123 3960 3134 ο
4018 3112 4061 3133 ¹³μ³

3917 3149 3992 3210 ‘u‘rul
4036 3196 4053 3209 Ἃ

3931 3213 4022 3230 ..,.
4086 3210 4087 3213 η

3935 3241 3992 3290 .,¹.,

3931 3289 4012 3340 ’.λὶς
4042 3300 4053 3315 ι
4072 3324 4079 3329 '

4038 3368 4045 3383 '

3945 3387 4008 3448 -λ
4032 3398 4051 3437 ῇη

3929 3502 4041 3524 ,ην

3947 3520 4075 3583 .’ἂ,-

3909 3619 3912 3628 .
3975 3589 4024 3646 ἐς,

4046 3662 4067 3691 ,‘a

3979 3727 4032 3786 in.
4064 3732 4069 3739 .

3989 3797 4016 3826 ."..

4005 3833 4034 3866 ’.Α

3969 3873 3998 3894 _.

3937 3903 3974 3954 με
4001 3894 4073 3950 ι.

3951 3989 4083 4054 .""."‘

3909 4119 3914 4130 Ρ
3941 4089 3962 4124 ..
3993 4074 4085 4154 ἔ.

3977 4165 4087 4236 ,δῖε

3969 4232 4071 4294 ...ι’

4052 4302 4075 4333 ⁸η

3919 4333 4008 4386 ,Απξ

3949 4391 4049 4454 τῖε
4076 4420 4079 4423 η

4003 4795 4065 4827 ἱὲ

4040 4834 4061 4859 Ε

3985 4877 4067 4899 "1

3995 4911 4069 4943 *ὖ

3999 4985 4036 5014 ἐν

3967 5027 4061 5048 -νῖ

3977 5047 4038 5096 .5,

3975 5146 4079 5188 τε

4001 5201 4014 5216 ρ

3981 5261 4038 5300 ’.ς-

3995 5457 4026 5490 .:’

3995 5719 4002 5730 ξ
