4092 6218
396 348 551 411 1067

396 502 500 558 ego
559 500 691 540 sum
713 483 776 537 9’.
810 504 832 533 ι
882 479 1029 534 Tum
1086 476 1432 550 Unigenitus
1486 491 1497 529 :

398 574 641 641 confide,
675 570 893 627 salvam
950 567 1105 624 enim
1165 566 1374 622 faciam
1418 563 1677 621 animam
1728 566 1891 616 tuam
1945 576 2046 630 per

402 662 864 719 incarnationem
912 665 967 713 et
1016 655 1347 730 passionem
1410 669 1620 709 meam.
1653 652 1756 707 Cui
1814 650 2041 705 David:

405 758 669 824 Magnam
701 747 891 820 accepi
932 747 1230 814 ﬁduciam,
1263 750 1320 799 et
1350 743 1551 799 statim
1596 739 1796 796 subdit
1831 757 1843 794 :
1874 762 1900 788 «
1936 745 2047 794 Do-

407 842 585 906 mine,
619 838 749 910 quis
782 835 994 893 similis
1026 834 1127 889 tibi
1150 833 1279 887 93?»
1313 830 1631 903 Respondit
1661 828 2044 899 Unigenitus:

409 930 590 984 Pater.
626 929 814 994 Quare
845 925 992 993 dico,
1026 946 1050 972 ‹‹
1086 922 1194 986 Qui
1224 921 1367 976 vidit
1415 937 1526 985 me,
1562 918 1705 973 vidit
1735 923 1791 972 et
1819 918 2050 972 Patrem

408 1033 605 1072 meum
632 1016 737 1069 οι.»
761 1014 918 1068 Vade
950 1012 1007 1066 in
1050 1028 1190 1083 pace
1219 1014 1563 1081 exspectans
1593 1006 2051 1078 promissionum

407 1108 638 1162 beatam
670 1118 855 1176 spem.

1557 344 1620 400 ὃ.
1674 334 2295 399 A'l‘llANASlUS.~—
2331 330 2641 399 SPURIA.

1554 475 1613 529 1d
1668 472 1777 527 tibi
1836 472 2038 541 habes,

2182 471 2281 533 Ιεθ¹
2328 470 2400 523 ὧν
2461 469 2613 533 οἶδας
2668 476 2857 542 ταῦτα,
2890 472 3024 540 εἰπὲ,
3079 466 3133 524 εἷ’
3172 492 3222 525 τι
3281 469 3372 525 καὶ
3430 467 3571 525 ἄλλο
3631 464 3805 545 ἔχεις

3792 0 4073 428 Π

3657 334 3820 397 1068

2154 558 2456 633 ἀκούσομαι
2482 560 2581 635 γάρ
2615 581 2709 615 σου
2740 563 2830 617 καὶ
2876 562 2999 638 περὶ
3060 560 3224 615 αὐτοῦ
3281 560 3520 633 εὐμενῶς
3576 559 3666 613 καὶ
3721 558 3804 613 δι-

2153 648 2344 710 καίως.
2378 650 2433 703 Ὁ
2466 647 2522 703 δὲ
2554 645 2737 704 Δαϐίδ·
2773 676 2802 701 ‹‹
2837 651 3003 707 Εἶπον
3051 654 3120 724 τῇ
3178 653 3333 725 ψυχῇ
3389 671 3512 721 μου,
3550 650 3807 724 Σωτηρὶα

2159 758 2253 791 σου
2286 736 2418 809 εἶμί.
2451 758 2477 791 ι
2508 744 2566 795 Ὁ
2597 736 2655 793 δὲ
2702 741 3045 815 Μονογενής·
3088 742 3262 797 Τοῦτο
3313 735 3481 814 ἔχεις,
3533 738 3623 792 καὶ
3678 739 3805 813 θαρ-

2160 846 2259 879 σει·
2314 829 2473 880 σώσω
2529 829 2633 904 γάρ
2693 849 2787 882 σου
2843 831 2943 897 τήν
2999 830 3183 903 ψυχὴν
3245 825 3333 883 διὰ
3385 830 3483 896 τῆς
3546 826 3809 902 ἐνανθρωο

2160 916 2378 984 πήσεώς
2431 937 2533 989 μου
2584 916 2675 971 καὶ
2722 922 2819 972 τοῦ
2872 920 3096 979 πάθους.
3128 918 3189 974 Ὀ
3222 914 3278 971 δὲ
3328 911 3512 971 Δαϐίδ·
3551 940 3579 968 ‹‹
3613 918 3808 992 Ἑθαρ-

2162 1006 2465 1075 σοποιήθην
2523 1008 2636 1079 (47)
2696 1004 2815 1062 λίαν
2853 1025 2867 1039 ⁶
2927 1008 3017 1063 καὶ
3095 1006 3340 1082 παραυτὰ
3410 1006 3811 1083 ἀνθυποφέρεν

2167 1117 2195 1145 ‹‹
2228 1093 2409 1166 Κύριε,
2441 1094 2522 1155 τίς
2566 1092 2761 1166 ὅμοιός
2805 1114 2926 1165 σοι;
2961 1097 2988 1149 ὁ
3038 1093 3095 1149 δὲ
3143 1096 3472 1169 Μονογενής·
3505 1096 3569 1152 Ὀ
3600 1096 3811 1168 Πατήρ.

406 1196 564 1250 ’ΌΟεν
598 1191 685 1245 καί
706 1212 779 1267 φη
793 1207 870 1261 μι·
901 1214 926 1239 ‹‹
961 1189 1015 1242 Ὁ
1045 1186 1139 1261 ἐμὲ
1169 1187 1423 1259 ἑωρακὼς
1455 1184 1657 1259 ἑώρακε
1680 1184 1770 1239 τὸν
1804 1182 2014 1258 Πατέρα
2046 1203 2171 1254 μου.
2210 1206 2231 1233 ι
2268 1182 2507 1257 Πορεύου
2537 1181 2587 1237 ἐν
2623 1183 2834 1257 εἰρήνῃ,
2865 1181 3307 1259 ἀπεκδεχόμενος
3329 1189 3438 1239 τῶν
3471 1182 3813 1261 ἐπαγγελιῶν

408 1285 505 1351 τὴν
539 1279 798 1355 μακαρίαν
833 1274 1043 1332 ἐλπίδα.

481 1376 533 1428 3.
567 1374 671 1428 His
701 1372 899 1442 itaque
929 1367 1237 1435 absolutis,
1261 1366 1480 1437 egressi
1506 1364 1694 1437 angeli
1720 1364 1816 1419 Dei
1843 1379 2059 1434 magna

412 1480 548 1518 voce
578 1460 907 1527 clamarent
931 1475 942 1512 :
969 1457 1027 1513 Si
1061 1456 1195 1529 quis
1239 1455 1389 1511 alius
1418 1456 1684 1511 eamdem
1719 1470 1891 1526 quam
1927 1470 2057 1523 pro-

417 1552 600 1624 phetae
631 1549 792 1604 litem
821 1548 1053 1616 habeat,
1078 1545 1296 1613 absque
1328 1544 1746 1615 impedimento
1769 1541 2059 1613 ingredia-

416 1650 536 1707 tur,
564 1639 717 1695 890
748 1653 812 1692 ac
834 1633 1057 1691 veritati
1092 1633 1507 1706 patrocinetur.
1531 1632 1618 1686 Ad
1649 1648 1827 1702 quam
1846 1630 2063 1701 jussio-

421 1747 553 1786 nem
589 1728 768 1782 intrat
806 1723 1073 1778 Nabutbe
1122 1720 1387 1777 Israelita
1419 1738 1431 1775 :
1468 1736 1641 1791 quem
1692 1718 2064 1790 conspicatus

420 1816 787 1890 Unigenitus,
814 1813 893 1868 ait
923 1829 934 1868 :
970 1811 1214 1874 Quicum
1250 1810 1351 1865 tibi
1384 1809 1456 1865 lis
1486 1814 1595 1877 est,
1618 1812 1713 1863 aut
1748 1807 1840 1863 cui
1871 1808 2064 1862 dicam

422 1908 509 1963 vis
541 1906 865 1976 impingere
887 1902 913 1956 ‘2
946 1902 1106 1965 Quod
1158 1899 1207 1954 si
1239 1904 1299 1953 tu
1328 1899 1452 1969 ipse
1501 1916 1614 1953 non
1662 1902 1826 1968 potes
1875 1913 2064 1952 causae

422 2002 533 2051 tua:
566 1995 974 2065 argumentum
1005 2004 1296 2051 enarrare,
1330 1987 1627 2057 habcsque
1656 1987 1998 2041 advocatum
2034 2008 2061 2033 ››
2095 2012 2140 2075 Β

420 2082 785 2155 ingrediatur
836 2079 931 2134 ille
982 2079 1201 2146 absque
1247 2076 1690 2146 impedimento,
1724 2092 1788 2130 ac
1837 2073 2065 2130 veritati

424 2182 613 2228 tecum
649 2169 1060 2241 patrocinctur.
1096 2167 1243 2220 Tum
1275 2164 1542 2220 Nabuthe
1576 2182 1587 2219 :
1624 2164 1831 2229 Etiam,
1864 2163 2064 2219 Domi-

425 2279 515 2326 ne,
552 2264 888 2315 advocatum
940 2256 1121 2310 habeo
1171 2253 1596 2325 aequissimum,
1644 2254 1907 2325 aurigam
1958 2252 2064 2307 lle-

422 2350 583 2414 liam,
618 2348 747 2402 dica
794 2350 989 2399 autem
1026 2342 1169 2397 mihi
1203 2341 1553 2413 impingitur
1583 2358 1716 2396 cum
1770 2339 1935 2395 t'alsis
1982 2344 2068 2395 te-

424 2438 636 2492 stibus.
669 2438 1030 2504 Quapropter
1071 2447 1241 2486 orsus
1272 2447 1510 2485 causam
1565 2431 1735 2485 modo
1785 2429 2067 2484 enarrabo

425 2542 615 2582 meam
651 2541 715 2578 ια
749 2524 1068 2593 Surgentes
1099 2523 1278 2575 testes
1324 2518 1533 2590 iniqui,
1566 2536 1694 2587 quae
1726 2518 2067 2590 ignorabam

426 2613 859 2685 interrogabant
893 2628 984 2665 me
1004 2610 1067 2675 9‘,
1100 2630 1127 2656 ››
1161 2608 1522 2663 affirmantes
1563 2624 1655 2662 me
1704 2608 2069 2663 benedixisse

426 2705 609 2758 Deum
643 2708 699 2756 et
741 2701 972 2771 ltegem.
1002 2698 1157 2761 Quos
1209 2701 1580 2768 percontatus
1626 2695 1911 2750 Dominus
1940 2695 2022 2749 ait
2054 2711 2068 2748 ι

428 2792 608 2847 Dicite
645 2789 787 2845 mihi
832 2787 913 2843 rei
946 2786 1267 2851 veritatem,
1300 2786 1434 2856 quis
1477 2801 1579 2838 vos
1629 2783 1816 2855 coegit
1845 2784 2071 2839 calum-

426 2882 584 2936 niam
625 2879 903 2935 adversus
955 2890 1189 2931 servum
1243 2889 1439 2927 meum
1501 2872 1758 2943 legisque
1787 2871 2070 2927 cultorem

426 2968 718 3026 conﬂare?
768 2965 1219 3037 Responderunt
1248 2961 1333 3016 illi
1367 2979 1380 3015 :
1413 2962 1611 3016 Achab
1655 2967 1713 3016 et
1753 2978 1897 3016 uxor
1943 2962 2072 3031 ejus

426 3056 675 3114 Jezabel.
709 3057 859 3110 Tum
910 3052 1298 3123 Unigenitus:
1355 3051 1489 3105 Esto
1539 3050 1719 3120 igitur
1762 3051 1961 3105 Achab
2011 3050 2069 3104 in

426 3146 577 3202 bello
609 3144 788 3201 veloci
822 3144 1035 3213 sagitta
1067 3144 1375 3196 confossus
1407 3141 1464 3194 in
1499 3139 1723 3210 liepate,
1748 3144 1848 3194 aut
1880 3139 2072 3210 potius

426 3238 482 3289 in
516 3234 821 3307 pulmone;
856 3232 954 3303 qui
987 3231 1206 3300 injuste
1236 3229 1505 3298 spiritum
1540 3227 1718 3282 trahit
1744 3228 1811 3282 ad
1847 3245 2073 3298 posses—

427 3324 611 3379 sionis
641 3319 1195 3392 concupiscentiam.
1227 3316 1452 3371 Jezabcl
1501 3323 1696 3371 autem
1733 3316 2074 3386 proﬁciatur

2239 1363 2291 1417 3.
2325 1359 2527 1415 Οὐκοῦν
2557 1360 2940 1417 ἀπολυθέντων
2966 1363 3173 1418 τούτων
3206 1360 3454 1440 ἐφοδίων,
3487 1365 3541 1419 oi
3590 1361 3821 1439 ἄγγελοι

2167 1452 2264 1503 τοῦ
2318 1454 2451 1504 Θεοῦ
2500 1448 2803 1520 ἐξελθόντες
2864 1452 3181 1528 κεκράγασιν
3237 1451 3448 1529 μεγάλῃ
3510 1451 3579 1526 τῇ
3641 1455 3818 1529 φωνῇ·

2171 1537 2241 1593 Ei’
2266 1560 2349 1601 τις
2379 1540 2467 1593 καὶ
2500 1537 2669 1601 ἄλλος
2702 1538 2816 1616 ἔχει
2868 1538 3023 1611 δίκην
3072 1546 3179 1596 τῶν
3240 1547 3555 1620 προφητῶν,
3584 1541 3825 1616 εἰσερχέ-

2174 1629 2282 1681 σθω
2333 1626 2652 1698 ἀκωλύτως,
2687 1636 3005 1705 συνηγορῶν
3054 1632 3153 1700 τήν
3203 1630 3481 1701 ἀλήθειαν.
3516 1631 3663 1705 Πρὸς
3719 1632 3820 1699 τήν

2174 1715 2561 1792 παρακέλευσιν
2625 1718 2922 1794 εἰσέρχεται
2982 1715 3224 1774 Ναϐουθέ
3281 1721 3309 1774 ὁ
3358 1718 3728 1794 Ἰσραηλίτης,
3762 1721 3819 1775 ὃν

2172 1805 2261 1860 καὶ
2296 1806 2621 1878 θεασάμενος
2652 1808 2809 1862 αὐτὸν
2840 1810 2868 1862 6
2910 1810 3224 1883 Μονογενὴς
3275 1808 3440 1882 λέγεο⁶
3492 1808 3568 1862 Σὺ
3620 1806 3679 1863 δὲ
3726 1831 3820 1881 με·

2172 1895 2238 1948 τὰ
2266 1894 2412 1956 τίνος
2445 1894 2614 1971 ἔχεις,
2644 1898 2677 1965 ἢ
2702 1916 2714 1928 '
2752 1897 2885 1969 μετᾶ
2927 1897 3044 1952 τίνα
3079 1896 3254 1973 βούλῃ
3284 1895 3596 1952 δικάσασθαι
3622 1918 3636 1968 ;
3672 1899 3735 1952 Ei
3765 1896 3821 1952 δὲ

2174 1982 2331 2044 αὐτὸς
2389 1980 2459 2037 δι’
2505 1983 2667 2039 αὐτοῦ
2717 1984 2779 2039 ού
2826 1984 3044 2041 δύνασαι
3106 1986 3491 2061 εἰσηγήσασθαι
3537 1988 3637 2055 τήν
3695 1986 3825 2041 ὑπό-

2177 2084 2319 2135 θεσιν
2367 2077 2464 2126 τοῦ
2519 2075 2839 2150 πράγματός
2893 2097 3010 2148 σου,
3060 2072 3208 2150 ἔχεις
3266 2073 3323 2129 δὲ
3362 2074 3672 2149 δικολόγον,
3731 2077 3822 2129 καὶ

2175 2161 2330 2223 αὐτὸς
2365 2161 2687 2237 εἷσεθχέσθω
2720 2162 3039 2234 ἀκωλύτως,
3075 2166 3385 2241 συνηγορῶν
3420 2186 3503 2219 σοι
3532 2166 3633 2233 τὴν
3682 2163 3823 2235 ἀλή-

2175 2253 2343 2305 Θειαν.
2375 2252 2436 2308 Ὀ
2482 2248 2539 2305 δὲ
2589 2248 2853 2316 Ναϐουθὲο
2888 2254 3009 2323 Ναὶ,
3054 2253 3315 2323 Δέσποτα,
3349 2250 3463 2329 ἔχω
3523 2256 3823 2329 συνήγορον

2177 2337 2537 2411 δικαιότατον,
2572 2340 2965 2417 ἁρματηλάτην
2989 2342 3175 2397 Ἠλίαν
3209 2346 3342 2415 (48)’
3376 2345 3409 2412 ἡ
3445 2341 3500 2397 δέ
3545 2340 3670 2412 δίκη
3723 2363 3825 2415 μου

2178 2435 2550 2504 συγκροτεῖται
2613 2432 2748 2503 μετὰ
2801 2436 2910 2485 τῶν
2971 2430 3456 2507 ψευδομαρτύρων.
3515 2434 3678 2490 ’Ὁθεν
3736 2432 3831 2506 ἁρ-

2180 2518 2423 2593 χόμενος
2481 2523 2579 2573 τοῦ
2627 2520 2943 2596 πράγματός
3011 2542 3117 2593 μου
3176 2519 3319 2597 λέγω
3374 2521 3509 2575 κατᾶ
3561 2522 3623 2575 τὸ
3671 2521 3831 2590 ἐξῆς·

2181 2608 2584 2670 α’Δναστάντες
2647 2630 2740 2682 μοι
2806 2609 3074 2686 μάρτυρες
3136 2608 3335 2682 ἄδικοι,
3395 2610 3427 2664 ἃ
3484 2609 3583 2664 οὐκ
3636 2609 3830 2684 ἐγίνω-

2180 2718 2303 2751 σκον
2337 2698 2567 2770 ἠρώτων
2602 2718 2690 2769 με,
2715 2722 2743 2748 ››
2776 2693 3249 2771 διαϐεϐαιούμενοι
3283 2697 3366 2753 ὅτι
3396 2696 3689 2773 ηύλόγησα
3717 2700 3830 2771 (49)

2179 2786 2306 2840 Θεὸν
2357 2786 2446 2839 καὶ
2498 2785 2740 2862 βασιλέασ
2785 2786 2877 2848 οὓς
2924 2788 3014 2842 καὶ
3063 2787 3320 2858 ἐξετάζων
3373 2790 3401 2842 6
3456 2787 3653 2860 Κύριος
3702 2786 3825 2865 ἔφη’

2180 2872 2382 2930 Εἴπατε
2418 2896 2508 2946 μοι
2543 2872 2890 2952 φιλαλήθως,
2920 2875 3005 2937 τίς
3048 2878 3186 2949 ὑμᾶς
3238 2876 3504 2951 ἠνάγκασε
3559 2897 3828 2953 συκοφαν-

2178 2971 2338 3031 τῆσαι
2385 2964 2475 3018 τὸν
2526 2963 2655 3035 ἐμὸν
2717 2962 2914 3020 δοῦλον
2970 2964 3059 3019 καὶ
3109 2965 3505 3043 νομοφύλακα;
3541 2967 3606 3022 Οἱ
3640 2962 3697 3020 δὲ
3729 2965 3831 3019 ἀπ-

2181 3052 2476 3126 εκρίναντο·
2514 3047 2721 3127 Ἀχαᾶϐ
2767 3054 2857 3108 καὶ
2905 3056 2940 3122 ἡ
2990 3055 3125 3129 γυνή
3174 3054 3338 3109 αὐτοῦ
3388 3051 3649 3123 Ἰεζαόἐλ.
3683 3056 3744 3110 Ὀ
3775 3051 3833 3107 δὲ

2182 3142 2525 3214 Μονογενής⁸
2586 3144 2764 3197 Ἔστω
2823 3142 2915 3197 οὖν
2972 3144 2999 3196 ὁ
3056 3138 3269 3219 Ἀχαᾶϐ
3328 3142 3379 3197 ἐν
3445 3148 3523 3216 τῷ
3599 3141 3835 3215 πολέμῳ

2178 3230 2526 3301 τοξευόμενος
2591 3228 2738 3305 βέλει
2800 3227 3080 3303 εὐθυϐόλῳ
3136 3232 3271 3287 κατᾶ
3324 3237 3421 3286 τοῦ
3502 3232 3738 3301 ἥπατος,
3799 3234 3827 3300 ἦ

2188 3318 2398 3390 μᾶλλον
2462 3321 2597 3373 κατᾶ
2650 3324 2746 3373 τοῦ
2805 3321 3255 3393 πνεύμονος,τοῦ
3315 3318 3513 3383 ἀδίκως
3575 3320 3836 3376 ἀναπνεύο

427 3413 487 3466 in
520 3426 712 3466 aream
745 3410 975 3474 domus,
1000 3409 1191 3477 sitque
1224 3405 1305 3459 illi
1335 3396 1545 3460 canum
1579 3406 1935 3475 sepulcrum.
1966 3405 2068 3460 Na-

2186 3428 2375 3468 σαντος
2426 3406 2509 3469 ἐἷς
2564 3409 2662 3476 τὴν
2722 3408 3112 3477 πλῖονεκτικὴν
3173 3409 3483 3482 ἐπιθυμίαν.
3516 3411 3579 3464 Ἡ
3630 3407 3687 3464 δὲ
3742 3412 3831 3464 Ἰε-

430 3500 611 3556 buthe
659 3515 791 3554 vero
847 3515 948 3568 pro
1000 3495 1196 3551 ablata
1224 3494 1414 3558 vinea,
1448 3492 1782 3548 haereditate
1832 3493 2081 3563 accipiat

435 3588 689 3663 paradisi
726 3586 1081 3659 voluptatem
1116 3590 1292 3654 atque
1323 3584 1728 3638 reternitatem.

2192 3491 2352 3564 ζαϐελ
2386 3495 2525 3551 ἔστω
2556 3496 2852 3572 ῥιπτομένη
2886 3497 2938 3552 ἐν
2981 3497 3272 3571 οἱκοπέδῳ,
3303 3501 3538 3574 γενέσθω
3570 3496 3628 3553 δὲ
3659 3502 3836 3553 κυνῶν

2189 3586 2376 3661 τάφος.
2427 3588 2485 3642 Ὀ
2536 3582 2592 3639 δὲ
2642 3580 2882 3640 Ναϐουθὲ
2929 3586 3333 3661 κληρονεμνξτω
3382 3590 3525 3660 (49⁸)
3573 3588 3692 3641 ἀντὶ
3745 3593 3841 3643 τοῦ

434 3675 885 3756 ἐξαφανιζομὲνου
916 3669 1241 3745 ἀμπελῶνος
1273 3672 1370 3740 τὴν
1397 3672 1603 3747 τρυφὴν
1636 3675 1731 3723 τοῦ
1762 3667 2086 3745 παραδείσου
2117 3675 2203 3727 καὶ
2234 3682 2332 3741 τῆς
2361 3674 2718 3744 αἱωνιότητος
2746 3678 2880 3747 (50).

508 3771 561 3824 4.
595 3769 712 3824 llac
761 3784 929 3838 porro
961 3763 1253 3821 sententia
1283 3762 1341 3817 in
1374 3762 1792 3817 commentario
1825 3763 2076 3831 redacta,

436 3857 760 3930 ingreditur
790 3872 1001 3925 magna
1033 3869 1167 3908 voce
1205 3851 1484 3922 1rmditus
1514 3850 1611 3905 ille
1664 3850 1845 3906 Isaias
1892 3850 2080 3907 excla-

434 3964 605 4004 mans
632 3964 643 4001 :
670 3947 933 4010 Domine,
958 3942 1093 3998 audi
1127 3941 1374 3995 libenter
1403 3946 1460 3994 et
1486 3958 1650 4010 azquo
1684 3939 1899 3994 animo.
1928 3942 2077 3995 Tum

435 4034 813 4107 Unigenitus:
852 4034 1112 4102 Loquere
1144 4031 1423 4084 adversus
1469 4046 1603 4083 eum
1658 4029 1756 4099 qui
1812 4028 1960 4083 laesit
1987 4034 2076 4095 te;

431 4142 563 4179 cum
597 4124 917 4195 presertim
952 4119 1234 4192 propheta
1267 4119 1348 4173 sis
1380 4124 1461 4184 tu,
1485 4119 1710 4188 justus,
1739 4117 2080 4197 apii-ilualis,

430 4217 717 4282 aptusque
739 4210 808 4264 ad
829 4226 1016 4263 causa:
1042 4213 1149 4261 tuas
1171 4214 1585 4276 argumentum
1611 4207 2075 4277 proponendum.

430 4300 532 4354 Cui
558 4298 874 4371 propheta:
908 4297 1045 4351 Dica
1074 4302 1161 4351 est
1197 4294 1491 4349 mihicum
1519 4296 1956 4365 Manasse,quia
1989 4312 2079 4350 me

432 4388 695 4442 divinum
716 4404 748 4440 a
770 4390 1000 4454 Deoque
1031 4384 1383 4455 inspiratum
1420 4385 1674 4438 Verbum
1707 4384 1966 4439 studiose
1998 4390 2080 4439 at-

433 4493 545 4546 que
576 4474 824 4546 impigre
865 4472 1233 4545 praedicante,
1272 4471 1367 4526 ille
1413 4470 1725 4526 crudeliter
1754 4478 1812 4526 et
1861 4473 2080 4541 absque

432 4566 552 4619 ulla
584 4559 1003 4625 misericordia,
1031 4577 1123 4615 me
1155 4559 1348 4630 lignea
1382 4576 1542 4614 serra
1563 4559 1792 4613 occidit.
1823 4560 2077 4631 Respon-

431 4655 517 4708 dit
538 4651 885 4724 Unigenitus
909 4667 919 4704 :
946 4650 1002 4704 δί
1029 4650 1083 4704 id
1115 4648 1417 4703 Manasses
1442 4648 1790 4718 designavit,
1817 4650 2082 4704 tradatur

427 4740 709 4797 Chaldmis
742 4741 800 4796 in
833 4737 1249 4810 captivitatem,
1284 4735 1605 4790 ludibrium
1639 4741 1695 4789 et
1724 4738 1979 4792 caadem:
2016 4744 2081 4794 ut

423 4831 688 4886 ediscant
744 4844 932 4900 reges,
988 4826 1301 4898 prophetas
1356 4842 1513 4879 meos
1566 4825 1940 4880 contumeliis
1965 4845 2076 4881 non
2110 4831 2156 4893 Β
2188 4828 2276 4880 καὶ
2332 4826 2541 4904 σφαγήν

430 4921 659 4975 afﬁcere
690 4922 792 4973 aut
821 4916 1143 4982 trucidare;
1178 4914 1278 4970 sed
1325 4913 1611 4968 honorare
1656 4920 1831 4985 atque
1881 4917 2080 4988 magni

428 5009 635 5078 facere,
663 5006 1123 5069 considerantes,
1148 5003 1303 5073 quod
1340 5020 1441 5072 per
1473 5018 1564 5057 me
1596 5003 1788 5057 omnis
1841 5020 1940 5058 rex
1991 5021 2079 5059 re-

428 5101 584 5169 gnet,
617 5101 673 5153 et
702 5098 967 5168 potentes
1015 5092 1232 5163 scripto
1281 5092 1595 5147 decernant
1640 5092 1955 5161 justitiam.
1991 5094 2079 5150 Tu

500 5272 545 5309 ⁹²
577 5271 729 5329 Psal.
762 5287 953 5335 xxxw,
986 5270 1038 5324 3.
1117 5268 1160 5303 ⁹³
1190 5268 1331 5324 ibid.
1368 5269 1453 5324 10.
1531 5270 1573 5304 9⁵
1602 5268 1772 5325 Joan.
1805 5286 1920 5339 xxv,
1952 5272 2006 5328 9.

499 5451 613 5520 (47)
647 5453 732 5507 Ita
763 5450 896 5517 Reg.
936 5448 1087 5521 Editi
1117 5465 1269 5521 vero,
1307 5445 1501 5521 Θαρῥιῖ)
1534 5447 1757 5521 ποιητά.

498 5516 605 5593 (48)
638 5524 731 5579 Sic
765 5516 916 5593 haud
953 5520 1126 5576 dubie
1158 5516 1495 5592 legendum.
1531 5518 1705 5587 Editi,
1737 5516 1877 5585 τινά,
1915 5519 2081 5593 Reg,

432 5590 572 5665 λίαν,
594 5590 708 5667 νρεο
737 5590 833 5667 ᾚλ
846 5590 947 5647 ίαν.

502 5655 623 5751 (49)
646 5668 732 5724 Ita
763 5665 900 5740 Reg.
946 5681 1081 5722 cum
1112 5661 1191 5724 0'.
1226 5660 1399 5732 Editi,
1435 5655 1839 5739 ἐκακολόγησα.

2263 3767 2332 3819 4.
2386 3764 2987 3837 Ὑπομνηματισθείσης
3064 3763 3121 3820 δί
3190 3767 3388 3837 ταύτης
3464 3770 3838 3847 ἁποσὲσεως,

2191 3851 2490 3927 εἰσέρχεται
2551 3854 2579 3906 ὁ
2643 3852 3159 3931 μεγαλοφωνότατος
3216 3856 3432 3918 Ἡσαΐας
3506 3862 3786 3935 κεκραγώς
3823 3880 3834 3894 ·

2191 3940 2370 4014 Κύριε,
2428 3943 2656 3997 ἄκουσον
2711 3941 2846 4015 ἐμοῦ
2901 3942 3142 4016 εὐμενῶς
3194 3945 3283 3999 καὶ
3343 3944 3564 4010 δικαίως
3599 3992 3613 4004 .
3666 3951 3726 4006 Ὁ
3785 3948 3841 4004 δὲ

2188 4033 2514 4105 Μονογενής·
2570 4032 2705 4105 Λέγε
2756 4032 2891 4085 κατᾶ
2931 4036 3028 4086 τοῦ
3077 4030 3434 4103 ἀδικήσαντός
3493 4057 3570 4105 σε,
3621 4039 3837 4109 μᾶλλον

2190 4118 2252 4172 συ
2286 4116 2358 4172 ὣν
2410 4123 2698 4197 προφήτης
2746 4118 2976 4190 δίκαιος,
3011 4124 3396 4196 πνευματικὸς,
3430 4124 3618 4186 ἱκανὸς
3668 4127 3841 4200 ἐαυτῷ

2189 4210 2545 4277 συστήσασθαι
2593 4211 2692 4278 τήν
2759 4209 3004 4265 ὑπόθεσιν
3077 4215 3173 4265 τοῦ
3230 4212 3547 4287 πράγματός
3605 4236 3725 4271 σου.
3778 4217 3838 4272 Ὀ

2190 4292 2247 4348 δὲ
2298 4298 2609 4372 προφήτης·
2642 4301 2798 4370 ’Έχω
2857 4294 3010 4366 δίκην
3076 4299 3208 4370 μετὰ
3262 4302 3359 4352 τοῦ
3409 4305 3692 4369 Μανασσῆ,
3726 4301 3838 4355 ἐπεὶ

2188 4382 2323 4455 ἐμοῦ
2356 4382 2665 4446 σπουδαίως
2721 4385 2812 4438 καὶ
2862 4385 3065 4447 ἀόκνως
3113 4385 3478 4460 κηρύσσοντος
3535 4391 3628 4443 τὸν
3691 4396 3833 4452 θεῖον

2187 4472 2276 4526 καὶ
2335 4472 2685 4535 θεόπνευστον
2738 4471 2922 4549 λόγον,
2974 4473 3131 4536 αὐτὸς
3208 4475 3539 4548 ἀσυμπαθῶς
3597 4478 3691 4532 καὶ
3749 4480 3838 4533 ἁν-

2190 4559 2506 4633 ελεημόνως
2557 4559 2756 4633 ξυλίνῳ
2802 4563 2986 4636 πρίονὶ
3035 4584 3103 4634 με
3148 4562 3379 4619 ἀνεῖλεν.
3408 4567 3470 4623 Ὀ
3499 4563 3557 4620 δὲ
3590 4569 3837 4641 Μονογε-

2187 4652 2307 4720 ντίς’
2362 4650 2424 4704 Ei
2479 4656 2640 4705 τοῦτο
2696 4650 2947 4722 ἐποίησεν
3005 4654 3033 4706 6
3092 4655 3407 4723 Μανασσῆς,
3450 4653 3840 4729 παραδιδόσθω

2186 4744 2301 4800 τοῖς
2332 4736 2629 4801 Χαλδαίοις
2660 4740 2737 4802 εἷς
2788 4740 3196 4816 αἰχμαλωσίαν,
3228 4742 3318 4796 καὶ
3374 4742 3694 4818 ἐμπαιγμὸν
3730 4747 3843 4816 (51)

2623 4826 2715 4883 ’ἱνα
2775 4829 3015 4901 μάθωσιν
3071 4831 3123 4884 0i
3186 4829 3429 4905 βασιλεῖς
3486 4831 3613 4892 τοὺς
3675 4830 3843 4904 ἐμούς

2190 4919 2471 4993 προφήτας
2533 4918 2608 4990 μή
2671 4913 2924 4990 ὑϐρίζειν,
2976 4921 3010 4988 ἢ
3066 4919 3420 4991 ἀποκτείνειν,
3481 4919 3627 4975 ἀλλὰ
3676 4926 3841 4993 τιμᾷν

2188 5005 2277 5059 καὶ
2331 5005 2671 5080 μεγαλύνειν
2723 5007 3137 5080 ἐνθυμούμενοι,
3171 5007 3254 5063 ὅτι
3305 5006 3374 5063 δι’
3404 5008 3541 5081 ἐμοῦ
3592 5015 3698 5070 πᾶς
3749 5010 3846 5084 βα-

2192 5093 2371 5156 σιλεὺς
2406 5094 2700 5170 βασιλεύει,
2746 5097 2836 5151 καὶ
2890 5098 2946 5150 οἱ
3005 5094 3259 5152 δυνάσται
3310 5099 3582 5175 γράφουσι
3634 5096 3845 5153 δικαιοο

2084 5273 2127 5307 ”
2159 5271 2309 5330 Psal.
2342 5293 2531 5347 xxxiv,
2566 5277 2651 5332 10.

2264 5454 2539 5531 (ίιθἿῌΡΓΟ
2570 5452 3007 5531 κληρονομείτω.
3040 5457 3201 5514 EDIT.

2266 5530 2377 5595 ('30)
2410 5528 2575 5600 Reg.,
2608 5528 2709 5596 τῆς
2740 5528 3126 5600 ἀνεκπότητος,
3162 5532 3462 5588 mendose.

2263 5600 2344 5671 (51
2354 5638 2372 5672 ,
2411 5598 2665 5676 lta'Reg.
2701 5600 2850 5657 Editi
2879 5618 3036 5673 vero,
3071 5598 3377 5679 ἕμπαιγμα.
