2046 3109
186 189 266 220 1069

630 189 793 222 HOMILIA
816 190 854 221 ΙΝ
878 190 932 221 SS.
955 190 1108 221 PATRES
1130 190 1179 221 ET
1203 191 1446 223 PROPHETAS.

1810 196 1889 227 1070

182 256 277 292 σύν-ην.
305 256 343 284 Σὺ
375 256 421 293 μὲν
447 256 505 283 ἀντὶ
528 260 578 291 τῆς
600 256 721 295 ἐπιγείου
746 256 934 295 ’Ἰερουσαλὴμ
954 257 996 291 τὴν

1045 287 1047 290 _
1062 257 1181 293 quidem
1199 266 1250 294 pro
1266 261 1381 287 terrena
1395 259 1568 294 Jerusalem,
1582 259 1728 289 ctelestem
1745 262 1888 299 primoge-

181 300 342 338 ἐπουράνιον
368 301 472 339 μητέρα
501 304 553 328 τῶν
581 300 763 339 πρωτοτόκων
804 300 883 329 οἷ’κει·
913 301 1005 329 κάκεῖ-

179 355 226 376 νος
244 346 313 382 (51')
328 344 358 372 δὲ
373 346 418 373 τὸν
446 345 541 380 τόπον⁹
567 358 581 372 ί(
608 345 633 381 ἐξ
653 346 684 373 οὗ
700 344 803 383 ἀπέδρα
818 344 912 381 ὀδύνη,
928 345 1002 381 λύπη

177 389 224 417 καὶ
240 390 400 427 στεναγμός.
418 401 432 416 ››

213 435 240 462 5.
258 433 463 472 ῙΙεραιωθιίσης
492 433 520 462 δὲ
549 434 593 462 καὶ
621 435 722 470 ταύτης
750 439 800 470 τῆς
830 435 1001 474 ἀποφάσεως,

178 478 328 516 εἰσέρχεται
358 479 372 505 ὁ
397 479 618 515 θαυμασιώτατος
643 479 785 516 Ἱερεμίας,
811 479 839 507 ὅν
867 479 911 507 καὶ
941 480 1000 507 θεα-

176 523 293 559 σάμενος
321 523 335 550 ὁ
361 523 515 560 Μονογενὴς
539 522 619 561 λέγει·
649 523 686 551 Σὺ
703 523 731 551 δὲ
748 525 814 560 μετά
828 523 900 555 τίνος
913 522 1000 561 ἔχεις,

175 569 193 602 ἢ
212 568 279 604 μετά
296 567 370 598 τίνος
388 567 516 605 βούλεσαι
533 566 712 604 δικάσασθαις
742 569 773 597 Ὀ
800 567 829 596 δὲ
855 568 998 607 Ἱερεμίας·

176 614 255 649 “Elui
271 611 348 647 δίκην
379 612 447 649 μετὰ
474 612 520 639 τὸν
548 611 698 645 Ἰυυδαίων,
723 612 859 650 βούλομαι
876 612 905 640 δὲ
922 612 998 641 ὂικά-

174 657 269 684 σασθαι
285 656 329 684 ἐπὶ
345 659 394 684 σοῦ
409 658 457 684 τοῦ
473 656 735 694 ἀπροσωπολήπτου
754 657 901 686 Δεσπότου.
923 659 953 687 Ὁ
970 656 999 685 δὶ

172 703 340 738 Μονογενής·
357 702 408 730 Καὶ
423 701 450 729 τί
465 704 628 739 κατηγορεῖς
648 701 711 733 τοὺς
740 701 899 741 ὁμοφύλους
928 712 995 737 σου;

172 747 203 775 Ὁ
232 745 261 773 δὲ
295 747 448 785 προῳήτης·
489 747 642 784 Κατηγορῶ
674 746 782 782 αὐτοὺς,
813 746 870 774 ἐπεὶ
896 747 997 774 ἀνταπ-

171 789 274 818 ἐδωκάν
293 801 339 827 μοι
355 791 412 817 ἀντὶ
428 792 481 817 τῶν
496 789 588 817 καλῶν
603 791 683 825 κακὰ,
706 790 762 818 ἀντὶ
779 789 808 818 δὲ
819 793 872 818 τῶν
889 791 996 830 ἀγαθῶν

169 836 287 873 πονηρά,
317 836 404 871 Ἐμοῦ
438 834 590 873 εὐχομένου
621 835 685 872 ὑπὲρ
716 834 802 873 ὑγείας
831 835 920 863 αὑτῶν
949 835 994 863 καὶ

170 880 316 917 σωτηρίας,
338 879 414 907 αὐτοὶ
432 877 629 907 ἐϐουλεύσαντο
654 880 790 918 φαρμάκῳ
819 890 852 916 με
878 879 992 915 ἀνελεῖν,

169 924 351 973 ὶγκρῦψαντλες
374 924 438 951 αὐτὸ
462 924 530 960 μετά
553 923 670 973 πολλοῦ,
687 922 770 973 δό-λου
786 924 893 973 είςϋτὸν
911 924 990 962 ἄρτον
1008 940 1032 973 Β

170 980 233 1006 μου.
264 970 293 998 Ὁ
317 967 346 996 δὶ
369 969 537 1006 Μονογενῆς·
568 968 616 995 Καὶ
643 967 670 995 τί
694 968 785 1000 αὐτοῖς
811 968 897 999 θέλεις
919 969 993 1007 γενέ-

169 1020 251 1049 σθαι;
278 1014 308 1042 Ὀ
337 1012 365 1040 δὲ
390 1014 546 1053 προφήτης·
577 1014 680 1041 Ἐκεῖνο
704 1012 796 1045 αὐτοῖς
819 1013 934 1049 ποίησον
960 1014 992 1041 τὸ

166 1057 355 1096 γεγραμμὲνον
385 1057 410 1084 ἐν
435 1060 494 1088 ταῖς
517 1057 692 1095 Παροιμίαις·
718 1072 731 1083 u
748 1058 778 1086 Ὁ
795 1056 990 1089 ἀνταποδιδοὺς

167 1103 250 1131 κακὸν
289 1102 346 1129 ἀντὶ
384 1102 495 1140 ἀγαθοῦ,
531 1101 562 1128 οὐ
588 1102 762 1137 κινηθήσεται
790 1102 859 1129 κακὰ
886 1102 916 1130 ἐκ
943 1105 991 1130 τοῦ

167 1145 246 1173 οἷαου
261 1142 354 1173 αὐτοῦ.
384 1157 399 1171 ››
421 1146 449 1171 Ὁ
475 1143 504 1172 δὲ
530 1146 699 1183 Μονογενής·
716 1144 800 1174 Οὐδὲν
817 1144 917 1173 ἄτοπον
932 1145 993 1182 ἐζή-

164 1201 260 1224 τησας.
277 1188 331 1218 Ἴδε
346 1189 376 1217 οὗ
391 1191 527 1217 κινοῦνται
543 1189 611 1217 κακά
626 1188 655 1216 ἐκ
677 1192 726 1217 τοῦ
742 1189 818 1217 οἷόιου
842 1192 895 1218 τῶν
923 1191 991 1218 Ἰου-

165 1234 249 1263 δαίων
263 1237 312 1269 τῆς
327 1233 518 1271 Ἰερουσαλήμ,
533 1232 585 1265 ἕως
601 1233 631 1261 ἂν
658 1233 687 1261 ἐκ
716 1233 849 1270 θεμελίων
879 1234 990 1272 ἐρημω-

165 1282 212 1317 θῇ.
230 1279 268 1307 Σὺ
281 1279 416 1306 ἀναπαύου
432 1278 458 1306 ἐν
474 1281 530 1310 τοῖς
546 1279 706 1310 ἀστενώτοις
722 1278 838 1310 κόλποις
858 1281 905 1306 τοῦ
920 1290 989 1318 προ-

163 1325 286 1361 πάτορος
302 1321 436 1362 Ἀϐραάμ.

200 1371 227 1398 6.
261 1368 459 1406 Περαιωθείσης
502 1368 547 1395 καὶ
590 1367 692 1403 ταύτης
729 1371 779 1402 τῆς
816 1367 989 1407 ἀποφάσεως,

165 1413 319 1452 εἰσέρχεται
345 1413 360 1440 ὁ
387 1413 532 1451 προφήτης
561 1412 698 1451 Ζαχαρίας
722 1412 870 1450 κεκραγώς·
897 1412 988 1451 Κύριε,

164 1458 292 1486 δικουσον
308 1458 353 1485 καὶ
369 1457 436 1493 ἐμοῦ
452 1457 572 1493 εὐμενῶς
587 1457 632 1484 καὶ
649 1455 772 1488 δικαίως.
801 1458 832 1486 Ὀ
848 1456 876 1484 δὲ
900 1460 988 1485 Μονο-

163 1504 258 1541 γενής.
275 1504 344 1540 Λέγε
371 1501 439 1529 κατὰ
464 1503 517 1528 τῶν
542 1500 727 1537 ἀδικησάντων
753 1511 789 1529 σε.
807 1502 838 1529 Ὁ
854 1500 882 1529 δὲ
897 1505 988 1540 Ζαχα-

163 1547 234 1584 ρίας·
262 1546 337 1575 Εἰσὶν
362 1546 389 1573 οἱ
410 1544 586 1581 ἀόικήσαντές
613 1556 646 1582 με
672 1546 697 1572 οἱ
722 1545 858 1583 ἀρχίερεῖς
886 1546 931 1573 καὶ
961 1547 987 1573 ol.

161 1590 404 1628 νομοδιδάσκαλοι.
428 1591 457 1619 Ὀ
486 1589 515 1617 δὲ
539 1591 704 1628 Μονογενής·
718 1590 767 1617 Καὶ
782 1590 808 1617 τί
832 1589 940 1618 τοιοῦτό
956 1601 986 1618 σε

161 1626 297 1671 ἠδίκησαν
325 1635 352 1662 οἱ
381 1634 518 1672 ἀρχιερεῖς
546 1634 590 1662 καί
619 1626 647 1662 οἱ
670 1632 924 1670 νομοδιδάσκαλοι;
953 1635 983 1663 Ὀ
1000 1626 1021 1659 C

160 1680 190 1708 δὲ
217 1680 363 1718 Ζαχαρίας·
393 1679 554 1717 Ἐφόνευσάν
587 1689 620 1715 με
649 1678 746 1715 μεταξὺ
773 1680 822 1706 τοῦ
850 1680 915 1706 me
936 1679 981 1706 καὶ

156 1727 207 1753 τοῦ
227 1723 430 1762 θυσιαστηρίου.
456 1723 558 1761 Ἐπάγη
588 1722 617 1750 δί
641 1723 687 1750 καὶ
711 1723 742 1750 τὸ
765 1722 832 1760 αἷμά
861 1733 913 1759 μου
937 1722 980 1750 ἐπὶ

155 1774 208 1805 τῆς
222 1769 331 1806 πέτρας,
347 1768 414 1806 πρὸς
429 1766 545 1805 ἔλεγχον
560 1771 611 1802 τῆς
633 1767 777 1807 μιαιφόνου
801 1767 889 1795 αὐτῶν
911 1768 979 1805 γνώ-

158 1825 225 1851 μης.
242 1814 272 1842 Ὀ
289 1812 317 1840 δὲ
341 1813 508 1850 Μονογενής·
532 1812 631 1850 Tot-{ap
653 1812 697 1839 καὶ
712 1811 788 1839 αὐτοὶ
811 1811 980 1847 ἀποθνησκὲ-

153 1870 244 1887 τωσαν
278 1857 405 1886 ὑποκάτω
437 1859 485 1884 τοῦ
509 1856 702 1895 Θυσιαστηρίου
730 1856 802 1895 παρά
829 1859 883 1884 τῶν
913 1857 980 1884 Ῥω-

157 1903 255 1940 μαίων·
287 1901 322 1930 Bt’
350 1901 386 1929 ὧν
418 1900 447 1929 δὲ
473 1911 514 1932 τις
544 1901 702 1939 ἁμαρτάνει,
731 1899 776 1928 διὰ
803 1900 905 1928 τούτων
934 1902 979 1928 καὶ

154 1947 312 1982 κολάζεται·
341 1946 385 1974 καὶ
408 1944 458 1982 οἵῳ
481 1956 523 1976 τις
549 1945 640 1983 μέτρῳ
663 1947 792 1983 μετρήσει
806 1945 846 1982 τῷ
860 1944 978 1980 πλησίον

155 1991 251 2027 αὐτοῦ,
288 1990 407 2026 τοιούτῳ
441 1988 513 2025 αὐτῷ
541 1989 800 2027 ἀντιμετρηθήσεται
837 1989 979 2027 οὐρανόθεν

155 2035 282 2067 δικαίως.
307 2035 432 2064 Ἐκείνων
457 2032 486 2062 δὶ
506 2034 645 2061 παθόντων
668 2034 702 2061 τὰ
726 2033 769 2061 ἷίσα
792 2034 836 2061 καὶ
858 2035 894 2061 ὧν
910 2036 977 2068 ἦσαν

155 2080 240 2117 ἄξιοι,
264 2079 295 2107 σὺ
324 2079 352 2107 δὲ
376 2079 502 2117 εἶσὲρχου
526 2078 563 2109 εἷς
586 2079 631 2105 τὸν
652 2078 749 2113 νοητόν
765 2081 905 2117 νυμιρῖυνα,
931 2078 978 2105 ἐπ-

154 2126 263 2152 ακούων
289 2124 353 2162 παρ’
376 2124 444 2160 ἐμοῦ
467 2127 516 2158 τῆς
547 2122 736 2158 ιύκταιοτάτης
762 2126 864 2161 φωνῆς’
896 2136 909 2148 ιι
932 2122 978 2159 Εὖ,

154 2168 239 2197 δοῦλε
254 2168 337 2207 ἀγαθέ
351 2168 396 2196 καὶ
411 2168 499 2202 πιστὲ,
516 2167 559 2195 ἐπὶ
576 2166 655 2204 ὀλίγα
668 2168 701 2201 ἧς
717 2167 821 2202 πιστὸς,
842 2166 885 2194 ἐπὶ
909 2165 979 2194 πολ·

156 2214 214 2241 λών
229 2224 258 2241 σε
272 2214 443 2249 καταστήσω·
461 2211 563 2240 εἴσελθε
578 2211 615 2243 εἷς
630 2212 680 2246 τήν
698 2211 785 2249 χαρὰν
804 2213 852 2238 τοῦ
880 2210 979 2249 Κυρίου

154 2267 214 2286 σου.
233 2269 247 2283 η

190 2305 218 2331 7.
236 2303 310 2338 Εἶτα,
336 2302 530 2341 πληρωθείσης
556 2302 601 2330 καὶ
624 2301 726 2337 ταύτης
741 2304 791 2336 τῆς
807 2301 978 2340 ἀποφάσεως,
997 2311 1019 2342 D

170 2347 179 2358 ν
199 2346 209 2362 ι
392 2347 398 2357 1
446 2347 453 2356 ς
489 2347 496 2355 ς
564 2358 574 2363 _
597 2346 604 2362 ι
729 2344 752 2355 ου
933 2345 940 2354 κ

156 2357 325 2386 εισερχονται
355 2358 400 2375 και
425 2357 458 2374 τα
484 2348 654 2383 αναιρ;0;ντα
676 2353 771 2373 παιοια
795 2346 821 2373 ἐν
842 2345 979 2382 Βηολεεμ,

158 2393 266 2430 βοῶντα
279 2392 324 2419 καὶ
340 2391 463 2429 λέγοντα·
485 2391 575 2430 Κύριε,
599 2391 644 2418 καὶ
666 2392 747 2428 ἡμεῖς
771 2389 816 2418 διὰ
837 2390 870 2418 τὸ
893 2388 982 2427 ὄνομά

156 2447 206 2464 σου
235 2436 335 2476 ξίφεσιν
368 2435 535 2474 ἀνῃρέθημεν
574 2436 624 2463 ὑπὸ
652 2438 701 2463 τοῦ
729 2432 906 2462 ἀσεϐεστάτου
936 2434 980 2462 καὶ

156 2481 319 2519 παρανόμου
352 2479 485 2518 Ἡρώδου.
519 2481 549 2509 Ὁ
573 2479 601 2508 δὲ
625 2480 793 2517 Μονογενῆς·
817 2479 850 2507 Εἰ
875 2478 911 2506 δι’
933 2479 983 2516 ἐμὲ

158 2525 319 2563 ὑπεμείνατε
332 2525 378 2553 τὸν
395 2523 546 2562 ἐπικέρδιον
563 2525 675 2552 θάνατον
692 2525 736 2552 καὶ
761 2523 919 2562 προύχοντα
932 2525 982 2558 τῆς

157 2573 245 2605 ζωῆς,
260 2570 308 2598 κᾶν
325 2570 406 2608 μυρία
431 2570 513 2607 μέρη,
541 2569 579 2606 μὴ
605 2568 743 2603 λυπεῖσθε,
769 2567 870 2599 εἰδότες
891 2567 982 2607 σαφῶς

157 2614 200 2642 ὅτι
227 2614 253 2642 οἱ
278 2613 312 2642 δι’
337 2612 386 2651 ἐμὲ
411 2614 625 2649 ἀποθνήσκοντες
640 2613 672 2640 οὐ
687 2613 900 2647 καταθνήσκουσι
917 2613 982 2648 (54)·

158 2661 225 2694 ζῶσι
240 2658 293 2697 γάρ
310 2659 349 2690 εἱς
362 2659 409 2687 τὸν
424 2658 520 2686 αἱῶνα.
536 2658 612 2685 Ὅθεν
626 2656 731 2685 κελεύω
749 2657 795 2684 τὸν
819 2657 866 2694 μὲν
895 2657 985 2694 Ἡρώ-

192 2723 215 2740 ⁹⁶
230 2724 286 2750 Isa.
302 2730 387 2755 xxxv,
404 2722 447 2750 10.
486 2721 507 2739 ⁸⁷
523 2721 605 2750 Prov.
621 2729 691 2755 xvu,
708 2721 750 2748 13.

191 2786 262 2821 (51')
276 2784 347 2817 Quis
370 2784 410 2813 sit
433 2781 533 2814 ἐκεῖνος
558 2792 616 2821 non
641 2783 736 2821 video,
759 2782 815 2821 nisi
838 2783 911 2821 forte
922 2781 981 2821 Να-

156 2817 452 2857 ὶδιιὶιιοάοβὶειιβιυιιε
468 2820 622 2855 sequentia
636 2819 714 2857 enim
737 2818 906 2847 nullomodo
922 2817 982 2845 Ma-

158 2856 240 2888 naasi
255 2856 409 2887 convenire
424 2858 559 2895 possunt.
575 2857 655 2885 Enrr.
671 2856 792 2884 PATBOL.

1061 302 1190 330 nitorum
1214 305 1338 331 matrem
1363 304 1517 339 habitato;
1538 304 1587 333 ille
1611 313 1676 334 vero
1702 305 1808 342 locum,
1823 318 1837 332 «
1853 315 1887 335 ex

1059 356 1118 384 quo
1133 347 1208 384 fugit
1222 347 1305 376 dolor
1320 351 1349 376 et
1365 348 1486 377 tristitia
1501 351 1529 378 et
1543 350 1671 386 gemitus
1681 351 1713 378 ⁸⁸.
1725 362 1739 376 ››

1093 435 1120 463 5.
1138 435 1197 463 Hac
1211 436 1357 472 completa
1377 437 1532 472 sententia,
1549 438 1714 474 ingreditur
1732 438 1884 467 admiran-

1057 480 1113 508 dus
1133 480 1181 508 ille
1205 481 1357 516 Jeremias,
1375 490 1461 517 quem
1487 482 1613 510 intuitus
1630 483 1805 519 Unigenitus
1819 483 1860 511 ait
1876 493 1882 512 :

1056 524 1180 556 Quicum
1198 525 1234 552 lis
1251 528 1294 553 est
1307 525 1371 559 tibi,
1383 528 1434 553 aut
1446 534 1603 562 quemnam
1616 528 1659 555 vis
1676 528 1705 555 in
1716 528 1768 563 jus
1784 537 1883 564 provo-

1054 569 1141 596 care?
1155 570 1299 598 Jeremias
1314 572 1412 598 autem
1430 579 1436 598 :
1454 570 1502 599 Lis
1525 576 1567 598 est
1590 572 1661 599 mihi
1679 581 1744 600 cum
1761 573 1880 604 Judaeis,

1053 613 1176 650 veloque
1192 614 1305 650 judicio
1320 616 1494 643 contendere
1513 624 1610 643 coram
1628 619 1664 649 te,
1682 617 1813 649 Domine,
1831 617 1881 653 qui

1053 666 1208 694 personam
1224 667 1283 687 non
1300 659 1419 695 accipis.
1435 660 1509 688 Tum
1526 660 1700 696 Unigcnitus
1713 670 1719 688 :
1733 662 1830 696 Ecqua
1845 662 1880 689 de

1053 711 1083 731 re
1108 711 1230 732 accusas
1253 704 1433 732 contribules
1457 705 1544 732 tuos?
1565 705 1616 732 Cui
1644 706 1806 741 propheta:
1825 709 1877 733 Ac-

1052 755 1122 775 cuso
1138 747 1215 783 illos,
1232 749 1308 784 quod
1326 749 1516 777 retribuerint
1532 749 1604 776 mihi
1623 758 1672 785 pro
1689 751 1773 777 bonis
1790 750 1878 782 mala,

1051 799 1102 827 pro
1117 791 1268 820 beneﬁciis
1283 792 1419 828 injurias.
1436 793 1480 821 Me
1496 802 1547 829 pro
1571 802 1672 821 eorum
1696 795 1821 822 sanitate
1836 797 1877 822 at-

1050 843 1107 871 que
1122 835 1215 864 salute
1231 837 1413 872 deprecante,
1430 836 1487 873 ipsi
1503 837 1613 865 interea
1629 847 1738 866 veneno
1755 848 1801 866 me
1819 839 1875 867 tol-

1049 879 1107 908 lere
1123 880 1329 914 moliebantur,
1346 881 1525 909 occultantes
1554 882 1624 909 illud
1642 891 1749 918 magna
1774 884 1876 911 fraude

1048 924 1077 952 in
1095 933 1169 960 pane
1184 933 1259 953 meo.
1275 926 1350 953 Tum
1367 925 1559 961 Unigenitus:
1579 927 1723 958 Quidnam
1741 927 1799 955 illis
1812 928 1874 955 fieri

1048 971 1130 1004 optas
1142 969 1156 997 ?
1170 970 1221 997 Cui
1246 970 1389 1006 propheta
1407 979 1413 998 :
1431 970 1508 998 Infer
1536 971 1609 1006 ipsis
1626 973 1702 1007 quod
1732 972 1874 1008 scriptum

1047 1016 1092 1042 est
1106 1014 1135 1042 in
1151 1014 1317 1042 Proverbiis
1334 1023 1340 1042 :
1354 1026 1368 1040 «
1384 1015 1439 1047 Qui
1455 1015 1551 1043 reddit
1574 1016 1684 1043 malum
1711 1025 1761 1052 pro
1787 1017 1874 1051 bono,

1047 1067 1105 1086 non
1122 1059 1259 1086 recedent
1283 1058 1362 1086 mala
1389 1059 1425 1087 de
1450 1060 1536 1087 domo
1567 1062 1630 1095 ejus
1641 1061 1694 1088 97.»
1715 1061 1875 1096 Respondit

1047 1103 1243 1139 Unigenitus:
1264 1103 1392 1130 Absurdi
1421 1103 1494 1131 nihil
1523 1104 1690 1140 postulasti.
1718 1106 1787 1132 Ecce
1816 1114 1871 1133 non

1046 1148 1181 1175 recedent
1203 1147 1280 1175 mala
1295 1148 1330 1175 de
1346 1148 1433 1175 domo
1456 1149 1634 1181 Judueorum,
1652 1158 1714 1184 quae
1731 1152 1774 1177 est
1789 1150 1872 1178 Jeru-

1045 1192 1148 1226 salem,
1173 1192 1265 1220 donec
1284 1200 1301 1220 a
1320 1192 1520 1220 fundamentis
1548 1194 1704 1221 desoletur.
1721 1194 1764 1221 Tu
1787 1203 1872 1229 porro

1047 1237 1076 1264 in
1091 1236 1214 1264 minime
1229 1239 1353 1272 angusto
1368 1236 1487 1265 Abrahae
1503 1238 1570 1265 sinu
1587 1238 1746 1273 requiesce.

1079 1371 1105 1397 6.
1123 1370 1180 1398 Hac
1197 1372 1294 1398 autem
1311 1370 1446 1398 absoluta
1466 1371 1621 1404 sententia,
1639 1371 1802 1406 ingreditur
1816 1371 1866 1399 Za-

1044 1414 1158 1442 charias
1174 1414 1314 1450 propheta
1329 1414 1496 1442 exclamans
1512 1423 1518 1441 τ
1544 1415 1674 1449 Domine,
1689 1423 1735 1442 me
1750 1423 1868 1450 quoque

1044 1458 1279 1494 audias,qumso,
1292 1458 1417 1486 libenter
1441 1461 1469 1487 et
1490 1467 1573 1494 aequo
1600 1459 1708 1487 animo.
1726 1459 1866 1495 Loquere,

1044 1503 1083 1530 ait
1099 1502 1284 1539 Unigenitus,
1302 1503 1443 1531 adversus
1466 1510 1516 1531 eos
1540 1503 1589 1538 qui
1614 1506 1642 1531 te
1666 1503 1773 1539 injuria
1798 1505 1865 1531 affe-

1042 1555 1116 1575 cere.
1124 1546 1175 1575 Cui
1186 1546 1357 1575 Zacharias:
1368 1547 1422 1580 Qui
1434 1555 1480 1575 me
1492 1547 1630 1575 laeserunt
1641 1556 1673 1575 su
1680 1551 1711 1575 nt
1721 1548 1866 1584 principes

1042 1592 1238 1624 sacerdotum,
1255 1590 1386 1628 legisque
1410 1592 1552 1619 doctores.
1568 1592 1641 1624 Quid
1665 1592 1736 1619 illud
1753 1596 1807 1626 est,
1825 1593 1866 1620 ait

1041 1636 1224 1673 Unigenitus,
1241 1635 1270 1664 in
1285 1644 1343 1671 quo
1359 1638 1386 1664 te
1404 1635 1542 1664 laeserunt
1566 1637 1711 1672 principes
1727 1637 1863 1664 sacerdo-

1036 1683 1101 1708 tum
1131 1689 1164 1708 ac
1193 1680 1266 1716 legis
1291 1680 1448 1708 doctores?
1471 1680 1523 1708 Cui
1548 1681 1700 1708 Zacharias
1716 1689 1722 1708 :
1741 1681 1863 1708 Occide-

1036 1727 1106 1753 runt
1122 1733 1168 1753 me
1191 1725 1267 1753 inter
1289 1725 1433 1759 templum
1449 1727 1479 1753 et
1499 1725 1589 1752 altare
1605 1726 1717 1761 (52-53).
1733 1726 1858 1761 Sanguis

1036 1778 1122 1806 porro
1147 1777 1230 1797 meus
1254 1769 1282 1796 in
1308 1772 1389 1805 petra
1403 1772 1556 1797 concretus
1580 1772 1634 1802 est,
1653 1770 1680 1796 in
1703 1779 1859 1805 argumen-

1035 1816 1098 1842 tum
1128 1813 1311 1850 sauguinarii
1337 1822 1438 1841 eorum
1463 1814 1587 1842 consilii.
1606 1814 1769 1841 Mactentur
1793 1823 1859 1849 ergo

1035 1859 1106 1887 391
1127 1860 1155 1886 el:
1173 1858 1240 1894 ipsi,
1257 1858 1298 1885 ait
1308 1857 1492 1894 Unigenitus,
1504 1859 1559 1886 sub
1577 1858 1660 1885 altari
1672 1867 1688 1884 0.
1700 1858 1836 1885 ltomauis
1852 1866 1858 1885 :

1035 1911 1102 1930 nam
1119 1911 1170 1938 per
1184 1911 1248 1939 quae
1263 1902 1330 1938 quis
1347 1905 1457 1938 peccat,
1473 1910 1525 1937 per
1541 1903 1599 1929 hzec
1615 1905 1642 1928 et
1661 1902 1808 1936 punietur.
1827 1902 1861 1930 Et

1034 1956 1094 1983 qua
1115 1947 1240 1982 quisque
1266 1954 1406 1974 mensura
1434 1946 1598 1982 proximum
1625 1954 1712 1972 suum
1740 1953 1859 1973 mensus

1035 1991 1133 2024 fuerit,
1148 1991 1250 2019 eadem
1265 1991 1330 2026 ipsa
1341 1991 1408 2025 jure
1424 1990 1479 2026 ipsi
1495 1990 1609 2017 caelitus
1626 1990 1802 2017 remetietur.
1821 1990 1859 2017 lis

1035 2038 1133 2063 autem
1163 2035 1253 2071 digna
1281 2034 1442 2062 sceleribus
1470 2034 1533 2063 suis
1559 2034 1749 2070 patientibus,
1765 2036 1796 2061 tu
1822 2035 1857 2062 ad

1034 2079 1217 2115 spiritualem
1234 2079 1335 2114 sponsi
1356 2078 1520 2106 thalamum
1542 2079 1628 2113 intra,
1643 2078 1765 2106 audiens
1781 2087 1798 2106 ιι
1813 2087 1859 2106 me

1034 2123 1249 2160 optatissimam
1266 2123 1348 2150 illam
1366 2131 1466 2151 vocem
1484 2131 1491 2150 :
1509 2135 1521 2147 α
1541 2123 1628 2159 Euge,
1646 2131 1726 2150 serve
1741 2124 1816 2151 bone
1831 2126 1860 2150 et

1035 2168 1138 2203 ﬁdelis,
1154 2176 1243 2204 super
1262 2176 1355 2204 pauca
1378 2167 1458 2195 fuisti
1483 2168 1588 2202 ﬁdelis,
1605 2176 1693 2203 super
1720 2168 1812 2195 multa
1834 2170 1859 2195 te

1034 2213 1211 2242 constituam
1230 2221 1237 2241 :
1254 2212 1331 2240 intra
1345 2213 1375 2240 in
1390 2212 1531 2249 gaudium
1548 2212 1665 2239 Domini
1683 2212 1723 2239 tui
1736 2214 1766 2239 εδ.
1780 2223 1794 2237 n

1068 2302 1096 2329 7.
1112 2301 1253 2329 Absoluta
1276 2309 1344 2338 ergo
1360 2303 1390 2329 et
1404 2301 1459 2329 hac
1480 2302 1635 2335 sententia,
1654 2301 1861 2337 ingrediuntur

1036 2347 1162 2374 infantes
1180 2346 1210 2374 in
1226 2346 1372 2374 Bethleem
1392 2345 1469 2380 cesi,
1481 2345 1641 2373 clamantes
1659 2355 1690 2373 ac
1706 2346 1835 2374 dicentes
1853 2354 1859 2373 :

1036 2391 1168 2424 Domine,
1195 2399 1248 2419 nos
1269 2391 1356 2418 etiam
1382 2393 1499 2426 propter
1524 2399 1628 2417 nomen
1656 2393 1738 2417 tuum
1764 2390 1860 2426 gladio

1036 2435 1124 2464 occisi
1149 2443 1253 2463 sumus
1269 2436 1304 2462 ab
1321 2434 1498 2471 impiissimo
1514 2436 1542 2462 et
1558 2434 1680 2462 scelesto
1706 2435 1817 2462 Herode
1828 2435 1859 2462 θ’.

1036 2480 1111 2508 Tum
1123 2479 1297 2515 Unigenitus
1310 2487 1317 2507 :
1329 2479 1358 2507 Si
1376 2482 1494 2515 propter
1510 2487 1555 2506 me
1573 2479 1725 2514 perutilem
1742 2479 1820 2507 illam
1832 2481 1862 2507 et

1036 2524 1197 2552 sexcenties
1211 2523 1270 2551 vita
1296 2523 1438 2559 potiorem
1466 2526 1588 2551 mortem
1614 2524 1808 2558 sustinuistis,
1826 2532 1862 2551 ne

1037 2568 1278 2603 constristemini,
1296 2568 1384 2604 probe
1406 2567 1543 2600 scientes,
1558 2576 1606 2595 eos
1626 2568 1675 2603 qui
1702 2568 1757 2595 mei
1774 2577 1862 2596 causa

1038 2613 1205 2641 moriuntur
1221 2621 1276 2640 non
1293 2615 1386 2640 morte
1402 2612 1536 2647 detineri,
1553 2613 1654 2639 vivunt
1669 2613 1746 2640 enim
1764 2613 1792 2640 in
1809 2622 1862 2640 see-

1037 2657 1147 2685 culum.
1159 2657 1340 2693 Quapropter
1355 2656 1497 2685 Herodem
1514 2657 1632 2692 quidem
1644 2657 1735 2692 jubeo
1760 2665 1862 2685 novem

789 2720 810 2738 9'
823 2719 924 2747 Matth.
940 2727 1003 2754 xxv,
1020 2719 1067 2752 21,
1081 2720 1127 2747 23.
1164 2719 1187 2737 θ’
1203 2718 1305 2747 Matth.
1321 2727 1352 2752 ιι,
1370 2719 1412 2747 16.

1073 2782 1180 2818 (52—53)
1196 2781 1406 2816 Tertulliauus,
1428 2781 1593 2817 Scorpiace;
1620 2782 1656 2808 cf.
1684 2781 1861 2817 llieronym.,

1038 2818 1068 2845 in
1084 2817 1177 2845 Matth.
1194 2824 1219 2845 c.
1236 2825 1318 2845 χχιιι.

1074 2853 1131 2890 (54)
1146 2853 1230 2889 Reg.,
1246 2852 1296 2880 οὐκ
1310 2852 1523 2894 ἀποθνήσκουσι.
