  <div class='ocr_page' id='page_1' title='image "/cluster/home/n/w/nwhite01/storage/ocr_20150623/28/hvd.32044052794351/541.png"; bbox 0 0 4092 6218; ppageno 0'>
   <div class='ocr_carea' id='block_1_1' title="bbox 24 0 171 2280">
    <p class='ocr_par' dir='ltr' id='par_1_1' title="bbox 92 0 171 231">
     <span class='ocr_line' id='line_1_1' title="bbox 124 0 171 33; baseline 0 0"><span class='ocrx_word' id='word_1_1' title='bbox 124 0 171 33; x_wconf 54' lang='grc' dir='ltr'><strong>’τε</strong></span> 
     </span>
     <span class='ocr_line' id='line_1_2' title="bbox 92 32 167 75; baseline -0.027 0"><span class='ocrx_word' id='word_1_2' title='bbox 92 68 101 75; x_wconf 93' lang='grc'>.</span> <span class='ocrx_word' id='word_1_3' title='bbox 124 32 167 75; x_wconf 61' lang='lat' dir='ltr'><strong>,L:</strong></span> 
     </span>
     <span class='ocr_line' id='line_1_3' title="bbox 98 98 157 135; baseline 0 0"><span class='ocrx_word' id='word_1_4' title='bbox 98 126 115 135; x_wconf 51' lang='grc' dir='ltr'>μ</span> <span class='ocrx_word' id='word_1_5' title='bbox 132 98 157 129; x_wconf 54' lang='grc' dir='ltr'><strong>μ’</strong></span> 
     </span>
     <span class='ocr_line' id='line_1_4' title="bbox 94 176 137 231; baseline 0 0"><span class='ocrx_word' id='word_1_6' title='bbox 94 176 137 231; x_wconf 59' lang='grc' dir='ltr'><strong>’ξ</strong></span> 
     </span>
    </p>

    <p class='ocr_par' dir='ltr' id='par_1_2' title="bbox 96 252 155 337">
     <span class='ocr_line' id='line_1_5' title="bbox 114 252 155 293; baseline 0 0"><span class='ocrx_word' id='word_1_7' title='bbox 114 252 155 293; x_wconf 21' lang='lat' dir='ltr'><strong>Iba,</strong></span> 
     </span>
     <span class='ocr_line' id='line_1_6' title="bbox 96 298 151 337; baseline 0.036 -16"><span class='ocrx_word' id='word_1_8' title='bbox 96 298 151 337; x_wconf 46' lang='lat'><strong>9;</strong></span> 
     </span>
    </p>

    <p class='ocr_par' dir='ltr' id='par_1_3' title="bbox 70 442 171 493">
     <span class='ocr_line' id='line_1_7' title="bbox 70 442 171 493; baseline 0 0"><span class='ocrx_word' id='word_1_9' title='bbox 70 442 143 493; x_wconf 48' lang='grc' dir='ltr'><strong>’.δ”</strong></span> <span class='ocrx_word' id='word_1_10' title='bbox 170 456 171 459; x_wconf 58' lang='grc'><em>“</em></span> 
     </span>
    </p>

    <p class='ocr_par' dir='ltr' id='par_1_4' title="bbox 88 534 171 703">
     <span class='ocr_line' id='line_1_8' title="bbox 94 534 163 581; baseline 0.058 -4"><span class='ocrx_word' id='word_1_11' title='bbox 94 534 163 581; x_wconf 55' lang='grc' dir='ltr'><strong>ςὙ</strong></span> 
     </span>
     <span class='ocr_line' id='line_1_9' title="bbox 88 604 171 639; baseline 0 0"><span class='ocrx_word' id='word_1_12' title='bbox 88 604 99 633; x_wconf 76' lang='lat' dir='ltr'><strong>l</strong></span> <span class='ocrx_word' id='word_1_13' title='bbox 160 610 171 639; x_wconf 64' lang='grc' dir='ltr'><em>ῗ</em></span> 
     </span>
     <span class='ocr_line' id='line_1_10' title="bbox 92 644 149 703; baseline -0.07 0"><span class='ocrx_word' id='word_1_14' title='bbox 92 644 149 703; x_wconf 54' lang='lat' dir='ltr'><strong>Ii.“</strong></span> 
     </span>
    </p>

    <p class='ocr_par' dir='ltr' id='par_1_5' title="bbox 56 706 157 1285">
     <span class='ocr_line' id='line_1_11' title="bbox 82 706 121 743; baseline 0 0"><span class='ocrx_word' id='word_1_15' title='bbox 82 706 121 743; x_wconf 59' lang='grc' dir='ltr'><strong><em>ἑ</em></strong></span> 
     </span>
     <span class='ocr_line' id='line_1_12' title="bbox 82 752 141 779; baseline -0.034 0"><span class='ocrx_word' id='word_1_16' title='bbox 82 752 105 779; x_wconf 59' lang='grc' dir='ltr'><strong>τ</strong></span> <span class='ocrx_word' id='word_1_17' title='bbox 140 768 141 777; x_wconf 54' lang='grc' dir='ltr'><strong>η</strong></span> 
     </span>
     <span class='ocr_line' id='line_1_13' title="bbox 136 792 157 815; baseline 0 0"><span class='ocrx_word' id='word_1_18' title='bbox 136 792 157 815; x_wconf 43' lang='lat' dir='ltr'><strong>il</strong></span> 
     </span>
     <span class='ocr_line' id='line_1_14' title="bbox 76 842 147 869; baseline 0 0"><span class='ocrx_word' id='word_1_19' title='bbox 76 842 147 869; x_wconf 50' lang='lat' dir='ltr'><strong>at-</strong></span> 
     </span>
     <span class='ocr_line' id='line_1_15' title="bbox 58 924 139 965; baseline 0 0"><span class='ocrx_word' id='word_1_20' title='bbox 58 924 139 965; x_wconf 26' lang='lat' dir='ltr'><strong>kal&quot;</strong></span> 
     </span>
     <span class='ocr_line' id='line_1_16' title="bbox 70 976 133 1017; baseline 0 -38"><span class='ocrx_word' id='word_1_21' title='bbox 70 976 133 1017; x_wconf 22' lang='grc' dir='ltr'><strong>μ’,</strong></span> 
     </span>
     <span class='ocr_line' id='line_1_17' title="bbox 92 1020 131 1051; baseline 0.051 -2"><span class='ocrx_word' id='word_1_22' title='bbox 92 1020 131 1051; x_wconf 69' lang='grc'><strong>,⁸.</strong></span> 
     </span>
     <span class='ocr_line' id='line_1_18' title="bbox 56 1064 141 1097; baseline 0 -6"><span class='ocrx_word' id='word_1_23' title='bbox 56 1064 117 1097; x_wconf 55' lang='grc' dir='ltr'><strong>,μεν</strong></span> <span class='ocrx_word' id='word_1_24' title='bbox 140 1072 141 1075; x_wconf 85' lang='lat'>‘</span> 
     </span>
     <span class='ocr_line' id='line_1_19' title="bbox 82 1146 141 1185; baseline 0 -36"><span class='ocrx_word' id='word_1_25' title='bbox 82 1146 117 1185; x_wconf 33' lang='grc' dir='ltr'><strong>ηε.</strong></span> <span class='ocrx_word' id='word_1_26' title='bbox 138 1148 141 1153; x_wconf 71' lang='grc'><strong>,</strong></span> 
     </span>
     <span class='ocr_line' id='line_1_20' title="bbox 60 1226 155 1285; baseline 0.042 -16"><span class='ocrx_word' id='word_1_27' title='bbox 60 1226 155 1285; x_wconf 55' lang='grc'>&lt;</span> 
     </span>
    </p>

    <p class='ocr_par' dir='ltr' id='par_1_6' title="bbox 140 1454 155 1469">
     <span class='ocr_line' id='line_1_21' title="bbox 140 1454 155 1469; baseline -0.133 0"><span class='ocrx_word' id='word_1_28' title='bbox 140 1454 155 1469; x_wconf 65' lang='lat' dir='ltr'><strong>l,</strong></span> 
     </span>
    </p>

    <p class='ocr_par' dir='ltr' id='par_1_7' title="bbox 64 1504 153 1555">
     <span class='ocr_line' id='line_1_22' title="bbox 64 1504 153 1555; baseline 0 0"><span class='ocrx_word' id='word_1_29' title='bbox 64 1504 95 1555; x_wconf 73' lang='grc' dir='ltr'><strong>ἴτ’</strong></span> <span class='ocrx_word' id='word_1_30' title='bbox 148 1536 153 1537; x_wconf 48' lang='grc' dir='ltr'><strong>κ</strong></span> 
     </span>
    </p>

    <p class='ocr_par' dir='ltr' id='par_1_8' title="bbox 46 1554 161 1763">
     <span class='ocr_line' id='line_1_23' title="bbox 66 1554 119 1571; baseline 0 -4"><span class='ocrx_word' id='word_1_31' title='bbox 66 1554 77 1571; x_wconf 71' lang='grc' dir='ltr'><strong><em>ι</em></strong></span> <span class='ocrx_word' id='word_1_32' title='bbox 116 1564 119 1567; x_wconf 69' lang='grc'><strong>,</strong></span> 
     </span>
     <span class='ocr_line' id='line_1_24' title="bbox 48 1606 161 1647; baseline 0 -20"><span class='ocrx_word' id='word_1_33' title='bbox 48 1606 129 1647; x_wconf 21' lang='grc' dir='ltr'><strong>,ρκ’</strong></span> <span class='ocrx_word' id='word_1_34' title='bbox 158 1608 161 1609; x_wconf 50' lang='grc' dir='ltr'><strong>ν</strong></span> 
     </span>
     <span class='ocr_line' id='line_1_25' title="bbox 46 1674 91 1763; baseline 0 0"><span class='ocrx_word' id='word_1_35' title='bbox 46 1674 91 1763; x_wconf 56' lang='grc' dir='ltr'><strong>ἐν</strong></span> 
     </span>
    </p>

    <p class='ocr_par' dir='ltr' id='par_1_9' title="bbox 56 1776 121 1805">
     <span class='ocr_line' id='line_1_26' title="bbox 56 1776 121 1805; baseline 0 -26"><span class='ocrx_word' id='word_1_36' title='bbox 56 1776 95 1805; x_wconf 36' lang='lat'><strong><em>4&#39;</em></strong></span> <span class='ocrx_word' id='word_1_37' title='bbox 116 1776 121 1779; x_wconf 89' lang='lat'><strong><em>.</em></strong></span> 
     </span>
    </p>

    <p class='ocr_par' dir='ltr' id='par_1_10' title="bbox 28 1804 121 2199">
     <span class='ocr_line' id='line_1_27' title="bbox 60 1804 121 1837; baseline 0 0"><span class='ocrx_word' id='word_1_38' title='bbox 60 1804 69 1819; x_wconf 61' lang='grc' dir='ltr'><strong><em>Ι</em></strong></span> <span class='ocrx_word' id='word_1_39' title='bbox 116 1832 121 1837; x_wconf 70' lang='grc'>.</span> 
     </span>
     <span class='ocr_line' id='line_1_28' title="bbox 28 1886 77 1999; baseline 0 -98"><span class='ocrx_word' id='word_1_40' title='bbox 28 1886 77 1999; x_wconf 40' lang='grc' dir='ltr'><strong>ἓν</strong></span> 
     </span>
     <span class='ocr_line' id='line_1_29' title="bbox 28 2114 103 2199; baseline 0 0"><span class='ocrx_word' id='word_1_41' title='bbox 28 2114 103 2199; x_wconf 59' lang='lat' dir='ltr'><strong>ff;</strong></span> 
     </span>
    </p>

    <p class='ocr_par' dir='ltr' id='par_1_11' title="bbox 28 2210 63 2275">
     <span class='ocr_line' id='line_1_30' title="bbox 28 2210 63 2275; baseline 0 -2"><span class='ocrx_word' id='word_1_42' title='bbox 28 2210 63 2275; x_wconf 57' lang='grc' dir='ltr'><em>ἓ</em></span> 
     </span>
    </p>
   </div>
   <div class='ocr_carea' id='block_1_2' title="bbox 411 379 562 439">
    <p class='ocr_par' dir='ltr' id='par_1_12' title="bbox 411 379 562 439">
     <span class='ocr_line' id='line_1_31' title="bbox 411 379 562 439; baseline -0.013 0"><span class='ocrx_word' id='word_1_43' title='bbox 411 379 562 439; x_wconf 79' lang='grc'>1071</span> 
     </span>
    </p>
   </div>
   <div class='ocr_carea' id='block_1_3' title="bbox 1572 370 2653 436">
    <p class='ocr_par' dir='ltr' id='par_1_13' title="bbox 1572 370 2653 436">
     <span class='ocr_line' id='line_1_32' title="bbox 1572 370 2653 436; baseline -0.003 -1"><span class='ocrx_word' id='word_1_44' title='bbox 1572 377 1634 436; x_wconf 83' lang='lat' dir='ltr'>S.</span> <span class='ocrx_word' id='word_1_45' title='bbox 1684 370 2210 433; x_wconf 84' lang='lat' dir='ltr'><strong>ATHANASIUS.</strong></span> <span class='ocrx_word' id='word_1_46' title='bbox 2233 406 2309 415; x_wconf 90' lang='lat'><strong>—</strong></span> <span class='ocrx_word' id='word_1_47' title='bbox 2342 373 2653 435; x_wconf 78' lang='lat' dir='ltr'><strong>SPUltIA.</strong></span> 
     </span>
    </p>
   </div>
   <div class='ocr_carea' id='block_1_4' title="bbox 3664 372 3825 438">
    <p class='ocr_par' dir='ltr' id='par_1_14' title="bbox 3664 372 3825 438">
     <span class='ocr_line' id='line_1_33' title="bbox 3664 372 3825 438; baseline 0.006 -4"><span class='ocrx_word' id='word_1_48' title='bbox 3664 372 3825 438; x_wconf 80' lang='grc'><strong>1072</strong></span> 
     </span>
    </p>
   </div>
   <div class='ocr_carea' id='block_1_5' title="bbox 408 498 2030 581">
    <p class='ocr_par' dir='ltr' id='par_1_15' title="bbox 408 506 2030 581">
     <span class='ocr_line' id='line_1_34' title="bbox 408 506 2030 581; baseline -0.006 -13"><span class='ocrx_word' id='word_1_49' title='bbox 408 512 840 570; x_wconf 85' lang='lat' dir='ltr'><strong>insanabilibus</strong></span> <span class='ocrx_word' id='word_1_50' title='bbox 889 509 1103 581; x_wconf 84' lang='lat' dir='ltr'><strong>subjici</strong></span> <span class='ocrx_word' id='word_1_51' title='bbox 1136 509 1380 573; x_wconf 85' lang='lat' dir='ltr'>morbis,</span> <span class='ocrx_word' id='word_1_52' title='bbox 1402 525 1506 563; x_wconf 90' lang='lat' dir='ltr'><strong>vos</strong></span> <span class='ocrx_word' id='word_1_53' title='bbox 1554 524 1687 563; x_wconf 84' lang='lat' dir='ltr'><strong>vero</strong></span> <span class='ocrx_word' id='word_1_54' title='bbox 1720 506 2030 561; x_wconf 78' lang='lat' dir='ltr'><strong>victorioso</strong></span> 
     </span>
    </p>
   </div>
   <div class='ocr_carea' id='block_1_6' title="bbox 2143 498 3823 581">
    <p class='ocr_par' dir='ltr' id='par_1_16' title="bbox 2143 498 3823 579">
     <span class='ocr_line' id='line_1_35' title="bbox 2143 498 3823 579; baseline 0.005 -24"><span class='ocrx_word' id='word_1_55' title='bbox 2143 564 2145 569; x_wconf 27' lang='grc' dir='ltr'><strong>λ</strong></span> <span class='ocrx_word' id='word_1_56' title='bbox 2176 498 2273 572; x_wconf 81' lang='grc' dir='ltr'>δην</span> <span class='ocrx_word' id='word_1_57' title='bbox 2311 499 2688 575; x_wconf 72' lang='grc' dir='ltr'>ὑποϐληθῆναι</span> <span class='ocrx_word' id='word_1_58' title='bbox 2719 510 2834 568; x_wconf 78' lang='grc' dir='ltr'>τοῖς</span> <span class='ocrx_word' id='word_1_59' title='bbox 2869 505 3018 561; x_wconf 73' lang='grc' dir='ltr'>ἐννέα</span> <span class='ocrx_word' id='word_1_60' title='bbox 3046 503 3282 568; x_wconf 72' lang='grc' dir='ltr'>ἀνιάτοις</span> <span class='ocrx_word' id='word_1_61' title='bbox 3313 506 3554 579; x_wconf 83' lang='grc' dir='ltr'>πάθεσιν,</span> <span class='ocrx_word' id='word_1_62' title='bbox 3588 506 3727 579; x_wconf 79' lang='grc' dir='ltr'>ὑμᾶς</span> <span class='ocrx_word' id='word_1_63' title='bbox 3761 506 3823 563; x_wconf 73' lang='grc' dir='ltr'><strong>δὲ</strong></span> 
     </span>
    </p>
   </div>
   <div class='ocr_carea' id='block_1_7' title="bbox 410 594 2055 673">
    <p class='ocr_par' dir='ltr' id='par_1_17' title="bbox 410 594 2055 673">
     <span class='ocr_line' id='line_1_36' title="bbox 410 594 2055 673; baseline -0.007 -14"><span class='ocrx_word' id='word_1_64' title='bbox 410 620 540 659; x_wconf 82' lang='lat' dir='ltr'><strong>rum</strong></span> <span class='ocrx_word' id='word_1_65' title='bbox 570 607 894 673; x_wconf 83' lang='lat' dir='ltr'><strong>martyrum</strong></span> <span class='ocrx_word' id='word_1_66' title='bbox 928 600 1153 655; x_wconf 83' lang='lat' dir='ltr'><strong>choreis</strong></span> <span class='ocrx_word' id='word_1_67' title='bbox 1194 597 1590 666; x_wconf 84' lang='lat' dir='ltr'><strong>annumerari,</strong></span> <span class='ocrx_word' id='word_1_68' title='bbox 1624 613 1756 652; x_wconf 90' lang='lat' dir='ltr'><strong>cum</strong></span> <span class='ocrx_word' id='word_1_69' title='bbox 1792 596 1939 667; x_wconf 86' lang='lat' dir='ltr'>ipsis</span> <span class='ocrx_word' id='word_1_70' title='bbox 1968 594 2055 648; x_wconf 86' lang='lat' dir='ltr'><strong>vi-</strong></span> 
     </span>
    </p>
   </div>
   <div class='ocr_carea' id='block_1_8' title="bbox 408 689 1324 748">
    <p class='ocr_par' dir='ltr' id='par_1_18' title="bbox 408 689 1324 748">
     <span class='ocr_line' id='line_1_37' title="bbox 408 689 1324 748; baseline -0.008 0"><span class='ocrx_word' id='word_1_71' title='bbox 408 692 601 748; x_wconf 75' lang='lat' dir='ltr'><strong>ctoriae</strong></span> <span class='ocrx_word' id='word_1_72' title='bbox 633 706 866 746; x_wconf 84' lang='lat' dir='ltr'><strong>carmen</strong></span> <span class='ocrx_word' id='word_1_73' title='bbox 900 689 1199 743; x_wconf 85' lang='lat' dir='ltr'><strong>modulatu</strong></span> <span class='ocrx_word' id='word_1_74' title='bbox 1212 704 1324 742; x_wconf 93' lang='lat' dir='ltr'><strong>ros.</strong></span> 
     </span>
    </p>
   </div>
   <div class='ocr_carea' id='block_1_9' title="bbox 476 772 2056 850">
    <p class='ocr_par' dir='ltr' id='par_1_19' title="bbox 476 772 2056 850">
     <span class='ocr_line' id='line_1_38' title="bbox 476 772 2056 850; baseline -0.007 -13"><span class='ocrx_word' id='word_1_75' title='bbox 476 782 529 837; x_wconf 91' lang='lat'><strong>8.</strong></span> <span class='ocrx_word' id='word_1_76' title='bbox 565 780 840 836; x_wconf 88' lang='lat' dir='ltr'><strong>Omnium</strong></span> <span class='ocrx_word' id='word_1_77' title='bbox 892 785 1187 850; x_wconf 86' lang='lat' dir='ltr'><strong>postrema</strong></span> <span class='ocrx_word' id='word_1_78' title='bbox 1234 776 1562 847; x_wconf 83' lang='lat' dir='ltr'><strong>ingreditur</strong></span> <span class='ocrx_word' id='word_1_79' title='bbox 1610 772 1887 841; x_wconf 87' lang='lat' dir='ltr'><strong>Ecclesia,</strong></span> <span class='ocrx_word' id='word_1_80' title='bbox 1930 790 2056 843; x_wconf 69' lang='lat' dir='ltr'><strong>quae</strong></span> 
     </span>
    </p>
   </div>
   <div class='ocr_carea' id='block_1_10' title="bbox 405 861 2058 942">
    <p class='ocr_par' dir='ltr' id='par_1_20' title="bbox 405 861 2058 942">
     <span class='ocr_line' id='line_1_39' title="bbox 405 861 2058 942; baseline -0.007 -16"><span class='ocrx_word' id='word_1_81' title='bbox 405 869 682 942; x_wconf 85' lang='lat' dir='ltr'><strong>abnegari</strong></span> <span class='ocrx_word' id='word_1_82' title='bbox 726 886 839 924; x_wconf 91' lang='lat' dir='ltr'><strong>non</strong></span> <span class='ocrx_word' id='word_1_83' title='bbox 891 871 1118 939; x_wconf 85' lang='lat' dir='ltr'><strong>potest;</strong></span> <span class='ocrx_word' id='word_1_84' title='bbox 1152 883 1329 938; x_wconf 89' lang='lat' dir='ltr'><strong>quam</strong></span> <span class='ocrx_word' id='word_1_85' title='bbox 1362 866 1735 936; x_wconf 84' lang='lat' dir='ltr'><strong>conspicatus</strong></span> <span class='ocrx_word' id='word_1_86' title='bbox 1784 861 2058 933; x_wconf 84' lang='lat' dir='ltr'><strong>Unigeni-</strong></span> 
     </span>
    </p>
   </div>
   <div class='ocr_carea' id='block_1_11' title="bbox 404 953 2058 1027">
    <p class='ocr_par' dir='ltr' id='par_1_21' title="bbox 404 953 2058 1027">
     <span class='ocr_line' id='line_1_40' title="bbox 404 953 2058 1027; baseline -0.005 -12"><span class='ocrx_word' id='word_1_87' title='bbox 404 967 499 1016; x_wconf 83' lang='lat' dir='ltr'><strong>tus</strong></span> <span class='ocrx_word' id='word_1_88' title='bbox 529 960 612 1015; x_wconf 85' lang='lat' dir='ltr'><strong>ait</strong></span> <span class='ocrx_word' id='word_1_89' title='bbox 644 1003 656 1016; x_wconf 90' lang='lat'>.</span> <span class='ocrx_word' id='word_1_90' title='bbox 691 961 776 1014; x_wconf 92' lang='lat' dir='ltr'><strong>Tu</strong></span> <span class='ocrx_word' id='word_1_91' title='bbox 806 974 942 1013; x_wconf 91' lang='lat' dir='ltr'><strong>vero</strong></span> <span class='ocrx_word' id='word_1_92' title='bbox 993 956 1133 1027; x_wconf 89' lang='lat' dir='ltr'><strong>quid</strong></span> <span class='ocrx_word' id='word_1_93' title='bbox 1184 956 1386 1024; x_wconf 89' lang='lat' dir='ltr'><strong>habes,</strong></span> <span class='ocrx_word' id='word_1_94' title='bbox 1417 970 1636 1025; x_wconf 88' lang='lat' dir='ltr'><strong>sponsa</strong></span> <span class='ocrx_word' id='word_1_95' title='bbox 1665 970 1815 1018; x_wconf 89' lang='lat' dir='ltr'><strong>mea,</strong></span> <span class='ocrx_word' id='word_1_96' title='bbox 1850 953 2058 1007; x_wconf 90' lang='lat' dir='ltr'><strong>imma-</strong></span> 
     </span>
    </p>
   </div>
   <div class='ocr_carea' id='block_1_12' title="bbox 400 1041 2055 1116">
    <p class='ocr_par' dir='ltr' id='par_1_22' title="bbox 400 1041 2055 1116">
     <span class='ocr_line' id='line_1_41' title="bbox 400 1041 2055 1116; baseline -0.008 -9"><span class='ocrx_word' id='word_1_97' title='bbox 400 1049 595 1107; x_wconf 82' lang='lat' dir='ltr'><strong>culata</strong></span> <span class='ocrx_word' id='word_1_98' title='bbox 656 1048 800 1113; x_wconf 84' lang='lat' dir='ltr'><strong>ﬁlia,</strong></span> <span class='ocrx_word' id='word_1_99' title='bbox 856 1048 1205 1102; x_wconf 83' lang='lat' dir='ltr'><strong>intemerata</strong></span> <span class='ocrx_word' id='word_1_100' title='bbox 1258 1043 1463 1116; x_wconf 78' lang='lat' dir='ltr'><strong>virgo?</strong></span> <span class='ocrx_word' id='word_1_101' title='bbox 1520 1044 1671 1098; x_wconf 90' lang='lat' dir='ltr'><strong>Tum</strong></span> <span class='ocrx_word' id='word_1_102' title='bbox 1731 1041 1989 1097; x_wconf 83' lang='lat' dir='ltr'><strong>Ecclesia</strong></span> <span class='ocrx_word' id='word_1_103' title='bbox 2044 1091 2055 1104; x_wconf 90' lang='grc'><strong>,</strong></span> 
     </span>
    </p>
   </div>
   <div class='ocr_carea' id='block_1_13' title="bbox 397 1116 2056 1216">
    <p class='ocr_par' dir='ltr' id='par_1_23' title="bbox 397 1116 2056 1216">
     <span class='ocr_line' id='line_1_42' title="bbox 397 1116 2056 1216; baseline -0.007 -20"><span class='ocrx_word' id='word_1_104' title='bbox 397 1138 693 1196; x_wconf 70' lang='lat' dir='ltr'><strong>IErumnis</strong></span> <span class='ocrx_word' id='word_1_105' title='bbox 750 1153 1005 1208; x_wconf 88' lang='lat' dir='ltr'><strong>premor,</strong></span> <span class='ocrx_word' id='word_1_106' title='bbox 1047 1150 1224 1206; x_wconf 90' lang='lat' dir='ltr'><strong>quare</strong></span> <span class='ocrx_word' id='word_1_107' title='bbox 1277 1150 1436 1205; x_wconf 89' lang='lat' dir='ltr'><strong>rogo,</strong></span> <span class='ocrx_word' id='word_1_108' title='bbox 1476 1154 1503 1183; x_wconf 91' lang='grc'><strong>‹‹</strong></span> <span class='ocrx_word' id='word_1_109' title='bbox 1534 1132 1749 1187; x_wconf 86' lang='lat' dir='ltr'><strong>Judica</strong></span> <span class='ocrx_word' id='word_1_110' title='bbox 1791 1116 2056 1216; x_wconf 61' lang='lat' dir='ltr'><strong>Domine;</strong></span> 
     </span>
    </p>
   </div>
   <div class='ocr_carea' id='block_1_14' title="bbox 396 1219 2057 1296">
    <p class='ocr_par' dir='ltr' id='par_1_24' title="bbox 396 1219 2057 1296">
     <span class='ocr_line' id='line_1_43' title="bbox 396 1219 2057 1296; baseline -0.006 -13"><span class='ocrx_word' id='word_1_111' title='bbox 396 1231 674 1283; x_wconf 80' lang='lat' dir='ltr'><strong>nocentes</strong></span> <span class='ocrx_word' id='word_1_112' title='bbox 733 1243 844 1289; x_wconf 83' lang='lat' dir='ltr'><strong>me,</strong></span> <span class='ocrx_word' id='word_1_113' title='bbox 906 1241 1173 1296; x_wconf 85' lang='lat' dir='ltr'><strong>expugna</strong></span> <span class='ocrx_word' id='word_1_114' title='bbox 1231 1224 1650 1294; x_wconf 89' lang='lat' dir='ltr'><strong>impugnantes</strong></span> <span class='ocrx_word' id='word_1_115' title='bbox 1707 1225 1916 1275; x_wconf 59' lang='lat' dir='ltr'><strong>mei.»</strong></span> <span class='ocrx_word' id='word_1_116' title='bbox 1949 1219 2057 1274; x_wconf 87' lang='lat' dir='ltr'><strong>Cui</strong></span> 
     </span>
    </p>
   </div>
   <div class='ocr_carea' id='block_1_15' title="bbox 394 1307 2053 1388">
    <p class='ocr_par' dir='ltr' id='par_1_25' title="bbox 394 1307 2053 1388">
     <span class='ocr_line' id='line_1_44' title="bbox 394 1307 2053 1388; baseline -0.005 -16"><span class='ocrx_word' id='word_1_117' title='bbox 394 1315 742 1388; x_wconf 88' lang='lat' dir='ltr'><strong>Unigenitus</strong></span> <span class='ocrx_word' id='word_1_118' title='bbox 777 1333 789 1369; x_wconf 95' lang='lat'>:</span> <span class='ocrx_word' id='word_1_119' title='bbox 826 1316 1022 1385; x_wconf 84' lang='lat' dir='ltr'><strong>Ecqua</strong></span> <span class='ocrx_word' id='word_1_120' title='bbox 1066 1314 1135 1368; x_wconf 91' lang='lat' dir='ltr'><strong>de</strong></span> <span class='ocrx_word' id='word_1_121' title='bbox 1183 1329 1363 1368; x_wconf 89' lang='lat' dir='ltr'><strong>causa</strong></span> <span class='ocrx_word' id='word_1_122' title='bbox 1412 1309 1826 1382; x_wconf 82' lang='lat' dir='ltr'><strong>impugnaris‘?</strong></span> <span class='ocrx_word' id='word_1_123' title='bbox 1869 1307 2053 1363; x_wconf 90' lang='lat' dir='ltr'><strong>Dicito</strong></span> 
     </span>
    </p>
   </div>
   <div class='ocr_carea' id='block_1_16' title="bbox 396 1398 2049 1474">
    <p class='ocr_par' dir='ltr' id='par_1_26' title="bbox 396 1398 2049 1474">
     <span class='ocr_line' id='line_1_45' title="bbox 396 1398 2049 1474; baseline -0.005 -13"><span class='ocrx_word' id='word_1_124' title='bbox 396 1405 544 1462; x_wconf 89' lang='lat' dir='ltr'><strong>mihi</strong></span> <span class='ocrx_word' id='word_1_125' title='bbox 576 1409 632 1460; x_wconf 89' lang='lat' dir='ltr'><strong>et</strong></span> <span class='ocrx_word' id='word_1_126' title='bbox 675 1404 989 1460; x_wconf 82' lang='lat' dir='ltr'><strong>declarato.</strong></span> <span class='ocrx_word' id='word_1_127' title='bbox 1024 1404 1362 1474; x_wconf 89' lang='lat' dir='ltr'><strong>Impugnor,</strong></span> <span class='ocrx_word' id='word_1_128' title='bbox 1388 1400 1581 1472; x_wconf 83' lang='lat' dir='ltr'><strong>inquit</strong></span> <span class='ocrx_word' id='word_1_129' title='bbox 1628 1398 1906 1469; x_wconf 86' lang='lat' dir='ltr'><strong>Ecclesia,</strong></span> <span class='ocrx_word' id='word_1_130' title='bbox 1940 1399 2049 1453; x_wconf 89' lang='lat' dir='ltr'><strong>D0-</strong></span> 
     </span>
    </p>
   </div>
   <div class='ocr_carea' id='block_1_17' title="bbox 396 1487 2047 1563">
    <p class='ocr_par' dir='ltr' id='par_1_27' title="bbox 396 1487 2047 1563">
     <span class='ocr_line' id='line_1_46' title="bbox 396 1487 2047 1563; baseline -0.006 -13"><span class='ocrx_word' id='word_1_131' title='bbox 396 1496 575 1563; x_wconf 87' lang='lat' dir='ltr'><strong>mine,</strong></span> <span class='ocrx_word' id='word_1_132' title='bbox 598 1495 671 1549; x_wconf 94' lang='lat' dir='ltr'><strong>ob</strong></span> <span class='ocrx_word' id='word_1_133' title='bbox 702 1498 960 1550; x_wconf 84' lang='lat' dir='ltr'><strong>exactam</strong></span> <span class='ocrx_word' id='word_1_134' title='bbox 1009 1491 1478 1561; x_wconf 89' lang='lat' dir='ltr'><strong>evangelicorum</strong></span> <span class='ocrx_word' id='word_1_135' title='bbox 1524 1491 1869 1560; x_wconf 87' lang='lat' dir='ltr'><strong>dogmatum</strong></span> <span class='ocrx_word' id='word_1_136' title='bbox 1901 1487 2047 1542; x_wconf 89' lang='lat' dir='ltr'><strong>veri-</strong></span> 
     </span>
    </p>
   </div>
   <div class='ocr_carea' id='block_1_18' title="bbox 393 1576 2047 1652">
    <p class='ocr_par' dir='ltr' id='par_1_28' title="bbox 393 1576 2047 1652">
     <span class='ocr_line' id='line_1_47' title="bbox 393 1576 2047 1652; baseline -0.005 -13"><span class='ocrx_word' id='word_1_137' title='bbox 393 1588 600 1651; x_wconf 88' lang='lat' dir='ltr'><strong>tatem,</strong></span> <span class='ocrx_word' id='word_1_138' title='bbox 656 1586 827 1652; x_wconf 88' lang='lat' dir='ltr'><strong>atque</strong></span> <span class='ocrx_word' id='word_1_139' title='bbox 904 1580 1350 1637; x_wconf 83' lang='lat' dir='ltr'><strong>celebrationem</strong></span> <span class='ocrx_word' id='word_1_140' title='bbox 1411 1577 1529 1632; x_wconf 84' lang='lat' dir='ltr'><strong>veri</strong></span> <span class='ocrx_word' id='word_1_141' title='bbox 1597 1587 1651 1631; x_wconf 80' lang='lat' dir='ltr'><strong>et</strong></span> <span class='ocrx_word' id='word_1_142' title='bbox 1723 1576 2047 1632; x_wconf 90' lang='lat' dir='ltr'><strong>immobilis</strong></span> 
     </span>
    </p>
   </div>
   <div class='ocr_carea' id='block_1_19' title="bbox 392 1665 2043 1728">
    <p class='ocr_par' dir='ltr' id='par_1_29' title="bbox 392 1665 2043 1728">
     <span class='ocr_line' id='line_1_48' title="bbox 392 1665 2043 1728; baseline -0.005 0"><span class='ocrx_word' id='word_1_143' title='bbox 392 1671 743 1728; x_wconf 91' lang='lat' dir='ltr'><strong>Pascbatis:</strong></span> <span class='ocrx_word' id='word_1_144' title='bbox 792 1676 848 1725; x_wconf 88' lang='lat' dir='ltr'><strong>et</strong></span> <span class='ocrx_word' id='word_1_145' title='bbox 904 1670 975 1725; x_wconf 92' lang='lat' dir='ltr'><strong>ob</strong></span> <span class='ocrx_word' id='word_1_146' title='bbox 1032 1669 1421 1724; x_wconf 84' lang='lat' dir='ltr'><strong>venerandam</strong></span> <span class='ocrx_word' id='word_1_147' title='bbox 1483 1684 1547 1721; x_wconf 91' lang='lat' dir='ltr'><strong>ac</strong></span> <span class='ocrx_word' id='word_1_148' title='bbox 1604 1665 2043 1721; x_wconf 90' lang='lat' dir='ltr'><strong>immaculatam</strong></span> 
     </span>
    </p>
   </div>
   <div class='ocr_carea' id='block_1_20' title="bbox 391 1755 2041 1831">
    <p class='ocr_par' dir='ltr' id='par_1_30' title="bbox 391 1755 2041 1831">
     <span class='ocr_line' id='line_1_49' title="bbox 391 1755 2041 1831; baseline -0.005 -13"><span class='ocrx_word' id='word_1_149' title='bbox 391 1767 551 1818; x_wconf 84' lang='lat' dir='ltr'><strong>tuam</strong></span> <span class='ocrx_word' id='word_1_150' title='bbox 586 1760 925 1831; x_wconf 83' lang='lat' dir='ltr'><strong>imaginem,</strong></span> <span class='ocrx_word' id='word_1_151' title='bbox 961 1774 1137 1830; x_wconf 89' lang='lat' dir='ltr'><strong>quam</strong></span> <span class='ocrx_word' id='word_1_152' title='bbox 1170 1755 1373 1811; x_wconf 76' lang='lat' dir='ltr'><strong>deil‘eri</strong></span> <span class='ocrx_word' id='word_1_153' title='bbox 1408 1755 1554 1810; x_wconf 88' lang='lat' dir='ltr'><strong>mihi</strong></span> <span class='ocrx_word' id='word_1_154' title='bbox 1585 1755 1831 1825; x_wconf 85' lang='lat' dir='ltr'><strong>apostoli</strong></span> <span class='ocrx_word' id='word_1_155' title='bbox 1864 1755 2041 1809; x_wconf 89' lang='lat' dir='ltr'><strong>tradi-</strong></span> 
     </span>
    </p>
   </div>
   <div class='ocr_carea' id='block_1_21' title="bbox 2164 594 3822 674">
    <p class='ocr_par' dir='ltr' id='par_1_31' title="bbox 2164 594 3822 674">
     <span class='ocr_line' id='line_1_50' title="bbox 2164 594 3822 674; baseline 0.004 -29"><span class='ocrx_word' id='word_1_156' title='bbox 2164 601 2525 668; x_wconf 82' lang='grc' dir='ltr'>καταταγῆναι</span> <span class='ocrx_word' id='word_1_157' title='bbox 2578 594 2629 649; x_wconf 82' lang='grc' dir='ltr'><strong>ἐν</strong></span> <span class='ocrx_word' id='word_1_158' title='bbox 2680 600 2797 657; x_wconf 78' lang='grc' dir='ltr'>ταῖς</span> <span class='ocrx_word' id='word_1_159' title='bbox 2841 594 3083 670; x_wconf 75' lang='grc' dir='ltr'>χορείαις</span> <span class='ocrx_word' id='word_1_160' title='bbox 3111 601 3218 651; x_wconf 81' lang='grc' dir='ltr'><strong>τῶν</strong></span> <span class='ocrx_word' id='word_1_161' title='bbox 3252 594 3574 674; x_wconf 67' lang='grc' dir='ltr'>ἀθλοφόρων</span> <span class='ocrx_word' id='word_1_162' title='bbox 3614 599 3822 673; x_wconf 72' lang='grc' dir='ltr'>μαρτύ-</span> 
     </span>
    </p>
   </div>
   <div class='ocr_carea' id='block_1_22' title="bbox 2167 682 3677 758">
    <p class='ocr_par' dir='ltr' id='par_1_32' title="bbox 2167 682 3677 758">
     <span class='ocr_line' id='line_1_51' title="bbox 2167 682 3677 758; baseline 0.003 -23"><span class='ocrx_word' id='word_1_163' title='bbox 2167 701 2296 755; x_wconf 82' lang='grc' dir='ltr'>ριον,</span> <span class='ocrx_word' id='word_1_164' title='bbox 2329 682 2688 748; x_wconf 75' lang='grc' dir='ltr'><strong>κελαδοῦντας</strong></span> <span class='ocrx_word' id='word_1_165' title='bbox 2724 687 2837 758; x_wconf 88' lang='grc' dir='ltr'>μετ’</span> <span class='ocrx_word' id='word_1_166' title='bbox 2870 684 3045 742; x_wconf 79' lang='grc' dir='ltr'>αὐτῶν</span> <span class='ocrx_word' id='word_1_167' title='bbox 3072 686 3159 740; x_wconf 83' lang='grc' dir='ltr'>τὸν</span> <span class='ocrx_word' id='word_1_168' title='bbox 3191 684 3451 740; x_wconf 76' lang='grc' dir='ltr'>ἐπινίκιον</span> <span class='ocrx_word' id='word_1_169' title='bbox 3485 685 3677 757; x_wconf 79' lang='grc' dir='ltr'>ὕμνον.</span> 
     </span>
    </p>
   </div>
   <div class='ocr_carea' id='block_1_23' title="bbox 2236 772 3824 852">
    <p class='ocr_par' dir='ltr' id='par_1_33' title="bbox 2236 772 3824 852">
     <span class='ocr_line' id='line_1_52' title="bbox 2236 772 3824 852; baseline 0.001 -25"><span class='ocrx_word' id='word_1_170' title='bbox 2236 775 2289 829; x_wconf 89' lang='lat'><strong>8.</strong></span> <span class='ocrx_word' id='word_1_171' title='bbox 2325 772 2647 829; x_wconf 83' lang='grc' dir='ltr'>Τελευταῖον</span> <span class='ocrx_word' id='word_1_172' title='bbox 2698 772 2754 829; x_wconf 78' lang='grc' dir='ltr'><strong>δὲ</strong></span> <span class='ocrx_word' id='word_1_173' title='bbox 2801 777 3012 831; x_wconf 86' lang='grc' dir='ltr'>πάντων</span> <span class='ocrx_word' id='word_1_174' title='bbox 3059 776 3360 850; x_wconf 72' lang='grc' dir='ltr'>εἱσὲρχεται</span> <span class='ocrx_word' id='word_1_175' title='bbox 3403 776 3495 829; x_wconf 75' lang='grc' dir='ltr'><strong>καὶ</strong></span> <span class='ocrx_word' id='word_1_176' title='bbox 3525 777 3559 844; x_wconf 78' lang='grc' dir='ltr'>ἡ</span> <span class='ocrx_word' id='word_1_177' title='bbox 3593 775 3824 852; x_wconf 78' lang='grc' dir='ltr'>ἀνεξάρ-</span> 
     </span>
    </p>
   </div>
   <div class='ocr_carea' id='block_1_24' title="bbox 2166 863 3824 938">
    <p class='ocr_par' dir='ltr' id='par_1_34' title="bbox 2166 863 3824 938">
     <span class='ocr_line' id='line_1_53' title="bbox 2166 863 3824 938; baseline 0.003 -24"><span class='ocrx_word' id='word_1_178' title='bbox 2166 882 2325 931; x_wconf 88' lang='grc' dir='ltr'>νητος</span> <span class='ocrx_word' id='word_1_179' title='bbox 2382 863 2700 934; x_wconf 79' lang='grc' dir='ltr'><strong>Ἐκκλησία,</strong></span> <span class='ocrx_word' id='word_1_180' title='bbox 2756 866 2816 934; x_wconf 77' lang='grc' dir='ltr'><strong>ἣν</strong></span> <span class='ocrx_word' id='word_1_181' title='bbox 2875 865 2964 918; x_wconf 88' lang='grc' dir='ltr'><strong>καὶ</strong></span> <span class='ocrx_word' id='word_1_182' title='bbox 3043 865 3368 938; x_wconf 83' lang='grc' dir='ltr'>Θεασάμενος</span> <span class='ocrx_word' id='word_1_183' title='bbox 3422 865 3449 918; x_wconf 85' lang='grc' dir='ltr'>ὁ</span> <span class='ocrx_word' id='word_1_184' title='bbox 3502 867 3824 938; x_wconf 71' lang='grc' dir='ltr'>Μονογενὴς</span> 
     </span>
    </p>
   </div>
   <div class='ocr_carea' id='block_1_25' title="bbox 2170 947 3820 1031">
    <p class='ocr_par' dir='ltr' id='par_1_35' title="bbox 2170 947 3820 1031">
     <span class='ocr_line' id='line_1_54' title="bbox 2327 951 3711 989; baseline 0.004 -22"><span class='ocrx_word' id='word_1_185' title='bbox 2327 971 2338 983; x_wconf 59' lang='grc'><strong>,</strong></span> <span class='ocrx_word' id='word_1_186' title='bbox 2405 953 2463 989; x_wconf 49' lang='grc' dir='ltr'>ν.</span> <span class='ocrx_word' id='word_1_187' title='bbox 2542 951 2565 969; x_wconf 53' lang='grc' dir='ltr'><strong>κ</strong></span> <span class='ocrx_word' id='word_1_188' title='bbox 2682 952 2765 973; x_wconf 65' lang='grc' dir='ltr'>,ν</span> <span class='ocrx_word' id='word_1_189' title='bbox 2868 975 2886 985; x_wconf 81' lang='lat'>_</span> <span class='ocrx_word' id='word_1_190' title='bbox 3128 956 3143 973; x_wconf 56' lang='grc' dir='ltr'><strong><em>κ</em></strong></span> <span class='ocrx_word' id='word_1_191' title='bbox 3239 956 3250 972; x_wconf 86' lang='lat'><strong>,</strong></span> <span class='ocrx_word' id='word_1_192' title='bbox 3486 955 3500 971; x_wconf 67' lang='grc' dir='ltr'><strong>ι</strong></span> <span class='ocrx_word' id='word_1_193' title='bbox 3615 955 3629 971; x_wconf 68' lang='lat'><strong><em>.</em></strong></span> <span class='ocrx_word' id='word_1_194' title='bbox 3699 955 3711 973; x_wconf 74' lang='grc' dir='ltr'><em>ι</em></span> 
     </span>
     <span class='ocr_line' id='line_1_55' title="bbox 2170 947 3820 1031; baseline 0.002 -27"><span class='ocrx_word' id='word_1_195' title='bbox 2170 947 2316 1026; x_wconf 74' lang='grc' dir='ltr'>λέγει</span> <span class='ocrx_word' id='word_1_196' title='bbox 2403 976 2478 1006; x_wconf 73' lang='grc' dir='ltr'>..υ</span> <span class='ocrx_word' id='word_1_197' title='bbox 2538 955 2594 1007; x_wconf 78' lang='grc' dir='ltr'><strong>οὶ</strong></span> <span class='ocrx_word' id='word_1_198' title='bbox 2640 974 2691 1007; x_wconf 90' lang='grc' dir='ltr'><strong>τι</strong></span> <span class='ocrx_word' id='word_1_199' title='bbox 2742 974 2909 1030; x_wconf 60' lang='grc' dir='ltr'>εχεις,</span> <span class='ocrx_word' id='word_1_200' title='bbox 2958 956 2991 1023; x_wconf 77' lang='grc' dir='ltr'>ἡ</span> <span class='ocrx_word' id='word_1_201' title='bbox 3044 954 3150 1027; x_wconf 80' lang='grc' dir='ltr'><strong>ἐμη</strong></span> <span class='ocrx_word' id='word_1_202' title='bbox 3194 976 3379 1031; x_wconf 71' lang='grc' dir='ltr'>νυμφη</span> <span class='ocrx_word' id='word_1_203' title='bbox 3414 975 3503 1008; x_wconf 87' lang='grc' dir='ltr'><strong>και</strong></span> <span class='ocrx_word' id='word_1_204' title='bbox 3534 958 3569 1024; x_wconf 78' lang='grc' dir='ltr'>ἡ</span> <span class='ocrx_word' id='word_1_205' title='bbox 3604 974 3820 1027; x_wconf 64' lang='grc' dir='ltr'>αμυσαι</span> 
     </span>
    </p>
   </div>
   <div class='ocr_carea' id='block_1_26' title="bbox 2168 1041 3825 1119">
    <p class='ocr_par' dir='ltr' id='par_1_36' title="bbox 2168 1041 3825 1119">
     <span class='ocr_line' id='line_1_56' title="bbox 2168 1041 3825 1119; baseline 0.003 -27"><span class='ocrx_word' id='word_1_206' title='bbox 2168 1060 2293 1102; x_wconf 86' lang='grc' dir='ltr'>κτος</span> <span class='ocrx_word' id='word_1_207' title='bbox 2345 1044 2456 1113; x_wconf 83' lang='grc'>(55)</span> <span class='ocrx_word' id='word_1_208' title='bbox 2506 1042 2668 1118; x_wconf 83' lang='grc' dir='ltr'><strong>κόρη,</strong></span> <span class='ocrx_word' id='word_1_209' title='bbox 2719 1043 2807 1097; x_wconf 81' lang='grc' dir='ltr'><strong>καὶ</strong></span> <span class='ocrx_word' id='word_1_210' title='bbox 2856 1045 2890 1112; x_wconf 74' lang='grc' dir='ltr'><strong>ὴ</strong></span> <span class='ocrx_word' id='word_1_211' title='bbox 2926 1041 3272 1113; x_wconf 80' lang='grc' dir='ltr'>ἀκηλίδωτος</span> <span class='ocrx_word' id='word_1_212' title='bbox 3304 1045 3609 1119; x_wconf 47' lang='grc' dir='ltr'>παρθένος</span> <span class='ocrx_word' id='word_1_213' title='bbox 3664 1045 3722 1100; x_wconf 80' lang='grc' dir='ltr'>Ἣ</span> <span class='ocrx_word' id='word_1_214' title='bbox 3759 1041 3825 1098; x_wconf 73' lang='grc' dir='ltr'><strong>δὲ</strong></span> 
     </span>
    </p>
   </div>
   <div class='ocr_carea' id='block_1_27' title="bbox 2169 1129 3824 1205">
    <p class='ocr_par' dir='ltr' id='par_1_37' title="bbox 2169 1129 3824 1205">
     <span class='ocr_line' id='line_1_57' title="bbox 2169 1129 3824 1205; baseline 0.002 -22"><span class='ocrx_word' id='word_1_215' title='bbox 2169 1129 2483 1200; x_wconf 79' lang='grc' dir='ltr'>Ἐκκλησία·</span> <span class='ocrx_word' id='word_1_216' title='bbox 2519 1136 2829 1205; x_wconf 78' lang='grc' dir='ltr'>Λυποῦμαι,</span> <span class='ocrx_word' id='word_1_217' title='bbox 2864 1129 2933 1186; x_wconf 82' lang='grc' dir='ltr'><strong>δι’</strong></span> <span class='ocrx_word' id='word_1_218' title='bbox 2966 1132 2996 1186; x_wconf 80' lang='grc' dir='ltr'>ὅ</span> <span class='ocrx_word' id='word_1_219' title='bbox 3025 1133 3113 1186; x_wconf 87' lang='grc' dir='ltr'><strong>καί</strong></span> <span class='ocrx_word' id='word_1_220' title='bbox 3146 1152 3313 1205; x_wconf 78' lang='grc' dir='ltr'>φημι·</span> <span class='ocrx_word' id='word_1_221' title='bbox 3350 1158 3378 1185; x_wconf 89' lang='grc'><strong>‹‹</strong></span> <span class='ocrx_word' id='word_1_222' title='bbox 3410 1132 3662 1199; x_wconf 84' lang='grc' dir='ltr'>Δίκασον,</span> <span class='ocrx_word' id='word_1_223' title='bbox 3715 1132 3824 1187; x_wconf 77' lang='grc' dir='ltr'><strong>Κύ-</strong></span> 
     </span>
    </p>
   </div>
   <div class='ocr_carea' id='block_1_28' title="bbox 2167 1217 3829 1295">
    <p class='ocr_par' dir='ltr' id='par_1_38' title="bbox 2167 1217 3829 1295">
     <span class='ocr_line' id='line_1_58' title="bbox 2167 1217 3829 1295; baseline 0.003 -23"><span class='ocrx_word' id='word_1_224' title='bbox 2167 1238 2269 1293; x_wconf 90' lang='grc' dir='ltr'>ριε,</span> <span class='ocrx_word' id='word_1_225' title='bbox 2312 1219 2439 1281; x_wconf 78' lang='grc' dir='ltr'>τοὺς</span> <span class='ocrx_word' id='word_1_226' title='bbox 2493 1217 2810 1283; x_wconf 86' lang='grc' dir='ltr'>ἀδικοῦντάς</span> <span class='ocrx_word' id='word_1_227' title='bbox 2868 1242 2955 1295; x_wconf 85' lang='grc' dir='ltr'><strong>με,</strong></span> <span class='ocrx_word' id='word_1_228' title='bbox 3005 1221 3325 1295; x_wconf 80' lang='grc' dir='ltr'>πολέμτ,σον</span> <span class='ocrx_word' id='word_1_229' title='bbox 3355 1222 3480 1283; x_wconf 72' lang='grc' dir='ltr'>τοὺς</span> <span class='ocrx_word' id='word_1_230' title='bbox 3510 1222 3829 1295; x_wconf 83' lang='grc' dir='ltr'>πολεμοῦν-</span> 
     </span>
    </p>
   </div>
   <div class='ocr_carea' id='block_1_29' title="bbox 2162 1308 3822 1386">
    <p class='ocr_par' dir='ltr' id='par_1_39' title="bbox 2162 1308 3822 1386">
     <span class='ocr_line' id='line_1_59' title="bbox 2162 1308 3822 1386; baseline 0.005 -25"><span class='ocrx_word' id='word_1_231' title='bbox 2162 1308 2255 1369; x_wconf 87' lang='grc' dir='ltr'><strong>τάς</strong></span> <span class='ocrx_word' id='word_1_232' title='bbox 2310 1330 2395 1381; x_wconf 88' lang='grc' dir='ltr'><strong>με,</strong></span> <span class='ocrx_word' id='word_1_233' title='bbox 2453 1334 2481 1361; x_wconf 89' lang='grc'><strong>››</strong></span> <span class='ocrx_word' id='word_1_234' title='bbox 2530 1312 2585 1363; x_wconf 89' lang='grc' dir='ltr'>Ὁ</span> <span class='ocrx_word' id='word_1_235' title='bbox 2639 1308 2695 1365; x_wconf 72' lang='grc' dir='ltr'><strong>δὲ</strong></span> <span class='ocrx_word' id='word_1_236' title='bbox 2743 1312 3074 1386; x_wconf 72' lang='grc' dir='ltr'>Μονογενής’</span> <span class='ocrx_word' id='word_1_237' title='bbox 3131 1312 3234 1367; x_wconf 82' lang='grc' dir='ltr'>Καὶ</span> <span class='ocrx_word' id='word_1_238' title='bbox 3282 1309 3371 1366; x_wconf 74' lang='grc' dir='ltr'><strong>διὰ</strong></span> <span class='ocrx_word' id='word_1_239' title='bbox 3397 1312 3450 1367; x_wconf 89' lang='grc' dir='ltr'><strong>τί</strong></span> <span class='ocrx_word' id='word_1_240' title='bbox 3480 1310 3822 1386; x_wconf 71' lang='grc' dir='ltr'>πολεμήσῃς</span> 
     </span>
    </p>
   </div>
   <div class='ocr_carea' id='block_1_30' title="bbox 2162 1397 3820 1475">
    <p class='ocr_par' dir='ltr' id='par_1_40' title="bbox 2162 1397 3820 1475">
     <span class='ocr_line' id='line_1_60' title="bbox 2162 1397 3820 1475; baseline 0.002 -24"><span class='ocrx_word' id='word_1_241' title='bbox 2162 1397 2299 1472; x_wconf 72' lang='grc' dir='ltr'><strong>Λέγε</strong></span> <span class='ocrx_word' id='word_1_242' title='bbox 2340 1398 2427 1452; x_wconf 79' lang='grc' dir='ltr'><strong>καὶ</strong></span> <span class='ocrx_word' id='word_1_243' title='bbox 2473 1399 2820 1475; x_wconf 78' lang='grc' dir='ltr'>φανεροποίει</span> <span class='ocrx_word' id='word_1_244' title='bbox 2871 1402 2971 1470; x_wconf 74' lang='grc' dir='ltr'>τὴν</span> <span class='ocrx_word' id='word_1_245' title='bbox 3017 1399 3213 1457; x_wconf 84' lang='grc' dir='ltr'>αἰτίαν.</span> <span class='ocrx_word' id='word_1_246' title='bbox 3268 1402 3331 1457; x_wconf 85' lang='grc' dir='ltr'>Ἡ</span> <span class='ocrx_word' id='word_1_247' title='bbox 3377 1398 3434 1455; x_wconf 75' lang='grc' dir='ltr'><strong>δὲ</strong></span> <span class='ocrx_word' id='word_1_248' title='bbox 3494 1400 3820 1472; x_wconf 86' lang='grc' dir='ltr'>Ἐκκλησία·</span> 
     </span>
    </p>
   </div>
   <div class='ocr_carea' id='block_1_31' title="bbox 2160 1483 3823 1565">
    <p class='ocr_par' dir='ltr' id='par_1_41' title="bbox 2160 1483 3823 1565">
     <span class='ocr_line' id='line_1_61' title="bbox 2160 1483 3823 1565; baseline 0.004 -26"><span class='ocrx_word' id='word_1_249' title='bbox 2160 1485 2541 1560; x_wconf 83' lang='grc' dir='ltr'>Πολεμοῦμαι,</span> <span class='ocrx_word' id='word_1_250' title='bbox 2576 1489 2838 1561; x_wconf 68' lang='grc' dir='ltr'>Δέσποτα,</span> <span class='ocrx_word' id='word_1_251' title='bbox 2871 1486 2958 1542; x_wconf 77' lang='grc' dir='ltr'><strong>διὰ</strong></span> <span class='ocrx_word' id='word_1_252' title='bbox 2982 1490 3080 1558; x_wconf 74' lang='grc' dir='ltr'>τὴν</span> <span class='ocrx_word' id='word_1_253' title='bbox 3134 1483 3411 1563; x_wconf 75' lang='grc' dir='ltr'>ἀκρίϐειαν</span> <span class='ocrx_word' id='word_1_254' title='bbox 3460 1494 3564 1545; x_wconf 81' lang='grc' dir='ltr'>τῶν</span> <span class='ocrx_word' id='word_1_255' title='bbox 3598 1489 3823 1565; x_wconf 72' lang='grc' dir='ltr'>εὐαγγε-</span> 
     </span>
    </p>
   </div>
   <div class='ocr_carea' id='block_1_32' title="bbox 2158 1571 3819 1651">
    <p class='ocr_par' dir='ltr' id='par_1_42' title="bbox 2158 1571 3819 1651">
     <span class='ocr_line' id='line_1_62' title="bbox 2158 1571 3819 1651; baseline 0.004 -24"><span class='ocrx_word' id='word_1_256' title='bbox 2158 1571 2326 1629; x_wconf 82' lang='grc' dir='ltr'>λικῶν</span> <span class='ocrx_word' id='word_1_257' title='bbox 2379 1573 2684 1651; x_wconf 79' lang='grc' dir='ltr'>δογμάτων,</span> <span class='ocrx_word' id='word_1_258' title='bbox 2734 1578 2822 1632; x_wconf 85' lang='grc' dir='ltr'><strong>καὶ</strong></span> <span class='ocrx_word' id='word_1_259' title='bbox 2869 1580 2964 1647; x_wconf 74' lang='grc' dir='ltr'><strong>την</strong></span> <span class='ocrx_word' id='word_1_260' title='bbox 3016 1578 3239 1649; x_wconf 85' lang='grc' dir='ltr'>ποίησιν</span> <span class='ocrx_word' id='word_1_261' title='bbox 3298 1583 3393 1633; x_wconf 83' lang='grc' dir='ltr'><strong>τοῦ</strong></span> <span class='ocrx_word' id='word_1_262' title='bbox 3423 1576 3691 1649; x_wconf 76' lang='grc' dir='ltr'>ἀληθινοῦ</span> <span class='ocrx_word' id='word_1_263' title='bbox 3720 1579 3819 1633; x_wconf 76' lang='grc' dir='ltr'><strong>καὶ</strong></span> 
     </span>
    </p>
   </div>
   <div class='ocr_carea' id='block_1_33' title="bbox 2158 1658 3821 1744">
    <p class='ocr_par' dir='ltr' id='par_1_43' title="bbox 2158 1658 3821 1744">
     <span class='ocr_line' id='line_1_63' title="bbox 2158 1658 3821 1744; baseline 0.004 -28"><span class='ocrx_word' id='word_1_264' title='bbox 2158 1658 2378 1737; x_wconf 74' lang='grc' dir='ltr'>βεϐαίου</span> <span class='ocrx_word' id='word_1_265' title='bbox 2411 1666 2624 1741; x_wconf 87' lang='grc' dir='ltr'>Πάσχα,</span> <span class='ocrx_word' id='word_1_266' title='bbox 2656 1667 2745 1721; x_wconf 78' lang='grc' dir='ltr'><strong>καὶ</strong></span> <span class='ocrx_word' id='word_1_267' title='bbox 2780 1664 2866 1721; x_wconf 77' lang='grc' dir='ltr'><strong>’διά</strong></span> <span class='ocrx_word' id='word_1_268' title='bbox 2896 1668 2993 1736; x_wconf 75' lang='grc' dir='ltr'><strong>την</strong></span> <span class='ocrx_word' id='word_1_269' title='bbox 3027 1668 3229 1736; x_wconf 73' lang='grc' dir='ltr'>σεπτην</span> <span class='ocrx_word' id='word_1_270' title='bbox 3261 1669 3353 1721; x_wconf 81' lang='grc' dir='ltr'><strong>καὶ</strong></span> <span class='ocrx_word' id='word_1_271' title='bbox 3396 1666 3666 1744; x_wconf 80' lang='grc' dir='ltr'>ἄχραντόν</span> <span class='ocrx_word' id='word_1_272' title='bbox 3715 1689 3821 1723; x_wconf 88' lang='grc' dir='ltr'><strong>σου</strong></span> 
     </span>
    </p>
   </div>
   <div class='ocr_carea' id='block_1_34' title="bbox 2153 1752 3817 1834">
    <p class='ocr_par' dir='ltr' id='par_1_44' title="bbox 2153 1752 3817 1834">
     <span class='ocr_line' id='line_1_64' title="bbox 2153 1752 3817 1834; baseline 0.004 -29"><span class='ocrx_word' id='word_1_273' title='bbox 2153 1752 2353 1825; x_wconf 85' lang='grc' dir='ltr'>εἰκόνα,</span> <span class='ocrx_word' id='word_1_274' title='bbox 2413 1756 2472 1822; x_wconf 80' lang='grc' dir='ltr'><strong>ἢν</strong></span> <span class='ocrx_word' id='word_1_275' title='bbox 2540 1777 2631 1827; x_wconf 89' lang='grc' dir='ltr'><strong>μοι</strong></span> <span class='ocrx_word' id='word_1_276' title='bbox 2712 1754 3025 1830; x_wconf 67' lang='grc' dir='ltr'>παρέδωκαν</span> <span class='ocrx_word' id='word_1_277' title='bbox 3091 1758 3142 1810; x_wconf 73' lang='grc' dir='ltr'>οἱ</span> <span class='ocrx_word' id='word_1_278' title='bbox 3201 1756 3453 1834; x_wconf 73' lang='grc' dir='ltr'>Θεοφόροι</span> <span class='ocrx_word' id='word_1_279' title='bbox 3509 1757 3817 1813; x_wconf 79' lang='grc' dir='ltr'>ἀπόστολοι</span> 
     </span>
    </p>
   </div>
   <div class='ocr_carea' id='block_1_35' title="bbox 393 1841 2030 1931">
    <p class='ocr_par' dir='ltr' id='par_1_45' title="bbox 393 1841 2030 1916">
     <span class='ocr_line' id='line_1_65' title="bbox 393 1841 2030 1916; baseline -0.005 -10"><span class='ocrx_word' id='word_1_280' title='bbox 393 1852 626 1916; x_wconf 84' lang='lat' dir='ltr'><strong>derunt,</strong></span> <span class='ocrx_word' id='word_1_281' title='bbox 647 1856 712 1903; x_wconf 91' lang='lat' dir='ltr'><strong>ut</strong></span> <span class='ocrx_word' id='word_1_282' title='bbox 740 1865 866 1903; x_wconf 86' lang='lat' dir='ltr'><strong>eam</strong></span> <span class='ocrx_word' id='word_1_283' title='bbox 895 1864 1275 1910; x_wconf 87' lang='lat' dir='ltr'><strong>asservarem,</strong></span> <span class='ocrx_word' id='word_1_284' title='bbox 1298 1844 1473 1898; x_wconf 87' lang='lat' dir='ltr'><strong>veluti</strong></span> <span class='ocrx_word' id='word_1_285' title='bbox 1500 1841 1832 1913; x_wconf 80' lang='lat' dir='ltr'><strong>exemplum</strong></span> <span class='ocrx_word' id='word_1_286' title='bbox 1865 1849 2030 1914; x_wconf 78' lang='lat' dir='ltr'><strong>atque</strong></span> 
     </span>
    </p>
   </div>
   <div class='ocr_carea' id='block_1_36' title="bbox 2143 1841 3818 1931">
    <p class='ocr_par' dir='ltr' id='par_1_46' title="bbox 2150 1842 3818 1922">
     <span class='ocr_line' id='line_1_66' title="bbox 2150 1842 3818 1922; baseline 0.004 -28"><span class='ocrx_word' id='word_1_287' title='bbox 2150 1843 2396 1916; x_wconf 70' lang='grc' dir='ltr'>κατέχειν</span> <span class='ocrx_word' id='word_1_288' title='bbox 2457 1842 2622 1911; x_wconf 71' lang='grc' dir='ltr'>αὐτὴν</span> <span class='ocrx_word' id='word_1_289' title='bbox 2676 1845 2751 1905; x_wconf 70' lang='grc' dir='ltr'>εἱς</span> <span class='ocrx_word' id='word_1_290' title='bbox 2810 1844 3169 1921; x_wconf 76' lang='grc' dir='ltr'>ὑπογραμμόν</span> <span class='ocrx_word' id='word_1_291' title='bbox 3217 1848 3327 1917; x_wconf 82' lang='grc'><strong>(56)</strong></span> <span class='ocrx_word' id='word_1_292' title='bbox 3378 1844 3469 1899; x_wconf 83' lang='grc' dir='ltr'><strong>καὶ</strong></span> <span class='ocrx_word' id='word_1_293' title='bbox 3517 1842 3818 1922; x_wconf 69' lang='grc' dir='ltr'>ἀρῥαϐῶνα</span> 
     </span>
    </p>
   </div>
   <div class='ocr_carea' id='block_1_37' title="bbox 393 1930 2036 2011">
    <p class='ocr_par' dir='ltr' id='par_1_47' title="bbox 393 1930 2036 2011">
     <span class='ocr_line' id='line_1_67' title="bbox 393 1930 2036 2011; baseline -0.004 -18"><span class='ocrx_word' id='word_1_294' title='bbox 393 1938 607 2011; x_wconf 88' lang='lat' dir='ltr'><strong>pignus</strong></span> <span class='ocrx_word' id='word_1_295' title='bbox 636 1944 738 1992; x_wconf 81' lang='lat' dir='ltr'><strong>tuae</strong></span> <span class='ocrx_word' id='word_1_296' title='bbox 780 1938 838 1991; x_wconf 93' lang='lat' dir='ltr'><strong>in</strong></span> <span class='ocrx_word' id='word_1_297' title='bbox 870 1953 1042 1991; x_wconf 87' lang='lat' dir='ltr'><strong>carne</strong></span> <span class='ocrx_word' id='word_1_298' title='bbox 1072 1933 1425 1989; x_wconf 58' lang='lat' dir='ltr'><strong>oeconomia).</strong></span> <span class='ocrx_word' id='word_1_299' title='bbox 1461 1933 1610 1986; x_wconf 90' lang='lat' dir='ltr'><strong>Tum</strong></span> <span class='ocrx_word' id='word_1_300' title='bbox 1648 1930 1989 2002; x_wconf 87' lang='lat' dir='ltr'><strong>Unigenitus</strong></span> <span class='ocrx_word' id='word_1_301' title='bbox 2024 1949 2036 1986; x_wconf 90' lang='lat'>:</span> 
     </span>
    </p>
   </div>
   <div class='ocr_carea' id='block_1_38' title="bbox 397 2019 2041 2094">
    <p class='ocr_par' dir='ltr' id='par_1_48' title="bbox 397 2019 2041 2094">
     <span class='ocr_line' id='line_1_68' title="bbox 397 2019 2041 2094; baseline -0.004 -12"><span class='ocrx_word' id='word_1_302' title='bbox 397 2028 552 2082; x_wconf 82' lang='lat' dir='ltr'><strong>Licet</strong></span> <span class='ocrx_word' id='word_1_303' title='bbox 581 2043 648 2081; x_wconf 85' lang='lat' dir='ltr'><strong>ea</strong></span> <span class='ocrx_word' id='word_1_304' title='bbox 674 2027 743 2081; x_wconf 88' lang='lat' dir='ltr'><strong>de</strong></span> <span class='ocrx_word' id='word_1_305' title='bbox 775 2043 951 2080; x_wconf 86' lang='lat' dir='ltr'><strong>causa</strong></span> <span class='ocrx_word' id='word_1_306' title='bbox 982 2022 1366 2094; x_wconf 83' lang='lat' dir='ltr'><strong>impugneris,</strong></span> <span class='ocrx_word' id='word_1_307' title='bbox 1394 2038 1465 2075; x_wconf 88' lang='lat' dir='ltr'><strong>ne</strong></span> <span class='ocrx_word' id='word_1_308' title='bbox 1496 2019 1759 2074; x_wconf 89' lang='lat' dir='ltr'><strong>animum</strong></span> <span class='ocrx_word' id='word_1_309' title='bbox 1793 2022 2041 2091; x_wconf 87' lang='lat' dir='ltr'><strong>despon-</strong></span> 
     </span>
    </p>
   </div>
   <div class='ocr_carea' id='block_1_39' title="bbox 397 2109 2042 2186">
    <p class='ocr_par' dir='ltr' id='par_1_49' title="bbox 397 2109 2042 2186">
     <span class='ocr_line' id='line_1_69' title="bbox 397 2109 2042 2186; baseline -0.006 -13"><span class='ocrx_word' id='word_1_310' title='bbox 397 2117 559 2186; x_wconf 86' lang='lat' dir='ltr'><strong>deas,</strong></span> <span class='ocrx_word' id='word_1_311' title='bbox 593 2132 695 2171; x_wconf 90' lang='lat' dir='ltr'><strong>nec</strong></span> <span class='ocrx_word' id='word_1_312' title='bbox 729 2119 921 2169; x_wconf 85' lang='lat' dir='ltr'><strong>mente</strong></span> <span class='ocrx_word' id='word_1_313' title='bbox 963 2119 1061 2168; x_wconf 86' lang='lat' dir='ltr'><strong>aut</strong></span> <span class='ocrx_word' id='word_1_314' title='bbox 1110 2112 1305 2165; x_wconf 88' lang='lat' dir='ltr'><strong>animo</strong></span> <span class='ocrx_word' id='word_1_315' title='bbox 1336 2110 1669 2181; x_wconf 76' lang='lat' dir='ltr'><strong>defetigere.</strong></span> <span class='ocrx_word' id='word_1_316' title='bbox 1708 2109 1853 2163; x_wconf 90' lang='lat' dir='ltr'><strong>lllud</strong></span> <span class='ocrx_word' id='word_1_317' title='bbox 1884 2109 2042 2164; x_wconf 90' lang='lat' dir='ltr'><strong>enim</strong></span> 
     </span>
    </p>
   </div>
   <div class='ocr_carea' id='block_1_40' title="bbox 396 2199 2040 2271">
    <p class='ocr_par' dir='ltr' id='par_1_50' title="bbox 396 2199 2040 2271">
     <span class='ocr_line' id='line_1_70' title="bbox 396 2199 2040 2271; baseline -0.005 -9"><span class='ocrx_word' id='word_1_318' title='bbox 396 2206 773 2262; x_wconf 87' lang='lat' dir='ltr'><strong>manifestum</strong></span> <span class='ocrx_word' id='word_1_319' title='bbox 806 2208 912 2267; x_wconf 89' lang='lat' dir='ltr'><strong>est,</strong></span> <span class='ocrx_word' id='word_1_320' title='bbox 946 2201 1188 2271; x_wconf 83' lang='lat' dir='ltr'><strong>scilicet,</strong></span> <span class='ocrx_word' id='word_1_321' title='bbox 1217 2201 1315 2271; x_wconf 91' lang='lat' dir='ltr'><strong>qui</strong></span> <span class='ocrx_word' id='word_1_322' title='bbox 1351 2199 1589 2263; x_wconf 88' lang='lat' dir='ltr'><strong>Pascha,</strong></span> <span class='ocrx_word' id='word_1_323' title='bbox 1622 2205 1723 2252; x_wconf 90' lang='lat' dir='ltr'><strong>aut</strong></span> <span class='ocrx_word' id='word_1_324' title='bbox 1756 2199 2040 2253; x_wconf 86' lang='lat' dir='ltr'><strong>immacu-</strong></span> 
     </span>
    </p>
   </div>
   <div class='ocr_carea' id='block_1_41' title="bbox 397 2288 2039 2363">
    <p class='ocr_par' dir='ltr' id='par_1_51' title="bbox 397 2288 2039 2363">
     <span class='ocr_line' id='line_1_71' title="bbox 397 2288 2039 2363; baseline -0.006 -10"><span class='ocrx_word' id='word_1_325' title='bbox 397 2298 578 2354; x_wconf 86' lang='lat' dir='ltr'><strong>latam</strong></span> <span class='ocrx_word' id='word_1_326' title='bbox 614 2311 804 2350; x_wconf 86' lang='lat' dir='ltr'><strong>meam</strong></span> <span class='ocrx_word' id='word_1_327' title='bbox 848 2292 1163 2363; x_wconf 84' lang='lat' dir='ltr'><strong>imaginem</strong></span> <span class='ocrx_word' id='word_1_328' title='bbox 1214 2288 1603 2360; x_wconf 85' lang='lat' dir='ltr'><strong>abnegaverit,</strong></span> <span class='ocrx_word' id='word_1_329' title='bbox 1638 2294 1696 2342; x_wconf 91' lang='lat' dir='ltr'><strong>et</strong></span> <span class='ocrx_word' id='word_1_330' title='bbox 1725 2303 1829 2358; x_wconf 86' lang='lat' dir='ltr'><strong>ego</strong></span> <span class='ocrx_word' id='word_1_331' title='bbox 1860 2288 2039 2343; x_wconf 90' lang='lat' dir='ltr'><strong>abne-</strong></span> 
     </span>
    </p>
   </div>
   <div class='ocr_carea' id='block_1_42' title="bbox 396 2377 2039 2459">
    <p class='ocr_par' dir='ltr' id='par_1_52' title="bbox 396 2377 2039 2459">
     <span class='ocr_line' id='line_1_72' title="bbox 396 2377 2039 2459; baseline -0.007 -17"><span class='ocrx_word' id='word_1_332' title='bbox 396 2387 545 2459; x_wconf 89' lang='lat' dir='ltr'><strong>gabo</strong></span> <span class='ocrx_word' id='word_1_333' title='bbox 572 2401 705 2439; x_wconf 89' lang='lat' dir='ltr'><strong>eum</strong></span> <span class='ocrx_word' id='word_1_334' title='bbox 733 2398 928 2438; x_wconf 88' lang='lat' dir='ltr'><strong>coram</strong></span> <span class='ocrx_word' id='word_1_335' title='bbox 960 2379 1179 2435; x_wconf 74' lang='lat' dir='ltr'><strong>ccelesti</strong></span> <span class='ocrx_word' id='word_1_336' title='bbox 1213 2377 1377 2432; x_wconf 82' lang='lat' dir='ltr'><strong>Patre</strong></span> <span class='ocrx_word' id='word_1_337' title='bbox 1414 2393 1566 2444; x_wconf 90' lang='lat' dir='ltr'><strong>meo,</strong></span> <span class='ocrx_word' id='word_1_338' title='bbox 1598 2381 1655 2431; x_wconf 91' lang='lat' dir='ltr'><strong>et</strong></span> <span class='ocrx_word' id='word_1_339' title='bbox 1683 2377 1882 2431; x_wconf 80' lang='lat' dir='ltr'><strong>electis</strong></span> <span class='ocrx_word' id='word_1_340' title='bbox 1911 2378 2039 2446; x_wconf 89' lang='lat' dir='ltr'><strong>ejus</strong></span> 
     </span>
    </p>
   </div>
   <div class='ocr_carea' id='block_1_43' title="bbox 395 2466 2037 2548">
    <p class='ocr_par' dir='ltr' id='par_1_53' title="bbox 395 2466 2037 2548">
     <span class='ocr_line' id='line_1_73' title="bbox 395 2466 2037 2548; baseline -0.007 -17"><span class='ocrx_word' id='word_1_341' title='bbox 395 2474 640 2548; x_wconf 87' lang='lat' dir='ltr'><strong>angelis.</strong></span> <span class='ocrx_word' id='word_1_342' title='bbox 674 2472 782 2537; x_wconf 89' lang='lat' dir='ltr'><strong>Qui</strong></span> <span class='ocrx_word' id='word_1_343' title='bbox 829 2487 962 2526; x_wconf 89' lang='lat' dir='ltr'><strong>vero</strong></span> <span class='ocrx_word' id='word_1_344' title='bbox 1011 2473 1213 2523; x_wconf 85' lang='lat' dir='ltr'><strong>contra</strong></span> <span class='ocrx_word' id='word_1_345' title='bbox 1258 2483 1489 2521; x_wconf 86' lang='lat' dir='ltr'><strong>mecum</strong></span> <span class='ocrx_word' id='word_1_346' title='bbox 1540 2482 1658 2520; x_wconf 88' lang='lat' dir='ltr'><strong>una</strong></span> <span class='ocrx_word' id='word_1_347' title='bbox 1708 2466 1922 2536; x_wconf 86' lang='lat' dir='ltr'><strong>patitur</strong></span> <span class='ocrx_word' id='word_1_348' title='bbox 1965 2467 2037 2520; x_wconf 90' lang='lat' dir='ltr'><strong>ob</strong></span> 
     </span>
    </p>
   </div>
   <div class='ocr_carea' id='block_1_44' title="bbox 391 2554 2032 2631">
    <p class='ocr_par' dir='ltr' id='par_1_54' title="bbox 391 2554 2032 2631">
     <span class='ocr_line' id='line_1_74' title="bbox 391 2554 2032 2631; baseline -0.007 -11"><span class='ocrx_word' id='word_1_349' title='bbox 391 2564 637 2628; x_wconf 82' lang='lat' dir='ltr'><strong>Pascha,</strong></span> <span class='ocrx_word' id='word_1_350' title='bbox 683 2562 734 2615; x_wconf 91' lang='lat' dir='ltr'><strong>is</strong></span> <span class='ocrx_word' id='word_1_351' title='bbox 781 2556 1336 2631; x_wconf 82' lang='lat' dir='ltr'><strong>eongloriﬁeabitur.</strong></span> <span class='ocrx_word' id='word_1_352' title='bbox 1369 2558 1573 2609; x_wconf 88' lang='lat' dir='ltr'><strong>Annon</strong></span> <span class='ocrx_word' id='word_1_353' title='bbox 1625 2554 1843 2609; x_wconf 85' lang='lat' dir='ltr'><strong>audisti</strong></span> <span class='ocrx_word' id='word_1_354' title='bbox 1896 2555 2032 2625; x_wconf 90' lang='lat' dir='ltr'><strong>quid</strong></span> 
     </span>
    </p>
   </div>
   <div class='ocr_carea' id='block_1_45' title="bbox 389 2642 2033 2726">
    <p class='ocr_par' dir='ltr' id='par_1_55' title="bbox 389 2642 2033 2726">
     <span class='ocr_line' id='line_1_75' title="bbox 389 2642 2033 2726; baseline -0.007 -17"><span class='ocrx_word' id='word_1_355' title='bbox 389 2652 762 2726; x_wconf 65' lang='lat' dir='ltr'><strong>praceperim</strong></span> <span class='ocrx_word' id='word_1_356' title='bbox 810 2646 1125 2720; x_wconf 87' lang='lat' dir='ltr'><strong>legislatori</strong></span> <span class='ocrx_word' id='word_1_357' title='bbox 1173 2645 1356 2716; x_wconf 86' lang='lat' dir='ltr'><strong>Moysi</strong></span> <span class='ocrx_word' id='word_1_358' title='bbox 1391 2662 1403 2699; x_wconf 89' lang='lat'>:</span> <span class='ocrx_word' id='word_1_359' title='bbox 1439 2644 1548 2699; x_wconf 87' lang='lat' dir='ltr'><strong>Fac</strong></span> <span class='ocrx_word' id='word_1_360' title='bbox 1580 2642 1721 2697; x_wconf 89' lang='lat' dir='ltr'><strong>mihi</strong></span> <span class='ocrx_word' id='word_1_361' title='bbox 1755 2644 1869 2697; x_wconf 92' lang='lat' dir='ltr'><strong>duo</strong></span> <span class='ocrx_word' id='word_1_362' title='bbox 1901 2644 2033 2698; x_wconf 88' lang='lat' dir='ltr'><strong>che-</strong></span> 
     </span>
    </p>
   </div>
   <div class='ocr_carea' id='block_1_46' title="bbox 387 2732 2034 2803">
    <p class='ocr_par' dir='ltr' id='par_1_56' title="bbox 387 2732 2034 2803">
     <span class='ocr_line' id='line_1_76' title="bbox 387 2732 2034 2803; baseline -0.008 -5"><span class='ocrx_word' id='word_1_363' title='bbox 387 2742 581 2798; x_wconf 87' lang='lat' dir='ltr'><strong>rubim</strong></span> <span class='ocrx_word' id='word_1_364' title='bbox 627 2741 683 2795; x_wconf 91' lang='lat' dir='ltr'><strong>in</strong></span> <span class='ocrx_word' id='word_1_365' title='bbox 722 2740 1099 2793; x_wconf 87' lang='lat' dir='ltr'><strong>tabernaculo</strong></span> <span class='ocrx_word' id='word_1_366' title='bbox 1146 2732 1530 2801; x_wconf 49' lang='lat' dir='ltr'><strong>testimoni”,</strong></span> <span class='ocrx_word' id='word_1_367' title='bbox 1564 2732 1635 2786; x_wconf 93' lang='lat' dir='ltr'><strong>ad</strong></span> <span class='ocrx_word' id='word_1_368' title='bbox 1687 2732 2034 2803; x_wconf 68' lang='lat' dir='ltr'><strong>praesignifi-</strong></span> 
     </span>
    </p>
   </div>
   <div class='ocr_carea' id='block_1_47' title="bbox 384 2821 2034 2897">
    <p class='ocr_par' dir='ltr' id='par_1_57' title="bbox 384 2821 2034 2897">
     <span class='ocr_line' id='line_1_77' title="bbox 384 2821 2034 2897; baseline -0.008 -10"><span class='ocrx_word' id='word_1_369' title='bbox 384 2831 635 2887; x_wconf 86' lang='lat' dir='ltr'><strong>candam</strong></span> <span class='ocrx_word' id='word_1_370' title='bbox 694 2827 1013 2897; x_wconf 86' lang='lat' dir='ltr'><strong>imaginem</strong></span> <span class='ocrx_word' id='word_1_371' title='bbox 1064 2821 1300 2878; x_wconf 84' lang='lat' dir='ltr'><strong>meam?</strong></span> <span class='ocrx_word' id='word_1_372' title='bbox 1351 2823 1416 2875; x_wconf 84' lang='lat' dir='ltr'><strong>Et</strong></span> <span class='ocrx_word' id='word_1_373' title='bbox 1463 2837 1698 2875; x_wconf 86' lang='lat' dir='ltr'><strong>rursum</strong></span> <span class='ocrx_word' id='word_1_374' title='bbox 1749 2836 1880 2873; x_wconf 88' lang='lat' dir='ltr'><strong>cum</strong></span> <span class='ocrx_word' id='word_1_375' title='bbox 1940 2836 2034 2874; x_wconf 91' lang='lat' dir='ltr'><strong>me</strong></span> 
     </span>
    </p>
   </div>
   <div class='ocr_carea' id='block_1_48' title="bbox 382 2909 2033 2981">
    <p class='ocr_par' dir='ltr' id='par_1_58' title="bbox 382 2909 2033 2981">
     <span class='ocr_line' id='line_1_78' title="bbox 382 2909 2033 2981; baseline -0.008 -5"><span class='ocrx_word' id='word_1_376' title='bbox 382 2922 676 2976; x_wconf 84' lang='lat' dir='ltr'><strong>tentarent</strong></span> <span class='ocrx_word' id='word_1_377' title='bbox 712 2916 894 2971; x_wconf 60' lang='lat' dir='ltr'><strong>Judaei</strong></span> <span class='ocrx_word' id='word_1_378' title='bbox 929 2914 1188 2968; x_wconf 88' lang='lat' dir='ltr'><strong>dicentes</strong></span> <span class='ocrx_word' id='word_1_379' title='bbox 1222 2928 1288 2963; x_wconf 82' lang='lat'><strong>:«</strong></span> <span class='ocrx_word' id='word_1_380' title='bbox 1324 2909 1620 2981; x_wconf 84' lang='lat' dir='ltr'><strong>Magister,</strong></span> <span class='ocrx_word' id='word_1_381' title='bbox 1649 2909 1859 2964; x_wconf 84' lang='lat' dir='ltr'><strong>licetne</strong></span> <span class='ocrx_word' id='word_1_382' title='bbox 1906 2925 2033 2963; x_wconf 84' lang='lat' dir='ltr'><strong>cen-</strong></span> 
     </span>
    </p>
   </div>
   <div class='ocr_carea' id='block_1_49' title="bbox 384 2998 2026 3072">
    <p class='ocr_par' dir='ltr' id='par_1_59' title="bbox 384 2998 2026 3072">
     <span class='ocr_line' id='line_1_79' title="bbox 384 2998 2026 3072; baseline -0.005 -8"><span class='ocrx_word' id='word_1_383' title='bbox 384 3025 515 3064; x_wconf 90' lang='lat' dir='ltr'><strong>sum</strong></span> <span class='ocrx_word' id='word_1_384' title='bbox 547 3008 687 3062; x_wconf 87' lang='lat' dir='ltr'><strong>dare</strong></span> <span class='ocrx_word' id='word_1_385' title='bbox 716 3004 945 3072; x_wconf 75' lang='lat' dir='ltr'><strong>Caesari,</strong></span> <span class='ocrx_word' id='word_1_386' title='bbox 970 3020 1043 3058; x_wconf 88' lang='lat' dir='ltr'><strong>an</strong></span> <span class='ocrx_word' id='word_1_387' title='bbox 1074 3017 1189 3056; x_wconf 88' lang='lat' dir='ltr'><strong>non</strong></span> <span class='ocrx_word' id='word_1_388' title='bbox 1210 2999 1283 3054; x_wconf 78' lang='lat'><strong>7»</strong></span> <span class='ocrx_word' id='word_1_389' title='bbox 1316 2999 1579 3054; x_wconf 89' lang='lat' dir='ltr'><strong>dicebam</strong></span> <span class='ocrx_word' id='word_1_390' title='bbox 1612 3004 1805 3053; x_wconf 88' lang='lat' dir='ltr'><strong>autem</strong></span> <span class='ocrx_word' id='word_1_391' title='bbox 1840 2998 1984 3070; x_wconf 91' lang='lat' dir='ltr'><strong>ipsis</strong></span> <span class='ocrx_word' id='word_1_392' title='bbox 2013 3019 2026 3056; x_wconf 93' lang='lat'>:</span> 
     </span>
    </p>
   </div>
   <div class='ocr_carea' id='block_1_50' title="bbox 390 3088 2028 3152">
    <p class='ocr_par' dir='ltr' id='par_1_60' title="bbox 390 3088 2028 3152">
     <span class='ocr_line' id='line_1_80' title="bbox 390 3088 2028 3152; baseline -0.001 -7"><span class='ocrx_word' id='word_1_393' title='bbox 390 3116 413 3145; x_wconf 76' lang='grc' dir='ltr'><strong>α</strong></span> <span class='ocrx_word' id='word_1_394' title='bbox 446 3096 745 3151; x_wconf 91' lang='lat' dir='ltr'><strong>Ostendite</strong></span> <span class='ocrx_word' id='word_1_395' title='bbox 777 3092 919 3146; x_wconf 89' lang='lat' dir='ltr'><strong>mihi</strong></span> <span class='ocrx_word' id='word_1_396' title='bbox 952 3090 1271 3152; x_wconf 87' lang='lat' dir='ltr'><strong>numisma,</strong></span> <span class='ocrx_word' id='word_1_397' title='bbox 1296 3111 1323 3136; x_wconf 83' lang='lat'>»</span> <span class='ocrx_word' id='word_1_398' title='bbox 1346 3093 1402 3143; x_wconf 81' lang='lat' dir='ltr'><strong>et</strong></span> <span class='ocrx_word' id='word_1_399' title='bbox 1423 3088 1613 3143; x_wconf 85' lang='lat' dir='ltr'><strong>dicam</strong></span> <span class='ocrx_word' id='word_1_400' title='bbox 1636 3089 1818 3143; x_wconf 86' lang='lat' dir='ltr'><strong>vobis.</strong></span> <span class='ocrx_word' id='word_1_401' title='bbox 1842 3091 1914 3142; x_wconf 88' lang='lat' dir='ltr'><strong>At</strong></span> <span class='ocrx_word' id='word_1_402' title='bbox 1945 3089 2028 3143; x_wconf 93' lang='lat' dir='ltr'><strong>illi</strong></span> 
     </span>
    </p>
   </div>
   <div class='ocr_carea' id='block_1_51' title="bbox 384 3177 2026 3248">
    <p class='ocr_par' dir='ltr' id='par_1_61' title="bbox 384 3177 2026 3248">
     <span class='ocr_line' id='line_1_81' title="bbox 384 3177 2026 3248; baseline -0.004 -8"><span class='ocrx_word' id='word_1_403' title='bbox 384 3184 723 3241; x_wconf 89' lang='lat' dir='ltr'><strong>obtulerunt</strong></span> <span class='ocrx_word' id='word_1_404' title='bbox 766 3182 907 3235; x_wconf 90' lang='lat' dir='ltr'><strong>mihi</strong></span> <span class='ocrx_word' id='word_1_405' title='bbox 962 3179 1289 3246; x_wconf 84' lang='lat' dir='ltr'><strong>denarium,</strong></span> <span class='ocrx_word' id='word_1_406' title='bbox 1325 3178 1560 3247; x_wconf 85' lang='lat' dir='ltr'><strong>dixique</strong></span> <span class='ocrx_word' id='word_1_407' title='bbox 1604 3177 1756 3245; x_wconf 78' lang='lat' dir='ltr'><strong>illis;</strong></span> <span class='ocrx_word' id='word_1_408' title='bbox 1787 3199 1814 3226; x_wconf 87' lang='grc'><strong>‹‹</strong></span> <span class='ocrx_word' id='word_1_409' title='bbox 1848 3180 2026 3248; x_wconf 83' lang='lat' dir='ltr'><strong>Cujus</strong></span> 
     </span>
    </p>
   </div>
   <div class='ocr_carea' id='block_1_52' title="bbox 384 3265 2020 3342">
    <p class='ocr_par' dir='ltr' id='par_1_62' title="bbox 384 3265 2020 3342">
     <span class='ocr_line' id='line_1_82' title="bbox 384 3265 2020 3342; baseline -0.005 -12"><span class='ocrx_word' id='word_1_410' title='bbox 384 3279 474 3330; x_wconf 88' lang='lat' dir='ltr'><strong>est</strong></span> <span class='ocrx_word' id='word_1_411' title='bbox 525 3272 719 3342; x_wconf 87' lang='lat' dir='ltr'><strong>imago</strong></span> <span class='ocrx_word' id='word_1_412' title='bbox 778 3270 900 3325; x_wconf 86' lang='lat' dir='ltr'><strong>haec</strong></span> <span class='ocrx_word' id='word_1_413' title='bbox 958 3272 1014 3323; x_wconf 87' lang='lat' dir='ltr'><strong>et</strong></span> <span class='ocrx_word' id='word_1_414' title='bbox 1069 3265 1533 3337; x_wconf 82' lang='lat' dir='ltr'><strong>superseriptio?</strong></span> <span class='ocrx_word' id='word_1_415' title='bbox 1572 3287 1598 3315; x_wconf 86' lang='grc'><strong>››</strong></span> <span class='ocrx_word' id='word_1_416' title='bbox 1636 3266 1845 3321; x_wconf 83' lang='lat' dir='ltr'><strong>Dicunt</strong></span> <span class='ocrx_word' id='word_1_417' title='bbox 1891 3266 2020 3322; x_wconf 88' lang='lat' dir='ltr'><strong>illi:</strong></span> 
     </span>
    </p>
   </div>
   <div class='ocr_carea' id='block_1_53' title="bbox 383 3352 2028 3427">
    <p class='ocr_par' dir='ltr' id='par_1_63' title="bbox 383 3352 2028 3427">
     <span class='ocr_line' id='line_1_83' title="bbox 383 3352 2028 3427; baseline -0.001 -14"><span class='ocrx_word' id='word_1_418' title='bbox 383 3384 413 3413; x_wconf 90' lang='grc'><strong>‹‹</strong></span> <span class='ocrx_word' id='word_1_419' title='bbox 443 3360 680 3416; x_wconf 69' lang='lat' dir='ltr'><strong>Caesaris</strong></span> <span class='ocrx_word' id='word_1_420' title='bbox 714 3377 726 3413; x_wconf 94' lang='lat'>:</span> <span class='ocrx_word' id='word_1_421' title='bbox 756 3382 776 3410; x_wconf 69' lang='grc' dir='ltr'><strong><em>ι</em></strong></span> <span class='ocrx_word' id='word_1_422' title='bbox 810 3362 868 3413; x_wconf 90' lang='lat' dir='ltr'><strong>et</strong></span> <span class='ocrx_word' id='word_1_423' title='bbox 904 3354 1177 3427; x_wconf 86' lang='lat' dir='ltr'><strong>respondi</strong></span> <span class='ocrx_word' id='word_1_424' title='bbox 1220 3352 1371 3421; x_wconf 92' lang='lat' dir='ltr'><strong>illis;</strong></span> <span class='ocrx_word' id='word_1_425' title='bbox 1397 3377 1423 3403; x_wconf 89' lang='grc'><strong>‹‹</strong></span> <span class='ocrx_word' id='word_1_426' title='bbox 1457 3353 1701 3408; x_wconf 85' lang='lat' dir='ltr'><strong>Reddite</strong></span> <span class='ocrx_word' id='word_1_427' title='bbox 1732 3371 1867 3426; x_wconf 89' lang='lat' dir='ltr'><strong>ergo</strong></span> <span class='ocrx_word' id='word_1_428' title='bbox 1900 3372 2028 3426; x_wconf 70' lang='lat' dir='ltr'><strong>quae</strong></span> 
     </span>
    </p>
   </div>
   <div class='ocr_carea' id='block_1_54' title="bbox 380 3444 2020 3515">
    <p class='ocr_par' dir='ltr' id='par_1_64' title="bbox 380 3444 2020 3515">
     <span class='ocr_line' id='line_1_84' title="bbox 380 3444 2020 3515; baseline -0.009 -7"><span class='ocrx_word' id='word_1_429' title='bbox 380 3456 521 3508; x_wconf 87' lang='lat' dir='ltr'><strong>sunt</strong></span> <span class='ocrx_word' id='word_1_430' title='bbox 565 3448 828 3515; x_wconf 77' lang='lat' dir='ltr'><strong>Caesaris,</strong></span> <span class='ocrx_word' id='word_1_431' title='bbox 879 3444 1109 3511; x_wconf 65' lang='lat' dir='ltr'><strong>Caesari,</strong></span> <span class='ocrx_word' id='word_1_432' title='bbox 1152 3448 1210 3498; x_wconf 91' lang='lat' dir='ltr'><strong>et</strong></span> <span class='ocrx_word' id='word_1_433' title='bbox 1255 3460 1379 3513; x_wconf 67' lang='lat' dir='ltr'><strong>quas</strong></span> <span class='ocrx_word' id='word_1_434' title='bbox 1427 3447 1567 3497; x_wconf 87' lang='lat' dir='ltr'><strong>sunt</strong></span> <span class='ocrx_word' id='word_1_435' title='bbox 1618 3444 1736 3513; x_wconf 85' lang='lat' dir='ltr'><strong>Dei,</strong></span> <span class='ocrx_word' id='word_1_436' title='bbox 1786 3444 1902 3499; x_wconf 90' lang='lat' dir='ltr'><strong>Deo</strong></span> <span class='ocrx_word' id='word_1_437' title='bbox 1925 3445 1964 3498; x_wconf 85' lang='grc'><strong>⁸.</strong></span> <span class='ocrx_word' id='word_1_438' title='bbox 1999 3469 2020 3494; x_wconf 74' lang='grc' dir='ltr'><strong><em>ι</em></strong></span> 
     </span>
    </p>
   </div>
   <div class='ocr_carea' id='block_1_55' title="bbox 378 3530 2025 3597">
    <p class='ocr_par' dir='ltr' id='par_1_65' title="bbox 378 3530 2025 3597">
     <span class='ocr_line' id='line_1_85' title="bbox 378 3530 2025 3597; baseline -0.004 -1"><span class='ocrx_word' id='word_1_439' title='bbox 378 3542 450 3596; x_wconf 90' lang='lat' dir='ltr'><strong>Et</strong></span> <span class='ocrx_word' id='word_1_440' title='bbox 479 3554 715 3595; x_wconf 89' lang='lat' dir='ltr'><strong>rursum</strong></span> <span class='ocrx_word' id='word_1_441' title='bbox 748 3537 817 3591; x_wconf 90' lang='lat' dir='ltr'><strong>ad</strong></span> <span class='ocrx_word' id='word_1_442' title='bbox 862 3538 1096 3589; x_wconf 84' lang='lat' dir='ltr'><strong>Petrum</strong></span> <span class='ocrx_word' id='word_1_443' title='bbox 1131 3548 1196 3586; x_wconf 85' lang='grc'><strong>;‹‹</strong></span> <span class='ocrx_word' id='word_1_444' title='bbox 1237 3530 1390 3586; x_wconf 84' lang='lat' dir='ltr'><strong>Vade</strong></span> <span class='ocrx_word' id='word_1_445' title='bbox 1439 3532 1510 3585; x_wconf 91' lang='lat' dir='ltr'><strong>ad</strong></span> <span class='ocrx_word' id='word_1_446' title='bbox 1562 3548 1740 3597; x_wconf 91' lang='lat' dir='ltr'><strong>mare,</strong></span> <span class='ocrx_word' id='word_1_447' title='bbox 1775 3538 1831 3587; x_wconf 88' lang='lat' dir='ltr'><strong>et</strong></span> <span class='ocrx_word' id='word_1_448' title='bbox 1860 3533 2025 3589; x_wconf 86' lang='lat' dir='ltr'><strong>mitte</strong></span> 
     </span>
    </p>
   </div>
   <div class='ocr_carea' id='block_1_56' title="bbox 377 3621 2025 3693">
    <p class='ocr_par' dir='ltr' id='par_1_66' title="bbox 377 3621 2025 3693">
     <span class='ocr_line' id='line_1_86' title="bbox 377 3621 2025 3693; baseline -0.005 -8"><span class='ocrx_word' id='word_1_449' title='bbox 377 3629 619 3685; x_wconf 83' lang='lat' dir='ltr'><strong>hamum</strong></span> <span class='ocrx_word' id='word_1_450' title='bbox 654 3632 842 3693; x_wconf 86' lang='lat' dir='ltr'><strong>tuum,</strong></span> <span class='ocrx_word' id='word_1_451' title='bbox 866 3629 923 3678; x_wconf 90' lang='lat' dir='ltr'><strong>et</strong></span> <span class='ocrx_word' id='word_1_452' title='bbox 948 3638 1081 3677; x_wconf 90' lang='lat' dir='ltr'><strong>eum</strong></span> <span class='ocrx_word' id='word_1_453' title='bbox 1114 3622 1334 3693; x_wconf 84' lang='lat' dir='ltr'><strong>piscem</strong></span> <span class='ocrx_word' id='word_1_454' title='bbox 1367 3621 1463 3691; x_wconf 87' lang='lat' dir='ltr'><strong>qui</strong></span> <span class='ocrx_word' id='word_1_455' title='bbox 1500 3621 1725 3691; x_wconf 89' lang='lat' dir='ltr'><strong>primus</strong></span> <span class='ocrx_word' id='word_1_456' title='bbox 1752 3622 2025 3678; x_wconf 88' lang='lat' dir='ltr'><strong>ascende-</strong></span> 
     </span>
    </p>
   </div>
   <div class='ocr_carea' id='block_1_57' title="bbox 375 3710 2020 3788">
    <p class='ocr_par' dir='ltr' id='par_1_67' title="bbox 375 3710 2020 3788">
     <span class='ocr_line' id='line_1_87' title="bbox 375 3710 2020 3788; baseline -0.004 -15"><span class='ocrx_word' id='word_1_457' title='bbox 375 3718 470 3787; x_wconf 85' lang='lat' dir='ltr'><strong>rit,</strong></span> <span class='ocrx_word' id='word_1_458' title='bbox 516 3716 674 3788; x_wconf 88' lang='lat' dir='ltr'><strong>aperi</strong></span> <span class='ocrx_word' id='word_1_459' title='bbox 707 3732 772 3770; x_wconf 90' lang='lat' dir='ltr'><strong>os</strong></span> <span class='ocrx_word' id='word_1_460' title='bbox 820 3715 967 3783; x_wconf 87' lang='lat' dir='ltr'><strong>ejus,</strong></span> <span class='ocrx_word' id='word_1_461' title='bbox 1002 3716 1058 3765; x_wconf 91' lang='lat' dir='ltr'><strong>et</strong></span> <span class='ocrx_word' id='word_1_462' title='bbox 1107 3710 1366 3764; x_wconf 87' lang='lat' dir='ltr'><strong>invenies</strong></span> <span class='ocrx_word' id='word_1_463' title='bbox 1415 3714 1724 3777; x_wconf 81' lang='lat' dir='ltr'><strong>stateram;</strong></span> <span class='ocrx_word' id='word_1_464' title='bbox 1756 3711 1824 3765; x_wconf 86' lang='lat' dir='ltr'><strong>da</strong></span> <span class='ocrx_word' id='word_1_465' title='bbox 1856 3710 2020 3767; x_wconf 88' lang='lat' dir='ltr'><strong>illum</strong></span> 
     </span>
    </p>
   </div>
   <div class='ocr_carea' id='block_1_58' title="bbox 373 3799 2022 3880">
    <p class='ocr_par' dir='ltr' id='par_1_68' title="bbox 373 3799 2022 3880">
     <span class='ocr_line' id='line_1_88' title="bbox 373 3799 2022 3880; baseline -0.005 -17"><span class='ocrx_word' id='word_1_466' title='bbox 373 3824 478 3880; x_wconf 88' lang='lat' dir='ltr'><strong>pro</strong></span> <span class='ocrx_word' id='word_1_467' title='bbox 510 3823 603 3862; x_wconf 90' lang='lat' dir='ltr'><strong>me</strong></span> <span class='ocrx_word' id='word_1_468' title='bbox 633 3810 689 3860; x_wconf 91' lang='lat' dir='ltr'><strong>et</strong></span> <span class='ocrx_word' id='word_1_469' title='bbox 719 3821 821 3876; x_wconf 87' lang='lat' dir='ltr'><strong>pro</strong></span> <span class='ocrx_word' id='word_1_470' title='bbox 855 3808 909 3857; x_wconf 90' lang='lat' dir='ltr'><strong>te</strong></span> <span class='ocrx_word' id='word_1_471' title='bbox 930 3803 969 3855; x_wconf 66' lang='grc' dir='ltr'>δ.</span> <span class='ocrx_word' id='word_1_472' title='bbox 997 3822 1024 3850; x_wconf 86' lang='lat'>»</span> <span class='ocrx_word' id='word_1_473' title='bbox 1059 3800 1174 3854; x_wconf 86' lang='lat' dir='ltr'><strong>Hoc</strong></span> <span class='ocrx_word' id='word_1_474' title='bbox 1218 3804 1309 3853; x_wconf 83' lang='lat' dir='ltr'><strong>est</strong></span> <span class='ocrx_word' id='word_1_475' title='bbox 1356 3799 1430 3853; x_wconf 91' lang='lat' dir='ltr'><strong>da</strong></span> <span class='ocrx_word' id='word_1_476' title='bbox 1478 3799 1697 3853; x_wconf 89' lang='lat' dir='ltr'><strong>mundo</strong></span> <span class='ocrx_word' id='word_1_477' title='bbox 1746 3816 1937 3854; x_wconf 88' lang='lat' dir='ltr'><strong>meam</strong></span> <span class='ocrx_word' id='word_1_478' title='bbox 1966 3806 2022 3855; x_wconf 89' lang='lat' dir='ltr'><strong>et</strong></span> 
     </span>
    </p>
   </div>
   <div class='ocr_carea' id='block_1_59' title="bbox 373 3887 2019 3963">
    <p class='ocr_par' dir='ltr' id='par_1_69' title="bbox 373 3887 2019 3963">
     <span class='ocr_line' id='line_1_89' title="bbox 373 3887 2019 3963; baseline -0.004 -12"><span class='ocrx_word' id='word_1_479' title='bbox 373 3900 533 3951; x_wconf 87' lang='lat' dir='ltr'><strong>tuam</strong></span> <span class='ocrx_word' id='word_1_480' title='bbox 569 3893 907 3963; x_wconf 88' lang='lat' dir='ltr'><strong>imaginem.</strong></span> <span class='ocrx_word' id='word_1_481' title='bbox 940 3890 1143 3945; x_wconf 86' lang='lat' dir='ltr'><strong>Nonne</strong></span> <span class='ocrx_word' id='word_1_482' title='bbox 1191 3887 1407 3942; x_wconf 88' lang='lat' dir='ltr'><strong>audisti</strong></span> <span class='ocrx_word' id='word_1_483' title='bbox 1454 3888 1801 3943; x_wconf 90' lang='lat' dir='ltr'><strong>monitorem</strong></span> <span class='ocrx_word' id='word_1_484' title='bbox 1852 3893 2019 3945; x_wconf 86' lang='lat' dir='ltr'><strong>tuum</strong></span> 
     </span>
    </p>
   </div>
   <div class='ocr_carea' id='block_1_60' title="bbox 372 3976 2021 4046">
    <p class='ocr_par' dir='ltr' id='par_1_70' title="bbox 372 3976 2021 4046">
     <span class='ocr_line' id='line_1_90' title="bbox 372 3976 2021 4046; baseline -0.003 -7"><span class='ocrx_word' id='word_1_485' title='bbox 372 3985 619 4039; x_wconf 88' lang='lat' dir='ltr'><strong>Paulum</strong></span> <span class='ocrx_word' id='word_1_486' title='bbox 671 3983 956 4037; x_wconf 89' lang='lat' dir='ltr'><strong>dicentem</strong></span> <span class='ocrx_word' id='word_1_487' title='bbox 992 3996 1057 4033; x_wconf 76' lang='lat' dir='ltr'><strong>:u</strong></span> <span class='ocrx_word' id='word_1_488' title='bbox 1088 3977 1147 4032; x_wconf 89' lang='lat' dir='ltr'><strong>Si</strong></span> <span class='ocrx_word' id='word_1_489' title='bbox 1179 3981 1373 4031; x_wconf 88' lang='lat' dir='ltr'><strong>tamen</strong></span> <span class='ocrx_word' id='word_1_490' title='bbox 1412 3976 1819 4046; x_wconf 88' lang='lat' dir='ltr'><strong>compatimur,</strong></span> <span class='ocrx_word' id='word_1_491' title='bbox 1854 3983 1918 4033; x_wconf 87' lang='lat' dir='ltr'><strong>ut</strong></span> <span class='ocrx_word' id='word_1_492' title='bbox 1965 3984 2021 4034; x_wconf 87' lang='lat' dir='ltr'><strong>et</strong></span> 
     </span>
    </p>
   </div>
   <div class='ocr_carea' id='block_1_61' title="bbox 372 4064 2014 4143">
    <p class='ocr_par' dir='ltr' id='par_1_71' title="bbox 372 4064 2014 4143">
     <span class='ocr_line' id='line_1_91' title="bbox 372 4064 2014 4143; baseline -0.004 -15"><span class='ocrx_word' id='word_1_493' title='bbox 372 4070 919 4143; x_wconf 75' lang='lat' dir='ltr'><strong>congloriﬁcemur6</strong></span> <span class='ocrx_word' id='word_1_494' title='bbox 944 4071 970 4121; x_wconf 88' lang='lat'><strong><em>?</em></strong></span> <span class='ocrx_word' id='word_1_495' title='bbox 991 4090 1018 4116; x_wconf 83' lang='lat'>»</span> <span class='ocrx_word' id='word_1_496' title='bbox 1053 4068 1119 4121; x_wconf 86' lang='lat' dir='ltr'><strong>Et</strong></span> <span class='ocrx_word' id='word_1_497' title='bbox 1144 4066 1211 4120; x_wconf 89' lang='lat' dir='ltr'><strong>ad</strong></span> <span class='ocrx_word' id='word_1_498' title='bbox 1247 4064 1629 4121; x_wconf 84' lang='lat' dir='ltr'><strong>Athenienses</strong></span> <span class='ocrx_word' id='word_1_499' title='bbox 1664 4084 1726 4121; x_wconf 83' lang='lat'><strong>:«</strong></span> <span class='ocrx_word' id='word_1_500' title='bbox 1759 4066 1864 4121; x_wconf 93' lang='lat' dir='ltr'><strong>Per</strong></span> <span class='ocrx_word' id='word_1_501' title='bbox 1893 4084 2014 4122; x_wconf 93' lang='lat' dir='ltr'><strong>om-</strong></span> 
     </span>
    </p>
   </div>
   <div class='ocr_carea' id='block_1_62' title="bbox 372 4154 2014 4231">
    <p class='ocr_par' dir='ltr' id='par_1_72' title="bbox 372 4154 2014 4231">
     <span class='ocr_line' id='line_1_92' title="bbox 372 4154 2014 4231; baseline -0.003 -15"><span class='ocrx_word' id='word_1_502' title='bbox 372 4161 468 4216; x_wconf 84' lang='lat' dir='ltr'><strong>nia</strong></span> <span class='ocrx_word' id='word_1_503' title='bbox 512 4159 677 4231; x_wconf 87' lang='lat' dir='ltr'><strong>quasi</strong></span> <span class='ocrx_word' id='word_1_504' title='bbox 734 4155 1258 4227; x_wconf 85' lang='lat' dir='ltr'><strong>superstitiosiores</strong></span> <span class='ocrx_word' id='word_1_505' title='bbox 1305 4170 1407 4208; x_wconf 88' lang='lat' dir='ltr'><strong>vos</strong></span> <span class='ocrx_word' id='word_1_506' title='bbox 1457 4154 1643 4209; x_wconf 91' lang='lat' dir='ltr'><strong>video.</strong></span> <span class='ocrx_word' id='word_1_507' title='bbox 1682 4156 2014 4212; x_wconf 69' lang='lat' dir='ltr'><strong>Przeteriens</strong></span> 
     </span>
    </p>
   </div>
   <div class='ocr_carea' id='block_1_63' title="bbox 369 4243 2013 4306">
    <p class='ocr_par' dir='ltr' id='par_1_73' title="bbox 369 4243 2013 4306">
     <span class='ocr_line' id='line_1_93' title="bbox 369 4243 2013 4306; baseline -0.002 -2"><span class='ocrx_word' id='word_1_508' title='bbox 369 4248 525 4305; x_wconf 88' lang='lat' dir='ltr'><strong>enim</strong></span> <span class='ocrx_word' id='word_1_509' title='bbox 558 4253 615 4302; x_wconf 90' lang='lat' dir='ltr'><strong>et</strong></span> <span class='ocrx_word' id='word_1_510' title='bbox 643 4247 847 4301; x_wconf 89' lang='lat' dir='ltr'><strong>videns</strong></span> <span class='ocrx_word' id='word_1_511' title='bbox 880 4243 1197 4299; x_wconf 88' lang='lat' dir='ltr'><strong>simulacra</strong></span> <span class='ocrx_word' id='word_1_512' title='bbox 1226 4247 1437 4306; x_wconf 87' lang='lat' dir='ltr'><strong>vestra,</strong></span> <span class='ocrx_word' id='word_1_513' title='bbox 1489 4243 1683 4298; x_wconf 88' lang='lat' dir='ltr'><strong>inveni</strong></span> <span class='ocrx_word' id='word_1_514' title='bbox 1740 4250 1795 4299; x_wconf 86' lang='lat' dir='ltr'><strong>et</strong></span> <span class='ocrx_word' id='word_1_515' title='bbox 1854 4262 2013 4301; x_wconf 88' lang='lat' dir='ltr'><strong>aram</strong></span> 
     </span>
    </p>
   </div>
   <div class='ocr_carea' id='block_1_64' title="bbox 367 4335 2013 4409">
    <p class='ocr_par' dir='ltr' id='par_1_74' title="bbox 367 4335 2013 4409">
     <span class='ocr_line' id='line_1_94' title="bbox 367 4335 2013 4409; baseline -0.002 -15"><span class='ocrx_word' id='word_1_516' title='bbox 367 4338 735 4409; x_wconf 85' lang='lat' dir='ltr'><strong>inscriptam,</strong></span> <span class='ocrx_word' id='word_1_517' title='bbox 760 4338 963 4406; x_wconf 88' lang='lat' dir='ltr'><strong>Ignoto</strong></span> <span class='ocrx_word' id='word_1_518' title='bbox 1001 4335 1110 4387; x_wconf 90' lang='lat' dir='ltr'><strong>Deo</strong></span> <span class='ocrx_word' id='word_1_519' title='bbox 1135 4349 1147 4386; x_wconf 91' lang='lat'>:</span> <span class='ocrx_word' id='word_1_520' title='bbox 1174 4347 1347 4402; x_wconf 89' lang='lat' dir='ltr'><strong>quem</strong></span> <span class='ocrx_word' id='word_1_521' title='bbox 1380 4348 1515 4403; x_wconf 79' lang='lat' dir='ltr'><strong>ergo</strong></span> <span class='ocrx_word' id='word_1_522' title='bbox 1545 4349 1644 4388; x_wconf 90' lang='lat' dir='ltr'><strong>vos</strong></span> <span class='ocrx_word' id='word_1_523' title='bbox 1676 4336 2013 4404; x_wconf 87' lang='lat' dir='ltr'><strong>ignorantes</strong></span> 
     </span>
    </p>
   </div>
   <div class='ocr_carea' id='block_1_65' title="bbox 365 4420 2007 4495">
    <p class='ocr_par' dir='ltr' id='par_1_75' title="bbox 365 4420 2007 4495">
     <span class='ocr_line' id='line_1_95' title="bbox 365 4420 2007 4495; baseline -0.001 -12"><span class='ocrx_word' id='word_1_524' title='bbox 365 4425 580 4492; x_wconf 87' lang='lat' dir='ltr'><strong>colitis,</strong></span> <span class='ocrx_word' id='word_1_525' title='bbox 608 4426 764 4481; x_wconf 89' lang='lat' dir='ltr'><strong>hunc</strong></span> <span class='ocrx_word' id='word_1_526' title='bbox 795 4440 899 4495; x_wconf 89' lang='lat' dir='ltr'><strong>ego</strong></span> <span class='ocrx_word' id='word_1_527' title='bbox 932 4420 1217 4478; x_wconf 89' lang='lat' dir='ltr'><strong>annuntio</strong></span> <span class='ocrx_word' id='word_1_528' title='bbox 1246 4421 1410 4474; x_wconf 87' lang='lat' dir='ltr'><strong>vobis</strong></span> <span class='ocrx_word' id='word_1_529' title='bbox 1431 4421 1504 4474; x_wconf 72' lang='grc'><strong>⁸.»</strong></span> <span class='ocrx_word' id='word_1_530' title='bbox 1534 4422 1601 4474; x_wconf 86' lang='lat' dir='ltr'><strong>Et</strong></span> <span class='ocrx_word' id='word_1_531' title='bbox 1633 4422 1704 4475; x_wconf 85' lang='lat' dir='ltr'><strong>ad</strong></span> <span class='ocrx_word' id='word_1_532' title='bbox 1736 4422 1969 4479; x_wconf 86' lang='lat' dir='ltr'><strong>Galatas</strong></span> <span class='ocrx_word' id='word_1_533' title='bbox 1996 4443 2007 4481; x_wconf 89' lang='lat'>:</span> 
     </span>
    </p>
   </div>
   <div class='ocr_carea' id='block_1_66' title="bbox 367 4509 2008 4581">
    <p class='ocr_par' dir='ltr' id='par_1_76' title="bbox 367 4509 2008 4581">
     <span class='ocr_line' id='line_1_96' title="bbox 367 4509 2008 4581; baseline -0.001 -13"><span class='ocrx_word' id='word_1_534' title='bbox 367 4538 395 4568; x_wconf 83' lang='lat'><strong>«</strong></span> <span class='ocrx_word' id='word_1_535' title='bbox 427 4515 470 4571; x_wconf 93' lang='grc' dir='ltr'>Ο</span> <span class='ocrx_word' id='word_1_536' title='bbox 501 4515 781 4570; x_wconf 83' lang='lat' dir='ltr'><strong>insensati</strong></span> <span class='ocrx_word' id='word_1_537' title='bbox 816 4511 1050 4575; x_wconf 72' lang='lat' dir='ltr'><strong>Galatea,</strong></span> <span class='ocrx_word' id='word_1_538' title='bbox 1085 4510 1218 4581; x_wconf 89' lang='lat' dir='ltr'><strong>quis</strong></span> <span class='ocrx_word' id='word_1_539' title='bbox 1249 4526 1349 4563; x_wconf 92' lang='lat' dir='ltr'><strong>vos</strong></span> <span class='ocrx_word' id='word_1_540' title='bbox 1394 4509 1698 4564; x_wconf 86' lang='lat' dir='ltr'><strong>fascinavit</strong></span> <span class='ocrx_word' id='word_1_541' title='bbox 1728 4527 1838 4565; x_wconf 89' lang='lat' dir='ltr'><strong>non</strong></span> <span class='ocrx_word' id='word_1_542' title='bbox 1873 4513 2008 4569; x_wconf 85' lang='lat' dir='ltr'><strong>obe-</strong></span> 
     </span>
    </p>
   </div>
   <div class='ocr_carea' id='block_1_67' title="bbox 2152 1930 3816 2009">
    <p class='ocr_par' dir='ltr' id='par_1_77' title="bbox 2152 1930 3816 2009">
     <span class='ocr_line' id='line_1_97' title="bbox 2152 1930 3816 2009; baseline 0.004 -26"><span class='ocrx_word' id='word_1_543' title='bbox 2152 1938 2252 1999; x_wconf 80' lang='grc' dir='ltr'>τῆς</span> <span class='ocrx_word' id='word_1_544' title='bbox 2300 1930 2557 2006; x_wconf 70' lang='grc' dir='ltr'>ὲνσάρκου</span> <span class='ocrx_word' id='word_1_545' title='bbox 2615 1933 2934 2006; x_wconf 72' lang='grc' dir='ltr'>οἱκονομίας</span> <span class='ocrx_word' id='word_1_546' title='bbox 2994 1956 3110 1990; x_wconf 88' lang='grc' dir='ltr'>σου.</span> <span class='ocrx_word' id='word_1_547' title='bbox 3163 1936 3219 1987; x_wconf 73' lang='grc' dir='ltr'><strong>Ὀ</strong></span> <span class='ocrx_word' id='word_1_548' title='bbox 3271 1931 3327 1988; x_wconf 74' lang='grc' dir='ltr'><strong>δὲ</strong></span> <span class='ocrx_word' id='word_1_549' title='bbox 3362 1937 3693 2009; x_wconf 68' lang='grc' dir='ltr'>Μονογενής·</span> <span class='ocrx_word' id='word_1_550' title='bbox 3744 1938 3816 1990; x_wconf 72' lang='lat' dir='ltr'><strong>El.</strong></span> 
     </span>
    </p>
   </div>
   <div class='ocr_carea' id='block_1_68' title="bbox 2152 2017 3812 2099">
    <p class='ocr_par' dir='ltr' id='par_1_78' title="bbox 2152 2017 3812 2099">
     <span class='ocr_line' id='line_1_98' title="bbox 2152 2017 3812 2099; baseline 0.004 -28"><span class='ocrx_word' id='word_1_551' title='bbox 2152 2019 2239 2072; x_wconf 84' lang='grc' dir='ltr'><strong>καὶ</strong></span> <span class='ocrx_word' id='word_1_552' title='bbox 2274 2017 2361 2073; x_wconf 75' lang='grc' dir='ltr'>διὰ</span> <span class='ocrx_word' id='word_1_553' title='bbox 2388 2026 2549 2075; x_wconf 86' lang='grc' dir='ltr'>τοῦτο</span> <span class='ocrx_word' id='word_1_554' title='bbox 2583 2020 2899 2096; x_wconf 70' lang='grc' dir='ltr'>πολεμήσῃ,</span> <span class='ocrx_word' id='word_1_555' title='bbox 2939 2024 3013 2095; x_wconf 77' lang='grc' dir='ltr'>μή</span> <span class='ocrx_word' id='word_1_556' title='bbox 3046 2022 3139 2085; x_wconf 81' lang='grc' dir='ltr'><strong>ἀθν</strong></span> <span class='ocrx_word' id='word_1_557' title='bbox 3153 2022 3315 2097; x_wconf 70' lang='grc' dir='ltr'>μέσης</span> <span class='ocrx_word' id='word_1_558' title='bbox 3348 2024 3382 2092; x_wconf 78' lang='grc' dir='ltr'><strong>ἢ</strong></span> <span class='ocrx_word' id='word_1_559' title='bbox 3418 2024 3705 2097; x_wconf 74' lang='grc' dir='ltr'><strong>ἀποκάμῃς</strong></span> <span class='ocrx_word' id='word_1_560' title='bbox 3734 2024 3812 2099; x_wconf 70' lang='grc' dir='ltr'>τῇ</span> 
     </span>
    </p>
   </div>
   <div class='ocr_carea' id='block_1_69' title="bbox 2152 2104 3814 2189">
    <p class='ocr_par' dir='ltr' id='par_1_79' title="bbox 2152 2104 3814 2189">
     <span class='ocr_line' id='line_1_99' title="bbox 2152 2104 3814 2189; baseline 0.004 -28"><span class='ocrx_word' id='word_1_561' title='bbox 2152 2104 2381 2179; x_wconf 76' lang='grc' dir='ltr'>διανοίᾳ,</span> <span class='ocrx_word' id='word_1_562' title='bbox 2482 2114 2559 2181; x_wconf 77' lang='grc' dir='ltr'>τῷ</span> <span class='ocrx_word' id='word_1_563' title='bbox 2592 2108 2868 2185; x_wconf 76' lang='grc' dir='ltr'>λογισμῷ.</span> <span class='ocrx_word' id='word_1_564' title='bbox 2903 2109 3043 2166; x_wconf 80' lang='grc' dir='ltr'>Ἰδοὺ</span> <span class='ocrx_word' id='word_1_565' title='bbox 3076 2114 3179 2188; x_wconf 79' lang='grc' dir='ltr'>γὰρ</span> <span class='ocrx_word' id='word_1_566' title='bbox 3213 2117 3416 2189; x_wconf 73' lang='grc' dir='ltr'>σαφῶς,</span> <span class='ocrx_word' id='word_1_567' title='bbox 3460 2111 3542 2167; x_wconf 79' lang='grc' dir='ltr'>ὅτι</span> <span class='ocrx_word' id='word_1_568' title='bbox 3577 2114 3603 2166; x_wconf 85' lang='grc' dir='ltr'>ὁ</span> <span class='ocrx_word' id='word_1_569' title='bbox 3631 2112 3814 2189; x_wconf 82' lang='grc' dir='ltr'>ἀπαρ-</span> 
     </span>
    </p>
   </div>
   <div class='ocr_carea' id='block_1_70' title="bbox 2148 2196 3813 2278">
    <p class='ocr_par' dir='ltr' id='par_1_80' title="bbox 2148 2196 3813 2278">
     <span class='ocr_line' id='line_1_100' title="bbox 2148 2196 3813 2278; baseline 0.004 -28"><span class='ocrx_word' id='word_1_570' title='bbox 2148 2196 2410 2270; x_wconf 76' lang='grc' dir='ltr'>νούμενος</span> <span class='ocrx_word' id='word_1_571' title='bbox 2467 2201 2531 2253; x_wconf 79' lang='grc' dir='ltr'>τὸ</span> <span class='ocrx_word' id='word_1_572' title='bbox 2589 2202 2781 2275; x_wconf 82' lang='grc' dir='ltr'>Πάσχα</span> <span class='ocrx_word' id='word_1_573' title='bbox 2827 2201 2918 2255; x_wconf 75' lang='grc' dir='ltr'>καὶ</span> <span class='ocrx_word' id='word_1_574' title='bbox 2967 2203 3067 2271; x_wconf 74' lang='grc' dir='ltr'>τὴν</span> <span class='ocrx_word' id='word_1_575' title='bbox 3119 2203 3387 2278; x_wconf 84' lang='grc' dir='ltr'>ἀχραντόν</span> <span class='ocrx_word' id='word_1_576' title='bbox 3444 2224 3549 2274; x_wconf 84' lang='grc' dir='ltr'><strong>μου</strong></span> <span class='ocrx_word' id='word_1_577' title='bbox 3601 2202 3813 2273; x_wconf 84' lang='grc' dir='ltr'>εἰκόνα,</span> 
     </span>
    </p>
   </div>
   <div class='ocr_carea' id='block_1_71' title="bbox 2147 2286 3809 2366">
    <p class='ocr_par' dir='ltr' id='par_1_81' title="bbox 2147 2286 3809 2366">
     <span class='ocr_line' id='line_1_101' title="bbox 2147 2286 3809 2366; baseline 0.004 -26"><span class='ocrx_word' id='word_1_578' title='bbox 2147 2287 2296 2362; x_wconf 83' lang='grc' dir='ltr'><strong>κάγὼ</strong></span> <span class='ocrx_word' id='word_1_579' title='bbox 2348 2286 2507 2342; x_wconf 78' lang='grc' dir='ltr'>αὐτὸν</span> <span class='ocrx_word' id='word_1_580' title='bbox 2563 2289 2948 2363; x_wconf 71' lang='grc' dir='ltr'>ἀπαρνήσομαι</span> <span class='ocrx_word' id='word_1_581' title='bbox 2998 2288 3301 2366; x_wconf 73' lang='grc' dir='ltr'>ἔμπροσθεν</span> <span class='ocrx_word' id='word_1_582' title='bbox 3354 2295 3451 2344; x_wconf 88' lang='grc' dir='ltr'><strong>τοῦ</strong></span> <span class='ocrx_word' id='word_1_583' title='bbox 3478 2290 3809 2363; x_wconf 77' lang='grc' dir='ltr'>ἐπουρανίου</span> 
     </span>
    </p>
   </div>
   <div class='ocr_carea' id='block_1_72' title="bbox 2152 2377 3811 2455">
    <p class='ocr_par' dir='ltr' id='par_1_82' title="bbox 2152 2377 3811 2455">
     <span class='ocr_line' id='line_1_102' title="bbox 2152 2377 3811 2455; baseline 0.005 -26"><span class='ocrx_word' id='word_1_584' title='bbox 2152 2398 2256 2448; x_wconf 88' lang='grc' dir='ltr'><strong>μου</strong></span> <span class='ocrx_word' id='word_1_585' title='bbox 2308 2378 2536 2452; x_wconf 82' lang='grc' dir='ltr'>Πατρὸς,</span> <span class='ocrx_word' id='word_1_586' title='bbox 2589 2377 2677 2432; x_wconf 84' lang='grc' dir='ltr'><strong>καὶ</strong></span> <span class='ocrx_word' id='word_1_587' title='bbox 2726 2382 2831 2431; x_wconf 78' lang='grc' dir='ltr'>τῶν</span> <span class='ocrx_word' id='word_1_588' title='bbox 2880 2377 3149 2434; x_wconf 78' lang='grc' dir='ltr'>ἐκλεκτῶν</span> <span class='ocrx_word' id='word_1_589' title='bbox 3198 2380 3362 2434; x_wconf 75' lang='grc' dir='ltr'>αὐτοῦ</span> <span class='ocrx_word' id='word_1_590' title='bbox 3408 2379 3684 2455; x_wconf 69' lang='grc' dir='ltr'>ἀγγέλων.</span> <span class='ocrx_word' id='word_1_591' title='bbox 3745 2382 3811 2438; x_wconf 75' lang='grc' dir='ltr'>Ὀ</span> 
     </span>
    </p>
   </div>
   <div class='ocr_carea' id='block_1_73' title="bbox 2149 2462 3814 2544">
    <p class='ocr_par' dir='ltr' id='par_1_83' title="bbox 2149 2462 3814 2544">
     <span class='ocr_line' id='line_1_103' title="bbox 2149 2462 3814 2544; baseline 0.002 -25"><span class='ocrx_word' id='word_1_592' title='bbox 2149 2462 2205 2519; x_wconf 73' lang='grc' dir='ltr'><strong>δὲ</strong></span> <span class='ocrx_word' id='word_1_593' title='bbox 2236 2465 2398 2520; x_wconf 85' lang='grc' dir='ltr'>πάλιν</span> <span class='ocrx_word' id='word_1_594' title='bbox 2430 2469 2768 2541; x_wconf 80' lang='grc' dir='ltr'>συμπάσχων</span> <span class='ocrx_word' id='word_1_595' title='bbox 2807 2490 2899 2541; x_wconf 90' lang='grc' dir='ltr'><strong>μοι</strong></span> <span class='ocrx_word' id='word_1_596' title='bbox 2934 2466 3024 2523; x_wconf 78' lang='grc' dir='ltr'><strong>διὰ</strong></span> <span class='ocrx_word' id='word_1_597' title='bbox 3053 2474 3150 2523; x_wconf 86' lang='grc' dir='ltr'><strong>τοῦ</strong></span> <span class='ocrx_word' id='word_1_598' title='bbox 3185 2468 3401 2544; x_wconf 82' lang='grc' dir='ltr'>Πάσχα,</span> <span class='ocrx_word' id='word_1_599' title='bbox 3432 2470 3523 2523; x_wconf 75' lang='grc' dir='ltr'><strong>καὶ</strong></span> <span class='ocrx_word' id='word_1_600' title='bbox 3558 2466 3814 2539; x_wconf 78' lang='grc' dir='ltr'>συνδοξά-</span> 
     </span>
    </p>
   </div>
   <div class='ocr_carea' id='block_1_74' title="bbox 2146 2554 3809 2631">
    <p class='ocr_par' dir='ltr' id='par_1_84' title="bbox 2146 2554 3809 2631">
     <span class='ocr_line' id='line_1_104' title="bbox 2146 2554 3809 2631; baseline 0.002 -23"><span class='ocrx_word' id='word_1_601' title='bbox 2146 2576 2312 2609; x_wconf 83' lang='grc' dir='ltr'>σεται.</span> <span class='ocrx_word' id='word_1_602' title='bbox 2366 2557 2435 2612; x_wconf 81' lang='grc' dir='ltr'><strong><em>Ἠ</em></strong></span> <span class='ocrx_word' id='word_1_603' title='bbox 2485 2555 2584 2610; x_wconf 83' lang='grc' dir='ltr'><strong>οὐκ</strong></span> <span class='ocrx_word' id='word_1_604' title='bbox 2637 2554 2875 2624; x_wconf 71' lang='grc' dir='ltr'>ἤκουσας</span> <span class='ocrx_word' id='word_1_605' title='bbox 2926 2558 3011 2627; x_wconf 82' lang='grc' dir='ltr'>τὸ,</span> <span class='ocrx_word' id='word_1_606' title='bbox 3061 2557 3115 2612; x_wconf 87' lang='grc' dir='ltr'><strong>τί</strong></span> <span class='ocrx_word' id='word_1_607' title='bbox 3168 2555 3494 2631; x_wconf 79' lang='grc' dir='ltr'>διεταξάμην</span> <span class='ocrx_word' id='word_1_608' title='bbox 3529 2562 3609 2629; x_wconf 81' lang='grc' dir='ltr'>τῷ</span> <span class='ocrx_word' id='word_1_609' title='bbox 3636 2579 3809 2629; x_wconf 80' lang='grc' dir='ltr'>νομο-</span> 
     </span>
    </p>
   </div>
   <div class='ocr_carea' id='block_1_75' title="bbox 2146 2640 3804 2721">
    <p class='ocr_par' dir='ltr' id='par_1_85' title="bbox 2146 2640 3804 2721">
     <span class='ocr_line' id='line_1_105' title="bbox 2146 2640 3804 2721; baseline 0.002 -25"><span class='ocrx_word' id='word_1_610' title='bbox 2146 2643 2272 2717; x_wconf 80' lang='grc' dir='ltr'>θὲτῃ</span> <span class='ocrx_word' id='word_1_611' title='bbox 2306 2645 2503 2717; x_wconf 75' lang='grc' dir='ltr'><strong>Μωσῇ·</strong></span> <span class='ocrx_word' id='word_1_612' title='bbox 2544 2643 2780 2714; x_wconf 88' lang='grc' dir='ltr'>Ποίησόν</span> <span class='ocrx_word' id='word_1_613' title='bbox 2821 2665 2914 2717; x_wconf 86' lang='grc' dir='ltr'><strong>μοι</strong></span> <span class='ocrx_word' id='word_1_614' title='bbox 2948 2642 3044 2699; x_wconf 68' lang='grc' dir='ltr'><strong>δύο</strong></span> <span class='ocrx_word' id='word_1_615' title='bbox 3078 2640 3359 2721; x_wconf 73' lang='grc' dir='ltr'>Χερουϐὶμ</span> <span class='ocrx_word' id='word_1_616' title='bbox 3405 2644 3457 2699; x_wconf 83' lang='grc' dir='ltr'>ἐν</span> <span class='ocrx_word' id='word_1_617' title='bbox 3503 2649 3571 2717; x_wconf 81' lang='grc' dir='ltr'>τῇ</span> <span class='ocrx_word' id='word_1_618' title='bbox 3624 2649 3804 2719; x_wconf 76' lang='grc' dir='ltr'>σκηνῇ</span> 
     </span>
    </p>
   </div>
   <div class='ocr_carea' id='block_1_76' title="bbox 2146 2734 3799 2809">
    <p class='ocr_par' dir='ltr' id='par_1_86' title="bbox 2146 2734 3799 2809">
     <span class='ocr_line' id='line_1_106' title="bbox 2146 2734 3799 2809; baseline 0.002 -25"><span class='ocrx_word' id='word_1_619' title='bbox 2146 2737 2243 2786; x_wconf 88' lang='grc' dir='ltr'><strong>τοῦ</strong></span> <span class='ocrx_word' id='word_1_620' title='bbox 2277 2734 2599 2808; x_wconf 79' lang='grc' dir='ltr'>μαρτυρίου,</span> <span class='ocrx_word' id='word_1_621' title='bbox 2634 2734 2709 2795; x_wconf 71' lang='grc' dir='ltr'>εἱς</span> <span class='ocrx_word' id='word_1_622' title='bbox 2740 2736 3085 2809; x_wconf 81' lang='grc' dir='ltr'>προμήνυσιν</span> <span class='ocrx_word' id='word_1_623' title='bbox 3121 2737 3232 2809; x_wconf 83' lang='grc'><strong>(57)</strong></span> <span class='ocrx_word' id='word_1_624' title='bbox 3260 2742 3358 2804; x_wconf 77' lang='grc' dir='ltr'>τῆς</span> <span class='ocrx_word' id='word_1_625' title='bbox 3390 2734 3528 2807; x_wconf 73' lang='grc' dir='ltr'>ἐμῆς</span> <span class='ocrx_word' id='word_1_626' title='bbox 3562 2736 3799 2803; x_wconf 76' lang='grc' dir='ltr'>εἰκόνος;</span> 
     </span>
    </p>
   </div>
   <div class='ocr_carea' id='block_1_77' title="bbox 2142 2821 3797 2899">
    <p class='ocr_par' dir='ltr' id='par_1_87' title="bbox 2142 2821 3797 2899">
     <span class='ocr_line' id='line_1_107' title="bbox 2142 2821 3797 2899; baseline 0.001 -24"><span class='ocrx_word' id='word_1_627' title='bbox 2142 2822 2237 2875; x_wconf 77' lang='grc' dir='ltr'>Καὶ</span> <span class='ocrx_word' id='word_1_628' title='bbox 2281 2822 2468 2892; x_wconf 89' lang='grc' dir='ltr'>πάλιν,</span> <span class='ocrx_word' id='word_1_629' title='bbox 2520 2821 2608 2876; x_wconf 76' lang='grc' dir='ltr'><strong>ὅτε</strong></span> <span class='ocrx_word' id='word_1_630' title='bbox 2662 2844 2727 2895; x_wconf 88' lang='grc' dir='ltr'><strong>με</strong></span> <span class='ocrx_word' id='word_1_631' title='bbox 2778 2822 3056 2899; x_wconf 81' lang='grc' dir='ltr'>ἐπείραζον</span> <span class='ocrx_word' id='word_1_632' title='bbox 3109 2825 3162 2877; x_wconf 73' lang='grc' dir='ltr'>οἱ</span> <span class='ocrx_word' id='word_1_633' title='bbox 3218 2821 3471 2879; x_wconf 77' lang='grc' dir='ltr'>Ἰουδαῖοι</span> <span class='ocrx_word' id='word_1_634' title='bbox 3524 2822 3797 2897; x_wconf 72' lang='grc' dir='ltr'>λέγοντεςο</span> 
     </span>
    </p>
   </div>
   <div class='ocr_carea' id='block_1_78' title="bbox 2147 2907 3797 2989">
    <p class='ocr_par' dir='ltr' id='par_1_88' title="bbox 2147 2907 3797 2989">
     <span class='ocr_line' id='line_1_108' title="bbox 2147 2907 3797 2989; baseline 0.003 -28"><span class='ocrx_word' id='word_1_635' title='bbox 2147 2930 2169 2959; x_wconf 75' lang='grc' dir='ltr'>ι</span> <span class='ocrx_word' id='word_1_636' title='bbox 2204 2907 2523 2983; x_wconf 79' lang='grc' dir='ltr'>Διδάσκαλε,</span> <span class='ocrx_word' id='word_1_637' title='bbox 2572 2907 2768 2981; x_wconf 77' lang='grc' dir='ltr'>ἔξεστιν</span> <span class='ocrx_word' id='word_1_638' title='bbox 2802 2915 2935 2985; x_wconf 75' lang='grc' dir='ltr'>ἡμῖν</span> <span class='ocrx_word' id='word_1_639' title='bbox 2992 2910 3159 2967; x_wconf 79' lang='grc' dir='ltr'>δῶσαι</span> <span class='ocrx_word' id='word_1_640' title='bbox 3202 2920 3398 2983; x_wconf 77' lang='grc' dir='ltr'>κῆνσον</span> <span class='ocrx_word' id='word_1_641' title='bbox 3431 2918 3513 2985; x_wconf 75' lang='grc' dir='ltr'>τῷ</span> <span class='ocrx_word' id='word_1_642' title='bbox 3546 2913 3797 2989; x_wconf 75' lang='grc' dir='ltr'>Καίσαρι,</span> 
     </span>
    </p>
   </div>
   <div class='ocr_carea' id='block_1_79' title="bbox 2138 2996 3798 3076">
    <p class='ocr_par' dir='ltr' id='par_1_89' title="bbox 2138 2996 3798 3076">
     <span class='ocr_line' id='line_1_109' title="bbox 2138 2996 3798 3076; baseline 0.002 -24"><span class='ocrx_word' id='word_1_643' title='bbox 2138 3000 2171 3067; x_wconf 74' lang='grc' dir='ltr'><strong>ἢ</strong></span> <span class='ocrx_word' id='word_1_644' title='bbox 2227 2996 2327 3067; x_wconf 71' lang='grc' dir='ltr'><strong>οῧ;</strong></span> <span class='ocrx_word' id='word_1_645' title='bbox 2382 3024 2409 3051; x_wconf 87' lang='grc'><strong>››</strong></span> <span class='ocrx_word' id='word_1_646' title='bbox 2462 2999 2609 3054; x_wconf 74' lang='grc' dir='ltr'>εἷπον</span> <span class='ocrx_word' id='word_1_647' title='bbox 2672 2998 2729 3054; x_wconf 77' lang='grc' dir='ltr'><strong>δὲ</strong></span> <span class='ocrx_word' id='word_1_648' title='bbox 2773 3001 2907 3076; x_wconf 86' lang='grc' dir='ltr'>πρὸς</span> <span class='ocrx_word' id='word_1_649' title='bbox 2956 3000 3173 3062; x_wconf 73' lang='grc' dir='ltr'>αὐτούς’</span> <span class='ocrx_word' id='word_1_650' title='bbox 3226 3026 3254 3054; x_wconf 76' lang='grc' dir='ltr'>ι(</span> <span class='ocrx_word' id='word_1_651' title='bbox 3301 2998 3639 3072; x_wconf 74' lang='grc' dir='ltr'>Ὑποδείξατὲ</span> <span class='ocrx_word' id='word_1_652' title='bbox 3702 3023 3798 3074; x_wconf 88' lang='grc' dir='ltr'><strong>μοι</strong></span> 
     </span>
    </p>
   </div>
   <div class='ocr_carea' id='block_1_80' title="bbox 2136 3087 3793 3168">
    <p class='ocr_par' dir='ltr' id='par_1_90' title="bbox 2136 3087 3793 3168">
     <span class='ocr_line' id='line_1_110' title="bbox 2136 3087 3793 3168; baseline 0.002 -28"><span class='ocrx_word' id='word_1_653' title='bbox 2136 3087 2399 3160; x_wconf 82' lang='grc' dir='ltr'>νόμισμα,</span> <span class='ocrx_word' id='word_1_654' title='bbox 2448 3111 2475 3139; x_wconf 90' lang='grc'><strong>››</strong></span> <span class='ocrx_word' id='word_1_655' title='bbox 2536 3088 2625 3142; x_wconf 87' lang='grc' dir='ltr'><strong>καὶ</strong></span> <span class='ocrx_word' id='word_1_656' title='bbox 2685 3087 2827 3163; x_wconf 71' lang='grc' dir='ltr'><strong>λέγω</strong></span> <span class='ocrx_word' id='word_1_657' title='bbox 2882 3089 3036 3162; x_wconf 79' lang='grc' dir='ltr'><strong>ὑμῖν⁸</strong></span> <span class='ocrx_word' id='word_1_658' title='bbox 3085 3091 3151 3146; x_wconf 79' lang='grc' dir='ltr'><strong>Οἱ</strong></span> <span class='ocrx_word' id='word_1_659' title='bbox 3205 3087 3262 3144; x_wconf 75' lang='grc' dir='ltr'><strong>δὲ</strong></span> <span class='ocrx_word' id='word_1_660' title='bbox 3310 3090 3643 3168; x_wconf 71' lang='grc' dir='ltr'>προσέφερόν</span> <span class='ocrx_word' id='word_1_661' title='bbox 3700 3110 3793 3162; x_wconf 87' lang='grc' dir='ltr'><strong>μοι</strong></span> 
     </span>
    </p>
   </div>
   <div class='ocr_carea' id='block_1_81' title="bbox 2140 3173 3789 3252">
    <p class='ocr_par' dir='ltr' id='par_1_91' title="bbox 2140 3173 3789 3252">
     <span class='ocr_line' id='line_1_111' title="bbox 2140 3173 3789 3252; baseline 0.003 -23"><span class='ocrx_word' id='word_1_662' title='bbox 2140 3173 2416 3251; x_wconf 81' lang='grc' dir='ltr'>δηνάριον·</span> <span class='ocrx_word' id='word_1_663' title='bbox 2451 3177 2540 3230; x_wconf 87' lang='grc' dir='ltr'><strong>καὶ</strong></span> <span class='ocrx_word' id='word_1_664' title='bbox 2574 3176 2715 3252; x_wconf 72' lang='grc' dir='ltr'><strong>λέγω</strong></span> <span class='ocrx_word' id='word_1_665' title='bbox 2749 3179 2884 3248; x_wconf 83' lang='grc' dir='ltr'>πρὸς</span> <span class='ocrx_word' id='word_1_666' title='bbox 2918 3177 3135 3241; x_wconf 79' lang='grc' dir='ltr'>αὐτούς.</span> <span class='ocrx_word' id='word_1_667' title='bbox 3172 3204 3198 3231; x_wconf 93' lang='grc'><em>‹‹</em></span> <span class='ocrx_word' id='word_1_668' title='bbox 3257 3180 3410 3241; x_wconf 80' lang='grc' dir='ltr'>Τίνος</span> <span class='ocrx_word' id='word_1_669' title='bbox 3458 3180 3616 3233; x_wconf 76' lang='grc' dir='ltr'>εἰκὼν</span> <span class='ocrx_word' id='word_1_670' title='bbox 3656 3179 3789 3249; x_wconf 75' lang='grc' dir='ltr'>αὕτη</span> 
     </span>
    </p>
   </div>
   <div class='ocr_carea' id='block_1_82' title="bbox 2136 3264 3789 3343">
    <p class='ocr_par' dir='ltr' id='par_1_92' title="bbox 2136 3264 3789 3343">
     <span class='ocr_line' id='line_1_112' title="bbox 2136 3264 3789 3343; baseline 0.002 -25"><span class='ocrx_word' id='word_1_671' title='bbox 2136 3265 2226 3319; x_wconf 77' lang='grc' dir='ltr'><strong>καὶ</strong></span> <span class='ocrx_word' id='word_1_672' title='bbox 2258 3264 2542 3343; x_wconf 75' lang='grc' dir='ltr'>ὐπογραιρή</span> <span class='ocrx_word' id='word_1_673' title='bbox 2571 3285 2583 3334; x_wconf 86' lang='grc'><strong>;</strong></span> <span class='ocrx_word' id='word_1_674' title='bbox 2616 3290 2642 3315; x_wconf 88' lang='grc'><strong>››</strong></span> <span class='ocrx_word' id='word_1_675' title='bbox 2677 3266 2742 3321; x_wconf 76' lang='grc' dir='ltr'><strong>Οἱ</strong></span> <span class='ocrx_word' id='word_1_676' title='bbox 2776 3264 2832 3319; x_wconf 80' lang='grc' dir='ltr'><strong>δὲ</strong></span> <span class='ocrx_word' id='word_1_677' title='bbox 2859 3266 3031 3320; x_wconf 76' lang='grc' dir='ltr'>εἶπον·</span> <span class='ocrx_word' id='word_1_678' title='bbox 3074 3291 3095 3318; x_wconf 77' lang='grc' dir='ltr'><strong>α</strong></span> <span class='ocrx_word' id='word_1_679' title='bbox 3131 3266 3418 3341; x_wconf 81' lang='grc' dir='ltr'>Καίσαρος·</span> <span class='ocrx_word' id='word_1_680' title='bbox 3456 3291 3483 3318; x_wconf 76' lang='grc' dir='ltr'><strong>υ</strong></span> <span class='ocrx_word' id='word_1_681' title='bbox 3514 3269 3603 3321; x_wconf 71' lang='grc' dir='ltr'>καί</span> <span class='ocrx_word' id='word_1_682' title='bbox 3638 3268 3789 3322; x_wconf 71' lang='grc' dir='ltr'>εἷπον</span> 
     </span>
    </p>
   </div>
   <div class='ocr_carea' id='block_1_83' title="bbox 2136 3353 3793 3431">
    <p class='ocr_par' dir='ltr' id='par_1_93' title="bbox 2136 3353 3793 3431">
     <span class='ocr_line' id='line_1_113' title="bbox 2136 3353 3793 3431; baseline 0.002 -23"><span class='ocrx_word' id='word_1_683' title='bbox 2136 3357 2270 3429; x_wconf 88' lang='grc' dir='ltr'>πρὸς</span> <span class='ocrx_word' id='word_1_684' title='bbox 2329 3355 2541 3415; x_wconf 76' lang='grc' dir='ltr'>αὐτούς·</span> <span class='ocrx_word' id='word_1_685' title='bbox 2604 3380 2633 3407; x_wconf 91' lang='grc'><strong>‹‹</strong></span> <span class='ocrx_word' id='word_1_686' title='bbox 2694 3353 2953 3411; x_wconf 78' lang='grc' dir='ltr'>Ἀπόδοτε</span> <span class='ocrx_word' id='word_1_687' title='bbox 3003 3354 3092 3411; x_wconf 84' lang='grc' dir='ltr'><strong>οῦν</strong></span> <span class='ocrx_word' id='word_1_688' title='bbox 3148 3359 3215 3411; x_wconf 79' lang='grc' dir='ltr'><strong>τά</strong></span> <span class='ocrx_word' id='word_1_689' title='bbox 3264 3358 3528 3431; x_wconf 84' lang='grc' dir='ltr'>Καίσαρος</span> <span class='ocrx_word' id='word_1_690' title='bbox 3556 3363 3638 3429; x_wconf 78' lang='grc' dir='ltr'>τῷ</span> <span class='ocrx_word' id='word_1_691' title='bbox 3670 3358 3793 3412; x_wconf 78' lang='grc' dir='ltr'>Καί-</span> 
     </span>
    </p>
   </div>
   <div class='ocr_carea' id='block_1_84' title="bbox 2139 3444 3790 3522">
    <p class='ocr_par' dir='ltr' id='par_1_94' title="bbox 2139 3444 3790 3522">
     <span class='ocr_line' id='line_1_114' title="bbox 2139 3444 3790 3522; baseline 0.001 -24"><span class='ocrx_word' id='word_1_692' title='bbox 2139 3465 2283 3519; x_wconf 86' lang='grc' dir='ltr'>σαρι,</span> <span class='ocrx_word' id='word_1_693' title='bbox 2314 3444 2402 3499; x_wconf 82' lang='grc' dir='ltr'><strong>καὶ</strong></span> <span class='ocrx_word' id='word_1_694' title='bbox 2432 3446 2499 3498; x_wconf 77' lang='grc' dir='ltr'>τὰ</span> <span class='ocrx_word' id='word_1_695' title='bbox 2526 3449 2623 3498; x_wconf 59' lang='lat' dir='ltr'><strong>“cui”:</strong></span> <span class='ocrx_word' id='word_1_696' title='bbox 2656 3448 2790 3500; x_wconf 88' lang='grc' dir='ltr'>Θεοῦ</span> <span class='ocrx_word' id='word_1_697' title='bbox 2816 3450 2897 3517; x_wconf 76' lang='grc' dir='ltr'>τῷ</span> <span class='ocrx_word' id='word_1_698' title='bbox 2955 3450 3091 3517; x_wconf 81' lang='grc' dir='ltr'>Θεῷ.</span> <span class='ocrx_word' id='word_1_699' title='bbox 3131 3471 3152 3497; x_wconf 76' lang='grc' dir='ltr'><strong><em>ι</em></strong></span> <span class='ocrx_word' id='word_1_700' title='bbox 3190 3447 3287 3501; x_wconf 82' lang='grc' dir='ltr'>Καὶ</span> <span class='ocrx_word' id='word_1_701' title='bbox 3331 3445 3495 3502; x_wconf 81' lang='grc' dir='ltr'>πάλιν</span> <span class='ocrx_word' id='word_1_702' title='bbox 3528 3447 3666 3522; x_wconf 83' lang='grc' dir='ltr'>πρὸς</span> <span class='ocrx_word' id='word_1_703' title='bbox 3696 3447 3790 3502; x_wconf 86' lang='grc' dir='ltr'>τὸν</span> 
     </span>
    </p>
   </div>
   <div class='ocr_carea' id='block_1_85' title="bbox 2136 3532 3789 3611">
    <p class='ocr_par' dir='ltr' id='par_1_95' title="bbox 2136 3532 3789 3611">
     <span class='ocr_line' id='line_1_115' title="bbox 2136 3532 3789 3611; baseline 0.003 -25"><span class='ocrx_word' id='word_1_704' title='bbox 2136 3532 2361 3609; x_wconf 71' lang='grc' dir='ltr'>Πέτρον,</span> <span class='ocrx_word' id='word_1_705' title='bbox 2422 3560 2448 3585; x_wconf 84' lang='grc'><strong>‹‹</strong></span> <span class='ocrx_word' id='word_1_706' title='bbox 2502 3534 2766 3607; x_wconf 69' lang='grc' dir='ltr'>Πορεύου,</span> <span class='ocrx_word' id='word_1_707' title='bbox 2820 3532 2994 3609; x_wconf 82' lang='grc' dir='ltr'>βάλλε</span> <span class='ocrx_word' id='word_1_708' title='bbox 3033 3532 3321 3611; x_wconf 76' lang='grc' dir='ltr'>ἄγκιστρον</span> <span class='ocrx_word' id='word_1_709' title='bbox 3351 3536 3426 3598; x_wconf 85' lang='grc' dir='ltr'><strong>εἷς</strong></span> <span class='ocrx_word' id='word_1_710' title='bbox 3457 3537 3555 3604; x_wconf 75' lang='grc' dir='ltr'>τὴν</span> <span class='ocrx_word' id='word_1_711' title='bbox 3586 3536 3789 3591; x_wconf 82' lang='grc' dir='ltr'>ϐάλασ-</span> 
     </span>
    </p>
   </div>
   <div class='ocr_carea' id='block_1_86' title="bbox 2134 3622 3789 3698">
    <p class='ocr_par' dir='ltr' id='par_1_96' title="bbox 2134 3622 3789 3698">
     <span class='ocr_line' id='line_1_116' title="bbox 2134 3622 3789 3698; baseline 0.004 -24"><span class='ocrx_word' id='word_1_712' title='bbox 2134 3643 2249 3693; x_wconf 82' lang='grc' dir='ltr'>σαν,</span> <span class='ocrx_word' id='word_1_713' title='bbox 2296 3622 2384 3675; x_wconf 82' lang='grc' dir='ltr'><strong>καὶ</strong></span> <span class='ocrx_word' id='word_1_714' title='bbox 2432 3622 2524 3676; x_wconf 82' lang='grc' dir='ltr'>τὸν</span> <span class='ocrx_word' id='word_1_715' title='bbox 2574 3622 2732 3698; x_wconf 74' lang='grc' dir='ltr'>ἱχθὺν</span> <span class='ocrx_word' id='word_1_716' title='bbox 2774 3623 2865 3677; x_wconf 87' lang='grc' dir='ltr'><strong>τὸν</strong></span> <span class='ocrx_word' id='word_1_717' title='bbox 2922 3622 3123 3698; x_wconf 79' lang='grc' dir='ltr'>ἔχοντα</span> <span class='ocrx_word' id='word_1_718' title='bbox 3173 3622 3433 3695; x_wconf 75' lang='grc' dir='ltr'>ἀνελθεῖν,</span> <span class='ocrx_word' id='word_1_719' title='bbox 3482 3625 3694 3695; x_wconf 77' lang='grc' dir='ltr'>ἄνοιξον</span> <span class='ocrx_word' id='word_1_720' title='bbox 3725 3627 3789 3681; x_wconf 81' lang='grc' dir='ltr'>τὸ</span> 
     </span>
    </p>
   </div>
   <div class='ocr_carea' id='block_1_87' title="bbox 2130 3706 3786 3789">
    <p class='ocr_par' dir='ltr' id='par_1_97' title="bbox 2130 3706 3786 3789">
     <span class='ocr_line' id='line_1_117' title="bbox 2130 3706 3786 3789; baseline 0.002 -25"><span class='ocrx_word' id='word_1_721' title='bbox 2130 3706 2305 3784; x_wconf 79' lang='grc' dir='ltr'>στόμα</span> <span class='ocrx_word' id='word_1_722' title='bbox 2337 3711 2523 3780; x_wconf 77' lang='grc' dir='ltr'>αὐτοῦ,</span> <span class='ocrx_word' id='word_1_723' title='bbox 2552 3711 2641 3765; x_wconf 81' lang='grc' dir='ltr'><strong>καὶ</strong></span> <span class='ocrx_word' id='word_1_724' title='bbox 2674 3710 2915 3785; x_wconf 74' lang='grc' dir='ltr'>εὑρήσεις</span> <span class='ocrx_word' id='word_1_725' title='bbox 2966 3716 3226 3789; x_wconf 79' lang='grc' dir='ltr'>στατῆρα·</span> <span class='ocrx_word' id='word_1_726' title='bbox 3261 3711 3353 3775; x_wconf 83' lang='grc' dir='ltr'>δὸς</span> <span class='ocrx_word' id='word_1_727' title='bbox 3385 3714 3497 3767; x_wconf 80' lang='grc' dir='ltr'>ἀντὶ</span> <span class='ocrx_word' id='word_1_728' title='bbox 3527 3713 3665 3787; x_wconf 69' lang='grc' dir='ltr'>ἐμοῦ</span> <span class='ocrx_word' id='word_1_729' title='bbox 3696 3715 3786 3769; x_wconf 83' lang='grc' dir='ltr'><strong>καὶ</strong></span> 
     </span>
    </p>
   </div>
   <div class='ocr_carea' id='block_1_88' title="bbox 2130 3798 3785 3875">
    <p class='ocr_par' dir='ltr' id='par_1_98' title="bbox 2130 3798 3785 3875">
     <span class='ocr_line' id='line_1_118' title="bbox 2130 3798 3785 3875; baseline 0.004 -23"><span class='ocrx_word' id='word_1_730' title='bbox 2130 3804 2247 3856; x_wconf 89' lang='grc' dir='ltr'>σοῦ.</span> <span class='ocrx_word' id='word_1_731' title='bbox 2285 3824 2311 3851; x_wconf 86' lang='grc'><strong>››</strong></span> <span class='ocrx_word' id='word_1_732' title='bbox 2342 3798 2723 3869; x_wconf 77' lang='grc' dir='ltr'>Τουτέστι,δὸς</span> <span class='ocrx_word' id='word_1_733' title='bbox 2753 3804 2850 3870; x_wconf 76' lang='grc' dir='ltr'>τὴν</span> <span class='ocrx_word' id='word_1_734' title='bbox 2886 3801 3066 3856; x_wconf 81' lang='grc' dir='ltr'>εἱκόνα</span> <span class='ocrx_word' id='word_1_735' title='bbox 3094 3803 3193 3870; x_wconf 76' lang='grc' dir='ltr'>τήν</span> <span class='ocrx_word' id='word_1_736' title='bbox 3218 3801 3355 3875; x_wconf 77' lang='grc' dir='ltr'>ἐμὴν</span> <span class='ocrx_word' id='word_1_737' title='bbox 3380 3803 3470 3857; x_wconf 83' lang='grc' dir='ltr'><strong>καὶ</strong></span> <span class='ocrx_word' id='word_1_738' title='bbox 3502 3806 3599 3871; x_wconf 70' lang='grc' dir='ltr'>σὴν</span> <span class='ocrx_word' id='word_1_739' title='bbox 3630 3803 3684 3858; x_wconf 77' lang='grc' dir='ltr'>ἐν</span> <span class='ocrx_word' id='word_1_740' title='bbox 3706 3808 3785 3875; x_wconf 79' lang='grc' dir='ltr'>τῷ</span> 
     </span>
    </p>
   </div>
   <div class='ocr_carea' id='block_1_89' title="bbox 2127 3888 3781 3967">
    <p class='ocr_par' dir='ltr' id='par_1_99' title="bbox 2127 3888 3781 3967">
     <span class='ocr_line' id='line_1_119' title="bbox 2127 3888 3781 3967; baseline 0.003 -25"><span class='ocrx_word' id='word_1_741' title='bbox 2127 3889 2342 3962; x_wconf 87' lang='grc' dir='ltr'>κόσμῳ.</span> <span class='ocrx_word' id='word_1_742' title='bbox 2393 3892 2463 3946; x_wconf 79' lang='grc' dir='ltr'>’Ἡ</span> <span class='ocrx_word' id='word_1_743' title='bbox 2513 3889 2613 3943; x_wconf 72' lang='grc' dir='ltr'><strong>οὐκ</strong></span> <span class='ocrx_word' id='word_1_744' title='bbox 2657 3890 2887 3959; x_wconf 68' lang='grc' dir='ltr'>ἤκουσας</span> <span class='ocrx_word' id='word_1_745' title='bbox 2938 3894 3035 3945; x_wconf 87' lang='grc' dir='ltr'><strong>τοῦ</strong></span> <span class='ocrx_word' id='word_1_746' title='bbox 3071 3888 3374 3967; x_wconf 78' lang='grc' dir='ltr'>μνήστορός</span> <span class='ocrx_word' id='word_1_747' title='bbox 3407 3912 3501 3946; x_wconf 90' lang='grc' dir='ltr'><strong>σου</strong></span> <span class='ocrx_word' id='word_1_748' title='bbox 3536 3891 3781 3966; x_wconf 74' lang='grc' dir='ltr'>Παύλου,</span> 
     </span>
    </p>
   </div>
   <div class='ocr_carea' id='block_1_90' title="bbox 2130 3977 3781 4054">
    <p class='ocr_par' dir='ltr' id='par_1_100' title="bbox 2130 3977 3781 4054">
     <span class='ocr_line' id='line_1_120' title="bbox 2130 3977 3781 4054; baseline 0.002 -21"><span class='ocrx_word' id='word_1_749' title='bbox 2130 3977 2406 4053; x_wconf 69' lang='grc' dir='ltr'>λὲγοντος·</span> <span class='ocrx_word' id='word_1_750' title='bbox 2464 4002 2491 4029; x_wconf 75' lang='grc' dir='ltr'>(ε</span> <span class='ocrx_word' id='word_1_751' title='bbox 2545 3980 2609 4035; x_wconf 73' lang='lat' dir='ltr'><strong>Ei</strong></span> <span class='ocrx_word' id='word_1_752' title='bbox 2660 3979 3080 4054; x_wconf 72' lang='grc' dir='ltr'>συμπάσχομεν,</span> <span class='ocrx_word' id='word_1_753' title='bbox 3133 3978 3225 4034; x_wconf 70' lang='grc' dir='ltr'>’ἱνα</span> <span class='ocrx_word' id='word_1_754' title='bbox 3273 3981 3361 4035; x_wconf 81' lang='grc' dir='ltr'><strong>καὶ</strong></span> <span class='ocrx_word' id='word_1_755' title='bbox 3414 3977 3781 4051; x_wconf 65' lang='grc' dir='ltr'>συνδοξασθῶο</span> 
     </span>
    </p>
   </div>
   <div class='ocr_carea' id='block_1_91' title="bbox 2130 4067 3779 4141">
    <p class='ocr_par' dir='ltr' id='par_1_101' title="bbox 2130 4067 3779 4141">
     <span class='ocr_line' id='line_1_121' title="bbox 2130 4067 3779 4141; baseline 0.002 -20"><span class='ocrx_word' id='word_1_756' title='bbox 2130 4088 2223 4139; x_wconf 88' lang='grc' dir='ltr'><strong>μεν</strong></span> <span class='ocrx_word' id='word_1_757' title='bbox 2254 4094 2267 4137; x_wconf 76' lang='grc' dir='ltr'><strong>ς</strong></span> <span class='ocrx_word' id='word_1_758' title='bbox 2304 4091 2329 4119; x_wconf 80' lang='grc'><strong>››</strong></span> <span class='ocrx_word' id='word_1_759' title='bbox 2376 4067 2464 4121; x_wconf 80' lang='grc' dir='ltr'><strong>καὶ</strong></span> <span class='ocrx_word' id='word_1_760' title='bbox 2514 4068 2650 4141; x_wconf 88' lang='grc' dir='ltr'>πρὸς</span> <span class='ocrx_word' id='word_1_761' title='bbox 2701 4068 3035 4136; x_wconf 73' lang='grc' dir='ltr'>Ἀθηναίους·</span> <span class='ocrx_word' id='word_1_762' title='bbox 3091 4094 3119 4121; x_wconf 78' lang='grc' dir='ltr'>(ι</span> <span class='ocrx_word' id='word_1_763' title='bbox 3172 4069 3317 4123; x_wconf 79' lang='grc' dir='ltr'>Κατά</span> <span class='ocrx_word' id='word_1_764' title='bbox 3360 4070 3531 4124; x_wconf 86' lang='grc' dir='ltr'>πάντα</span> <span class='ocrx_word' id='word_1_765' title='bbox 3562 4070 3637 4132; x_wconf 82' lang='grc' dir='ltr'>ὼς</span> <span class='ocrx_word' id='word_1_766' title='bbox 3670 4070 3779 4125; x_wconf 81' lang='grc' dir='ltr'>δει-</span> 
     </span>
    </p>
   </div>
   <div class='ocr_carea' id='block_1_92' title="bbox 2126 4154 3781 4235">
    <p class='ocr_par' dir='ltr' id='par_1_102' title="bbox 2126 4154 3781 4235">
     <span class='ocr_line' id='line_1_122' title="bbox 2126 4154 3781 4235; baseline 0.002 -26"><span class='ocrx_word' id='word_1_767' title='bbox 2126 4154 2627 4230; x_wconf 69' lang='grc' dir='ltr'>σιδαιμονεστέρους</span> <span class='ocrx_word' id='word_1_768' title='bbox 2662 4155 2801 4228; x_wconf 74' lang='grc' dir='ltr'>ὑμᾶς</span> <span class='ocrx_word' id='word_1_769' title='bbox 2836 4162 3048 4232; x_wconf 80' lang='grc' dir='ltr'>θεωρῶ.</span> <span class='ocrx_word' id='word_1_770' title='bbox 3098 4158 3531 4235; x_wconf 79' lang='grc' dir='ltr'>Περιερχόμενος</span> <span class='ocrx_word' id='word_1_771' title='bbox 3577 4161 3645 4212; x_wconf 71' lang='grc' dir='ltr'>τὰ</span> <span class='ocrx_word' id='word_1_772' title='bbox 3694 4180 3781 4213; x_wconf 76' lang='grc' dir='ltr'>σεο</span> 
     </span>
    </p>
   </div>
   <div class='ocr_carea' id='block_1_93' title="bbox 2124 4239 3777 4324">
    <p class='ocr_par' dir='ltr' id='par_1_103' title="bbox 2124 4239 3777 4324">
     <span class='ocr_line' id='line_1_123' title="bbox 2124 4239 3777 4324; baseline 0.002 -27"><span class='ocrx_word' id='word_1_773' title='bbox 2124 4239 2373 4317; x_wconf 72' lang='grc' dir='ltr'>ϐάσματα</span> <span class='ocrx_word' id='word_1_774' title='bbox 2403 4244 2579 4317; x_wconf 76' lang='grc' dir='ltr'>ὑμῶν,</span> <span class='ocrx_word' id='word_1_775' title='bbox 2612 4243 2662 4298; x_wconf 76' lang='grc' dir='ltr'>ἐν</span> <span class='ocrx_word' id='word_1_776' title='bbox 2699 4245 2743 4316; x_wconf 82' lang='grc' dir='ltr'>ᾧ</span> <span class='ocrx_word' id='word_1_777' title='bbox 2781 4245 2968 4319; x_wconf 82' lang='grc' dir='ltr'>βωμὸν</span> <span class='ocrx_word' id='word_1_778' title='bbox 3000 4246 3175 4320; x_wconf 75' lang='grc' dir='ltr'>εὗρον·</span> <span class='ocrx_word' id='word_1_779' title='bbox 3219 4248 3512 4324; x_wconf 68' lang='grc' dir='ltr'>γράφοντω</span> <span class='ocrx_word' id='word_1_780' title='bbox 3567 4249 3777 4322; x_wconf 80' lang='grc' dir='ltr'>Ἀγνώ-</span> 
     </span>
    </p>
   </div>
   <div class='ocr_carea' id='block_1_94' title="bbox 2121 4330 3774 4409">
    <p class='ocr_par' dir='ltr' id='par_1_104' title="bbox 2121 4330 3774 4409">
     <span class='ocr_line' id='line_1_124' title="bbox 2121 4330 3774 4409; baseline 0.001 -22"><span class='ocrx_word' id='word_1_781' title='bbox 2121 4354 2231 4405; x_wconf 86' lang='grc' dir='ltr'>στῳ</span> <span class='ocrx_word' id='word_1_782' title='bbox 2266 4338 2400 4405; x_wconf 79' lang='grc' dir='ltr'><strong>Θεῷ·</strong></span> <span class='ocrx_word' id='word_1_783' title='bbox 2449 4333 2538 4387; x_wconf 85' lang='grc' dir='ltr'><strong>καὶ</strong></span> <span class='ocrx_word' id='word_1_784' title='bbox 2589 4332 2646 4387; x_wconf 77' lang='grc' dir='ltr'>ὅν</span> <span class='ocrx_word' id='word_1_785' title='bbox 2691 4333 2847 4406; x_wconf 74' lang='grc' dir='ltr'>ὑμεῖς</span> <span class='ocrx_word' id='word_1_786' title='bbox 2899 4334 3220 4409; x_wconf 84' lang='grc' dir='ltr'>ἀγνοοῦντες</span> <span class='ocrx_word' id='word_1_787' title='bbox 3253 4330 3538 4407; x_wconf 71' lang='grc' dir='ltr'>εὐσεϐεῖτε,</span> <span class='ocrx_word' id='word_1_788' title='bbox 3583 4337 3774 4391; x_wconf 81' lang='grc' dir='ltr'>τοῦτον</span> 
     </span>
    </p>
   </div>
   <div class='ocr_carea' id='block_1_95' title="bbox 2120 4420 3772 4497">
    <p class='ocr_par' dir='ltr' id='par_1_105' title="bbox 2120 4420 3772 4497">
     <span class='ocr_line' id='line_1_125' title="bbox 2120 4420 3772 4497; baseline 0.002 -21"><span class='ocrx_word' id='word_1_789' title='bbox 2120 4422 2248 4495; x_wconf 74' lang='grc' dir='ltr'>ὑμῖν</span> <span class='ocrx_word' id='word_1_790' title='bbox 2277 4420 2661 4497; x_wconf 70' lang='grc' dir='ltr'>καταγγέλλω.</span> <span class='ocrx_word' id='word_1_791' title='bbox 2688 4447 2725 4473; x_wconf 74' lang='grc' dir='ltr'><strong>ι»</strong></span> <span class='ocrx_word' id='word_1_792' title='bbox 2760 4422 2858 4476; x_wconf 82' lang='grc' dir='ltr'>Καὶ</span> <span class='ocrx_word' id='word_1_793' title='bbox 2889 4424 3023 4495; x_wconf 85' lang='grc' dir='ltr'>πρὸς</span> <span class='ocrx_word' id='word_1_794' title='bbox 3054 4421 3319 4486; x_wconf 86' lang='grc' dir='ltr'>Γαλάτας·</span> <span class='ocrx_word' id='word_1_795' title='bbox 3355 4448 3385 4476; x_wconf 87' lang='grc'><strong>‹(</strong></span> <span class='ocrx_word' id='word_1_796' title='bbox 3434 4427 3500 4479; x_wconf 80' lang='grc' dir='ltr'><strong>Ὦ</strong></span> <span class='ocrx_word' id='word_1_797' title='bbox 3548 4425 3772 4495; x_wconf 78' lang='grc' dir='ltr'>ἀνόητοι</span> 
     </span>
    </p>
   </div>
   <div class='ocr_carea' id='block_1_96' title="bbox 2119 4505 3774 4588">
    <p class='ocr_par' dir='ltr' id='par_1_106' title="bbox 2119 4505 3774 4588">
     <span class='ocr_line' id='line_1_126' title="bbox 2119 4505 3774 4588; baseline 0.003 -23"><span class='ocrx_word' id='word_1_798' title='bbox 2119 4510 2376 4582; x_wconf 86' lang='grc' dir='ltr'>Γαλάται,</span> <span class='ocrx_word' id='word_1_799' title='bbox 2434 4512 2515 4572; x_wconf 90' lang='grc' dir='ltr'><strong>τίς</strong></span> <span class='ocrx_word' id='word_1_800' title='bbox 2560 4510 2700 4584; x_wconf 80' lang='grc' dir='ltr'>ὑμᾶς</span> <span class='ocrx_word' id='word_1_801' title='bbox 2752 4505 3037 4566; x_wconf 68' lang='grc' dir='ltr'>ἐϐάσκανεν</span> <span class='ocrx_word' id='word_1_802' title='bbox 3094 4515 3169 4585; x_wconf 78' lang='grc' dir='ltr'><strong>μή</strong></span> <span class='ocrx_word' id='word_1_803' title='bbox 3226 4514 3498 4577; x_wconf 80' lang='grc' dir='ltr'>πείθεσθαι</span> <span class='ocrx_word' id='word_1_804' title='bbox 3529 4518 3598 4588; x_wconf 78' lang='grc' dir='ltr'>τῇ</span> <span class='ocrx_word' id='word_1_805' title='bbox 3635 4514 3774 4586; x_wconf 82' lang='grc' dir='ltr'>ἀλη-</span> 
     </span>
    </p>
   </div>
   <div class='ocr_carea' id='block_1_97' title="bbox 361 4594 2030 4681">
    <p class='ocr_par' dir='ltr' id='par_1_107' title="bbox 361 4595 2007 4671">
     <span class='ocr_line' id='line_1_127' title="bbox 361 4595 2007 4671; baseline -0.001 -12"><span class='ocrx_word' id='word_1_806' title='bbox 361 4605 484 4660; x_wconf 90' lang='lat' dir='ltr'><strong>dire</strong></span> <span class='ocrx_word' id='word_1_807' title='bbox 532 4602 780 4667; x_wconf 87' lang='lat' dir='ltr'><strong>veritati,</strong></span> <span class='ocrx_word' id='word_1_808' title='bbox 813 4606 948 4657; x_wconf 90' lang='lat' dir='ltr'><strong>ante</strong></span> <span class='ocrx_word' id='word_1_809' title='bbox 980 4615 1228 4671; x_wconf 88' lang='lat' dir='ltr'><strong>quorum</strong></span> <span class='ocrx_word' id='word_1_810' title='bbox 1281 4595 1481 4652; x_wconf 88' lang='lat' dir='ltr'><strong>oculos</strong></span> <span class='ocrx_word' id='word_1_811' title='bbox 1527 4597 1701 4652; x_wconf 87' lang='lat' dir='ltr'><strong>Jesus</strong></span> <span class='ocrx_word' id='word_1_812' title='bbox 1740 4598 2007 4658; x_wconf 88' lang='lat' dir='ltr'><strong>Christus</strong></span> 
     </span>
    </p>
   </div>
   <div class='ocr_carea' id='block_1_98' title="bbox 2143 4594 3770 4681">
    <p class='ocr_par' dir='ltr' id='par_1_108' title="bbox 2148 4599 3770 4681">
     <span class='ocr_line' id='line_1_128' title="bbox 2148 4599 3770 4681; baseline 0.002 -27"><span class='ocrx_word' id='word_1_813' title='bbox 2148 4601 2247 4671; x_wconf 80' lang='grc' dir='ltr'>είᾳ,</span> <span class='ocrx_word' id='word_1_814' title='bbox 2298 4601 2378 4661; x_wconf 84' lang='grc' dir='ltr'><strong>οἷς</strong></span> <span class='ocrx_word' id='word_1_815' title='bbox 2427 4606 2540 4654; x_wconf 88' lang='grc' dir='ltr'>κατ’</span> <span class='ocrx_word' id='word_1_816' title='bbox 2587 4599 2903 4675; x_wconf 73' lang='grc' dir='ltr'>ὀφθαλμοὺς</span> <span class='ocrx_word' id='word_1_817' title='bbox 2944 4601 3153 4670; x_wconf 80' lang='grc' dir='ltr'>Ἰησοῦς</span> <span class='ocrx_word' id='word_1_818' title='bbox 3187 4603 3420 4678; x_wconf 85' lang='grc' dir='ltr'>Χριστὸς</span> <span class='ocrx_word' id='word_1_819' title='bbox 3451 4599 3770 4681; x_wconf 69' lang='grc' dir='ltr'>πρδεγρσὶφη</span> 
     </span>
    </p>
   </div>
   <div class='ocr_carea' id='block_1_99' title="bbox 361 4684 2005 4765">
    <p class='ocr_par' dir='ltr' id='par_1_109' title="bbox 361 4684 2005 4765">
     <span class='ocr_line' id='line_1_129' title="bbox 361 4684 2005 4765; baseline -0.003 -16"><span class='ocrx_word' id='word_1_820' title='bbox 361 4692 737 4765; x_wconf 73' lang='lat' dir='ltr'><strong>praescriptus</strong></span> <span class='ocrx_word' id='word_1_821' title='bbox 768 4695 877 4757; x_wconf 85' lang='lat' dir='ltr'><strong>est,</strong></span> <span class='ocrx_word' id='word_1_822' title='bbox 911 4694 1087 4760; x_wconf 89' lang='lat' dir='ltr'><strong>atque</strong></span> <span class='ocrx_word' id='word_1_823' title='bbox 1114 4684 1429 4741; x_wconf 83' lang='lat' dir='ltr'><strong>cruciﬁxus</strong></span> <span class='ocrx_word' id='word_1_824' title='bbox 1450 4687 1467 4719; x_wconf 77' lang='grc' dir='ltr'><strong><em>τ</em></strong></span> <span class='ocrx_word' id='word_1_825' title='bbox 1490 4685 1517 4739; x_wconf 86' lang='lat'><strong>?</strong></span> <span class='ocrx_word' id='word_1_826' title='bbox 1542 4709 1568 4735; x_wconf 88' lang='grc'><strong>››</strong></span> <span class='ocrx_word' id='word_1_827' title='bbox 1602 4687 1669 4741; x_wconf 88' lang='lat' dir='ltr'><strong>Et</strong></span> <span class='ocrx_word' id='word_1_828' title='bbox 1702 4689 1771 4742; x_wconf 86' lang='lat' dir='ltr'><strong>ad</strong></span> <span class='ocrx_word' id='word_1_829' title='bbox 1806 4691 2005 4745; x_wconf 87' lang='lat' dir='ltr'><strong>Corin-</strong></span> 
     </span>
    </p>
   </div>
   <div class='ocr_carea' id='block_1_100' title="bbox 360 4775 2003 4851">
    <p class='ocr_par' dir='ltr' id='par_1_110' title="bbox 360 4775 2003 4851">
     <span class='ocr_line' id='line_1_130' title="bbox 360 4775 2003 4851; baseline -0.002 -12"><span class='ocrx_word' id='word_1_830' title='bbox 360 4782 516 4839; x_wconf 84' lang='lat' dir='ltr'><strong>thios</strong></span> <span class='ocrx_word' id='word_1_831' title='bbox 551 4799 618 4838; x_wconf 77' lang='grc' dir='ltr'>ια</span> <span class='ocrx_word' id='word_1_832' title='bbox 652 4782 709 4837; x_wconf 90' lang='lat' dir='ltr'><strong>Si</strong></span> <span class='ocrx_word' id='word_1_833' title='bbox 763 4780 896 4851; x_wconf 85' lang='lat' dir='ltr'><strong>quis</strong></span> <span class='ocrx_word' id='word_1_834' title='bbox 954 4795 1068 4834; x_wconf 89' lang='lat' dir='ltr'><strong>non</strong></span> <span class='ocrx_word' id='word_1_835' title='bbox 1119 4776 1322 4831; x_wconf 89' lang='lat' dir='ltr'><strong>adorat</strong></span> <span class='ocrx_word' id='word_1_836' title='bbox 1369 4775 1685 4831; x_wconf 88' lang='lat' dir='ltr'><strong>Dominum</strong></span> <span class='ocrx_word' id='word_1_837' title='bbox 1738 4784 2003 4836; x_wconf 91' lang='lat' dir='ltr'><strong>nostrum</strong></span> 
     </span>
    </p>
   </div>
   <div class='ocr_carea' id='block_1_101' title="bbox 357 4864 2003 4942">
    <p class='ocr_par' dir='ltr' id='par_1_111' title="bbox 357 4864 2003 4942">
     <span class='ocr_line' id='line_1_131' title="bbox 357 4864 2003 4942; baseline -0.002 -14"><span class='ocrx_word' id='word_1_838' title='bbox 357 4874 559 4929; x_wconf 87' lang='lat' dir='ltr'><strong>Jesum</strong></span> <span class='ocrx_word' id='word_1_839' title='bbox 590 4871 912 4938; x_wconf 85' lang='lat' dir='ltr'><strong>Christum,</strong></span> <span class='ocrx_word' id='word_1_840' title='bbox 936 4867 1034 4939; x_wconf 88' lang='lat' dir='ltr'><strong>qui</strong></span> <span class='ocrx_word' id='word_1_841' title='bbox 1064 4866 1222 4921; x_wconf 86' lang='lat' dir='ltr'><strong>venit</strong></span> <span class='ocrx_word' id='word_1_842' title='bbox 1252 4864 1311 4919; x_wconf 90' lang='lat' dir='ltr'><strong>in</strong></span> <span class='ocrx_word' id='word_1_843' title='bbox 1345 4881 1536 4934; x_wconf 88' lang='lat' dir='ltr'><strong>carne,</strong></span> <span class='ocrx_word' id='word_1_844' title='bbox 1566 4865 1640 4920; x_wconf 86' lang='lat' dir='ltr'><strong>sit</strong></span> <span class='ocrx_word' id='word_1_845' title='bbox 1672 4868 2003 4942; x_wconf 79' lang='lat' dir='ltr'><strong>anathema,</strong></span> 
     </span>
    </p>
   </div>
   <div class='ocr_carea' id='block_1_102' title="bbox 359 4957 2006 5025">
    <p class='ocr_par' dir='ltr' id='par_1_112' title="bbox 359 4957 2006 5025">
     <span class='ocr_line' id='line_1_132' title="bbox 359 4957 2006 5025; baseline -0.002 -8"><span class='ocrx_word' id='word_1_846' title='bbox 359 4961 706 5017; x_wconf 86' lang='lat' dir='ltr'><strong>maranatha</strong></span> <span class='ocrx_word' id='word_1_847' title='bbox 744 4961 784 5014; x_wconf 84' lang='grc'>⁸.</span> <span class='ocrx_word' id='word_1_848' title='bbox 839 4982 867 5007; x_wconf 84' lang='grc'><strong>››</strong></span> <span class='ocrx_word' id='word_1_849' title='bbox 926 4959 1008 5011; x_wconf 86' lang='lat' dir='ltr'><strong>&#39;l‘u</strong></span> <span class='ocrx_word' id='word_1_850' title='bbox 1066 4972 1223 5022; x_wconf 90' lang='lat' dir='ltr'><strong>vero,</strong></span> <span class='ocrx_word' id='word_1_851' title='bbox 1282 4971 1498 5025; x_wconf 86' lang='lat' dir='ltr'><strong>sponsa</strong></span> <span class='ocrx_word' id='word_1_852' title='bbox 1557 4972 1718 5022; x_wconf 81' lang='lat' dir='ltr'><strong>mea,</strong></span> <span class='ocrx_word' id='word_1_853' title='bbox 1778 4957 2006 5015; x_wconf 87' lang='lat' dir='ltr'><strong>hortare</strong></span> 
     </span>
    </p>
   </div>
   <div class='ocr_carea' id='block_1_103' title="bbox 358 5044 2005 5119">
    <p class='ocr_par' dir='ltr' id='par_1_113' title="bbox 358 5044 2005 5119">
     <span class='ocr_line' id='line_1_133' title="bbox 358 5044 2005 5119; baseline -0.001 -13"><span class='ocrx_word' id='word_1_854' title='bbox 358 5050 509 5106; x_wconf 82' lang='lat' dir='ltr'><strong>ﬁlios</strong></span> <span class='ocrx_word' id='word_1_855' title='bbox 560 5054 691 5106; x_wconf 88' lang='lat' dir='ltr'><strong>tuos</strong></span> <span class='ocrx_word' id='word_1_856' title='bbox 741 5052 806 5103; x_wconf 87' lang='lat' dir='ltr'><strong>ut</strong></span> <span class='ocrx_word' id='word_1_857' title='bbox 851 5047 910 5101; x_wconf 91' lang='lat' dir='ltr'><strong>in</strong></span> <span class='ocrx_word' id='word_1_858' title='bbox 946 5044 1271 5117; x_wconf 66' lang='lat' dir='ltr'><strong>praeceptis</strong></span> <span class='ocrx_word' id='word_1_859' title='bbox 1312 5044 1458 5098; x_wconf 88' lang='lat' dir='ltr'><strong>meis</strong></span> <span class='ocrx_word' id='word_1_860' title='bbox 1489 5049 1784 5111; x_wconf 89' lang='lat' dir='ltr'><strong>maneant,</strong></span> <span class='ocrx_word' id='word_1_861' title='bbox 1816 5063 2005 5119; x_wconf 88' lang='lat' dir='ltr'><strong>neque</strong></span> 
     </span>
    </p>
   </div>
   <div class='ocr_carea' id='block_1_104' title="bbox 357 5132 2002 5213">
    <p class='ocr_par' dir='ltr' id='par_1_114' title="bbox 357 5132 2002 5213">
     <span class='ocr_line' id='line_1_134' title="bbox 357 5132 2002 5213; baseline -0.001 -18"><span class='ocrx_word' id='word_1_862' title='bbox 357 5155 561 5213; x_wconf 81' lang='lat' dir='ltr'><strong>regum</strong></span> <span class='ocrx_word' id='word_1_863' title='bbox 618 5139 736 5195; x_wconf 87' lang='lat' dir='ltr'><strong>iras</strong></span> <span class='ocrx_word' id='word_1_864' title='bbox 783 5134 1155 5198; x_wconf 90' lang='lat' dir='ltr'><strong>reformides,</strong></span> <span class='ocrx_word' id='word_1_865' title='bbox 1203 5136 1307 5188; x_wconf 90' lang='lat' dir='ltr'><strong>aut</strong></span> <span class='ocrx_word' id='word_1_866' title='bbox 1359 5132 1547 5189; x_wconf 90' lang='lat' dir='ltr'><strong>minas</strong></span> <span class='ocrx_word' id='word_1_867' title='bbox 1600 5142 2002 5209; x_wconf 85' lang='lat' dir='ltr'><strong>tyrannorum,</strong></span> 
     </span>
    </p>
   </div>
   <div class='ocr_carea' id='block_1_105' title="bbox 424 5339 1531 5410">
    <p class='ocr_par' dir='ltr' id='par_1_115' title="bbox 424 5339 1531 5410">
     <span class='ocr_line' id='line_1_135' title="bbox 424 5339 1531 5410; baseline -0.011 -6"><span class='ocrx_word' id='word_1_868' title='bbox 424 5348 443 5385; x_wconf 77' lang='grc' dir='ltr'>ί</span> <span class='ocrx_word' id='word_1_869' title='bbox 476 5346 628 5404; x_wconf 90' lang='lat' dir='ltr'><strong>Psal.</strong></span> <span class='ocrx_word' id='word_1_870' title='bbox 661 5360 850 5410; x_wconf 76' lang='lat' dir='ltr'><strong>xxxrv,</strong></span> <span class='ocrx_word' id='word_1_871' title='bbox 887 5344 938 5397; x_wconf 92' lang='grc'><strong>1.</strong></span> <span class='ocrx_word' id='word_1_872' title='bbox 1013 5343 1035 5376; x_wconf 89' lang='grc'>²</span> <span class='ocrx_word' id='word_1_873' title='bbox 1071 5339 1250 5395; x_wconf 81' lang='lat' dir='ltr'><strong>Exod.</strong></span> <span class='ocrx_word' id='word_1_874' title='bbox 1283 5355 1410 5405; x_wconf 84' lang='lat' dir='ltr'><strong>xxv,</strong></span> <span class='ocrx_word' id='word_1_875' title='bbox 1448 5340 1531 5393; x_wconf 86' lang='grc'><strong>18.</strong></span> 
     </span>
    </p>
   </div>
   <div class='ocr_carea' id='block_1_106' title="bbox 348 5411 1826 5489">
    <p class='ocr_par' dir='ltr' id='par_1_116' title="bbox 348 5411 1826 5489">
     <span class='ocr_line' id='line_1_136' title="bbox 348 5411 1826 5489; baseline -0.004 -11"><span class='ocrx_word' id='word_1_876' title='bbox 348 5436 488 5489; x_wconf 84' lang='lat' dir='ltr'><strong>xvn,</strong></span> <span class='ocrx_word' id='word_1_877' title='bbox 518 5420 608 5489; x_wconf 85' lang='lat'><strong>22,</strong></span> <span class='ocrx_word' id='word_1_878' title='bbox 641 5420 732 5473; x_wconf 83' lang='lat'><strong>23.</strong></span> <span class='ocrx_word' id='word_1_879' title='bbox 808 5417 827 5450; x_wconf 86' lang='grc'><strong>⁷</strong></span> <span class='ocrx_word' id='word_1_880' title='bbox 857 5413 1042 5471; x_wconf 89' lang='lat' dir='ltr'><strong>Galat.</strong></span> <span class='ocrx_word' id='word_1_881' title='bbox 1076 5430 1160 5483; x_wconf 78' lang='grc' dir='ltr'>ιιι,</span> <span class='ocrx_word' id='word_1_882' title='bbox 1195 5413 1244 5468; x_wconf 87' lang='grc'><strong>1.</strong></span> <span class='ocrx_word' id='word_1_883' title='bbox 1322 5411 1341 5445; x_wconf 81' lang='grc'><strong><em>⁸</em></strong></span> <span class='ocrx_word' id='word_1_884' title='bbox 1376 5411 1399 5465; x_wconf 90' lang='grc' dir='ltr'>Ι</span> <span class='ocrx_word' id='word_1_885' title='bbox 1432 5415 1557 5467; x_wconf 88' lang='lat' dir='ltr'><strong>Cor.</strong></span> <span class='ocrx_word' id='word_1_886' title='bbox 1588 5429 1705 5483; x_wconf 68' lang='lat' dir='ltr'><strong>xvx,</strong></span> <span class='ocrx_word' id='word_1_887' title='bbox 1739 5417 1826 5471; x_wconf 73' lang='lat'><strong>22.</strong></span> 
     </span>
    </p>
   </div>
   <div class='ocr_carea' id='block_1_107' title="bbox 422 5621 1584 5718">
    <p class='ocr_par' dir='ltr' id='par_1_117' title="bbox 422 5621 1584 5718">
     <span class='ocr_line' id='line_1_137' title="bbox 422 5621 1584 5718; baseline -0.006 -29"><span class='ocrx_word' id='word_1_888' title='bbox 563 5633 646 5718; x_wconf 48' lang='lat' dir='ltr'><strong>I&#39;ta</strong></span> <span class='ocrx_word' id='word_1_889' title='bbox 675 5636 810 5718; x_wconf 51' lang='grc' dir='ltr'>ξος.</span> <span class='ocrx_word' id='word_1_890' title='bbox 845 5629 1179 5718; x_wconf 41' lang='lat' dir='ltr'><strong>E‘d‘it‘iyero,</strong></span> <span class='ocrx_word' id='word_1_891' title='bbox 1210 5625 1248 5718; x_wconf 66' lang='grc' dir='ltr'><strong>η</strong></span> <span class='ocrx_word' id='word_1_892' title='bbox 1277 5621 1584 5718; x_wconf 77' lang='grc' dir='ltr'>ἐμυσαχθή.</span> 
     </span>
    </p>
   </div>
   <div class='ocr_carea' id='block_1_108' title="bbox 425 5703 1584 5791">
    <p class='ocr_par' dir='ltr' id='par_1_118' title="bbox 425 5703 1584 5791">
     <span class='ocr_line' id='line_1_138' title="bbox 425 5703 1584 5791; baseline -0.003 -30"><span class='ocrx_word' id='word_1_893' title='bbox 425 5703 539 5791; x_wconf 80' lang='grc'><strong>(56)</strong></span> <span class='ocrx_word' id='word_1_894' title='bbox 568 5705 653 5763; x_wconf 84' lang='lat' dir='ltr'><strong>Ita</strong></span> <span class='ocrx_word' id='word_1_895' title='bbox 683 5703 824 5779; x_wconf 69' lang='lat' dir='ltr'><strong>Reg.</strong></span> <span class='ocrx_word' id='word_1_896' title='bbox 855 5703 1014 5763; x_wconf 73' lang='grc' dir='ltr'><strong>Εᾶὶῐὶ</strong></span> <span class='ocrx_word' id='word_1_897' title='bbox 1042 5716 1201 5771; x_wconf 84' lang='lat' dir='ltr'><strong>vero,</strong></span> <span class='ocrx_word' id='word_1_898' title='bbox 1227 5703 1584 5774; x_wconf 79' lang='grc' dir='ltr'>ὑπόγραμμα.</span> 
     </span>
    </p>
   </div>
   <div class='ocr_carea' id='block_1_109' title="bbox 1610 5342 2926 5419">
    <p class='ocr_par' dir='ltr' id='par_1_119' title="bbox 1610 5342 2926 5419">
     <span class='ocr_line' id='line_1_139' title="bbox 1610 5342 2926 5419; baseline 0.003 -22"><span class='ocrx_word' id='word_1_899' title='bbox 1610 5342 1630 5376; x_wconf 79' lang='grc'><strong>³</strong></span> <span class='ocrx_word' id='word_1_900' title='bbox 1663 5342 1870 5419; x_wconf 71' lang='lat' dir='ltr'><strong>Matth.</strong></span> <span class='ocrx_word' id='word_1_901' title='bbox 1916 5364 2060 5419; x_wconf 78' lang='lat' dir='ltr'><strong>xxxi,</strong></span> <span class='ocrx_word' id='word_1_902' title='bbox 2106 5348 2295 5403; x_wconf 86' lang='grc'>17-21.</span> <span class='ocrx_word' id='word_1_903' title='bbox 2372 5348 2395 5381; x_wconf 71' lang='grc'><strong>⁸</strong></span> <span class='ocrx_word' id='word_1_904' title='bbox 2425 5342 2631 5402; x_wconf 87' lang='lat' dir='ltr'><strong>Matth.</strong></span> <span class='ocrx_word' id='word_1_905' title='bbox 2666 5361 2803 5411; x_wconf 81' lang='lat' dir='ltr'><strong>xvn,</strong></span> <span class='ocrx_word' id='word_1_906' title='bbox 2835 5345 2926 5401; x_wconf 70' lang='lat'><strong>1’6.</strong></span> 
     </span>
    </p>
   </div>
   <div class='ocr_carea' id='block_1_110' title="bbox 2117 4687 3771 4764">
    <p class='ocr_par' dir='ltr' id='par_1_120' title="bbox 2117 4687 3771 4764">
     <span class='ocr_line' id='line_1_140' title="bbox 2117 4687 3771 4764; baseline 0.002 -21"><span class='ocrx_word' id='word_1_907' title='bbox 2117 4690 2169 4743; x_wconf 80' lang='grc' dir='ltr'>ἐν</span> <span class='ocrx_word' id='word_1_908' title='bbox 2194 4689 2347 4761; x_wconf 72' lang='grc' dir='ltr'>ὑμῖν,</span> <span class='ocrx_word' id='word_1_909' title='bbox 2399 4690 2489 4743; x_wconf 79' lang='grc' dir='ltr'><strong>καὶ</strong></span> <span class='ocrx_word' id='word_1_910' title='bbox 2544 4692 2706 4743; x_wconf 85' lang='grc' dir='ltr'>τοῦτο</span> <span class='ocrx_word' id='word_1_911' title='bbox 2757 4687 3208 4763; x_wconf 69' lang='grc' dir='ltr'>ἐσταυρωμένος;</span> <span class='ocrx_word' id='word_1_912' title='bbox 3262 4714 3293 4741; x_wconf 87' lang='grc'><strong>››</strong></span> <span class='ocrx_word' id='word_1_913' title='bbox 3349 4692 3449 4744; x_wconf 78' lang='grc' dir='ltr'>Καὶ</span> <span class='ocrx_word' id='word_1_914' title='bbox 3498 4692 3634 4764; x_wconf 85' lang='grc' dir='ltr'>πρὸς</span> <span class='ocrx_word' id='word_1_915' title='bbox 3668 4695 3771 4748; x_wconf 83' lang='lat' dir='ltr'><strong>Ko-</strong></span> 
     </span>
    </p>
   </div>
   <div class='ocr_carea' id='block_1_111' title="bbox 2118 4776 3771 4855">
    <p class='ocr_par' dir='ltr' id='par_1_121' title="bbox 2118 4776 3771 4855">
     <span class='ocr_line' id='line_1_141' title="bbox 2118 4776 3771 4855; baseline 0.002 -24"><span class='ocrx_word' id='word_1_916' title='bbox 2118 4778 2374 4853; x_wconf 83' lang='grc' dir='ltr'>ρινθίους·</span> <span class='ocrx_word' id='word_1_917' title='bbox 2412 4803 2438 4831; x_wconf 91' lang='grc'><strong>‹‹</strong></span> <span class='ocrx_word' id='word_1_918' title='bbox 2475 4776 2649 4839; x_wconf 77' lang='grc' dir='ltr'>Εἷ’τις</span> <span class='ocrx_word' id='word_1_919' title='bbox 2681 4776 2742 4831; x_wconf 76' lang='grc' dir='ltr'><strong>οὐ</strong></span> <span class='ocrx_word' id='word_1_920' title='bbox 2783 4783 3076 4851; x_wconf 84' lang='grc' dir='ltr'>προσκυνεῖ</span> <span class='ocrx_word' id='word_1_921' title='bbox 3111 4779 3205 4833; x_wconf 87' lang='grc' dir='ltr'>τὸν</span> <span class='ocrx_word' id='word_1_922' title='bbox 3238 4779 3431 4855; x_wconf 64' lang='grc' dir='ltr'>Κύριον</span> <span class='ocrx_word' id='word_1_923' title='bbox 3463 4782 3625 4853; x_wconf 50' lang='grc' dir='ltr'>ὑμῶν</span> <span class='ocrx_word' id='word_1_924' title='bbox 3662 4782 3771 4851; x_wconf 84' lang='grc' dir='ltr'><strong>Ἰη-</strong></span> 
     </span>
    </p>
   </div>
   <div class='ocr_carea' id='block_1_112' title="bbox 2115 4865 3772 4943">
    <p class='ocr_par' dir='ltr' id='par_1_122' title="bbox 2115 4865 3772 4943">
     <span class='ocr_line' id='line_1_142' title="bbox 2115 4865 3772 4943; baseline 0.001 -20"><span class='ocrx_word' id='word_1_925' title='bbox 2115 4872 2238 4923; x_wconf 90' lang='grc' dir='ltr'>σοῦν</span> <span class='ocrx_word' id='word_1_926' title='bbox 2272 4868 2497 4942; x_wconf 82' lang='grc' dir='ltr'>Χριστὸν</span> <span class='ocrx_word' id='word_1_927' title='bbox 2533 4865 2842 4937; x_wconf 75' lang='grc' dir='ltr'>ἐληλυθότα</span> <span class='ocrx_word' id='word_1_928' title='bbox 2872 4865 2922 4920; x_wconf 84' lang='grc' dir='ltr'>ἐν</span> <span class='ocrx_word' id='word_1_929' title='bbox 2958 4867 3136 4943; x_wconf 76' lang='grc' dir='ltr'>σαρκὶ,</span> <span class='ocrx_word' id='word_1_930' title='bbox 3181 4866 3298 4943; x_wconf 78' lang='grc' dir='ltr'>ἔχει</span> <span class='ocrx_word' id='word_1_931' title='bbox 3361 4871 3533 4943; x_wconf 82' lang='grc' dir='ltr'>μαράν</span> <span class='ocrx_word' id='word_1_932' title='bbox 3578 4870 3681 4924; x_wconf 72' lang='grc' dir='ltr'><strong>ἀθά</strong></span> <span class='ocrx_word' id='word_1_933' title='bbox 3709 4872 3772 4924; x_wconf 84' lang='grc' dir='ltr'>τὸ</span> 
     </span>
    </p>
   </div>
   <div class='ocr_carea' id='block_1_113' title="bbox 2114 4956 3770 5035">
    <p class='ocr_par' dir='ltr' id='par_1_123' title="bbox 2114 4956 3770 5035">
     <span class='ocr_line' id='line_1_143' title="bbox 2114 4956 3770 5035; baseline 0.002 -22"><span class='ocrx_word' id='word_1_934' title='bbox 2114 4959 2367 5033; x_wconf 81' lang='grc' dir='ltr'>ἀνάθεμα.</span> <span class='ocrx_word' id='word_1_935' title='bbox 2394 4982 2421 5011; x_wconf 87' lang='grc'><strong>››</strong></span> <span class='ocrx_word' id='word_1_936' title='bbox 2459 4958 2533 5012; x_wconf 71' lang='grc' dir='ltr'>Σὺ</span> <span class='ocrx_word' id='word_1_937' title='bbox 2568 4956 2643 5025; x_wconf 73' lang='grc' dir='ltr'><strong>δὲ,</strong></span> <span class='ocrx_word' id='word_1_938' title='bbox 2677 4960 2711 5027; x_wconf 79' lang='grc' dir='ltr'>ἡ</span> <span class='ocrx_word' id='word_1_939' title='bbox 2743 4957 2849 5030; x_wconf 77' lang='grc' dir='ltr'><strong>ἐμὴ</strong></span> <span class='ocrx_word' id='word_1_940' title='bbox 2880 4956 3088 5035; x_wconf 69' lang='grc' dir='ltr'>νύμφη,</span> <span class='ocrx_word' id='word_1_941' title='bbox 3122 4957 3358 5014; x_wconf 75' lang='grc' dir='ltr'>νουθέτει</span> <span class='ocrx_word' id='word_1_942' title='bbox 3388 4960 3453 5014; x_wconf 76' lang='grc' dir='ltr'>τὰ</span> <span class='ocrx_word' id='word_1_943' title='bbox 3482 4959 3641 5014; x_wconf 75' lang='grc' dir='ltr'>τέκνα</span> <span class='ocrx_word' id='word_1_944' title='bbox 3672 4982 3770 5016; x_wconf 87' lang='grc' dir='ltr'><strong>σου</strong></span> 
     </span>
    </p>
   </div>
   <div class='ocr_carea' id='block_1_114' title="bbox 2115 5045 3774 5124">
    <p class='ocr_par' dir='ltr' id='par_1_124' title="bbox 2115 5045 3774 5124">
     <span class='ocr_line' id='line_1_144' title="bbox 2115 5045 3774 5124; baseline 0 -21"><span class='ocrx_word' id='word_1_945' title='bbox 2115 5048 2365 5122; x_wconf 77' lang='grc' dir='ltr'>ἐμμένειν</span> <span class='ocrx_word' id='word_1_946' title='bbox 2413 5054 2532 5109; x_wconf 85' lang='grc' dir='ltr'>τοῖς</span> <span class='ocrx_word' id='word_1_947' title='bbox 2584 5047 2741 5120; x_wconf 80' lang='grc' dir='ltr'>ἐμοῖς</span> <span class='ocrx_word' id='word_1_948' title='bbox 2789 5045 3193 5123; x_wconf 80' lang='grc' dir='ltr'>προστάγμασι,</span> <span class='ocrx_word' id='word_1_949' title='bbox 3245 5048 3336 5101; x_wconf 84' lang='grc' dir='ltr'><strong>καὶ</strong></span> <span class='ocrx_word' id='word_1_950' title='bbox 3386 5048 3462 5121; x_wconf 82' lang='grc' dir='ltr'>μή</span> <span class='ocrx_word' id='word_1_951' title='bbox 3496 5047 3774 5124; x_wconf 78' lang='grc' dir='ltr'>δειλιάσῃς</span> 
     </span>
    </p>
   </div>
   <div class='ocr_carea' id='block_1_115' title="bbox 2114 5133 3775 5215">
    <p class='ocr_par' dir='ltr' id='par_1_125' title="bbox 2114 5133 3775 5215">
     <span class='ocr_line' id='line_1_145' title="bbox 2114 5133 3775 5215; baseline 0.001 -23"><span class='ocrx_word' id='word_1_952' title='bbox 2114 5137 2316 5212; x_wconf 78' lang='grc' dir='ltr'>θυμοὺς</span> <span class='ocrx_word' id='word_1_953' title='bbox 2352 5135 2640 5213; x_wconf 74' lang='grc' dir='ltr'>βασιλέων,</span> <span class='ocrx_word' id='word_1_954' title='bbox 2695 5135 2730 5206; x_wconf 75' lang='grc' dir='ltr'>ἢ</span> <span class='ocrx_word' id='word_1_955' title='bbox 2780 5133 3008 5198; x_wconf 76' lang='grc' dir='ltr'>ἀπειλὰς</span> <span class='ocrx_word' id='word_1_956' title='bbox 3063 5134 3359 5209; x_wconf 84' lang='grc' dir='ltr'>τυράννων,</span> <span class='ocrx_word' id='word_1_957' title='bbox 3388 5138 3422 5207; x_wconf 78' lang='grc' dir='ltr'><strong>ἢ</strong></span> <span class='ocrx_word' id='word_1_958' title='bbox 3450 5138 3775 5215; x_wconf 71' lang='grc' dir='ltr'>φρυαγμοὺς</span> 
     </span>
    </p>
   </div>
   <div class='ocr_carea' id='block_1_116' title="bbox 3005 5344 3767 5419">
    <p class='ocr_par' dir='ltr' id='par_1_126' title="bbox 3005 5344 3767 5419">
     <span class='ocr_line' id='line_1_146' title="bbox 3005 5344 3767 5419; baseline -0.003 -15"><span class='ocrx_word' id='word_1_959' title='bbox 3005 5344 3027 5381; x_wconf 80' lang='grc'>⁸</span> <span class='ocrx_word' id='word_1_960' title='bbox 3058 5345 3228 5405; x_wconf 84' lang='lat' dir='ltr'><strong>Rom.</strong></span> <span class='ocrx_word' id='word_1_961' title='bbox 3258 5363 3383 5419; x_wconf 81' lang='lat' dir='ltr'><strong>VIII,</strong></span> <span class='ocrx_word' id='word_1_962' title='bbox 3418 5348 3508 5405; x_wconf 89' lang='grc'><strong>17.</strong></span> <span class='ocrx_word' id='word_1_963' title='bbox 3583 5349 3605 5384; x_wconf 81' lang='grc'><strong><em>⁵</em></strong></span> <span class='ocrx_word' id='word_1_964' title='bbox 3637 5352 3767 5406; x_wconf 82' lang='lat' dir='ltr'><strong>Act.</strong></span> 
     </span>
    </p>
   </div>
   <div class='ocr_carea' id='block_1_117' title="bbox 2175 5629 2906 5709">
    <p class='ocr_par' dir='ltr' id='par_1_127' title="bbox 2175 5629 2906 5709">
     <span class='ocr_line' id='line_1_147' title="bbox 2175 5629 2906 5709; baseline -0.004 -20"><span class='ocrx_word' id='word_1_965' title='bbox 2175 5634 2286 5708; x_wconf 86' lang='lat'><strong>(57)</strong></span> <span class='ocrx_word' id='word_1_966' title='bbox 2323 5632 2485 5706; x_wconf 79' lang='lat' dir='ltr'><strong>Reg.,</strong></span> <span class='ocrx_word' id='word_1_967' title='bbox 2517 5629 2906 5709; x_wconf 67' lang='grc' dir='ltr'>προσκύνησιν.</span> 
     </span>
    </p>
   </div>
  </div>
