4092 6218
332 0 648 7 ΤηεΤ--τ-
713 0 734 2 -
775 0 1263 4 ——-—-—-—-————

363 386 528 449 1073

1493 386 1759 448 SERMO
1802 388 1880 447 IN
1926 388 2294 450 SANCTUM
2343 389 2670 455 PASCHA.

3623 384 3778 445 1074

361 515 812 594 αἱρεσιάρχων,ἣ
859 520 987 590 πῦρ,
1021 518 1054 586 ἢ
1103 516 1277 596 ξίφος,
1325 517 1359 585 ἢ
1406 516 1589 593 θηρία,
1639 518 1674 586 ἦ
1716 518 1984 596 ἀφαιρέσει

2099 582 2103 590 _
2137 521 2475 578 fremitusve
2503 519 3047 590 haeresiarcharum,
3081 520 3186 574 aut
3227 517 3445 588 ignem,
3491 515 3776 589 gladium,

371 608 702 683 χρημάτων,
811 606 1127 680 κτημάτων,
1179 609 1213 677 ἣ
1274 607 1483 674 οἰκιῶν,
1525 609 1559 675 ἢ
1616 607 1850 680 ὁμοίων·
1884 604 2013 664 Οῗαν

365 697 469 772 γὰρ
519 695 608 751 καὶ
657 693 900 768 δόξουσιν
931 697 982 750 οἱ
1028 691 1332 772 παραϐάται
1363 697 1550 766 ἧτταν,
1586 697 2012 766 ἡττηθήσονται·

361 784 454 839 καὶ
487 781 604 840 ο⁹ἷαν
637 783 844 860 βουλὴν
881 782 1290 860 βουλεύσονται,
1324 785 1434 860 ἐγὼ
1485 782 1835 840 διασκεδάσω·
1871 782 2019 860 ἔχεις

361 873 464 950 γὰρ
525 873 584 930 ἐκ
641 873 910 948 θεμελίων
965 875 1065 944 τὴν
1121 873 1344 953 περιῦάν
1403 875 1493 930 καὶ
1562 879 1734 944 ζῶσαν
1794 874 2014 951 πέτραν.

2129 611 2301 678 feras,
2357 615 2455 666 aut
2515 610 2873 682 direptiones
2923 624 3098 680 opum
3155 605 3240 662 vel
3311 606 3773 677 possessionum,

2128 700 2508 756 domorumve
2539 704 2639 754 aut
2670 697 2977 752 similium.
3003 698 3430 766 Quamcumque
3463 697 3620 750 enim
3652 692 3772 748 cla-

2128 789 2260 844 dem
2293 789 2605 844 decernent
2635 792 3099 859 transgressores
3137 785 3243 854 illi,
3295 784 3561 839 eamdem
3597 782 3774 838 susti-

2127 877 2398 933 nebunt:
2451 882 2507 932 et
2555 876 2949 948 quodcunque
2998 873 3310 930 consilium
3358 871 3619 940 inierint,
3670 887 3772 940 ego

2127 965 2426 1038 dissipabo
2461 985 2476 1037 ς
2509 965 2692 1020 habes
2723 963 2878 1020 enim
2913 981 2947 1020 a
2995 961 3396 1018 fundamentis
3423 961 3655 1016 ﬁrmam
3686 958 3771 1015 vi-

2125 1070 2375 1126 vamque
2406 1063 2650 1126 petram.
2682 1055 2888 1108 Arnen.

361 963 564 1036 Ἀμήν.

1179 1312 1259 1372 ΙΝ
1303 1313 1503 1372 TRES
1549 1309 2015 1382 SEQUENTES
2057 1309 2433 1370 HOMILIAS
2478 1309 2940 1375 ADMONITIO.

430 1433 584 1490 392
617 1434 740 1489 Tres
788 1443 1069 1507 sequentes
1118 1435 1375 1493 homilia
1417 1438 1638 1492 tantam
1687 1443 1876 1490 mutuo
1912 1437 2224 1506 prae/erunt
2265 1433 2406 1506 styli
2453 1435 2803 1506 a/ﬁnitatem,
2855 1440 2919 1487 ut
2961 1431 3204 1498 eiusdem
3248 1428 3422 1501 plane
3481 1430 3768 1502 scriptoris

353 1535 467 1576 esse
503 1520 814 1577 videantur.
865 1524 927 1577 In
969 1523 1249 1580 codicibus
1296 1539 1464 1593 porro
1517 1523 1844 1596 quibusdam
1891 1523 2190 1580 Athanasio
2247 1523 2620 1590 ascribuntur,
2687 1524 2748 1577 in
2796 1521 3081 1577 nonnullis
3158 1519 3370 1574 Basilio
3413 1519 3764 1576 Seleuciensi.

351 1613 426 1666 Et
481 1609 700 1682 quidem
756 1615 917 1666 tanta
969 1613 1060 1667 hic
1115 1629 1241 1667 cum
1297 1613 1674 1669 Athanasiano
1731 1613 1878 1685 stle
1925 1615 2164 1669 occurrit
2215 1613 2612 1684 discrepantia,
2671 1621 2733 1667 ut
2783 1612 3032 1683 quisquis
3080 1626 3206 1665 eum
3260 1608 3352 1664 vel
3429 1609 3768 1680 primoribus

353 1699 531 1754 labris
558 1702 824 1771 attigerit,
857 1701 1018 1757 hasce
1045 1702 1136 1756 illi
1163 1702 1423 1757 homilias
1450 1702 1766 1774 abjudicare
1793 1702 1937 1757 nihil
1967 1707 2280 1759 cunctetur.
2307 1706 2457 1759 Nam
2489 1704 2550 1758 in
2600 1701 2902 1757 Athanasio
2947 1699 3212 1756 orationis
3259 1715 3430 1768 genus
3454 1699 3580 1770 plus
3607 1699 3768 1754 habet

356 1804 673 1858 nervorum,
699 1790 830 1860 plus
850 1789 1076 1860 judicii,
1107 1792 1509 1864 gravitatisque
1540 1809 1553 1846 :
1587 1793 1677 1846 hic
1706 1799 1890 1847 autem
1928 1793 2126 1863 stylus,
2157 1793 2377 1863 elegans
2415 1791 2658 1863 quidem,
2707 1790 2803 1848 sed
2853 1789 3091 1855 ﬂosculis
3139 1787 3414 1860 tropisque
3474 1787 3766 1843 rhetoricis

356 1877 671 1933 redundans
731 1895 750 1934 :
798 1881 896 1950 qui
941 1881 1156 1935 Basilio
1200 1879 1532 1937 Seleuciensi
1577 1881 1787 1936 ascribi
1843 1882 2028 1936 verius
2079 1883 2245 1952 possit
2301 1898 2468 1952 quam
2527 1880 2846 1935 Athanasio.
2902 1881 3016 1934 Huc
3059 1877 3327 1933 accedunt
3367 1893 3514 1932 voces
3568 1877 3762 1933 multa:

352 1967 509 2038 apud
557 1966 922 2024 Athanasium
977 1970 1281 2039 inusitatae,
1327 1970 1512 2040 quales
1572 1973 1699 2026 sunt
1747 1970 1880 2038 illae,
1944 1967 1984 2022 ἀι

2099 1969 2204 2039 εία,
2248 1974 2303 2026 et
2364 1973 2690 2042 μεταμαθεῖν
2750 1985 2868 2040 pro,
2921 1967 3221 2042 pmnitere,
3271 1974 3325 2023 et
3369 1966 3581 2022 similes
3625 1981 3755 2037 per-

351 2056 570 2113 multa.

421 2146 672 2202 Primam
700 2151 884 2203 autem
913 2146 1200 2204 homiliam
1227 2148 1294 2204 de
1321 2149 1595 2206 Paschate
1618 2150 1869 2220 primum
1913 2148 2087 2205 edidit
2119 2155 2186 2206 P.
2232 2149 2582 2218 Combeﬁsius
2633 2149 2695 2204 in
2743 2148 3000 2204 Auctario
3057 2162 3173 2203 suo.
3221 2146 3472 2202 Secunda
3516 2148 3648 2202 item
3680 2147 3755 2204 de

345 2235 631 2302 Paschate,
664 2238 726 2290 in
742 2236 991 2293 editione
1014 2239 1322 2294 Parisiensi
1349 2240 1488 2293 anni
1523 2240 1654 2293 1627
1681 2239 1826 2294 edita
1852 2246 1946 2306 est,
1977 2255 2114 2293 cura
2158 2243 2208 2293 et
2249 2237 2431 2293 studio
2485 2239 2786 2294 Holsteinii
2821 2254 2946 2292 cum
2993 2237 3446 2308 interpretatione
3482 2237 3744 2308 ejusdem.

341 2329 540 2381 Postea
566 2340 688 2382 vero
707 2326 1046 2382 emendatior
1071 2327 1276 2399 prodiit
1306 2327 1364 2383 in
1395 2328 1653 2384 Auctaria
1683 2327 1927 2399 ejusdem
1955 2329 2264 2398 Combe/isti
2309 2343 2434 2382 cum
2470 2343 2611 2383 nova
2649 2327 2896 2397 ejusdem
2930 2329 3396 2398 interpretatione.
3440 2328 3644 2392 Tertia,
3683 2328 3748 2382 de

338 2414 664 2470 Ascensione
693 2417 935 2482 Domini,
965 2416 1212 2486 primum
1237 2417 1452 2488 publici
1468 2418 1620 2488 juris
1641 2420 1788 2488 [acta
1816 2425 1897 2472 est
1927 2417 1988 2471 in
2015 2416 2252 2472 editione
2308 2417 2774 2483 Commeliniana,
2823 2418 3121 2488 interprete
3159 2419 3368 2473 Joanne
3423 2417 3739 2488 Lampadio,

334 2503 572 2559 secundo
603 2519 736 2560 cusa
761 2504 877 2579 fuit
907 2506 965 2560 in
995 2505 1124 2561 edit.
1160 2508 1342 2562 Paris.
1395 2523 1528 2562 ann.
1573 2507 1730 2561 1627.
1786 2508 2034 2563 Tertium
2075 2506 2135 2562 in
2187 2506 2445 2564 Auctario
2484 2507 2791 2578 Combeﬁsii
2841 2505 3147 2562 emendatio
3184 2507 3392 2578 prodiit
3435 2523 3561 2562 cum
3606 2522 3744 2562 noua

331 2591 585 2663 ejusdem
615 2593 925 2665 Combeﬁsii
952 2595 1428 2666 interpretatione.

1509 2828 1632 2879 ΤΟΥ
1671 2829 1758 2879 ΕΝ
1795 2826 2023 2881 ΔΓΙΟΙΣ
2065 2828 2330 2880 ΙΙΑΤΡΟΣ
2371 2830 2562 2882 ΗΜΩΝ

1691 2967 2420 3066 ΑΘΑΝΑΣΙΟΥ

1530 3134 1746 3189 ΔΟΓΟΣ
1788 3137 1900 3188 ΕΙΣ
1938 3135 2019 3185 ΤΟ
2059 3135 2262 3188 APION
2302 3137 2564 3191 ΠΑΣΧΑ.

1415 3407 1507 3502 S.
1585 3407 1696 3501 P.
1772 3407 1890 3502 N.
1966 3407 2684 3504 ATHANASII

1539 3561 1772 3618 SERMO
1811 3562 1890 3618 IN
1923 3561 2240 3621 SANCTUM
2272 3563 2554 3620 PASCHA.

399 3788 448 3841 1.
485 3784 550 3840 Ei
585 3788 707 3848 ταῖς
734 3790 842 3842 τῶν
873 3785 1118 3863 ἀγγέλων
1153 3788 1271 3858 ἐνῆν
1318 3791 1456 3866 πρὸς
1504 3791 1565 3846 τὸ
1614 3793 1783 3868 παρὸν
1843 3793 1984 3868 χρή-

2171 3794 2468 3851 l.Etiamsi
2503 3793 2722 3866 linguis
2742 3795 3084 3867 angelorum
3102 3793 3632 3864 impraesentiarum
3657 3793 3744 3848 uti

326 3883 519 3937 σασθαι
551 3872 846 3950 γλώτταις,
879 3875 925 3930 εί
977 3877 1156 3939 φωνὰς
1211 3877 1504 3941 ἀθανάτους
1536 3882 1569 3949 ἡ
1615 3885 1723 3935 τῶν
1774 3883 1983 3951 θνητῶν

326 3961 594 4033 ἐκτήσατο
654 3963 831 4042 φύσις·
896 3963 1169 4038 ἐτόλμησε
1239 3967 1402 4040 μόλις
1463 3971 1575 4041 (58)
1625 3969 1683 4023 ἂν
1735 3969 1829 4031 τὰς
1882 3977 1982 4039 τῆς

327 4051 522 4124 ἑορτῆς
575 4051 811 4124 ὑμνῆσαι
863 4051 1088 4130 δωρεάς,
1118 4057 1253 4111 Νυνῖ
1305 4054 1362 4110 δὲ
1407 4055 1626 4130 γλῶττα
1671 4058 1838 4127 θνητή
1892 4058 1982 4112 καὶ

323 4139 561 4210 πήλινον
594 4138 823 4216 ὄργανον
854 4141 904 4197 τί
939 4144 1032 4215 μὲν
1068 4144 1126 4198 ἂν
1162 4143 1330 4217 εἷ’ποι,
1361 4144 1416 4199 τί
1449 4143 1506 4200 δὲ
1534 4146 1623 4201 καὶ
1673 4146 1980 4223 φθὲγξοιτο,

321 4229 458 4304 ἅπερ
490 4232 525 4296 ἡ
561 4229 817 4301 σύμπασα
845 4231 1017 4293 κτίσις
1041 4233 1408 4311 ὁμοφωνοῦσα
1438 4235 1574 4308 πρὸς
1610 4233 1755 4306 ἀξίαν
1791 4235 1978 4308 ὑμνεῖν

322 4317 427 4372 ούκ
457 4315 1047 4394 ἰσχύει;Ὑπερϐαινει
1097 4323 1200 4397 γὰρ
1250 4321 1473 4392 ἀληθῶς
1522 4322 1749 4385 κτίσεως
1810 4324 1981 4397 μέτρα

321 4406 391 4460 τά
419 4404 571 4484 δῶρα
600 4415 700 4476 τῆς
742 4411 993 4485 χάριτος.
1024 4410 1256 4473 Θάνατος
1309 4412 1359 4484 ἐξ
1411 4411 1711 4487 ἀνθρώπων
1757 4410 1976 4468 ἐλαύνε-

322 4515 434 4564 ται,
469 4495 557 4550 καὶ
602 4491 738 4566 ᾅδης
767 4499 866 4566 τήν
899 4496 1138 4569 πολυετῆ
1174 4497 1476 4555 δυναστείαν
1527 4500 1854 4555 ἀποτίθεται·
1890 4503 1980 4556 καὶ

318 4583 473 4657 γένος
523 4585 823 4661 ἀνθρώπων
873 4588 1142 4662 ἁμαρτίας
1200 4589 1354 4661 νόμῳ
1407 4587 1693 4644 κατάδικον
1753 4594 1822 4663 τῇ
1880 4598 1979 4660 τῆς

320 4673 554 4748 χάριτος
588 4671 765 4749 δωρεᾷ
800 4674 1102 4751 βασιλεύειν
1137 4675 1462 4735 διδάσκεται.
1493 4681 1605 4748 Τῆς
1650 4678 1830 4732 τοίνυν
1879 4688 1978 4734 Δε-

317 4767 584 4828 σποτικῆς
617 4762 812 4836 ἑορτῆς
845 4765 873 4818 ὁ
904 4765 1293 4839 πρωτοστάτης
1328 4767 1422 4838 μὲν
1471 4774 1570 4836 τῆς
1623 4766 1976 4830 ἀπολαύσεως

323 4848 629 4924 ἄνθρωπος,
664 4852 925 4913 κοινωνὸς
957 4850 1014 4907 δὲ
1044 4860 1141 4922 τῆς
1187 4855 1416 4930 χάριτος
1468 4857 1503 4924 ἡ
1555 4853 1725 4924 λοιπή
1774 4856 1977 4932 γίνεται

319 4938 512 4999 κτίσις·
549 4939 638 4995 Ἐν
668 4939 962 5012 ἀνθρώπου
992 4943 1091 5016 γὰρ
1129 4947 1312 5020 μορφῇ
1356 4945 1595 5018 σήμερον
1639 4947 1667 4999 ὁ
1716 4953 1818 5014 τῆς
1876 4945 1973 5022 φύ-

321 5046 454 5086 σεως
483 5029 600 5098 (59)
627 5027 986 5085 ἀνεπλάττετο
1020 5028 1216 5103 δῆμος.
1251 5031 1410 5090 Οὕτω
1440 5032 1544 5108 γὰρ
1576 5032 1788 5096 Παῦλος
1819 5036 1846 5088 ὁ
1876 5042 1974 5104 τῆς

320 5112 547 5216 χάριτος
583 5118 856 5226 ,μαθητῂἳ
895 5119 1298 5226 περιήγγειλεν·
1336 5144 1364 5172 ι(
1413 5118 1600 5226 gift;
1660 5121 1710 5175 ἐν
1762 5124 1974 5198 Χριστῷ
2003 5159 2045 5226 C

317 5202 477 5268 καινή
513 5202 704 5276 κτίσις,
735 5203 803 5258 τὰ
831 5204 1037 5281 ἀρχαῖα
1075 5205 1378 5280 παρῆλθεν
1413 5204 1531 5262 ἰδοὺ
1581 5209 1769 5283 γὲγονε
1814 5209 1972 5264 καινᾶ

314 5287 384 5342 τὰ
412 5289 606 5346 πάντα.
644 5297 816 5363 »Μιᾷ
866 5297 1020 5370 φωνῇ
1081 5293 1313 5356 ἑλκύσας
1368 5295 1435 5350 τὰ
1491 5295 1777 5368 σύμπαντα
1832 5300 1970 5372 πρὸς

313 5373 588 5432 ἀνάκτισιν
618 5380 754 5453 (60),
785 5382 814 5436 ὁ
843 5389 944 5452 τῆς
988 5381 1216 5445 κτίσεως
1267 5380 1601 5460 δημιουργὸς
1661 5387 1876 5458 ἀνὲστη.
1910 5388 1972 5443 Ἡ

385 5502 409 5537 ⁹
438 5502 489 5558 ΙΙ
519 5503 652 5560 Cor.
682 5521 740 5573 ν,
774 5507 860 5562 17.

389 5628 506 5774 (53g
535 5627 711 5693 Μόλις
741 5633 904 5691 deest
929 5634 992 5690 in
1023 5633 1374 5694 Colbertino.

391 5701 484 5772 (59
533 5701 810 5774 Colbert.,
840 5711 937 5774 τῆς
966 5705 1211 5770 κτίσεως.

391 5701 506 5774 (59)
533 5701 810 5780 Colbert.,
840 5711 937 5778 τῆς
966 5705 1211 5770 κτίσεως.

2099 3882 2322 3946 liceret.
2372 3883 2604 3938 etiamsi
2675 3882 3112 3938 immortalibus
3198 3879 3460 3937 mortalis
3535 3885 3745 3936 natura

2095 3973 2337 4027 vocibus
2370 3972 2658 4027 instructa
2689 3975 2879 4038 esset;
2911 3971 3008 4025 vix
3036 3970 3277 4024 auderet
3315 3970 3447 4026 festi
3498 3969 3743 4040 hujusce

2095 4061 2210 4115 diei
2241 4062 2394 4115 dona
2443 4060 2777 4130 praedicare.
2820 4063 2951 4114 Jam
2996 4075 3130 4114 vero
3192 4058 3454 4114 mortalis
3517 4057 3742 4130 lingua,

2093 4149 2316 4204 luteum
2350 4148 2995 4218 instrumentum,quid
3027 4147 3201 4214 dicat,
3226 4147 3436 4218 quidve
3467 4147 3743 4218 loquatur

2091 4255 2158 4293 ea
2191 4255 2318 4308 qua}
2351 4254 2421 4292 ne
2451 4242 2574 4291 tota
2602 4237 2840 4308 quidem
2873 4253 3114 4292 concors
3145 4252 3341 4290 rerum
3373 4240 3602 4306 natura,
3636 4253 3738 4307 pro

2092 4326 2473 4397 reidignitate
2490 4326 2798 4381 decantare
2813 4324 3042 4381 valeat?
3073 4325 3301 4381 Naturae
3325 4341 3464 4380 sane
3495 4327 3737 4380 modum

2089 4419 2372 4485 superant
2401 4405 2806 4484 gratiie'dona.
2841 4413 3081 4469 Pellitur
3106 4430 3263 4468 mors
3294 4413 3366 4468 ab
3397 4413 3738 4470 hominibus

2090 4503 2308 4558 amittit
2341 4503 2605 4557 infernus
2643 4502 2992 4557 diuturnum
3048 4501 3193 4556 illud
3242 4501 3555 4574 imperium
3591 4520 3603 4557 :
3636 4520 3735 4574 ge-

2089 4608 2321 4663 nusque
2355 4591 2662 4646 hominum
2699 4590 2921 4661 peccati
2954 4589 3078 4663 lege
3117 4591 3488 4656 damnatum,
3531 4591 3734 4662 gratize

2089 4681 2240 4736 dono
2272 4695 2511 4750 regnare
2543 4680 2804 4734 docetur.
2843 4679 3126 4734 Dominici
3158 4679 3356 4750 itaque
3391 4679 3525 4735 festi
3556 4679 3731 4734 homo

2087 4768 2377 4839 praecipue
2407 4785 2474 4822 ac
2504 4768 2696 4838 primo
2727 4766 2930 4822 ordine
2963 4769 3216 4821 fructum
3253 4765 3515 4838 percipit,
3573 4765 3728 4835 ejus-

2087 4855 2338 4925 demque
2389 4856 2584 4927 gralim
2639 4855 2931 4926 particeps
2978 4858 3065 4910 est
3114 4854 3340 4926 reliqua
3389 4859 3618 4910 natura.
3667 4855 3730 4909 In

2086 4943 2344 4999 hominis
2377 4947 2632 5014 ﬁamque
2651 4945 2838 5000 forma
2866 4943 3177 4999 hodietota
3191 4959 3384 4998 rerum
3403 4947 3732 4998 creatarum

2085 5032 2403 5088 multitudo
2437 5034 2806 5087 reformatur.
2845 5033 2928 5087 Ita
2958 5032 3116 5087 enim
3157 5031 3378 5087 Paulus
3423 5032 3622 5105 gratiae
3655 5033 3737 5088 di-

2084 5121 2349 5194 scipulus
2381 5122 2718 5194 praedicavit
2746 5139 2758 5176 :
2795 5145 2822 5172 ‹‹
2857 5122 2914 5177 Si
2941 5138 3058 5193 qua
3089 5121 3146 5176 in
3167 5121 3397 5177 Christo
3420 5139 3568 5177 nova
3583 5138 3736 5178 crea-

2082 5215 2216 5266 tura
2252 5227 2264 5264 :
2298 5215 2490 5266 vetera
2527 5211 2889 5265 transierunt
2923 5227 2935 5264 :
2969 5225 3102 5266 ecce
3154 5212 3309 5266 facta
3355 5213 3496 5266 sunt
3537 5211 3738 5266 omnia

2081 5316 2230 5355 nova
2260 5301 2301 5353 9.
2333 5321 2362 5350 ››
2398 5299 2662 5354 Surrexit
2689 5299 2845 5354 enim
2879 5303 3099 5354 natura:
3146 5299 3376 5371 opifex;
3411 5305 3587 5370 atque
3618 5317 3737 5354 una

2085 5405 2221 5445 voce
2269 5388 2470 5444 omnia
2519 5387 2695 5444 traxit
2736 5388 2809 5444 ad
2865 5405 3074 5444 novam
3141 5388 3516 5445 creationem.
3582 5387 3729 5443 Nam

2143 5641 2257 5712 (60)
2285 5643 2371 5697 Ita
2396 5640 2535 5714 Reg.
2569 5639 2722 5696 Editi
2751 5655 2886 5698 vero
2917 5643 2974 5696 et
3003 5639 3182 5696 Golb..
3227 5639 3361 5715 πρὸς
3411 5640 3714 5694 ἀνάστασιν.

4079 4417 4081 4562 l
