2046 3109
185 197 262 228 ιοτδ
350 188 354 189 ⁷
765 192 797 219 s.
823 189 1080 219 ATHANASIUS.
1097 188 1305 219 —SPURIA.
1812 189 1891 219 «076

186 263 343 292 Salvatoris
358 261 545 293 resurrectio,
563 258 729 288 communis
745 257 949 285 universorum
964 257 1009 283 est

1076 252 1117 291 ’ἂρ
1132 255 1180 281 τοῦ
1194 256 1324 290 Σωτῆρος
1340 253 1481 284 ἀνάστασις
1495 253 1575 287 κοινῆ
1590 254 1644 281 τῶν
1673 254 1781 281 πάντων
1807 253 1892 293 ὑπάρ-

186 317 261 336 nova
277 308 395 336 crestio.
412 307 494 339 Quod
512 305 574 341 ipse
596 302 680 332 nobis
713 303 823 330 Paulus
854 300 1011 329 annuntiat

187 353 233 381 his
247 353 344 381 verbis
362 361 367 379 ε
388 362 398 375 ι
419 352 484 387 Ipsa
500 351 634 377 creatura
650 347 822 375 liberabitur
837 355 854 373 a
872 345 1011 373 servitute

187 397 393 434 corruptionis,
411 396 438 423 in
458 395 620 422 libertatem
634 392 762 420 filiorum
781 392 828 419 Dei
846 391 899 424 ¹⁰,››
916 390 942 417 id
956 391 1011 423 est,

188 442 403 478 corruptionem
420 437 729 476 deponct,servitutem
747 438 842 470 exuet,
859 435 1012 462 immorta-

189 487 270 514 litem
292 486 423 522 recipiet,
450 484 484 511 ad
511 483 661 510 meliorem
683 481 877 508 transferetur
891 481 1011 507 sortem.

189 531 314 559 Homine
339 530 484 566 siquidem
518 528 552 555 ad
589 525 835 554 immortalitatem
865 525 1012 558 renovato,

191 575 288 603 omnis
304 574 412 610 pariter
427 574 558 600 creatura
573 579 638 607 quas
663 570 727 605 ejus
752 569 846 606 gratia
871 568 1015 604 producta

194 619 250 648 fuit
265 618 462 646 renovabitur.
642 646 647 651 ι

228 665 254 691 2.
273 663 386 690 Creavit
401 662 476 688 enim
490 661 567 688 Deus
584 660 659 687 hanc
675 667 810 695 magnam
835 665 933 685 rerum
950 656 1015 684 uni-

193 707 340 736 versitatis
356 707 459 734 urbem
482 714 488 732 :
513 704 633 740 solaque
652 711 721 731 voce
746 703 840 730 multa
855 701 1014 738 produxit:

193 752 258 781 sola
272 760 340 779 voce
355 751 486 779 omnium
500 748 696 777 substantiam
710 747 841 781 extraxit,
858 748 946 782 atque
956 746 1017 782 opi-

194 797 259 825 ﬁcis
279 795 427 832 sapientia:
445 803 503 822 sure
519 794 576 821 vim
593 792 730 821 ostendit.
757 793 797 820 Ac
820 791 850 819 in
875 790 1018 819 creaturis

193 841 272 870 velut
287 841 316 868 in
329 839 436 868 illustri
453 838 562 874 templo
578 846 663 866 suam
680 836 849 873 imaginem,
865 836 1015 864 hominem

195 885 306 914 scilicet
327 892 414 920 quem
443 885 591 911 creaverat
614 881 715 910 erexit.
746 881 905 917 Oportebat
919 880 1018 915 itaque

194 930 259 966 ejus
274 929 391 965 propria
418 930 555 955 renovata
582 927 722 963 imagine,
754 925 849 962 ipsam
878 924 1018 961 imaginis

195 975 315 1002 domum
331 982 390 1000 una
402 974 464 1008 jam
481 972 624 1000 renovari.
650 971 761 998 Horum
777 970 862 998 nobis
891 978 1018 1005 praesens

196 1019 368 1047 solemnitas
385 1017 504 1054 sponsio
520 1019 573 1044 est.
591 1016 661 1051 Ejus
682 1024 771 1043 causa
790 1014 935 1042 clamabat
950 1015 1018 1042 bea-

194 1068 244 1091 tus
273 1062 381 1090 Paulus
412 1071 418 1090 :
449 1074 463 1087 ‹‹
494 1062 614 1097 Oportet
637 1060 715 1088 enim
747 1058 936 1095 corruptibile
966 1058 1020 1086 hoc

195 1108 317 1136 induere
338 1106 597 1142 incorruptionem,
623 1106 652 1133 et
673 1103 796 1132 mortale
820 1104 874 1131 hoc
899 1103 1021 1131 induere

196 1151 448 1180 immortalitatem
464 1152 495 1176 “.
514 1162 527 1174 η
551 1150 677 1185 Respuet
701 1148 779 1176 enim
805 1148 908 1176 mortis
927 1148 1020 1184 legem

197 1205 314 1232 corpus,
339 1194 568 1222 immortalitatis
604 1193 728 1222 ﬂoribus
752 1195 934 1221 coronatum.
963 1193 1021 1220 Nec

198 1240 292 1268 ullum
317 1239 442 1276 reperiet
470 1239 565 1266 locum
593 1238 752 1273 corruptio,
784 1238 861 1265 393
890 1237 1022 1265 elucente

199 1284 428 1320 incorruptione.
446 1284 467 1311 Ο
494 1291 630 1318 magnam
656 1290 753 1310 rerum
778 1281 987 1309 mutationem!
1006 1290 1022 1309 ο

199 1329 417 1358 conversionem
446 1336 509 1364 quas
534 1329 637 1362 prater
670 1334 753 1362 spem
779 1326 902 1353 accidit!
927 1334 943 1353 ο
959 1334 1022 1353 ma-

200 1382 291 1410 gnum
316 1373 428 1401 luctum
448 1373 476 1399 in
508 1380 642 1405 magnam
677 1379 795 1398 versum
829 1369 980 1398 iretitiaml
1007 1379 1023 1398 ο

201 1419 341 1455 gaudium
357 1417 552 1445 calamitatem
568 1415 734 1451 excipiens!
754 1417 849 1451 Auget
873 1415 950 1442 enim
967 1414 1023 1442 diei

202 1463 269 1491 festi
297 1463 409 1496 laudes,
437 1462 546 1489 Veteris
571 1461 701 1496 Novique
725 1459 903 1487 Testamenti
929 1467 1023 1487 recor-

203 1507 292 1534 datio.
309 1509 431 1534 Eramus
448 1506 553 1541 quippe
571 1507 636 1533 ante
648 1505 675 1532 in
693 1504 827 1539 paradiso
844 1513 878 1532 ex
893 1504 939 1531 Dei
957 1512 1025 1540 erga

205 1551 340 1579 homines
355 1551 546 1586 benignitate,
565 1549 644 1577 nullo
669 1549 768 1577 labore
792 1551 904 1584 partam
928 1549 1024 1584 possi-

203 1596 306 1623 dentes
322 1596 512 1630 voluptatem.
531 1594 658 1621 Accessit
677 1601 799 1629 serpens
823 1593 945 1620 eﬁ'ossor
960 1601 1023 1620 mu-

202 1647 313 1672 rorum,
331 1639 379 1674 qui
394 1624 541 1673 ejusmodi
558 1624 735 1673 voluptatem
752 1637 885 1671 abstulit,
903 1639 931 1664 et
946 1638 1022 1673 quod
1040 1624 1062 1658 α

203 1691 297 1719 genus
311 1682 503 1718 exspoliatum
532 1683 634 1714 fuerat,
660 1690 742 1709 reum
771 1681 839 1718 egit,
857 1681 972 1709 inventa
988 1682 1023 1709 ad

203 1729 325 1755 mortem
344 1727 398 1761 via,
423 1727 556 1762 prazcepti
580 1725 674 1753 silicet
698 1726 927 1761 trangressione.
953 1726 1025 1753 Hinc

204 1771 350 1805 infernus,
367 1771 475 1807 apertis
488 1770 608 1804 foribus,
625 1769 777 1797 hominum
793 1770 1023 1805 excepitgenus:

205 1819 293 1852 atque
309 1815 426 1851 pariens
443 1817 556 1848 natura,
569 1814 743 1842 horrendam
763 1813 835 1840 vidit
856 1813 946 1849 prolis
965 1822 1024 1841 suae

204 1862 328 1888 mortem
350 1868 355 1886 :
373 1868 405 1887 ac
419 1862 521 1895 partus
536 1859 629 1893 labor,
645 1858 691 1886 via
715 1858 834 1885 eﬁ'ectus
856 1860 899 1886 est
924 1859 959 1885 ad
977 1866 1022 1885 se-

203 1904 350 1941 pulcrum.
382 1905 506 1939 Eratque
534 1911 612 1931 mors
636 1911 670 1930 ex
692 1902 909 1939 trangressione
932 1902 1025 1930 hmres

201 1949 285 1982 facta,
303 1949 435 1985 singulas
451 1950 551 1975 zetatcs
567 1947 640 1975 citra
658 1947 769 1975 obicem
782 1947 950 1983 abripiens;
967 1955 1023 1975 non

202 1993 353 2030 embryoni
379 2001 512 2028 parcens,
540 2001 596 2019 non
627 1994 771 2019 recentem
794 1995 908 2027 partum
936 1992 1025 2027 respi-

201 2038 293 2071 ciens,
311 2046 366 2065 non
384 2038 528 2064 miserans
545 2037 701 2072 ephebum,
721 2044 779 2063 non
795 2035 963 2071 relinquens
976 2037 1023 2072 ju-

202 2090 301 2114 venes,
319 2090 374 2108 non
390 2081 511 2108 reverita
526 2089 620 2113 sones,
638 2089 694 2109 non
711 2081 785 2108 dans
795 2081 907 2108 veniam
927 2089 1025 2116 pecca-

201 2125 333 2158 toribus;
351 2125 423 2151 nihil
442 2125 564 2152 rcverita
587 2125 738 2160 justorum
764 2124 938 2161 catalogum,
967 2133 1024 2153 non

202 2170 356 2206 prophetis
372 2178 505 2205 parcens,
524 2178 580 2196 non
597 2169 822 2206 praetermittens
832 2170 1025 2198 sacerdotem.

201 2215 259 2242 Sed
287 2214 440 2242 adversum
457 2222 558 2241 omnes
571 2214 770 2250 explicabatur
788 2214 891 2242 mortis
907 2223 1023 2251 sagena,

201 2266 267 2295 quae
282 2258 310 2285 in
327 2259 533 2294 quodcumque
549 2258 693 2285 incidebat
709 2258 863 2294 abriperet.

1066 307 1111 336 χει
1137 298 1274 329 ἀνάκτισις
1291 299 1407 335 (61-62).
1424 298 1475 327 Καὶ
1499 296 1579 325 τοῦτο
1605 297 1713 329 Παῦλος
1733 300 1801 335 ἡμῖν
1817 298 1895 336 εὐαγ-

1065 341 1212 379 γελίζεται,
1222 342 1321 380 λέγων,
1332 342 1374 370 ὅτι
1392 354 1406 368 ι(
1422 341 1474 371 Καὶ
1489 342 1556 377 αὐτὴ
1607 342 1693 373 κτίσις
1710 342 1895 381 ἐλευθερωθή-

1066 397 1140 414 σεται
1155 386 1184 414 ὲκ
1198 390 1248 422 τῆς
1265 386 1392 418 δουλείας
1407 390 1457 421 τῆς
1473 390 1575 426 φθορᾶς
1598 386 1636 418 εἲς
1661 387 1710 421 τὴν
1738 387 1892 426 ἐλευθερίαν

1065 433 1120 458 τῶν
1135 431 1235 458 τέκνων
1251 433 1301 459 τοῦ
1316 433 1391 459 Θεοῦ·
1410 443 1425 457 ››
1443 434 1565 458 τουτὲο-τι
1592 431 1642 465 τήν
1669 431 1772 470 φθορὰν
1799 431 1894 459 ἀποτί-

1068 476 1161 510 θεται,
1193 477 1241 510 τήν
1281 474 1404 503 δουλείαν
1443 474 1627 509 ἆποδύσεται,
1662 476 1711 510 τήν
1751 476 1894 504 ἀθανασίαν

1068 520 1252 557 ἀπολήψεται,
1267 520 1336 558 πρὸς
1361 520 1491 556 ἀμείνονα
1517 521 1711 556 μεταστήσεται
1736 520 1824 555 λῆξιν.
1850 521 1896 558 Τῷ

1069 565 1121 603 γὰρ
1138 565 1272 603 ἀνθρώπῳ
1286 565 1354 602 πρὸς
1378 564 1525 603 ἀφθαρσίαν
1551 566 1792 602 καινουργουμένῳ
1814 565 1858 592 καὶ
1876 567 1895 600 ἡ

1070 608 1105 637 δι’
1120 609 1198 637 αὐτὸν
1215 610 1385 647 παραχθεῖσα
1399 609 1649 644 ἀνακαινισθήσεται
1664 609 1761 640 κτίσις,

1105 656 1132 683 2.
1149 655 1258 683 Ἐκτισε
1288 654 1334 690 μὶν
1363 654 1412 692 γὰρ
1430 654 1444 681 ὁ
1468 654 1533 685 Θεὸς
1560 654 1609 688 τήν
1642 653 1762 692 μεγάλην
1793 654 1896 690 ταύτην

1071 702 1121 734 τῆς
1135 699 1248 729 κτίσεως
1263 698 1353 726 πόλιν·
1370 700 1448 737 φωνῇ
1465 698 1534 735 μόνῃ
1547 699 1597 733 τήν
1612 701 1666 725 τῶν
1682 698 1795 726 πολλῶν
1825 710 1897 737 παρ’

1071 744 1181 782 αγωγήν
1198 742 1394 780 ποιησάμενος,
1411 745 1489 781 φωνῇ
1507 743 1575 780 μόνῃ
1599 744 1648 777 τὴν
1673 746 1727 770 τῶν
1751 743 1822 771 ὅλων
1850 744 1897 771 οὐ-

1072 788 1130 816 σίαν
1161 787 1285 823 ἑλκύσας,
1309 791 1359 822 τῆς
1389 786 1591 825 δημιουργικῆς
1619 787 1701 815 αὐτοῦ
1726 788 1820 827 σοφίας
1846 789 1899 824 τὴν

1072 832 1185 869 δύναμιν
1214 831 1322 867 ἔδειξεν
1339 833 1376 864 ὡς
1406 832 1432 859 ἐν
1461 834 1518 868 ναῷ
1540 831 1569 859 δὲ
1583 835 1736 872 περιφανεῖ,
1748 834 1784 870 τῇ
1798 832 1897 869 κτίσει,

1072 877 1121 911 τήν
1138 876 1208 904 ἰδίαν
1225 876 1315 904 εἰκόνα
1328 876 1374 904 τὸν
1391 875 1532 913 ἄνθρωπον
1559 874 1764 913 δημιουργήσας
1787 874 1901 912 ἀνέστη-

1073 932 1127 950 σεν.
1146 921 1220 950 Ἔδει
1244 923 1387 959 τοιγαροῦν
1412 921 1457 948 καὶ
1481 923 1537 955 νῦν,
1552 923 1602 955 τῆς
1627 919 1697 951 ἰδίας
1714 920 1819 952 εἰκόνος
1842 932 1901 949 και-

1072 965 1288 1003 νουργουμίνης,
1303 965 1348 992 καὶ
1364 964 1443 993 αὑτὸν
1456 965 1502 992 τὸν
1525 968 1575 999 τῆς
1602 964 1704 996 εἰκόνος
1727 966 1802 993 οἷκον
1835 976 1898 993 συν-

1073 1010 1268 1045 ανακτίζεσθαι.
1283 1010 1391 1037 Τούτων
1407 1011 1474 1046 ἡμῖν
1499 1008 1635 1047 ἐγγυητῆς
1659 1011 1779 1047 σήμερον
1793 1011 1811 1045 ἡ
1832 1021 1899 1048 παρ-

1074 1057 1141 1083 οῦσα
1177 1056 1340 1092 πανήγυρις.
1370 1054 1419 1081 Διὰ
1452 1053 1553 1089 ταύτην
1587 1054 1602 1081 ὁ
1633 1054 1767 1092 μακάριος
1805 1053 1900 1092 ἔκραζε

1076 1099 1201 1131 Παῦλος·
1227 1112 1242 1126 α
1272 1101 1318 1126 Δεῖ
1346 1099 1397 1137 γὰρ
1426 1099 1457 1126 τὸ
1483 1099 1600 1136 φθαρτὸν
1629 1100 1709 1126 τοῦτο
1740 1098 1900 1131 ἐνδύσασθαι

1075 1143 1286 1183 ἀφθαρσίαν,καὶ
1301 1143 1332 1171 τὸ
1348 1143 1444 1179 θνητὸν
1460 1145 1541 1171 τοῦτο
1553 1142 1711 1175 ἐνδύσασθαι
1721 1144 1897 1172 ἀθανασίαν.»

1076 1190 1235 1227 Ἀρνήσεται
1250 1189 1301 1226 γὰρ
1315 1188 1430 1220 θανάτου
1445 1188 1529 1223 νόμον
1546 1188 1578 1216 τὸ
1589 1190 1677 1224 σῶμα,
1692 1191 1750 1219 τοῖς
1765 1190 1816 1221 τῆς
1832 1189 1897 1216 ἀθα-

1075 1233 1167 1265 νασίας
1193 1233 1406 1273 στεφανούμενον
1432 1232 1532 1265 divaeei:
1548 1232 1593 1260 καὶ
1618 1233 1711 1270 χώραν
1734 1232 1788 1270 οὐχ
1811 1231 1899 1271 ὑφέξει

1077 1279 1172 1317 φθορὰ,
1197 1280 1246 1311 τῆς
1275 1277 1425 1317 ἀφθαρσίας
1453 1276 1663 1314 ἐπιλαμπούσης
1694 1278 1760 1314 (63).
1790 1278 1823 1305 Ὢ
1850 1277 1900 1310 τῆς

1079 1321 1203 1359 μεγάλης
1231 1323 1284 1348 τῶν
1314 1320 1481 1359 πραγμάτων
1512 1318 1683 1357 μεταϐολῆςί
1710 1319 1733 1348 ὢ
1753 1323 1804 1353 τῆς
1834 1321 1900 1358 ὑπὲρ

1077 1365 1189 1397 ἐλπίδας
1206 1365 1373 1403 ἐναλλαγῆςί
1390 1364 1413 1392 ὣ
1430 1364 1551 1403 μεγάλου
1566 1365 1678 1396 πένθους
1703 1365 1741 1397 είδς
1771 1365 1903 1402 εὐθυμίαν

1077 1410 1294 1446 καταλήξαντοςί
1314 1409 1335 1437 ὢ
1351 1413 1438 1448 χαρᾶς
1454 1409 1647 1447 διαδεξαμένης
1665 1411 1714 1445 τὴν
1739 1410 1881 1449 συμφοράν
1896 1411 1902 1438 1

1078 1454 1155 1491 Αὔξει
1171 1455 1234 1492 γὰρ.
1252 1454 1323 1490 αὔξει
1335 1457 1387 1487 τῆς
1402 1454 1498 1492 ἕορτῆς
1513 1455 1563 1489 τήν
1580 1453 1807 1493 δοξολογίανμίι)
1819 1456 1837 1490 ἡ
1852 1457 1904 1486 τῆς

1079 1502 1200 1530 lla/tati:
1216 1499 1261 1526 καὶ
1277 1499 1344 1530 Νὲας
1361 1500 1498 1534 Διαθήκης
1515 1499 1679 1535 ὑπόμνησις.
1696 1500 1782 1535 Ἦμεν
1797 1499 1850 1537 γὰρ
1876 1499 1902 1526 ἐν

1079 1542 1233 1582 παραδείσῳ
1255 1544 1287 1571 τὸ
1309 1544 1451 1581 πρότερον,
1467 1543 1643 1581 ἆγεωργήτου
1666 1545 1771 1582 τρυφῆς
1796 1543 1903 1580 κλῆρον

1079 1588 1109 1615 ἐκ
1123 1588 1329 1628 φιλανθρωπίας
1354 1587 1504 1624 δεξάμενοι.
1522 1587 1653 1620 Ἐπῆλθεν
1679 1589 1693 1615 ὁ
1718 1586 1779 1627 ὄφις
1802 1598 1906 1626 τοιχω-

1080 1632 1176 1671 ρύχος,
1192 1635 1240 1665 τῆς
1267 1631 1443 1663 ἀπολαύσεως
1468 1631 1617 1670 λῃστεύσας
1642 1633 1692 1667 τήν
1717 1633 1836 1671 τρυφήν,
1858 1633 1906 1661 καὶ

1079 1678 1238 1716 κατάκριτον
1252 1677 1284 1704 τὸ
1300 1677 1444 1715 λῃστευθὲν
1458 1677 1604 1712 κατέστησε
1623 1678 1713 1714 γένος,
1729 1676 1793 1704 ὁδὸν
1817 1678 1904 1716 εὑρὼν

1079 1724 1127 1749 τοῦ
1143 1720 1267 1758 θανάτου,
1283 1724 1333 1753 τῆς
1360 1721 1472 1756 ἐντολῆς
1501 1722 1551 1756 τὴν
1581 1718 1743 1759 παράϐασιν.
1765 1722 1903 1749 Ἐντεῦθεν

1080 1764 1158 1802 ᾅδης,
1188 1765 1276 1797 πύλας
1307 1766 1424 1802 ἀνοίξας,
1439 1766 1471 1793 τὸ
1498 1768 1552 1793 τῶν
1580 1766 1729 1804 ἀνθρώπων
1755 1765 1905 1804 ὑπεδέχετο

1078 1811 1166 1849 γένος·
1182 1811 1227 1838 καὶ
1242 1810 1368 1838 τίκτουσα
1387 1810 1465 1849 φύσις
1479 1807 1594 1849 φοϐερὸν
1618 1811 1676 1848 εἶχε
1697 1812 1750 1837 τῶν
1774 1811 1905 1847 τικτομέ-

1079 1867 1130 1882 νων
1146 1856 1192 1883 τὸν
1208 1855 1331 1887 θάνατον·
1347 1855 1392 1883 καὶ
1415 1857 1469 1882 τῶν
1493 1853 1596 1882 ὠδίνων
1621 1855 1647 1882 οἱ
1673 1855 1750 1882 πόνοι
1766 1854 1904 1893 πρόσοδος

1079 1899 1180 1937 ἐγίνετο
1208 1900 1309 1939 τάφων.
1336 1899 1387 1927 Καὶ
1416 1900 1449 1934 ἦν
1477 1898 1651 1936 κληρονόμος
1680 1898 1710 1927 ἐκ
1732 1900 1905 1937 παρανομίας

1080 1944 1205 1977 θάνατος,
1227 1944 1340 1979 ἑκάστην
1365 1946 1418 1971 τῶν
1451 1943 1562 1979 ἡλικιῶν
1593 1943 1742 1975 ἀκωλύτως
1768 1944 1904 1981 ἀγρεύων·

1079 1989 1128 2016 οὐκ
1143 1986 1263 2027 ἐμϐρύοο
1292 1988 1463 2027 φειδόμενος,
1478 1987 1508 2015 οὐ
1537 1988 1568 2015 τὸ
1596 1989 1690 2025 τεχθὲν
1718 1991 1858 2026 προορῶν,
1872 1989 1904 2016 οὐ

1078 2033 1123 2061 τὸν
1154 2030 1254 2071 ἔφηϐον
1283 2032 1378 2067 ἐλεῶν,
1395 2032 1426 2059 οὗ
1453 2031 1666 2067 καταλιμπάνων
1694 2032 1847 2067 νεάζοντας,
1872 2033 1905 2060 οὐ

1078 2076 1229 2116 πρεσϐύτας
1262 2077 1434 2113 αἰδούμενος,
1464 2077 1517 2115 οὐχ
1555 2077 1731 2115 ἁμαρτωλοῖς
1767 2078 1902 2115 συγγινώ-

1079 2132 1148 2149 σκων
1170 2123 1238 2157 (65),
1263 2121 1294 2148 οὐ
1322 2119 1432 2149 δικαίων
1463 2120 1615 2158 κατάλογον
1645 2121 1856 2159 αἰσχυνόμενος,
1872 2121 1903 2149 οὗ

1079 2167 1221 2205 προφήτας
1250 2166 1478 2203 παραιτούμενος,
1503 2166 1558 2203 οὐχ
1586 2165 1658 2202 ἱερέα
1686 2166 1905 2204 παραπεμπόμε-

1079 2221 1132 2243 νος’
1148 2210 1211 2239 ἁλλ’
1225 2209 1340 2245 ἤπλωτο
1356 2210 1424 2238 κατὰ
1439 2211 1545 2237 πάντων
1561 2211 1577 2245 ἡ
1594 2212 1643 2238 τοῦ
1657 2210 1770 2238 θανάτου
1786 2212 1903 2249 σαγήνη,

1079 2256 1109 2284 τὸ
1125 2255 1294 2294 προσπίπτον
1311 2254 1468 2293 ἀρπάζουσα

236 2304 262 2330 3.
279 2302 383 2330 Nullus
400 2305 462 2330 crat
477 2303 549 2329 tanti
568 2302 637 2330 mali
653 2302 805 2335 medicus;
823 2301 936 2329 nullum
953 2302 1020 2330 alla-

1114 2303 1139 2329 3.
1157 2300 1214 2329 Οὐκ
1236 2301 1269 2335 ἧν
1298 2300 1389 2338 ἰατρὸς
1413 2302 1461 2327 τοῦ
1485 2302 1581 2327 κακοῦ·
1598 2299 1648 2327 οὐκ
1671 2300 1705 2334 ἧν
1734 2299 1902 2338 ἐπαγόμενον

200 2349 262 2374 tum
280 2347 454 2381 remedium,
476 2350 564 2382 atque
579 2348 623 2374 tot
646 2346 848 2382 generationes
873 2354 936 2382 qute
960 2347 1025 2374 vitm

199 2390 379 2419 curriculum
391 2400 515 2418 emensa:
531 2392 610 2424 sunt,
627 2390 822 2418 insatiabilem
836 2391 939 2418 mortis
954 2399 1022 2419 ven-

199 2438 275 2463 trem
293 2444 350 2463 non
366 2435 533 2471 implevero.
552 2439 591 2463 Ac
608 2437 668 2463 tam
685 2435 782 2471 gravis
798 2435 866 2463 mali
883 2435 964 2463 nulla
978 2435 1023 2463 lu-

198 2480 336 2516 gentibus
352 2482 414 2507 erat
430 2479 605 2512 consolatio,
621 2480 672 2508 sed
694 2480 867 2515 desperatio,
891 2479 1022 2515 medelas,

199 2524 256 2553 nisi
271 2524 406 2552 Christus
421 2524 500 2551 cruci
517 2524 633 2557 afﬁxus,
649 2524 752 2553 mortis
769 2524 1023 2561 tyrannidem,illa

199 2569 288 2596 trium
297 2568 409 2596 dierum
420 2569 602 2604 totidemque
610 2569 739 2597 noctium
748 2568 899 2605 sepultura
909 2571 1021 2605 poslra-

198 2614 301 2647 visset,
315 2614 456 2641 subversa
472 2613 655 2641 diuturniora
670 2612 719 2641 illa
735 2613 841 2642 inferni
853 2613 929 2650 regia
947 2621 1021 2641 :non

234 2700 257 2718 ¹⁰
273 2699 355 2727 Rom.
373 2707 434 2731 vni,
450 2698 495 2724 21.
536 2699 556 2715 “
574 2698 584 2726 1
599 2697 664 2726 Cor.
680 2706 725 2731 xv,
741 2698 787 2725 53.

232 2787 346 2850 (Ut-tiig
357 2789 398 2813 Ita
415 2786 481 2821 Reg.
501 2785 586 2821 Etliti,
604 2784 757 2822 ἀνάκτησις,
765 2786 857 2823 C01b.,
868 2785 1017 2822 ἆνάκλισις,

232 2831 250 2850 κο
266 2832 333 2849 away.
345 2831 424 2850 mata.

199 2831 250 2859 pro
266 2823 424 2859 ἀνάκλησις.

231 2859 289 2896 (63)
303 2853 395 2893 ΟΟΙΒ.,
411 2853 607 2891 ἐπιλαϐούσης.

1080 2346 1232 2384 φάρμακον,
1262 2343 1307 2373 καί
1330 2346 1457 2372 τοσαῦται
1482 2344 1571 2382 γενεαὶ
1593 2345 1641 2379 τήν
1669 2345 1741 2379 ζωήν
1768 2345 1903 2381 παροδεύ-

1079 2400 1166 2424 σασαι,
1193 2390 1243 2424 τήτ
1272 2389 1416 2427 ἀκόρεστον
1449 2389 1498 2416 οὐκ
1526 2388 1688 2426 ἐπλήρωσαν
1712 2391 1761 2416 τοῦ
1791 2388 1904 2421 θανάτου

1078 2435 1205 2472 γαστέρι,
1222 2433 1270 2461 Καί
1286 2434 1319 2468 ἦν
1335 2434 1366 2461 τὸ
1391 2432 1475 2461 δεινὸν
1499 2436 1558 2464 τοῖς
1586 2436 1727 2466 πενθοῦσιν
1757 2433 1903 2472 ἀπαραμύ-

1078 2480 1169 2514 Θητον,
1185 2479 1229 2506 καὶ
1258 2478 1325 2516 πρὸς
1354 2477 1422 2506 ἱάσιν
1448 2475 1561 2515 ἄπορον,
1579 2477 1605 2505 εἷ’
1629 2478 1667 2514 μή
1691 2477 1807 2516 Χριστὸς
1823 2488 1903 2505 σταυ-

1079 2523 1175 2562 ρωθείς
1189 2525 1237 2550 τοῦ
1253 2522 1367 2555 θανάτου
1390 2523 1440 2557 τήν
1460 2521 1603 2560 τυραννίδα
1626 2523 1786 2560 κατήνεγκε,
1802 2532 1900 2549 vox-tm

1076 2578 1138 2606 τριη
1145 2568 1219 2606 μέρῳ
1233 2569 1306 2607 ταφῇ
1321 2568 1354 2595 τὰ
1368 2566 1541 2605 πολυχρόνια
1555 2569 1603 2594 τοῦ
1626 2565 1692 2602 ᾃὸου
1716 2566 1901 2604 καταστρέψας

1080 2612 1214 2650 βασίλεια·
1232 2611 1263 2640 ού
1290 2614 1336 2639 νῦν
1362 2612 1479 2650 πρώτως
1507 2612 1576 2650 πρὸς
1605 2610 1811 2651 φιλανθρωπίαν
1837 2610 1902 2647 δρα-

1110 2787 1168 2859 364)
1182 2786 1229 2814 Sic
1254 2794 1326 2815 mss.
1340 2785 1418 2814 Editi
1441 2793 1520 2827 vero,
1536 2784 1652 2827 ᾼῦξήσει
1668 2784 1719 2822 γὰρ
1738 2784 1788 2830 τὴν
1805 2782 1899 2820 δοξολ.

1122 2824 1166 2858 65)
1182 2824 1226 2850 Ita
1242 2822 1311 2859 Heg.
1328 2823 1357 2850 et
1372 2821 1452 2850 Colb.
1469 2821 1545 2849 Editi
1564 2830 1641 2856 vero,
1658 2830 1862 2859 συγγινωσκων.

1122 2824 1166 2858 65)
1182 2824 1226 2850 Ita
1242 2822 1311 2859 Heg.
1328 2823 1357 2850 et
1372 2821 1452 2850 Colb.
1469 2821 1545 2849 Editi
1564 2830 1641 2856 vero,
1658 2821 1862 2859 συγγινώσκων.
