2046 3109
160 160 238 191 10⁸19

740 156 772 186 S.
796 153 1057 185 ATHANASIUS.
1070 171 1109 176 —
1125 154 1278 186 SPURIA.

1788 158 1870 189 1080

161 228 286 262 Eratque
308 227 442 253 mortuus
466 224 607 261 propheta
633 223 718 251 morti
744 221 859 250 noxius.
883 221 985 249 Elissac

1048 219 1095 248 Καὶ
1110 222 1142 255 ἧν
1160 221 1173 247 ὁ
1189 221 1332 259 προφήτης
1347 223 1388 258 τῷ
1403 221 1510 258 θανάτῳ
1524 222 1618 260 νεκρὸς
1641 221 1798 260 ἐπιζήμιος.
1814 226 1869 252 Τοῦ

162 272 270 308 quippe
287 273 413 303 mortuo,
431 271 613 297 mortuorum
631 275 772 296 numerus
789 266 985 295 accessionem

163 325 219 344 non
236 315 349 343 habuit.
367 315 423 342 Nec
448 314 561 341 inferno
585 312 737 348 quidpiam
762 311 836 339 lucri
858 310 986 345 obvenit,

163 361 239 396 quod
254 361 368 395 justum
388 359 473 394 quasi
489 358 618 394 praedam
634 355 910 392 abripuisset.Hiscs
926 363 987 382 cor-

163 406 298 441 ruptione
310 405 455 431 labentem
468 401 842 437 naturam,resurrectionis
853 400 911 436 typi
925 407 988 426 mu-

164 450 284 477 niebant
300 458 305 475 :
323 457 375 475 nec
390 448 527 475 valebant
540 448 638 474 tamen
659 446 696 474 iis
711 445 760 481 qui
772 446 836 481 jam
852 444 928 480 capti
943 446 986 471 te-

164 496 303 522 nerentur
315 501 399 528 opem
416 493 507 520 ferre:
524 501 535 515 ε
547 491 599 519 Sed
616 490 747 527 regnavit
759 498 838 517 mors
846 489 883 517 ab
896 489 987 516 Adam

165 547 258 574 usque
268 538 303 565 ad
316 538 433 572 Moysen
446 537 494 571 ηρ)
507 535 580 571 legis
595 537 710 571 tempus
726 534 838 562 habens
848 533 878 561 in
890 533 988 561 termi-

166 592 219 611 nos
236 582 361 618 imperii.
380 584 415 608 At
432 583 586 616 postquam
602 579 735 607 Christus
754 587 789 607 ex
804 577 883 606 ccelis
897 586 987 614 appa-

167 628 238 660 ruit,
255 630 316 653 tum
334 634 400 661 spes
415 625 530 660 generis
545 624 666 652 humani
682 624 712 652 in
728 632 803 660 opus
822 622 964 656 processit
979 631 986 649 :

166 675 230 700 tum
248 671 396 698 Dominica
416 677 484 697 voce
507 668 614 697 inferni
637 668 765 696 claustra
788 669 888 704 aperta
909 668 988 702 sunt,

168 725 201 745 ac
217 718 347 743 mortuos
361 714 512 748 colligatos
528 713 687 741 reddebant
702 712 854 749 sepulcra:
869 714 931 740 tum
944 719 990 739 vo-

169 761 243 788 catio
260 761 344 791 facta,
361 761 424 786 tum
451 757 618 794 sepulcrum
645 759 779 793 apertum
803 758 859 791 est,
875 764 908 784 ac
932 756 989 784 Deo

169 805 325 840 conjuncta
336 804 466 831 humana
473 802 738 834 natura,infernum
750 800 990 838 perterruit.Hinc

168 850 300 877 infernus
313 849 452 876 adversus
460 849 641 875 mortuorum
649 848 795 883 raptorem
803 845 989 873 inclamabat:

169 894 242 927 Quid
269 896 298 920 tu
315 893 427 920 cditum
452 892 481 919 in
506 891 641 928 paradiso
666 890 841 926 rescriptum
861 890 993 918 evertis?

169 947 257 974 quare
287 937 514 973 chirographum
539 936 680 964 adversus
703 937 838 963 naturam
863 934 991 963 conscri-

168 986 250 1019 ptum
271 982 415 1010 exscindis
426 982 439 1009 ?
451 981 610 1017 Rescriptis
617 981 685 1015 jure
695 980 781 1008 editis
792 979 932 1008 adversus
942 978 991 1006 ho-

168 1029 262 1056 mines
279 1028 440 1054 instructus
456 1025 632 1054 sum.Habe0
644 1024 717 1053 illud
730 1033 736 1052 :
749 1036 764 1050 (ι
775 1025 865 1052 Terra
875 1031 907 1051 es
922 1023 991 1051 etin

169 1076 277 1101 terram
303 1071 454 1099 reverteris
470 1071 511 1104 ²⁶;
527 1081 541 1095 ›ι
556 1069 671 1105 generis
687 1068 770 1097 scilet
783 1068 906 1097 humani
921 1077 991 1104 sup-

168 1117 343 1154 plicium.Lu
349 1116 434 1152 gebat
445 1123 530 1150 porro
541 1113 693 1151 sigillatim
701 1114 837 1149 abreptos
848 1115 991 1141 mortuos.

168 1162 325 1198 Ignorabat
340 1161 422 1193 forte,
439 1159 589 1187 Christum
603 1167 671 1187 cum
691 1158 888 1193 descenderet,
912 1166 993 1186 mor—

168 1209 235 1234 tuos
252 1206 402 1233 universos
418 1205 552 1232 libertate
567 1204 758 1231 donaturum.
774 1203 816 1231 Ne
831 1202 899 1239 quis
914 1203 991 1230 enim

170 1251 247 1279 ultra
262 1251 290 1277 in
308 1250 420 1277 inferno
442 1249 558 1276 vinctus
574 1250 749 1281 remaneret,
763 1247 914 1275 descendit
930 1247 993 1283 ipse

170 1295 303 1323 Christus
319 1295 348 1321 in
359 1294 507 1321 infernum
519 1301 526 1321 :
539 1293 588 1329 qui
599 1300 686 1320 carne
697 1300 751 1320 sua
761 1299 850 1327 quam
860 1291 994 1328 gestabat

169 1339 259 1367 veluti
276 1347 343 1366 esca
368 1347 439 1365 usus
456 1339 557 1365 contra
579 1336 739 1372 infernum,
755 1335 872 1364 deitatis
895 1338 993 1363 autem

169 1384 276 1412 virtute
292 1383 401 1419 regiam
416 1383 480 1417 ejus
494 1380 759 1416 subvertens,brevi
774 1381 915 1416 temporis
931 1388 995 1416 spa-

171 1429 211 1456 tio
227 1428 348 1463 antiqua
363 1427 436 1462 legis
451 1425 570 1454 discidit
593 1425 796 1461 chirographa,
813 1427 846 1453 ut
859 1425 994 1453 homines

172 1474 209 1501 ad
225 1473 312 1500 caelos
336 1472 511 1505 adduceret;
527 1471 563 1498 ad
585 1469 683 1505 cmlos,
707 1469 840 1506 inquam,
867 1469 963 1497 locum
978 1477 995 1497 a

172 1522 264 1545 morte
286 1517 421 1550 liberum,
438 1514 666 1551 incorruptionis
689 1514 994 1550 diversorium,justi-

170 1562 216 1589 tite
231 1561 391 1589 officinam.

1041 265 1091 303 γὰρ
1121 264 1276 293 Ἐλισσαίου
1304 266 1442 303 θανόντος,
1469 268 1629 305 προσθήκην
1654 268 1668 294 ὁ
1688 270 1742 295 τῶν
1767 271 1869 308 νεκρῶν

1042 309 1159 346 ἀριθμὸς
1183 309 1232 337 οὐκ
1251 308 1414 347 ἐλάμϐανεν.
1430 309 1509 339 Ἃλλ¹
1530 310 1640 349 ἀκερδὲς
1664 314 1704 348 τῷ
1725 310 1776 350 ᾅδῃ
1801 314 1870 341 κατὰ

1042 356 1090 381 τοῦ
1106 353 1211 382 δικαίου
1226 356 1281 392 (70)
1296 355 1327 382 τὸ
1344 356 1463 394 θήραμα.
1482 356 1524 384 Ἐν
1537 356 1646 387 τούτοις
1671 357 1696 384 ot
1720 356 1801 385 τύποι
1817 360 1868 391 τῆς

1044 398 1213 430 ἀναστάσεως
1226 399 1352 437 ὠχύρουν
1370 401 1551 439 φθειρομένην
1575 401 1624 435 τὴν
1652 400 1741 440 φύσιν·
1762 402 1868 439 βοηθῆ-

1044 454 1086 470 σαι
1104 442 1127 470 δ’
1140 443 1216 480 δμως
1237 447 1296 474 τοῖς
1319 443 1429 472 ἀλοῦσιν
1452 444 1502 472 ούκ
1526 443 1631 483 ἰσχυονι
1649 457 1664 471 ι(
1679 445 1760 473 Ἀλλ’
1776 444 1868 474 ἐϐασί-

1044 487 1135 515 λευσεν
1156 489 1171 515 ὁ
1192 487 1303 520 θάνατος
1326 489 1379 516 ἀπὸ
1401 487 1492 525 Ἀδὰμ
1518 489 1600 528 μέχρι
1624 489 1772 523 Μωυσέως,
1790 502 1805 516 ››
1819 494 1869 518 τοῦ

1042 531 1129 569 νὸμου
1157 533 1202 560 τὸν
1232 530 1332 571 χρόνον
1360 534 1440 570 ὃρους
1468 532 1517 560 τοῦ
1546 534 1661 571 κράτους
1687 535 1868 571 ποιούμενος.

1044 576 1153 612 Ἐπειδὴ
1170 576 1199 604 Si
1214 578 1327 615 Χριστὸς
1344 577 1370 612 ἐξ
1394 577 1514 615 οὐρανῶν
1538 578 1664 618 ἀνεφάνη,
1681 578 1794 617 ἔτρεχον
1821 580 1869 616 μὶν

1044 621 1082 653 εἷς
1099 621 1176 660 ἔργον
1193 622 1220 649 αἱ
1235 624 1283 649 τοῦ
1298 622 1388 660 γένους
1405 621 1521 654 ἐλπίδες·
1545 623 1590 651 καὶ
1615 623 1692 662 φωνῇ
1716 626 1870 662 Δεσποτικῇ

1042 667 1076 694 τὰ
1100 666 1166 702 ᾆδου
1192 665 1343 705 διηνοίγετο
1366 667 1489 706 κλεῖθρα,
1515 668 1559 695 καὶ
1589 667 1728 705 δεσμώτας
1754 669 1871 707 νεκροὺς

1045 711 1188 740 ἀπεδίδουν
1218 713 1244 740 οἱ
1269 712 1360 752 τάφοι·
1376 713 1421 741 καὶ
1449 712 1548 746 κλῆσις
1573 713 1685 752 ἐγίνετο,
1710 714 1755 742 καὶ
1783 716 1870 754 τάφος

1045 757 1180 796 ἠνοίγετο·
1211 757 1255 785 καὶ
1285 758 1363 797 φύσις
1393 758 1549 796 ἀνθρωπίνη
1579 762 1638 796 Θεῷ
1663 760 1793 796 ἡνωμένη
1822 759 1868 787 τὸν

1046 801 1113 838 ᾃδην
1137 802 1330 838 κατέπληττεν.
1353 802 1490 831 Ἑντεῦθεν
1507 804 1521 831 ὁ
1546 802 1613 839 ᾇδης
1643 805 1712 842 πρὸς
1734 805 1782 832 τὸν
1803 804 1871 836 τοὺς

1045 846 1157 884 νεκροὺς
1187 847 1385 885 ἀφαιρούμενον
1417 845 1491 875 ἐϐόα⁸
1514 848 1549 877 Τί
1577 849 1626 883 τήν
1656 848 1682 876 ἐν
1713 848 1870 887 παραδείσῳ

1046 892 1200 930 συγγραφὴν
1226 892 1403 930 ἀνατρέπεις
1419 892 1445 920 τί
1458 893 1490 920 τὸ
1514 893 1582 920 κατά
1609 895 1660 926 τῆς
1688 893 1793 932 φύσεως
1821 904 1871 921 κα-

1044 936 1184 974 τασχίζεις
1220 936 1423 976 χειρόγραφονς
1454 938 1619 977 Έγγράφοις
1658 936 1773 969 δικαίοις
1803 939 1871 966 κατά

1045 983 1099 1008 τῶν
1116 981 1264 1018 ἀνθρώπων
1282 981 1446 1019 ὠχύρωμαι.
1462 983 1540 1020 ’Έχω
1554 982 1597 1018 τὸ,
1614 995 1629 1009 ‹‹
1646 985 1684 1016 Γῆ
1701 983 1735 1017 εἴ,
1758 982 1804 1010 καὶ
1832 983 1870 1014 εἷς

1045 1028 1095 1064 γῆν
1123 1025 1296 1063 eiulatio-9,»
1312 1028 1361 1053 τοῦ
1387 1026 1482 1064 γένους
1506 1027 1537 1054 τὸ
1566 1027 1728 1064 πρόστιμον.
1743 1026 1871 1066 Ὼδύρετο

1049 1071 1095 1107 μὲν
1124 1069 1156 1105 δὴ
1187 1071 1246 1102 καθ’
1267 1069 1312 1098 ἕνα
1336 1073 1389 1098 τῶν
1412 1073 1512 1109 νεκρῶν
1539 1072 1749 1110 ἀφαιρούμενος·
1776 1072 1871 1110 ἠγνόει

1047 1114 1076 1142 δὲ
1104 1114 1216 1152 ἄρα,ὡς
1243 1115 1369 1153 Χριστὸς,
1398 1113 1529 1152 καταϐὰς,
1555 1115 1696 1152 πάνδημον
1728 1116 1870 1156 ἀφαίρεσιν

1045 1162 1104 1191 τοῖς
1120 1160 1263 1195 θνήσκουσι
1277 1159 1428 1197 χαρίσεται,
1444 1161 1502 1188 Ἵνα
1515 1160 1566 1199 γὰρ
1583 1159 1681 1197 μηδεὶς
1700 1160 1739 1188 ἔτι
1754 1160 1796 1197 τῷ
1822 1159 1873 1199 ᾅδῃ

1047 1204 1231 1244 περιλειφθείη
1248 1205 1302 1241 (71)
1319 1203 1473 1241 δεσμώτης,
1493 1205 1610 1232 κάτεισιν
1634 1204 1714 1236 αὐτὸς
1742 1205 1780 1236 εἷς
1804 1203 1871 1240 ᾅδου

1048 1249 1186 1286 Χριστός·
1216 1249 1251 1287 τῇ
1281 1249 1327 1286 μὲν
1358 1249 1512 1288 φορουμένῃ
1547 1250 1625 1288 σαρκὶ
1659 1248 1793 1284 δελεάζων
1822 1249 1870 1277 τὰν

1048 1292 1126 1329 ᾅδην,
1144 1293 1272 1328 θεότητος
1286 1292 1315 1321 δὲ
1339 1292 1451 1331 δυνάμει
1475 1296 1610 1332 καθαιρῶν
1636 1294 1718 1322 αὐτοῦ
1741 1294 1775 1321 τὰ
1797 1294 1871 1332 βασί-

1048 1337 1118 1372 λεια,
1137 1338 1235 1376 βραχεῖ
1249 1338 1342 1376 χρόνῳ
1365 1338 1398 1366 τὰ
1418 1338 1524 1366 παλαιά
1544 1341 1592 1366 τοῦ
1616 1339 1702 1375 νόμου
1732 1338 1868 1375 διατεμὼν

1047 1382 1224 1421 χειρόγραφα,
1248 1382 1294 1410 ἵνα
1328 1383 1487 1421 ἀνθρώπους
1514 1383 1554 1414 εἷς
1580 1383 1709 1421 οὐρανοὺς
1738 1382 1869 1421 ἀναγάγῃ·

1047 1427 1188 1465 οὐρανοὺς,
1202 1427 1234 1455 τὸ
1249 1425 1390 1466 ἐλεύθερον
1403 1430 1452 1455 τοῦ
1468 1428 1582 1460 θανάτου
1598 1427 1713 1466 χωρίον,
1723 1427 1872 1468 ἀφθαρσίας

1046 1472 1229 1511 καταγώγιον,
1243 1470 1416 1508 δικαιοσύνης
1431 1472 1620 1512 ἐργαστήριον.

204 1615 230 1642 5.
250 1615 280 1641 In
296 1613 377 1640 hisce
393 1612 478 1640 bonis
492 1614 535 1646 tu,
550 1619 652 1640 recens
666 1611 842 1646 illuminate.
857 1611 990 1648 baptiza-

1081 1617 1109 1644 5.
1127 1616 1172 1644 'Ev
1193 1615 1301 1646 τούτοις
1326 1613 1488 1651 ἰϐαπτίσθης
1510 1617 1568 1647 τοῖς
1593 1616 1715 1654 ἀγαθοῖς,
1738 1615 1872 1654 νεοφώτι-

170 1662 218 1687 tus
234 1667 265 1686 es
282 1666 288 1684 :
306 1659 412 1693 pignus
425 1657 476 1684 tibi
502 1656 725 1685 resurrectionis
739 1656 840 1691 evasit,
857 1665 874 1685 ο
890 1665 990 1685 recens

168 1703 341 1737 illuminate,
360 1701 459 1737 gratiae
474 1701 600 1729 initiatio
617 1709 623 1729 :
645 1701 752 1737 pignus
767 1701 820 1728 tibi
836 1703 881 1729 est
894 1701 990 1737 bapti-

167 1756 231 1776 sma
245 1748 347 1774 futurae
365 1746 392 1773 in
410 1745 482 1773 coelo
491 1745 704 1773 viteJmitatus
713 1747 758 1773 est
773 1753 823 1781 per
832 1745 990 1773 demersio-

169 1801 235 1820 nem
254 1791 366 1819 Domini
384 1790 562 1826 sepulcrum.
581 1790 637 1818 Sed
652 1789 720 1817 inde
735 1798 854 1817 rursum
870 1790 991 1818 emersi-

170 1838 217 1869 sti,
234 1837 303 1864 visis
329 1835 550 1863 resurrectionis
568 1834 714 1871 operibus,
731 1836 799 1862 ante
824 1842 911 1870 opera
925 1834 990 1862 alia.

171 1884 298 1915 Quorum
317 1880 411 1908 vidisti
427 1879 569 1916 symbols,
580 1887 682 1907 eorum
697 1887 758 1907 rem
774 1879 869 1915 ipsam
884 1879 991 1915 accipe.

172 1927 243 1954 Dicti
261 1928 363 1953 testem
382 1933 464 1952 sume
479 1924 532 1952 tibi
546 1924 669 1952 Paulum
692 1924 742 1960 qui
757 1923 797 1952 ait
813 1932 820 1951 ι
838 1936 851 1948 ιι
869 1924 898 1952 Si
914 1924 993 1952 enim

174 1971 362 2006 complantati
380 1970 444 1996 facti
471 1977 576 1997 sumus
590 1967 777 1996 similitudini
801 1968 905 1997 mortis
918 1969 993 2004 ejus,

175 2017 262 2044 etiam
280 2018 307 2042 et
324 2013 546 2042 resurrectionis
567 2013 677 2041 erimus
692 2013 725 2041 ²¹.
742 2024 756 2038 ››
772 2012 895 2041 Pulchre
910 2013 993 2048 illud,

174 2059 363 2095 complantati
381 2068 386 2085 :
402 2058 548 2093 baptisma
564 2057 671 2094 quippe
688 2057 828 2094 plantatio
842 2058 931 2086 estad
944 2058 995 2085 im-

174 2105 392 2136 mortalitatem,
410 2104 438 2130 in
466 2102 577 2138 piscina
602 2103 742 2139 plantata,
758 2103 787 2131 in
813 2103 884 2132 ccelo
900 2104 994 2132 ferens

174 2151 312 2177 fructum.
330 2148 391 2175 Illic
417 2147 544 2182 Spiritus
559 2147 654 2184 gratia
677 2156 783 2176 arcana
795 2148 905 2176 ratione
926 2157 994 2184 ope-

173 2197 309 2222 raturzac
326 2201 360 2220 ne
378 2194 487 2220 natura
504 2192 601 2220 indole
616 2192 789 2220 miraculum
806 2192 993 2228 ignoraveris.

174 2239 216 2265 Ad
239 2247 325 2265 usum
351 2246 427 2272 aqua
452 2236 610 2271 ministrat,
626 2237 874 2273 regenerationem
897 2239 995 2265 autem

175 2284 313 2318 operatur
328 2281 431 2316 gratia,
448 2282 534 2316 atque
549 2281 580 2307 in
596 2280 708 2316 piscina
718 2280 802 2316 quasi
821 2280 851 2308 in
869 2281 997 2317 vulva,ei
1013 2279 1035 2311 D

177 2326 254 2362 quod
264 2326 379 2353 immitti
386 2328 432 2352 tur
440 2333 541 2352 novam
553 2324 603 2352 dat
613 2324 783 2353 formam.ln
789 2333 867 2360 aqua
877 2325 960 2361 quasi
969 2326 997 2353 in

178 2371 304 2404 fornace,
321 2370 544 2397 descendentem
561 2371 676 2397 conﬁat.
693 2369 924 2398 Immortalitatis
939 2379 999 2407 my-

178 2415 276 2443 steriis
288 2415 377 2442 donat
388 2414 485 2450 ipsum
498 2422 504 2441 :
517 2413 738 2442 resurrectionis
749 2414 853 2442 tribuit
862 2415 998 2451 signacu-

178 2460 364 2487 lum.Horum
382 2458 433 2486 tibi
451 2458 693 2492 miraculorum,e
707 2467 809 2487 recens
823 2459 999 2493 illuminate,

177 2505 266 2533 vestis
286 2505 351 2539 ipsa
372 2503 426 2531 fert
442 2502 584 2544 symbols.
599 2503 639 2531 Te
654 2503 716 2539 ipse
730 2503 842 2540 respice
856 2504 1000 2532 bonorum

176 2550 319 2586 imagines
337 2550 487 2577 ferentem.
510 2547 672 2584 Splendida
686 2549 806 2585 quidem
830 2558 864 2577 ac
886 2550 1002 2586 fulgens

212 2655 233 2674 ιθ
248 2656 329 2683 Rom.
348 2662 375 2687 v,
393 2653 435 2679 lli.
473 2650 497 2669 ²⁰
510 2651 583 2679 Gen.
600 2659 644 2686 ιιι,
661 2651 704 2679 19.
743 2652 764 2670 ¹¹
783 2652 866 2681 Rom.
880 2661 919 2688 vr,
934 2653 962 2681 5.

216 2753 271 2789 (70)
288 2751 411 2789 Colbert.
429 2748 500 2789 κατᾶι
511 2750 561 2789 τοίξ
575 2747 699 2789 θανάτου,

217 2783 271 2824 (71)
287 2787 365 2815 Colb.
384 2788 412 2824 2,
427 2783 620 2824 περιλῃφθείῃ.

216 2819 273 2861 (72)
289 2823 413 2851 Golberti
420 2819 484 2856 nus,
501 2819 664 2859 ἀπέκδέχου.

1045 1669 1099 1689 στε’
1124 1657 1249 1699 ἆῤῥαϐών
1278 1670 1319 1687 σοι
1346 1661 1455 1698 γέγονεν
1484 1659 1664 1696 ἀναστάσεως,
1693 1659 1871 1697 νεοφώτιστε,

1045 1707 1063 1740 ἡ
1077 1707 1127 1738 τῆς
1144 1704 1257 1743 χάριτος
1275 1704 1384 1741 μύησις’
1402 1704 1530 1743 ἐνέχυρον
1545 1708 1595 1739 τῆς
1610 1704 1636 1732 ἐν
1665 1704 1772 1742 οὐρανῷ
1798 1702 1870 1731 διαί-

1044 1760 1095 1786 της
1121 1748 1193 1788 ἕχεις
1208 1749 1239 1776 τὸ
1257 1750 1406 1787 βάπτισμα,
1422 1749 1571 1785 Ἐμιμήσω
1595 1750 1629 1786 τῇ
1654 1747 1797 1776 καταδύσει
1822 1749 1871 1775 τοῦ

1047 1794 1181 1822 Δεσπότω
1199 1794 1245 1822 τὸν
1267 1794 1362 1833 τάφον
1379 1793 1452 1822 ἀλλὰ
1475 1792 1569 1824 άνὲδυς
1599 1794 1682 1821 πάΑιν
1710 1792 1824 1827 ἐκεῖθεν,
1839 1793 1873 1820 τά

1045 1842 1096 1872 τῆς
1121 1839 1286 1869 ἀναστάσεως
1310 1837 1376 1876 ἔργα
1398 1838 1451 1876 πρὸ
1474 1840 1528 1865 τῶν
1554 1836 1640 1875 ἔργων
1658 1838 1807 1873 θεώμενος.
1823 1838 1872 1864 Ὠν

1048 1882 1115 1914 εἶδες
1143 1883 1177 1911 τὰ
1203 1881 1339 1920 σύμϐολα,
1364 1882 1468 1910 τούτων
1501 1880 1640 1920 ἀποδέχου
1665 1883 1721 1918 (72)
1742 1882 1776 1908 τά
1803 1880 1875 1918 πρά-

1048 1938 1148 1965 γματα.
1165 1928 1252 1965 Δὲχου
1281 1928 1405 1965 μάρτυρα
1430 1928 1484 1954 τῶν
1509 1926 1664 1964 λεγομὲνων
1690 1926 1734 1953 τὸν
1762 1924 1871 1953 Παῦλον

1048 1972 1170 2011 λέγοντα·
1188 1985 1201 1998 u
1221 1972 1252 2001 Ei
1279 1972 1330 2010 γάρ
1360 1970 1495 2010 σύμφυτοι
1524 1970 1673 2009 γεγόναμεν
1699 1972 1739 2006 τῷ
1767 1970 1873 2006 ὁμοιώ-

1051 2027 1114 2054 ματι
1141 2019 1191 2044 τοῦ
1220 2017 1333 2044 θανάτου
1362 2015 1459 2050 πύτοῦ,
1475 2015 1550 2043 ἀλλὰ
1571 2015 1616 2043 καὶ
1636 2018 1687 2049 τῆς
1702 2015 1875 2045 ἀναστάσεως

1049 2061 1205 2099 ἐσόμεθα.»
1231 2061 1326 2091 Καλῶς
1354 2061 1396 2094 τὸ,
1426 2060 1574 2098 σύμφυτοι·
1604 2059 1698 2099 φυτεία
1723 2059 1775 2097 γὰρ
1805 2059 1875 2097 πρὸς

1049 2106 1189 2134 ἀθανασίαν
1212 2106 1243 2133 τὸ
1270 2106 1420 2143 βάπτισμα,
1435 2105 1461 2132 ἐν
1484 2102 1667 2143 κολυμϐήθρᾳ
1692 2103 1876 2142 φυτευομένη,

1048 2151 1093 2179 καὶ
1121 2150 1228 2187 οὐρανῷ
1256 2151 1479 2188 καρποφοροῦσα.
1505 2150 1578 2177 Ἐκεῖ
1600 2151 1649 2176 τοῦ
1674 2148 1832 2182 Πνεύματος
1858 2148 1876 2182 ἡ

1050 2196 1130 2233 χάρις
1146 2194 1309 2232 ἀποῤῥήτως
1333 2194 1481 2233 ἐργάζεται·
1496 2193 1542 2221 καί
1568 2193 1605 2230 μὴ
1630 2194 1669 2229 τῷ
1692 2194 1740 2227 τῆς
1765 2191 1874 2231 φύσεως

1049 2242 1170 2278 συγγενεῖ
1206 2240 1339 2277 ἀγνοήσῃς
1367 2239 1398 2266 τὸ
1425 2239 1525 2274 θαῦμα.
1549 2238 1692 2275 Ὑπηρετεῖ
1728 2236 1796 2274 πρὸς
1823 2237 1873 2271 τὴν

1051 2284 1146 2322 χρείαν
1173 2282 1204 2311 τὸ
1233 2282 1320 2321 ὕδωρ·
1341 2282 1505 2320 δημιουργεῖ
1534 2281 1563 2309 δὶ
1587 2282 1637 2316 τήν
1663 2281 1840 2319 ἀναγὲννησιν
1858 2281 1876 2315 ἡ

1053 2330 1135 2367 χάρις
1150 2330 1217 2362 (73),
1234 2328 1271 2359 ὡς
1287 2327 1312 2355 ἐν
1331 2328 1422 2365 μήτρᾳ
1435 2329 1469 2364 τῇ
1488 2324 1671 2364 κολυμϐήθρᾳ
1684 2326 1715 2353 τὸ
1737 2322 1879 2361 ἐμϐαλλό-

1055 2383 1132 2410 μενον
1157 2371 1329 2400 ἆναπλάττει.
1345 2374 1388 2403 Ὡς
1413 2371 1438 2399 ἐν
1464 2370 1643 2409 χωνευτηρίῳ
1664 2372 1705 2406 τῷ
1728 2368 1805 2397 ὕδατι
1830 2369 1878 2396 τὸν

1053 2417 1181 2445 κατιόντα
1205 2415 1396 2454 ἆναχαλκεύει.
1411 2414 1524 2443 Δίδωσιν
1554 2414 1629 2451 αὐτῷ
1655 2418 1705 2449 τῆς
1734 2413 1880 2446 ἀθανασίας

1057 2463 1192 2498 μυστήρια
1226 2462 1305 2498 (74)·
1336 2459 1504 2491 ἀναστάσεως
1551 2457 1684 2498 σφραγῖδα
1722 2458 1878 2496 χαρίζεται.

1054 2506 1162 2533 Τούτων
1189 2516 1230 2533 σοι
1256 2507 1310 2532 τῶν
1337 2504 1491 2541 θαυμάτων,
1507 2503 1529 2531 ὦ
1544 2504 1718 2543 νεοφώτισ-ιε,
1733 2501 1777 2530 καί
1790 2503 1808 2537 ἡ
1826 2502 1880 2538 ἆμ-

1056 2549 1142 2589 φίεσις
1158 2551 1231 2589 φὲρει
1245 2549 1278 2577 τὰ
1294 2546 1431 2586 σύμϐολα.
1448 2546 1618 2585 Ἀπόόλεψον
1644 2548 1681 2579 εἰς
1708 2547 1801 2575 ἑαυτὸν
1830 2547 1880 2578 τὰς

1162 2751 1208 2788 Sic
1237 2758 1309 2779 mss.
1325 2750 1402 2788 Ηωο,
1419 2747 1583 2788 δημιουργεῖ
1602 2747 1631 2776 δὶ
1659 2747 1708 2783 τὴν
1733 2746 1882 2785 ἀναγάννη-

1057 2785 1242 2829 σιν-ἠιξχᾴρις,
1258 2787 1378 2829 design}.
1393 2785 1423 2813 in
1439 2785 1509 2814 edit.

1093 2819 1213 2860 (7i)"Sio
1228 2819 1300 2852 mes.
1316 2821 1405 2858 Edit.,
1423 2819 1575 2858 μνηστείαν.
