4092 6218
321 371 474 434 1081

1450 379 1714 442 SERMO
1759 380 1835 440 ΙΝ
1882 376 2253 442 SANCTUM
2296 376 2622 438 PASCHA.

3579 374 3733 435 1082

315 508 427 559 τῶν
459 506 673 580 ἀγαθῶν
725 501 934 570 εἰκόνας
985 511 1274 586 φοροῦντα.
1306 510 1544 585 Λαμπρᾶ
1594 511 1687 584 μὲν
1732 510 1832 587 γὰρ
1877 532 1940 565 κα

2078 510 2180 567 illa
2209 511 2409 577 vestis,
2441 508 2896 582 incorruptionis
2927 507 3032 564 tibi
3071 506 3241 579 signa
3261 504 3539 579 depingit.
3578 506 3731 562 Can-

320 593 552 668 διαυγὴς
612 597 646 664 ἡ
704 596 863 667 ἐσθής
941 617 1037 652 σου
1092 600 1189 667 τῆς
1250 599 1543 677 ἀφθαρσίας
1622 605 1939 678 ζωγραφοῦσ

2084 601 2287 657 didum
2320 600 2423 655 tibi
2472 599 2741 666 linteum,
2778 598 2963 653 instar
3006 595 3357 651 diadematis
3398 596 3730 667 astringens

318 684 387 739 τὰ
416 679 689 756 σύμϐολα.
726 683 920 757 Ὀθόνη
973 707 1056 740 σοι
1106 684 1274 757 λευκή
1322 690 1560 763 καθάπερ
1607 685 1938 762 διάδηματὴ

2081 694 2274 762 caput,
2300 688 2630 743 libertatem
2655 687 2945 760 praedicat.
2976 686 3201 751 Manus,
3226 684 3479 740 victoriis
3505 685 3573 739 de
3605 685 3726 738 dia-

320 772 562 851 χεφαλὴν
610 773 927 853 διασφίγγει,
975 778 1073 845 τὴν
1125 777 1427 853 ἐλευθερίαν
1476 777 1815 854 κηρόττουσα
1849 822 1861 835 .
1924 785 1970 834 ΙΙ

317 883 418 937 γαρ
478 866 577 932 τῆς
607 865 744 919 κατὰ
788 863 883 919 τοῦ
934 861 1193 921 διαϐόλου
1240 866 1395 937 νίιιης
1445 868 1718 946 περιφέρει
1759 869 1826 923 τὰ
1859 890 1965 940 μη-

318 951 552 1023 νύματα.
605 950 813 1023 ’Έδειξε
868 954 969 1030 γάρ
1027 975 1084 1009 σε
1141 956 1367 1029 Χριστὸς
1425 955 1764 1032 ἐγειρόμενον
1803 976 1815 989 ·
1872 962 1965 1011 νῦι

319 1041 416 1113 μὶν
454 1037 779 1115 συμϐόλοις,
812 1041 969 1114 δείξει
1001 1041 1059 1099 δὲ
1086 1046 1221 1100 κατά
1256 1048 1446 1121 μικρὸν
1479 1045 1529 1100 ἐν
1567 1053 1684 1109 τοῖς
1715 1046 1964 1123 πράγμα-

314 1152 420 1197 σιν,
478 1130 564 1185 ἐὰν
615 1131 707 1186 τὸν
737 1137 946 1207 χιτῶνα
992 1135 1091 1202 τῆς
1139 1133 1373 1196 πίστεως
1409 1136 1484 1208 μή
1524 1141 1644 1197 ταῖς
1677 1136 1966 1212 ἁμαρτίαις

313 1218 693 1294 ῥυπώσωμεν·
744 1220 832 1275 ἐὰν
857 1223 956 1290 τὴν
1008 1220 1270 1295 λαμπάδα
1316 1226 1414 1293 τῆς
1465 1226 1691 1300 χάριτος
1739 1219 1963 1286 ἀτόποις

314 1310 394 1381 μή
452 1304 868 1383 κατασϐέσωμεν
921 1312 1191 1382 πράξεσινο
1247 1311 1336 1366 ἐὰν
1373 1314 1463 1367 τὸν
1512 1318 1609 1368 τοῦ
1652 1313 1961 1387 Πνεῦματος

310 1394 726 1475 διαφυλάξωμεν
776 1400 1056 1475 στέφανον.
1108 1400 1244 1457 Τότε
1293 1406 1475 1479 σαφῶς
1525 1405 1553 1457 ὁ
1605 1402 1876 1473 Δεσπότης
1911 1403 1962 1474 ἐξ

308 1486 552 1562 οὐρανῶν
612 1487 747 1560 μετὰ
792 1482 1025 1565 φοϐερᾶς
1075 1487 1164 1543 καί
1212 1489 1602 1568 φιλανθρώπου
1659 1492 1795 1567 βοῆς
1837 1491 1960 1545 ἀνα-

306 1571 549 1646 ϐοήσειε·
588 1600 615 1629 ι(
661 1581 839 1646 Δεῦτε,
892 1578 945 1631 οἱ
994 1575 1355 1654 εὐλογημένοι
1410 1584 1507 1635 τοῦ
1566 1580 1775 1657 Πατρός
1835 1602 1959 1654 μου,

305 1663 767 1739 κληρονομήσατε
794 1671 892 1736 τήν
924 1669 1332 1741 ἡτοιμασμένην
1380 1669 1506 1742 ὑμῖν
1544 1668 1819 1744 βασιλείαν
1854 1670 1960 1724 ἀπὸ

2079 778 2211 835 bolo
2241 782 2542 849 reportata:
2573 777 2743 848 signa
2770 776 2938 847 gerit.
2972 779 3118 830 Nam
3149 778 3206 829 te
3243 772 3510 829 Christus
3541 773 3725 829 susci-

2078 872 2264 924 tatum
2288 867 2547 922 ostendit
2579 883 2590 919 :
2616 882 2771 921 nunc
2798 865 3030 937 quidem
3066 862 3369 935 symbolis,
3392 862 3564 934 paulo
3596 867 3729 934 post

2077 962 2296 1021 autem,
2318 956 2492 1011 rebus
2524 954 2665 1025 ipsis
2695 955 2960 1010 ostendet
2985 978 3000 1021 ;
3025 952 3271 1008 simodo
3302 952 3435 1007 fidei
3459 952 3721 1006 tunicam

2075 1046 2331 1119 peccatis
2365 1061 2477 1100 non
2512 1045 2890 1116 inquinemus
2914 1059 2927 1097 :
2955 1044 3001 1098 si
3025 1042 3225 1114 gratiae
3247 1041 3575 1112 lampadem
3610 1041 3717 1094 im-

2076 1136 2272 1208 probis
2305 1134 2637 1190 actionibus
2668 1151 2781 1189 non
2824 1131 3272 1188 exstinxerimus
3324 1146 3337 1185 :
3389 1129 3438 1185 si
3469 1130 3722 1202 Spiritus

2073 1241 2376 1281 servemus
2406 1239 2703 1279 coronam.
2734 1223 2882 1276 Tum
2915 1219 3067 1276 clare
3113 1219 3395 1275 Dominus
3442 1219 3512 1274 de
3555 1217 3721 1284 ccelo,

2071 1312 2317 1370 terribili
2358 1313 2458 1369 sed
2492 1313 2639 1369 395
2676 1328 2811 1383 erga
2836 1310 3106 1366 homines
3148 1309 3404 1381 benigna
3432 1323 3569 1362 voce
3595 1306 3720 1362 cla-

2075 1404 2257 1459 mabit
2289 1420 2301 1457 :
2336 1425 2364 1453 «
2398 1402 2617 1470 Venite,
2651 1400 2938 1456 benedicti
2994 1398 3181 1454 Patris
3215 1398 3326 1453 mei
3363 1415 3375 1452 :
3425 1396 3719 1469 possidete

2070 1498 2342 1566 paratum
2374 1491 2539 1547 vobis
2566 1507 2814 1563 regnum
2846 1506 2880 1545 a
2910 1489 3326 1545 constitutione
3356 1486 3563 1541 mundi
3595 1486 3661 1539 ²².
3692 1508 3712 1534 ι

2071 1582 2187 1654 Ipsi
2236 1581 2423 1654 gloria
2470 1584 2528 1636 et
2578 1579 2918 1652 imperium,
2969 1578 3029 1634 in
3072 1576 3286 1633 saecula
3343 1573 3715 1632 saeculorum.

2068 1673 2276 1727 Amen.

307 1749 622 1823 καταϐολῆς
653 1754 886 1828 κόσμου.
916 1778 945 1807 ››
978 1755 1136 1828 Αὐτῷ
1167 1759 1201 1826 ἡ
1238 1754 1362 1827 δόξα
1393 1760 1526 1832 (75),
1558 1759 1646 1812 γαὶ
1674 1759 1738 1813 τὸ
1767 1760 1964 1833 κράτος
1996 1757 2071 1821 εἰς
2100 1757 2231 1822 τοὺς
2260 1757 2459 1820 αἰῶνας
2490 1760 2597 1812 τῶν
2632 1755 2862 1812 αἰώνων.
2896 1758 2951 1810 Ἀ
2966 1756 3091 1829 μήν.

376 1910 424 1945 ²²
452 1909 657 1967 Matth.
690 1926 818 1979 xxv,
852 1911 941 1967 34.

375 2063 491 2134 (75)
523 2062 773 2138 Colbert.
808 2069 893 2138 sic
927 2082 940 2120 :
974 2064 1044 2133 ἧς
1087 2063 1300 2138 γένοιτο
1350 2064 1550 2138 πάντας
1585 2068 1731 2138 ἡμᾶς
1766 2064 1952 2120 ἐπιτυ-

305 2136 647 2261 χεῐνὶέάριτι
677 2134 765 2187 καὶ
816 2134 1200 2229 φιλανθρωπίᾳ
1239 2140 1337 2191 τοῦ
1386 2136 1583 2212 Κυρίου
1612 2134 1790 2210 ὴμῶν
1841 2140 1951 2206 Ἰη-

305 2209 400 2259 σοῦ
481 2210 688 2261 οιστοῦ.
720 2204 789 2260 δι’
838 2207 901 2261 οὗ
950 2229 1039 2261 χαι
1096 2209 1212 2261 μεθ’
1260 2208 1321 2261 οὗ
1373 2214 1451 2261 τῶ
1494 2214 1609 2261 Θεῶ
1659 2209 1748 2261 καὶ
1780 2208 1951 2261 Πατοὶ

300 2204 400 2259 σοῦ
431 2204 688 2281 Χριστοῦ,
720 2204 789 2260 δι’
828 2204 901 2261 ὀὗ
950 2204 1039 2262 χαί
1095 2204 1212 2281 μεθ’
1260 2208 1321 2262 οὗ
1373 2204 1609 2282 τῷ’Θεῷ
1656 2204 1748 2263 οιαὶ
1780 2204 1951 2285 Πατρὶ

2064 2064 2320 2142 πρέπει
2356 2063 2483 2136 δόξα
2526 2064 2617 2142 σῦν
2662 2069 2739 2137 τῷ
2775 2062 3188 2142 ,παναγίςρικαζ
3215 2061 3706 2142 ἀγαθῷικαὶιςωο-

2064 2082 2253 2142 πρεπει
2286 2082 2320 2135 η
2356 2082 2483 2136 cogat
2526 2086 2617 2119 συν
2662 2086 2739 2137 τῳ
2789 2085 3033 2139 παναγιῳ
3076 2084 3169 2117 και
3215 2082 3247 2116 α
3291 2082 3403 2133 αθῳ
3447 2082 3535 2115 και
3571 2082 3706 2129 ςωο-

2064 2142 2208 2209 ποιῷ
2237 2137 2400 2192 αὐτοῦ
2432 2137 2705 2209 Ηνεύματι
2737 2141 2826 2190 νῦν
2859 2138 2948 2190 καὶ
2979 2135 3062 2190 ἀεὶ
3105 2134 3195 2189 καὶ
3230 2082 3305 2196 εἰς
3349 2132 3476 2195 τοῦς
3509 2132 3709 2194 αἰῶνας

2063 2214 2170 2265 τῶν
2204 2209 2439 2263 αἰώνων.
2474 2211 2673 2282 Ἀμήν.

1463 2454 1593 2509 ΤΟΥ
1629 2457 1718 2508 EN
1755 2455 1987 2512 ΑΓΙΟῙΣ
2030 2456 2308 2511 ΠΑΤΡΟΣ
2349 2454 2549 2510 ΗΜΩΝ

1645 2604 2376 2701 ΑΘΑΝΑΣΙΟΥ

511 2778 625 2827 ΕΙΣ
663 2778 747 2830 ΤΟ
788 2775 999 2831 APION
1041 2776 1280 2831 ΠΑΣΧΑ
1317 2780 1433 2832 ΚΑΙ
1473 2779 1584 2834 ΕΙΣ
1623 2782 1791 2831 ΤΟΥΣ
1833 2779 2359 2835 ΝΕΟΦΩΤΙΣΤΟΥΣ
2397 2782 2481 2857 Τῼ
2522 2781 2830 2854 ΣΑΒΒΑἸᾨ
2867 2776 3006 2833 ΤΙΙΣ
3046 2776 3489 2833 ΑΙΙΟΛΥΣΙΜΟΥ

1873 2868 2122 2925 ΛΟΓΟΣ.

1966 3015 2039 3027 —

1441 3121 1534 3209 S.
1598 3123 1685 3209 P.
1749 3123 1851 3210 N.
1915 3123 2539 3212 ATHANASII.

348 3279 425 3329 IN
477 3278 791 3329 SANCTUM
848 3279 1096 3331 PASCHA
1155 3282 1245 3331 ET
1297 3282 1374 3331 IN
1426 3282 1682 3333 RECENS
1737 3283 1940 3397 ιιιυᾶ

2051 3285 2221 3397 ιὸοε,
2279 3287 2412 3337 SEU
2464 3286 2869 3338 BAPTIZATOS
2928 3284 3226 3336 SABBATO
3280 3283 3359 3334 IN
3411 3284 3630 3344 ALBIS,

366 3574 676 3648 1.Χριστὸς
728 3571 961 3649 ἐγερθεὶς
1016 3573 1074 3629 ἐκ
1122 3580 1323 3652 νεκρῶν
1376 3575 1512 3647 ὅλην
1569 3582 1675 3632 τῶν
1733 3578 1937 3654 ἀνθρώ-

2122 3584 2449 3641 1.Christus
2472 3602 2785 3658 resurgens
2802 3602 2871 3641 ex
2892 3586 3166 3656 mortuis,
3184 3588 3365 3642 totam
3390 3583 3695 3641 hominum

283 3684 400 3716 πων
434 3664 533 3730 τήν
568 3664 711 3731 ζωὴν
765 3663 954 3739 ἑορτὴν
1007 3664 1368 3739 ἀπειργάσατο
1422 3666 1569 3738 μίαν.
1600 3672 1715 3722 Τῶν
1742 3670 1842 3743 γὰρ
1876 3667 1927 3723 ἐν

280 3754 350 3825 τῇ
409 3756 479 3827 γῇ
525 3752 588 3805 τὸ
637 3749 942 3823 πολίτευμα
983 3753 1120 3827 πρὸς
1169 3751 1394 3828 οὐρανὸν
1449 3758 1803 3826 μεταστήσας,
1835 3757 1929 3818 τὰς

280 3845 377 3894 τοῦ
434 3841 814 3916 πανηγυρίζειν
874 3840 1123 3916 ἀφόρμὰς
1181 3841 1514 3915 ἐδωρήσατο.
1568 3845 1662 3899 Καὶ
1728 3846 1930 3918 μάρτυς

282 3934 388 3982 τῶν
451 3928 754 4003 εἰρημένων
802 3930 829 3983 ὁ
872 3928 1114 3992 Παῦλος,
1162 3931 1189 3983 ὁ
1228 3935 1336 3984 τῶν
1389 3936 1621 4006 Χριστοῦ
1672 3930 1929 4006 ῥημάτων

281 4016 509 4092 ὄργανον
580 4018 678 4086 τήν
752 4017 1004 4092 γλῶσσαν
1062 4020 1443 4091 κτησάμενος.
1513 4044 1539 4069 ‹‹
1593 4023 1775 4093 Ἡμῶν
1831 4021 1929 4097 γὰρ

282 4107 527 4183 φησὶ,τὸ
569 4105 879 4178 πολίτευμα
926 4106 978 4160 ἐν
1031 4107 1279 4182 οὐρανοῖς
1339 4108 1593 4185 ὑπάρχει,
1649 4109 1699 4179 ἐξ
1748 4109 1810 4164 οῦ
1841 4111 1930 4165 καὶ

282 4199 519 4271 Σωτῆρα
548 4192 963 4270 ἀπεκδεχόμεθα
993 4199 1104 4268 (76)
1136 4196 1330 4272 Κύριον
1364 4198 1573 4266 Ἰησοῦν
1610 4198 1863 4273 Χριστόν.
1901 4222 1927 4248 ››

278 4285 370 4346 Τίς
413 4286 513 4359 γὰρ
573 4280 1014 4360 ἀπεκδεχόμενος
1063 4289 1181 4346 ταῖς
1232 4284 1441 4341 ἐλπίσιν
1494 4286 1601 4362 οὐχ
1644 4285 1925 4362 ἑορτάζει;

278 4374 392 4441 Τίς,
422 4376 522 4443 τὴν
568 4379 663 4428 τοῦ
711 4380 968 4448 Σωτῆρος
1021 4370 1311 4446 ἐπιδημίαν
1369 4374 1627 4450 λογισμῷ
1668 4376 1927 4452 φανταζό-

284 4484 468 4536 μενος,
520 4463 582 4518 οὐ
614 4458 987 4538 προλαμϐάνει
1039 4462 1245 4539 χαίρων
1291 4469 1397 4518 τῶν
1448 4466 1778 4541 πραγμάτων
1826 4466 1924 4534 τὴν

278 4557 471 4627 πεῖραν
505 4571 518 4622 ;
550 4551 649 4614 Τίς
697 4550 777 4620 δὲ,
825 4550 1094 4625 βασιλέως
1145 4557 1343 4622 θνητοῦ
1385 4551 1613 4617 κάθοδον
1663 4553 1926 4628 ἐσομένην

279 4640 518 4708 ἀκούων,
550 4640 654 4695 οὐκ
693 4640 964 4695 ἀνίσταται
1020 4640 1114 4712 μὶν
1142 4642 1242 4710 τὴν
1287 4639 1545 4712 διάνοιαν,
1593 4642 1927 4719 εὐφραίνεται

281 4726 342 4783 δὲ
369 4731 467 4798 τήν
497 4731 707 4806 ψυχήν,
734 4730 1055 4805 προτρέχων
1088 4734 1167 4801 τῷ
1196 4730 1349 4804 πόθῳ
1388 4738 1488 4802 τῆς
1522 4733 1642 4795 θὲας
1675 4733 1762 4787 τὸν
1792 4734 1927 4810 χρό-

276 4839 368 4872 νον
399 4838 413 4887 ;
445 4824 575 4874 Τοτε
609 4823 984 4893 συγκινοῦνται
1041 4818 1135 4890 μὲν
1180 4816 1370 4893 δῆμοι,
1406 4826 1663 4898 σκιρτῶσι
1712 4820 1769 4878 δὶ
1798 4829 1928 4878 παῖ-

279 4904 390 4974 δες,
439 4908 733 4984 χορεύουσι
785 4902 990 4981 κόραι,
1024 4903 1315 4983 πρεσϐῦται
1361 4911 1424 4964 τὸ
1470 4918 1641 4986 γῆρας
1690 4912 1927 4986 ἀναιρεῖ-

278 4997 401 5050 σΘαι
436 4996 736 5072 βιάζονται,
774 5001 891 5057 ταῖς
945 4993 1153 5050 ἐλπίσιν
1207 4998 1559 5071 ἀκμάζοντες
1614 4999 1701 5054 καὶ
1751 5007 1927 5075 χωρεῖ

279 5081 370 5139 διὰ
393 5087 605 5141 πάντων
629 5090 664 5156 ἡ
696 5094 796 5156 τῆς
832 5082 1122 5161 βασιλικῆς
1170 5087 1465 5162 παρουσίας
1509 5091 1829 5164 πανήγυρις.
1859 5089 1920 5144 Τί

277 5171 369 5228 οὖν
394 5173 452 5229 ἂν
474 5172 617 5230 sine;
642 5197 747 5245 τις,
775 5174 1221 5251 παραγινομένου
1238 5177 1473 5251 Χριστοῦ
1504 5176 1770 5253 βασιλέως
1794 5178 1919 5243 ἀθα-

274 5261 460 5335 νάτου,
492 5265 601 5341 οὐχ
622 5263 714 5320 ’ίνα
741 5265 932 5329 πόλεις
966 5264 1251 5345 φαιδρύνῃ,
1284 5266 1373 5322 καὶ
1416 5263 1657 5342 πύργους
1708 5267 1914 5343 ἐγείρῃ,

347 5500 392 5536 ³³
417 5499 674 5574 Philipp.
707 5517 791 5568 In,
822 5501 911 5557 20.

344 5706 461 5778 (76)
490 5705 577 5763 Ita
602 5720 747 5765 mss.
778 5706 933 5765 Editi
961 5722 1116 5778 vero,
1152 5702 1511 5781 ἰκδιχόμεθα.

2039 3673 2220 3729 vitam
2257 3677 2466 3730 festum
2497 3675 2684 3730 effecit
2709 3692 2913 3731 unum.
2938 3675 3246 3731 Translata
3266 3674 3482 3746 quippe
3502 3672 3561 3727 in
3589 3688 3696 3727 cce-

2041 3760 2183 3829 lum,
2217 3762 2525 3818 hominum
2560 3763 2618 3818 in
2650 3763 2827 3819 terris
2869 3764 3203 3834 degentium
3236 3759 3693 3816 conversatione,

2042 3850 2326 3906 fastorum
2360 3853 2589 3907 dierum
2639 3853 2977 3908 occasiones
3026 3851 3203 3906 dedit.
3258 3850 3474 3904 Horum
3524 3848 3692 3903 testis

2044 3938 2282 4007 Paulus,
2316 3942 2487 4008 cujus
2531 3939 2730 4009 lingua
2778 3940 2989 3995 Christi
3042 3940 3351 3994 verborum
3402 3953 3687 4008 organum

2041 4028 2173 4082 fuit.
2209 4051 2237 4077 «
2270 4028 2479 4082 Nostra
2526 4030 2706 4092 enim,
2736 4047 2763 4079 ιι
2810 4028 3024 4099 inquit,
3074 4027 3435 4083 conversatio
3479 4025 3539 4079 in
3581 4042 3693 4081 coe-

2040 4114 2113 4171 lis
2145 4120 2251 4186 est,
2279 4116 2434 4170 unde
2466 4117 2639 4171 etiam
2672 4115 3024 4171 Salvatorem
3057 4120 3467 4186 exspectamus
3498 4114 3691 4168 Domi-

2040 4221 2182 4259 num
2209 4210 2476 4259 nostrum
2508 4205 2710 4260 Jesum
2747 4204 3041 4259 Christum
3060 4204 3122 4258 εδ,
3153 4226 3173 4253 ι
3199 4204 3340 4267 Quis
3364 4203 3520 4257 enim
3548 4203 3684 4257 dum

2037 4296 2355 4365 exspectat,
2388 4309 2502 4347 non
2535 4309 2636 4364 sps
2668 4294 2883 4349 festum
2913 4292 3207 4348 celebrat?
3247 4292 3386 4355 Quis
3428 4290 3684 4346 Salvato-

2038 4382 2118 4436 ris
2168 4382 2482 4437 adventum
2532 4383 2728 4438 animo
2780 4381 3066 4454 cogitans,
3101 4397 3216 4436 non
3261 4381 3457 4452 ipsum
3490 4395 3684 4434 rerum

2036 4469 2497 4541 experimentum
2517 4487 2649 4526 cum
2673 4471 2889 4543 gaudio
2910 4469 3255 4525 antevertit?
3269 4468 3408 4535 Quis
3427 4469 3685 4524 futurum

2038 4559 2282 4614 audiens
2316 4560 2581 4616 mortalis
2614 4561 2764 4632 regis
2795 4561 3301 4621 descensum,non
3335 4574 3460 4614 sese
3493 4563 3687 4614 mente

2037 4648 2229 4721 erigit,
2281 4648 2595 4716 animoque
2643 4648 2889 4718 laetatur,
2926 4653 3195 4720 aspectus
3245 4646 3405 4702 illius
3450 4651 3687 4718 tempus

2038 4754 2237 4793 amore
2293 4738 2725 4793 antevertens?
2780 4741 2922 4792 Tum
2972 4740 3411 4792 commoventur
3463 4735 3683 4808 populi,

2038 4826 2334 4882 exsultant
2363 4827 2547 4897 pueri,
2582 4826 2824 4882 choreas
2853 4831 3037 4897 agunt
3074 4825 3349 4897 virgines,
3393 4841 3561 4879 senes
3594 4842 3684 4879 se-

2040 4919 2334 4971 nectutem
2366 4916 2437 4970 de
2467 4916 2658 4971 medio
2680 4914 2881 4970 tollere
2910 4915 3290 4979 contendunt,
3314 4914 3386 4968 ad
3411 4914 3686 4982 juventu-

2036 5004 2115 5059 tis
2145 5005 2344 5059 ﬂorem
2398 5020 2500 5073 spe
2530 5004 2755 5059 reducti
2789 5021 2801 5057 :
2836 5003 3093 5074 regiique
3125 5005 3411 5058 adventus
3440 5003 3683 5059 celebri-

2035 5097 2124 5148 tas
2153 5093 2351 5147 omnia
2383 5092 2663 5163 pervadit.
2688 5093 2836 5158 Quid
2868 5108 3004 5165 ergo
3038 5093 3173 5165 quis
3203 5093 3430 5161 dixerit,
3455 5091 3683 5147 Christo

2029 5180 2348 5237 immortali
2382 5197 2513 5254 rege
2546 5182 2908 5249 adveniente,
2943 5199 3058 5237 non
3104 5188 3169 5237 ut
3199 5183 3376 5237 urbes
3422 5187 3679 5250 exornet,

2026 5273 2085 5327 et
2114 5274 2307 5327 turres
2339 5269 2543 5344 erigat,
2577 5286 2768 5344 neque
2800 5274 2865 5327 ut
2896 5271 3051 5327 dona
3099 5270 3340 5341 tribuat,
3375 5284 3500 5343 quis
3533 5271 3678 5324 tem-
