4092 6218
343 357 502 420 1083
1490 359 1552 416 S.
1600 353 2123 418 ATHANASIUS.
2159 385 2238 400 —-
2264 355 2575 420 SPURIA.
3605 365 3765 424 i081

341 488 500 560 poris
528 487 666 542 vitio
697 491 1060 552 atteruntur;
1095 490 1195 544 sed
1230 493 1293 544 ut
1318 490 1617 546 hominem
1649 488 1990 545 immortali-

2136 481 2235 539 ύδὶ
2285 484 2377 541 ’ίνα
2434 485 2638 566 δωρεὰς
2695 491 2970 569 παράσχῃ,
3030 494 3371 566 πατουμένας
3418 496 3496 564 τῷ
3543 491 3760 568 χρόνῳ·

341 581 462 632 tate
493 576 717 644 induat,
752 581 807 631 et
831 594 1003 649 quem
1045 594 1205 634 mors
1237 580 1565 652 deprmdata
1594 583 1705 646 est,
1738 580 1794 636 in
1829 594 1994 634 secu-

345 682 408 722 ro
443 664 590 728 loco,
622 665 677 719 in
713 665 855 720 cmlo
887 663 1109 721 scilicet
1138 667 1502 724 constituat?

419 847 474 899 2.
538 845 715 899 Hodie
765 844 970 899 iterum
1013 845 1281 902 Christus
1330 852 1461 917 post
1509 847 1996 904 resurrectionem

346 933 512 988 visus
557 937 646 987 est
693 933 1019 1004 discipulis,
1067 951 1132 988 ac
1183 937 1437 991 secunda
1468 937 1566 992 illa
1614 936 2001 1008 apparitione,

350 1021 669 1078 ﬁrmiorem
703 1022 891 1077 etTecit
921 1023 1362 1080 resurrectionis
1395 1027 1774 1080 fidem.Visus
1806 1031 2001 1080 autem

351 1116 442 1168 est
467 1111 664 1181 januis
696 1111 950 1178 clausis;
984 1130 1116 1167 nam
1152 1115 1249 1184 qui
1303 1116 1521 1182 absque
1559 1132 1727 1171 muro
1757 1131 1885 1172 esse
1913 1115 2004 1170 in-

353 1201 585 1256 fernum
618 1201 974 1264 ostenderat,
999 1203 1202 1272 januis
1233 1204 1300 1257 ad
1337 1203 1668 1275 ingressum
1711 1221 1826 1259 non
1869 1219 2004 1275 ege-

359 1289 585 1345 bat.Ubi
612 1305 865 1358 namque
887 1290 1058 1356 jubet
1084 1291 1338 1358 Deus,ibi
1362 1292 1808 1348 consuetudinis
1828 1293 2002 1354 leges.

355 1378 817 1447 cessant.Supra
849 1394 1008 1434 mare
1048 1380 1209 1452 prius
1241 1381 1664 1449 ambulaverat,
1719 1398 1783 1436 ac
1832 1380 2008 1452 liqui-

357 1468 495 1522 dum
545 1465 899 1522 elementum
959 1469 1151 1524 carnis
1200 1469 1448 1541 pedibus
1497 1470 2006 1534 substernebalur,

355 1557 690 1628 pedumque
712 1557 1012 1628 gressibus
1035 1558 1251 1613 ﬂuctus
1274 1559 1648 1626 metiebatur,
1671 1558 1916 1631 pelagus
1935 1559 2006 1613 ad

354 1662 529 1701 usum
562 1646 689 1712 ejus
722 1645 828 1700 soli
861 1646 1047 1701 instar
1076 1653 1382 1703 concretus
1413 1653 1520 1703 est.
1558 1648 1802 1703 Intravit
1839 1649 2009 1702 Jesus

345 1734 547 1805 januis
575 1734 812 1789 clausis.
837 1735 1080 1789 Etiamsi
1112 1752 1245 1790 cum
1279 1737 1628 1792 resurrectio
1661 1737 1792 1805 fuit,
1816 1735 2010 1806 sepul-

2105 571 2232 628 ἀλλ’
2255 572 2347 629 ’ίνα
2397 576 2488 631 τὸν
2543 579 2824 655 ἄνθρωπον
2882 585 2995 656 (77)
3044 582 3328 649 ἀθανασίαν
3374 578 3567 656 ἐνδύσῃ
3597 583 3768 655 (77⁸),

2105 663 2195 719 καὶ
2255 666 2464 740 θανάτῳ
2511 669 2902 744 λῃστευόμενον
2952 671 3004 727 ἐν
3059 671 3248 745 ἀσύλῳ
3295 670 3488 748 χωρίῳ
3531 669 3764 746 ούρανοῦ

2108 753 2389 829 κατοικίσῃ
2425 773 2438 823 ;

2181 845 2234 897 2.
2273 844 2522 920 Σήμερον
2574 841 2730 923 ὤφθη
2779 849 3005 923 Χριστὸς
3045 855 3164 911 τοῖς
3217 853 3486 921 μαθηταῖς
3531 847 3764 910 ἀναστὰς

2112 929 2171 985 ἐκ
2218 936 2445 1007 νεκρῶν,
2494 935 2584 989 καὶ
2633 935 2796 991 πάλιν
2844 935 3065 1011 δευτέρᾳ
3114 939 3226 1008 θέᾳ,
3264 933 3614 1014 βεϐαιοτέραν
3663 941 3766 1006 τῆς

2113 1019 2451 1084 ἀναστάσεως
2500 1024 2602 1092 τήν
2649 1025 2826 1079 πίστιν
2879 1025 3242 1101 ἐργαζόμενος
3289 1028 3426 1100 (78).
3456 1029 3633 1104 "ngn
3685 1025 3765 1090 δὲ,

2113 1113 2218 1163 τῶν
2252 1115 2428 1186 θυρῶν
2459 1111 2878 1186 κεκλεισμένων·
2914 1117 2942 1170 6
2971 1118 3072 1192 γαρ
3103 1116 3196 1172 τὸν
3235 1111 3369 1186 ᾅδην
3417 1113 3592 1186 δείξας
3633 1115 3773 1171 ἀτεί-

2115 1217 2304 1272 χιστον
2338 1199 2437 1254 οὐκ
2466 1198 2641 1256 ἐδέετο
2673 1204 2848 1279 θυρων
2880 1206 3018 1278 πρὸς
3045 1206 3144 1274 τὴν
3189 1202 3422 1261 εἴσοδον.
3453 1208 3630 1260 Ὅπου
3660 1205 3766 1280 γὰρ

2117 1286 2434 1360 προστάττει
2491 1290 2646 1361 Θεὸς,
2700 1300 2797 1362 τῆς
2857 1293 3140 1364 συνηθείας
3189 1293 3447 1368 ἀργοῦσιν
3495 1295 3548 1348 οἱ
3577 1293 3770 1366 νόμοι.

2118 1375 2238 1434 Ἐπὶ
2269 1379 2366 1446 τῆς
2424 1376 2698 1450 θαλάσσης
2755 1376 2973 1451 ἐϐάδιζε
3018 1382 3302 1459 πρότερονο
3354 1384 3445 1437 καὶ
3487 1384 3522 1454 ἡ
3574 1382 3778 1457 ῥέουσα

2118 1467 2274 1543 φύσις
2303 1471 2420 1528 τοῖς
2466 1475 2568 1537 τῆς
2618 1470 2814 1545 σαρκὸς
2860 1471 3018 1525 ποσὶν
3066 1472 3495 1546 ὑπεστρώννυτο,
3541 1471 3634 1526 καὶ
3669 1472 3774 1546 βή-

2122 1575 2250 1627 μασι
2282 1557 2392 1626 (79)
2424 1554 2607 1612 ποδῶν
2656 1557 2934 1634 ἐμετρεῖτο
2980 1560 3046 1614 τὸ
3092 1560 3328 1633 κύματα,
3372 1559 3462 1615 καὶ
3503 1560 3566 1615 τὸ
3595 1557 3776 1614 πελα-

2117 1664 2211 1717 γος
2241 1645 2379 1719 πρὸς
2409 1646 2506 1713 τήν
2540 1645 2726 1721 χρείαν
2769 1647 2845 1709 εἷς
2896 1644 3092 1727 ἔδαφος
3139 1651 3529 1725 μετεπήγνυτο.
3561 1649 3774 1718 Εἰσῆλ-

2120 1733 2206 1786 θεν
2239 1734 2268 1786 6
2301 1734 2532 1804 Ἰησοῦς,
2583 1734 2980 1808 κεκλεισμένων
3031 1742 3138 1792 τῶν
3191 1740 3391 1814 Θυρῶν.
3426 1737 3640 1806 Καίτοι,
3673 1745 3776 1804 τῆς

349 1823 430 1878 cri
464 1823 615 1894 lapis
647 1822 939 1879 revolulus
971 1827 1078 1891 est,
1113 1842 1177 1880 ac
1201 1825 1568 1880 monumenti
1585 1827 1772 1896 janua
1802 1828 2003 1896 aperta

2136 1820 2456 1885 ἱναστάσεως
2509 1824 2826 1898 γινομένης,
2888 1828 2915 1880 6
2974 1825 3070 1881 τοῦ
3125 1827 3298 1905 τάφου
3347 1825 3638 1882 κεκύλιστο
3691 1826 3778 1882 λί-

351 1912 479 1968 fuit.
515 1915 618 1968 Sed
656 1913 773 1967 illic
803 1912 1037 1984 quidem
1073 1913 1432 1968 declaratum
1451 1918 1575 1983 est,
1598 1915 1753 1984 quod
1787 1913 2006 1968 visibili

352 2003 619 2073 sepulcro
651 2001 882 2068 accidit,
917 2001 1175 2074 idipsum
1205 2001 1437 2057 inferno
1470 2001 1845 2058 invisibiliter
1871 2019 2009 2058 con-

352 2091 560 2163 tigisse
609 2108 619 2145 :
678 2095 850 2161 atque
900 2094 1099 2162 aperto
1145 2094 1549 2158 monumento,
1597 2095 1845 2146 mortem
1881 2107 2009 2146 esse

356 2181 543 2236 multo
575 2181 765 2251 magis
799 2179 1002 2248 januis
1049 2183 1342 2251 expertem
1391 2179 1823 2252 deprehensum
1875 2179 2006 2236 fuit.

354 2269 790 2342 Oportuitenim
811 2285 927 2324 una
949 2285 1081 2324 cum
1100 2268 1324 2324 inferno
1343 2268 1628 2324 denudari
1647 2269 2007 2341 sepulcrum,

348 2364 405 2414 et
435 2375 565 2414 cum
597 2357 949 2428 visibilibus,
983 2357 1446 2429 inaspectabilia,
1479 2359 1726 2414 traduci.
1753 2358 1856 2414 Hic
1906 2375 2010 2413 au-

353 2452 471 2503 tem
505 2446 720 2502 clausis
769 2447 952 2502 intrat
989 2447 1225 2517 januis;
1273 2451 1337 2501 ut
1385 2446 1484 2518 qui
1535 2448 1689 2503 circa
1739 2463 1996 2504 resurre-

355 2537 608 2593 ctionem
630 2535 917 2591 increduli
971 2536 1260 2604 essent,ad
1287 2536 1621 2608 ingressum
1643 2537 2018 2608 obstupesce-

355 2629 503 2695 rent,
537 2641 602 2681 ac
634 2623 916 2680 miraculo
949 2625 1019 2681 ad
1053 2623 1404 2680 miraculum
1437 2626 1595 2681 velut
1627 2642 1803 2681 manu
1835 2626 2010 2680 duce-

359 2718 580 2770 rentur.
613 2719 753 2769 Cum
797 2729 932 2785 ergo
964 2714 1233 2771 Christus
1280 2715 1716 2784 resurrexisset,
1751 2713 2013 2770 mulieri-

361 2805 471 2860 bus
504 2807 822 2875 antequam
849 2803 1155 2876 discipulis
1183 2807 1442 2876 apparet.
1467 2808 1545 2858 Ac
1575 2803 1853 2859 mulieres
1883 2820 2016 2875 apo-

360 2893 528 2949 stolis
579 2893 968 2964 przedicarunt
1014 2892 1231 2950 Christi
1277 2893 1786 2959 resurrectionem,
1843 2897 2018 2964 atque

363 2983 506 3038 illud
533 2984 667 3053 jure
699 2982 928 3036 merito.
966 2983 1049 3038 Ita
1079 2982 1234 3037 enim
1280 2981 1505 3036 illatum
1550 3000 1584 3037 a
1625 2982 1854 3037 diabolo
1893 2985 2016 3036 Eva:

363 3074 647 3127 damnum
672 3071 731 3125 in
756 3071 950 3141 ipsum
975 3071 1216 3126 cedebat
1236 3071 1559 3126 diabolum.
1578 3071 1742 3126 Unde
1764 3086 2018 3141 namque

362 3161 648 3231 processit
683 3161 942 3223 morbus,
975 3159 1110 3214 hinc
1143 3160 1370 3216 medela
1413 3160 1805 3232 progreditur.
1863 3161 2016 3216 396

368 3249 528 3304 Unde
559 3264 690 3302 orsa
722 3265 882 3303 mors
912 3251 1022 3318 est,
1047 3249 1182 3305 inde
1223 3254 1462 3322 apparet
1488 3249 1855 3306 resurrectio.
1889 3251 2016 3306 Mu-

364 3337 474 3394 lier
494 3353 745 3405 namque
766 3337 1252 3409 transgressionis
1282 3342 1370 3393 est
1399 3355 1597 3406 causa,
1617 3355 1683 3394 ac
1705 3355 1889 3410 praeco
1921 3355 2012 3394 re-

367 3426 745 3485 surrectionis
785 3443 798 3493 ;
863 3442 994 3497 qum
1027 3426 1280 3498 primum
1334 3427 1623 3482 Adamum
1673 3427 1745 3482 ad
1789 3427 2021 3500 lapsum

367 3515 617 3581 induxit,
682 3517 997 3571 secundum
1043 3516 1332 3570 Adamum
1383 3515 1771 3572 resurrexisse
1847 3520 2025 3572 testa-

373 3609 488 3661 tur.

441 3696 493 3750 3.
527 3693 706 3750 Visus
737 3696 825 3749 est
853 3693 1053 3765 itaque
1082 3691 1348 3750 Christus
1380 3691 1660 3764 apostolis
1691 3693 1750 3748 in
1781 3693 2028 3749 aedicula

373 3783 640 3847 occultis,
675 3787 850 3855 atque
897 3783 1200 3855 ingressus
1247 3786 1338 3838 est
1361 3782 1565 3852 januis
1595 3782 1828 3838 clausis.
1870 3783 2023 3839 Tho-

374 3890 501 3929 mas
549 3889 681 3928 vero
739 3871 837 3943 qui
885 3887 1143 3944 praesens
1194 3888 1310 3926 non
1361 3871 1569 3938 fuerat,
1603 3869 1942 3927 incredulus
1974 3875 2030 3928 et

377 3966 752 4035 conspectum
769 3960 1406 4032 desiderans,auditum
1423 3976 1536 4015 non
1559 3960 2032 4031 admittebat,au-

378 4071 469 4109 res
501 4051 828 4120 claudebat,
861 4050 1104 4122 cupiens
1153 4049 1378 4120 aperire
1427 4048 1630 4105 oculos
1676 4067 1687 4104 :
1741 4050 2030 4106 desiderio

376 4141 736 4203 vulneratus,
775 4155 908 4194 cum
939 4155 1077 4195 voce
1127 4139 1399 4194 feriretur
1429 4155 1440 4192 :
1478 4160 1505 4186 ‹‹
1533 4137 1656 4193 Nisi
1689 4139 1916 4194 mittam
1952 4139 2033 4193 di-

377 4230 563 4300 gitum
621 4244 815 4282 meum
855 4228 1100 4283 ﬁxuram
1156 4227 1478 4293 clavorum,
1529 4231 1587 4282 et
1633 4227 1863 4282 mittam
1918 4245 2034 4283 ma-

379 4334 519 4372 num
556 4332 742 4370 meam
779 4315 834 4369 in
868 4314 1028 4370 latus
1067 4316 1213 4384 ejus,
1238 4332 1351 4371 non
1385 4316 1620 4370 credam
1643 4316 1710 4371 ³⁵.
1740 4337 1765 4364 η
1798 4315 2039 4376 Insatia-

377 4406 512 4461 bilis
547 4406 754 4460 affectu
783 4403 1045 4459 Thomas
1070 4405 1242 4459 fidem
1268 4420 1382 4460 non
1405 4403 2038 4473 adhibens,increduli-

376 4499 556 4549 tatem
592 4492 990 4565 praetendit,ut
1015 4493 1242 4548 fruatur
1259 4492 2038 4568 conspectu.Solvet,inquit,

2119 1909 2208 1970 θος
2236 1911 2369 1982 (80),
2401 1911 2490 1965 καὶ
2520 1915 2554 1982 ἡ
2585 1917 2683 1967 τοῦ
2718 1915 3003 1987 μνήματος
3036 1913 3385 1988 ἀνεστόμωτο
3425 1914 3580 1991 θύρα.
3617 1914 3781 1970 Ἀλλ’

2119 1997 2230 2052 ἐκεῖ
2261 1999 2354 2071 μὲν
2405 1998 2650 2076 ἐδείχθη,
2703 2001 2787 2057 ὅτι
2839 2004 2971 2078 ἅπερ
3019 1999 3256 2080 ἔπασχεν
3287 2005 3315 2059 6
3352 2005 3522 2082 τάφος
3553 2004 3776 2082 ὁρώμε-

2117 2109 2223 2158 νος,
2268 2092 2434 2143 ταῢτα
2480 2091 2508 2144 6
2561 2085 2693 2161 ᾅδης
2742 2090 2985 2166 ἀοράτως
3040 2093 3289 2166 ὑπέμενε⁹
3340 2094 3430 2148 καὶ
3482 2093 3776 2169 ἀνοιγομέ-

2117 2197 2212 2231 νου
2257 2182 2354 2232 τοῦ
2402 2179 2708 2250 μνήματος,
2759 2181 3038 2255 ἀθύρωτος
3092 2180 3259 2238 πλέον
3313 2183 3426 2255 (81)
3470 2183 3498 2236 6
3552 2183 3777 2246 θάνατος

2119 2263 2492 2340 ἀπηλέγχετιγ
2525 2261 2631 2321 ἔδει
2678 2268 2780 2343 γάρ
2829 2267 3374 2344 συναπογυμνοῦσθαι
3422 2274 3504 2341 τῷ
3551 2264 3654 2344 ᾅδῃ
3682 2271 3776 2324 τὸν

2119 2354 2309 2431 τάφον,
2343 2353 2431 2408 καὶ
2461 2360 2579 2416 τοῖς
2612 2356 2918 2428 ὁρωμένοις
2947 2357 3015 2412 τὰ
3051 2357 3126 2430 μὴ
3161 2359 3457 2435 φαινόμενα
3508 2359 3621 2431 (82)
3655 2379 3782 2426 στη-

2123 2441 2446 2506 λιτεύεσθαι·
2477 2443 2701 2499 ἐνταῦθα
2731 2442 2789 2500 δὲ
2817 2451 2924 2500 τῶν
2959 2447 3131 2521 θυρῶν
3165 2445 3566 2518 κεκλεισμένων
3606 2446 3780 2522 εἰσέρ-

2123 2549 2300 2607 χεται⁴
2330 2530 2422 2587 θίνα
2455 2534 2506 2587 οἱ
2540 2533 2662 2609 περὶ
2691 2536 2788 2604 τὴν
2834 2534 3118 2590 ἀνάστασιν
3174 2535 3522 2598 ἀπιστοῦντες
3571 2535 3777 2592 ἐκπλα-

2123 2625 2262 2696 γῶσι
2291 2622 2390 2690 τήν
2412 2619 2638 2691 εἴσοδον,
2656 2623 2745 2678 καὶ
2769 2627 3226 2700 χειραγωγηθῶσι
3251 2625 3387 2698 πρὸς
3407 2627 3470 2679 τὸ
3493 2629 3677 2697 θαῦμα
3697 2630 3778 2696 τῷ

2123 2709 2375 2782 θαύματι.
2423 2713 2682 2774 Ἀναστὰς
2725 2711 2816 2768 οὗν
2868 2715 2896 2768 6
2925 2714 3158 2790 Χριστὸς
3207 2715 3313 2788 πρὸ
3340 2718 3448 2768 τῶν
3509 2716 3770 2786 μαθητῶν

2122 2804 2242 2861 ταῖς
2273 2800 2508 2873 γυναιξὶν
2563 2801 2905 2880 ἐμφανίζεται
2949 2805 3082 2873 (83)·
3133 2802 3226 2858 καὶ
3274 2804 3326 2856 αἱ
3374 2808 3622 2876 γυναῖκες
3655 2809 3776 2864 τοῖς

2127 2887 2453 2951 ἀποστόλοις
2489 2889 2911 2966 εὐηγγελίζοντο
2940 2896 3039 2946 τοῦ
3070 2891 3304 2966 Χριστοῦ
3335 2892 3434 2959 τήν
3469 2891 3778 2956 ἀνάστασιν,

2125 2977 2406 3032 καὶτοῦτο
2439 2978 2682 3042 εἲκότως.
2717 2979 2876 3037 Οὕτω
2914 2982 3016 3055 γάρ
3059 2988 3166 3049 τῆς
3211 2979 3350 3041 Εὕας
3378 2983 3412 3048 ἡ
3446 2979 3675 3056 ἐπήρεια
3703 2986 3783 3052 τῷ

2128 3060 2375 3138 διαϐόλῳ
2425 3066 2825 3143 περιετρέπετο.
2875 3071 3036 3127 ’Ὀθεν
3086 3069 3186 3143 γὰρ
3235 3066 3464 3124 ὥδευσεν
3510 3071 3545 3138 ἡ
3596 3070 3781 3140 νόσος,

2129 3153 2327 3210 ἐκεῖθεν
2361 3157 2396 3224 ἡ
2432 3154 2690 3231 θεραπεία
2717 3153 2936 3233 ἔρχεται
2978 3159 3113 3232 (84).
3145 3159 3303 3214 ’Ὁθεν
3344 3158 3373 3212 6
3417 3159 3644 3221 θάνατος
3681 3155 3784 3231 ἤρ-

2129 3243 2294 3312 ξατο,
2326 3242 2522 3307 ἐκεῖθεν
2581 3246 2616 3312 ἡ
2675 3244 2958 3308 ἀνάστασις
3019 3246 3282 3323 φαίνεται.
3339 3247 3481 3314 Γυνή
3531 3246 3638 3322 γὰρ
3684 3255 3786 3315 τῆς

2136 3328 2490 3402 παραϐάσεως
2549 3331 2716 3400 αἰτία,
2771 3333 2860 3387 καὶ
2917 3336 3014 3402 τῆς
3074 3334 3410 3395 ἀναστάσεως
3468 3333 3640 3410 κήρυξ
3677 3353 3690 3366 ·
3751 3337 3785 3403 ἡ

2134 3420 2226 3474 τὸν
2260 3424 2474 3493 πρῶτον
2509 3417 2684 3494 Ἀδὰμ
2729 3421 2895 3512 πρὸςδ
2912 3423 3010 3492 τὴν
3061 3427 3266 3477 πτῶσιν
3309 3425 3788 3499 χειραγωγήσασι,

2138 3509 2229 3564 τὸν
2268 3506 2514 3584 δεύτερον
2548 3507 2725 3584 Ἀδὰμ
2753 3506 3049 3566 ἀναςῖτάντα
3081 3510 3428 3588 μαρτύρεται.

2214 3689 2269 3743 3.
2299 3687 2476 3764 ’Ὡφθη
2509 3684 2689 3741 τοίνυν
2719 3689 2829 3762 (85)
2883 3687 2971 3743 καὶ
3018 3694 3134 3750 τοῖς
3181 3686 3511 3749 ἀποστόλοις
3561 3691 3794 3762 Χριστὸς

2147 3775 2206 3831 ἐκ
2235 3773 2376 3848 οἷ’κῳ
2404 3776 2822 3850 κεκρυμμένοις,
2855 3777 3077 3848 εἰσῆλθε
3117 3783 3224 3832 τῶν
3269 3779 3444 3852 θυρῶν
3476 3775 3797 3852 κεκλεισμὲ-

2145 3885 2274 3920 νων.
2325 3864 2429 3920 Kal
2480 3865 2696 3920 ἀπιστεῖ
2732 3871 2849 3928 τοῖς
2897 3865 3212 3940 γινομένοις
3267 3867 3342 3938 μὴ
3394 3866 3581 3940 παρὼν
3615 3868 3643 3922 6
3677 3873 3796 3922 Θω-

2151 3959 2254 4026 μᾶς
2290 3970 2304 3986 ·
2335 3954 2424 4008 καὶ
2471 3955 2654 4008 ποθῶν
2701 3955 2800 4023 τὴν
2855 3954 2998 4026 θέαν,
3041 3957 3142 4023 τήν
3193 3955 3357 4024 ἀκοήν
3409 3954 3794 4034 ἀπεπρέιρετο·

2147 4038 2371 4120 ἕφραττε
2399 4043 2496 4111 τὴν
2527 4043 2722 4113 ἀκοήν,
2751 4043 2881 4106 τοὺς
2930 4043 3248 4122 ὀφθαλμοὺς
3297 4042 3620 4099 ἀναπετάσαι
3677 4047 3801 4120 βου-

2149 4129 2400 4205 λόμενος·
2433 4131 2731 4202 ἐπλήττετο
2778 4139 2857 4205 τῷ
2907 4132 3084 4205 πόθῳ,
3135 4130 3226 4188 διὰ
3277 4141 3461 4211 φωνῆς
3505 4134 3798 4206 τοξευόμε-

2149 4240 2262 4283 νος·
2302 4245 2330 4273 ι(
2362 4221 2482 4277 Ἐὰν
2521 4221 2596 4294 μὴ
2635 4219 2790 4297 βάλω
2819 4222 2908 4276 τὸν
2943 4218 3209 4276 δάκτυλόν
3247 4243 3352 4293 μου
3384 4221 3460 4283 εἷς
3488 4223 3579 4276 τὸν
3629 4223 3797 4278 τύπον

2148 4315 2255 4364 τῶν
2288 4308 2464 4379 ἥλων,
2496 4309 2585 4364 καὶ
2622 4309 2778 4385 βάλω
2827 4313 2926 4379 τήν
2959 4312 3122 4385 χεῖρά
3168 4331 3272 4383 μου
3323 4311 3396 4372 εἷς
3427 4313 3525 4380 τὴν
3559 4311 3799 4388 πλευρὰν

2151 4399 2338 4467 αὐτοῦ,
2372 4398 2432 4452 ού
2485 4400 2560 4472 μὴ
2607 4399 2898 4456 πιστεύσω.
2937 4423 2962 4449 ››
3003 4398 3321 4469 ’Ἂπληστος
3373 4401 3484 4473 (86)
3515 4401 3650 4475 πρὸς
3683 4399 3804 4456 διά-

2153 4490 2318 4555 θεσιν,
2372 4487 2462 4541 καὶ
2515 4487 2592 4560 μὴ
2648 4490 2914 4543 πιστεύων
2943 4489 2972 4541 6
3003 4493 3224 4560 Θωμᾶς,
3258 4485 3628 4563 προϐάλλεται
3677 4490 3802 4546 ἀπι-

380 4582 912 4637 incredubilitatem
938 4597 1126 4636 meam
1149 4597 1280 4636 cum
1306 4581 1643 4652 apparuerit
1669 4599 1680 4635 :
1704 4581 1931 4637 mittam
1955 4583 2015 4639 di

2152 4574 2444 4645 στίαν,⁹ίνα
2470 4575 2754 4651 ἀπολαύσῃ
2800 4584 2900 4646 τῆς
2953 4576 3199 4654 θεωρίας.
3253 4578 3414 4631 Λύσει
3466 4599 3592 4650 μου,
3643 4579 3799 4656 φησὶ,

2195 4671 2204 4682 ι
2286 4668 2298 4682 Ι
2447 4665 2458 4682 Ι
2697 4665 2707 4682 Ι
2797 4666 2825 4682 ﬂ
2869 4665 2888 4682 ἵ
2909 4669 2937 4681 ω
3017 4667 3032 4682 \
3105 4662 3130 4682 ἢ
3154 4667 3163 4682 Ι
3273 4663 3294 4682 ‘
3326 4665 3338 4682 1
3588 4666 3607 4682 ι
3741 4667 3753 4682 ι

380 4673 566 4743 gitum
603 4688 798 4726 meum
831 4671 890 4726 in
925 4671 1144 4726 fixuras
1175 4669 1473 4725 clavorum
1511 4687 1523 4723 :
1558 4684 1728 4738 quem
1763 4670 2033 4728 desidero

383 4761 695 4817 Dominum
730 4760 1159 4832 complexabor.
1185 4758 1520 4830 Redarguat
1542 4757 2034 4829 incredulitatem,

384 4855 440 4907 et
469 4853 850 4922 conspectum
883 4848 1187 4922 largiatur.
1220 4847 1294 4904 Ut
1321 4845 1663 4904 incredulus
1693 4847 1918 4919 videbo,
1935 4848 2036 4904 sed

456 4976 502 5010 ²⁴
531 4974 703 5030 Joan.
737 4991 830 5040 xx,
859 4973 951 5039 25,

460 5108 572 5179 (77)
604 5107 742 5177 Reg.
779 5108 829 5173 1,
859 5109 915 5179 2,
949 5109 1004 5162 et
1032 5104 1218 5179 Golb.,
1269 5103 1331 5158 τὸ
1379 5106 1505 5179 τῶνΔ
1533 5103 1833 5179 ἀνθρώπων
1863 5104 2041 5179 γένος.

390 5174 520 5250 Mox
554 5174 740 5250 'priu's
775 5177 960 5250 redit.)
1019 5176 1110 5250 καὶ
1166 5175 1318 5250 γένος
1380 5175 1592 5250 θανάτῳ
1634 5174 2041 5250 ’λῃστευόμενον

393 5197 520 5236 mox
577 5197 740 5250 prius
799 5197 960 5246 eam,
1019 5197 1110 5230 και
1166 5197 1318 5237 -ενος
1380 5197 1592 5247 θανατῳ
1652 5197 2041 5250 Λῃστευομενον

393 5249 579 5322 ἀσύλῳ
637 5249 831 5324 χωρίῳ
880 5247 959 5319 τῷ
1009 5197 1247 5324 οὐρανίῳ
1303 5249 1629 5324 κατοικήσῃ..
1680 5252 1932 5324 Μεδηυμι
1983 5249 2046 5305 in

393 5270 579 5322 ασυΛῳ
659 5270 802 5324 Ὶωριι
880 5270 959 5319 τῳ
1009 5270 1247 5319 ουρανιῳ
1303 5270 1618 5322 κατοικησῃ.
1680 5270 1819 5306 mss.
1866 5270 1932 5305 ut.
1984 5270 2045 5305 ιη

392 5329 574 5395 textu.
612 5270 757 5377 Ιζὶά.
791 5273 1026 5395 imas”
1069 5320 1242 5395 Ὠφθη
1290 5317 1453 5373 πάλιν
1508 5317 1643 5391 μετᾶ
1669 5320 1767 5388 τὴν
1820 5321 2045 5374 ἀνάστα-

394 5417 476 5450 σιν
507 5395 533 5448 ὁ
567 5394 793 5468 Χριστὸς
829 5388 1069 5468 δευτέρᾳ.

524 5461 619 5535 7⁶,’
638 5466 831 5537 Vulg.,
866 5461 1275 5537 ἐνδῆση.ᾹΕῐριζι·.

488 5470 604 5535 77',
638 5470 831 5537 Vulg.,
866 5470 1087 5533 ἐνδῆση.
1123 5470 1275 5518 EDIT.

467 5470 580 5611 (78)
642 5539 734 5594 Sic
792 5538 1027 5611 3_mss.
1089 5534 1239 5611 Editi
1301 5549 1432 5611 vero
1463 5575 1507 5611 ,_
1536 5533 2046 5607 ἀπεργασόμενος...

399 5603 730 5682 ἀτείχιστον,
764 5607 814 5661 τί
846 5605 956 5682 ἐκεῖ
1099 5609 1207 5682 τῶν
1235 5607 1408 5678 θυρῶν
1441 5605 1562 5675 τήν,
1595 5603 1702 5663 θέο.

470 5675 587 5756 (79)
623 5675 881 5741 lta'mss.
915 5678 1092 5749 Editi,
1129 5675 1359 5754 βήματι.

2143 4671 2241 4735 τὴν
2276 4665 2522 4721 ἀπιστίαν
2555 4665 2756 4745 (pave-ir
2796 4665 2950 4741 βαλῶ
2979 4667 3068 4720 τὸν
3103 4662 3370 4720 δάκτυλόν
3408 4687 3515 4737 μου
3559 4666 3635 4728 εἲς
3669 4667 3800 4729 τοὺς

2145 4755 2346 4818 τύπους
2398 4759 2506 4810 τῶν
2563 4753 2739 4825 ἠλωψ
2774 4755 3069 4823 Δεσπότην,
3127 4755 3186 4809 ’ὀν
3247 4759 3422 4824 ποθῶ,
3472 4757 3802 4831 περιπτύξο-

2152 4865 2270 4919 μαι.
2319 4843 2638 4919 Μεμψάσθω
2694 4845 2792 4912 τήν
2853 4842 3126 4913 ἀπιστίαν,
3185 4845 3275 4898 καὶ
3335 4846 3656 4920 χαρισάσθω
3705 4847 3806 4915 τήν

2224 5103 2340 5174 (80),
2369 5103 2455 5159 Ita
2483 5119 2626 5159 mss.
2661 5119 2888 5160 omnes.
2925 5101 3094 5171 Editi,
3129 5098 3459 5171 ἐξεκύλιστο.
3494 5107 3622 5160 Mox
3653 5120 3804 5162 mss-

2154 5173 2520 5247 ἁνὲστόμωτο.
2557 5175 2729 5246 Editi,
2763 5175 3149 5247 ἀνεστομοῢτο.

2247 5247 2334 5316 81)
2351 5242 2451 5302 Ἰῐα
2472 5242 2845 5319 omnesmss.
2869 5242 3020 5302 Editi
3042 5242 3480 5319 YerO,&B6pwtov
3505 5243 3802 5315 σπήλαιον.

2167 5389 2179 5408 ε
2225 5289 2334 5407 (ἐξ)
2366 5289 3801 5393 ᾖὲεἶῗιῖθῗδῖὦεέὶῖαῗἱὶιὶῖϊὰῖιῖῐᾝὶςέξ,⁷ἓὶέῥὶζὶῖἐ

2157 5409 2459 5445 αναστασιν.

2228 5462 2340 5534 (83)
2373 5462 2543 5525 Mss.,
2571 5465 2698 5534 ταῖς
2721 5457 2959 5531 γυναιξὶν
2993 5459 3219 5533 ἑωρᾶτο.

2229 5532 2337 5604 (84)
2373 5534 2537 5602 Mss.,
2570 5532 2920 5606 προέρχεται.

2231 5599 2342 5675 (85)
2375 5605 2458 5659 Ita
2487 5599 2630 5660 mss:
2665 5599 2816 5660 Editi
2847 5619 3010 5675 vero,
3041 5600 3218 5675 τοίνυν
3251 5599 3384 5675 μετὰ
3416 5604 3596 5656 τοῦτο.

2231 5671 2345 5749 (86)
2375 5675 2471 5733 Sic
2501 5691 2644 5734 mss.
2677 5691 2884 5734 omnes
2911 5671 3064 5732 Editi
3094 5689 3250 5740 vero,
3281 5671 3528 5734 ἄπιστος.
