2046 3109
160 187 239 218 1085

720 192 852 223 ειιξηλιι)
874 193 912 222 lN
937 191 1120 222 SANCTUM
1147 191 1304 222 PASCllA.

1782 191 1859 221 1086

158 253 345 292 θεωρίαν.⁹Ως
374 256 487 288 ἄπιστος
515 255 637 292 ἴδω,καὶ
665 259 703 289 ὡς
733 259 827 290 πιστὸς
854 257 984 295 περιπτύ-

1045 259 1071 286 at
1091 258 1186 286 ﬁdelis
1210 258 1425 294 complexabor,
1451 260 1539 294 atque
1566 257 1709 294 perfruar.
1735 257 1858 286 Videam

160 297 252 334 ξομαι,
267 298 312 325 καὶ
328 299 486 329 ἀπολαύσω.
503 300 565 330 Ἰδω
580 305 675 340 χεῖρας
699 302 870 340 ὀρυχθείσας⁷
885 302 920 330 δι’
943 302 979 330 ὧν

159 343 187 370 αἱ
216 341 369 381 παραϐᾶσαι
396 347 444 372 τοῦ
460 344 548 382 Ἀδὰμ
572 345 785 384 ἐθεραπεύθησαν
812 350 913 386 χεῖρες·
930 346 981 375 ἴδω

158 385 291 425 πλευρὰν,
306 386 341 415 δι’
356 390 390 423 ἧς
405 390 419 416 ὁ
435 389 465 417 ἐκ
484 393 533 425 τῆς
557 391 676 429 πλευρᾶς
700 391 832 430 ἀνῄρηται
856 393 980 424 θάνατος.

158 432 271 468 Θεατής,
287 431 336 460 οὐκ
353 433 498 470 ἀκροατὴς,
521 437 570 462 τοῦ
594 436 728 464 Δεσπότω
751 436 871 474 γενέσθαι
897 436 979 469 θέλω.

158 478 197 513 Τῇ
214 475 338 515 διηγήσει
353 477 436 505 πλέον
455 478 523 517 πρὸς
544 479 687 517 ἐπιθυμίαν
712 481 875 518 ἀνάπτομαι·
894 480 927 509 δι’
943 482 979 509 ὧν

159 520 376 559 εὐαγγελίζεσθι,
392 521 437 550 διὰ
451 524 554 552 τούτων
569 526 618 560 τήν
635 524 733 561 ὀδύνην
754 526 885 563 ἐπαυξῆτε
899 528 979 563 (86').

160 566 231 603 Ἐγὼ
258 564 287 594 δέ
317 577 369 603 μου
399 568 555 606 θεραπεύσω
581 570 630 604 τὴν
655 570 741 603 ἀνίαν,
765 572 816 606 τήν
840 571 979 609 θεραπείαν

159 611 405 649 προχειριζόμενος
412 633 419 642 .

196 656 223 683 4.
238 654 318 683 Ἀλλ’
332 656 409 689 αὖθις
422 661 512 696 παρῆν
527 659 541 686 ὁ
556 659 704 695 Δεσπότης.
722 660 768 688 καῖ
791 660 850 689 λύει
873 661 913 697 τῷ
934 672 982 698 μα-

162 700 233 736 θητῇ
252 700 320 737 μετὰ
332 702 381 736 τῆς
397 702 471 734 ἀνίας
486 703 535 738 τήν
553 704 687 733 ἀπιστίαν.
704 704 819 733 Μᾶλλον
843 705 871 733 δὲ
887 706 916 733 οὖ
932 707 981 741 τήν

161 744 288 772 ἀπιστίαν
315 744 419 781 ἔλυσεν,
433 747 506 775 ἀλλὰ
527 749 576 783 τήν
599 748 741 786 ἐπιθυμίαν
758 749 896 786 ἐνέπλησε.
913 754 983 788 Παρ-

162 792 196 824 ῆν
226 790 279 817 τῶν
311 793 403 827 θυμῶν
431 792 640 829 κεκλεισμένων·
656 794 840 832 ἀπιστουμένῃ
868 796 915 831 θέᾳ
940 806 984 823 πι-

161 837 272 861 στοῦται
294 836 343 869 τήν
370 836 569 873 ἀπιστουμένην
595 837 748 865 ἀνάστασιν·
774 839 817 866 καὶ
842 838 923 866 πάλιν
947 838 985 867 δι-

161 878 307 914 πλασιάζει
324 880 356 907 τὸ
383 883 482 917 θαῦμα,
506 880 552 909 ἵνα
575 881 780 922 πληροφορήσῃ
804 883 850 911 τὸν
873 887 982 921 Θωμᾶν.

1036 303 1187 331 confossus
1203 311 1318 334 manus.
1335 303 1443 339 quibus
1458 304 1525 331 Adae
1542 311 1647 330 manus
1664 302 1855 338 praevaricatze

1036 348 1156 376 sanitati
1182 351 1252 375 sunt
1276 348 1561 376 restitutae.Videam
1591 347 1679 380 latus,
1705 355 1756 382 per
1780 347 1856 383 quod

1036 400 1115 420 mors
1129 392 1164 419 de
1181 392 1269 420 latere
1285 401 1440 428 progressa
1455 392 1572 420 sublata
1602 391 1664 419 fuit.
1695 391 1857 427 Spectator,

1036 444 1094 464 non
1109 436 1235 469 auditor,
1252 437 1368 465 Domini
1384 445 1449 465 esse
1463 436 1536 464 volo.
1548 436 1719 464 Narratione
1733 436 1768 463 ad
1786 436 1860 463 desi«

1036 481 1148 509 derium
1166 481 1233 516 plus
1245 481 1407 509 accendor:
1426 481 1460 509 iis
1472 489 1536 517 qua:
1551 480 1856 513 annuntiatis,iisdem

1036 525 1148 561 augetis
1163 526 1301 553 dolorem.
1323 526 1459 554 Medebor
1474 528 1570 553 autem
1584 525 1719 558 tristitiae,
1738 524 1785 551 ubi
1800 533 1855 560 [περ

1035 570 1171 598 manibus
1183 570 1269 597 fuerit
1283 570 1437 599 medicina.

1072 660 1098 686 4.
1115 659 1169 687 Sed
1187 659 1291 687 iterum
1304 660 1385 687 adest
1402 659 1551 693 Dominus,
1569 662 1655 695 atque
1681 668 1738 686 una
1754 667 1855 686 mmro-

1037 712 1098 732 rem
1115 704 1634 740 discipulolevat,etincreduiitatcm.
1648 705 1683 731 At
1692 704 1789 739 potius
1800 712 1856 730 non

1037 748 1144 776 levavit
1168 749 1413 784 incredulitatem,
1438 749 1489 777 sed
1518 749 1696 776 desiderium
1722 747 1855 783 explevit.

1037 794 1256 830 Aderatjanuis
1281 794 1390 822 clausis
1407 804 1414 823 :
1431 794 1594 823 incredibili
1619 796 1776 830 conspectu
1799 802 1856 821 non

1039 839 1181 866 creditam
1197 839 1438 867 resurrectionem
1455 839 1608 867 confirmat
1625 848 1630 866 :
1649 841 1736 874 atque
1752 838 1857 866 iterum

1040 883 1215 911 miraculum
1232 884 1372 919 geminat,
1393 885 1425 911 ut
1440 884 1582 912 Thomam
1596 884 1748 911 certiorem
1765 884 1859 910 faciat.

165 934 176 948 ι
193 922 283 959 Βάλε,
313 924 396 963 φησὶ,
425 927 470 952 τὸν
511 925 643 954 δάκτυλόν
683 938 731 954 σου
761 927 799 959 εἷς
826 928 872 955 τὸν
899 928 984 956 τύπον

165 970 196 979 λΡ
251 968 279 979 ΓΙ.
331 978 335 979 ν
382 969 392 978 η
442 969 486 979 ἰιι
575 971 581 979 I
615 970 621 979 1
760 971 766 979 Ι
860 972 867 979 ι
900 972 918 979 l‘

1045 939 1054 952 ι
1072 928 1158 961 Infer,
1178 939 1191 952 »
1207 928 1328 964 inquit,»
1345 928 1469 964 digitum
1483 931 1564 956 tuum
1582 929 1609 955 in
1628 928 1750 955 ﬁxurum
1768 927 1862 955 clavo-

160 970 217 994 τῶν
247 968 336 1002 ἥΛων·
353 981 367 995 n
382 969 411 996 ’ὸν
440 969 544 1005 ἐζήτεις
570 970 680 1005 ἀπόντα,
697 971 828 1008 παρόντος
854 972 985 1002 ἀπόλαυε.

162 1011 235 1040 Οἶδά
249 1023 296 1039 σου
310 1013 360 1047 τήν
375 1013 517 1050 ἐπιθυμίαν
531 1015 576 1042 καὶ
605 1018 770 1047 σιωπῶντος·
786 1018 838 1055 πρὸ
863 1020 917 1045 τῶν
943 1017 988 1046 λό-

163 1067 234 1094 γων,
256 1057 306 1091 τὴν
327 1058 441 1095 γνώμην
466 1058 623 1096 ἐπίσταμαι.
647 1060 764 1089 Ἥκουόν
789 1072 836 1089 σου
864 1064 918 1089 τῶν
943 1062 989 1100 ῥη-

168 1101 272 1138 μάτων,
300 1101 345 1130 καὶ
376 1104 414 1139 μή
446 1102 628 1141 βλεπόμενος,
657 1106 789 1143 παρ-ήμην
820 1106 988 1141 ἀπιστοῦντι,

166 1146 213 1173 καὶ
230 1147 267 1182 μή
285 1147 458 1184 φαινόμενος,
474 1147 607 1176 ἐνεδίδουν
623 1150 680 1186 (87)
691 1149 726 1187 τῇ
751 1150 861 1186 ἀπιστίᾳ
884 1151 989 1189 καιρὸν,

165 1189 213 1218 ’ἱνα
229 1201 276 1217 σου
288 1192 337 1226 τὴν
354 1191 495 1229 ἐπιθυμίαν
513 1193 653 1229 θαυμάσω.
672 1205 686 1218 α
701 1193 773 1222 Βάλε
786 1195 831 1222 τὸν
857 1193 989 1223 δάκτυλόν

169 1245 219 1262 σου
235 1235 272 1266 ei:
281 1235 346 1267 τοὺς
360 1236 462 1269 τύπους
472 1239 526 1265 τῶν
539 1236 630 1272 ἥλων·
642 1238 686 1266 καὶ
705 1238 770 1277 βάλε
784 1239 833 1273 τήν
850 1240 931 1277 χεῖρά
943 1250 990 1267 σου

169 1280 209 1311 εἷς
235 1280 285 1314 τὴν
314 1280 432 1319 πλευράν
461 1293 524 1318 μου,
539 1282 584 1310 καὶ
615 1283 652 1319 μή
680 1283 755 1320 γίνου
782 1282 902 1318 ἄπιστος,
920 1283 992 1311 ἀλλὰ

169 1325 277 1357 πιστός.
291 1337 304 1350 »ι
320 1326 350 1354 Ὁ
365 1324 394 1353 δὲ
409 1329 519 1363 Θωμᾶς,
535 1326 711 1365 ψηλαφήσας,
727 1328 771 1355 καὶ
790 1328 840 1363 τὴν
865 1328 990 1356 ἀπιστίαν

169 1369 304 1407 ἆξορίσας,
320 1370 407 1398 πίστει
437 1370 579 1409 εἷ¹λικρινεῖ
606 1371 651 1398 καὶ
680 1372 757 1409 πόθῳ
781 1376 925 1407 θεοπρεπεῖ
947 1373 991 1400 κὲ-

166 1424 277 1451 κραγεν·
295 1427 309 1441 τι
325 1415 355 1444 Ὁ
371 1415 468 1452 Κύριός
495 1426 546 1451 μου
568 1416 613 1443 καὶ
627 1416 641 1443 ὁ
656 1414 720 1447 Θεὸς
739 1427 801 1452 μου.
819 1428 833 1442 n
850 1416 900 1445 Καί
925 1427 991 1456 φησι

167 1459 237 1495 πρὸς
255 1459 335 1486 αὐτὸν
361 1459 374 1486 ὁ
398 1459 508 1497 Κύριος·
526 1472 540 1486 ‹‹
556 1461 615 1487 ’Ότι
640 1460 759 1498 ἑώρακάς
782 1472 825 1497 με,
848 1461 991 1489 πεπίστευ-

166 1512 231 1534 κας·
262 1503 388 1541 μακάριοι
418 1505 475 1540 (88)
505 1505 531 1531 οἱ
561 1505 598 1541 μὴ
628 1503 742 1538 ἰδόντες,
757 1506 802 1532 καὶ
832 1506 990 1533 πιστεύσαν-

167 1557 222 1578 τες.
236 1558 249 1574 II
270 1548 400 1585 Κήρυξον,
424 1551 520 1584 Θωμᾶ,
543 1549 601 1579 τοῖς
633 1549 670 1584 μὴ
700 1549 833 1587 ἑωρακόσι
864 1559 916 1584 μου
939 1550 989 1584 τήν

169 1592 321 1618 ἀνάστασιν.
339 1591 471 1619 ’Έλκυσον
487 1593 535 1627 τήν
565 1592 738 1630 οἰκουμένην,
753 1593 802 1621 οὐκ
824 1593 989 1633 ὀφθαλμοῖς,

166 1636 241 1664 ἀλλᾶ
270 1634 363 1674 λόγοις
390 1637 577 1665 πιστεύουσαν·
602 1638 728 1675 περίελθε
759 1635 901 1675 βαρϐάρων
926 1638 988 1674 ἔθνη
1005 1632 1027 1665 C

166 1680 213 1708 καὶ
239 1680 345 1713 πόλεις·
369 1680 475 1717 δίδαξον
503 1682 558 1714 ἀνθ’
585 1681 679 1710 ὅπλων
710 1685 816 1719 σταυρῷ
844 1683 990 1721 θωρακίζε-

167 1726 238 1754 σθαι.
255 1726 376 1764 Κήρυξον
405 1726 495 1763 μόνον,
522 1727 566 1754 καὶ
591 1729 802 1765 προσκυνοῦντες
832 1727 990 1755 πιστεύσου-

167 1778 221 1797 σιν·
237 1770 287 1798 οὖκ
309 1770 482 1808 ἀπαιτηθήσῃ
505 1772 569 1809 παρ’
584 1771 671 1799 αὐτῶν
695 1772 745 1806 τήν
768 1772 828 1799 θέαν
843 1772 893 1806 τὴν
908 1771 988 1808 ἐμήν·

168 1815 237 1843 Εἰπὲ
260 1816 309 1850 τὴν
334 1815 444 1852 κλῆσιν,
458 1816 503 1843 καὶ
529 1816 579 1854 δρα
597 1817 647 1850 τὴν
673 1816 773 1844 πίστιν·
792 1829 806 1843 ‹‹
823 1816 958 1854 Μακάριοι
975 1828 989 1842 ››

166 1861 219 1898 γὰρ
245 1859 354 1893 ἀληθῶς
382 1872 396 1887 α
428 1861 454 1888 oi.
484 1861 522 1897 μὴ
553 1859 666 1896 ἰδόντες,
685 1862 729 1888 καῖ
758 1861 957 1892 πιστεύσαντες.
974 1872 988 1887 η

168 1906 302 1937 Τοιοῦτος
318 1906 332 1933 ὁ
351 1905 491 1938 νεόλεκτος
507 1908 565 1943 (89)
580 1907 660 1937 οὗτος
683 1908 732 1934 τοῦ
756 1904 889 1934 Δεσπὸτου
915 1917 992 1943 στρα-

167 1950 226 1983 τὸς,
240 1953 290 1985 τῆς
314 1954 499 1987 πνευματικῆς
523 1949 719 1989 κολυμϐήθρας
745 1950 852 1986 ὠδῖνες,
866 1952 900 1978 τὰ
927 1950 991 1989 ἔργα

167 1998 219 2030 τῆς
235 1996 358 2033 χάριτος,
375 1997 392 2031 ἡ
408 1995 527 2034 γεωργία
540 1999 589 2023 τοῦ
617 1996 784 2032 Πνεύματος·
810 1996 862 2023 οὐκ
889 1993 991 2027 ἷδὸντες

170 2039 339 2077 ὑπήκουσαν,
356 2040 428 2068 ἀλλὰ
456 2042 598 2072 ποθοῦντες
628 2040 794 2068 ἐπίστευσαν.
821 2041 989 2078 Ἐπὲγνωσαν

170 2085 286 2121 Χριστὸν
313 2084 365 2112 οὐκ
390 2083 495 2122 ὄμμασι
512 2081 650 2122 σώματος,
666 2085 729 2113 ἀλλ’
744 2083 849 2121 ὄμμασι
864 2085 990 2115 πίστεως.

170 2129 226 2156 Οὐκ
241 2127 339 2157 ἔϐαλον
354 2130 417 2161 τοὺς
434 2128 584 2160 δακτύλους
600 2130 636 2160 εἶς
651 2129 714 2161 τοὺς
723 2130 825 2160 τύπους
837 2132 890 2157 τῶν
902 2129 991 2166 ἥλων,

170 2174 245 2202 ἀλλὰ
256 2178 296 2211 τῷ
307 2178 414 2213 σ-ιαυρῶ
429 2175 639 2214 περιπλακέντες
654 2176 686 2203 τὸ
710 2175 796 2207 πάθος
824 2175 990 2209 ἠσπάσαντο·

169 2223 338 2255 Δεσποτικῆς
352 2220 471 2258 πλευρᾶς
487 2220 577 2252 θεαταὶ
594 2220 643 2248 οὐκ
658 2220 789 2258 ἐγένοντο,
813 2219 886 2247 ἀλλά
898 2220 992 2257 χάριτι

168 2268 347 2296 Λισποτικοῖς
372 2265 544 2303 ωνήφθησαν
574 2265 679 2301 μέλεσι,
694 2267 838 2303 κυροῦντες
863 2264 904 2303 ἐφ’
932 2264 992 2291 ἑαυ-

1042 980 1107 1000 rum
1124 973 1157 1007 9‘,
1176 983 1186 996 ι
1205 981 1291 1009 quem
1309 973 1459 1001 absentem
1476 973 1637 1009 quaerebas,
1653 981 1685 1000 eo
1702 981 1779 1000 nunc
1795 980 1862 1008 pra:-

1042 1019 1124 1045 sente
1141 1018 1244 1045 fruere.
1263 1017 1317 1045 Tui
1330 1017 1418 1046 etiam
1442 1018 1566 1046 tacentis
1592 1018 1656 1045 novi
1682 1017 1861 1045 desiderium

1044 1064 1110 1090 ante
1124 1062 1212 1090 verba
1227 1062 1350 1098 prolata,
1366 1062 1541 1090 sententiam
1558 1062 1623 1089 novi
1640 1064 1732 1090 tuam.
1758 1061 1861 1089 Audivi

1043 1107 1131 1134 verba
1145 1109 1242 1140 tue,ac
1257 1107 1325 1135 licet
1339 1115 1396 1135 non
1412 1115 1654 1143 apparerem,non
1671 1107 1799 1134 credenti
1813 1107 1862 1133 ad-

1045 1160 1145 1186 eram;
1162 1160 1195 1179 ac
1213 1151 1281 1179 licet
1304 1160 1360 1179 non
1386 1152 1511 1185 viderer,
1536 1152 1641 1179 dabam
1667 1150 1864 1179 incredulitati

1045 1198 1172 1232 tempus,
1189 1197 1221 1223 ut
1236 1196 1413 1224 desiderium
1440 1196 1560 1224 mirarer
1576 1198 1670 1223 tuum.
1701 1208 1710 1220 ι
1739 1196 1825 1228 inter,
1851 1206 1865 1220 ››

1045 1239 1153 1277 inquit,
1171 1251 1185 1265 »
1202 1240 1325 1276 digitum
1337 1243 1421 1269 tuum
1437 1241 1467 1268 in
1478 1240 1584 1268 ﬁxuras
1598 1240 1786 1272 clavorum,et
1804 1241 1868 1267 mit-

1045 1287 1074 1313 te
1090 1293 1211 1313 manum
1228 1287 1309 1313 tuam
1326 1285 1354 1312 in
1370 1284 1449 1313 latus
1464 1287 1605 1315 meum,ct
1622 1285 1679 1311 noli
1695 1293 1759 1312 esse
1774 1285 1867 1312 incre-

1046 1329 1134 1358 dulus
1150 1330 1199 1357 sed
1208 1329 1301 1357 ﬁdelis
1315 1330 1365 1357 ²⁶..‹
1382 1329 1511 1357 Thomas
1522 1338 1589 1358 vero
1600 1330 1648 1356 ubi
1661 1329 1866 1356 contrectando

1046 1374 1284 1403 incredulitatem
1301 1373 1477 1410 depulisset,
1496 1373 1609 1401 sincera
1633 1374 1687 1400 ﬁde
1711 1373 1867 1409 divinoquo

1044 1418 1184 1447 incensus
1201 1418 1344 1446 desiderio
1355 1417 1538 1446 exclamavit.
1559 1429 1571 1443 ι
1587 1417 1727 1445 Dominus
1744 1426 1825 1444 meus
1837 1420 1866 1444 et

1045 1462 1123 1490 Deus
1139 1470 1222 1490 meus
1236 1462 1268 1489 ²“¹.
1285 1473 1299 1488 »
1316 1461 1362 1489 Ait
1388 1462 1422 1489 nd
1448 1461 1532 1488 ilium
1560 1461 1699 1488 Dominus
1722 1469 1727 1487 :
1756 1472 1765 1484 ιι
1793 1461 1866 1492 Quia

1044 1507 1143 1534 vidisti
1161 1515 1216 1540 me,
1234 1507 1382 1535 credidisti
1401 1515 1408 1534 :
1425 1505 1502 1534 beati
1519 1506 1567 1542 qui
1595 1514 1650 1533 non
1677 1505 1822 1538 viderunt,
1839 1507 1867 1533 et

1045 1552 1231 1580 crediderunt
1245 1552 1277 1579 ³⁸.
1295 1563 1308 1577 ››
1326 1551 1587 1583 Resurreetionem,
1605 1560 1620 1577 o
1635 1551 1866 1583 Thoma,meam,

1045 1596 1169 1633 prmdiea
1180 1596 1215 1623 iis
1228 1596 1276 1632 qui
1290 1604 1347 1623 non
1360 1595 1495 1623 viderunt
1505 1595 1747 1623 resurrectionem
1761 1603 1865 1622 meam.

1048 1641 1143 1669 Trahe
1158 1643 1302 1668 terrarum
1319 1640 1430 1674 orbem,
1449 1648 1505 1667 non
1521 1640 1679 1671 oculis,sed
1692 1640 1788 1667 verbis
1803 1647 1864 1667 cre-

1046 1686 1162 1713 dentem
1175 1685 1352 1713 :circumeas
1365 1684 1557 1712 barbarorum
1571 1687 1670 1720 gentes
1687 1684 1864 1718 etcivitates,

1046 1730 1151 1758 doceas
1167 1738 1216 1757 eos
1236 1737 1384 1757 armorum
1402 1729 1476 1763 loco,
1506 1737 1590 1756 cruce
1614 1731 1645 1755 ut
1667 1728 1756 1756 lorica
1770 1728 1863 1755 indui.

1046 1774 1237 1803 Solummodo
1260 1773 1395 1810 praedica,
1420 1774 1633 1809 adorantesque
1657 1773 1698 1799 illi
1728 1772 1865 1800 credituri

1047 1821 1126 1853 sunt,
1143 1827 1200 1846 non
1218 1818 1274 1846 mei
1296 1820 1486 1854 conspectum
1512 1826 1529 1844 a
1553 1820 1578 1844 to
1604 1818 1803 1852 postulabunt.
1822 1817 1866 1843 in-

1046 1864 1112 1891 dica
1136 1863 1195 1890 illis
1218 1863 1414 1895 vocationem,
1437 1870 1470 1890 ac
1494 1862 1558 1889 vide
1586 1862 1682 1888 fidem.
1712 1873 1721 1884 ιι
1749 1860 1826 1887 Beati
1853 1871 1866 1884 ι)

1047 1907 1124 1935 enim
1142 1916 1240 1935 revera
1255 1918 1270 1932 «
1286 1907 1336 1943 qui
1353 1915 1409 1934 non
1423 1906 1571 1938 viderunt,
1588 1908 1616 1932 et
1640 1905 1834 1932 crediderunt.
1852 1915 1865 1928 ››

1046 1952 1124 1980 Talis
1141 1952 1189 1980 ille
1203 1954 1249 1980 est
1264 1960 1365 1979 recens
1379 1951 1509 1978 delectus
1525 1950 1640 1977 Domini
1654 1949 1815 1982 exercitus;
1828 1949 1867 1976 ita

1047 2005 1078 2025 se
1094 1996 1203 2024 habent
1219 1995 1383 2032 spiritualis
1400 1994 1480 2022 illius
1504 1993 1622 2029 piscina)
1648 1996 1758 2029 partus,
1780 2001 1867 2028 opera

1046 2040 1146 2077 gratiae
1169 2040 1284 2068 cultura
1303 2039 1430 2075 Spiritus
1443 2047 1449 2066 :
1462 2047 1520 2066 non
1537 2039 1668 2065 videntes
1685 2038 1866 2071 obedierunt,

1047 2086 1096 2113 sed
1105 2085 1305 2113 desiderantes
1312 2082 1576 2111 rredideruntﬂhri
1583 2085 1605 2109 si
1612 2091 1626 2108 υ
1633 2091 1658 2108 m
1668 2084 1867 2117 cognoverunt

1047 2139 1105 2158 non
1112 2130 1242 2165 corporis
1249 2128 1405 2162 oculis,sed
1412 2128 1505 2156 oculis
1514 2128 1656 2155 ﬁdei.Non
1667 2127 1774 2154 miseru
1781 2127 1866 2159 nt,di-

1047 2174 1123 2211 gitos
1138 2174 1166 2201 in
1175 2175 1281 2201 fixurus
1298 2172 1509 2207 clavorum,sed
1521 2180 1637 2199 crucem
1649 2171 1869 2207 complexi,pas-

1047 2218 1159 2247 sionem
1173 2217 1419 2254 amplexntisunt:
1428 2225 1485 2244 non
1494 2216 1612 2244 fuerunt
1621 2215 1762 2243 Dominici
1770 2215 1869 2242 lateris

1047 2265 1246 2299 spectatores;
1264 2262 1313 2289 sed
1332 2270 1382 2297 per
1409 2260 1533 2298 gratiam
1559 2259 1717 2287 Dominicis
1732 2259 1870 2287 membris

166 2314 226 2342 τοῖς
241 2312 290 2345 τήν
306 2313 354 2338 τοῦ
371 2311 505 2338 Δεσπότου
520 2312 613 2350 φωνήν
711 2323 725 2336 (ι
747 2310 884 2348 Μακάριοι
911 2310 936 2337 οἱ
953 2310 987 2347 μῆ

1049 2309 1118 2336 sunt
1133 2306 1290 2343 conjuncti,
1307 2306 1514 2334 continuantes
1529 2305 1558 2332 in
1571 2304 1737 2340 semetipsis
1756 2304 1869 2332 Domini

168 2354 284 2391 ἰδόντες,
299 2355 344 2383 καὶ
359 2356 558 2387 πιστεύσαντες·
571 2367 584 2382 n
602 2356 627 2383 οἱ
657 2356 695 2393 μὴ
725 2354 838 2391 ἰδόντες,
853 2354 898 2382 καὶ
925 2355 991 2392 Χρι-

169 2400 224 2437 στῷ
240 2401 423 2439 συναφθέντες.

202 2447 230 2474 5.
260 2446 387 2482 Σήμερον
417 2444 567 2473 ἀποδύεσθε
591 2446 640 2480 τήν
679 2445 852 2485 φορουμένην
881 2444 991 2481 ἐσθῆτα,

168 2488 242 2517 ἀλλὰ
268 2490 307 2525 μὴ
332 2489 462 2521 ἀπόθεσθε
485 2490 535 2524 τήν
557 2489 747 2527 κεκρυμμένην
764 2487 908 2528 σφραγῖδα·
924 2488 992 2517 ἀπο-

168 2532 264 2565 δύεσθε
277 2534 311 2561 τὰ
326 2531 474 2572 φαινόμενα
490 2531 626 2570 σύμϐολα,
643 2532 716 2561 ἀλλὰ
732 2534 769 2570 μή
799 2533 929 2565 ἀπόθεσθε
942 2536 992 2568 τῆς

168 2581 294 2616 στρατιᾶς
319 2578 352 2605 τὰ
373 2578 558 2616 γνωρίσματα.
583 2577 755 2610 Ἀποτίθεσαι
778 2578 827 2612 τὴν
853 2577 991 2617 ἁμφίεσιν,

205 2651 228 2668 ’⁵
239 2651 325 2679 Joan.
340 2660 386 2685 xx,
401 2652 447 2678 27.
484 2651 506 2669 ²⁶
521 2650 593 2687 ibid,
630 2651 652 2669 ’7
665 2650 736 2680 ibid.
752 2651 796 2678 28.

202 2723 276 2759 (86')
293 2723 388 2755 Forte,
402 2721 537 2757 ἐπαυξετε.
552 2722 631 2750 Εοιτ.

173 2792 185 2802 ἡ
204 2754 322 2799 (87)Ἰιεε
335 2754 406 2800 mss.
424 2754 537 2802 omnes.
554 2758 641 2794 Editi,
656 2757 694 2794 μή
722 2755 890 2794 βλεπόμενος
913 2754 995 2784 ἐνεδί-

171 2795 246 2829 δουν,
264 2795 383 2822 omissis
399 2795 589 2830 quibusdam.
724 2827 729 2835 ι
810 2826 814 2833 ι

207 2830 264 2866 (88)
281 2832 323 2858 Ita
338 2838 410 2858 mss.
427 2838 539 2866 omnes.
557 2830 621 2864 Ed.,
638 2828 676 2864 μὴ
701 2838 778 2866 γινου
800 2827 921 2859 ἄπιστος.
939 2828 996 2856 Μα-

171 2865 275 2902 κάριοι,
292 2865 394 2894 multi!
409 2865 539 2894 omissis.

837 2650 860 2667 ²⁸
875 2649 945 2678 ibid.
959 2650 1004 2678 29.

1048 2360 1145 2381 vocem
1164 2360 1170 2379 :
1188 2362 1202 2377 «
1220 2351 1296 2379 Beati
1314 2351 1363 2386 qui
1382 2358 1438 2377 non
1454 2350 1589 2377 viderunt
1612 2352 1639 2376 et
1654 2349 1868 2377 crediderunt»

1047 2397 1098 2433 qui
1115 2404 1173 2424 non
1187 2396 1333 2428 viderunt,
1349 2398 1378 2423 et
1392 2394 1507 2422 Christo
1523 2394 1668 2428 conjuncti
1687 2396 1765 2421 sunt.

1081 2443 1109 2470 5.
1126 2441 1217 2468 Hodie
1232 2443 1340 2468 vestem
1354 2447 1442 2476 quam
1463 2439 1586 2475 gustatis
1612 2438 1716 2466 exuitis
1731 2447 1736 2470 ;
1768 2438 1818 2465 sed
1833 2446 1867 2465 ne

1047 2487 1195 2516 occultum
1212 2485 1341 2522 sigillum
1353 2485 1504 2521 deponatis
1520 2493 1526 2517 ;
1552 2484 1646 2512 exuite
1658 2487 1775 2511 externa
1795 2492 1871 2520 sym-

1047 2531 1124 2565 bola,
1141 2531 1189 2559 sed
1215 2539 1249 2558 ne
1269 2530 1379 2558 militia;
1404 2532 1545 2557 tesseram
1571 2529 1716 2564 deponite.
1743 2528 1871 2563 Deponis

1047 2577 1121 2605 897
1140 2576 1293 2609 amictum,
1311 2583 1327 2602 ο
1342 2573 1447 2602 Christi
1465 2573 1613 2606 miles,sed
1632 2582 1666 2600 ne
1682 2581 1788 2600 exuare
1804 2573 1870 2600 fidei

1085 2721 1140 2754 (89)
1155 2719 1202 2747 Sic
1216 2728 1288 2747 mss.
1307 2726 1419 2747 omnes.
1436 2718 1609 2756 E_di_ti_vero.
1626 2714 1797 2756 νεόπλεκτος.
1842 2749 1848 2756 ι

1086 2750 1140 2790 (90)
1159 2759 1200 2783 Ita
1224 2763 1327 2782 omnes
1352 2763 1423 2782 mss.
1447 2753 1523 2781 Editi
1549 2761 1625 2785 vero,
1705 2750 1795 2790 αρτυῖς
1817 2750 1868 2790 τήν

1049 2785 1147 2818 τοῦτοῦ
1162 2791 1266 2825 φωνήν.
1284 2790 1363 2818 Infra
1386 2797 1489 2817 omnes
1514 2797 1597 2823 ωδε,
1618 2786 1791 2824 α’)ναφθὲντες
1816 2785 1869 2811 lia-

1052 2828 1132 2861 bent,
1149 2825 1199 2855 ubi
1214 2826 1295 2860 editi,
1311 2825 1497 2863 συνταφέντες.
