4092 6218
404 358 555 416 1087

1565 349 1629 409 S.
1676 346 2199 410 ATHANASIUS.
2225 379 2301 390 --
2332 345 2645 409 SPURIA.

3658 345 3825 406 1088

405 487 587 543 armis
620 486 778 558 :jam
811 484 917 541 tibi
950 484 1203 540 maxime
1244 482 1437 539 omnis
1479 480 1707 555 generis
1755 482 2053 535 armatura

2166 476 2210 529 ὦ
2264 479 2363 529 τοῦ
2418 477 2655 551 Χριστυῦ
2711 480 3012 552 στρατιῶτα
3049 478 3184 552 (91),
3214 474 3360 531 ἀλλὰ
3413 476 3487 548 μὴ
3518 477 3821 551 Ῥμνουθῇς

401 594 550 649 Opus
581 576 863 631 est.Nunc
886 575 1043 631 enim
1082 572 1267 628 multo
1293 572 1479 644 magis
1512 586 1687 642 quam
1709 574 1843 625 ante
1865 569 2055 624 hostis

400 667 713 723 adversum
748 670 800 720 te
833 664 1053 735 vigilat,
1090 667 1267 733 atque
1298 661 1665 733 ingravatum
1689 663 1779 714 est
1808 658 2053 714 bellum.

406 760 552 815 Dum
579 757 843 827 captivus
874 771 1028 820 eras,
1061 768 1125 806 ac
1149 767 1354 806 servus
1396 749 1642 819 inimici,
1690 765 1823 803 cum
1856 752 1914 803 te
1946 749 2057 804 sub

410 848 657 921 imperio
690 848 1056 910 teneret,non
1077 842 1391 896 curabatte
1424 855 1802 912 oppugnare;
1838 841 1897 892 at
1921 855 2056 894 cum

420 939 645 993 Christo
676 950 889 991 nomen
924 930 1158 999 dedisti,
1192 934 1362 1001 atque
1392 929 1464 983 ab
1496 928 1662 983 hoste
1703 926 1954 998 fugiens,
1986 928 2057 982 ad

426 1028 741 1084 Dominum
773 1020 1176 1086 accurristi,el
1223 1036 1255 1073 a
1310 1018 1446 1089 lupo
1496 1015 1781 1084 resiliens,
1831 1016 1964 1071 ovili
1998 1033 2061 1072 es

421 1119 813 1188 aggregatus:
848 1116 904 1165 te
938 1109 1107 1182 quasi
1158 1107 1459 1179 antiquam
1509 1107 1766 1179 praedam
1815 1105 2060 1175 invadit,

423 1204 628 1258 multis
661 1200 1005 1272 excogitatis
1036 1195 1204 1252 dolis.
1248 1197 1330 1250 Ad
1382 1196 1500 1250 haec
1550 1212 1655 1250 nos
1698 1198 1893 1250 castra
1927 1196 2059 1250 bea-

420 1298 518 1347 tus
567 1289 799 1361 inungit
829 1292 887 1343 et
916 1287 1125 1341 invitat
1145 1282 1675 1355 Paulus,ducisque
1703 1284 1887 1338 instar
1916 1300 2060 1355 prae-

414 1385 581 1450 cepta
612 1378 836 1434 tradit:
873 1399 899 1426 ‹‹
932 1376 1056 1431 Non
1089 1379 1177 1431 est
1228 1375 1416 1441 nobis,
1469 1396 1497 1423 »
1546 1372 1759 1444 inquit,
1809 1394 1836 1424 »
1878 1371 2063 1428 collu-

413 1470 588 1526 ctatio
613 1469 894 1523 adversus
926 1482 1159 1521 carnem
1199 1468 1254 1519 et
1285 1462 1632 1535 sanguinem
1668 1479 1679 1516 :
1715 1462 1817 1518 sed
1868 1463 2064 1517 adver-

409 1577 512 1615 sus
543 1558 907 1630 principatus
924 1561 980 1611 et
998 1554 1624 1627 potestates,adversus
1650 1552 1855 1607 mundi
1879 1556 2062 1608 recto-

403 1665 497 1704 res
528 1648 903 1703 tenebrarum
956 1644 1133 1715 hujus
1185 1641 1385 1698 saeculi
1428 1660 1441 1697 :
1477 1647 1682 1697 contra
1733 1640 2066 1713 spiritualia

405 1735 679 1807 nequitiae
711 1735 776 1788 ’9.
815 1756 835 1783 ι
870 1732 1047 1787 Video
1079 1730 1340 1787 hostium
1366 1731 2064 1800 agmen,lerventemque

404 1842 665 1954 pugnam
686 1824 714 1877 Ἰ
744 1823 925 1894 Cujus
955 1838 1090 1895 ergo
1121 1820 1311 1892 gratia
1348 1819 1570 1874 bellum
1620 1818 1843 1890 geritur
1865 1818 1891 1872 ?
1924 1821 2061 1885 Quae

431 1933 563 1954 m-m
602 1930 805 1954 nnonm
829 1911 856 1954 ‘7
891 1912 1044 1954 Idem
1081 1911 1206 1954 inse
1234 1909 1345 1954 dm:
1381 1908 1687 1954 subiungit
1717 1926 1735 1954 .·
1767 1930 1793 1954 (ι
1832 1909 1890 1954 In
1938 1924 2051 1954 cm-

431 1933 569 1971 ucra
602 1930 806 1986 pugnae
829 1911 856 1965 ‘2
888 1912 1047 1966 Idem
1081 1911 1206 1980 ipse
1234 1909 1349 1963 dux
1380 1908 1687 1979 subiungit
1715 1926 1735 1962 :
1767 1930 1793 1957 ‹‹
1831 1909 1893 1962 In
1938 1924 2051 1963 coe-

401 2004 669 2068 lestibus,
705 2024 732 2051 »
765 2002 819 2056 id
854 1999 1421 2071 est,procaaleslibus
1441 1996 2050 2069 possessionibus.Pro

405 2089 843 2161 incorruptione
872 2092 1192 2158 armat,pro
1222 2084 1703 2140 immulabilitate
1737 2088 2054 2157 pugnat,ut

404 2198 539 2237 cum
570 2179 796 2234 Christo
823 2178 900 2233 sit
930 2177 1113 2232 aciem
1140 2174 1397 2230 instruit.
1449 2174 1544 2229 Hae
1584 2174 1881 2247 siquidem
1913 2178 2054 2229 sunt

404 2270 669 2326 caelestes
700 2266 1103 2339 possessiones
1144 2283 1157 2320 :
1191 2263 1299 2319 has
1329 2263 1426 2318 ille
1447 2263 1634 2335 abripi
1665 2263 2050 2336 exoptaLNon

404 2360 547 2416 sinit
574 2364 630 2413 te
659 2355 877 2412 Paulus
909 2357 1132 2411 nudum
1166 2354 1472 2421 dimicare,
1507 2352 1715 2408 intruit
1759 2358 1815 2407 te
1852 2357 2050 2408 autem

404 2448 596 2504 Patris
621 2446 822 2503 armis.
854 2446 924 2501 Et
952 2444 1102 2511 vide,
1148 2460 1367 2516 quaeso,
1417 2458 1718 2498 armorum
1758 2441 2053 2513 ejusmodi

404 2537 604 2609 fulgur
633 2552 810 2607 quam
841 2530 1192 2590 sitterribile
1217 2530 1493 2598 inimicis;
1517 2531 1600 2586 ait
1624 2530 1815 2586 enim:
1841 2553 1870 2581 ‹‹
1890 2531 2053 2587 State

403 2644 539 2701 ergo
569 2624 850 2682 succincti
881 2622 1114 2679 lumbos
1144 2624 1367 2678 vestros
1398 2620 1457 2675 in
1488 2618 1751 2688 veritate,
1773 2622 1831 2675 et
1860 2619 2051 2675 induti

401 2716 643 2772 loricam
666 2712 935 2786 justitiaa,
968 2716 1025 2767 et
1053 2710 1294 2767 calceati
1323 2709 1501 2782 pedes
1536 2708 1595 2763 in
1630 2707 2053 2781 praeparatione

404 2803 701 2877 Evangelii
733 2802 892 2876 pacis
914 2819 936 2864 ;
968 2816 1147 2873 super
1177 2798 1377 2856 omnia
1404 2803 1775 2854 assumentes
1816 2802 2051 2854 scutum

404 2894 561 2961 fidei,
596 2894 655 2948 in
687 2908 802 2964 quo
835 2889 1072 2963 possitis
1101 2887 1300 2945 omnia
1328 2886 1443 2943 tela
1490 2886 1840 2958 nequissimi
1864 2886 2054 2959 ignea

408 2984 776 3053 exstinguere
805 2987 897 3037 :et
958 2978 1184 3051 galeam
1248 2977 1458 3033 salutis
1520 2976 1801 3048 accipite;
1834 2979 1891 3031 et
1931 2974 2055 3048 gla-

402 3073 566 3128 dium
596 3070 870 3143 Spiritus,
902 3068 1058 3141 quod
1089 3070 1179 3123 est
1203 3067 1448 3124 verbum
1482 3065 1582 3123 Dei
1612 3066 1677 3121 3°.
1705 3088 1733 3115 ››
1754 3065 2051 3121 Adversus

402 3159 727 3217 invisibiles
756 3158 977 3227 hostes,
1010 3155 1406 3213 invisibilibus
1436 3172 1544 3211 nos
1582 3154 1763 3211 armis
1783 3154 2047 3210 intruxit-

2162 568 2270 618 τῶν
2300 561 2487 618 ὅπλων
2517 572 2616 634 τῆς
2665 564 2917 627 πίστεως·
2951 570 3039 619 νῦν
3090 585 3176 619 τοι
3232 564 3464 638 μάλιστα
3514 563 3678 640 χρεία
3715 572 3821 634 τῆς

2165 650 2496 715 πανοπλίας.
2540 659 2645 708 Νῦν
2704 656 2807 730 γάρ
2866 654 3000 710 κατὰ
3048 658 3143 708 σοῦ
3192 652 3358 709 πλέον
3391 654 3426 722 ἢ
3455 658 3553 708 τοῦ
3584 653 3818 729 πρόσθεν

2166 743 2464 819 ἐγρήγορεν
2522 745 2550 799 6
2609 742 2897 815 πολέμιος,
2936 743 3026 799 καὶ
3085 743 3422 818 ἐκραταιώθη
3486 744 3514 798 6
3572 742 3824 815 πόλεμος

2167 831 2309 891 Ἐως
2342 830 2702 905 αἰχμάλωτος
2732 831 2799 899 ἧς
2829 831 2917 885 καὶ
2966 827 3165 893 δοῦλος
3210 836 3306 886 τοῦ
3355 831 3559 906 ἐχθρου
3590 833 3727 901 (92),
3757 831 3824 885 τὸ

2169 924 2379 994 κρατεῖν
2428 917 2570 995 ἔχων
2622 918 2845 991 ἐκεῖνος,
2888 924 2986 975 τοῦ
3030 918 3297 994 πολεμεῖν
3348 920 3446 974 ούκ
3485 920 3820 999 ἐφρόντιζεν*

2169 1004 2357 1075 ἐπειδή
2400 1005 2456 1062 δὲ
2485 1010 2621 1085 πρὸς
2668 1009 2895 1083 Χριστὸν
2947 1012 3309 1086 μετετάχθης,
3341 1011 3453 1078 καὶ,
3490 1011 3676 1087 φυγὼν
3728 1009 3823 1063 τὸν

2170 1095 2385 1172 ἐχθρὸν,
2416 1102 2496 1169 τῷ
2530 1097 2768 1172 Δεσπότῃ
2813 1096 3209 1174 προσέδραμες,
3241 1099 3331 1154 καὶ
3381 1098 3546 1154 λύκον
3599 1098 3827 1167 ἀποπη-

2172 1182 2361 1255 δήσας,
2392 1186 2724 1263 συνετάχθης
2754 1190 2824 1260 τῇ
2872 1186 3101 1262 ποίμνῃ,
3134 1187 3211 1249 ὡς
3260 1185 3495 1242 παλαιάν
3548 1209 3607 1242 σε
3652 1189 3828 1259 θήραν

2174 1274 2910 1351 μετὲρχεται,πολυτρόπους
2944 1275 3405 1352 ἐκμηχανώμενος
3438 1274 3825 1353 δόλους.Πρὸς

2168 1363 2368 1434 ταύτην
2441 1367 2589 1438 ἡμᾶς
2660 1366 2757 1433 τὴν
2828 1365 3115 1442 παράταξιν
3168 1366 3195 1419 ὁ
3247 1365 3510 1441 μακάριος
3575 1364 3821 1444 ἀλείφων

2174 1452 2411 1527 Παῦλος,
2445 1459 2735 1531 στρατηγεῖ
2762 1454 2850 1509 καὶ
2900 1454 3305 1531 προχειρίζεται
3364 1452 3825 1532 παραγγέλματα,

2178 1568 2199 1593 κ
2254 1542 2368 1599 Οὐκ
2415 1540 2554 1597 ἔστιν
2600 1546 2757 1616 ἡμῖν,
2812 1542 3009 1620 λέγων,
3058 1546 3093 1613 ἡ
3144 1543 3292 1615 πάλη
3344 1546 3479 1620 πρὸς
3545 1545 3685 1616 αἷμα
3732 1545 3825 1599 καὶ

2174 1634 2362 1704 σάρκα,
2395 1630 2543 1688 ἀλλὰ
2573 1633 2707 1707 πρὸς
2736 1634 2829 1694 τὰς
2861 1633 3058 1709 ἀρχὰς,
3090 1633 3229 1709 πρὸς
3263 1633 3361 1696 τὰς
3391 1632 3653 1704 ἐξουσίας,
3686 1635 3829 1706 πρὸς

2170 1721 2297 1783 τοὺς
2351 1721 2795 1798 κοσμοκράτορας
2841 1726 2937 1777 τοῦ
2988 1721 3213 1785 σκότους
3243 1727 3340 1777 τοῦ
3372 1723 3568 1785 αίῶνος
3598 1723 3827 1790 τούτου,

2172 1810 2307 1884 πρὸς
2343 1812 2410 1865 τὰ
2456 1810 2792 1884 πνευματικὰ
2834 1818 2934 1881 τῆς
2983 1810 3249 1887 πονηρίας
3280 1813 3412 1887 (93).
3448 1836 3470 1861 ι
3503 1817 3659 1886 Ὁρᾷς
3708 1818 3829 1866 στῖ-

2172 1921 2273 1978 φος
2303 1898 2605 1973 πολεμικὸν
2635 1901 2724 1955 καὶ
2776 1899 2989 1971 ζέουσαν
3044 1902 3232 1977 μάχην
3270 1921 3283 1970 ;
3315 1902 3473 1978 Ὑπὲρ
3520 1900 3682 1956 τίνων
3733 1901 3830 1956 οὖν

2160 1989 2265 2063 ἆρα
2315 1988 2343 2043 ὁ
2387 1988 2670 2063 πόλεμος;
2704 1996 2846 2045 Ποῖα
2891 1993 2990 2059 τῆς
3042 1992 3229 2066 μάχης
3271 1990 3339 2045 τὰ
3387 1988 3593 2067 κὲρδη;
3636 1991 3817 2055 Αὐτὸς

2162 2077 2348 2153 ἐπάγει
2382 2079 2409 2132 6
2441 2079 2740 2154 στρατηγὸς
2792 2077 2991 2154 λέγων’
3026 2104 3053 2131 ι(
3086 2080 3173 2134 Ἔν
3221 2084 3336 2141 τοῖς
3391 2079 3755 2155 ἐπουρανίοις,
3781 2105 3806 2129 η

2159 2168 2455 2238 τουτέστιν,
2509 2169 2639 2245 ὑπὲρ
2700 2173 2809 2223 τῶν
2879 2169 3209 2245 ἐπουρανίων
3284 2168 3599 2242 κτημάτων.
3653 2172 3813 2247 Ὑπὲρ

2160 2260 2258 2327 τῆς
2305 2256 2602 2334 ἀφθαρσίας
2645 2257 2885 2328 ὁπλίζει,
2933 2258 3022 2313 καὶ
3074 2258 3207 2335 ὑπὲρ
3257 2258 3660 2335 άτρεπτότητος
3710 2282 3816 2314 πο-

2159 2345 2346 2419 ).εμεῖ’
2381 2346 2512 2422 ὑπὲρ
2564 2347 2663 2402 τοῦ
2710 2352 2943 2401 συνεῖναι
2995 2352 3212 2422 Χριστῷ
3264 2346 3606 2423 παρατάττει,
3642 2353 3819 2403 Ταῦτα

2160 2434 2265 2510 γὰρ
2322 2434 2615 2508 ἐπουράνια
2676 2438 2928 2510 κτήματα
2960 2454 2973 2468 ·
3034 2441 3201 2492 ταῦτα
3259 2437 3464 2500 ἐκεῖνος
3520 2434 3818 2516 ἀφελέσθαι

2165 2524 2418 2600 βούλεται
2470 2527 2604 2598 (94).
2656 2524 2772 2582 Οὐκ
2826 2524 3017 2603 ἀφίησί
3076 2547 3134 2580 σε
3181 2524 3533 2599 πολεμοῦντα
3583 2526 3815 2602 γυμνόν·

2159 2612 2477 2683 καθοπλίζει
2507 2611 2565 2669 δὲ
2590 2618 2709 2676 τοῖς
2740 2612 2938 2677 ὅπλοις
2967 2618 3064 2670 τοῦ
3094 2614 3327 2688 Πατρός.
3364 2612 3466 2672 Καὶ
3499 2636 3598 2688 μοι
3645 2613 3817 2692 βλέπε

2159 2707 2266 2757 τῶν
2300 2701 2487 2758 ὅπλων
2516 2704 2615 2772 τὴν
2648 2702 2926 2780 ἀστραπὴν
2959 2698 3191 2781 φοϐεράν
3221 2701 3382 2759 οὖσαν
3415 2709 3533 2766 τοῖς
3564 2704 3813 2780 ἐχθροῖς·

2159 2792 2292 2868 φησὶ
2339 2791 2439 2868 γὰρ
2490 2790 2701 2856 οὕτως·
2755 2817 2783 2843 ‹‹
2833 2799 3009 2861 Στῆτε
3071 2790 3162 2847 οὖν
3232 2794 3670 2869 περιζωσάμενοι
3717 2795 3811 2856 τὰς

2164 2880 2363 2959 ὀσφύας
2406 2882 2556 2955 ὑμῶν
2608 2880 2661 2937 ἐν
2711 2881 2961 2954 ἀληθείᾳ,
3009 2880 3100 2938 καὶ
3163 2878 3511 2956 ἐνδυσάμενοι
3557 2884 3653 2938 τὸν
3704 2884 3813 2937 θὼ-

2160 2992 2296 3048 ρακα
2340 2977 2443 3042 τῆς
2492 2969 2858 3043 δικαιοσύνης,
2890 2971 2979 3028 καὶ
3032 2969 3437 3047 ὑποδησάμενοι
3478 2973 3608 3036 τοὺς
3640 2971 3815 3036 πόδας

2161 3062 2213 3116 ἐν
2257 3060 2543 3135 ἑτοιμασίᾳ
2587 3065 2685 3117 τοῦ
2732 3059 3072 3138 Εύαγγελίου
3119 3069 3220 3132 τῆς
3271 3061 3523 3137 εἰρήνης·
3563 3062 3653 3118 ἐπὶ
3683 3069 3815 3118 πᾶσι

2158 3151 2376 3213 τούτοις
2434 3146 2790 3214 ἀναλαϐόντες
2843 3151 2938 3207 τὸν
2994 3151 3181 3229 θυρεὸν
3229 3158 3329 3222 τῆς
3374 3151 3634 3226 πίστεως,
3666 3152 3718 3207 ἐν
3770 3155 3817 3226 ᾧ

408 3246 699 3317 δυνήσεσθε
754 3244 927 3301 πάντά
982 3243 1048 3299 τὰ
1112 3243 1247 3319 βέλη
1291 3248 1389 3299 τοῦ
1436 3247 1681 3319 πονηροῦ
1740 3242 1808 3298 τά
1870 3241 2231 3318 πεπυρωμένα
2297 3236 2500 3297 σϐέσαν
2568 3242 2657 3297 καὶ
2721 3243 2820 3312 τὴν
2885 3239 3306 3319 περικεφαλαίαν
3373 3244 3470 3296 τοῦ
3535 3243 3819 3317 σωτηρίου

405 3334 637 3407 δέξασθε,
670 3333 758 3389 καὶ
812 3334 910 3403 τὴν
966 3333 1239 3410 μάχαιραν
1282 3337 1381 3388 τοῦ
1428 3331 1760 3408 Πνεύματος,
1792 3332 1821 3387 ’ὀ
1871 3330 1981 3387 ἐστι
2037 3330 2189 3408 ῥῆμα
2234 3334 2387 3388 Θεοῦ.
2420 3331 2623 3406 »Πρὸς
2671 3330 2935 3405 άοράτους
2984 3328 3216 3408 ἐχθροὺς
3246 3332 3361 3404 (95)
3389 3331 3645 3409 ἀοράτοις
3695 3330 3817 3386 ἐκό-

399 3446 602 3499 σμησεν
634 3422 851 3485 ὅπλοις.

469 3518 523 3572 6.
564 3514 723 3572 Talis
759 3512 999 3586 quidem
1030 3517 1121 3569 est
1148 3529 1447 3569 armorum
1491 3512 1599 3568 vis.
1654 3512 1818 3576 Quod
1850 3515 2049 3568 autem

2232 3514 2286 3566 6.
2317 3509 2550 3580 Τοιαύτη
2590 3510 2683 3582 μὶν
2715 3511 2751 3579 ἡ
2782 3513 2890 3565 τῶν
2924 3506 3113 3564 ὅπλων
3140 3508 3319 3585 ἰσχύςο
3354 3506 3438 3564 ὅτι
3498 3505 3560 3564 δὲ
3605 3509 3674 3565 τὰ
3717 3513 3820 3577 τῆς

401 3623 535 3663 cum
556 3622 621 3661 eo
636 3604 712 3661 sit
727 3601 1389 3671 dimicandum,etiamsi
1409 3601 1467 3658 id
1485 3601 1727 3657 minime
1748 3604 2044 3672 appareat,

397 3696 507 3751 hac
547 3702 609 3749 tu
641 3693 867 3749 ratione
897 3693 1179 3765 perspice.
1214 3692 1361 3747 Nam
1394 3691 1591 3762 ipsum
1623 3695 1849 3745 tentare
1879 3689 2049 3744 Chri-

399 3789 556 3839 stum
580 3782 851 3837 diabolus
873 3797 988 3836 non
1019 3780 1328 3848 dubitavit;
1351 3779 1450 3835 sed
1470 3778 2045 3849 extremaimpuden-

403 3874 483 3929 tia
508 3873 705 3944 ipsum
740 3871 979 3926 adortus
1018 3875 1107 3925 est
1132 3869 1469 3925 Dominum.
1506 3867 1612 3934 Qui
1635 3884 1743 3923 sua
1773 3870 1974 3922 contra
1994 3871 2050 3922 te

406 3962 718 4017 molimina
747 3958 1097 4015 iutermittet
1122 3958 1148 4012 ?
1184 3957 1341 4014 Vidit
1387 3958 1642 4014 Cristum
1688 3955 2048 4029 baptizatum

403 4054 487 4121 (tu
512 4068 665 4121 vero,
698 4066 729 4105 o
776 4064 977 4105 recens
1032 4046 1381 4113 illuminate,
1443 4046 1689 4101 observa
1719 4045 1870 4099 hanc
1901 4047 2049 4099 tem-

405 4140 563 4209 poris
597 4136 1005 4207 occasionem),
1055 4140 1302 4207 tumque
1362 4140 1584 4190 tanlum
1640 4133 1804 4188 illum
1854 4149 2053 4205 aggre-

404 4227 755 4282 ditur.Vidit
786 4226 845 4281 in
876 4226 1105 4280 deserto
1134 4224 1855 4295 esuriontem,famemque
1882 4222 2050 4277 utin-

404 4319 797 4371 strumentum
815 4314 885 4369 ad
903 4314 1278 4369 tentationem
1292 4313 1925 4385 accepit,nequeipsam
1937 4311 2053 4367 cibi

405 4404 812 4460 necessitatem
845 4400 1077 4458 insidiis
1109 4401 1351 4457 liberam
1372 4400 1747 4472 reliquit;sed
1771 4401 2055 4456 accedens

404 4494 497 4548 his
533 4493 721 4547 verbis
752 4495 937 4546 tentet
970 4489 1135 4545 illum
1171 4508 1184 4546 :
1229 4511 1254 4543 ιι
1284 4490 1345 4546 Si
1376 4488 1558 4544 Filius
1616 4490 1713 4544 Dei
1744 4506 1829 4555 es,
1863 4489 1955 4544 dic
1989 4493 2054 4544 ut

406 4582 627 4651 lapides
650 4580 745 4636 isti
779 4596 957 4653 panes
985 4580 1127 4635 fiant
1146 4580 1251 4634 3‘.»
1273 4583 1523 4634 Tantum
1558 4594 1673 4633 non
1706 4577 1787 4633 ita
1808 4578 2053 4649 loquens

404 4671 663 4743 Superbe
686 4669 811 4743 agis
841 4668 993 4741 quod
1022 4668 1206 4724 Filius
1239 4667 1333 4725 Dei
1358 4666 1845 4735 voceris,nomine
1867 4667 2054 4722 hallu-

408 4763 639 4817 cinatus
671 4776 753 4816 es.
805 4760 974 4815 Nuda
1001 4775 1294 4828 vacuaque
1324 4756 1711 4829 appellatione
1759 4755 2051 4827 gloriaris.

405 4852 770 4907 Esurientem
802 4849 1051 4915 video,et
1072 4847 1281 4903 Filium
1308 4847 1410 4903 Dei
1440 4845 1771 4919 appellabo?
1792 4845 1897 4901 Illa
1921 4864 2054 4919 pas-

407 4941 569 4996 sione
600 4940 788 4995 honor
816 4936 1151 5010 illigitimus
1183 4936 1685 4993 evadit.Miraculo
1718 4936 2054 4992 necessitati

405 5031 642 5104 provide
673 5034 786 5085 tua:
821 5045 833 5084 ε
859 5027 1092 5099 jubenti
1114 5027 1339 5099 lapides
1387 5026 1812 5098 obsequantur,
1864 5030 1919 5081 et
1948 5042 2054 5082 no-

473 5185 517 5218 ²⁹
551 5183 757 5253 Ephes.
788 5197 869 5247 vr,
900 5181 985 5234 12.
1090 5179 1135 5213 ³ο
1166 5177 1309 5233 ibid.
1344 5178 1530 5233 14-17.
1623 5177 1666 5213 ³¹
1693 5176 1898 5234 Matth.
1938 5194 2014 5247 1v,
2044 5178 2099 5233 3.

482 5333 587 5403 (91)
621 5332 714 5388 Sic
743 5348 949 5388 omnes
981 5346 1121 5387 mss.
1158 5328 1560 5403 Editiautem,
1591 5326 1911 5392 ἀποτίθεσθε
1948 5329 2049 5398 τὴν

403 5402 621 5471 ἐσθῆτα,
656 5404 701 5457 ὧ
729 5406 826 5457 τοῦ
856 5404 1092 5475 Χριστοῦ
1123 5402 1443 5475 στρατιῶτα.

477 5479 590 5549 (92>
622 5478 709 5531 Ita
738 5492 942 5549 omnes
976 5491 1120 5549 mea:

474 5540 683 5630 (93)_In
732 5547 907 5604 editis
948 5544 1222 5618 adjicitur
1268 5543 1387 5609 hic,
1422 5542 1471 5597 ἐν
1520 5547 1636 5606 τοῖς
1687 5540 2051 5617 ἐπουρανίοις,

408 5636 577 5678 880118
608 5635 668 5675 In
700 5636 847 5675 11188.

480 5692 594 5765 (94)
628 5694 714 5750 Ita
742 5706 947 5751 omnes
976 5705 1119 5749 mss.
1155 5687 1304 5748 Editi
1333 5703 1487 5761 vero,
1519 5681 1908 5764 συμϐούλεται.

2160 3598 2530 3671 παρατάξεως,
2589 3597 2684 3652 κᾶν
2771 3599 2847 3671 μὴ
2918 3598 3195 3672 φαίνηται,
3253 3596 3477 3673 γίνεται,
3538 3597 3813 3669 σκόπησον

2159 3687 2355 3750 οὕτως.
2388 3688 2448 3744 Εἰ
2497 3686 2602 3763 γὰρ
2647 3687 2739 3742 τὸν
2786 3688 3014 3760 Χριστὸν
3066 3687 3336 3764 πειράζειν
3378 3687 3478 3742 οὐκ
3507 3685 3754 3758 ὤκνησεν
3788 3691 3817 3744 6

2160 3772 2440 3844 διάϐολος,
2473 3774 2597 3832 ἀλλ’
2648 3776 3026 3853 ἀναισχυντίας
3072 3773 3353 3853 ὑπερϐολῇ
3401 3774 3490 3831 καὶ
3541 3778 3680 3833 κατὰ
3715 3782 3815 3832 τοῦ

2160 3866 2430 3922 Δεσπότου
2455 3862 2783 3939 τετόλμηκε’
2816 3871 2933 3929 πῶς
2964 3865 3069 3921 τῶν
3102 3866 3238 3922 κατᾶ
3265 3871 3361 3920 σοῦ
3391 3866 3816 3943 μηχανημάτων

2158 3955 2429 4026 παύσηται
2461 3957 2575 4029 (96)
2601 3975 2614 4025 ;
2648 3952 2773 4012 Εἷδε
2799 3956 2896 4010 τὸν
2947 3957 3175 4030 Χριστὸν
3228 3957 3588 4032 βαπτισθέντα
3756 3954 3815 4011 δὲ

2161 4044 2347 4100 σκόπει
2392 4045 2483 4100 τὸν
2534 4047 2743 4119 καιρὸν,
2777 4044 2821 4098 ὦ
2852 4044 3221 4122 νεοφώτιστε),
3253 4045 3342 4099 καὶ
3392 4044 3517 4099 τότε
3566 4046 3701 4120 πρὸς
3754 4047 3816 4099 τὸ

2161 4135 2431 4209 πειράζειν
2489 4135 2715 4209 ἠγέρθη.
2774 4132 2919 4188 Εἶδεν
2975 4133 3027 4187 ἐν
3082 4138 3152 4207 τῇ
3212 4133 3405 4208 ἐρήμῳ
3464 4134 3815 4201 πεινάσαντα,

2160 4223 2248 4278 καὶ
2281 4224 2528 4299 συνεργὸν
2559 4230 2661 4292 τῆς
2708 4221 2896 4299 πείρας
2946 4224 3045 4291 τήν
3092 4229 3277 4277 πεῖναν
3330 4217 3657 4295 ἐλάμϐανεν,
3693 4221 3818 4279 οὐδὲ

2162 4311 2327 4382 αὐτῆς
2355 4319 2453 4381 τῆς
2483 4318 2688 4389 τροφῆς
2717 4313 2815 4380 τὴν
2850 4311 3035 4387 χρείαν
3074 4311 3492 4387 μηχανημάτων
3529 4309 3817 4387 ἐλευθέραν

2161 4401 2333 4479 ἀφείς,
2386 4400 2529 4457 ἀλλά
2575 4398 2893 4477 προσελθὼν
2946 4400 3205 4477 ἐνεχείρει
3252 4402 3520 4476 πειράζειν
3571 4401 3662 4456 καὶ
3723 4399 3815 4456 λέ-

2162 4509 2276 4564 γειν
2309 4491 2443 4563 (97)·
2478 4512 2505 4538 ‹‹
2552 4488 2614 4546 Εἴ
2673 4488 2792 4551 Υἱὸς
2841 4489 2887 4543 εί
2931 4493 3029 4543 τοῦ
3078 4493 3233 4563 Θεοῦ,
3266 4488 3382 4544 εἰπὲ
3424 4487 3517 4543 ’ίνα
3566 4490 3618 4543 οἱ
3668 4487 3813 4544 λίθοι

2163 4578 2312 4634 οὗτοι
2346 4578 2497 4653 ἄρτοι
2526 4579 2806 4654 γένωνται.
2836 4604 2862 4631 ››
2899 4577 3216 4656 Μονονουχὶ
3245 4582 3405 4634 τοῦτο
3456 4578 3657 4654 λέγων’
3689 4579 3815 4641 Υἱὸς

2164 4672 2298 4724 Θεοῦ
2364 4662 2673 4744 σοϐαρεύεις
2740 4666 3119 4741 καλούμενος,
3187 4669 3477 4739 ἠπατήθης
3559 4668 3812 4741 ὀνόματι.

2166 4756 2518 4833 Προσηγορίᾳ
2592 4760 2775 4831 γυμνῇ
2842 4758 3164 4832 πράγματος
3223 4757 3477 4830 σεμνύνῃ.
3540 4757 3815 4813 Πεινῶντα

2170 4846 2378 4921 βλέπω,
2406 4845 2496 4900 καὶ
2544 4846 2664 4901 Υίὸν
2718 4850 2851 4902 Θεοῦ
2910 4844 3299 4920 ὀνομάσω;Ἠ
3346 4847 3483 4920 τιμὴ
3531 4851 3611 4918 τῷ
3658 4847 3812 4902 πάθει

2162 4934 2456 4991 νοθεύεται.
2527 4934 2860 5011 Θεράπευσον
2938 4936 3036 5004 τήν
3110 4936 3298 5011 χρείαν
3371 4941 3449 5009 τῷ
3525 4936 3810 5009 θαύματι·

2166 5025 2545 5081 ὑπακούσωσιν
2579 5026 2631 5080 οἱ
2673 5022 2817 5080 λίθοι
2848 5025 3259 5101 προστάττοντι,
3292 5025 3383 5080 καὶ
3422 5025 3697 5081 πιστεύσω

2233 5331 2344 5402 (95)
2378 5331 2543 5402 Mse.,
2576 5328 2837 5402 ἀοράτους
2869 5326 3196 5402 πολεμίους.

2170 5401 2345 5489 ’,(96)
2382 5401 2544 5471 “88.,
2585 5401 2717 5458 πότε
2761 5405 2867 5457 τῶν
2914 5401 3051 5456 κατὰ
3097 5404 3193 5455 σοῦ
3246 5402 3666 5477 μηχανημάτων
3717 5403 3813 5480 ἀφ,

2163 5470 2463 5675 Ξῖείῗῖἔιῐία
2492 5564 2637 5604 mss.
2674 5549 2738 5603 In
2786 5545 2927 5604 edit.
2975 5545 3119 5615 haec,
3152 5544 3424 5620 πειράζειν
3473 5544 3563 5599 καὶ
3611 5544 3809 5621 λέγειν,

2268 5634 2394 5674 unt.
