2046 3109
164 190 244 222 1089

728 192 861 226 SERMO
883 193 922 225 ΙΝ
945 194 1128 226 SANCI‘UM
1153 197 1314 227 PASCHA.

1794 206 1806 234 Ι
1812 204 1872 234 090

163 255 277 291 κλήσει·
296 255 452 284 αἴδεο-ϐῶσιν
470 256 567 285 ἐκεῖνοι
583 258 613 286 τὸ
627 257 771 296 ἐπίταγμα,
786 260 832 286 καὶ
848 260 982 298 συντρέχα

1046 260 1116 288 mini
1135 261 1220 289 fidem
1237 262 1348 291 habebo
1365 272 1371 290 :
1389 267 1574 293 revereantur
1588 265 1631 293 illi
1647 267 1824 305 jussionem,
1841 273 1871 298 et

163 303 208 337 τῷ
222 301 349 338 θαύματι·
374 300 485 339 δέξομαι
505 303 556 337 τήν
579 304 683 342 φωνὴν,
706 303 751 331 καὶ
776 303 930 341 συντίθεμαι
955 307 989 342 τῇ

163 346 245 382 τιμῇ.
277 344 366 373 Ἀλλά
395 349 540 385 Γραφικοῖς
569 347 705 383 ἐτοξεύετο
734 348 864 386 ῥήμασιν’
896 361 910 375 ιι
933 348 991 377 Οὐκ

166 388 211 416 ἐπ’
226 388 300 427 ἄρτῳ
318 389 393 427 μόνῳ
411 392 518 426 ζήσεται
534 392 686 430 ἄνθρωπος,
707 392 769 421 ἀλλ’
785 393 829 421 ἐπὶ
843 393 923 421 παντὶ
940 394 989 432 ῥή-

167 444 233 470 ματι
258 434 465 472 ἐκπορευομένῳ
485 435 529 464 διὰ
550 437 685 473 στόματος
712 440 779 465 Θεοῦ
795 439 861 475 (98).
880 450 894 464 ››
911 438 988 466 ’Δλλ’

164 478 321 517 αἰσχυνθεὶς
348 481 382 517 τῇ
410 479 529 519 προτέρᾳ
557 482 641 519 πάλῃ,
670 483 715 510 καὶ
745 481 868 521 δευτέραν
893 486 987 520 πεῖραν

162 525 349 562 προσήγαγεψ
370 537 381 550 ι
402 525 490 562 Ῥῖψον
508 538 522 552 n
539 527 620 564 φησὶν
641 539 655 553 (ι
670 527 762 555 ἑαυτὸν
788 526 889 560 ἄνωθεν
901 529 986 555 κάτω·

160 567 311 606 γέγραπται
326 569 376 607 γὰρ
474 569 516 598 ὅτι
530 573 592 602 Τοῖς
617 571 747 609 ἀγγέλοις
771 572 853 599 αὐτοῦ
873 571 986 600 ἐντελεῖ-

161 623 208 639 ται
223 612 284 650 περὶ
300 615 348 641 σοῦ
364 636 371 648 ,
384 616 433 641 τοῦ
449 613 608 653 διαφυλάξαι
624 626 652 643 σε
677 615 702 643 ἐν
724 615 823 647 πάσαις
836 619 896 648 ταῖς
912 615 986 648 ὁδοῖς

162 667 223 685 σου.
240 669 254 684 ››
280 657 360 686 Ἀλλ’
388 658 489 693 ἤκουσε
516 659 609 687 πάλιψ
627 672 640 686 ‹‹
656 660 712 688 Οὔκ
739 661 906 700 ἐκπειράσεις
935 661 985 689 Κύ-

163 712 223 739 ριον
236 702 281 730 τὸν
297 702 362 730 Θεό-ι
376 714 433 732 σου.
456 716 465 729 ι
485 704 537 732 Καὶ
563 703 611 732 οὐκ
636 704 768 743 ἐνάρκησε
792 704 902 744 δευτέρᾳ
916 706 987 733 πτώ-

161 757 215 783 σει,
232 747 296 775 ἁλλ’
311 748 402 786 ἐπάγει
416 749 462 776 καὶ
478 749 572 786 τρίτην
591 751 719 787 μηχανήν
735 750 887 788 προσδοκίᾳ
907 752 986 787 νίκης

160 792 232 829 πρὸς
261 795 363 820 πτῶσιν
393 792 596 830 δελεαζόμενος·
614 796 730 822 «Ταῦτα
758 795 809 833 γάρ
836 806 879 823 σοι
900 795 987 823 πάντα

163 835 256 872 δώσω,
273 838 353 876 φησὶν
372 860 380 874 ,
396 837 440 866 ἐὰν
466 839 554 866 πεσὼν
583 840 772 877 προσκυνήσῃς
799 850 856 876 μοι.
876 852 889 865 ››
907 841 985 878 Ὁρᾷς

165 882 377 920 μηχανημάτων
392 883 545 921 γοργότητα
561 884 660 922 ;Ὁρᾷς
676 884 780 920 ἀπάτης
794 890 983 922 παρασκευήνς

197 928 225 955 7.
248 926 335 955 Ἀλλά
359 930 431 964 τρεῖς
462 928 509 964 μὲν
540 926 609 958 ἰδέας
638 927 702 959 ἴσως
729 931 886 966 πειρασμῶν
916 930 983 957 εἶναι

159 970 305 1007 νενόμικας
322 994 329 1007 ,
345 974 384 1008 τῷ
398 974 447 999 τοῦ
467 973 583 1010 ἀριθμοῦ
604 972 734 1009 ἐπόμενος
755 974 889 1011 σχήματι·
916 975 982 1002 ἅπαν

160 1014 192 1042 δὲ
213 1016 370 1052 πειρασμῶν
400 1015 472 1048 εἶδος
499 1017 550 1054 ἄρα
564 1016 590 1044 ἐν
606 1019 663 1047 τοῖς
677 1017 747 1055 τρισῖ
764 1018 911 1056 περιέξεται
929 1029 935 1035 ·
953 1019 983 1047 οὐ

160 1061 214 1098 γὰρ
231 1059 260 1087 ἂν
286 1060 418 1088 ἐπαύσατο
433 1062 569 1099 πειράζων
588 1083 595 1096 ,
611 1061 634 1089 εἰ
651 1063 689 1099 μή
715 1066 799 1090 πᾶσαν
824 1062 906 1091 αὐτοῦ
935 1064 986 1099 τὴν

160 1106 294 1143 οαρέτραν
308 1106 361 1133 τῶν
394 1106 482 1144 βελῶν
512 1106 653 1142 ἐξεκένωσε
668 1109 707 1144 (1)
724 1130 730 1136 .
747 1109 836 1140 Πάσας
866 1109 917 1147 γὰρ
937 1109 985 1140 τὰς

160 1150 187 1187 ἐξ
203 1150 304 1186 ἡδονῆς
320 1152 450 1190 μηχανὰς
476 1151 521 1179 διὰ
546 1156 596 1187 τῆς
624 1153 686 1191 περὶ
700 1153 750 1188 τήν
776 1154 875 1191 βρῶσιν
894 1154 983 1182 ἐπιθυ-

162 1196 227 1232 μίας
243 1197 410 1234 προσήγαγε,
430 1199 478 1234 μιᾷ
492 1195 635 1234 προσϐολῃ
649 1198 699 1233 τήν
715 1201 767 1226 τῶν
786 1198 898 1237 ὀρέξεων
921 1198 982 1227 ἁνα-

158 1241 274 1275 κινήσας
298 1241 463 1278 συγγένειαν.
493 1241 585 1269 Εἰπὼν
616 1241 654 1277 δὲ,
672 1254 685 1268 ι(
715 1243 806 1280 Ῥίψον
830 1244 950 1279 σεαυτὸν,
969 1256 981 1271 n

157 1285 207 1315 τὰς
234 1284 264 1312 ἐκ
293 1286 479 1324 μεγαλαυχίας
508 1288 548 1323 (2)
579 1286 709 1324 μεθόδους
740 1288 856 1323 ἐκίνησε.
878 1289 915 1316 Τὸ
942 1288 981 1325 δὲ,

159 1342 174 1356 ις
192 1332 279 1357 Ταῦτα
306 1330 392 1358 πάντα
416 1341 459 1358 σοι
475 1330 554 1358 δωσω
570 1354 578 1365 ,
595 1344 610 1358 ››
626 1332 675 1366 τήν
692 1332 890 1370 χαλεπωτάτην
908 1333 981 1371 ῥίζαν

156 1376 213 1400 τῶν
244 1375 448 1412 ἁμαρτημάτων
466 1396 473 1409 ,
501 1376 550 1410 τὴν
581 1375 784 1414 φιλαργυρίαν,
813 1377 955 1416 εἰσήγαγεν
974 1401 981 1408 .

157 1420 247 1446 "Amm
262 1418 312 1456 γάρ
329 1418 397 1450 εἶδος
420 1420 624 1458 ἁμαρτημάτων
650 1420 680 1447 ἐκ
707 1424 770 1457 μιᾶς
796 1422 896 1457 ταύτης
918 1423 981 1462 φύε-

158 1473 204 1490 ται
220 1462 308 1501 ῥίζης.
337 1464 388 1492 Καὶ
417 1464 489 1501 παρά
518 1465 672 1503 ἀνθρώποις
687 1466 807 1503 ἁμαρτία
822 1467 915 1505 χώραν
933 1468 982 1496 οὐκ

157 1506 230 1545 ἔχει,
248 1509 285 1544 μή
303 1507 348 1535 διὰ
370 1509 473 1536 τούτων
490 1507 619 1537 ὁδεύουσα
636 1532 643 1538 .
660 1513 695 1538 ’Ἠ
708 1510 758 1548 γὰρ
775 1509 809 1538 δι’
824 1510 924 1547 ἡδονῆς
939 1524 981 1541 τι-

157 1553 288 1590 τρώσκει,
305 1553 321 1587 ἢ
338 1551 382 1580 διὰ
397 1552 477 1589 δόξης
491 1554 604 1589 τοξεύει,
616 1554 633 1589 ἢ
650 1555 802 1593 χρημάτων
815 1555 896 1594 ἔρωτι
912 1559 981 1596 πρὸς

155 1595 352 1633 πλημμέλειαν
367 1595 441 1625 ἕλκει
458 1619 465 1626 .
483 1598 636 1635 Γυμνωθεὶς
664 1598 710 1626 οὖν
723 1601 776 1627 τῶν
807 1600 895 1638 βελῶν
918 1602 980 1630 τότε

1044 305 1185 334 miraculo
1209 307 1401 342 consentiam,
1428 317 1526 338 vocem
1552 310 1634 339 illam
1657 312 1824 347 admittam,
1842 317 1870 342 et

1044 349 1184 378 honorem
1211 352 1378 387 approbabo
1404 361 1410 380 :
1431 354 1480 382 sed
1497 355 1584 382 etiam
1603 364 1636 383 ex
1657 357 1805 392 Scriptura
1820 359 1869 385 de-

1044 395 1189 431 promptis
1204 396 1402 432 impetebatur
1415 398 1519 426 verbis.
1535 410 1549 424 ι(
1574 400 1636 427 Non
1664 401 1692 428 in
1718 402 1779 429 solo
1796 411 1870 438 pane

1043 438 1119 466 vivet
1133 439 1285 474 homo,sed
1302 441 1332 469 in
1348 442 1427 469 omni
1438 443 1525 471 verbo
1540 446 1616 480 quod
1629 447 1759 480 procedit
1774 448 1808 475 de
1822 457 1869 475 ore

1045 483 1092 510 Dei
1107 483 1138 511 3’.
1160 495 1173 508 ››
1188 484 1297 512 Verum
1315 486 1410 521 priore
1425 486 1474 515 illa
1492 496 1589 524 pugna
1606 490 1714 524 pu-lore
1735 492 1866 526 affectus,

1043 528 1171 556 secunda
1187 530 1345 558 tentatione
1361 532 1531 567 aggreditur
1544 541 1551 560 ε
1562 533 1642 560 Mitte
1659 537 1684 562 te
1700 536 1866 569 deorsum,»

1042 572 1148 609 inquit,
1164 573 1307 609 scriptum
1324 577 1368 603 est
1383 576 1461 603 enim
1478 586 1484 603 :
1501 577 1618 613 Angelis
1642 580 1703 606 suis
1720 582 1868 609 mandavit

1042 617 1078 645 de
1101 620 1139 651 te,
1157 620 1189 645 ut
1204 619 1371 647 custodiant
1389 622 1417 648 te
1435 620 1462 648 in
1477 622 1615 650 omnibus
1640 624 1693 651 viis
1710 625 1767 652 luis
1792 627 1824 642 ³³-
1852 638 1865 650 η

1042 661 1098 690 Sed
1109 662 1219 690 audivit
1230 663 1352 692 iterum:
1368 676 1377 689 ι
1388 665 1450 693 Non
1462 667 1589 695 tentiibis
1606 668 1760 696 Dominum
1774 669 1864 698 Deum

1040 707 1121 734 tuum
1135 707 1167 733 ⁵⁸.
1191 718 1205 732 ››
1230 708 1287 735 Nec
1302 709 1431 737 secundo
1451 710 1505 738 hoc
1534 711 1617 747 lapsu
1640 714 1799 749 optorpuit,
1817 715 1866 742 sed

1041 758 1093 786 spe
1107 751 1233 779 victoria:
1251 753 1368 781 tertiam
1381 754 1495 787 inducit
1511 756 1687 791 machinam,
1705 766 1760 792 qua
1776 759 1804 785 in
1825 758 1866 785 la-

1041 803 1128 831 psum
1146 795 1283 832 pelliciat.
1302 809 1314 823 ί(
1330 797 1395 826 Haec
1408 799 1516 834 omnia,
1532 810 1545 825 ι
1560 800 1664 835 inquit,
1678 814 1690 825 α
1708 802 1761 829 tibi
1778 803 1864 837 dabo,

1041 840 1066 868 si
1081 840 1200 874 cadens,
1217 842 1383 870 adoraveris
1401 852 1445 871 me
1455 844 1486 871 ⁸³.
1501 855 1515 868 ››
1531 844 1632 872 Viden’
1651 847 1869 875 machinamen-

1040 886 1137 913 torum
1153 885 1212 914 vim
1223 885 1237 913 ?
1251 886 1351 914 Vidcn’
1369 888 1503 916 fraudum
1520 890 1717 926 apparatum?

1077 931 1184 958 Verum
1203 930 1326 959 fortasse
1341 934 1477 960 autumas
1493 933 1548 960 tria
1570 935 1665 962 solum
1688 944 1751 963 esse
1772 939 1864 964 tenta-

1040 973 1153 1002 tionum
1169 982 1286 1010 genera,
1299 976 1387 1012 hujus
1396 978 1510 1005 numeri
1527 979 1653 1014 speciem
1672 982 1865 1009 secutus.lmo

1040 1026 1126 1046 omne
1143 1020 1337 1049 tentationum
1353 1029 1446 1057 genus
1467 1023 1561 1050 tribus
1578 1024 1657 1051 hisce
1680 1026 1864 1061 continetur;

1040 1071 1134 1099 neque
1149 1064 1227 1091 enim
1251 1065 1328 1093 898
1345 1065 1433 1093 finem
1449 1068 1581 1095 tentandi
1600 1068 1725 1104 fecisset,
1743 1070 1799 1097 nisi
1818 1079 1863 1098 sa-

1038 1107 1122 1142 gittis
1132 1110 1222 1136 totam
1233 1112 1402 1138 evacuasset
1413 1110 1591 1147 pharetram.
1604 1113 1706 1140 Omnia
1719 1114 1864 1149 siquidem

1038 1151 1198 1187 voluptatis
1213 1153 1449 1182 machinamenta
1460 1164 1511 1191 per
1525 1155 1580 1184 cibi
1598 1159 1863 1194 concupiscentiam

1038 1195 1144 1224 obtulit
1168 1206 1284 1233 unoque
1300 1198 1423 1235 impetu,
1446 1200 1629 1236 appetituum
1657 1212 1742 1231 omne
1771 1213 1864 1240 genus

1038 1240 1201 1269 concitavit.
1217 1245 1288 1271 Cum
1304 1243 1376 1271 dixit
1389 1246 1498 1279 autem,
1517 1257 1529 1270 α
1547 1246 1625 1273 Mitte
1642 1250 1669 1274 te
1685 1248 1835 1283 deorsum,
1850 1262 1861 1274 ι

1038 1292 1141 1313 omnes
1152 1287 1324 1322 arrogantim
1331 1288 1413 1316 dolos
1425 1289 1639 1318 admovit.lllud
1650 1301 1716 1319 vero
1728 1293 1861 1328 loquens:

1036 1331 1123 1357 «Haec
1133 1331 1232 1359 omnia
1241 1331 1294 1359 tibi
1305 1332 1395 1367 dabo;
1407 1344 1421 1358 »
1433 1334 1589 1369 pessimam
1605 1339 1785 1370 peccatorum
1799 1347 1862 1373 pro-

1037 1374 1134 1410 posuit
1149 1375 1287 1412 radicem,
1305 1377 1468 1405 avaritiam.
1485 1379 1525 1406 Ex
1541 1379 1594 1407 hac
1619 1381 1725 1416 quippe
1742 1391 1799 1409 una
1816 1392 1860 1410 ra-

1036 1418 1100 1446 dice
1117 1422 1300 1455 peccatorum
1318 1430 1403 1449 omne
1417 1430 1511 1458 genus
1536 1428 1663 1452 emanat.
1682 1426 1861 1462 Nullamque

1037 1464 1113 1499 apud
1129 1463 1264 1493 homines
1279 1469 1430 1502 peccatum
1442 1467 1529 1496 habet
1541 1467 1713 1505 locum,qua-
1726 1480 1783 1498 non
1794 1472 1860 1499 inde

1036 1508 1174 1543 procedat
1188 1517 1194 1536 :
1211 1512 1262 1537 aut
1277 1510 1355 1539 enim
1376 1511 1525 1548 voluptate
1540 1513 1680 1549 vulnerat,
1697 1515 1740 1542 vel
1762 1516 1860 1551 gloriae

1036 1552 1195 1588 cupiditate
1208 1554 1282 1588 feril,
1299 1559 1350 1583 aut
1368 1556 1559 1591 pecuniarum
1578 1567 1676 1586 amore
1697 1560 1731 1586 ad
1750 1560 1861 1588 scelera

1035 1596 1187 1632 pertrahit.
1200 1598 1278 1627 Telis
1288 1608 1356 1636 ergo
1368 1601 1658 1637 nudatusjaculandi
1674 1604 1761 1631 finem
1776 1605 1859 1633 fecit:

154 1643 205 1668 τοῦ
231 1641 348 1677 τοξεύειν
377 1641 520 1670 ἐπαύσατο’
550 1642 595 1670 καὶ
623 1644 726 1681 γυμνὸν
754 1645 822 1681 ἡμῖν
855 1644 933 1673 αὐτὸν
964 1647 978 1674 ὁ

1038 1649 1068 1669 ac
1079 1642 1191 1670 nudum
1205 1644 1540 1673 machinamentisillum
1553 1648 1637 1675 nobis
1646 1648 1778 1677 Christus
1789 1658 1859 1677 con-

155 1686 276 1722 Χριστὸς
303 1687 358 1714 τῶν
386 1686 595 1724 μηχανημάτων
622 1688 800 1723 κατέστησεν,
828 1690 981 1728 όπράκτους

155 1729 240 1757 αὐτοῦ
268 1729 314 1761 τὰς
343 1729 437 1762 ἀκίδας
467 1731 665 1769 ἐργασάμενος·
682 1733 836 1770 γνωρίμους
860 1735 924 1767 τοὺς
940 1735 983 1764 δό-

153 1772 223 1804 λους
240 1775 278 1809 (3)
291 1774 464 1811 κατέστησεν,
479 1775 643 1813 εὐχείρωτον
659 1776 738 1805 αὐτὸν
754 1781 812 1810 τοῖς
829 1779 980 1817 ’ἱνθρώποις

153 1818 329 1854 ποιούμενος.

191 1863 218 1890 8.
233 1864 296 1893 Τοῖς
311 1866 485 1894 Δεσποτικοῖς
511 1863 599 1891 τοίνυν
616 1865 701 1902 ἀγῶσι
721 1867 771 1901 τήν
791 1867 867 1903 νίκην
883 1867 978 1907 κερδα-

152 1907 377 1945 νῶμενσΧριστοῦ
393 1907 581 1944 πολεμοῦντος
589 1909 677 1937 οἰκεῖα
691 1911 833 1948 στήσωμεν
850 1913 976 1951 τρόπαια,

152 1951 199 1984 Μὴ
217 1950 385 1988 ῥυπώσωμεν
400 1952 446 1979 τὸν
477 1955 581 1990 χιτῶνα
595 1957 645 1988 τῆς
659 1954 776 1986 πίστεως
794 1980 801 1992 ,
818 1957 847 1984 ὃν
863 1958 880 1992 ἡ
896 1958 977 1996 χάρις

153 1993 266 2033 ἐξύφανε
282 2004 289 2011 ·
308 1997 346 2031 μὴ
364 1995 466 2034 δωρεὰν
483 1997 624 2035 ἀτιμάσῃς,
641 1999 673 2034 ἣν
689 1999 761 2037 παρᾶ
787 2003 854 2028 Θεοῦ
868 1993 975 2034 ἔλαϐες·

153 2037 239 2067 ἐννόει
253 2040 299 2067 τὸν
317 2039 463 2077 δεδωκότα,
478 2042 523 2069 καί
538 2043 569 2070 τὸ
585 2041 660 2075 δοθὶν
678 2042 892 2083 διαφύλαξον.Εί¹
902 2058 976 2080 τινος

155 2083 322 2128 μαργαρίτου
342 2084 428 2124 φύλαξ
443 2085 460 2120 ἢ
474 2085 637 2123 ἁλουργίδος
665 2088 796 2124 κατέστης
821 2090 976 2128 βασιλικῆς,

150 2128 204 2165 ἄρα
220 2127 269 2155 οὐκ
284 2126 313 2155 ἄν
329 2128 412 2167 μέχρι
436 2130 549 2158 Θανάτου
570 2135 620 2166 τῆς
646 2131 769 2171 φυλακῆς
786 2133 911 2170 ἐπεδείξω
925 2126 975 2171 τὴν

149 2171 332 2209 ἐπιμέλειαν;
363 2173 450 2202 Ἀλλὰ
472 2177 516 2203 νῦν
543 2175 574 2203 οὐ
606 2177 773 2214 μαργαρίτου
799 2178 892 2216 μόνον,
914 2179 977 2209 οὐδὲ

149 2217 303 2256 πορφύρας,
320 2217 382 2246 οὖδὶ
403 2220 542 2256 κτήματος
568 2219 664 2252 ἁπλῶς
689 2221 842 2260 βασιλικοῦ,
859 2224 924 2253 αὐτὸ
947 2224 976 2254 δὲ

149 2262 181 2289 τὸ
195 2264 246 2289 τοῦ
269 2263 405 2291 Δεσπότου
430 2264 638 2301 κατεπιστεύθης
655 2267 694 2303 (4)
715 2269 803 2304 σῶμα·
822 2269 929 2305 μᾶλλον
947 2270 976 2299 δέ

1034 1685 1141 1721 stituit,
1158 1686 1256 1715 irritas
1272 1688 1336 1723 ejus
1350 1689 1487 1725 cuspides
1502 1690 1596 1718 etfacit
1615 1700 1621 1719 :
1642 1692 1799 1729 palamque
1815 1694 1859 1722 fa-

1034 1729 1089 1757 stis
1104 1730 1168 1766 ejus
1183 1731 1269 1766 dolis,
1286 1735 1373 1769 captu
1390 1733 1504 1763 facilem
1526 1735 1609 1764 nobis
1623 1736 1705 1765 illum
1722 1739 1857 1766 reddidit.

1066 1877 1093 1905 8.
1111 1877 1272 1907 Dominicis
1286 1887 1355 1916 ergo
1369 1881 1578 1910 certaminibus
1593 1883 1742 1911 victoriam
1759 1893 1856 1921 repor-

1031 1922 1138 1949 tamus.
1156 1922 1308 1958 Pugnante
1321 1924 1435 1952 Christo
1452 1929 1552 1953 nostra
1567 1935 1618 1953 nos
1637 1932 1744 1963 tropica
1763 1930 1857 1965 eriga-

1031 1973 1108 1993 mus.
1126 1966 1167 1993 Ne
1182 1967 1373 2002 inquinemus
1389 1969 1455 1996 ﬁdei
1477 1970 1619 2005 tunicam,
1647 1980 1733 2005 quam
1762 1974 1857 2008 gratia

1030 2009 1178 2037 contexuit
1194 2018 1201 2037 :
1224 2018 1260 2038 ne
1283 2012 1393 2038 denum
1418 2015 1589 2040 contemnas
1610 2015 1686 2049 quod
1704 2024 1720 2042 ιι
1736 2015 1792 2043 Deo
1808 2025 1856 2044 ac-

1029 2053 1132 2088 cepisti
1149 2062 1155 2081 :
1173 2055 1269 2090 cogita
1284 2055 1351 2090 quis
1366 2056 1487 2090 dederit,
1504 2057 1666 2093 datumque
1682 2064 1804 2088 servato.
1826 2061 1856 2089 Si

1029 2098 1193 2133 margaritae
1209 2100 1364 2134 cujusdam
1379 2103 1430 2128 aut
1446 2101 1530 2137 regis)
1541 2111 1679 2138 purpurae
1690 2108 1789 2132 custos
1805 2107 1855 2133 de-

1028 2144 1148 2177 putatus
1162 2150 1252 2178 esses,
1277 2152 1373 2171 nonne
1398 2145 1434 2172 ad
1460 2147 1584 2173 mortem
1605 2155 1697 2182 usque
1725 2149 1787 2183 ejus
1804 2158 1854 2177 cu-

1028 2185 1130 2214 stodia,
1150 2195 1250 2215 curam
1267 2187 1442 2217 exhiberes?
1456 2192 1494 2217 At
1509 2199 1586 2218 nunc
1602 2200 1659 2218 non
1690 2196 1855 2228 margarita

1028 2232 1154 2265 tantum,
1180 2240 1274 2267 neque
1301 2241 1448 2269 purpuris,
1474 2234 1518 2262 vel
1544 2235 1731 2270 pecuniarum
1758 2237 1854 2265 solum

1028 2274 1175 2311 regiarum
1193 2284 1265 2304 cura
1279 2276 1332 2304 tibi
1358 2278 1516 2306 commissa
1534 2286 1540 2312 ;
1562 2280 1611 2306 sed
1627 2280 1725 2315 ipsum
1741 2283 1856 2310 Domini

149 2317 176 2334 τι
194 2306 279 2345 λέγω,
295 2308 408 2346 γέγονας
423 2311 502 2345 σῶμα
517 2311 689 2346 Δεσποτικὸν,
708 2311 792 2348 μέλος
807 2312 900 2351 ἐγένου
914 2318 978 2352 Χρι-

1038 2306 1138 2355 :oi‘pus
1152 2319 1205 2348 tibi
1222 2321 1421 2349 concreditum
1438 2325 1493 2350 est.
1504 2306 1573 2351 Pius
1590 2306 1663 2357 dico,
1682 2326 1743 2360 ipse
1759 2327 1856 2354 Domi-

149 2354 226 2379 ατοῦ·
242 2351 358 2380 ἐνεδύσω
374 2354 500 2390 Χριστὸν,
515 2355 583 2382 κατὰ
605 2356 655 2390 τὴν
679 2359 728 2383 τοῦ
743 2356 853 2386 Παύλου
870 2362 974 2398 φωνήν·

1038 2364 1130 2391 nicum
1157 2373 1276 2400 corpus,
1292 2367 1519 2402 membrumque
1542 2368 1651 2397 Christi
1666 2371 1785 2398 elfectus
1801 2380 1831 2399 es
1848 2381 1854 2400 :

149 2409 164 2422 (ι
181 2397 261 2425 ’Όσοι
277 2397 330 2435 γὰρ
345 2397 383 2429 εἷς
398 2398 512 2436 Χριστὸν
531 2396 739 2436 ἐϐαπτίσθησαν,
755 2396 975 2440 Χριστὸν-ἐνεδύ-

1038 2408 1177 2436 3hristum
1187 2410 1310 2437 induisti
1319 2411 1481 2438 secundum
1489 2411 1570 2439 Pauli
1581 2421 1678 2441 vocem
1690 2423 1696 2441 :
1708 2426 1722 2439 ‹‹
1734 2415 1858 2446 Quicun-

148 2451 239 2469 σαντο.
253 2454 267 2467 υ
283 2442 328 2476 Μὴ
341 2445 419 2480 γενοῦ
434 2444 487 2479 (4³)
501 2445 555 2471 τῶν
571 2446 619 2471 τοῦ
637 2447 754 2483 Χριστοῦ
769 2446 908 2485 προδότης
925 2460 975 2485 με-

1038 2460 1086 2487 ιιιε
1101 2454 1178 2480 enim
1194 2453 1223 2480 in
1236 2453 1351 2482 Christo
1364 2455 1500 2491 baptizati
1511 2459 1581 2484 sunt
1592 2442 1855 2489 Christumﬁindneﬁ-

149 2484 218 2514 λῶν.
233 2486 366 2524 Ὑπῆρξας
376 2489 424 2514 τοῦ
435 2487 590 2525 Πνιύματος
600 2489 640 2526 (5)
656 2489 877 2528 οἷκητήριον,καὶ
890 2484 974 2530 μέλος

1038 2484 1138 2525 :unt“.
1149 2509 1161 2524 ι
1173 2498 1213 2525 Ne
1224 2498 1265 2526 sis
1277 2484 1477 2528 membrorum
1488 2500 1593 2529 Christi
1607 2503 1855 2537 proditor.Factus

186 2557 210 2574 ⁸³
235 2557 320 2586 Deut.
345 2567 406 2595 vm,
430 2560 457 2588 3.
514 2560 617 2590 Matth.
647 2569 685 2596 ιν,
709 2563 745 2598 6;
772 2563 848 2593 Psal.
874 2574 919 2594 xc.
947 2567 978 2595 11

152 2592 175 2610 ³⁸
190 2592 285 2622 Galat.
301 2601 343 2629 ιιι,
358 2595 404 2623 27.

1046 2568 1069 2585 ³⁴
1092 2568 1194 2597 Matth.
1220 2577 1248 2597 IV
1269 2570 1304 2605 7;
1330 2570 1415 2599 Deut.
1437 2579 1477 2606 vr,
1505 2572 1548 2601 16.
1604 2574 1626 2591 ³⁵
1650 2575 1751 2603 Matth.
1769 2585 1806 2612 iv,
1826 2576 1854 2604 9.

186 2664 306 2720 gygen
321 2673 394 2695 mss.
418 2675 531 2696 omnes.
554 2669 630 2698 Editi
654 2678 731 2705 vero,
754 2670 977 2711 ἐπιπορευομένῳ

1038 2677 1110 2720 [ῃςεα
1125 2677 1225 2720 iidem,
1241 2676 1508 2720 pclapyoptav,_pr_o_
1515 2680 1749 2720 φιλοχρηματίαν.

151 2700 225 2754 πα)οὰ
239 2703 317 2729 Θεοῦ.
724 2700 730 2705 ’
837 2700 842 2710 ¹
904 2700 909 2711 ¹
958 2700 974 2711 τ

197 2736 244 2754 om
261 2739 300 2754 Ηα
318 2737 507 2754 Ann-mm“...—
525 2739 603 2754 1.....-
622 2741 718 2754 1..-.__
745 2744 825 2754 ..μιει
840 2745 858 2754 ,-

1127 2700 1225 2719 ..τμη
1243 2700 1431 2717 τηκτμρηη,
1449 2700 1770 2727 ,ιι-υχυιυλρημγτιιυιι.Ι

1067 2714 1106 2754 (ξ)
1128 2714 1175 2742 Sic
1199 2723 1271 2743 mss.
1296 2723 1409 2744 omnes.
1433 2717 1510 2746 Editl
1534 2727 1610 2754 vero,
1636 2730 1698 2750 τους
1725 2718 1853 2754 δουλους,

197 2736 244 2772 99)
260 2739 303 2766 tta
317 2737 509 2774 depravatum
525 2739 604 2769 hunc
622 2741 720 2771 locum
745 2744 928 2774 restituimua
943 2754 978 2775 ex
1033 2736 1119 2777 ωδ.Ῑέ-

155 2779 230 2800 mss.

187 2807 226 2822 Il\
242 2807 289 2822 az-
305 2817 366 2822 ..--
393 2809 468 2822 τιν-ηιξ
496 2811 525 2822 ,1
620 2811 625 2822 ι
712 2812 720 2822 9

1119 2784 1166 2822 Sic
1179 2793 1252 2822 mss.
1268 2787 1307 2822 _At
1321 2786 1403 2822 editi,
1418 2784 1615 2822 διεπιστεύθης.

242 2807 289 2851 §_ic
305 2817 377 2839 mss.
393 2809 480 2846 Editi,
495 2811 545 2851 τήγ
561 2811 693 2851 εραρέτραν
710 2812 834 2844 ἐκινωσε.

185 2807 226 2882 Et;
242 2807 289 2836 Sic
305 2817 377 2839 mss.
393 2809 480 2846 Editi,
495 2811 545 2846 τὴν
561 2811 693 2851 φαρέτραν
710 2812 834 2844 ἐκενωσε.

197 2844 215 2870 2
241 2844 312 2873 Mss.
329 2853 443 2882 omnes,
460 2845 679 2882 μεγαλοψυχίαν,
696 2858 748 2882 pro
774 2850 977 2882 μιγαλαυγίαν.

1070 2807 1430 2858 ὶίὶί)”νῖιίξζ”ἒίᾶἑυῖ“1ὲῖἰτῖ

1070 2856 1110 2882 (5)
1125 2856 1172 2882 Sin
1186 2865 1258 2882 mss.
1274 2857 1363 2882 Editi.
1377 2859 1426 2882 ’τοῦ

197 2844 226 2882 2)
241 2844 312 2873 Mss.
329 2853 443 2884 omnes,
460 2844 679 2888 μεγαλοῷὀχίάν,
694 2858 748 2887 pro
774 2850 977 2892 μεγαλαυχίαν.

1070 2856 1110 2893 (5)
1125 2856 1172 2886 Sic
1186 2856 1258 2886 fusa;
1274 2857 1363 2894 Editi,
1377 2859 1426 2885 τοῦ
1438 2860 1564 2899 Χριστοῦ.
