4092 6218
349 357 510 421 1093

1355 355 1618 419 SERMO
1662 350 1739 418 IN
1784 351 2398 418 ASSI’MPTIONEM
2449 352 2750 419 DOMINI.

3606 364 3634 421 1
3645 363 3766 426 094

343 488 660 546 τόπλαστον
720 486 818 559 ἔξω
877 487 1121 564 γενέσθαι
1163 493 1264 556 τῆς
1314 490 1410 540 τοῦ
1439 483 1766 560 παραδείσου
1796 487 2000 563 τρυφῆς

2130 487 2534 558 aole,antiquae
2569 489 2792 544 lraudis
2828 489 3343 545 machinamenta?
3367 489 3612 548 Ubinam
3645 493 3766 550 doli

344 580 756 653 κατηνάγκασας
793 597 804 609 ·
865 582 956 632 νῦν
1032 573 1110 645 δὲ,
1166 574 1262 630 κᾶν
1337 580 1511 631 πᾶσαν
1578 575 1824 649 κενώσῃς
1893 576 1994 642 τὴν

345 669 634 746 φαρέτραν,
683 667 818 722 κατὰ
865 669 1090 722 σεαυτοῦ
1154 663 1333 742 φέρεις
1385 668 1491 718 τῶν
1539 663 1879 736 τοξευμάτων
1933 662 1999 717 τὰ

349 756 616 833 βλήματα
646 759 778 829 (11).
818 761 925 810 [lci
957 775 1040 810 σοι
1091 751 1310 822 λοιπὸν,
1341 748 1588 824 διάϐολε,
1617 759 1717 822 τῆς
1765 751 1998 812 παλαιᾶς

344 845 559 916 ἀπάτης
587 846 654 900 τά
686 847 1102 921 μηχανήματα;
1139 840 1248 900 Ποῦ
1278 863 1362 897 σοι
1395 843 1424 896 6
1475 840 1806 920 σοφιστεύων
1851 837 1997 917 ὄφις,

346 936 438 991 ἱνα
484 937 584 1003 τήν
633 931 772 990 Εὕαν
822 934 1036 1010 χωρίσῃ
1074 937 1172 988 τοῦ
1200 928 1549 1008 παραδείσου,
1579 931 1664 999 τὸ,
1698 954 1726 982 ι(
1761 931 1827 999 ᾜ
1861 926 1906 983 δ’
1939 933 1997 983 ἂν

346 1025 534 1099 ἡμέρᾳ
582 1022 809 1101 φάγητε,
842 1018 1023 1077 ἔσεσθε
1071 1021 1145 1084 ὡς
1189 1021 1326 1090 θεοὶ,
1363 1044 1392 1073 ››
1445 1018 1999 1097 προσφθεγγόμενοςς

347 1113 579 1190 Γέγονάς
627 1114 743 1186 (12)
791 1132 886 1185 μοι
933 1115 1038 1166 τῶν
1101 1111 1312 1186 ἀγαθῶν
1379 1112 1668 1185 προφήτης
1728 1107 1998 1169 ἀκούσιος.

352 1202 454 1264 Aie
509 1201 614 1276 γὰρ
669 1200 807 1277 πρὸς
859 1200 1067 1268 ἀπάτην
1121 1197 1474 1274 ὑποσχέσεσιν
1530 1197 1774 1273 ἐχρήσω,
1805 1197 2000 1258 ταύτας

352 1289 446 1346 διὰ
501 1292 835 1368 πραγμάτων
897 1286 1186 1365 ἐκέρδανα·ο
1231 1287 1420 1363 γέγονέ
1478 1309 1569 1360 μοι
1629 1293 1731 1356 τῆς
1780 1285 2002 1362 ἐπαγγε-

352 1379 478 1442 Αίας
509 1382 544 1448 ὴ
579 1377 842 1457 φαντασία
890 1375 980 1432 διὰ
1023 1384 1126 1447 τῆς
1171 1376 1361 1451 πείρας
1409 1375 1662 1446 ἀλήθεια.
1695 1376 1760 1429 Ὢ
1793 1376 2003 1447 θαυμά-

347 1491 462 1524 των
522 1467 784 1522 ἀπίστωνο
819 1467 908 1521 καὶ
969 1466 1128 1537 ξένων
1181 1472 1280 1535 τῆς
1339 1466 1582 1540 φύσεωςί
1618 1465 1698 1526 οἷς
1753 1464 1781 1518 6
1838 1461 2005 1539 παρά-

351 1555 535 1618 δεισος
593 1554 943 1627 ἀπεκλείσθη,
988 1553 1202 1616 τούτοις
1247 1555 1275 1608 ὁ
1325 1552 1550 1627 οὐρανὸς
1601 1553 1883 1627 ἠνεῴχθη.
1943 1553 2006 1634 ξΟ

350 1647 464 1723 πρὸ
516 1645 751 1722 βραχέος
801 1644 890 1699 ἐπὶ
949 1641 1192 1698 Πιλάτου
1251 1641 1595 1718 κρινόμενος,
1647 1643 1884 1717 σήμερον
1953 1639 2003 1695 ἑν

350 1733 570 1811 οὐρανῷ
620 1735 812 1810 κριτής
861 1731 1240 1808 ἐνθρονίζεται.
1287 1732 1348 1788 Ὁ
1396 1730 1541 1804 παρὰ
1588 1730 1859 1787 Ἰουδαίων
1917 1749 2008 1804 γε-

353 1824 631 1897 λώμενος,
663 1821 722 1878 ἐκ
769 1819 956 1892 δεξιῶν
1012 1825 1110 1876 τοῦ
1169 1821 1375 1895 [ἰατρὸς
1433 1818 1519 1874 ἐπὶ
1569 1823 1673 1874 τῶν
1729 1813 2004 1894 χερουϐἱμ

351 1914 612 1985 κάθηται,
660 1909 861 1984 δήμοις
913 1909 1163 1985 ἀγγέλων
1217 1907 1556 1981 ὑμνούμενος
1793 1909 1848 1961 Ὁ
1884 1911 2003 1969 ταῖς

354 1999 680 2062 Ἰουδαϊκαῖς
737 2000 988 2061 ἀκάνθαις
1064 1999 1164 2067 τὴν
1237 1995 1478 2075 κεφαλὴν
1558 1995 2008 2074 στεφανούμενος,

357 2097 545 2160 θεϊκῆς
595 2089 742 2160 ἀξίας
791 2086 1088 2160 διαδήματι
1139 2087 1436 2165 σφίγγεται.
1471 2087 1535 2140 Ὦ.
1563 2085 1790 2148 ποσάκις
1840 2089 1874 2156 ἡ
1913 2090 2010 2141 τοῦ

358 2175 528 2234 Δαϐὶδ
578 2177 850 2254 ἐνηχοῦσα
897 2178 1013 2250 (14)
1063 2175 1258 2250 κιθάρα
1303 2175 1371 2229 τὰ
1415 2174 1654 2249 παρόντα
1701 2174 2008 2244 ἐθέσπιζενί

365 2268 585 2324 αΕἶπεν
637 2268 665 2321 6
721 2265 916 2340 Κύριος
975 2269 1054 2336 τῷ
1107 2263 1291 2340 Κυρίῳ
1348 2283 1472 2335 μου·
1510 2265 1682 2318 Κάθου
1723 2263 1782 2318 ἐκ
1825 2261 2010 2334 δεξιῶν

363 2377 494 2429 μου,
511 2353 614 2416 ἓως
636 2354 694 2410 ἂν
715 2358 793 2417 Θῶ
811 2352 938 2415 τοὺς
962 2352 1194 2429 ἐχθρούς
1227 2372 1323 2406 σου
1359 2349 1653 2407 ὑποπόδιον
1686 2357 1792 2407 τῶν
1827 2351 2009 2407 ποδῶν

359 2467 480 2502 σου.
515 2469 542 2497 η
578 2448 684 2498 Νῦν
733 2441 956 2514 άληθῶς
1007 2442 1188 2519 γέγονε
1227 2442 1293 2496 τά
1337 2442 1655 2518 κρούσματα
1701 2443 2009 2518 πράγματα·

356 2535 453 2590 καὶ
485 2533 518 2587 ’ἁ
543 2534 809 2608 πρότερον
862 2529 993 2586 ἰδεῖν
1039 2531 1092 2586 ἐν
1141 2529 1358 2605 μέλεσιν
1411 2530 1717 2605 ἐπεθύμησε
1743 2532 1880 2606 (15),
1911 2533 2014 2603 σή-

365 2640 530 2697 μερον
568 2620 701 2678 εἶδεν
735 2621 786 2676 ἐν
819 2621 1121 2696 πράγμασι·
1155 2622 1244 2675 καὶ
1272 2621 1459 2696 γέγονε
1514 2621 1694 2694 μελῶν
1744 2620 2016 2696 ὑπουργὸς

359 2711 606 2786 οὐρανὸς,
637 2711 728 2765 τὸν
759 2711 884 2785 παρ’
917 2709 1102 2782 ἐκείνῳ
1136 2709 1614 2782 μνημονευόμενον
1647 2715 1762 2771 τοῖς
1820 2709 2015 2773 νώτοις

361 2797 772 2875 ὑποδεχόμενος
807 2818 820 2830 ⁸
883 2798 1060 2853 καίτοι
1117 2799 1206 2852 καὶ
1284 2798 1410 2874 παρ’
1466 2796 1624 2852 αὐτὸν
1690 2798 1780 2852 τὸν
1857 2799 2018 2854 τόκον

2107 576 2312 632 artifex
2340 575 2438 632 ille
2467 593 2733 650 serpens,
2767 579 2863 649 qui
2894 579 3069 634 Evam
3103 580 3377 650 paradiso
3409 583 3618 654 exigat,
3645 584 3767 639 hmo

2105 663 2804 738 dicendozaouacunque
2834 667 2927 721 die
2957 669 3586 734 commederitis,eritis
3618 671 3771 728 sicut

2110 753 2232 808 dii?
2262 754 2326 808 ³⁸.
2353 775 2381 803 »
2396 754 2689 810 Bonorum
2723 755 2866 810 mihi
2901 757 3186 827 propheta
3218 758 3380 812 fuisti
3411 760 3497 814 vel
3531 760 3768 817 invitus.

2109 841 2332 905 Quibus
2362 842 2518 898 enim
2554 844 2625 898 ad
2666 844 2929 899 fraudem
2956 845 3264 915 promissis
3298 865 3441 902 usus
3473 850 3767 919 es,eadem

2111 929 2304 1001 reipsa
2335 930 2594 986 lucratus
2626 932 3200 1003 sumzpromissionis
3231 934 3541 1005 phantasia
3597 953 3768 1009 expe-

2112 1019 2361 1074 rimento
2407 1020 2554 1075 mihi
2605 1021 2816 1076 veritas
2847 1021 2976 1076 fuit.
3010 1021 3056 1076 Ο
3087 1023 3369 1078 miracula
3401 1024 3768 1082 incredibilia

2112 1107 2419 1179 alienaque
2449 1126 2482 1164 a
2514 1110 2740 1164 natura!
2765 1109 2987 1172 Quibus
3020 1111 3330 1182 paradisus
3362 1112 3602 1170 clausus
3635 1115 3769 1186 iuit,

2112 1196 2185 1251 iis
2249 1197 2459 1252 caelum
2527 1206 2795 1270 apertum
2845 1207 2950 1253 est.
3001 1200 3107 1266 Qui
3162 1201 3335 1271 paulo
3387 1209 3520 1257 ante
3569 1221 3765 1260 coram

2113 1284 2296 1340 Pilato
2316 1286 2516 1356 judice
2547 1292 2804 1353 steterat,
2826 1287 2997 1343 hodie
3029 1290 3086 1342 in
3120 1288 3262 1344 coelo
3293 1291 3468 1360 iudex
3487 1292 3766 1348 thronum

2115 1379 2377 1445 occupat.
2413 1373 2585 1437 Quia
2638 1376 2854 1430 Judaeis
2913 1378 3284 1446 irridebatur,
3342 1381 3412 1434 ad
3471 1381 3766 1437 dexteram

2117 1461 2301 1517 Patris
2328 1463 2492 1518 sedet
2523 1480 2700 1534 super
2722 1464 3024 1520 cherubim
3051 1473 3108 1521 et
3127 1467 3198 1522 ab
3222 1466 3565 1538 angelorum
3597 1470 3771 1526 turba

2116 1550 2349 1622 hymnis
2375 1551 2908 1623 celebratur.Cujus
2936 1554 3202 1611 Judaieis
3233 1557 3420 1626 spinis
3451 1563 3627 1629 caput
3668 1574 3762 1614 co-

2116 1646 2388 1695 ronatum
2440 1647 2547 1708 est,
2598 1642 2650 1697 is
2681 1642 2887 1698 divinae
2919 1643 3221 1716 dignitatis
3253 1645 3581 1702 diademate
3612 1648 3766 1703 redi-

2119 1729 2319 1784 mitur.
2348 1729 2391 1785 Ο
2421 1731 2656 1802 quoties
2687 1731 2926 1787 Davidis
2953 1733 3179 1788 cithara
3235 1750 3455 1790 sonans
3512 1736 3634 1792 haec
3694 1751 3764 1792 ex

2043 1865 2090 1931 Β
2121 1818 2321 1874 afﬂatu
2379 1819 2575 1874 divino
2633 1820 2929 1892 praedixit!
2968 1843 2994 1870 ιι
3031 1822 3182 1876 Dixit
3206 1822 3489 1880 Dominus
3522 1825 3767 1881 Domino

2121 1924 2251 1964 meo
2285 1924 2298 1962 :
2331 1909 2474 1964 Sede
2495 1926 2529 1964 a
2559 1909 2781 1965 dextris
2807 1911 2956 1966 meis
2991 1929 3003 1966 :
3037 1913 3221 1967 donec
3252 1930 3466 1984 ponam
3497 1915 3769 1971 inimicos

2117 2002 2253 2053 tuos
2283 1997 2607 2055 scabellum
2640 1999 2855 2070 pedum
2883 2005 3119 2056 tuorum
3151 2001 3213 2056 ³⁷.
3234 2024 3262 2052 ››
3283 2002 3413 2057 Jam
3448 2002 3618 2074 plane
3651 2003 3777 2075 pul-

2119 2086 2378 2144 sationes
2403 2104 2470 2142 ac
2501 2089 2630 2144 soni
2661 2087 2745 2142 illi
2774 2105 2866 2144 res
2896 2095 3071 2162 gesta
3102 2097 3242 2145 sunt
3274 2111 3286 2146 :
3323 2097 3379 2146 et
3412 2093 3570 2162 quod
3627 2094 3766 2150 olim

2120 2177 2180 2232 in
2201 2177 2445 2232 canticis
2468 2178 2658 2232 videre
2679 2177 3209 2249 concupivit,hodie
3229 2181 3584 2252 completum
3603 2181 3769 2238 vidit:

2123 2266 2348 2336 fuitque
2377 2264 2586 2320 calum
2619 2265 2981 2322 canticorum
3014 2267 3299 2337 minister,
3335 2287 3467 2325 cum
3502 2288 3634 2327 eum
3669 2271 3774 2342 qui

2124 2355 2279 2426 apud
2339 2359 2637 2412 cautorem
2699 2360 3061 2410 memoratur
3117 2358 3288 2413 dorso
3319 2361 3580 2432 suscepit
3613 2377 3769 2417 suo:

2124 2460 2462 2516 quanquam
2498 2449 2556 2498 et
2584 2445 2712 2515 ipso
2744 2448 2948 2514 partus
2978 2450 3238 2518 tempore
3268 2454 3604 2505 nascentem
3646 2456 3774 2505 tum

2125 2533 2412 2589 infantem
2444 2549 2546 2604 per
2575 2532 2807 2589 stellam
2840 2533 3048 2590 cmlum
3083 2538 3355 2608 respexit,
3411 2540 3579 2609 quasi
3643 2546 3777 2595 ante

2125 2628 2360 2694 tempus
2392 2622 2693 2680 festinaret
2723 2639 2855 2678 eum
2891 2625 3151 2695 excipere
3181 2626 3282 2696 qui
3306 2627 3363 2680 in
3396 2627 3674 2696 spelunca
3694 2626 3777 2683 la-

2123 2714 2300 2767 tabat.
2340 2711 2450 2766 Sed
2507 2713 2812 2784 oportebat
2867 2713 3200 2768 oeconomia
3257 2719 3519 2785 tempora
3577 2717 3776 2771 termi-

2127 2816 2352 2872 nosque
2382 2817 2620 2856 servari.

358 2887 589 2959 οὐρανὸς
647 2881 722 2940 ἔτι
773 2883 1079 2956 τικτομένῳ
1137 2880 1208 2936 δι’
1254 2881 1477 2958 ἀστέρος
1545 2881 1858 2956 ὑπέκυπτεν,
1911 2883 2092 2964 ὥσπερ
2160 2884 2510 2959 ἐπειγόμενος
2561 2886 2672 2958 (16)
2718 2884 2808 2939 καὶ
2865 2884 2972 2960 πρὸ
3029 2889 3220 2962 καιροῦ
3269 2883 3511 2956 δέξασθαι
3569 2886 3660 2944 τὸν
3721 2885 3775 2943 ἐν

361 2973 631 3046 σπηλαίῳ
661 2972 1056 3049 κρυπτόμενον.
1089 2969 1244 3026 Ἀλλ’
1275 2968 1382 3027 ἔδει
1410 2971 1536 3034 τοὺς
1564 2979 1664 3041 τῆς
1697 2972 2014 3048 οἰκονομίας
2044 2973 2266 3052 καιροὺς
2294 2974 2383 3028 καὶ
2415 2972 2574 3049 ὅρους
2604 2972 2980 3052 φυλάττεσθαι.

437 3069 490 3119 2.
535 3062 694 3135 Ἐμοὶ
747 3063 842 3134 μὲν
893 3060 1182 3134 θαυμάζειν
1231 3059 1519 3136 ἐπέρχεται
1571 3065 1688 3123 πῶς
1753 3063 1854 3130 τήν
1917 3069 2015 3119 τοῦ
2047 3086 2088 3152 C

365 3157 560 3228 γένους
611 3151 876 3226 αἰσχύνην
927 3150 1004 3212 εἰς
1057 3147 1294 3220 εὐδοξίαν
1341 3145 1622 3222 μετέϐαλε·
1654 3149 1828 3222 πόσην
1879 3149 2016 3206 Θεοῦ

370 3244 510 3316 πρὸς
583 3243 730 3314 ἡμᾶς
813 3238 1174 3316 ἀγανάκτησιν
1255 3238 1331 3301 εἷς
1415 3239 1672 3315 μεγίστην
1745 3238 2020 3314 εὐμένειαν

372 3328 600 3404 ἤνεγκεν
631 3373 642 3385 .
695 3323 968 3385 Ἕπλασεν
1031 3330 1178 3399 ἡμᾶς
1235 3327 1422 3402 χερσὶν
1505 3327 1730 3390 οἰκείαις
1788 3329 1816 3382 ὁ
1873 3329 2022 3401 Θεὸς,

375 3426 586 3497 τροφῆς
644 3415 1002 3492 αὐτοσχεδίου
1061 3418 1327 3490 κτήτορας
1383 3413 1568 3488 ἔδειξε,
1617 3423 1826 3494 τρυφῆς
1878 3416 2024 3488 ἐξου-

377 3509 518 3577 σίαν,
551 3514 655 3581 γῆς
707 3507 1000 3582 ὑπουργίαν
1051 3503 1272 3576 ἔδωκεν,
1311 3505 1468 3580 ἀέρος
1516 3503 1790 3576 δουλείαν,
1823 3504 2027 3570 θαλάτ-

374 3617 477 3667 της
524 3594 779 3670 εὐπορίαν
831 3595 1138 3670 παρέσχετο
1165 3596 1300 3668 (17),
1333 3592 1497 3664 ἡλίου
1549 3593 1741 3670 βολὰς,
1791 3593 2024 3666 σελήνης

377 3684 562 3759 αὐγάς,
639 3683 876 3756 ἀστέρων
948 3684 1142 3762 φορὰς,
1206 3683 1357 3752 ζώων
1434 3683 1653 3737 πάντων
1734 3683 2024 3760 ὑποταγάς.

379 3772 635 3849 Παρῆλθέ
662 3794 747 3835 τις
777 3773 829 3828 έν
864 3773 1012 3847 μέσῳ
1041 3770 1310 3844 πολέμιος
1342 3767 1654 3828 διαϐάλλων
1704 3772 1778 3834 εἰς
1830 3773 2026 3851 φθόνον

379 3865 536 3932 Θεὸν,
592 3859 798 3917 ἔπεισεν
847 3862 1104 3916 ἀπατῶν·
1152 3860 1356 3936 γίνεται
1398 3867 1496 3930 τῆς
1551 3860 1755 3917 ἐκείνου
1808 3859 2027 3937 μερίδος

379 3953 408 4007 ὁ
457 3951 839 4024 ἀπατώμενος,
897 3947 1165 4012 ἀντιθείας
1241 3949 1462 4020 ἐνόσησε
1529 3950 1724 4019 πάθος,
1786 3951 2028 4006 συνέθετο

379 4039 555 4114 λάθρα
602 4041 737 4095 κατὰ
783 4045 880 4094 τοῦ
928 4043 1086 4106 Θεοῦ,
1118 4037 1334 4093 ἐκτείνει
1376 4039 1478 4107 τὴν
1530 4045 1691 4115 χεῖρα
1737 4041 1872 4094 κατᾶ
1923 4044 2030 4095 τῶν

375 4135 476 4184 τοῦ
525 4135 658 4185 Θεοῦ
701 4129 1157 4205 προσταγμάτων.
1193 4126 1562 4206 Ἐπιιραίνεται
1612 4129 1766 4200 Θεὸς,
1814 4127 2028 4205 ἐλέγχει

376 4219 472 4280 τὰς
529 4218 882 4293 παρανόμους
940 4215 1187 4284 ἐλπίδας,
1237 4217 1429 4294 φεύγεε
1499 4220 1597 4287 τὴν
1659 4218 1776 4272 θέαν
1840 4220 1875 4288 ἡ
1933 4222 2030 4272 τοῦ

376 4307 566 4382 γένους
615 4307 790 4382 ἀρχὴ,
819 4306 909 4361 καὶ
956 4309 1294 4380 παραιτεῖται
1343 4305 1434 4360 τὸν
1480 4304 1728 4381 ἔλεγχον,
1762 4306 1866 4361 ὑπὸ
1915 4303 2029 4360 δέν·

379 4394 507 4472 ὅρον
534 4395 849 4472 κρύπτεται,
882 4389 1197 4472 φοϐουμένη
1228 4395 1319 4449 τὸν
1353 4393 1554 4449 κτύπον
1595 4396 1630 4464 ἡ
1678 4393 2032 4469 παρανόμους

2198 3068 2252 3120 2.
2286 3066 2355 3120 Et
2385 3064 2622 3136 quidem
2653 3064 2855 3120 mirari
2885 3065 3068 3136 subit,
3102 3081 3231 3138 qua
3265 3071 3426 3138 pacto
3459 3068 3639 3122 nostri
3673 3083 3778 3139 ge-

2133 3154 2288 3210 neris
2319 3153 2621 3209 infamiam
2653 3153 2714 3209 in
2743 3153 3022 3210 honorem
3067 3158 3416 3210 converterit
3447 3172 3459 3210 :
3496 3162 3776 3227 quantam

2131 3244 2192 3299 in
2214 3261 2320 3299 nos
2341 3244 2443 3298 Dei
2467 3242 3002 3315 indignationemin
3025 3248 3304 3315 quantam
3332 3245 3785 3301 benevolentiam

2133 3331 2729 3388 commutaverit.Nos
2762 3334 3037 3387 manibus
3066 3333 3191 3388 suis
3223 3333 3446 3388 eliinxit
3477 3333 3781 3402 Deus,cibi

2133 3426 2343 3492 sponte
2374 3422 2666 3477 nascentis
2701 3437 3068 3492 possessores
3098 3423 3421 3489 constituit,
3467 3421 3783 3494 voluptatis

2134 3510 2382 3582 capiam,
2437 3515 2600 3566 terrae
2633 3511 3026 3566 ministerium
3058 3510 3238 3580 dedit,
3273 3511 3425 3565 aeris
3453 3511 3779 3582 servitium,

2136 3598 2320 3654 maris
2349 3599 2580 3654 divitias
2611 3599 3038 3671 praebuit,solis
3063 3600 3277 3666 radios,
3303 3599 3452 3653 luna:
3471 3598 3781 3670 fulgorem,

2137 3692 2429 3744 astrorum
2455 3688 3080 3758 inﬂuxus,auimalium
3113 3688 3378 3742 omnium
3409 3687 3779 3756 obsequium.

2137 3777 2246 3832 Per
2275 3777 2534 3832 medium
2564 3777 2794 3831 transiit
2823 3776 3012 3832 hostis
3033 3776 3404 3846 quidam,qui
3428 3775 3612 3829 Deum
3638 3774 3782 3829 invi-

2137 3866 2246 3920 diaa
2279 3881 2564 3920 accusans
2596 3864 2728 3919 dolo
2758 3866 3070 3936 persuasit.
3103 3866 3188 3918 Ad
3221 3863 3381 3917 illius
3433 3868 3629 3932 partes
3685 3863 3783 3918 de-

2138 3961 2343 4024 ceptus
2371 3952 2467 4008 ille
2498 3953 3056 4023 transit,impietatis
3085 3953 3144 4007 in
3175 3952 3360 4007 Deum
3394 3952 3595 4006 morbo
3624 3951 3784 4008 labo-

2139 4048 2246 4108 rat,
2278 4048 2514 4114 pactum
2548 4040 2699 4096 clam
2750 4040 2862 4095 init
2907 4044 3107 4096 contra
3167 4042 3370 4108 Deum,
3425 4050 3624 4094 contra
3680 4039 3783 4095 Dei

2131 4132 2303 4201 jussa
2327 4147 2568 4185 manum
2591 4130 3130 4202 extendit.Apparet
3147 4129 3594 4200 Deus,iniquam
3618 4144 3784 4200 spem

2139 4219 2463 4289 confundit,
2499 4219 2646 4290 fugit
2695 4224 3072 4289 conspectum
3129 4219 3257 4290 ejus
3315 4218 3545 4290 generis
3600 4217 3785 4272 nostri

2141 4309 2323 4380 origo,
2382 4307 2622 4378 depellit
2669 4326 2703 4362 a
2733 4325 2796 4363 se
2825 4308 3068 4373 crimen,
3103 4310 3214 4364 sub
3240 4309 3446 4363 arbore
3476 4305 3786 4362 abscondi-

2140 4396 2590 4466 tur,met—uitque
2621 4399 3088 4468 strepitum,quzs
3117 4396 3405 4467 ﬂagitiose
3456 4397 3528 4450 de
3575 4394 3790 4450 deitate

379 4487 739 4564 εραντασθεῖσα
769 4483 1020 4554 θεότητα.
1056 4485 1173 4553 Τῆς
1205 4481 1293 4539 οὖν
1343 4482 1491 4554 ἀξίας
1537 4483 1827 4559 γυμνώσας
1875 4483 2017 4551 Θεὸς)

2139 4459 2440 4556 cogitarat.
2460 4459 2767 4540 Hominem
2801 4459 2996 4555 itaque
3025 4484 3180 4540 Deus
3194 4459 3317 4539 sua
3348 4483 3633 4556 dignitate
3662 4500 3795 4554 spo-

377 4575 677 4630 ἁπωθεῖται
725 4576 823 4628 τοῦ
871 4570 1198 4648 παραδείσου
1237 4573 1331 4627 τὸν
1378 4573 1682 4645 ἄνθρωπον,
1733 4573 2030 4647 μονονουχί

377 4669 603 4718 τοιαῦτα
630 4663 785 4738 ,πρὸς
832 4661 990 4716 αὐτὸν
1039 4660 1512 4740 ἀποφθεγγόμενος
1539 4680 1550 4693 ⁶
1607 4659 1722 4718 Οὐκ
1767 4660 1853 4716 ἐπὶ
1902 4660 2032 4716 ταύ-

377 4771 498 4815 ταις
547 4773 605 4807 σε
636 4754 749 4826 (18)
776 4756 894 4813 ταῖς
943 4749 1152 4806 ἐλπίσιν
1198 4748 1566 4823 ἐτεκτηνάμην
1613 4749 1742 4825 ἐγώ·
1780 4747 1901 4804 οὔτε
1943 4747 2034 4804 διὰ

380 4840 577 4904 ταύτας
640 4840 691 4896 ἐν
751 4846 867 4902 ταῖς
927 4840 1085 4916 χερσί
1148 4859 1251 4913 μου
1327 4838 1546 4900 ταύταις
1606 4836 1890 4911 διέπλασα,
1937 4839 2030 4896 τὸν

381 4929 562 5001 πηλὸν
623 4930 700 4993 εἰς
763 4929 920 5007 φύσιν
983 4927 1438 5006 μεταμορφώσεις.
1476 4927 1550 4982 Σὺ
1601 4926 1678 4997 δὲ,
1729 4930 1794 4998 ἢν
1843 4923 2033 4990 ἔλαϐες

456 5085 500 5119 ³⁸
529 5087 669 5142 Gen.
707 5101 791 5154 ιιι,
823 5085 879 5139 5.
956 5085 1002 5120 ³9
1033 5082 1184 5140 Psal.
1219 5100 1332 5153 cxx,
1367 5084 1417 5139 1.

459 5256 572 5328 (11)
601 5254 994 5326 Colbertinus,
1025 5253 1091 5307 τά
1121 5251 1506 5328 ἀκοντίσματα.

460 5325 573 5401 (12)
601 5325 1285 5401 ϐοιδοιῐίιιιι8,γεγονῴς.

460 5391 572 5486 (13)
599 5406 705 5486 ιιι(
718 5400 953 5485 Regius.
979 5391 1061 5486 'A'tl.
1091 5391 1634 5486 Colb.,'xs7idipsvoﬁ

393 5467 527 5543 po};
547 5467 1267 5543 ἆγγέλωίάνυμνούμενοςί
1286 5467 1348 5524 Ὀ
1374 5467 1516 5536 ταῖς,
1548 5472 1659 5543 etc.
1693 5467 1848 5543 Editi
1874 5483 2033 5543 vero,

429 5535 705 5613 ελώμένος
737 5535 966 5610 κάθηται
998 5535 1218 5613 δήμιος.
1253 5538 1310 5592 ‘0
1339 5543 1478 5607 ταῖς,
1503 5535 1758 5595 omissis
1808 5535 2034 5595 multis.

435 5608 570 5686 aulo
603 5617 753 5686 post:
786 5608 973 5684 Colb.,
1005 5608 1323 5686 διἀδῄμασι.

463 5684 576 5766 (14)
603 5679 694 5743 ita
723 5679 1026 5762 Regius’et
1053 5679 1209 5744 Colb.
1243 5683 1303 5741 in
1334 5681 1508 5741 editis
1539 5679 1810 5762 ἰνηχοῦσα
1848 5681 2034 5742 deest.

2141 4571 2346 4628 liatum
2382 4572 2544 4644 pellit
2576 4589 2644 4627 ex
2678 4573 2970 4644 paradiso,
3007 4579 3350 4644 tantumque
3383 4589 3496 4627 non
3529 4572 3610 4626 ita
3655 4588 3791 4626 eum

2141 4661 2513 4734 compellavit
2545 4678 2558 4718 :
2592 4661 2714 4718 Non
2748 4678 2852 4734 ego
2883 4663 2953 4716 ad
2991 4662 3331 4733 hujusmodi
3353 4678 3516 4733 spem
3551 4666 3604 4716 te
3654 4677 3792 4716 con-

2141 4751 2287 4818 didi,
2309 4768 2421 4807 non
2453 4752 2523 4806 ad
2556 4767 2684 4806 eam
2715 4767 2879 4822 spem
2909 4757 2962 4805 te
2994 4751 3268 4806 manibus
3300 4751 3445 4806 meis
3484 4748 3797 4816 et’l’inxi,lu-

2141 4846 2266 4894 tum
2301 4840 2725 4896 transl‘ormans
2768 4837 2827 4892 in
2885 4839 3136 4894 hominis
3183 4847 3472 4894 naturam.
3526 4839 3613 4894 Tu
3660 4851 3796 4892 vero

2145 4945 2322 5000 quam
2355 4947 2389 4984 a
2419 4945 2511 4984 me
2537 4926 2813 4998 accepisti
2847 4930 3572 4998 manum,contrajussum
3595 4942 3794 4982 meum

2217 5253 2331 5340 (ᾧ)
2360 5251 2542 5340 (3011),,
2569 5246 2695 5340 ᾖδεν
2728 5249 2790 5338 ιέν⁹
2817 5248 3026 5340 μέλεσι,
3059 5253 3317 5340 σήμερον.
3354 5253 3646 5340 Regcum

2145 5321 2242 5389 tis,
2278 5321 2502 5396 ἰδεῖνΑέν
2526 5321 2592 5395 μέ
2634 5321 3394 5396 εσιν-ἐπεθύμησε,⁷σήμερον.
3435 5321 3606 5396 Paulo
3639 5326 3797 5393 post,

2145 5397 2305 5464 editi,
2339 5393 2427 5447 καὶ
2456 5392 2706 5468 τὸνῗπαρ’
2736 5392 2951 5466 ἐκείνῳ,
2975 5392 3075 5451 Sed
3109 5396 3165 5450 in
3187 5392 3358 5468 Colb.
3380 5392 3480 5468 Δκαί
3531 5392 3714 5468 deest.

2245 5462 2330 5538 16)
2367 5470 2452 5522 Ita
2479 5467 2638 5538 Coib.
2659 5462 2820 5522 'Editi
2849 5462 2980 5523 vero
3011 5483 3145 5522 cum
3179 5467 3342 5538 Reg,
3376 5462 3734 5538 ἐπαγόμενος.

2243 5536 2329 5609 17)
2365 5537 2672 5612 Παρέσχετο
2703 5541 2867 5612 deest
2894 5540 2953 5612 in
2987 5538 3165 5610 Regio
3194 5536 3633 5612 etiColbertino.

2244 5612 2329 5678 18)
2363 5609 2454 5666 lta
2474 5609 2634 5681 corn,
2667 5615 2732 5666 In
2763 5610 2941 5669 editis
2967 5609 3125 5684 vero,
3156 5628 3214 5663 σε
3242 5609 3431 5665 deest.
