4092 6218
311 339 335 396 1
350 337 469 398 097

1310 336 1572 402 SERMO
1617 340 1693 400 IN
1738 334 2359 400 ASSUMPTIONEM
2407 334 2709 398 DOMINI.

3566 335 3722 399 1098

308 466 394 535 ὅς,
457 471 610 545 φωνῇ
667 468 760 530 τὰς
813 467 1039 546 νεφέλας
1107 466 1460 542 ὑποδραμὼν,
1539 468 1751 544 οὖρανῷ
1833 466 1956 543 περὶ

2074 468 2214 523 ccelo
2243 466 2657 524 interminatus
2690 473 2866 524 estne
2890 466 3316 539 plueret,atque
3338 468 3517 540 ligata
3547 469 3718 527 verbo

307 552 578 632 ἀϐροχίας
638 556 930 627 ἠπείλησε,
992 557 1079 611 καὶ
1139 557 1343 632 ῥήματι
1402 556 1565 628 δήσας
1623 560 1722 627 τὴν
1785 555 1955 611 κτίσιν

305 646 543 721 ἡνίοχος
580 651 686 700 τῶν
742 646 1029 722 στοιχείων
1079 645 1310 721 ἐγένετο,
1357 647 1575 722 γλώττῃ
1633 651 1799 720 μικρᾷ
1846 648 1959 719 (27)

308 738 413 804 τῆς
445 735 668 796 κτίσεως
728 734 1010 798 συστείλας
1066 736 1192 798 τοὺς
1242 736 1451 798 οἷἀκας.
1509 736 1638 791 Τότε
1696 736 1758 789 τὸ
1822 737 1959 809 μέγα

310 826 495 896 θαῦμα
552 820 813 879 δείκνυται
882 822 1162 898 ἄνθρωπον
1237 826 1462 899 οὑρανὸς
1543 824 1955 900 αἰσχυνόμενος·

306 912 402 967 ἳνα
425 914 527 987 γὰρ
556 915 630 985 μὴ
661 914 723 968 τὸ
771 919 867 969 τοῦ
913 911 1105 989 ἀνδρὸς
1138 914 1348 976 εὐτελὲς
1383 914 1665 988 ὑποκλέψῃ
1697 921 1796 983 τῆς
1825 914 1961 968 κατά

304 1007 409 1058 τοῦ
467 1002 692 1057 θανάτου
750 1002 906 1074 νίκης
963 1004 1062 1072 τὴν
1120 1002 1389 1076 αἶ’σθησιν,
1447 1004 1723 1080 γνώριμον
1798 1002 1955 1057 αὐτὸν

306 1094 529 1165 πρῶτον
602 1096 671 1165 τῇ
731 1094 842 1166 (28)
902 1090 1069 1147 κτίσει
1129 1091 1272 1168 πάσῃ
1323 1093 1637 1168 προτίθησι,
1696 1093 1786 1146 καὶ
1836 1093 1961 1145 τότε

305 1180 480 1255 πυρὸς
513 1180 758 1256 ὀχήματι
819 1177 1008 1243 ἐπιϐὰς
1056 1180 1343 1255 παραδόξῳ
1395 1183 1586 1251 πτήσει
1627 1182 1717 1235 καὶ
1767 1178 1958 1256 δρόμῳ

303 1269 458 1324 κάτω
512 1267 911 1343 καταλιμπάνει
968 1272 1060 1327 τὸν
1119 1272 1365 1335 θάνατον·
1422 1271 1511 1325 καὶ
1564 1269 1822 1325 ἀλλάσσει
1867 1269 1959 1324 τὸν

302 1357 478 1430 νόμον
532 1361 631 1427 τῆς
681 1360 893 1437 φύσεως
950 1362 985 1429 ἡ
1033 1358 1154 1431 ἀξία
1198 1367 1298 1430 τῆς
1345 1362 1589 1437 χάριτος.
1653 1358 1959 1437 Ἀνιλήφθη

300 1446 408 1523 γὰρ
469 1446 656 1510 Ἠλίας
715 1447 791 1511 ὠς
854 1448 927 1511 είς
982 1450 1074 1503 τὸν
1155 1448 1401 1524 οὐρανὸν,
1463 1450 1550 1504 καὶ
1609 1448 1866 1524 κέκραγεν
1921 1449 1955 1519 ἡ

304 1538 496 1612 Γραφὴ
528 1537 590 1591 τὸ
648 1538 846 1610 θαῦμα,
904 1542 1020 1600 τοῖς
1074 1536 1228 1600 ὅλοις
1273 1538 1432 1593 αἶ’ῶσι
1479 1541 1549 1603 τῆ
1602 1541 1755 1616 φωνῇ
1789 1556 1952 1610 παρα·

304 1623 621 1697 πέμπουσα.

384 1737 438 1791 4.
473 1733 548 1789 Σὺ
580 1731 638 1788 δέ
679 1755 771 1806 μοι
832 1734 1049 1807 λοιπὸν,
1108 1733 1380 1810 ἀγαπητέ,
1441 1741 1539 1804 τῆς
1604 1733 1801 1807 λέξεως
1858 1734 1955 1803 τὴν

306 1818 588 1897 ἀκρίϐειαν
648 1821 944 1894 σκόπησον·
1000 1824 1089 1878 καὶ
1151 1826 1224 1896 μή
1289 1844 1346 1878 σε
1394 1820 1625 1897 διαλάθῃ
1677 1817 1958 1888 συλλαϐῆς

305 1915 583 1991 γραφικῆς
632 1912 915 1987 περιουσία
968 1912 1057 1967 καὶ
1118 1910 1366 1986 δύναμις·
1418 1911 1558 1986 μηδὲ
1610 1915 1679 1986 τῇ
1722 1914 1821 1981 τῆς
1870 1910 1960 1967 λέ-

306 2003 441 2073 ξεως
498 1999 827 2078 παραδρομῇ
878 2006 957 2074 τῷ
1018 1999 1248 2076 δεσπότῃ
1302 2002 1392 2057 τὸν
1454 2001 1667 2073 οἰκέτην
1728 2000 1957 2077 νομίσῃς

306 2091 578 2164 ἰσότιμον·
636 2090 696 2145 οὐ
756 2090 856 2167 γὰρ
933 2089 1011 2152 εἷς
1087 2090 1311 2167 οὐρανὸν
1384 2090 1573 2152 Ἠλίας
1650 2090 1957 2165 ἀνέρχεται,

306 2178 455 2254 οὐδὲ,
508 2178 822 2254 διαδραμὼν
876 2181 938 2233 τὸ
996 2181 1297 2256 στερέωμα,
1355 2185 1470 2241 τοῖς
1523 2179 1690 2234 ἐκεῖσε
1722 2178 1958 2254 χωρίοις

302 2269 605 2338 αὐλίζεται·
660 2267 788 2324 ἀλλ’
832 2266 1085 2341 ἄκουσον,
1138 2267 1191 2323 τί
1239 2289 1400 2345 φησιν
1449 2270 1476 2321 6
1526 2267 1755 2343 ἀνάγων·
1815 2290 1840 2322 α
1870 2269 1956 2321 Ἐν

303 2356 366 2414 δὲ
395 2364 473 2431 τῷ
501 2358 710 2434 ἀνάγει)
772 2357 964 2434 Κύριον
1003 2359 1093 2411 τὸν
1149 2356 1365 2424 Ἠλίαν,
1426 2357 1498 2418 ὡς
1558 2356 1632 2417 εἷς
1678 2357 1768 2411 τὸν
1804 2356 1959 2431 οὖραο

302 2451 418 2504 νόν·
455 2471 481 2500 ››
513 2449 603 2502 καὶ
636 2447 800 2502 πάλιν
838 2446 1003 2523 μικρά
1034 2446 1198 2516 λέξις·
1234 2471 1261 2497 ‹‹
1321 2448 1551 2516 Ἔστησε
1608 2447 1699 2499 τὸν
1756 2442 1945 2501 Ἠλίαν

303 2540 446 2611 πρὸς
474 2537 541 2591 τὰ
570 2534 680 2590 ἅνω
712 2536 1022 2613 φερόμενον·
1059 2537 1246 2611 ’Δρκεῖ
1274 2534 1377 2610 γὰρ
1408 2539 1485 2606 τῷ
1506 2536 1763 2611 προφήτῃ
1792 2555 1959 2607 τιμη-

306 2629 469 2691 θῆναι
501 2630 578 2697 τῷ
609 2625 785 2697 τύπῳ.
821 2626 931 2699 Πρὸ
961 2626 1062 2701 γὰρ
1090 2629 1186 2680 τοῦ
1220 2621 1481 2679 δεσπότου
1511 2624 1602 2678 τὸν
1626 2623 1841 2694 οἰκέτην
1867 2624 1957 2678 οὐ·

307 2717 470 2793 ρανὸς
501 2714 607 2790 οὐχ
630 2711 978 2790 ὑποδέχεται·
1010 2738 1038 2767 ‹‹
1072 2711 1249 2775 οὐδεὶς
1279 2714 1380 2790 γὰρ
1413 2708 1741 2783 ἀναϐέϐηκεν
1768 2712 1843 2775 εἷς
1864 2714 1954 2769 τὸν

307 2806 536 2879 οὐρανὸν
569 2804 614 2858 εἷ
650 2804 725 2876 μή
785 2805 811 2858 6
844 2802 902 2858 ἐκ
953 2807 1050 2858 τοῦ
1092 2802 1326 2879 οὐρανοῦ
1356 2798 1616 2876 καταϐὰς,
1649 2803 1676 2856 ὁ
1708 2802 1831 2864 Υἱὸς
1862 2807 1957 2857 τοῦ

306 2894 620 2968 ἀνθρώπου,
681 2893 709 2946 6
772 2890 843 2945 ὥν
899 2891 949 2946 ἑν
999 2896 1079 2964 τῷ
1124 2891 1354 2968 οὐρανῷ.
1390 2916 1417 2943 ››
1450 2893 1732 2967 Ἐτηρεῖτο
1760 2891 1859 2967 γὰρ
1888 2894 1956 2966 τῇ

301 2987 413 3038 τῶν
444 2982 738 3057 ἀνθρώπων
774 2982 997 3056 ἀπαρχῇ
1030 2978 1117 3035 διὰ
1147 2980 1238 3035 τὸν
1267 2984 1375 3035 τῶν
1439 2979 1736 3054 ἀνθρώπων
1794 3002 1958 3051 ποιη-

299 3073 405 3139 τὴν
456 3071 484 3124 6
543 3069 790 3145 οὐρανός.
854 3068 1012 3126 Οὕτω
1074 3068 1168 3141 μὲν
1218 3067 1308 3123 οὖν
1348 3073 1467 3130 τοῖς
1498 3068 1621 3145 περὶ
1651 3069 1741 3123 τὸν
1775 3069 1958 3144 Ἑνὼχ

1989 1787 2037 1852 Β

2070 574 2264 613 rerum
2296 558 2737 630 natura,auriga
2769 558 3185 613 elementorum
3220 559 3408 615 factus
3439 562 3547 628 est,
3580 575 3718 615 eon-

2069 647 2271 701 tractis
2303 663 2479 718 parva
2508 665 2616 703 sua
2639 648 2842 720 lingua
2858 652 3259 703 creaturarum
3280 647 3719 721 gubernaculis.

2070 735 2219 790 Tum
2253 736 2473 806 grande
2502 736 2812 792 exhibetur
2842 736 3220 806 miraculum,
3252 738 3461 793 caelum
3497 754 3718 795 revere-

2070 828 2166 879 tur
2214 824 2512 880 hominem
2552 843 2563 879 :
2601 843 2734 880 nam
2788 840 2857 881 ne
2890 825 3149 881 hominis
3186 828 3444 883 tenuitas
3475 844 3718 884 sensum

2069 911 2324 967 victoria)
2380 914 2451 967 de
2514 918 2698 969 morte
2754 919 3060 985 reportatae
3118 916 3524 983 sufi‘uraretur,
3582 932 3717 971 eum

2069 1001 2259 1072 primo
2314 1002 2596 1057 creaturis
2654 1002 2929 1059 omnibus
2989 1009 3191 1060 notum
3240 1006 3447 1076 reddit,
3482 1023 3546 1060 ac
3590 1010 3716 1061 tum

2070 1089 2167 1145 ille
2198 1090 2448 1162 ignitum
2501 1092 2897 1147 conscendens
2927 1109 3189 1161 currum,
3224 1094 3475 1149 mirabili
3519 1093 3715 1151 volatu

2070 1185 2127 1233 et
2174 1196 2371 1248 cursu,
2424 1184 2670 1235 mortem
2720 1180 2873 1236 infra
2922 1181 3221 1254 relinquit,
3262 1188 3564 1255 mutatque
3613 1202 3714 1241 na-

2068 1274 2209 1324 tura;
2240 1268 2427 1341 legem
2459 1270 2711 1343 dignitas
2733 1272 3313 1345 gratim.Assumptus
3347 1292 3599 1345 namque
3629 1279 3719 1333 est

2068 1359 2264 1415 Helias
2294 1358 2462 1430 quasi
2514 1360 2573 1415 in
2630 1360 2861 1428 ccelum,
2897 1362 3314 1434 Scripturaque
3365 1364 3717 1421 miraculum

2068 1446 2470 1520 proclamavit,
2504 1449 2780 1506 omnibus
2811 1451 3005 1522 ipsum
3057 1452 3288 1508 saeculis
3318 1470 3452 1509 voce
3490 1453 3719 1526 signifi-

2068 1552 2227 1592 cans.

2139 1731 2190 1786 4.
2223 1732 2354 1788 Jam
2385 1736 2448 1789 tu
2484 1733 2650 1801 mihi,
2684 1734 2912 1803 dilecte,
2963 1736 3123 1793 vocis
3155 1737 3584 1794 accurationem
3631 1742 3715 1795 at-

2068 1822 2259 1889 tende,
2294 1839 2398 1878 nec
2435 1822 2541 1878 tibi
2588 1822 2807 1880 lateant
2849 1825 3156 1898 descripta)
3213 1826 3449 1898 syllabae
3505 1827 3717 1884 divitiae

2070 1914 2244 1982 atque
2290 1911 2478 1969 virtus
2520 1929 2533 1967 :
2592 1929 2782 1985 neque
2830 1913 3145 1971 dictionem
3195 1918 3716 1988 praetercurrendo,

2068 1998 2314 2056 Domino
2346 2017 2576 2056 servum
2610 2002 2830 2058 honore
2862 2020 3061 2076 parem
3093 2005 3541 2061 existimes.Non
3563 2007 3722 2062 enim

2070 2086 2131 2140 in
2164 2086 2371 2142 crelum
2405 2088 2599 2144 Helias
2630 2091 3108 2162 ascendit,neque
3134 2092 3571 2149 firmamentum
3600 2110 3724 2165 per-

2069 2176 2288 2231 vadens
2318 2177 2392 2232 iis
2424 2177 2481 2231 in
2515 2177 2659 2233 locis
2691 2179 2917 2234 habitat
2941 2181 3071 2249 ;sed
3106 2181 3241 2236 audi
3275 2183 3413 2253 quid
3439 2182 3723 2255 dicat,qui

2070 2281 2301 2319 sursum
2337 2265 2457 2337 agit
2490 2266 2655 2321 illum
2694 2285 2704 2321 :
2746 2290 2764 2317 ιι
2802 2268 2945 2323 Cum
2997 2274 3191 2325 autem
3242 2271 3493 2327 clevaret
3522 2271 3719 2327 Domi-

2072 2371 2181 2407 nus
2213 2353 2458 2421 Heliam,
2495 2356 2662 2425 quasi
2706 2356 2766 2411 in
2799 2356 3009 2412 cmlum
3041 2360 3085 2393 ‘0
3118 2375 3129 2412 :
3166 2382 3193 2409 »
3229 2365 3285 2414 et
3335 2378 3569 2417 rursum
3598 2360 3719 2417 haec

2070 2458 2301 2514 pauca:
2351 2444 2624 2499 «Statuit
2672 2444 2895 2501 Heliam
2946 2447 3003 2502 in
3050 2448 3232 2504 altum
3287 2456 3545 2506 evectum
3592 2450 3656 2506 ιι.
3690 2473 3718 2501 ››

2068 2531 2289 2586 Sufficit
2318 2530 2471 2587 enim
2506 2533 2802 2605 Propheta:
2827 2539 2891 2590 ut
2922 2536 3109 2609 figura
3155 2536 3488 2595 honoretur.
3519 2539 3719 2610 Siqui-

2068 2620 2199 2676 dem
2234 2620 2444 2675 ctelum
2482 2638 2593 2677 non
2626 2622 2882 2683 admittit
2911 2641 3141 2680 servum
3189 2632 3321 2682 ante
3355 2629 3667 2683 Dominum
3702 2646 3714 2683 :

2069 2726 2227 2779 nam,
2262 2733 2289 2759 ‹‹
2324 2726 2495 2765 nemo
2526 2711 2790 2767 ascendit
2820 2712 2878 2767 in
2928 2712 3160 2782 ccelum,
3196 2716 3309 2770 nisi
3344 2717 3439 2787 qui
3474 2718 3543 2772 de
3576 2716 3717 2774 cmlo

2069 2798 2374 2853 descendit
2404 2798 2588 2855 Filius
2620 2801 2766 2855 401
2803 2800 3186 2874 hominis,qui
3219 2808 3306 2858 est
3336 2804 3395 2859 in
3427 2805 3568 2860 coelo
3600 2806 3664 2863 ‘9.
3687 2827 3717 2855 ››

2070 2887 2497 2944 Reservabatur
2526 2890 2680 2945 enim
2714 2889 2924 2946 coelum
2945 2890 3249 2948 hominum
3289 2894 3567 2963 primitiis
3589 2912 3718 2967 pro-

2070 2980 2193 3045 pter
2222 2975 2530 3032 hominum
2582 2977 2963 3034 conditorem.
3000 2981 3199 3051 Itaque
3251 2982 3403 3038 Deus
3453 2982 3717 3055 exemplo

2069 3064 2285 3119 Enochi
2346 3070 2403 3121 et
2460 3065 2598 3122 Eliae
2654 3067 2806 3123 bona
2864 3085 2966 3140 spe
3022 3068 3290 3127 homines
3350 3072 3714 3144 exhilaravit,

301 3159 398 3215 καὶ
444 3157 630 3214 Ἠλίαν
694 3158 721 3212 ὀ
779 3158 907 3220 Θεὸς
960 3158 1132 3234 ἀγαθῇ
1194 3155 1376 3213 ἐλπίδι
1419 3156 1680 3236 εὐφράνας
1710 3156 1835 3218 τοὺς
1867 3158 1955 3211 ἀν-

2074 3152 2205 3225 quia
2234 3153 2501 3209 homines
2546 3172 2678 3211 cum
2712 3160 2928 3223 essent,
2962 3156 3079 3214 illis
3130 3159 3280 3214 aeris
3308 3176 3543 3215 cursum
3588 3178 3715 3233 per-

301 3249 579 3319 θρώπους,
614 3244 683 3302 δι’
715 3248 787 3301 ὧν
820 3246 1121 3320 ἀνθρώποις
1174 3247 1293 3301 οὖσι
1333 3248 1424 3302 τὸν
1472 3244 1568 3301 τοῦ
1618 3247 1772 3320 ἀέρος
1831 3242 1955 3319 δρό-

308 3359 412 3411 μον
475 3334 785 3407 ἱππήλατον
844 3333 1120 3405 ἥπλωσεν.
1178 3335 1255 3393 Οὐ
1316 3336 1421 3408 μὴν
1483 3336 1614 3409 ἄχρι
1663 3356 1725 3410 γε
1752 3333 1958 3389 τούτων

304 3425 499 3497 ἔστησε
526 3431 632 3480 τῶν
666 3426 797 3501 ὑπὲρ
826 3425 925 3493 τὴν
960 3423 1114 3501 φύσιν
1147 3425 1244 3492 τὴν
1283 3423 1485 3479 πίστιν·
1538 3421 1682 3478 ἀλλά
1730 3422 1819 3477 καὶ
1870 3419 1960 3477 διὰ

303 3520 411 3581 τῆς
468 3513 778 3591 καθημέραν
843 3513 1069 3587 θεωρίας
1119 3511 1308 3575 ἐθάδας
1353 3513 1596 3587 γενέσθαι
1656 3533 1958 3588 παρασκευο

309 3605 427 3673 ἀζει
457 3602 553 3659 τοῦ
585 3603 880 3677 θαύματος.
904 3602 963 3655 Τί
996 3604 1098 3677 γὰρ
1128 3607 1310 3671 ποιεῖς
1348 3600 1668 3679 Προστάττει
1705 3601 1796 3656 τὸν
1829 3623 1955 3676 συγ-

308 3692 519 3771 γραφέα
577 3692 770 3747 Μωσέα
827 3691 1208 3769 εἰκονογράφον
1266 3695 1366 3756 τῆς
1422 3690 1644 3753 κτίσεως
1720 3692 1959 3764 γενέσθαι

312 3784 403 3838 καὶ
438 3781 527 3837 διὰ
558 3789 759 3852 σκηνῆς
795 3782 1131 3855 μιμήσασθαι
1176 3781 1266 3835 τὸν
1316 3781 1552 3851 ποιητὴν
1601 3777 1955 3855 ἐγκελεύεται·

311 3879 415 3948 γῆς
474 3874 566 3946 μὲν
629 3871 858 3944 μίμημα
913 3871 1003 3925 καὶ
1057 3874 1165 3925 τῶν
1221 3870 1272 3924 έν
1322 3873 1391 3943 τῇ
1431 3870 1591 3943 γῇτὸ
1620 3873 1720 3934 τῆς
1754 3872 1960 3939 σκηνῆς

310 3961 604 4036 πρόσωπον
661 3959 1056 4036 Θεωρούμενον·
1113 3960 1179 4014 τὰ
1227 3957 1283 4013 δὲ
1325 3966 1424 4028 τῆς
1457 3965 1660 4029 σκηνῆς
1694 3955 1958 4031 ἐνδοτέρω

312 4050 649 4125 διατιιχίσας
720 4050 1165 4124 παραπετάσματι
1242 4048 1573 4123 (ἀνθρώποις
1628 4047 1959 4121 καταλείψας

309 4140 531 4196 ἀθέατον
563 4137 792 4214 οὐρανοῦ
819 4157 940 4192 τινα
966 4135 1159 4208 τάξιν),
1191 4139 1267 4207 τῷ
1319 4137 1395 4209 μή
1444 4136 1756 4213 φαινομένῳ
1808 4136 1957 4211 μέρει

314 4227 619 4303 χαρίζεται.
685 4224 842 4280 Ἀλλ’
901 4223 1073 4287 οὕτως
1125 4223 1354 4298 οὐρανοῦ
1407 4225 1497 4278 καὶ
1545 4229 1647 4297 γῆς
1708 4220 1797 4277 διὰ
1851 4226 1957 4276 τῶν

312 4316 617 4390 σχημάτων
661 4314 1034 4387 νομοθετήσας
1090 4313 1186 4381 τήν
1240 4311 1497 4385 μίμησιν,
1554 4312 1621 4366 τὰ
1668 4310 1717 4365 έν
1779 4308 1959 4382 ἀδύτῳ

310 4397 485 4457 ἃόατα
512 4400 675 4456 πάλιν
710 4400 1018 4474 ἀνθρώποις
1052 4399 1183 4453 εἶναι
1218 4398 1475 4469 θελήσας,
1513 4398 1664 4470 μόνῳ
1711 4401 1790 4469 τῷ
1822 4396 1963 4472 ἀρχ-

313 4489 641 4564 ιερατεῦοντι
671 4493 778 4544 τῶν
812 4486 1137 4565 ἀπορρήτων
1171 4485 1373 4560 ἀνοίγει
1419 4487 1517 4555 τήν
1579 4482 1811 4557 εἷ’σοδον,
1860 4492 1961 4554 τῆς

314 4579 393 4641 εἷς
425 4578 648 4654 οὐρανὸν
702 4574 898 4632 ἀνόδου
955 4577 1055 4645 τὴν
1101 4580 1198 4631 τοῦ
1243 4576 1365 4631 τότε
1416 4573 1715 4651 ἀρχιερέως
1751 4570 1961 4628 εἷ’σοδον

313 4673 558 4729 τυπικῶς
588 4666 969 4742 έργαζόμενος·
1017 4664 1130 4737 ’ίνα,
1185 4665 1417 4738 ὁρῶντες
1467 4664 1517 4719 οἱ
1570 4664 1693 4718 τότε
1732 4663 1822 4718 τὸν
1882 4661 1967 4717 οὐ·

315 4758 473 4833 ρανὸν
506 4756 560 4811 έν
586 4756 742 4827 τύπῳ
774 4752 1218 4827 διατεμνόμενον,
1262 4753 1351 4808 καὶ
1404 4754 1496 4807 τὸν
1556 4753 1814 4828 ἀρχιερέα
1874 4752 1968 4826 μό-

314 4868 409 4901 νον
440 4850 548 4900 τῶν
581 4840 792 4900 ἀϐάτων
822 4843 1267 4916 κατατολμῶντα,
1329 4843 1688 4919 προεθισθὼσι
1734 4845 1802 4915 τῇ
1854 4843 1969 4912 θέᾳ,

314 4935 407 4991 καὶ
464 4936 537 5007 μὴ
598 4932 885 5005 πολεμῶσι
943 4938 1060 4994 τοῖς
1108 4930 1360 5003 θαύμασι.
1395 4931 1609 4985 Τούτων
1646 4931 1967 5003 ὑπομιμνή-

321 5046 465 5079 σκων
525 5019 809 5081 Ἰουδαίοις
870 5022 897 5074 6
952 5018 1163 5081 Παῦλος
1200 5021 1227 5073 6
1257 5027 1355 5089 τῆς
1387 5019 1714 5092 οἰκουμένης
1747 5016 1969 5073 παιδευ-

316 5114 440 5182 τὴς,
474 5106 605 5165 ἐϐόα
631 5115 712 5182 τῷ
743 5110 1047 5184 γράμματι·
1081 5132 1107 5159 (ί
1138 5107 1229 5170 Εἷς
1267 5108 1358 5180 μέν
1412 5110 1512 5178 τήν
1558 5108 1782 5181 πρώτην
1834 5128 1971 5177 σκη-

318 5202 419 5270 νὴν
452 5198 540 5255 διὰ
598 5199 798 5260 παντὸς
844 5197 1069 5252 εἰσίασιν
1122 5197 1174 5251 οἱ
1203 5197 1366 5271 ἱερεῖς
1395 5198 1492 5260 τὰς
1527 5196 1776 5273 λατρείας
1803 5194 1976 5252 ἐπιτε-

322 5290 567 5351 λοῦντες·
625 5286 700 5351 είς
757 5285 815 5343 δὲ
868 5288 965 5356 τὴν
1028 5283 1275 5361 δευτέραν
1336 5285 1471 5358 ἅπαξ
1527 5290 1623 5341 τοῦ
1706 5284 1974 5356 ἐνιαυτοῦ,

398 5438 444 5473 ⁸ο
476 5435 550 5493 1V
579 5435 721 5506 Reg.
754 5450 815 5501 ιι,
850 5434 899 5489 1.
976 5434 1017 5468 ⁴¹
1055 5431 1194 5489 ibid.
1233 5433 1315 5489 11.
1392 5433 1437 5468 δ’
1464 5433 1629 5490 Joan.
1662 5446 1747 5502 ιιι,
1781 5432 1868 5489 13.

397 5582 527 5654 (2*7)⁸
546 5576 876 5654 ItaRegius
907 5579 966 5632 ct
994 5576 1366 5654 qubertinus
1398 5576 1615 5634 rectius
1646 5592 1823 5648 quam
1854 5575 1976 5632 edi-

328 5648 533 5727 ti,'qui
563 5648 805 5717 habent,
836 5648 864 5702 6
903 5651 1104 5722 μακρᾷ.

651 5777 916 5841 Pauor"
965 5776 1075 5840 σει.
1124 5774 1400 5842 XXVIII.

2067 3242 2227 3298 vium
2258 3243 2531 3299 reddidit.
2566 3244 2764 3317 Neque
2794 3250 2989 3302 tamen
3021 3264 3087 3303 eo
3130 3250 3411 3319 constitit,
3446 3256 3509 3305 ut
3540 3251 3715 3307 fidem

2068 3332 2234 3387 daret
2263 3332 2335 3387 iis
2370 3350 2494 3405 quae
2528 3338 2665 3388 sunt
2696 3350 2875 3407 supra
2906 3340 3199 3405 naturam,
3235 3340 3333 3393 sed
3370 3339 3715 3410 quotidiano

2069 3426 2308 3492 aspectu
2360 3421 2628 3478 homines
2659 3423 2944 3479 miraculo
2986 3442 3320 3483 assuescere
3352 3436 3534 3499 parat.
3569 3429 3713 3494 Quid

2068 3509 2225 3564 enim
2257 3510 2427 3582 agit?
2454 3510 2630 3568 Jubet
2660 3512 3005 3584 scriptorem
3038 3515 3234 3571 Mosen
3272 3516 3587 3589 imaginem
3623 3535 3711 3574 re-

2070 3615 2199 3654 rum
2233 3602 2559 3655 creatarum
2587 3601 2982 3673 depingere,et
3006 3620 3105 3674 per
3120 3605 3564 3661 tabernaculum
3590 3606 3716 3663 imi-

2069 3688 2174 3742 tari
2200 3687 2528 3745 Creatorem
2558 3708 2570 3757 ;
2598 3690 2679 3745 ita
2702 3695 2763 3746 ut
2786 3696 2950 3746 terrae
2983 3692 3221 3765 quidem
3244 3712 3309 3749 ac
3348 3699 3713 3753 terrenorum

2069 3778 2291 3848 effigies
2323 3778 2399 3833 sit
2449 3778 2811 3834 tabernaculi
2862 3780 3086 3837 facies:
3120 3781 3391 3837 interiora
3440 3801 3574 3839 vero
3624 3789 3716 3840 ta-

2069 3865 2535 3932 bernaculi,velis
2566 3868 2817 3924 obducta
2848 3869 3208 3939 (hominibus
3239 3872 3362 3927 coeli
3399 3874 3713 3943 quemdam

2070 3954 2334 4010 ordinem
2366 3955 2657 4011 occultum
2704 3956 3065 4029 relinquens)
3099 3960 3246 4030 parti
3280 3961 3404 4015 cceli
3440 3979 3565 4033 quae
3598 3980 3714 4018 non

2070 4048 2313 4115 apparet
2341 4044 2629 4099 attribuit.
2666 4046 2848 4115 Atque
2879 4046 2963 4101 sic
3013 4036 3141 4102 caeli
3173 4053 3455 4120 terraeque
3507 4051 3713 4125 imagi-

2070 4148 2201 4187 nem
2234 4131 2438 4204 figuris
2470 4132 3235 4208 adumbrarijubenl,atque
3264 4141 3462 4194 volens
3493 4145 3559 4195 ut
3589 4157 3716 4213 qua

2070 4220 2129 4275 in
2173 4220 2343 4292 adyto
2401 4224 2567 4276 erant
2626 4220 2963 4279 hominibus
3014 4223 3315 4281 inaccessa
3358 4233 3573 4296 essent,
3606 4228 3717 4284 soli

2070 4308 2327 4379 pontifici
2361 4313 2715 4364 secretorum
2748 4312 2937 4383 aperit
2966 4312 3295 4385 ingressum
3323 4334 3333 4369 :
3370 4317 3570 4389 sicque
3592 4319 3717 4374 effi-
3826 4304 3829 4305 ν

2071 4398 2149 4452 cit
2180 4401 2243 4452 ut
2290 4397 2594 4469 ingressus
2643 4400 2941 4471 pontificis
2988 4418 3268 4460 accensus
3298 4405 3355 4459 in
3407 4406 3616 4462 coelum
3646 4408 3723 4464 sit

2074 4486 2299 4557 ﬁgura;
2336 4490 2399 4541 ut
2446 4490 2588 4542 tunc
2619 4487 2823 4560 populi
2871 4489 3079 4546 cmlum
3134 4493 3393 4550 videntes
3425 4495 3483 4549 in
3534 4497 3723 4568 figura

2077 4580 2367 4647 apertum,
2401 4579 2457 4631 et
2477 4574 2667 4631 solum
2718 4577 3051 4647 pontificem
3085 4581 3155 4635 ad
3213 4581 3514 4640 inaccessa
3543 4602 3723 4657 pene-

2076 4668 2229 4719 trare
2287 4664 2624 4731 audentem,
2686 4665 3018 4736 spectaculo
3077 4670 3473 4743 assuefierent,
3532 4691 3725 4747 neque

2077 4752 2376 4809 miraculis
2406 4758 2821 4826 repugnarent.
2853 4754 2983 4811 Haec
3012 4757 3225 4814 Judeis
3255 4776 3725 4820 commemorans

2085 4842 2295 4897 Paulus
2326 4842 2528 4898 doctor
2557 4842 2737 4911 orbis,
2772 4843 2989 4915 scripto
3023 4845 3306 4904 exclamat
3340 4869 3350 4903 :
3392 4875 3411 4900 ε
3450 4852 3511 4907 In
3546 4854 3725 4924 priori

2082 4932 2317 5001 quidem
2350 4932 2727 4987 tabernaculo
2759 4948 2992 5005 semper
3020 4934 3341 4994 introibant
3371 4943 3728 5013 sacerdotes,

2081 5020 2503 5075 sacrificiorum
2549 5021 2740 5076 ofﬁcia
2788 5031 3316 5083 consummantes:
3363 5030 3423 5084 in
3471 5034 3729 5090 secundo

2082 5113 2276 5164 autem
2310 5110 2488 5163 semel
2524 5112 2581 5164 in
2615 5127 2770 5165 anno
2803 5110 2965 5167 solus
2997 5115 3271 5185 pontifex,
3292 5135 3406 5173 non
3439 5122 3564 5177 sine
3595 5140 3730 5179 san-

2084 5197 2282 5271 guine,
2320 5214 2496 5270 quem
2527 5198 2690 5254 ofiert
2721 5216 2825 5272 pro
2858 5217 2966 5257 sua
3007 5208 3064 5256 et
3094 5220 3197 5275 pro
3225 5207 3423 5277 populi
3450 5210 3734 5282 ignoran-

2086 5287 2182 5344 tia.
2217 5286 2485 5344 Christus
2515 5292 2707 5344 autem
2760 5290 3074 5347 adveniens
3106 5295 3363 5364 pontifex
3401 5298 3735 5357 futurorum

2130 5574 2289 5702 t(28)
2318 5574 2534 5647 Regius
2564 5578 2621 5630 et
2649 5574 2807 5631 Colb.
2861 5580 3075 5646 πρῶτον
3121 5582 3237 5639 τοῖς
3285 5580 3407 5653 περὶ
3456 5581 3612 5638 αὐτὸν
3669 5587 3739 5658 τῇ

2156 5663 2205 5702 Ο.

2095 5662 2205 5702 etc.

3336 5780 3414 5842 35
