  <div class='ocr_page' id='page_1' title='image "/cluster/home/n/w/nwhite01/storage/ocr_20150623/28/hvd.32044052794351/555.png"; bbox 0 0 4092 6218; ppageno 0'>
   <div class='ocr_carea' id='block_1_1' title="bbox 412 323 567 382">
    <p class='ocr_par' dir='ltr' id='par_1_1' title="bbox 412 323 567 382">
     <span class='ocr_line' id='line_1_1' title="bbox 412 323 567 382; baseline -0.013 0"><span class='ocrx_word' id='word_1_1' title='bbox 412 323 567 382; x_wconf 75' lang='grc'>1099</span> 
     </span>
    </p>
   </div>
   <div class='ocr_carea' id='block_1_2' title="bbox 1568 311 2655 376">
    <p class='ocr_par' dir='ltr' id='par_1_2' title="bbox 1568 311 2655 376">
     <span class='ocr_line' id='line_1_2' title="bbox 1568 311 2655 376; baseline 0 -4"><span class='ocrx_word' id='word_1_2' title='bbox 1568 311 1632 372; x_wconf 91' lang='lat' dir='ltr'><strong>S.</strong></span> <span class='ocrx_word' id='word_1_3' title='bbox 1681 311 2201 372; x_wconf 81' lang='lat' dir='ltr'><strong>ATHANASIUS.</strong></span> <span class='ocrx_word' id='word_1_4' title='bbox 2236 345 2314 356; x_wconf 90' lang='lat'><strong>-—</strong></span> <span class='ocrx_word' id='word_1_5' title='bbox 2344 311 2655 376; x_wconf 78' lang='lat' dir='ltr'><strong>SPUltlA.</strong></span> 
     </span>
    </p>
   </div>
   <div class='ocr_carea' id='block_1_3' title="bbox 3666 315 3834 375">
    <p class='ocr_par' dir='ltr' id='par_1_3' title="bbox 3666 315 3834 375">
     <span class='ocr_line' id='line_1_3' title="bbox 3666 315 3834 375; baseline -0.012 0"><span class='ocrx_word' id='word_1_6' title='bbox 3666 315 3834 375; x_wconf 79' lang='lat' dir='ltr'><strong>H00</strong></span> 
     </span>
    </p>
   </div>
   <div class='ocr_carea' id='block_1_4' title="bbox 410 441 2061 523">
    <p class='ocr_par' dir='ltr' id='par_1_4' title="bbox 410 441 2052 523">
     <span class='ocr_line' id='line_1_4' title="bbox 410 441 2052 523; baseline -0.009 -14"><span class='ocrx_word' id='word_1_7' title='bbox 410 454 720 518; x_wconf 89' lang='lat' dir='ltr'><strong>bonorum,</strong></span> <span class='ocrx_word' id='word_1_8' title='bbox 742 467 844 523; x_wconf 91' lang='lat' dir='ltr'><strong>per</strong></span> <span class='ocrx_word' id='word_1_9' title='bbox 874 446 1129 520; x_wconf 84' lang='lat' dir='ltr'><strong>amplius</strong></span> <span class='ocrx_word' id='word_1_10' title='bbox 1159 449 1216 502; x_wconf 90' lang='lat' dir='ltr'><strong>et</strong></span> <span class='ocrx_word' id='word_1_11' title='bbox 1239 441 1552 518; x_wconf 83' lang='lat' dir='ltr'><strong>perfectius</strong></span> <span class='ocrx_word' id='word_1_12' title='bbox 1583 441 2052 508; x_wconf 90' lang='lat' dir='ltr'><strong>tabernaculum,</strong></span> 
     </span>
    </p>
   </div>
   <div class='ocr_carea' id='block_1_5' title="bbox 2173 441 3834 523">
    <p class='ocr_par' dir='ltr' id='par_1_5' title="bbox 2178 441 3834 522">
     <span class='ocr_line' id='line_1_5' title="bbox 2178 441 3834 522; baseline 0.003 -28"><span class='ocrx_word' id='word_1_13' title='bbox 2178 441 2367 513; x_wconf 83' lang='grc' dir='ltr'><strong>μόνος,</strong></span> <span class='ocrx_word' id='word_1_14' title='bbox 2401 443 2428 495; x_wconf 89' lang='grc' dir='ltr'>ὁ</span> <span class='ocrx_word' id='word_1_15' title='bbox 2461 441 2770 518; x_wconf 83' lang='grc' dir='ltr'>ἀρχιερεὺς,</span> <span class='ocrx_word' id='word_1_16' title='bbox 2800 441 2861 497; x_wconf 79' lang='grc' dir='ltr'>οὐ</span> <span class='ocrx_word' id='word_1_17' title='bbox 2893 442 3069 518; x_wconf 82' lang='grc' dir='ltr'>χωρὶς</span> <span class='ocrx_word' id='word_1_18' title='bbox 3131 441 3384 516; x_wconf 69' lang='grc' dir='ltr'>αἵματος,</span> <span class='ocrx_word' id='word_1_19' title='bbox 3442 442 3472 498; x_wconf 75' lang='lat'><strong>6&#39;</strong></span> <span class='ocrx_word' id='word_1_20' title='bbox 3529 445 3834 522; x_wconf 67' lang='grc' dir='ltr'>προσφέρει</span> 
     </span>
    </p>
   </div>
   <div class='ocr_carea' id='block_1_6' title="bbox 407 531 2050 604">
    <p class='ocr_par' dir='ltr' id='par_1_6' title="bbox 407 531 2050 604">
     <span class='ocr_line' id='line_1_6' title="bbox 407 531 2050 604; baseline -0.007 -7"><span class='ocrx_word' id='word_1_21' title='bbox 407 560 525 597; x_wconf 88' lang='lat' dir='ltr'><strong>non</strong></span> <span class='ocrx_word' id='word_1_22' title='bbox 562 538 1052 604; x_wconf 85' lang='lat' dir='ltr'><strong>manufactum,id</strong></span> <span class='ocrx_word' id='word_1_23' title='bbox 1083 541 1194 604; x_wconf 90' lang='lat' dir='ltr'><strong>est,</strong></span> <span class='ocrx_word' id='word_1_24' title='bbox 1215 551 1329 590; x_wconf 91' lang='lat' dir='ltr'><strong>non</strong></span> <span class='ocrx_word' id='word_1_25' title='bbox 1363 533 1540 604; x_wconf 80' lang='lat' dir='ltr'><strong>hujus</strong></span> <span class='ocrx_word' id='word_1_26' title='bbox 1559 531 1908 589; x_wconf 87' lang='lat' dir='ltr'><strong>creaticnis:</strong></span> <span class='ocrx_word' id='word_1_27' title='bbox 1945 549 2050 586; x_wconf 89' lang='lat' dir='ltr'><strong>nc-</strong></span> 
     </span>
    </p>
   </div>
   <div class='ocr_carea' id='block_1_7' title="bbox 413 621 2060 703">
    <p class='ocr_par' dir='ltr' id='par_1_7' title="bbox 413 621 2060 703">
     <span class='ocr_line' id='line_1_7' title="bbox 413 621 2060 703; baseline -0.007 -16"><span class='ocrx_word' id='word_1_28' title='bbox 413 647 526 703; x_wconf 89' lang='lat' dir='ltr'><strong>que</strong></span> <span class='ocrx_word' id='word_1_29' title='bbox 559 648 660 703; x_wconf 91' lang='lat' dir='ltr'><strong>per</strong></span> <span class='ocrx_word' id='word_1_30' title='bbox 691 628 1037 701; x_wconf 89' lang='lat' dir='ltr'><strong>sanguinem</strong></span> <span class='ocrx_word' id='word_1_31' title='bbox 1060 631 1363 681; x_wconf 88' lang='lat' dir='ltr'><strong>taurorum</strong></span> <span class='ocrx_word' id='word_1_32' title='bbox 1380 629 1429 678; x_wconf 84' lang='lat' dir='ltr'><strong>et</strong></span> <span class='ocrx_word' id='word_1_33' title='bbox 1467 623 1764 677; x_wconf 78' lang='lat' dir='ltr'><strong>hircorum</strong></span> <span class='ocrx_word' id='word_1_34' title='bbox 1793 646 1806 689; x_wconf 89' lang='lat'><strong>;</strong></span> <span class='ocrx_word' id='word_1_35' title='bbox 1831 621 1929 676; x_wconf 91' lang='lat' dir='ltr'><strong>sed</strong></span> <span class='ocrx_word' id='word_1_36' title='bbox 1954 637 2060 692; x_wconf 90' lang='lat' dir='ltr'><strong>per</strong></span> 
     </span>
    </p>
   </div>
   <div class='ocr_carea' id='block_1_8' title="bbox 413 709 2058 791">
    <p class='ocr_par' dir='ltr' id='par_1_8' title="bbox 413 709 2058 791">
     <span class='ocr_line' id='line_1_8' title="bbox 413 709 2058 791; baseline -0.01 -17"><span class='ocrx_word' id='word_1_37' title='bbox 413 719 712 791; x_wconf 87' lang='lat' dir='ltr'><strong>proprium</strong></span> <span class='ocrx_word' id='word_1_38' title='bbox 745 715 1092 788; x_wconf 88' lang='lat' dir='ltr'><strong>sanguinem</strong></span> <span class='ocrx_word' id='word_1_39' title='bbox 1125 712 1382 767; x_wconf 77' lang='lat' dir='ltr'><strong>introivit</strong></span> <span class='ocrx_word' id='word_1_40' title='bbox 1407 711 1588 766; x_wconf 84' lang='lat' dir='ltr'><strong>semel</strong></span> <span class='ocrx_word' id='word_1_41' title='bbox 1621 710 1678 765; x_wconf 93' lang='lat' dir='ltr'><strong>in</strong></span> <span class='ocrx_word' id='word_1_42' title='bbox 1712 715 1915 764; x_wconf 82' lang='lat' dir='ltr'><strong>sancta</strong></span> <span class='ocrx_word' id='word_1_43' title='bbox 1931 709 1992 762; x_wconf 56' lang='lat' dir='ltr'><strong>i3.</strong></span> <span class='ocrx_word' id='word_1_44' title='bbox 2029 731 2058 758; x_wconf 83' lang='lat'>»</span> 
     </span>
    </p>
   </div>
   <div class='ocr_carea' id='block_1_9' title="bbox 413 799 2059 878">
    <p class='ocr_par' dir='ltr' id='par_1_9' title="bbox 413 799 2059 878">
     <span class='ocr_line' id='line_1_9' title="bbox 413 799 2059 878; baseline -0.007 -14"><span class='ocrx_word' id='word_1_45' title='bbox 413 811 483 864; x_wconf 82' lang='lat' dir='ltr'><strong>Et</strong></span> <span class='ocrx_word' id='word_1_46' title='bbox 503 825 738 864; x_wconf 82' lang='lat' dir='ltr'><strong>rursum</strong></span> <span class='ocrx_word' id='word_1_47' title='bbox 771 805 974 878; x_wconf 80' lang='lat' dir='ltr'><strong>paucis</strong></span> <span class='ocrx_word' id='word_1_48' title='bbox 1003 803 1324 873; x_wconf 89' lang='lat' dir='ltr'><strong>interjectis</strong></span> <span class='ocrx_word' id='word_1_49' title='bbox 1351 819 1362 855; x_wconf 91' lang='lat'>:</span> <span class='ocrx_word' id='word_1_50' title='bbox 1389 823 1418 850; x_wconf 82' lang='lat'><strong><em>«</em></strong></span> <span class='ocrx_word' id='word_1_51' title='bbox 1450 799 1571 855; x_wconf 91' lang='lat' dir='ltr'><strong>Non</strong></span> <span class='ocrx_word' id='word_1_52' title='bbox 1595 800 1749 854; x_wconf 88' lang='lat' dir='ltr'><strong>enim</strong></span> <span class='ocrx_word' id='word_1_53' title='bbox 1775 800 1832 853; x_wconf 92' lang='lat' dir='ltr'><strong>in</strong></span> <span class='ocrx_word' id='word_1_54' title='bbox 1857 803 2059 853; x_wconf 88' lang='lat' dir='ltr'><strong>sancta</strong></span> 
     </span>
    </p>
   </div>
   <div class='ocr_carea' id='block_1_10' title="bbox 413 887 2055 962">
    <p class='ocr_par' dir='ltr' id='par_1_10' title="bbox 413 887 2055 962">
     <span class='ocr_line' id='line_1_10' title="bbox 413 887 2055 962; baseline -0.005 -13"><span class='ocrx_word' id='word_1_55' title='bbox 413 898 748 952; x_wconf 86' lang='lat' dir='ltr'><strong>manufacta</strong></span> <span class='ocrx_word' id='word_1_56' title='bbox 779 894 1039 951; x_wconf 76' lang='lat' dir='ltr'><strong>introivit</strong></span> <span class='ocrx_word' id='word_1_57' title='bbox 1067 887 1716 962; x_wconf 80' lang='lat' dir='ltr'><strong>Christus,exemplaria</strong></span> <span class='ocrx_word' id='word_1_58' title='bbox 1744 903 2015 943; x_wconf 88' lang='lat' dir='ltr'><strong>verorum</strong></span> <span class='ocrx_word' id='word_1_59' title='bbox 2042 903 2055 955; x_wconf 88' lang='lat'><strong>;</strong></span> 
     </span>
    </p>
   </div>
   <div class='ocr_carea' id='block_1_11' title="bbox 410 975 2054 1057">
    <p class='ocr_par' dir='ltr' id='par_1_11' title="bbox 410 975 2054 1057">
     <span class='ocr_line' id='line_1_11' title="bbox 410 975 2054 1057; baseline -0.007 -15"><span class='ocrx_word' id='word_1_60' title='bbox 410 989 512 1043; x_wconf 90' lang='lat' dir='ltr'><strong>sed</strong></span> <span class='ocrx_word' id='word_1_61' title='bbox 543 987 600 1040; x_wconf 91' lang='lat' dir='ltr'><strong>in</strong></span> <span class='ocrx_word' id='word_1_62' title='bbox 634 987 828 1057; x_wconf 90' lang='lat' dir='ltr'><strong>ipsum</strong></span> <span class='ocrx_word' id='word_1_63' title='bbox 874 983 1103 1049; x_wconf 63' lang='lat' dir='ltr'><strong>celum,</strong></span> <span class='ocrx_word' id='word_1_64' title='bbox 1140 986 1202 1036; x_wconf 92' lang='lat' dir='ltr'><strong>ut</strong></span> <span class='ocrx_word' id='word_1_65' title='bbox 1233 983 1511 1052; x_wconf 89' lang='lat' dir='ltr'><strong>appareat</strong></span> <span class='ocrx_word' id='word_1_66' title='bbox 1541 994 1698 1034; x_wconf 90' lang='lat' dir='ltr'><strong>nunc</strong></span> <span class='ocrx_word' id='word_1_67' title='bbox 1728 975 1918 1033; x_wconf 84' lang='lat' dir='ltr'><strong>vultui</strong></span> <span class='ocrx_word' id='word_1_68' title='bbox 1951 976 2054 1032; x_wconf 87' lang='lat' dir='ltr'><strong>Dei</strong></span> 
     </span>
    </p>
   </div>
   <div class='ocr_carea' id='block_1_12' title="bbox 407 1076 869 1148">
    <p class='ocr_par' dir='ltr' id='par_1_12' title="bbox 407 1076 869 1148">
     <span class='ocr_line' id='line_1_12' title="bbox 407 1076 869 1148; baseline -0.006 -17"><span class='ocrx_word' id='word_1_69' title='bbox 407 1094 512 1148; x_wconf 91' lang='lat' dir='ltr'><strong>pro</strong></span> <span class='ocrx_word' id='word_1_70' title='bbox 542 1076 711 1130; x_wconf 90' lang='lat' dir='ltr'><strong>nobis</strong></span> <span class='ocrx_word' id='word_1_71' title='bbox 742 1076 806 1128; x_wconf 71' lang='lat'><strong>“.</strong></span> <span class='ocrx_word' id='word_1_72' title='bbox 841 1096 869 1123; x_wconf 83' lang='lat'>»</span> 
     </span>
    </p>
   </div>
   <div class='ocr_carea' id='block_1_13' title="bbox 2177 529 3825 610">
    <p class='ocr_par' dir='ltr' id='par_1_13' title="bbox 2177 529 3825 610">
     <span class='ocr_line' id='line_1_13' title="bbox 2177 529 3825 610; baseline 0.004 -27"><span class='ocrx_word' id='word_1_73' title='bbox 2177 529 2305 606; x_wconf 79' lang='grc' dir='ltr'>ὐπὶρ</span> <span class='ocrx_word' id='word_1_74' title='bbox 2360 531 2549 585; x_wconf 68' lang='grc' dir='ltr'>ἑαυτοῦ</span> <span class='ocrx_word' id='word_1_75' title='bbox 2578 531 2665 586; x_wconf 81' lang='grc' dir='ltr'><strong>καὶ</strong></span> <span class='ocrx_word' id='word_1_76' title='bbox 2696 537 2802 586; x_wconf 81' lang='grc' dir='ltr'><strong>τῶν</strong></span> <span class='ocrx_word' id='word_1_77' title='bbox 2830 537 2927 587; x_wconf 88' lang='grc' dir='ltr'><strong>τοῦ</strong></span> <span class='ocrx_word' id='word_1_78' title='bbox 2969 531 3105 587; x_wconf 88' lang='grc' dir='ltr'>λαοῦ</span> <span class='ocrx_word' id='word_1_79' title='bbox 3163 531 3542 610; x_wconf 86' lang='grc' dir='ltr'>ἀγνοημάτων.</span> <span class='ocrx_word' id='word_1_80' title='bbox 3587 534 3825 608; x_wconf 86' lang='grc' dir='ltr'>Χριστὸς</span> 
     </span>
    </p>
   </div>
   <div class='ocr_carea' id='block_1_14' title="bbox 2175 616 3828 699">
    <p class='ocr_par' dir='ltr' id='par_1_14' title="bbox 2175 616 3828 699">
     <span class='ocr_line' id='line_1_14' title="bbox 2175 616 3828 699; baseline 0.004 -26"><span class='ocrx_word' id='word_1_81' title='bbox 2175 616 2232 674; x_wconf 75' lang='grc' dir='ltr'>δὲ</span> <span class='ocrx_word' id='word_1_82' title='bbox 2259 620 2691 696; x_wconf 88' lang='grc' dir='ltr'>παραγενόμενος</span> <span class='ocrx_word' id='word_1_83' title='bbox 2735 621 3020 697; x_wconf 80' lang='grc' dir='ltr'>ἀρχιερεὺς</span> <span class='ocrx_word' id='word_1_84' title='bbox 3068 626 3176 676; x_wconf 81' lang='grc' dir='ltr'><strong>τῶν</strong></span> <span class='ocrx_word' id='word_1_85' title='bbox 3217 622 3534 695; x_wconf 82' lang='grc' dir='ltr'><strong>μελλόντων</strong></span> <span class='ocrx_word' id='word_1_86' title='bbox 3586 625 3828 699; x_wconf 82' lang='grc' dir='ltr'>ἀγαθῶν,</span> 
     </span>
    </p>
   </div>
   <div class='ocr_carea' id='block_1_15' title="bbox 2168 705 3828 788">
    <p class='ocr_par' dir='ltr' id='par_1_15' title="bbox 2168 705 3828 788">
     <span class='ocr_line' id='line_1_15' title="bbox 2168 705 3828 788; baseline 0.003 -26"><span class='ocrx_word' id='word_1_87' title='bbox 2168 705 2262 762; x_wconf 73' lang='grc' dir='ltr'>διὰ</span> <span class='ocrx_word' id='word_1_88' title='bbox 2293 712 2392 773; x_wconf 83' lang='grc' dir='ltr'><strong>τῆς</strong></span> <span class='ocrx_word' id='word_1_89' title='bbox 2428 709 2671 782; x_wconf 78' lang='grc' dir='ltr'><strong>μείζονος</strong></span> <span class='ocrx_word' id='word_1_90' title='bbox 2715 710 2800 766; x_wconf 88' lang='grc' dir='ltr'><strong>καὶ</strong></span> <span class='ocrx_word' id='word_1_91' title='bbox 2849 709 3189 787; x_wconf 67' lang='grc' dir='ltr'><strong>τελειοτέρας</strong></span> <span class='ocrx_word' id='word_1_92' title='bbox 3240 719 3466 782; x_wconf 76' lang='grc' dir='ltr'>σκηνῆς,</span> <span class='ocrx_word' id='word_1_93' title='bbox 3513 712 3576 766; x_wconf 83' lang='grc' dir='ltr'><strong>ού</strong></span> <span class='ocrx_word' id='word_1_94' title='bbox 3637 733 3828 788; x_wconf 85' lang='grc' dir='ltr'>χειρο-</span> 
     </span>
    </p>
   </div>
   <div class='ocr_carea' id='block_1_16' title="bbox 2169 797 3826 870">
    <p class='ocr_par' dir='ltr' id='par_1_16' title="bbox 2169 797 3826 870">
     <span class='ocr_line' id='line_1_16' title="bbox 2169 797 3826 870; baseline 0.004 -20"><span class='ocrx_word' id='word_1_95' title='bbox 2169 799 2425 868; x_wconf 74' lang='grc' dir='ltr'>πιιγςτου,</span> <span class='ocrx_word' id='word_1_96' title='bbox 2455 797 2755 870; x_wconf 69' lang='grc' dir='ltr'>τουτέστιν,</span> <span class='ocrx_word' id='word_1_97' title='bbox 2783 798 2842 854; x_wconf 82' lang='grc' dir='ltr'><strong>ού</strong></span> <span class='ocrx_word' id='word_1_98' title='bbox 2872 800 3072 870; x_wconf 90' lang='grc' dir='ltr'>ταύτης</span> <span class='ocrx_word' id='word_1_99' title='bbox 3122 807 3222 870; x_wconf 83' lang='grc' dir='ltr'><strong>τῆς</strong></span> <span class='ocrx_word' id='word_1_100' title='bbox 3266 800 3516 862; x_wconf 77' lang='grc' dir='ltr'><strong>κτίσεως·</strong></span> <span class='ocrx_word' id='word_1_101' title='bbox 3579 800 3705 856; x_wconf 68' lang='grc' dir='ltr'>οὐδὲ</span> <span class='ocrx_word' id='word_1_102' title='bbox 3755 801 3826 856; x_wconf 89' lang='grc' dir='ltr'>δι’</span> 
     </span>
    </p>
   </div>
   <div class='ocr_carea' id='block_1_17' title="bbox 2169 884 3824 964">
    <p class='ocr_par' dir='ltr' id='par_1_17' title="bbox 2169 884 3824 964">
     <span class='ocr_line' id='line_1_17' title="bbox 2169 884 3824 964; baseline 0.004 -25"><span class='ocrx_word' id='word_1_103' title='bbox 2169 884 2396 959; x_wconf 63' lang='grc' dir='ltr'>αἳματος</span> <span class='ocrx_word' id='word_1_104' title='bbox 2425 888 2636 962; x_wconf 89' lang='grc' dir='ltr'>ταύρων</span> <span class='ocrx_word' id='word_1_105' title='bbox 2670 889 2759 943; x_wconf 81' lang='grc' dir='ltr'><strong>καὶ</strong></span> <span class='ocrx_word' id='word_1_106' title='bbox 2788 890 3020 964; x_wconf 76' lang='grc' dir='ltr'>τράγωνο</span> <span class='ocrx_word' id='word_1_107' title='bbox 3056 886 3145 944; x_wconf 81' lang='grc' dir='ltr'><strong>διὰ</strong></span> <span class='ocrx_word' id='word_1_108' title='bbox 3175 887 3231 944; x_wconf 75' lang='grc' dir='ltr'>δὲ</span> <span class='ocrx_word' id='word_1_109' title='bbox 3259 895 3358 945; x_wconf 92' lang='grc' dir='ltr'><strong>τοῦ</strong></span> <span class='ocrx_word' id='word_1_110' title='bbox 3391 887 3534 944; x_wconf 84' lang='grc' dir='ltr'>ίδίου</span> <span class='ocrx_word' id='word_1_111' title='bbox 3567 889 3824 963; x_wconf 70' lang='grc' dir='ltr'>αἳματος,</span> 
     </span>
    </p>
   </div>
   <div class='ocr_carea' id='block_1_18' title="bbox 2169 975 3833 1057">
    <p class='ocr_par' dir='ltr' id='par_1_18' title="bbox 2169 975 3833 1057">
     <span class='ocr_line' id='line_1_18' title="bbox 2169 975 3833 1057; baseline 0.004 -27"><span class='ocrx_word' id='word_1_112' title='bbox 2169 975 2417 1041; x_wconf 77' lang='grc' dir='ltr'>εἰσῆλθεν</span> <span class='ocrx_word' id='word_1_113' title='bbox 2477 975 2679 1055; x_wconf 68' lang='grc' dir='ltr'>ἐφάπαξ</span> <span class='ocrx_word' id='word_1_114' title='bbox 2738 977 2813 1040; x_wconf 79' lang='grc' dir='ltr'>εἰς</span> <span class='ocrx_word' id='word_1_115' title='bbox 2871 979 2938 1033; x_wconf 77' lang='grc' dir='ltr'>τὰ</span> <span class='ocrx_word' id='word_1_116' title='bbox 2996 980 3139 1054; x_wconf 79' lang='grc' dir='ltr'>ἅγια.</span> <span class='ocrx_word' id='word_1_117' title='bbox 3198 979 3297 1034; x_wconf 83' lang='grc' dir='ltr'>Καὶ</span> <span class='ocrx_word' id='word_1_118' title='bbox 3328 977 3496 1034; x_wconf 88' lang='grc' dir='ltr'>πάλιν</span> <span class='ocrx_word' id='word_1_119' title='bbox 3528 981 3665 1052; x_wconf 82' lang='grc' dir='ltr'><strong>μετά</strong></span> <span class='ocrx_word' id='word_1_120' title='bbox 3698 981 3833 1057; x_wconf 85' lang='grc' dir='ltr'>βρα-</span> 
     </span>
    </p>
   </div>
   <div class='ocr_carea' id='block_1_19' title="bbox 2169 1063 3830 1146">
    <p class='ocr_par' dir='ltr' id='par_1_19' title="bbox 2169 1063 3830 1146">
     <span class='ocr_line' id='line_1_19' title="bbox 2169 1063 3830 1146; baseline 0.003 -27"><span class='ocrx_word' id='word_1_121' title='bbox 2169 1063 2293 1139; x_wconf 81' lang='grc' dir='ltr'><strong>χὲα·</strong></span> <span class='ocrx_word' id='word_1_122' title='bbox 2329 1089 2358 1117; x_wconf 91' lang='grc'><strong>‹‹</strong></span> <span class='ocrx_word' id='word_1_123' title='bbox 2390 1064 2464 1119; x_wconf 85' lang='grc' dir='ltr'><strong>Οὐ</strong></span> <span class='ocrx_word' id='word_1_124' title='bbox 2491 1067 2594 1142; x_wconf 80' lang='grc' dir='ltr'><strong>γὰρ</strong></span> <span class='ocrx_word' id='word_1_125' title='bbox 2627 1065 2702 1128; x_wconf 80' lang='grc' dir='ltr'><strong>εἷς</strong></span> <span class='ocrx_word' id='word_1_126' title='bbox 2735 1066 3100 1142; x_wconf 76' lang='grc' dir='ltr'><strong>χειροποίητα</strong></span> <span class='ocrx_word' id='word_1_127' title='bbox 3132 1069 3255 1142; x_wconf 80' lang='grc' dir='ltr'>ἅγια</span> <span class='ocrx_word' id='word_1_128' title='bbox 3304 1065 3551 1133; x_wconf 81' lang='grc' dir='ltr'>εἰσῆλθεν</span> <span class='ocrx_word' id='word_1_129' title='bbox 3615 1070 3644 1123; x_wconf 79' lang='grc' dir='ltr'>ὁ</span> <span class='ocrx_word' id='word_1_130' title='bbox 3691 1075 3830 1146; x_wconf 84' lang='grc' dir='ltr'>Χρι-</span> 
     </span>
    </p>
   </div>
   <div class='ocr_carea' id='block_1_20' title="bbox 411 1151 3829 1236">
    <p class='ocr_par' dir='ltr' id='par_1_20' title="bbox 411 1151 3829 1236">
     <span class='ocr_line' id='line_1_20' title="bbox 411 1151 3829 1236; baseline -0.001 -19"><span class='ocrx_word' id='word_1_131' title='bbox 411 1164 556 1232; x_wconf 82' lang='grc' dir='ltr'>στὸς,</span> <span class='ocrx_word' id='word_1_132' title='bbox 589 1161 848 1216; x_wconf 77' lang='grc' dir='ltr'>ἀντίτυπα</span> <span class='ocrx_word' id='word_1_133' title='bbox 893 1180 1002 1214; x_wconf 91' lang='grc' dir='ltr'><strong>των</strong></span> <span class='ocrx_word' id='word_1_134' title='bbox 1058 1157 1349 1228; x_wconf 80' lang='grc' dir='ltr'><strong>ἀληθινῶν·</strong></span> <span class='ocrx_word' id='word_1_135' title='bbox 1381 1153 1508 1210; x_wconf 85' lang='grc' dir='ltr'>ἀλλ’</span> <span class='ocrx_word' id='word_1_136' title='bbox 1538 1154 1615 1216; x_wconf 77' lang='grc' dir='ltr'>εἰς</span> <span class='ocrx_word' id='word_1_137' title='bbox 1664 1152 1822 1208; x_wconf 75' lang='grc' dir='ltr'>αὐτὸν</span> <span class='ocrx_word' id='word_1_138' title='bbox 1875 1152 1966 1207; x_wconf 85' lang='grc' dir='ltr'><strong>τὸν</strong></span> <span class='ocrx_word' id='word_1_139' title='bbox 2023 1151 2244 1228; x_wconf 77' lang='grc' dir='ltr'>οὐρανὸν</span> <span class='ocrx_word' id='word_1_140' title='bbox 2301 1157 2391 1207; x_wconf 90' lang='grc' dir='ltr'><strong>νῦν</strong></span> <span class='ocrx_word' id='word_1_141' title='bbox 2450 1152 2866 1232; x_wconf 68' lang='grc' dir='ltr'>ἐμφανισθῆναι.</span> <span class='ocrx_word' id='word_1_142' title='bbox 2898 1160 2976 1228; x_wconf 84' lang='grc' dir='ltr'>τῷ</span> <span class='ocrx_word' id='word_1_143' title='bbox 3027 1157 3318 1233; x_wconf 83' lang='grc' dir='ltr'><strong>προσώπῳ</strong></span> <span class='ocrx_word' id='word_1_144' title='bbox 3375 1161 3473 1212; x_wconf 90' lang='grc' dir='ltr'><strong>τοῦ</strong></span> <span class='ocrx_word' id='word_1_145' title='bbox 3521 1161 3658 1214; x_wconf 92' lang='grc' dir='ltr'>Θεοῦ</span> <span class='ocrx_word' id='word_1_146' title='bbox 3689 1158 3829 1236; x_wconf 68' lang='grc' dir='ltr'>ὑπὲρ</span> 
     </span>
    </p>
   </div>
   <div class='ocr_carea' id='block_1_21' title="bbox 501 1272 659 1306">
    <p class='ocr_par' dir='ltr' id='par_1_21' title="bbox 501 1272 659 1306">
     <span class='ocr_line' id='line_1_21' title="bbox 501 1272 659 1306; baseline -0.013 -3"><span class='ocrx_word' id='word_1_147' title='bbox 501 1272 570 1306; x_wconf 88' lang='grc' dir='ltr'><strong>ων</strong></span> <span class='ocrx_word' id='word_1_148' title='bbox 583 1295 594 1306; x_wconf 94' lang='grc'><strong>.</strong></span> <span class='ocrx_word' id='word_1_149' title='bbox 631 1274 659 1301; x_wconf 91' lang='grc'><strong>›)</strong></span> 
     </span>
    </p>
   </div>
   <div class='ocr_carea' id='block_1_22' title="bbox 411 1254 2062 1407">
    <p class='ocr_par' dir='ltr' id='par_1_22' title="bbox 411 1254 2062 1407">
     <span class='ocr_line' id='line_1_22' title="bbox 501 1272 659 1306; baseline 0.019 -3"><span class='ocrx_word' id='word_1_150' title='bbox 501 1272 594 1306; x_wconf 85' lang='grc' dir='ltr'>ων.</span> <span class='ocrx_word' id='word_1_151' title='bbox 631 1274 659 1301; x_wconf 71' lang='grc' dir='ltr'><strong>ὶ)</strong></span> 
     </span>
     <span class='ocr_line' id='line_1_23' title="bbox 411 1254 2062 1407; baseline -0.005 -13"><span class='ocrx_word' id='word_1_152' title='bbox 411 1254 534 1396; x_wconf 67' lang='grc' dir='ltr'><strong>ἡμῦ.</strong></span> <span class='ocrx_word' id='word_1_153' title='bbox 571 1341 654 1395; x_wconf 83' lang='lat' dir='ltr'><strong>ita</strong></span> <span class='ocrx_word' id='word_1_154' title='bbox 684 1339 842 1394; x_wconf 90' lang='lat' dir='ltr'><strong>novit</strong></span> <span class='ocrx_word' id='word_1_155' title='bbox 870 1337 1048 1407; x_wconf 88' lang='lat' dir='ltr'><strong>;Deus</strong></span> <span class='ocrx_word' id='word_1_156' title='bbox 1078 1336 1168 1392; x_wconf 87' lang='lat' dir='ltr'><strong>vel</strong></span> <span class='ocrx_word' id='word_1_157' title='bbox 1219 1334 1426 1407; x_wconf 84' lang='lat' dir='ltr'><strong>ﬁguris</strong></span> <span class='ocrx_word' id='word_1_158' title='bbox 1475 1331 1833 1389; x_wconf 81' lang='lat' dir='ltr'><strong>confundere</strong></span> <span class='ocrx_word' id='word_1_159' title='bbox 1876 1331 2062 1386; x_wconf 88' lang='lat' dir='ltr'><strong>incre-</strong></span> 
     </span>
    </p>
   </div>
   <div class='ocr_carea' id='block_1_23' title="bbox 411 1418 2063 1496">
    <p class='ocr_par' dir='ltr' id='par_1_23' title="bbox 411 1418 2063 1496">
     <span class='ocr_line' id='line_1_24' title="bbox 411 1418 2063 1496; baseline -0.007 -12"><span class='ocrx_word' id='word_1_160' title='bbox 411 1429 602 1496; x_wconf 88' lang='lat' dir='ltr'><strong>dulos,</strong></span> <span class='ocrx_word' id='word_1_161' title='bbox 636 1434 692 1482; x_wconf 91' lang='lat' dir='ltr'><strong>et</strong></span> <span class='ocrx_word' id='word_1_162' title='bbox 724 1425 1026 1482; x_wconf 83' lang='lat' dir='ltr'><strong>miraculis</strong></span> <span class='ocrx_word' id='word_1_163' title='bbox 1060 1423 1344 1480; x_wconf 89' lang='lat' dir='ltr'><strong>miracula</strong></span> <span class='ocrx_word' id='word_1_164' title='bbox 1373 1422 1742 1478; x_wconf 81' lang='lat' dir='ltr'><strong>conﬁrmare.</strong></span> <span class='ocrx_word' id='word_1_165' title='bbox 1783 1420 1876 1474; x_wconf 90' lang='lat' dir='ltr'><strong>Sic</strong></span> <span class='ocrx_word' id='word_1_166' title='bbox 1904 1418 2063 1474; x_wconf 86' lang='lat' dir='ltr'><strong>Chri-</strong></span> 
     </span>
    </p>
   </div>
   <div class='ocr_carea' id='block_1_24' title="bbox 411 1509 2060 1583">
    <p class='ocr_par' dir='ltr' id='par_1_24' title="bbox 411 1509 2060 1583">
     <span class='ocr_line' id='line_1_25' title="bbox 411 1509 2060 1583; baseline -0.007 -9"><span class='ocrx_word' id='word_1_167' title='bbox 411 1526 535 1574; x_wconf 86' lang='lat' dir='ltr'><strong>stus</strong></span> <span class='ocrx_word' id='word_1_168' title='bbox 567 1517 831 1575; x_wconf 83' lang='lat' dir='ltr'><strong>ascendit</strong></span> <span class='ocrx_word' id='word_1_169' title='bbox 877 1515 938 1570; x_wconf 92' lang='lat' dir='ltr'><strong>in</strong></span> <span class='ocrx_word' id='word_1_170' title='bbox 968 1514 1178 1569; x_wconf 77' lang='lat' dir='ltr'><strong>cmlum</strong></span> <span class='ocrx_word' id='word_1_171' title='bbox 1212 1530 1225 1567; x_wconf 92' lang='lat'>:</span> <span class='ocrx_word' id='word_1_172' title='bbox 1261 1512 1345 1568; x_wconf 90' lang='lat' dir='ltr'><strong>sic</strong></span> <span class='ocrx_word' id='word_1_173' title='bbox 1393 1512 1613 1583; x_wconf 77' lang='lat' dir='ltr'><strong>figuras</strong></span> <span class='ocrx_word' id='word_1_174' title='bbox 1644 1511 1775 1582; x_wconf 83' lang='lat' dir='ltr'><strong>ipsa</strong></span> <span class='ocrx_word' id='word_1_175' title='bbox 1820 1509 2060 1564; x_wconf 79' lang='lat' dir='ltr'><strong>veritate</strong></span> 
     </span>
    </p>
   </div>
   <div class='ocr_carea' id='block_1_25' title="bbox 411 1597 2060 1678">
    <p class='ocr_par' dir='ltr' id='par_1_25' title="bbox 411 1597 2060 1678">
     <span class='ocr_line' id='line_1_26' title="bbox 411 1597 2060 1678; baseline -0.007 -16"><span class='ocrx_word' id='word_1_176' title='bbox 411 1607 739 1678; x_wconf 83' lang='lat' dir='ltr'><strong>complevit.</strong></span> <span class='ocrx_word' id='word_1_177' title='bbox 774 1605 1088 1677; x_wconf 86' lang='lat' dir='ltr'><strong>Oportebat</strong></span> <span class='ocrx_word' id='word_1_178' title='bbox 1119 1603 1301 1676; x_wconf 85' lang='lat' dir='ltr'><strong>igitur</strong></span> <span class='ocrx_word' id='word_1_179' title='bbox 1347 1599 1757 1657; x_wconf 89' lang='lat' dir='ltr'><strong>resurrectioni</strong></span> <span class='ocrx_word' id='word_1_180' title='bbox 1799 1597 2060 1652; x_wconf 91' lang='lat' dir='ltr'><strong>Salvato-</strong></span> 
     </span>
    </p>
   </div>
   <div class='ocr_carea' id='block_1_26' title="bbox 414 1685 2059 1765">
    <p class='ocr_par' dir='ltr' id='par_1_26' title="bbox 414 1685 2059 1765">
     <span class='ocr_line' id='line_1_27' title="bbox 414 1685 2059 1765; baseline -0.006 -15"><span class='ocrx_word' id='word_1_181' title='bbox 414 1697 496 1751; x_wconf 90' lang='lat' dir='ltr'><strong>ris</strong></span> <span class='ocrx_word' id='word_1_182' title='bbox 546 1710 857 1750; x_wconf 81' lang='lat' dir='ltr'><strong>ascensum</strong></span> <span class='ocrx_word' id='word_1_183' title='bbox 906 1691 1169 1765; x_wconf 88' lang='lat' dir='ltr'><strong>adjungi,</strong></span> <span class='ocrx_word' id='word_1_184' title='bbox 1209 1696 1266 1747; x_wconf 92' lang='lat' dir='ltr'><strong>et</strong></span> <span class='ocrx_word' id='word_1_185' title='bbox 1294 1689 1573 1745; x_wconf 87' lang='lat' dir='ltr'><strong>victorem</strong></span> <span class='ocrx_word' id='word_1_186' title='bbox 1605 1687 1817 1742; x_wconf 87' lang='lat' dir='ltr'><strong>inferni</strong></span> <span class='ocrx_word' id='word_1_187' title='bbox 1848 1685 2059 1741; x_wconf 74' lang='lat' dir='ltr'><strong>cmlum</strong></span> 
     </span>
    </p>
   </div>
   <div class='ocr_carea' id='block_1_27' title="bbox 413 1773 2062 1852">
    <p class='ocr_par' dir='ltr' id='par_1_27' title="bbox 413 1773 2062 1852">
     <span class='ocr_line' id='line_1_28' title="bbox 413 1773 2062 1852; baseline -0.007 -12"><span class='ocrx_word' id='word_1_188' title='bbox 413 1785 611 1841; x_wconf 83' lang='lat' dir='ltr'><strong>statim</strong></span> <span class='ocrx_word' id='word_1_189' title='bbox 644 1798 943 1852; x_wconf 89' lang='lat' dir='ltr'><strong>occupare.</strong></span> <span class='ocrx_word' id='word_1_190' title='bbox 977 1782 1082 1836; x_wconf 90' lang='lat' dir='ltr'><strong>Sed</strong></span> <span class='ocrx_word' id='word_1_191' title='bbox 1137 1796 1209 1835; x_wconf 93' lang='lat' dir='ltr'><strong>ne</strong></span> <span class='ocrx_word' id='word_1_192' title='bbox 1242 1778 1510 1834; x_wconf 82' lang='lat' dir='ltr'><strong>celeritas</strong></span> <span class='ocrx_word' id='word_1_193' title='bbox 1559 1792 1802 1832; x_wconf 85' lang='lat' dir='ltr'><strong>sensum</strong></span> <span class='ocrx_word' id='word_1_194' title='bbox 1832 1773 2062 1830; x_wconf 89' lang='lat' dir='ltr'><strong>tolleret</strong></span> 
     </span>
    </p>
   </div>
   <div class='ocr_carea' id='block_1_28' title="bbox 410 1861 2063 1942">
    <p class='ocr_par' dir='ltr' id='par_1_28' title="bbox 410 1861 2063 1942">
     <span class='ocr_line' id='line_1_29' title="bbox 410 1861 2063 1942; baseline -0.008 -14"><span class='ocrx_word' id='word_1_195' title='bbox 410 1889 605 1928; x_wconf 89' lang='lat' dir='ltr'><strong>rerum</strong></span> <span class='ocrx_word' id='word_1_196' title='bbox 656 1876 974 1942; x_wconf 87' lang='lat' dir='ltr'><strong>gestarum,</strong></span> <span class='ocrx_word' id='word_1_197' title='bbox 1007 1874 1268 1938; x_wconf 90' lang='lat' dir='ltr'><strong>tempore</strong></span> <span class='ocrx_word' id='word_1_198' title='bbox 1309 1866 1563 1936; x_wconf 87' lang='lat' dir='ltr'><strong>quodam</strong></span> <span class='ocrx_word' id='word_1_199' title='bbox 1611 1862 1899 1918; x_wconf 90' lang='lat' dir='ltr'><strong>miracula</strong></span> <span class='ocrx_word' id='word_1_200' title='bbox 1940 1861 2063 1916; x_wconf 89' lang='lat' dir='ltr'><strong>vult</strong></span> 
     </span>
    </p>
   </div>
   <div class='ocr_carea' id='block_1_29' title="bbox 414 1951 2059 2033">
    <p class='ocr_par' dir='ltr' id='par_1_29' title="bbox 414 1951 2059 2033">
     <span class='ocr_line' id='line_1_30' title="bbox 414 1951 2059 2033; baseline -0.005 -18"><span class='ocrx_word' id='word_1_201' title='bbox 414 1961 676 2033; x_wconf 83' lang='lat' dir='ltr'><strong>imprimi</strong></span> <span class='ocrx_word' id='word_1_202' title='bbox 709 1961 766 2014; x_wconf 90' lang='lat' dir='ltr'><strong>in</strong></span> <span class='ocrx_word' id='word_1_203' title='bbox 800 1956 1198 2030; x_wconf 86' lang='lat' dir='ltr'><strong>apostolorum</strong></span> <span class='ocrx_word' id='word_1_204' title='bbox 1231 1955 1528 2010; x_wconf 86' lang='lat' dir='ltr'><strong>mentibus</strong></span> <span class='ocrx_word' id='word_1_205' title='bbox 1562 1970 1664 2025; x_wconf 89' lang='lat' dir='ltr'><strong>per</strong></span> <span class='ocrx_word' id='word_1_206' title='bbox 1701 1951 2059 2022; x_wconf 89' lang='lat' dir='ltr'><strong>contempla-</strong></span> 
     </span>
    </p>
   </div>
   <div class='ocr_carea' id='block_1_30' title="bbox 416 2040 2060 2114">
    <p class='ocr_par' dir='ltr' id='par_1_30' title="bbox 416 2040 2060 2114">
     <span class='ocr_line' id='line_1_31' title="bbox 416 2040 2060 2114; baseline -0.007 -9"><span class='ocrx_word' id='word_1_207' title='bbox 416 2051 658 2114; x_wconf 86' lang='lat' dir='ltr'><strong>tionem,</strong></span> <span class='ocrx_word' id='word_1_208' title='bbox 710 2055 765 2104; x_wconf 86' lang='lat' dir='ltr'><strong>et</strong></span> <span class='ocrx_word' id='word_1_209' title='bbox 807 2047 1044 2104; x_wconf 91' lang='lat' dir='ltr'><strong>assiduo</strong></span> <span class='ocrx_word' id='word_1_210' title='bbox 1103 2043 1404 2100; x_wconf 88' lang='lat' dir='ltr'><strong>oculorum</strong></span> <span class='ocrx_word' id='word_1_211' title='bbox 1451 2047 1688 2113; x_wconf 90' lang='lat' dir='ltr'><strong>aspectu</strong></span> <span class='ocrx_word' id='word_1_212' title='bbox 1737 2040 1945 2096; x_wconf 67' lang='lat' dir='ltr'><strong>animae</strong></span> <span class='ocrx_word' id='word_1_213' title='bbox 1994 2040 2060 2093; x_wconf 86' lang='lat' dir='ltr'><strong>ﬁ-</strong></span> 
     </span>
    </p>
   </div>
   <div class='ocr_carea' id='block_1_31' title="bbox 418 2128 2060 2202">
    <p class='ocr_par' dir='ltr' id='par_1_31' title="bbox 418 2128 2060 2202">
     <span class='ocr_line' id='line_1_32' title="bbox 418 2128 2060 2202; baseline -0.008 -8"><span class='ocrx_word' id='word_1_214' title='bbox 418 2140 550 2194; x_wconf 88' lang='lat' dir='ltr'><strong>dem</strong></span> <span class='ocrx_word' id='word_1_215' title='bbox 583 2138 900 2193; x_wconf 89' lang='lat' dir='ltr'><strong>insinuare.</strong></span> <span class='ocrx_word' id='word_1_216' title='bbox 934 2133 1311 2191; x_wconf 86' lang='lat' dir='ltr'><strong>Convescitur</strong></span> <span class='ocrx_word' id='word_1_217' title='bbox 1338 2148 1473 2187; x_wconf 91' lang='lat' dir='ltr'><strong>cum</strong></span> <span class='ocrx_word' id='word_1_218' title='bbox 1505 2128 1830 2202; x_wconf 88' lang='lat' dir='ltr'><strong>discipulis,</strong></span> <span class='ocrx_word' id='word_1_219' title='bbox 1863 2128 2060 2184; x_wconf 91' lang='lat' dir='ltr'><strong>cibum</strong></span> 
     </span>
    </p>
   </div>
   <div class='ocr_carea' id='block_1_32' title="bbox 423 2220 2062 2297">
    <p class='ocr_par' dir='ltr' id='par_1_32' title="bbox 423 2220 2062 2297">
     <span class='ocr_line' id='line_1_33' title="bbox 423 2220 2062 2297; baseline -0.007 -14"><span class='ocrx_word' id='word_1_220' title='bbox 423 2227 626 2297; x_wconf 86' lang='lat' dir='ltr'><strong>sumit,</strong></span> <span class='ocrx_word' id='word_1_221' title='bbox 673 2227 803 2281; x_wconf 91' lang='lat' dir='ltr'><strong>licet</strong></span> <span class='ocrx_word' id='word_1_222' title='bbox 845 2242 910 2280; x_wconf 92' lang='lat' dir='ltr'><strong>eo</strong></span> <span class='ocrx_word' id='word_1_223' title='bbox 960 2224 1205 2279; x_wconf 89' lang='lat' dir='ltr'><strong>minime</strong></span> <span class='ocrx_word' id='word_1_224' title='bbox 1251 2221 1553 2293; x_wconf 90' lang='lat' dir='ltr'><strong>indigeat:</strong></span> <span class='ocrx_word' id='word_1_225' title='bbox 1589 2220 1804 2290; x_wconf 73' lang='lat' dir='ltr'><strong>przebet</strong></span> <span class='ocrx_word' id='word_1_226' title='bbox 1850 2233 2062 2289; x_wconf 89' lang='lat' dir='ltr'><strong>corpus</strong></span> 
     </span>
    </p>
   </div>
   <div class='ocr_carea' id='block_1_33' title="bbox 421 2308 2060 2390">
    <p class='ocr_par' dir='ltr' id='par_1_33' title="bbox 421 2308 2060 2390">
     <span class='ocr_line' id='line_1_34' title="bbox 421 2308 2060 2390; baseline -0.007 -18"><span class='ocrx_word' id='word_1_227' title='bbox 421 2318 805 2390; x_wconf 88' lang='lat' dir='ltr'><strong>palpandum,</strong></span> <span class='ocrx_word' id='word_1_228' title='bbox 837 2320 1012 2386; x_wconf 88' lang='lat' dir='ltr'><strong>atque</strong></span> <span class='ocrx_word' id='word_1_229' title='bbox 1063 2311 1322 2368; x_wconf 79' lang='lat' dir='ltr'><strong>veritatis</strong></span> <span class='ocrx_word' id='word_1_230' title='bbox 1351 2313 1530 2366; x_wconf 87' lang='lat' dir='ltr'><strong>testes</strong></span> <span class='ocrx_word' id='word_1_231' title='bbox 1562 2327 1675 2365; x_wconf 92' lang='lat' dir='ltr'><strong>non</strong></span> <span class='ocrx_word' id='word_1_232' title='bbox 1708 2308 1899 2364; x_wconf 90' lang='lat' dir='ltr'><strong>solum</strong></span> <span class='ocrx_word' id='word_1_233' title='bbox 1927 2323 2060 2362; x_wconf 92' lang='lat' dir='ltr'><strong>ocu-</strong></span> 
     </span>
    </p>
   </div>
   <div class='ocr_carea' id='block_1_34' title="bbox 422 2395 2064 2475">
    <p class='ocr_par' dir='ltr' id='par_1_34' title="bbox 422 2395 2064 2475">
     <span class='ocr_line' id='line_1_35' title="bbox 422 2395 2064 2475; baseline -0.007 -15"><span class='ocrx_word' id='word_1_234' title='bbox 422 2405 509 2462; x_wconf 92' lang='lat' dir='ltr'><strong>los</strong></span> <span class='ocrx_word' id='word_1_235' title='bbox 539 2407 638 2461; x_wconf 91' lang='lat' dir='ltr'><strong>sed</strong></span> <span class='ocrx_word' id='word_1_236' title='bbox 670 2405 847 2460; x_wconf 88' lang='lat' dir='ltr'><strong>etiam</strong></span> <span class='ocrx_word' id='word_1_237' title='bbox 879 2402 1091 2475; x_wconf 89' lang='lat' dir='ltr'><strong>digitos</strong></span> <span class='ocrx_word' id='word_1_238' title='bbox 1138 2399 1418 2456; x_wconf 87' lang='lat' dir='ltr'><strong>admittit.</strong></span> <span class='ocrx_word' id='word_1_239' title='bbox 1451 2397 1846 2454; x_wconf 89' lang='lat' dir='ltr'><strong>Diuturnitate</strong></span> <span class='ocrx_word' id='word_1_240' title='bbox 1887 2395 2064 2468; x_wconf 84' lang='lat' dir='ltr'><strong>igitur</strong></span> 
     </span>
    </p>
   </div>
   <div class='ocr_carea' id='block_1_35' title="bbox 420 2487 2061 2567">
    <p class='ocr_par' dir='ltr' id='par_1_35' title="bbox 420 2487 2061 2567">
     <span class='ocr_line' id='line_1_36' title="bbox 420 2487 2061 2567; baseline -0.007 -17"><span class='ocrx_word' id='word_1_241' title='bbox 420 2496 736 2567; x_wconf 81' lang='lat' dir='ltr'><strong>praesentiae</strong></span> <span class='ocrx_word' id='word_1_242' title='bbox 787 2492 938 2549; x_wconf 91' lang='lat' dir='ltr'><strong>levat</strong></span> <span class='ocrx_word' id='word_1_243' title='bbox 981 2489 1309 2563; x_wconf 61' lang='lat' dir='ltr'><strong>phantasia</strong></span> <span class='ocrx_word' id='word_1_244' title='bbox 1355 2487 1772 2560; x_wconf 84' lang='lat' dir='ltr'><strong>suspicionem,</strong></span> <span class='ocrx_word' id='word_1_245' title='bbox 1822 2502 1889 2541; x_wconf 86' lang='lat' dir='ltr'><strong>ac</strong></span> <span class='ocrx_word' id='word_1_246' title='bbox 1936 2501 2061 2556; x_wconf 70' lang='lat' dir='ltr'><strong>quae</strong></span> 
     </span>
    </p>
   </div>
   <div class='ocr_carea' id='block_1_36' title="bbox 420 2574 2060 2657">
    <p class='ocr_par' dir='ltr' id='par_1_36' title="bbox 420 2574 2060 2657">
     <span class='ocr_line' id='line_1_37' title="bbox 420 2574 2060 2657; baseline -0.007 -18"><span class='ocrx_word' id='word_1_247' title='bbox 420 2602 526 2657; x_wconf 84' lang='lat' dir='ltr'><strong>par</strong></span> <span class='ocrx_word' id='word_1_248' title='bbox 556 2590 678 2640; x_wconf 89' lang='lat' dir='ltr'><strong>erat</strong></span> <span class='ocrx_word' id='word_1_249' title='bbox 708 2584 779 2638; x_wconf 92' lang='lat' dir='ltr'><strong>de</strong></span> <span class='ocrx_word' id='word_1_250' title='bbox 827 2581 1090 2638; x_wconf 87' lang='lat' dir='ltr'><strong>discessu</strong></span> <span class='ocrx_word' id='word_1_251' title='bbox 1135 2595 1240 2634; x_wconf 90' lang='lat' dir='ltr'><strong>suo</strong></span> <span class='ocrx_word' id='word_1_252' title='bbox 1294 2594 1426 2633; x_wconf 91' lang='lat' dir='ltr'><strong>cum</strong></span> <span class='ocrx_word' id='word_1_253' title='bbox 1478 2575 1758 2648; x_wconf 89' lang='lat' dir='ltr'><strong>apostolis</strong></span> <span class='ocrx_word' id='word_1_254' title='bbox 1810 2574 2060 2641; x_wconf 90' lang='lat' dir='ltr'><strong>locutus,</strong></span> 
     </span>
    </p>
   </div>
   <div class='ocr_carea' id='block_1_37' title="bbox 422 2662 2066 2745">
    <p class='ocr_par' dir='ltr' id='par_1_37' title="bbox 422 2662 2066 2745">
     <span class='ocr_line' id='line_1_38' title="bbox 422 2662 2066 2745; baseline -0.008 -16"><span class='ocrx_word' id='word_1_255' title='bbox 422 2673 743 2745; x_wconf 89' lang='lat' dir='ltr'><strong>discipulos</strong></span> <span class='ocrx_word' id='word_1_256' title='bbox 791 2686 1070 2727; x_wconf 89' lang='lat' dir='ltr'><strong>ascensus</strong></span> <span class='ocrx_word' id='word_1_257' title='bbox 1122 2666 1213 2724; x_wconf 89' lang='lat' dir='ltr'><strong>sui</strong></span> <span class='ocrx_word' id='word_1_258' title='bbox 1262 2671 1440 2723; x_wconf 84' lang='lat' dir='ltr'><strong>testes</strong></span> <span class='ocrx_word' id='word_1_259' title='bbox 1485 2665 1763 2720; x_wconf 89' lang='lat' dir='ltr'><strong>admittit.</strong></span> <span class='ocrx_word' id='word_1_260' title='bbox 1796 2662 2066 2735; x_wconf 88' lang='lat' dir='ltr'><strong>Oportuit</strong></span> 
     </span>
    </p>
   </div>
   <div class='ocr_carea' id='block_1_38' title="bbox 423 2754 2066 2831">
    <p class='ocr_par' dir='ltr' id='par_1_38' title="bbox 423 2754 2066 2831">
     <span class='ocr_line' id='line_1_39' title="bbox 423 2754 2066 2831; baseline -0.008 -12"><span class='ocrx_word' id='word_1_261' title='bbox 423 2763 580 2819; x_wconf 91' lang='lat' dir='ltr'><strong>enim</strong></span> <span class='ocrx_word' id='word_1_262' title='bbox 641 2759 1055 2816; x_wconf 85' lang='lat' dir='ltr'><strong>miraculorum</strong></span> <span class='ocrx_word' id='word_1_263' title='bbox 1113 2772 1406 2831; x_wconf 70' lang='lat' dir='ltr'><strong>praecones</strong></span> <span class='ocrx_word' id='word_1_264' title='bbox 1460 2755 1848 2810; x_wconf 87' lang='lat' dir='ltr'><strong>indubitatam</strong></span> <span class='ocrx_word' id='word_1_265' title='bbox 1917 2754 2066 2808; x_wconf 88' lang='lat' dir='ltr'><strong>ferre</strong></span> 
     </span>
    </p>
   </div>
   <div class='ocr_carea' id='block_1_39' title="bbox 424 2843 2068 2923">
    <p class='ocr_par' dir='ltr' id='par_1_39' title="bbox 424 2843 2068 2923">
     <span class='ocr_line' id='line_1_40' title="bbox 424 2843 2068 2923; baseline -0.005 -17"><span class='ocrx_word' id='word_1_266' title='bbox 424 2851 866 2923; x_wconf 81' lang='lat' dir='ltr'><strong>praedicatarum</strong></span> <span class='ocrx_word' id='word_1_267' title='bbox 909 2863 1102 2904; x_wconf 91' lang='lat' dir='ltr'><strong>rerum</strong></span> <span class='ocrx_word' id='word_1_268' title='bbox 1143 2846 1434 2902; x_wconf 88' lang='lat' dir='ltr'><strong>notitiam.</strong></span> <span class='ocrx_word' id='word_1_269' title='bbox 1477 2843 1822 2898; x_wconf 86' lang='lat' dir='ltr'><strong>Elevabatur</strong></span> <span class='ocrx_word' id='word_1_270' title='bbox 1870 2843 2068 2914; x_wconf 88' lang='lat' dir='ltr'><strong>itaque</strong></span> 
     </span>
    </p>
   </div>
   <div class='ocr_carea' id='block_1_40' title="bbox 427 2932 2066 3006">
    <p class='ocr_par' dir='ltr' id='par_1_40' title="bbox 427 2932 2066 3006">
     <span class='ocr_line' id='line_1_41' title="bbox 427 2932 2066 3006; baseline -0.007 -9"><span class='ocrx_word' id='word_1_271' title='bbox 427 2939 994 3006; x_wconf 86' lang='lat' dir='ltr'><strong>Salvator,videbant</strong></span> <span class='ocrx_word' id='word_1_272' title='bbox 1021 2935 1267 2993; x_wconf 85' lang='lat' dir='ltr'><strong>inferius</strong></span> <span class='ocrx_word' id='word_1_273' title='bbox 1295 2933 1570 3006; x_wconf 88' lang='lat' dir='ltr'><strong>discipuli</strong></span> <span class='ocrx_word' id='word_1_274' title='bbox 1603 2949 1614 2986; x_wconf 93' lang='lat'>:</span> <span class='ocrx_word' id='word_1_275' title='bbox 1649 2932 1838 2987; x_wconf 90' lang='lat' dir='ltr'><strong>nubes</strong></span> <span class='ocrx_word' id='word_1_276' title='bbox 1869 2938 2066 2986; x_wconf 90' lang='lat' dir='ltr'><strong>autem</strong></span> 
     </span>
    </p>
   </div>
   <div class='ocr_carea' id='block_1_41' title="bbox 427 3021 2065 3101">
    <p class='ocr_par' dir='ltr' id='par_1_41' title="bbox 427 3021 2065 3101">
     <span class='ocr_line' id='line_1_42' title="bbox 427 3021 2065 3101; baseline -0.007 -16"><span class='ocrx_word' id='word_1_277' title='bbox 427 3031 674 3101; x_wconf 88' lang='lat' dir='ltr'><strong>pedibus</strong></span> <span class='ocrx_word' id='word_1_278' title='bbox 724 3043 1096 3093; x_wconf 90' lang='lat' dir='ltr'><strong>succurrens,</strong></span> <span class='ocrx_word' id='word_1_279' title='bbox 1126 3023 1456 3079; x_wconf 88' lang='lat' dir='ltr'><strong>vehiculum</strong></span> <span class='ocrx_word' id='word_1_280' title='bbox 1501 3038 1568 3076; x_wconf 91' lang='lat' dir='ltr'><strong>eo</strong></span> <span class='ocrx_word' id='word_1_281' title='bbox 1618 3022 1676 3076; x_wconf 92' lang='lat' dir='ltr'><strong>in</strong></span> <span class='ocrx_word' id='word_1_282' title='bbox 1725 3037 1901 3076; x_wconf 90' lang='lat' dir='ltr'><strong>cursu</strong></span> <span class='ocrx_word' id='word_1_283' title='bbox 1936 3021 2065 3076; x_wconf 85' lang='lat' dir='ltr'><strong>fuit.</strong></span> 
     </span>
    </p>
   </div>
   <div class='ocr_carea' id='block_1_42' title="bbox 427 3109 2068 3185">
    <p class='ocr_par' dir='ltr' id='par_1_42' title="bbox 427 3109 2068 3185">
     <span class='ocr_line' id='line_1_43' title="bbox 427 3109 2068 3185; baseline -0.006 -12"><span class='ocrx_word' id='word_1_284' title='bbox 427 3119 470 3173; x_wconf 90' lang='grc' dir='ltr'>Ο</span> <span class='ocrx_word' id='word_1_285' title='bbox 503 3119 768 3172; x_wconf 89' lang='lat' dir='ltr'><strong>inaudita</strong></span> <span class='ocrx_word' id='word_1_286' title='bbox 798 3114 1120 3171; x_wconf 85' lang='lat' dir='ltr'><strong>miracula!</strong></span> <span class='ocrx_word' id='word_1_287' title='bbox 1152 3117 1263 3169; x_wconf 85' lang='lat' dir='ltr'><strong>Aer</strong></span> <span class='ocrx_word' id='word_1_288' title='bbox 1293 3112 1650 3185; x_wconf 86' lang='lat' dir='ltr'><strong>pervaditur,</strong></span> <span class='ocrx_word' id='word_1_289' title='bbox 1671 3110 1850 3165; x_wconf 77' lang='lat' dir='ltr'><strong>zether</strong></span> <span class='ocrx_word' id='word_1_290' title='bbox 1881 3109 2068 3166; x_wconf 87' lang='lat' dir='ltr'><strong>susci-</strong></span> 
     </span>
    </p>
   </div>
   <div class='ocr_carea' id='block_1_43' title="bbox 424 3199 2065 3278">
    <p class='ocr_par' dir='ltr' id='par_1_43' title="bbox 424 3199 2065 3278">
     <span class='ocr_line' id='line_1_44' title="bbox 424 3199 2065 3278; baseline -0.004 -18"><span class='ocrx_word' id='word_1_291' title='bbox 424 3208 529 3278; x_wconf 90' lang='lat' dir='ltr'><strong>pit,</strong></span> <span class='ocrx_word' id='word_1_292' title='bbox 561 3206 750 3277; x_wconf 86' lang='lat' dir='ltr'><strong>angeli</strong></span> <span class='ocrx_word' id='word_1_293' title='bbox 781 3209 1152 3261; x_wconf 84' lang='lat' dir='ltr'><strong>accurrsntes</strong></span> <span class='ocrx_word' id='word_1_294' title='bbox 1179 3199 1636 3273; x_wconf 85' lang='lat' dir='ltr'><strong>triumphalibus</strong></span> <span class='ocrx_word' id='word_1_295' title='bbox 1656 3199 1900 3255; x_wconf 89' lang='lat' dir='ltr'><strong>canticis</strong></span> <span class='ocrx_word' id='word_1_296' title='bbox 1927 3215 2065 3253; x_wconf 92' lang='lat' dir='ltr'><strong>con-</strong></span> 
     </span>
    </p>
   </div>
   <div class='ocr_carea' id='block_1_44' title="bbox 427 3288 2064 3365">
    <p class='ocr_par' dir='ltr' id='par_1_44' title="bbox 427 3288 2064 3365">
     <span class='ocr_line' id='line_1_45' title="bbox 427 3288 2064 3365; baseline -0.005 -15"><span class='ocrx_word' id='word_1_297' title='bbox 427 3295 720 3350; x_wconf 86' lang='lat' dir='ltr'><strong>celebrant</strong></span> <span class='ocrx_word' id='word_1_298' title='bbox 755 3312 766 3348; x_wconf 90' lang='lat'><strong>:</strong></span> <span class='ocrx_word' id='word_1_299' title='bbox 801 3292 1132 3365; x_wconf 90' lang='lat' dir='ltr'><strong>spectaculo</strong></span> <span class='ocrx_word' id='word_1_300' title='bbox 1175 3291 1450 3346; x_wconf 88' lang='lat' dir='ltr'><strong>attonitos</strong></span> <span class='ocrx_word' id='word_1_301' title='bbox 1497 3288 1821 3360; x_wconf 87' lang='lat' dir='ltr'><strong>discipulos</strong></span> <span class='ocrx_word' id='word_1_302' title='bbox 1855 3289 2064 3343; x_wconf 82' lang='lat' dir='ltr'><strong>festum</strong></span> 
     </span>
    </p>
   </div>
   <div class='ocr_carea' id='block_1_45' title="bbox 425 3377 2068 3450">
    <p class='ocr_par' dir='ltr' id='par_1_45' title="bbox 425 3377 2068 3450">
     <span class='ocr_line' id='line_1_46' title="bbox 425 3377 2068 3450; baseline -0.005 -11"><span class='ocrx_word' id='word_1_303' title='bbox 425 3384 716 3439; x_wconf 88' lang='lat' dir='ltr'><strong>celebrare</strong></span> <span class='ocrx_word' id='word_1_304' title='bbox 749 3383 998 3438; x_wconf 88' lang='lat' dir='ltr'><strong>suadent</strong></span> <span class='ocrx_word' id='word_1_305' title='bbox 1031 3398 1077 3434; x_wconf 76' lang='grc' dir='ltr'>ει</span> <span class='ocrx_word' id='word_1_306' title='bbox 1111 3380 1258 3444; x_wconf 88' lang='lat' dir='ltr'><strong>Quid</strong></span> <span class='ocrx_word' id='word_1_307' title='bbox 1290 3378 1459 3436; x_wconf 87' lang='lat' dir='ltr'><strong>statis</strong></span> <span class='ocrx_word' id='word_1_308' title='bbox 1489 3378 1837 3450; x_wconf 88' lang='lat' dir='ltr'><strong>aspicientes</strong></span> <span class='ocrx_word' id='word_1_309' title='bbox 1867 3377 1925 3431; x_wconf 91' lang='lat' dir='ltr'><strong>in</strong></span> <span class='ocrx_word' id='word_1_310' title='bbox 1950 3393 2068 3431; x_wconf 78' lang='lat' dir='ltr'><strong>coe-</strong></span> 
     </span>
    </p>
   </div>
   <div class='ocr_carea' id='block_1_46' title="bbox 421 3466 2069 3538">
    <p class='ocr_par' dir='ltr' id='par_1_46' title="bbox 421 3466 2069 3538">
     <span class='ocr_line' id='line_1_47' title="bbox 421 3466 2069 3538; baseline -0.005 -10"><span class='ocrx_word' id='word_1_311' title='bbox 421 3473 547 3528; x_wconf 92' lang='lat' dir='ltr'><strong>lum</strong></span> <span class='ocrx_word' id='word_1_312' title='bbox 581 3475 668 3527; x_wconf 68' lang='lat'><strong>‘5?</strong></span> <span class='ocrx_word' id='word_1_313' title='bbox 710 3494 736 3520; x_wconf 87' lang='grc'><strong><em>››</em></strong></span> <span class='ocrx_word' id='word_1_314' title='bbox 769 3471 915 3538; x_wconf 88' lang='lat' dir='ltr'><strong>Quid</strong></span> <span class='ocrx_word' id='word_1_315' title='bbox 964 3469 1180 3526; x_wconf 84' lang='lat' dir='ltr'><strong>statis?</strong></span> <span class='ocrx_word' id='word_1_316' title='bbox 1213 3467 1562 3524; x_wconf 85' lang='lat' dir='ltr'><strong>miraculum</strong></span> <span class='ocrx_word' id='word_1_317' title='bbox 1613 3466 1921 3538; x_wconf 63' lang='lat' dir='ltr'><strong>praedicata</strong></span> <span class='ocrx_word' id='word_1_318' title='bbox 1967 3481 2069 3538; x_wconf 90' lang='lat' dir='ltr'><strong>per</strong></span> 
     </span>
    </p>
   </div>
   <div class='ocr_carea' id='block_1_47' title="bbox 424 3554 2064 3633">
    <p class='ocr_par' dir='ltr' id='par_1_47' title="bbox 424 3554 2064 3633">
     <span class='ocr_line' id='line_1_48' title="bbox 424 3554 2064 3633; baseline -0.007 -14"><span class='ocrx_word' id='word_1_319' title='bbox 424 3566 646 3633; x_wconf 89' lang='lat' dir='ltr'><strong>orbem,</strong></span> <span class='ocrx_word' id='word_1_320' title='bbox 681 3563 942 3617; x_wconf 87' lang='lat' dir='ltr'><strong>discessu</strong></span> <span class='ocrx_word' id='word_1_321' title='bbox 976 3560 1288 3614; x_wconf 88' lang='lat' dir='ltr'><strong>adventum</strong></span> <span class='ocrx_word' id='word_1_322' title='bbox 1324 3574 1337 3611; x_wconf 87' lang='lat'>:</span> <span class='ocrx_word' id='word_1_323' title='bbox 1375 3579 1402 3608; x_wconf 78' lang='grc' dir='ltr'><strong>ιι</strong></span> <span class='ocrx_word' id='word_1_324' title='bbox 1434 3557 1513 3612; x_wconf 90' lang='lat' dir='ltr'><strong>sic</strong></span> <span class='ocrx_word' id='word_1_325' title='bbox 1543 3556 1752 3625; x_wconf 87' lang='lat' dir='ltr'><strong>veniet,</strong></span> <span class='ocrx_word' id='word_1_326' title='bbox 1787 3554 2064 3626; x_wconf 84' lang='lat' dir='ltr'><strong>quemad-</strong></span> 
     </span>
    </p>
   </div>
   <div class='ocr_carea' id='block_1_48' title="bbox 424 3645 2066 3708">
    <p class='ocr_par' dir='ltr' id='par_1_48' title="bbox 424 3645 2066 3708">
     <span class='ocr_line' id='line_1_49' title="bbox 424 3645 2066 3708; baseline -0.006 0"><span class='ocrx_word' id='word_1_327' title='bbox 424 3654 664 3708; x_wconf 88' lang='lat' dir='ltr'><strong>modum</strong></span> <span class='ocrx_word' id='word_1_328' title='bbox 701 3651 926 3706; x_wconf 89' lang='lat' dir='ltr'><strong>vidistis</strong></span> <span class='ocrx_word' id='word_1_329' title='bbox 956 3665 1087 3704; x_wconf 91' lang='lat' dir='ltr'><strong>eum</strong></span> <span class='ocrx_word' id='word_1_330' title='bbox 1114 3653 1349 3703; x_wconf 89' lang='lat' dir='ltr'><strong>euntem</strong></span> <span class='ocrx_word' id='word_1_331' title='bbox 1383 3647 1440 3700; x_wconf 91' lang='lat' dir='ltr'><strong>in</strong></span> <span class='ocrx_word' id='word_1_332' title='bbox 1475 3645 1684 3700; x_wconf 64' lang='lat' dir='ltr'><strong>caelum</strong></span> <span class='ocrx_word' id='word_1_333' title='bbox 1716 3645 1817 3699; x_wconf 69' lang='lat' dir='ltr'><strong>&quot;.n</strong></span> <span class='ocrx_word' id='word_1_334' title='bbox 1847 3646 1947 3698; x_wconf 81' lang='lat' dir='ltr'><strong>His</strong></span> <span class='ocrx_word' id='word_1_335' title='bbox 1968 3661 2066 3699; x_wconf 90' lang='lat' dir='ltr'><strong>au-</strong></span> 
     </span>
    </p>
   </div>
   <div class='ocr_carea' id='block_1_49' title="bbox 425 3731 2066 3810">
    <p class='ocr_par' dir='ltr' id='par_1_49' title="bbox 425 3731 2066 3810">
     <span class='ocr_line' id='line_1_50' title="bbox 425 3731 2066 3810; baseline -0.007 -13"><span class='ocrx_word' id='word_1_336' title='bbox 425 3743 561 3797; x_wconf 89' lang='lat' dir='ltr'><strong>ditis</strong></span> <span class='ocrx_word' id='word_1_337' title='bbox 592 3741 831 3796; x_wconf 88' lang='lat' dir='ltr'><strong>vocibus</strong></span> <span class='ocrx_word' id='word_1_338' title='bbox 855 3759 869 3810; x_wconf 80' lang='lat'><strong>;</strong></span> <span class='ocrx_word' id='word_1_339' title='bbox 903 3737 1120 3794; x_wconf 87' lang='lat' dir='ltr'><strong>Paulus</strong></span> <span class='ocrx_word' id='word_1_340' title='bbox 1143 3736 1300 3793; x_wconf 89' lang='lat' dir='ltr'><strong>vocis</strong></span> <span class='ocrx_word' id='word_1_341' title='bbox 1333 3752 1452 3791; x_wconf 69' lang='lat' dir='ltr'><strong>suae</strong></span> <span class='ocrx_word' id='word_1_342' title='bbox 1481 3737 1654 3789; x_wconf 86' lang='lat' dir='ltr'><strong>tubas</strong></span> <span class='ocrx_word' id='word_1_343' title='bbox 1681 3731 2066 3802; x_wconf 89' lang='lat' dir='ltr'><strong>emittit,scri-</strong></span> 
     </span>
    </p>
   </div>
   <div class='ocr_carea' id='block_1_50' title="bbox 424 3819 2066 3903">
    <p class='ocr_par' dir='ltr' id='par_1_50' title="bbox 424 3819 2066 3903">
     <span class='ocr_line' id='line_1_51' title="bbox 424 3819 2066 3903; baseline -0.006 -17"><span class='ocrx_word' id='word_1_344' title='bbox 424 3833 541 3903; x_wconf 90' lang='lat' dir='ltr'><strong>ptis</strong></span> <span class='ocrx_word' id='word_1_345' title='bbox 571 3831 906 3886; x_wconf 83' lang='lat' dir='ltr'><strong>exclamans</strong></span> <span class='ocrx_word' id='word_1_346' title='bbox 937 3827 1062 3883; x_wconf 87' lang='lat' dir='ltr'><strong>suis</strong></span> <span class='ocrx_word' id='word_1_347' title='bbox 1095 3843 1108 3880; x_wconf 92' lang='lat'>:</span> <span class='ocrx_word' id='word_1_348' title='bbox 1143 3848 1171 3876; x_wconf 84' lang='lat'><strong>«</strong></span> <span class='ocrx_word' id='word_1_349' title='bbox 1205 3825 1414 3883; x_wconf 87' lang='lat' dir='ltr'><strong>Nostra</strong></span> <span class='ocrx_word' id='word_1_350' title='bbox 1442 3822 1804 3878; x_wconf 89' lang='lat' dir='ltr'><strong>conversatio</strong></span> <span class='ocrx_word' id='word_1_351' title='bbox 1825 3821 1882 3875; x_wconf 91' lang='lat' dir='ltr'><strong>in</strong></span> <span class='ocrx_word' id='word_1_352' title='bbox 1906 3819 2066 3876; x_wconf 80' lang='lat' dir='ltr'><strong>ccelis</strong></span> 
     </span>
    </p>
   </div>
   <div class='ocr_carea' id='block_1_51' title="bbox 426 3909 2065 3984">
    <p class='ocr_par' dir='ltr' id='par_1_51' title="bbox 426 3909 2065 3984">
     <span class='ocr_line' id='line_1_52' title="bbox 426 3909 2065 3984; baseline -0.007 -8"><span class='ocrx_word' id='word_1_353' title='bbox 426 3929 531 3980; x_wconf 81' lang='lat' dir='ltr'><strong>est.</strong></span> <span class='ocrx_word' id='word_1_354' title='bbox 585 3920 738 3974; x_wconf 89' lang='lat' dir='ltr'><strong>unde</strong></span> <span class='ocrx_word' id='word_1_355' title='bbox 785 3923 842 3973; x_wconf 92' lang='lat' dir='ltr'><strong>et</strong></span> <span class='ocrx_word' id='word_1_356' title='bbox 888 3917 1244 3971; x_wconf 88' lang='lat' dir='ltr'><strong>Salvatorem</strong></span> <span class='ocrx_word' id='word_1_357' title='bbox 1298 3916 1703 3984; x_wconf 82' lang='lat' dir='ltr'><strong>exspectamus</strong></span> <span class='ocrx_word' id='word_1_358' title='bbox 1751 3909 2065 3965; x_wconf 89' lang='lat' dir='ltr'><strong>Dominum</strong></span> 
     </span>
    </p>
   </div>
   <div class='ocr_carea' id='block_1_52' title="bbox 423 3999 2062 4070">
    <p class='ocr_par' dir='ltr' id='par_1_52' title="bbox 423 3999 2062 4070">
     <span class='ocr_line' id='line_1_53' title="bbox 423 3999 2062 4070; baseline -0.007 -6"><span class='ocrx_word' id='word_1_359' title='bbox 423 4011 626 4065; x_wconf 86' lang='lat' dir='ltr'><strong>Jesum</strong></span> <span class='ocrx_word' id='word_1_360' title='bbox 658 4008 954 4062; x_wconf 85' lang='lat' dir='ltr'><strong>Christum</strong></span> <span class='ocrx_word' id='word_1_361' title='bbox 985 4006 1047 4059; x_wconf 70' lang='lat'><strong>‘7.</strong></span> <span class='ocrx_word' id='word_1_362' title='bbox 1084 4027 1112 4052; x_wconf 85' lang='lat'>»</span> <span class='ocrx_word' id='word_1_363' title='bbox 1145 4003 1242 4058; x_wconf 81' lang='lat' dir='ltr'><strong>His</strong></span> <span class='ocrx_word' id='word_1_364' title='bbox 1273 4001 1540 4056; x_wconf 90' lang='lat' dir='ltr'><strong>homines</strong></span> <span class='ocrx_word' id='word_1_365' title='bbox 1587 3999 1786 4070; x_wconf 84' lang='lat' dir='ltr'><strong>adjicit</strong></span> <span class='ocrx_word' id='word_1_366' title='bbox 1814 3999 2015 4054; x_wconf 88' lang='lat' dir='ltr'><strong>dicens</strong></span> <span class='ocrx_word' id='word_1_367' title='bbox 2050 4016 2062 4052; x_wconf 92' lang='lat'>:</span> 
     </span>
    </p>
   </div>
   <div class='ocr_carea' id='block_1_53' title="bbox 2245 1328 3832 1408">
    <p class='ocr_par' dir='ltr' id='par_1_53' title="bbox 2245 1328 3832 1408">
     <span class='ocr_line' id='line_1_54' title="bbox 2245 1328 3832 1408; baseline 0.004 -23"><span class='ocrx_word' id='word_1_368' title='bbox 2245 1331 2300 1386; x_wconf 88' lang='lat'><strong>5.</strong></span> <span class='ocrx_word' id='word_1_369' title='bbox 2335 1328 2522 1392; x_wconf 76' lang='grc' dir='ltr'>Οὕτως</span> <span class='ocrx_word' id='word_1_370' title='bbox 2581 1329 2696 1387; x_wconf 82' lang='grc' dir='ltr'>οἶδε</span> <span class='ocrx_word' id='word_1_371' title='bbox 2742 1332 2832 1386; x_wconf 85' lang='grc' dir='ltr'><strong>καὶ</strong></span> <span class='ocrx_word' id='word_1_372' title='bbox 2880 1331 3074 1395; x_wconf 90' lang='grc' dir='ltr'>τύποις</span> <span class='ocrx_word' id='word_1_373' title='bbox 3107 1331 3378 1408; x_wconf 70' lang='grc' dir='ltr'>ἐντρέπειν</span> <span class='ocrx_word' id='word_1_374' title='bbox 3406 1333 3535 1396; x_wconf 77' lang='grc' dir='ltr'>τοὺς</span> <span class='ocrx_word' id='word_1_375' title='bbox 3565 1334 3832 1400; x_wconf 75' lang='grc' dir='ltr'>ἀπίστους</span> 
     </span>
    </p>
   </div>
   <div class='ocr_carea' id='block_1_54' title="bbox 2169 1419 3827 1497">
    <p class='ocr_par' dir='ltr' id='par_1_54' title="bbox 2169 1419 3827 1497">
     <span class='ocr_line' id='line_1_55' title="bbox 2169 1419 3827 1497; baseline 0.005 -24"><span class='ocrx_word' id='word_1_376' title='bbox 2169 1419 2197 1472; x_wconf 84' lang='grc' dir='ltr'>ὁ</span> <span class='ocrx_word' id='word_1_377' title='bbox 2253 1420 2404 1492; x_wconf 82' lang='grc' dir='ltr'>Θεὸς,</span> <span class='ocrx_word' id='word_1_378' title='bbox 2462 1419 2552 1474; x_wconf 80' lang='grc' dir='ltr'><strong>καὶ</strong></span> <span class='ocrx_word' id='word_1_379' title='bbox 2611 1420 2843 1493; x_wconf 87' lang='grc' dir='ltr'>θαύμασι</span> <span class='ocrx_word' id='word_1_380' title='bbox 3054 1423 3372 1478; x_wconf 74' lang='grc' dir='ltr'>πιστοῦσθαι</span> <span class='ocrx_word' id='word_1_381' title='bbox 3426 1422 3494 1477; x_wconf 72' lang='grc' dir='ltr'>τὰ</span> <span class='ocrx_word' id='word_1_382' title='bbox 3551 1423 3827 1497; x_wconf 84' lang='grc' dir='ltr'>θαύματα.</span> 
     </span>
    </p>
   </div>
   <div class='ocr_carea' id='block_1_55' title="bbox 2168 1507 3834 1587">
    <p class='ocr_par' dir='ltr' id='par_1_55' title="bbox 2168 1507 3834 1587">
     <span class='ocr_line' id='line_1_56' title="bbox 2168 1507 3834 1587; baseline 0.005 -27"><span class='ocrx_word' id='word_1_383' title='bbox 2168 1507 2322 1562; x_wconf 73' lang='grc' dir='ltr'>Οὕτω</span> <span class='ocrx_word' id='word_1_384' title='bbox 2353 1510 2584 1584; x_wconf 89' lang='grc' dir='ltr'>Χριστὸς</span> <span class='ocrx_word' id='word_1_385' title='bbox 2619 1511 2888 1587; x_wconf 75' lang='grc' dir='ltr'>ἀνήρχετο</span> <span class='ocrx_word' id='word_1_386' title='bbox 2937 1511 3013 1573; x_wconf 80' lang='grc' dir='ltr'>εἰς</span> <span class='ocrx_word' id='word_1_387' title='bbox 3061 1510 3305 1586; x_wconf 82' lang='grc' dir='ltr'>οὐρανόν·</span> <span class='ocrx_word' id='word_1_388' title='bbox 3360 1511 3502 1568; x_wconf 76' lang='grc' dir='ltr'>οὕτω</span> <span class='ocrx_word' id='word_1_389' title='bbox 3548 1512 3676 1576; x_wconf 82' lang='grc' dir='ltr'>τοὺς</span> <span class='ocrx_word' id='word_1_390' title='bbox 3736 1514 3834 1570; x_wconf 84' lang='grc' dir='ltr'>τύ-</span> 
     </span>
    </p>
   </div>
   <div class='ocr_carea' id='block_1_56' title="bbox 2169 1593 3830 1676">
    <p class='ocr_par' dir='ltr' id='par_1_56' title="bbox 2169 1593 3830 1676">
     <span class='ocr_line' id='line_1_57' title="bbox 2169 1593 3830 1676; baseline 0.004 -24"><span class='ocrx_word' id='word_1_391' title='bbox 2169 1618 2304 1659; x_wconf 91' lang='grc' dir='ltr'>πους</span> <span class='ocrx_word' id='word_1_392' title='bbox 2336 1593 2477 1672; x_wconf 76' lang='grc' dir='ltr'>ἔργῳ</span> <span class='ocrx_word' id='word_1_393' title='bbox 2535 1596 2794 1668; x_wconf 83' lang='grc' dir='ltr'>ἀληθείας</span> <span class='ocrx_word' id='word_1_394' title='bbox 2856 1598 3143 1676; x_wconf 67' lang='grc' dir='ltr'>ἐκύρωσεν.</span> <span class='ocrx_word' id='word_1_395' title='bbox 3205 1597 3354 1658; x_wconf 82' lang='grc' dir='ltr'>Ἔδει</span> <span class='ocrx_word' id='word_1_396' title='bbox 3419 1602 3514 1674; x_wconf 75' lang='grc' dir='ltr'>μὲν</span> <span class='ocrx_word' id='word_1_397' title='bbox 3565 1602 3659 1657; x_wconf 81' lang='grc' dir='ltr'><strong>οὗν</strong></span> <span class='ocrx_word' id='word_1_398' title='bbox 3690 1623 3830 1658; x_wconf 89' lang='grc' dir='ltr'>συν-</span> 
     </span>
    </p>
   </div>
   <div class='ocr_carea' id='block_1_57' title="bbox 2171 1685 3828 1763">
    <p class='ocr_par' dir='ltr' id='par_1_57' title="bbox 2171 1685 3828 1763">
     <span class='ocr_line' id='line_1_58' title="bbox 2171 1685 3828 1763; baseline 0.004 -24"><span class='ocrx_word' id='word_1_399' title='bbox 2171 1686 2424 1740; x_wconf 87' lang='grc' dir='ltr'>άπτεσθαι</span> <span class='ocrx_word' id='word_1_400' title='bbox 2455 1690 2523 1760; x_wconf 81' lang='grc' dir='ltr'><strong>τῇ</strong></span> <span class='ocrx_word' id='word_1_401' title='bbox 2557 1685 2836 1742; x_wconf 84' lang='grc' dir='ltr'>ἀναστάσει</span> <span class='ocrx_word' id='word_1_402' title='bbox 2867 1692 2964 1742; x_wconf 87' lang='grc' dir='ltr'><strong>τοῦ</strong></span> <span class='ocrx_word' id='word_1_403' title='bbox 3005 1691 3266 1763; x_wconf 80' lang='grc' dir='ltr'>Σωτῆρος</span> <span class='ocrx_word' id='word_1_404' title='bbox 3309 1690 3410 1758; x_wconf 73' lang='grc' dir='ltr'>τὴν</span> <span class='ocrx_word' id='word_1_405' title='bbox 3455 1687 3669 1758; x_wconf 71' lang='grc' dir='ltr'>ἄνοδον,</span> <span class='ocrx_word' id='word_1_406' title='bbox 3730 1692 3828 1746; x_wconf 70' lang='grc' dir='ltr'><strong>καὶ</strong></span> 
     </span>
    </p>
   </div>
   <div class='ocr_carea' id='block_1_58' title="bbox 2168 1772 3826 1852">
    <p class='ocr_par' dir='ltr' id='par_1_58' title="bbox 2168 1772 3826 1852">
     <span class='ocr_line' id='line_1_59' title="bbox 2168 1772 3826 1852; baseline 0.004 -24"><span class='ocrx_word' id='word_1_407' title='bbox 2168 1774 2258 1828; x_wconf 87' lang='grc' dir='ltr'>τὸν</span> <span class='ocrx_word' id='word_1_408' title='bbox 2291 1777 2388 1829; x_wconf 84' lang='grc' dir='ltr'><strong>τοῦ</strong></span> <span class='ocrx_word' id='word_1_409' title='bbox 2421 1772 2551 1845; x_wconf 71' lang='grc' dir='ltr'>ᾅδου</span> <span class='ocrx_word' id='word_1_410' title='bbox 2580 1777 2804 1846; x_wconf 81' lang='grc' dir='ltr'>νικητήν</span> <span class='ocrx_word' id='word_1_411' title='bbox 2835 1775 2989 1841; x_wconf 75' lang='grc' dir='ltr'>εὐθὺς</span> <span class='ocrx_word' id='word_1_412' title='bbox 3037 1778 3128 1832; x_wconf 88' lang='grc' dir='ltr'><strong>τὸν</strong></span> <span class='ocrx_word' id='word_1_413' title='bbox 3172 1777 3396 1852; x_wconf 80' lang='grc' dir='ltr'>οὐρανὸν</span> <span class='ocrx_word' id='word_1_414' title='bbox 3442 1776 3826 1850; x_wconf 75' lang='grc' dir='ltr'>ὑποδέξασθαι.</span> 
     </span>
    </p>
   </div>
   <div class='ocr_carea' id='block_1_59' title="bbox 2171 1859 3830 1943">
    <p class='ocr_par' dir='ltr' id='par_1_59' title="bbox 2171 1859 3830 1943">
     <span class='ocr_line' id='line_1_60' title="bbox 2171 1859 3830 1943; baseline 0.005 -29"><span class='ocrx_word' id='word_1_415' title='bbox 2171 1859 2296 1916; x_wconf 88' lang='grc' dir='ltr'>ἀλλ’</span> <span class='ocrx_word' id='word_1_416' title='bbox 2321 1859 2411 1916; x_wconf 69' lang='grc' dir='ltr'>’ίνα</span> <span class='ocrx_word' id='word_1_417' title='bbox 2447 1864 2522 1935; x_wconf 78' lang='grc' dir='ltr'>μὴ</span> <span class='ocrx_word' id='word_1_418' title='bbox 2554 1864 2616 1918; x_wconf 90' lang='grc' dir='ltr'>τὸ</span> <span class='ocrx_word' id='word_1_419' title='bbox 2645 1885 2816 1940; x_wconf 85' lang='grc' dir='ltr'>ταχος</span> <span class='ocrx_word' id='word_1_420' title='bbox 2845 1869 2954 1920; x_wconf 81' lang='grc' dir='ltr'><strong>τῶν</strong></span> <span class='ocrx_word' id='word_1_421' title='bbox 2989 1866 3293 1943; x_wconf 71' lang='grc' dir='ltr'>γενομένων</span> <span class='ocrx_word' id='word_1_422' title='bbox 3344 1865 3517 1941; x_wconf 77' lang='grc' dir='ltr'>κλέψῃ</span> <span class='ocrx_word' id='word_1_423' title='bbox 3571 1869 3673 1936; x_wconf 83' lang='grc' dir='ltr'><strong>τήν</strong></span> <span class='ocrx_word' id='word_1_424' title='bbox 3735 1864 3830 1923; x_wconf 76' lang='grc' dir='ltr'>αἵ-</span> 
     </span>
    </p>
   </div>
   <div class='ocr_carea' id='block_1_60' title="bbox 2172 1951 3830 2030">
    <p class='ocr_par' dir='ltr' id='par_1_60' title="bbox 2172 1951 3830 2030">
     <span class='ocr_line' id='line_1_61' title="bbox 2172 1951 3830 2030; baseline 0.005 -26"><span class='ocrx_word' id='word_1_425' title='bbox 2172 1951 2380 2023; x_wconf 80' lang='grc' dir='ltr'>σθησιν,</span> <span class='ocrx_word' id='word_1_426' title='bbox 2412 1956 2651 2026; x_wconf 73' lang='grc' dir='ltr'>παγῆναι</span> <span class='ocrx_word' id='word_1_427' title='bbox 2681 1959 2761 2026; x_wconf 78' lang='grc' dir='ltr'>τῷ</span> <span class='ocrx_word' id='word_1_428' title='bbox 2794 1954 2981 2030; x_wconf 82' lang='grc' dir='ltr'>χρόνῳ</span> <span class='ocrx_word' id='word_1_429' title='bbox 3031 1953 3286 2030; x_wconf 87' lang='grc' dir='ltr'>βούλεται</span> <span class='ocrx_word' id='word_1_430' title='bbox 3327 1961 3444 2018; x_wconf 88' lang='grc' dir='ltr'>τοῖς</span> <span class='ocrx_word' id='word_1_431' title='bbox 3491 1955 3830 2018; x_wconf 80' lang='grc' dir='ltr'>ἀποστόλοις</span> 
     </span>
    </p>
   </div>
   <div class='ocr_carea' id='block_1_61' title="bbox 2172 2037 3828 2122">
    <p class='ocr_par' dir='ltr' id='par_1_61' title="bbox 2172 2037 3828 2122">
     <span class='ocr_line' id='line_1_62' title="bbox 2172 2037 3828 2122; baseline 0.004 -28"><span class='ocrx_word' id='word_1_432' title='bbox 2172 2037 2260 2094; x_wconf 78' lang='grc' dir='ltr'><strong>διὰ</strong></span> <span class='ocrx_word' id='word_1_433' title='bbox 2317 2043 2414 2109; x_wconf 74' lang='grc' dir='ltr'><strong>τῆς</strong></span> <span class='ocrx_word' id='word_1_434' title='bbox 2473 2043 2699 2116; x_wconf 84' lang='grc' dir='ltr'>θεωρίας</span> <span class='ocrx_word' id='word_1_435' title='bbox 2750 2043 2814 2098; x_wconf 81' lang='grc' dir='ltr'><strong>τὰ</strong></span> <span class='ocrx_word' id='word_1_436' title='bbox 2861 2044 3127 2116; x_wconf 87' lang='grc' dir='ltr'>θαύματα,</span> <span class='ocrx_word' id='word_1_437' title='bbox 3176 2044 3266 2100; x_wconf 85' lang='grc' dir='ltr'><strong>καὶ</strong></span> <span class='ocrx_word' id='word_1_438' title='bbox 3320 2048 3388 2119; x_wconf 82' lang='grc' dir='ltr'><strong>τῇ</strong></span> <span class='ocrx_word' id='word_1_439' title='bbox 3449 2051 3668 2122; x_wconf 88' lang='grc' dir='ltr'>συνεχεῖ</span> <span class='ocrx_word' id='word_1_440' title='bbox 3713 2050 3828 2101; x_wconf 79' lang='grc' dir='ltr'><strong>τῶν</strong></span> 
     </span>
    </p>
   </div>
   <div class='ocr_carea' id='block_1_62' title="bbox 2173 2126 3824 2210">
    <p class='ocr_par' dir='ltr' id='par_1_62' title="bbox 2173 2126 3824 2210">
     <span class='ocr_line' id='line_1_63' title="bbox 2173 2126 3824 2210; baseline 0.005 -28"><span class='ocrx_word' id='word_1_441' title='bbox 2173 2127 2436 2202; x_wconf 81' lang='grc' dir='ltr'>ὀμμάτων</span> <span class='ocrx_word' id='word_1_442' title='bbox 2467 2126 2755 2206; x_wconf 79' lang='grc' dir='ltr'>προσϐολῇ</span> <span class='ocrx_word' id='word_1_443' title='bbox 2804 2136 2872 2206; x_wconf 79' lang='grc' dir='ltr'><strong>τῇ</strong></span> <span class='ocrx_word' id='word_1_444' title='bbox 2903 2135 3059 2209; x_wconf 77' lang='grc' dir='ltr'>ψυχῇ</span> <span class='ocrx_word' id='word_1_445' title='bbox 3102 2134 3459 2210; x_wconf 73' lang='grc' dir='ltr'>παραπέμψαι</span> <span class='ocrx_word' id='word_1_446' title='bbox 3488 2144 3587 2204; x_wconf 74' lang='grc' dir='ltr'>τὴν</span> <span class='ocrx_word' id='word_1_447' title='bbox 3619 2135 3824 2191; x_wconf 85' lang='grc' dir='ltr'>πίστιν.</span> 
     </span>
    </p>
   </div>
   <div class='ocr_carea' id='block_1_63' title="bbox 2173 2222 3828 2302">
    <p class='ocr_par' dir='ltr' id='par_1_63' title="bbox 2173 2222 3828 2302">
     <span class='ocr_line' id='line_1_64' title="bbox 2173 2222 3828 2302; baseline 0.009 -31"><span class='ocrx_word' id='word_1_448' title='bbox 2173 2223 2518 2273; x_wconf 77' lang='grc' dir='ltr'>Συνεπιᾶται</span> <span class='ocrx_word' id='word_1_449' title='bbox 2576 2226 2692 2282; x_wconf 81' lang='grc' dir='ltr'>τοῖς</span> <span class='ocrx_word' id='word_1_450' title='bbox 2756 2227 3046 2292; x_wconf 81' lang='grc' dir='ltr'>μαθηταῖς,</span> <span class='ocrx_word' id='word_1_451' title='bbox 3099 2222 3362 2279; x_wconf 80' lang='grc' dir='ltr'>ἀπολαύει</span> <span class='ocrx_word' id='word_1_452' title='bbox 3422 2226 3533 2297; x_wconf 88' lang='grc'><strong>(30)</strong></span> <span class='ocrx_word' id='word_1_453' title='bbox 3592 2230 3828 2302; x_wconf 75' lang='grc' dir='ltr'>τροφῆς,</span> 
     </span>
    </p>
   </div>
   <div class='ocr_carea' id='block_1_64' title="bbox 2173 2303 3828 2388">
    <p class='ocr_par' dir='ltr' id='par_1_64' title="bbox 2173 2303 3828 2388">
     <span class='ocr_line' id='line_1_65' title="bbox 2173 2303 3828 2388; baseline 0.004 -29"><span class='ocrx_word' id='word_1_454' title='bbox 2173 2303 2418 2376; x_wconf 75' lang='grc' dir='ltr'>ἀνενδεὴς</span> <span class='ocrx_word' id='word_1_455' title='bbox 2451 2307 2544 2375; x_wconf 83' lang='grc' dir='ltr'>ὥν,</span> <span class='ocrx_word' id='word_1_456' title='bbox 2596 2315 2872 2386; x_wconf 86' lang='grc' dir='ltr'>συγχωρεῖ</span> <span class='ocrx_word' id='word_1_457' title='bbox 2919 2308 3271 2388; x_wconf 74' lang='grc' dir='ltr'>ψηλαφᾶσθαι</span> <span class='ocrx_word' id='word_1_458' title='bbox 3319 2312 3380 2366; x_wconf 84' lang='grc' dir='ltr'>τὸ</span> <span class='ocrx_word' id='word_1_459' title='bbox 3437 2317 3622 2384; x_wconf 83' lang='grc' dir='ltr'>σῶμα,</span> <span class='ocrx_word' id='word_1_460' title='bbox 3685 2313 3828 2387; x_wconf 81' lang='grc' dir='ltr'>μάρ-</span> 
     </span>
    </p>
   </div>
   <div class='ocr_carea' id='block_1_65' title="bbox 2170 2396 3825 2477">
    <p class='ocr_par' dir='ltr' id='par_1_65' title="bbox 2170 2396 3825 2477">
     <span class='ocr_line' id='line_1_66' title="bbox 2170 2396 3825 2477; baseline 0.004 -27"><span class='ocrx_word' id='word_1_461' title='bbox 2170 2416 2330 2470; x_wconf 87' lang='grc' dir='ltr'>τυρας</span> <span class='ocrx_word' id='word_1_462' title='bbox 2358 2403 2457 2466; x_wconf 80' lang='grc' dir='ltr'><strong>τῆς</strong></span> <span class='ocrx_word' id='word_1_463' title='bbox 2517 2396 2776 2468; x_wconf 79' lang='grc' dir='ltr'>ἀληθείας</span> <span class='ocrx_word' id='word_1_464' title='bbox 2829 2399 2927 2453; x_wconf 82' lang='grc' dir='ltr'><strong>οὑκ</strong></span> <span class='ocrx_word' id='word_1_465' title='bbox 2961 2399 3281 2477; x_wconf 71' lang='grc' dir='ltr'>ὀφθαλμοὺς</span> <span class='ocrx_word' id='word_1_466' title='bbox 3319 2401 3502 2474; x_wconf 84' lang='grc' dir='ltr'>μόνον,</span> <span class='ocrx_word' id='word_1_467' title='bbox 3557 2399 3706 2456; x_wconf 83' lang='grc' dir='ltr'><strong>ἀλλά</strong></span> <span class='ocrx_word' id='word_1_468' title='bbox 3734 2400 3825 2456; x_wconf 83' lang='grc' dir='ltr'><strong>καὶ</strong></span> 
     </span>
    </p>
   </div>
   <div class='ocr_carea' id='block_1_66' title="bbox 2173 2482 3825 2567">
    <p class='ocr_par' dir='ltr' id='par_1_66' title="bbox 2173 2482 3825 2567">
     <span class='ocr_line' id='line_1_67' title="bbox 2173 2482 3825 2567; baseline 0.003 -27"><span class='ocrx_word' id='word_1_469' title='bbox 2173 2482 2477 2547; x_wconf 85' lang='grc' dir='ltr'>δακτύλους</span> <span class='ocrx_word' id='word_1_470' title='bbox 2538 2484 2921 2564; x_wconf 82' lang='grc' dir='ltr'>ἐφελκόμενος.</span> <span class='ocrx_word' id='word_1_471' title='bbox 2983 2490 3160 2551; x_wconf 72' lang='grc' dir='ltr'>Λύσας</span> <span class='ocrx_word' id='word_1_472' title='bbox 3222 2487 3314 2543; x_wconf 84' lang='grc' dir='ltr'><strong>οῦν</strong></span> <span class='ocrx_word' id='word_1_473' title='bbox 3375 2493 3473 2554; x_wconf 79' lang='grc' dir='ltr'><strong>τῆς</strong></span> <span class='ocrx_word' id='word_1_474' title='bbox 3531 2489 3825 2567; x_wconf 79' lang='grc' dir='ltr'>φαντασίας</span> 
     </span>
    </p>
   </div>
   <div class='ocr_carea' id='block_1_67' title="bbox 2172 2574 3825 2654">
    <p class='ocr_par' dir='ltr' id='par_1_67' title="bbox 2172 2574 3825 2654">
     <span class='ocr_line' id='line_1_68' title="bbox 2172 2574 3825 2654; baseline 0.004 -26"><span class='ocrx_word' id='word_1_475' title='bbox 2172 2576 2272 2642; x_wconf 74' lang='grc' dir='ltr'>τήν</span> <span class='ocrx_word' id='word_1_476' title='bbox 2309 2574 2539 2648; x_wconf 85' lang='grc' dir='ltr'>ὑποψίαν</span> <span class='ocrx_word' id='word_1_477' title='bbox 2592 2576 2670 2647; x_wconf 79' lang='grc' dir='ltr'>τῷ</span> <span class='ocrx_word' id='word_1_478' title='bbox 2718 2576 2906 2652; x_wconf 81' lang='grc' dir='ltr'>χρόνῳ</span> <span class='ocrx_word' id='word_1_479' title='bbox 2962 2583 3063 2646; x_wconf 84' lang='grc' dir='ltr'><strong>τῆς</strong></span> <span class='ocrx_word' id='word_1_480' title='bbox 3106 2578 3429 2652; x_wconf 84' lang='grc' dir='ltr'>παρουσίας,</span> <span class='ocrx_word' id='word_1_481' title='bbox 3473 2577 3563 2632; x_wconf 83' lang='grc' dir='ltr'><strong>καὶ</strong></span> <span class='ocrx_word' id='word_1_482' title='bbox 3592 2581 3661 2633; x_wconf 74' lang='grc' dir='ltr'>τὰ</span> <span class='ocrx_word' id='word_1_483' title='bbox 3687 2581 3825 2654; x_wconf 83' lang='grc' dir='ltr'>πρὸς</span> 
     </span>
    </p>
   </div>
   <div class='ocr_carea' id='block_1_68' title="bbox 2177 2661 3826 2744">
    <p class='ocr_par' dir='ltr' id='par_1_68' title="bbox 2177 2661 3826 2744">
     <span class='ocr_line' id='line_1_69' title="bbox 2177 2661 3826 2744; baseline 0.004 -28"><span class='ocrx_word' id='word_1_484' title='bbox 2177 2665 2273 2732; x_wconf 79' lang='grc' dir='ltr'>τὴν</span> <span class='ocrx_word' id='word_1_485' title='bbox 2307 2661 2616 2737; x_wconf 81' lang='grc' dir='ltr'>ἀποδημίαν</span> <span class='ocrx_word' id='word_1_486' title='bbox 2660 2664 2842 2720; x_wconf 82' lang='grc' dir='ltr'>εἰκότα</span> <span class='ocrx_word' id='word_1_487' title='bbox 2888 2671 3004 2728; x_wconf 85' lang='grc' dir='ltr'>τοῖς</span> <span class='ocrx_word' id='word_1_488' title='bbox 3056 2665 3384 2728; x_wconf 75' lang='grc' dir='ltr'>ἀποστόλοις</span> <span class='ocrx_word' id='word_1_489' title='bbox 3436 2667 3826 2744; x_wconf 72' lang='grc' dir='ltr'>φθεγξάμενος,</span> 
     </span>
    </p>
   </div>
   <div class='ocr_carea' id='block_1_69' title="bbox 2175 2751 3822 2831">
    <p class='ocr_par' dir='ltr' id='par_1_69' title="bbox 2175 2751 3822 2831">
     <span class='ocr_line' id='line_1_70' title="bbox 2175 2751 3822 2831; baseline 0.004 -26"><span class='ocrx_word' id='word_1_490' title='bbox 2175 2753 2363 2814; x_wconf 74' lang='grc' dir='ltr'>θεατὰς</span> <span class='ocrx_word' id='word_1_491' title='bbox 2388 2760 2487 2822; x_wconf 82' lang='grc' dir='ltr'>τῆς</span> <span class='ocrx_word' id='word_1_492' title='bbox 2517 2751 2708 2807; x_wconf 84' lang='grc' dir='ltr'>ἀνόδου</span> <span class='ocrx_word' id='word_1_493' title='bbox 2761 2752 2886 2816; x_wconf 74' lang='grc' dir='ltr'>τοὺς</span> <span class='ocrx_word' id='word_1_494' title='bbox 2930 2754 3174 2826; x_wconf 67' lang='grc' dir='ltr'>μαθητὰς</span> <span class='ocrx_word' id='word_1_495' title='bbox 3232 2756 3612 2831; x_wconf 84' lang='grc' dir='ltr'>ἀπεργάζεται.</span> <span class='ocrx_word' id='word_1_496' title='bbox 3673 2753 3822 2812; x_wconf 76' lang='grc' dir='ltr'>Ἔδει</span> 
     </span>
    </p>
   </div>
   <div class='ocr_carea' id='block_1_70' title="bbox 2175 2842 3824 2924">
    <p class='ocr_par' dir='ltr' id='par_1_70' title="bbox 2175 2842 3824 2924">
     <span class='ocr_line' id='line_1_71' title="bbox 2175 2842 3824 2924; baseline 0.003 -29"><span class='ocrx_word' id='word_1_497' title='bbox 2175 2842 2277 2917; x_wconf 77' lang='grc' dir='ltr'><strong>γὰρ</strong></span> <span class='ocrx_word' id='word_1_498' title='bbox 2324 2847 2431 2896; x_wconf 80' lang='grc' dir='ltr'>τῶν</span> <span class='ocrx_word' id='word_1_499' title='bbox 2491 2842 2777 2914; x_wconf 73' lang='grc' dir='ltr'>θαυμάτων</span> <span class='ocrx_word' id='word_1_500' title='bbox 2834 2844 2961 2905; x_wconf 78' lang='grc' dir='ltr'>τοὺς</span> <span class='ocrx_word' id='word_1_501' title='bbox 3002 2846 3266 2919; x_wconf 72' lang='grc' dir='ltr'>κήρυκας,</span> <span class='ocrx_word' id='word_1_502' title='bbox 3299 2842 3676 2900; x_wconf 84' lang='grc' dir='ltr'>ἀνενδοίαστον</span> <span class='ocrx_word' id='word_1_503' title='bbox 3731 2844 3824 2924; x_wconf 77' lang='grc' dir='ltr'><strong>φέ-</strong></span> 
     </span>
    </p>
   </div>
   <div class='ocr_carea' id='block_1_71' title="bbox 2175 2931 3823 3009">
    <p class='ocr_par' dir='ltr' id='par_1_71' title="bbox 2175 2931 3823 3009">
     <span class='ocr_line' id='line_1_72' title="bbox 2175 2931 3823 3009; baseline 0.001 -23"><span class='ocrx_word' id='word_1_504' title='bbox 2175 2952 2284 3006; x_wconf 92' lang='grc' dir='ltr'>ρειν</span> <span class='ocrx_word' id='word_1_505' title='bbox 2337 2935 2444 2986; x_wconf 75' lang='grc' dir='ltr'>τῶν</span> <span class='ocrx_word' id='word_1_506' title='bbox 2491 2931 2909 3005; x_wconf 78' lang='grc' dir='ltr'>κηρυττομένων</span> <span class='ocrx_word' id='word_1_507' title='bbox 2969 2933 3067 3009; x_wconf 71' lang='grc' dir='ltr'>τὴν</span> <span class='ocrx_word' id='word_1_508' title='bbox 3135 2938 3352 3009; x_wconf 82' lang='grc' dir='ltr'>γνῶσιν.</span> <span class='ocrx_word' id='word_1_509' title='bbox 3410 2935 3664 3008; x_wconf 70' lang='grc' dir='ltr'>’Δνηγετο</span> <span class='ocrx_word' id='word_1_510' title='bbox 3728 2935 3823 3007; x_wconf 65' lang='grc' dir='ltr'>μὲν</span> 
     </span>
    </p>
   </div>
   <div class='ocr_carea' id='block_1_72' title="bbox 2176 3015 3826 3100">
    <p class='ocr_par' dir='ltr' id='par_1_72' title="bbox 2176 3015 3826 3100">
     <span class='ocr_line' id='line_1_73' title="bbox 2176 3015 3826 3100; baseline 0.004 -28"><span class='ocrx_word' id='word_1_511' title='bbox 2176 3017 2265 3073; x_wconf 80' lang='grc' dir='ltr'><strong>οὗν</strong></span> <span class='ocrx_word' id='word_1_512' title='bbox 2299 3021 2326 3074; x_wconf 86' lang='grc' dir='ltr'>ὁ</span> <span class='ocrx_word' id='word_1_513' title='bbox 2359 3021 2517 3090; x_wconf 75' lang='grc' dir='ltr'>Σωτή</span> <span class='ocrx_word' id='word_1_514' title='bbox 2527 3039 2576 3094; x_wconf 85' lang='grc' dir='ltr'>ρ’</span> <span class='ocrx_word' id='word_1_515' title='bbox 2612 3015 2841 3076; x_wconf 73' lang='grc' dir='ltr'>ἔϐλεπον</span> <span class='ocrx_word' id='word_1_516' title='bbox 2868 3018 2925 3076; x_wconf 81' lang='grc' dir='ltr'><strong>δὶ</strong></span> <span class='ocrx_word' id='word_1_517' title='bbox 2953 3022 3190 3076; x_wconf 78' lang='grc' dir='ltr'>κάτωθεν</span> <span class='ocrx_word' id='word_1_518' title='bbox 3215 3022 3265 3075; x_wconf 76' lang='grc' dir='ltr'>οἱ</span> <span class='ocrx_word' id='word_1_519' title='bbox 3293 3023 3554 3094; x_wconf 72' lang='grc' dir='ltr'>μαθηταί*</span> <span class='ocrx_word' id='word_1_520' title='bbox 3578 3023 3740 3100; x_wconf 79' lang='grc' dir='ltr'>νέιρος</span> <span class='ocrx_word' id='word_1_521' title='bbox 3768 3021 3826 3078; x_wconf 68' lang='grc' dir='ltr'>δὲ</span> 
     </span>
    </p>
   </div>
   <div class='ocr_carea' id='block_1_73' title="bbox 2173 3104 3824 3186">
    <p class='ocr_par' dir='ltr' id='par_1_73' title="bbox 2173 3104 3824 3186">
     <span class='ocr_line' id='line_1_74' title="bbox 2173 3104 3824 3186; baseline 0.005 -24"><span class='ocrx_word' id='word_1_522' title='bbox 2173 3107 2302 3169; x_wconf 84' lang='grc' dir='ltr'>τοὺς</span> <span class='ocrx_word' id='word_1_523' title='bbox 2325 3104 2493 3169; x_wconf 86' lang='grc' dir='ltr'>πόδας</span> <span class='ocrx_word' id='word_1_524' title='bbox 2513 3105 2861 3181; x_wconf 83' lang='grc' dir='ltr'>ὑποδραμὼν,</span> <span class='ocrx_word' id='word_1_525' title='bbox 2886 3105 2993 3186; x_wconf 70' lang='grc' dir='ltr'>ἔχη</span> <span class='ocrx_word' id='word_1_526' title='bbox 3005 3131 3078 3182; x_wconf 86' lang='grc' dir='ltr'><strong>μα</strong></span> <span class='ocrx_word' id='word_1_527' title='bbox 3098 3111 3234 3184; x_wconf 87' lang='grc' dir='ltr'>πρὸς</span> <span class='ocrx_word' id='word_1_528' title='bbox 3254 3111 3344 3166; x_wconf 87' lang='grc' dir='ltr'><strong>τὸν</strong></span> <span class='ocrx_word' id='word_1_529' title='bbox 3372 3107 3572 3186; x_wconf 84' lang='grc' dir='ltr'>δρόμον</span> <span class='ocrx_word' id='word_1_530' title='bbox 3595 3111 3824 3186; x_wconf 78' lang='grc' dir='ltr'>ἐγίνετο.</span> 
     </span>
    </p>
   </div>
   <div class='ocr_carea' id='block_1_74' title="bbox 2174 3195 3827 3277">
    <p class='ocr_par' dir='ltr' id='par_1_74' title="bbox 2174 3195 3827 3277">
     <span class='ocr_line' id='line_1_75' title="bbox 2174 3195 3827 3277; baseline 0.002 -25"><span class='ocrx_word' id='word_1_531' title='bbox 2174 3199 2240 3252; x_wconf 82' lang='grc' dir='ltr'><strong>’Ὠ</strong></span> <span class='ocrx_word' id='word_1_532' title='bbox 2270 3195 2585 3274; x_wconf 81' lang='grc' dir='ltr'>παραδόξων</span> <span class='ocrx_word' id='word_1_533' title='bbox 2620 3200 2908 3272; x_wconf 78' lang='grc' dir='ltr'>θαυμάτων</span> <span class='ocrx_word' id='word_1_534' title='bbox 2937 3201 2948 3254; x_wconf 80' lang='grc' dir='ltr'><strong>ί</strong></span> <span class='ocrx_word' id='word_1_535' title='bbox 2980 3204 3033 3252; x_wconf 75' lang='lat'><strong>‘0</strong></span> <span class='ocrx_word' id='word_1_536' title='bbox 3056 3200 3160 3274; x_wconf 72' lang='grc' dir='ltr'>ἀὴρ</span> <span class='ocrx_word' id='word_1_537' title='bbox 3193 3197 3688 3277; x_wconf 77' lang='grc' dir='ltr'>διοδεύεται,αίθὴρ</span> <span class='ocrx_word' id='word_1_538' title='bbox 3715 3199 3827 3256; x_wconf 84' lang='grc' dir='ltr'>δια-</span> 
     </span>
    </p>
   </div>
   <div class='ocr_carea' id='block_1_75' title="bbox 2177 3283 3826 3363">
    <p class='ocr_par' dir='ltr' id='par_1_75' title="bbox 2177 3283 3826 3363">
     <span class='ocr_line' id='line_1_76' title="bbox 2177 3283 3826 3363; baseline 0.002 -22"><span class='ocrx_word' id='word_1_539' title='bbox 2177 3283 2413 3362; x_wconf 67' lang='grc' dir='ltr'>δέχεται,</span> <span class='ocrx_word' id='word_1_540' title='bbox 2449 3286 2670 3363; x_wconf 74' lang='grc' dir='ltr'>ἄγγελοι</span> <span class='ocrx_word' id='word_1_541' title='bbox 2703 3287 3248 3363; x_wconf 75' lang='grc' dir='ltr'>συμπαρατρέχοντες</span> <span class='ocrx_word' id='word_1_542' title='bbox 3279 3287 3511 3363; x_wconf 75' lang='grc' dir='ltr'>ᾅσμασιν</span> <span class='ocrx_word' id='word_1_543' title='bbox 3535 3289 3826 3353; x_wconf 82' lang='grc' dir='ltr'>ἐπινικίοις</span> 
     </span>
    </p>
   </div>
   <div class='ocr_carea' id='block_1_76' title="bbox 2175 3375 3825 3453">
    <p class='ocr_par' dir='ltr' id='par_1_76' title="bbox 2175 3375 3825 3453">
     <span class='ocr_line' id='line_1_77' title="bbox 2175 3375 3825 3453; baseline 0.003 -23"><span class='ocrx_word' id='word_1_544' title='bbox 2175 3375 2584 3450; x_wconf 76' lang='grc' dir='ltr'><strong>ὲπανηγύριζον⁸</strong></span> <span class='ocrx_word' id='word_1_545' title='bbox 2647 3376 3130 3452; x_wconf 72' lang='grc' dir='ltr'>ἐκπεπληγμένους</span> <span class='ocrx_word' id='word_1_546' title='bbox 3180 3381 3247 3453; x_wconf 77' lang='grc' dir='ltr'><strong>τῇ</strong></span> <span class='ocrx_word' id='word_1_547' title='bbox 3301 3377 3394 3450; x_wconf 74' lang='grc' dir='ltr'><strong>θέᾳ</strong></span> <span class='ocrx_word' id='word_1_548' title='bbox 3422 3377 3551 3442; x_wconf 74' lang='grc' dir='ltr'>τοὺς</span> <span class='ocrx_word' id='word_1_549' title='bbox 3587 3380 3825 3452; x_wconf 73' lang='grc' dir='ltr'>μαθητὰς</span> 
     </span>
    </p>
   </div>
   <div class='ocr_carea' id='block_1_77' title="bbox 2174 3463 3829 3542">
    <p class='ocr_par' dir='ltr' id='par_1_77' title="bbox 2174 3463 3829 3542">
     <span class='ocr_line' id='line_1_78' title="bbox 2174 3463 3829 3542; baseline 0.003 -24"><span class='ocrx_word' id='word_1_550' title='bbox 2174 3464 2442 3538; x_wconf 73' lang='grc' dir='ltr'>ἑορτάζειν</span> <span class='ocrx_word' id='word_1_551' title='bbox 2472 3463 2705 3520; x_wconf 64' lang='grc' dir='ltr'>ἔπειθον·</span> <span class='ocrx_word' id='word_1_552' title='bbox 2741 3491 2768 3517; x_wconf 90' lang='grc'><strong>‹‹</strong></span> <span class='ocrx_word' id='word_1_553' title='bbox 2801 3465 2862 3519; x_wconf 90' lang='grc' dir='ltr'>Τί</span> <span class='ocrx_word' id='word_1_554' title='bbox 2894 3465 3152 3536; x_wconf 74' lang='grc' dir='ltr'>ἑστήκατε</span> <span class='ocrx_word' id='word_1_555' title='bbox 3182 3463 3548 3540; x_wconf 69' lang='grc' dir='ltr'>ἐμϐλέποντες</span> <span class='ocrx_word' id='word_1_556' title='bbox 3581 3471 3696 3542; x_wconf 84' lang='grc'><strong>(31)</strong></span> <span class='ocrx_word' id='word_1_557' title='bbox 3753 3467 3829 3531; x_wconf 80' lang='grc' dir='ltr'><strong>είς</strong></span> 
     </span>
    </p>
   </div>
   <div class='ocr_carea' id='block_1_78' title="bbox 2174 3553 3830 3631">
    <p class='ocr_par' dir='ltr' id='par_1_78' title="bbox 2174 3553 3830 3631">
     <span class='ocr_line' id='line_1_79' title="bbox 2174 3553 3830 3631; baseline 0.004 -24"><span class='ocrx_word' id='word_1_558' title='bbox 2174 3554 2263 3608; x_wconf 90' lang='grc' dir='ltr'>τὸν</span> <span class='ocrx_word' id='word_1_559' title='bbox 2321 3553 2590 3628; x_wconf 66' lang='grc' dir='ltr'>οὑρανόνς</span> <span class='ocrx_word' id='word_1_560' title='bbox 2654 3579 2680 3604; x_wconf 81' lang='grc' dir='ltr'>(ι</span> <span class='ocrx_word' id='word_1_561' title='bbox 2729 3553 2789 3607; x_wconf 90' lang='grc' dir='ltr'>Τί</span> <span class='ocrx_word' id='word_1_562' title='bbox 2843 3553 3143 3625; x_wconf 60' lang='lat' dir='ltr'><strong>terriﬁsza;</strong></span> <span class='ocrx_word' id='word_1_563' title='bbox 3201 3554 3282 3629; x_wconf 73' lang='grc' dir='ltr'><strong>τῷ</strong></span> <span class='ocrx_word' id='word_1_564' title='bbox 3331 3555 3522 3628; x_wconf 88' lang='grc' dir='ltr'>κόσμῳ</span> <span class='ocrx_word' id='word_1_565' title='bbox 3553 3558 3617 3611; x_wconf 82' lang='grc' dir='ltr'><strong>τὸ</strong></span> <span class='ocrx_word' id='word_1_566' title='bbox 3647 3559 3830 3631; x_wconf 88' lang='grc' dir='ltr'>θαῦμα</span> 
     </span>
    </p>
   </div>
   <div class='ocr_carea' id='block_1_79' title="bbox 2174 3640 3828 3720">
    <p class='ocr_par' dir='ltr' id='par_1_79' title="bbox 2174 3640 3828 3720">
     <span class='ocr_line' id='line_1_80' title="bbox 2174 3640 3828 3720; baseline 0.004 -25"><span class='ocrx_word' id='word_1_567' title='bbox 2174 3641 2463 3715; x_wconf 78' lang='grc' dir='ltr'>κηρύξατε,</span> <span class='ocrx_word' id='word_1_568' title='bbox 2491 3646 2560 3716; x_wconf 77' lang='grc' dir='ltr'><strong>τῇ</strong></span> <span class='ocrx_word' id='word_1_569' title='bbox 2589 3640 2876 3715; x_wconf 74' lang='grc' dir='ltr'>ἀποδημίᾳ</span> <span class='ocrx_word' id='word_1_570' title='bbox 2921 3645 3019 3711; x_wconf 85' lang='grc' dir='ltr'><strong>τήν</strong></span> <span class='ocrx_word' id='word_1_571' title='bbox 3074 3643 3392 3720; x_wconf 89' lang='grc' dir='ltr'>παρουσίαν·</span> <span class='ocrx_word' id='word_1_572' title='bbox 3451 3645 3624 3707; x_wconf 68' lang='grc' dir='ltr'>οὕτως</span> <span class='ocrx_word' id='word_1_573' title='bbox 3681 3645 3828 3702; x_wconf 67' lang='grc' dir='ltr'>ἐλεύ-</span> 
     </span>
    </p>
   </div>
   <div class='ocr_carea' id='block_1_80' title="bbox 2176 3729 3828 3808">
    <p class='ocr_par' dir='ltr' id='par_1_80' title="bbox 2176 3729 3828 3808">
     <span class='ocr_line' id='line_1_81' title="bbox 2176 3729 3828 3808; baseline 0.004 -25"><span class='ocrx_word' id='word_1_574' title='bbox 2176 3751 2344 3798; x_wconf 85' lang='grc' dir='ltr'>σεται,</span> <span class='ocrx_word' id='word_1_575' title='bbox 2405 3729 2462 3784; x_wconf 82' lang='grc' dir='ltr'><strong>ὅν</strong></span> <span class='ocrx_word' id='word_1_576' title='bbox 2515 3730 2720 3806; x_wconf 82' lang='grc' dir='ltr'>τρόπον</span> <span class='ocrx_word' id='word_1_577' title='bbox 2776 3730 3062 3795; x_wconf 78' lang='grc' dir='ltr'>ἐθεάσασθε</span> <span class='ocrx_word' id='word_1_578' title='bbox 3116 3733 3273 3787; x_wconf 75' lang='grc' dir='ltr'>αὑτὸν</span> <span class='ocrx_word' id='word_1_579' title='bbox 3334 3735 3708 3808; x_wconf 86' lang='grc' dir='ltr'>πορευόμενον</span> <span class='ocrx_word' id='word_1_580' title='bbox 3751 3731 3828 3797; x_wconf 75' lang='grc' dir='ltr'><strong>είς</strong></span> 
     </span>
    </p>
   </div>
   <div class='ocr_carea' id='block_1_81' title="bbox 2171 3818 3828 3898">
    <p class='ocr_par' dir='ltr' id='par_1_81' title="bbox 2171 3818 3828 3898">
     <span class='ocr_line' id='line_1_82' title="bbox 2171 3818 3828 3898; baseline 0.002 -24"><span class='ocrx_word' id='word_1_581' title='bbox 2171 3820 2262 3874; x_wconf 87' lang='grc' dir='ltr'><strong>τὸν</strong></span> <span class='ocrx_word' id='word_1_582' title='bbox 2297 3819 2544 3896; x_wconf 73' lang='grc' dir='ltr'>οὐρανόν.</span> <span class='ocrx_word' id='word_1_583' title='bbox 2576 3818 2794 3874; x_wconf 85' lang='grc' dir='ltr'>Τούτων</span> <span class='ocrx_word' id='word_1_584' title='bbox 2829 3819 3062 3883; x_wconf 88' lang='grc' dir='ltr'>ἀκούσας</span> <span class='ocrx_word' id='word_1_585' title='bbox 3102 3826 3211 3876; x_wconf 78' lang='grc' dir='ltr'>τῶν</span> <span class='ocrx_word' id='word_1_586' title='bbox 3263 3827 3458 3898; x_wconf 79' lang='grc' dir='ltr'>φωνῶν</span> <span class='ocrx_word' id='word_1_587' title='bbox 3505 3824 3534 3878; x_wconf 82' lang='grc' dir='ltr'><strong>ὁ</strong></span> <span class='ocrx_word' id='word_1_588' title='bbox 3583 3821 3828 3895; x_wconf 84' lang='grc' dir='ltr'>Παῦλος,</span> 
     </span>
    </p>
   </div>
   <div class='ocr_carea' id='block_1_82' title="bbox 2173 3906 3825 3988">
    <p class='ocr_par' dir='ltr' id='par_1_82' title="bbox 2173 3906 3825 3988">
     <span class='ocr_line' id='line_1_83' title="bbox 2173 3906 3825 3988; baseline 0.003 -26"><span class='ocrx_word' id='word_1_589' title='bbox 2173 3911 2270 3977; x_wconf 73' lang='grc' dir='ltr'><strong>τῆς</strong></span> <span class='ocrx_word' id='word_1_590' title='bbox 2303 3915 2486 3986; x_wconf 74' lang='grc' dir='ltr'>φωνῆς</span> <span class='ocrx_word' id='word_1_591' title='bbox 2519 3908 2707 3986; x_wconf 70' lang='grc' dir='ltr'>ἀφίησι</span> <span class='ocrx_word' id='word_1_592' title='bbox 2738 3908 2831 3970; x_wconf 83' lang='grc' dir='ltr'><strong>τὰς</strong></span> <span class='ocrx_word' id='word_1_593' title='bbox 2880 3906 3209 3984; x_wconf 87' lang='grc' dir='ltr'>σάλπιγγας,</span> <span class='ocrx_word' id='word_1_594' title='bbox 3261 3907 3351 3965; x_wconf 78' lang='grc' dir='ltr'><strong>διὰ</strong></span> <span class='ocrx_word' id='word_1_595' title='bbox 3396 3915 3504 3966; x_wconf 83' lang='grc' dir='ltr'><strong>τῶν</strong></span> <span class='ocrx_word' id='word_1_596' title='bbox 3562 3912 3825 3988; x_wconf 80' lang='grc' dir='ltr'>γραμμά-</span> 
     </span>
    </p>
   </div>
   <div class='ocr_carea' id='block_1_83' title="bbox 2173 3997 3828 4075">
    <p class='ocr_par' dir='ltr' id='par_1_83' title="bbox 2173 3997 3828 4075">
     <span class='ocr_line' id='line_1_84' title="bbox 2173 3997 3828 4075; baseline 0.003 -24"><span class='ocrx_word' id='word_1_597' title='bbox 2173 4018 2278 4051; x_wconf 90' lang='grc' dir='ltr'><strong>των</strong></span> <span class='ocrx_word' id='word_1_598' title='bbox 2323 3999 2620 4072; x_wconf 81' lang='grc' dir='ltr'>κεκραγὼς·</span> <span class='ocrx_word' id='word_1_599' title='bbox 2687 4021 2712 4046; x_wconf 77' lang='grc' dir='ltr'>(ι</span> <span class='ocrx_word' id='word_1_600' title='bbox 2770 3999 2956 4070; x_wconf 73' lang='grc' dir='ltr'><strong>Ἠμῶν</strong></span> <span class='ocrx_word' id='word_1_601' title='bbox 3005 4000 3067 4053; x_wconf 88' lang='grc' dir='ltr'>τὸ</span> <span class='ocrx_word' id='word_1_602' title='bbox 3117 3997 3423 4072; x_wconf 78' lang='grc' dir='ltr'>πολίτευμα</span> <span class='ocrx_word' id='word_1_603' title='bbox 3467 3999 3521 4054; x_wconf 75' lang='grc' dir='ltr'>ἐν</span> <span class='ocrx_word' id='word_1_604' title='bbox 3573 4002 3828 4075; x_wconf 83' lang='grc' dir='ltr'>οὑρανοῖς</span> 
     </span>
    </p>
   </div>
   <div class='ocr_carea' id='block_1_84' title="bbox 427 4072 2061 4168">
    <p class='ocr_par' dir='ltr' id='par_1_84' title="bbox 427 4091 2061 4168">
     <span class='ocr_line' id='line_1_85' title="bbox 427 4091 2061 4168; baseline -0.007 -16"><span class='ocrx_word' id='word_1_605' title='bbox 427 4121 455 4147; x_wconf 93' lang='grc'><strong>‹‹</strong></span> <span class='ocrx_word' id='word_1_606' title='bbox 492 4099 811 4168; x_wconf 66' lang='grc' dir='ltr'>Ιῖιιρὶροὶιιι·</span> <span class='ocrx_word' id='word_1_607' title='bbox 838 4096 898 4150; x_wconf 91' lang='lat' dir='ltr'><strong>in</strong></span> <span class='ocrx_word' id='word_1_608' title='bbox 931 4093 1189 4149; x_wconf 89' lang='lat' dir='ltr'><strong>nubibus</strong></span> <span class='ocrx_word' id='word_1_609' title='bbox 1221 4091 1276 4144; x_wconf 91' lang='lat' dir='ltr'><strong>in</strong></span> <span class='ocrx_word' id='word_1_610' title='bbox 1329 4105 1483 4160; x_wconf 86' lang='lat' dir='ltr'><strong>aera,</strong></span> <span class='ocrx_word' id='word_1_611' title='bbox 1515 4091 1573 4142; x_wconf 89' lang='lat' dir='ltr'><strong>in</strong></span> <span class='ocrx_word' id='word_1_612' title='bbox 1614 4104 1922 4143; x_wconf 90' lang='lat' dir='ltr'><strong>occursum</strong></span> <span class='ocrx_word' id='word_1_613' title='bbox 1958 4092 2061 4142; x_wconf 87' lang='lat' dir='ltr'><strong>Do-</strong></span> 
     </span>
    </p>
   </div>
   <div class='ocr_carea' id='block_1_85' title="bbox 2173 4072 3826 4168">
    <p class='ocr_par' dir='ltr' id='par_1_85' title="bbox 2176 4084 3826 4164">
     <span class='ocr_line' id='line_1_86' title="bbox 2176 4084 3826 4164; baseline 0.001 -23"><span class='ocrx_word' id='word_1_614' title='bbox 2176 4087 2431 4161; x_wconf 71' lang='grc' dir='ltr'>ύπάρχει,</span> <span class='ocrx_word' id='word_1_615' title='bbox 2487 4086 2537 4156; x_wconf 79' lang='grc' dir='ltr'><strong>ἐξ</strong></span> <span class='ocrx_word' id='word_1_616' title='bbox 2601 4087 2663 4140; x_wconf 79' lang='grc' dir='ltr'><strong>οὗ</strong></span> <span class='ocrx_word' id='word_1_617' title='bbox 2719 4086 2809 4140; x_wconf 81' lang='grc' dir='ltr'><strong>καὶ</strong></span> <span class='ocrx_word' id='word_1_618' title='bbox 2863 4093 3100 4161; x_wconf 79' lang='grc' dir='ltr'>Σωτῆρα</span> <span class='ocrx_word' id='word_1_619' title='bbox 3150 4084 3570 4162; x_wconf 79' lang='grc' dir='ltr'>ἀπεκδεχόμεθα</span> <span class='ocrx_word' id='word_1_620' title='bbox 3622 4089 3826 4164; x_wconf 88' lang='grc' dir='ltr'>Κύριον</span> 
     </span>
    </p>
   </div>
   <div class='ocr_carea' id='block_1_86' title="bbox 424 4175 2064 4250">
    <p class='ocr_par' dir='ltr' id='par_1_86' title="bbox 424 4175 2064 4250">
     <span class='ocr_line' id='line_1_87' title="bbox 424 4175 2064 4250; baseline -0.007 -9"><span class='ocrx_word' id='word_1_621' title='bbox 424 4187 571 4242; x_wconf 89' lang='lat' dir='ltr'><strong>mini</strong></span> <span class='ocrx_word' id='word_1_622' title='bbox 605 4188 702 4238; x_wconf 74' lang='lat'><strong>“.»</strong></span> <span class='ocrx_word' id='word_1_623' title='bbox 736 4183 960 4239; x_wconf 87' lang='lat' dir='ltr'><strong>Etenim</strong></span> <span class='ocrx_word' id='word_1_624' title='bbox 994 4182 1146 4238; x_wconf 69' lang='lat'><strong>402</strong></span> <span class='ocrx_word' id='word_1_625' title='bbox 1172 4179 1317 4250; x_wconf 86' lang='lat' dir='ltr'><strong>justi</strong></span> <span class='ocrx_word' id='word_1_626' title='bbox 1349 4177 1655 4250; x_wconf 81' lang='lat' dir='ltr'><strong>fulgebunt</strong></span> <span class='ocrx_word' id='word_1_627' title='bbox 1685 4175 1837 4231; x_wconf 89' lang='lat' dir='ltr'><strong>sicut</strong></span> <span class='ocrx_word' id='word_1_628' title='bbox 1866 4175 2064 4247; x_wconf 91' lang='lat' dir='ltr'><strong>splen-</strong></span> 
     </span>
    </p>
   </div>
   <div class='ocr_carea' id='block_1_87' title="bbox 425 4263 2066 4338">
    <p class='ocr_par' dir='ltr' id='par_1_87' title="bbox 425 4263 2066 4338">
     <span class='ocr_line' id='line_1_88' title="bbox 425 4263 2066 4338; baseline -0.008 -8"><span class='ocrx_word' id='word_1_629' title='bbox 425 4277 529 4330; x_wconf 90' lang='lat' dir='ltr'><strong>dor</strong></span> <span class='ocrx_word' id='word_1_630' title='bbox 572 4273 945 4328; x_wconf 71' lang='lat' dir='ltr'><strong>firmamenti.</strong></span> <span class='ocrx_word' id='word_1_631' title='bbox 974 4271 1053 4325; x_wconf 85' lang='lat' dir='ltr'><strong>Ex</strong></span> <span class='ocrx_word' id='word_1_632' title='bbox 1082 4268 1374 4324; x_wconf 89' lang='lat' dir='ltr'><strong>dominica</strong></span> <span class='ocrx_word' id='word_1_633' title='bbox 1424 4266 1605 4338; x_wconf 86' lang='lat' dir='ltr'><strong>igitur</strong></span> <span class='ocrx_word' id='word_1_634' title='bbox 1649 4263 2066 4335; x_wconf 89' lang='lat' dir='ltr'><strong>Assumptione</strong></span> 
     </span>
    </p>
   </div>
   <div class='ocr_carea' id='block_1_88' title="bbox 415 4351 2063 4419">
    <p class='ocr_par' dir='ltr' id='par_1_88' title="bbox 415 4351 2063 4419">
     <span class='ocr_line' id='line_1_89' title="bbox 415 4351 2063 4419; baseline -0.008 0"><span class='ocrx_word' id='word_1_635' title='bbox 415 4364 729 4419; x_wconf 83' lang='lat' dir='ltr'><strong>Salvatoris</strong></span> <span class='ocrx_word' id='word_1_636' title='bbox 777 4360 963 4416; x_wconf 89' lang='lat' dir='ltr'><strong>nostri</strong></span> <span class='ocrx_word' id='word_1_637' title='bbox 993 4365 1051 4414; x_wconf 91' lang='lat' dir='ltr'><strong>et</strong></span> <span class='ocrx_word' id='word_1_638' title='bbox 1083 4357 1308 4414; x_wconf 90' lang='lat' dir='ltr'><strong>Domini</strong></span> <span class='ocrx_word' id='word_1_639' title='bbox 1339 4361 1396 4412; x_wconf 88' lang='lat' dir='ltr'><strong>et</strong></span> <span class='ocrx_word' id='word_1_640' title='bbox 1440 4355 1558 4410; x_wconf 86' lang='lat' dir='ltr'><strong>veri</strong></span> <span class='ocrx_word' id='word_1_641' title='bbox 1589 4353 1690 4410; x_wconf 90' lang='lat' dir='ltr'><strong>Dei</strong></span> <span class='ocrx_word' id='word_1_642' title='bbox 1734 4353 1870 4408; x_wconf 88' lang='lat' dir='ltr'><strong>Jesu</strong></span> <span class='ocrx_word' id='word_1_643' title='bbox 1903 4351 2063 4407; x_wconf 83' lang='lat' dir='ltr'><strong>Chri-</strong></span> 
     </span>
    </p>
   </div>
   <div class='ocr_carea' id='block_1_89' title="bbox 417 4443 2061 4521">
    <p class='ocr_par' dir='ltr' id='par_1_89' title="bbox 417 4443 2061 4521">
     <span class='ocr_line' id='line_1_90' title="bbox 417 4443 2061 4521; baseline -0.009 -12"><span class='ocrx_word' id='word_1_644' title='bbox 417 4456 513 4521; x_wconf 90' lang='lat' dir='ltr'><strong>sti,</strong></span> <span class='ocrx_word' id='word_1_645' title='bbox 549 4452 726 4508; x_wconf 88' lang='lat' dir='ltr'><strong>simili</strong></span> <span class='ocrx_word' id='word_1_646' title='bbox 760 4466 859 4521; x_wconf 87' lang='lat' dir='ltr'><strong>spe</strong></span> <span class='ocrx_word' id='word_1_647' title='bbox 888 4447 1162 4504; x_wconf 68' lang='lat' dir='ltr'><strong>laetiﬁcati</strong></span> <span class='ocrx_word' id='word_1_648' title='bbox 1194 4447 1462 4501; x_wconf 87' lang='lat' dir='ltr'><strong>dicamus</strong></span> <span class='ocrx_word' id='word_1_649' title='bbox 1491 4443 1573 4497; x_wconf 92' lang='lat' dir='ltr'><strong>illi</strong></span> <span class='ocrx_word' id='word_1_650' title='bbox 1608 4459 1620 4496; x_wconf 94' lang='lat'>:</span> <span class='ocrx_word' id='word_1_651' title='bbox 1661 4465 1680 4491; x_wconf 76' lang='grc' dir='ltr'>α</span> <span class='ocrx_word' id='word_1_652' title='bbox 1715 4445 1899 4506; x_wconf 88' lang='lat' dir='ltr'><strong>Quam</strong></span> <span class='ocrx_word' id='word_1_653' title='bbox 1933 4457 2061 4496; x_wconf 88' lang='lat' dir='ltr'><strong>ma-</strong></span> 
     </span>
    </p>
   </div>
   <div class='ocr_carea' id='block_1_90' title="bbox 415 4531 2060 4614">
    <p class='ocr_par' dir='ltr' id='par_1_90' title="bbox 415 4531 2060 4614">
     <span class='ocr_line' id='line_1_91' title="bbox 415 4531 2060 4614; baseline -0.007 -18"><span class='ocrx_word' id='word_1_654' title='bbox 415 4543 689 4614; x_wconf 81' lang='lat' dir='ltr'><strong>gniﬁcata</strong></span> <span class='ocrx_word' id='word_1_655' title='bbox 711 4544 852 4595; x_wconf 89' lang='lat' dir='ltr'><strong>sunt</strong></span> <span class='ocrx_word' id='word_1_656' title='bbox 882 4554 1058 4611; x_wconf 89' lang='lat' dir='ltr'><strong>opera</strong></span> <span class='ocrx_word' id='word_1_657' title='bbox 1085 4535 1455 4605; x_wconf 89' lang='lat' dir='ltr'><strong>tua,Domine</strong></span> <span class='ocrx_word' id='word_1_658' title='bbox 1478 4531 1490 4587; x_wconf 85' lang='grc' dir='ltr'><strong>ι</strong></span> <span class='ocrx_word' id='word_1_659' title='bbox 1513 4531 1708 4587; x_wconf 90' lang='lat' dir='ltr'><strong>omnia</strong></span> <span class='ocrx_word' id='word_1_660' title='bbox 1738 4531 1794 4586; x_wconf 93' lang='lat' dir='ltr'><strong>in</strong></span> <span class='ocrx_word' id='word_1_661' title='bbox 1829 4531 2060 4602; x_wconf 86' lang='lat' dir='ltr'><strong>sapien-</strong></span> 
     </span>
    </p>
   </div>
   <div class='ocr_carea' id='block_1_91' title="bbox 414 4619 2061 4698">
    <p class='ocr_par' dir='ltr' id='par_1_91' title="bbox 414 4619 2061 4698">
     <span class='ocr_line' id='line_1_92' title="bbox 414 4619 2061 4698; baseline -0.009 -11"><span class='ocrx_word' id='word_1_662' title='bbox 414 4631 500 4687; x_wconf 89' lang='lat' dir='ltr'><strong>tia</strong></span> <span class='ocrx_word' id='word_1_663' title='bbox 532 4629 719 4686; x_wconf 84' lang='lat' dir='ltr'><strong>fecisti</strong></span> <span class='ocrx_word' id='word_1_664' title='bbox 746 4630 807 4680; x_wconf 74' lang='lat'><strong>‘9.</strong></span> <span class='ocrx_word' id='word_1_665' title='bbox 844 4651 872 4678; x_wconf 88' lang='lat'>»</span> <span class='ocrx_word' id='word_1_666' title='bbox 901 4627 1026 4682; x_wconf 91' lang='lat' dir='ltr'><strong>Tibi</strong></span> <span class='ocrx_word' id='word_1_667' title='bbox 1061 4626 1244 4698; x_wconf 88' lang='lat' dir='ltr'><strong>gloria</strong></span> <span class='ocrx_word' id='word_1_668' title='bbox 1273 4629 1330 4679; x_wconf 91' lang='lat' dir='ltr'><strong>et</strong></span> <span class='ocrx_word' id='word_1_669' title='bbox 1378 4623 1690 4694; x_wconf 89' lang='lat' dir='ltr'><strong>imperium</strong></span> <span class='ocrx_word' id='word_1_670' title='bbox 1717 4635 1852 4675; x_wconf 90' lang='lat' dir='ltr'><strong>cum</strong></span> <span class='ocrx_word' id='word_1_671' title='bbox 1893 4619 2061 4675; x_wconf 88' lang='lat' dir='ltr'><strong>Patre</strong></span> 
     </span>
    </p>
   </div>
   <div class='ocr_carea' id='block_1_92' title="bbox 411 4708 2056 4792">
    <p class='ocr_par' dir='ltr' id='par_1_92' title="bbox 411 4708 2056 4792">
     <span class='ocr_line' id='line_1_93' title="bbox 411 4708 2056 4792; baseline -0.008 -15"><span class='ocrx_word' id='word_1_672' title='bbox 411 4726 468 4777; x_wconf 88' lang='lat' dir='ltr'><strong>et</strong></span> <span class='ocrx_word' id='word_1_673' title='bbox 496 4720 710 4792; x_wconf 85' lang='lat' dir='ltr'><strong>Spiritu</strong></span> <span class='ocrx_word' id='word_1_674' title='bbox 747 4722 971 4784; x_wconf 86' lang='lat' dir='ltr'><strong>sancto,</strong></span> <span class='ocrx_word' id='word_1_675' title='bbox 1005 4733 1160 4771; x_wconf 90' lang='lat' dir='ltr'><strong>nunc</strong></span> <span class='ocrx_word' id='word_1_676' title='bbox 1192 4720 1249 4770; x_wconf 92' lang='lat' dir='ltr'><strong>et</strong></span> <span class='ocrx_word' id='word_1_677' title='bbox 1277 4728 1508 4785; x_wconf 88' lang='lat' dir='ltr'><strong>semper</strong></span> <span class='ocrx_word' id='word_1_678' title='bbox 1537 4716 1592 4766; x_wconf 93' lang='lat' dir='ltr'><strong>et</strong></span> <span class='ocrx_word' id='word_1_679' title='bbox 1620 4711 1679 4765; x_wconf 90' lang='lat' dir='ltr'><strong>in</strong></span> <span class='ocrx_word' id='word_1_680' title='bbox 1711 4708 1924 4765; x_wconf 65' lang='lat' dir='ltr'><strong>saecula</strong></span> <span class='ocrx_word' id='word_1_681' title='bbox 1952 4726 2056 4764; x_wconf 73' lang='lat' dir='ltr'><strong>sa:-</strong></span> 
     </span>
    </p>
   </div>
   <div class='ocr_carea' id='block_1_93' title="bbox 409 4810 938 4865">
    <p class='ocr_par' dir='ltr' id='par_1_93' title="bbox 409 4810 938 4865">
     <span class='ocr_line' id='line_1_94' title="bbox 409 4810 938 4865; baseline -0.006 0"><span class='ocrx_word' id='word_1_682' title='bbox 409 4810 698 4865; x_wconf 89' lang='lat' dir='ltr'><strong>culorum.</strong></span> <span class='ocrx_word' id='word_1_683' title='bbox 731 4811 938 4863; x_wconf 86' lang='lat' dir='ltr'><strong>Amen.</strong></span> 
     </span>
    </p>
   </div>
   <div class='ocr_carea' id='block_1_94' title="bbox 2176 4173 3827 4253">
    <p class='ocr_par' dir='ltr' id='par_1_94' title="bbox 2176 4173 3827 4253">
     <span class='ocr_line' id='line_1_95' title="bbox 2176 4173 3827 4253; baseline 0.001 -22"><span class='ocrx_word' id='word_1_684' title='bbox 2176 4176 2377 4241; x_wconf 83' lang='grc' dir='ltr'>Ἰησοῦν</span> <span class='ocrx_word' id='word_1_685' title='bbox 2411 4175 2664 4248; x_wconf 86' lang='grc' dir='ltr'>Χριστόν.</span> <span class='ocrx_word' id='word_1_686' title='bbox 2714 4199 2741 4225; x_wconf 92' lang='grc'><strong>››</strong></span> <span class='ocrx_word' id='word_1_687' title='bbox 2782 4173 3006 4236; x_wconf 88' lang='grc' dir='ltr'>Τούτοις</span> <span class='ocrx_word' id='word_1_688' title='bbox 3064 4177 3384 4252; x_wconf 83' lang='grc' dir='ltr'>προστίθησι</span> <span class='ocrx_word' id='word_1_689' title='bbox 3434 4176 3562 4239; x_wconf 85' lang='grc' dir='ltr'>τοὺς</span> <span class='ocrx_word' id='word_1_690' title='bbox 3614 4179 3827 4253; x_wconf 84' lang='grc' dir='ltr'>ἀνθρώ-</span> 
     </span>
    </p>
   </div>
   <div class='ocr_carea' id='block_1_95' title="bbox 2171 4261 3828 4342">
    <p class='ocr_par' dir='ltr' id='par_1_95' title="bbox 2171 4261 3828 4342">
     <span class='ocr_line' id='line_1_96' title="bbox 2171 4261 3828 4342; baseline 0.002 -24"><span class='ocrx_word' id='word_1_691' title='bbox 2171 4285 2308 4325; x_wconf 88' lang='grc' dir='ltr'>πους</span> <span class='ocrx_word' id='word_1_692' title='bbox 2366 4261 2562 4338; x_wconf 67' lang='grc' dir='ltr'>λέγων,</span> <span class='ocrx_word' id='word_1_693' title='bbox 2620 4262 2702 4318; x_wconf 78' lang='grc' dir='ltr'><strong>δτι</strong></span> <span class='ocrx_word' id='word_1_694' title='bbox 2757 4288 2786 4314; x_wconf 86' lang='grc'><strong>‹‹</strong></span> <span class='ocrx_word' id='word_1_695' title='bbox 2849 4265 3287 4340; x_wconf 71' lang='grc' dir='ltr'>Ἀρπαγήσονται</span> <span class='ocrx_word' id='word_1_696' title='bbox 3347 4265 3401 4320; x_wconf 79' lang='grc' dir='ltr'>ἐν</span> <span class='ocrx_word' id='word_1_697' title='bbox 3449 4263 3706 4342; x_wconf 71' lang='grc' dir='ltr'>νεφέλαις</span> <span class='ocrx_word' id='word_1_698' title='bbox 3751 4266 3828 4329; x_wconf 81' lang='grc' dir='ltr'>εἷς</span> 
     </span>
    </p>
   </div>
   <div class='ocr_carea' id='block_1_96' title="bbox 2172 4352 3825 4430">
    <p class='ocr_par' dir='ltr' id='par_1_96' title="bbox 2172 4352 3825 4430">
     <span class='ocr_line' id='line_1_97' title="bbox 2172 4352 3825 4430; baseline 0.002 -24"><span class='ocrx_word' id='word_1_699' title='bbox 2172 4354 2320 4428; x_wconf 67' lang='grc' dir='ltr'>ἀέρα,</span> <span class='ocrx_word' id='word_1_700' title='bbox 2356 4353 2430 4415; x_wconf 83' lang='grc' dir='ltr'>εἷς</span> <span class='ocrx_word' id='word_1_701' title='bbox 2465 4353 2761 4422; x_wconf 86' lang='grc' dir='ltr'>ἀπάντησιν</span> <span class='ocrx_word' id='word_1_702' title='bbox 2788 4356 2884 4406; x_wconf 89' lang='grc' dir='ltr'><strong>τοῦ</strong></span> <span class='ocrx_word' id='word_1_703' title='bbox 2917 4354 3139 4429; x_wconf 87' lang='grc' dir='ltr'>Κυρίου.</span> <span class='ocrx_word' id='word_1_704' title='bbox 3177 4379 3203 4406; x_wconf 82' lang='grc'><strong>››</strong></span> <span class='ocrx_word' id='word_1_705' title='bbox 3237 4355 3336 4410; x_wconf 80' lang='grc' dir='ltr'><strong>Καὶ</strong></span> <span class='ocrx_word' id='word_1_706' title='bbox 3366 4354 3469 4430; x_wconf 79' lang='grc' dir='ltr'><strong>γὰρ</strong></span> <span class='ocrx_word' id='word_1_707' title='bbox 3515 4356 3571 4408; x_wconf 74' lang='grc' dir='ltr'>οἱ</span> <span class='ocrx_word' id='word_1_708' title='bbox 3621 4352 3825 4411; x_wconf 85' lang='grc' dir='ltr'>δίκαιοι</span> 
     </span>
    </p>
   </div>
   <div class='ocr_carea' id='block_1_97' title="bbox 2172 4439 3827 4520">
    <p class='ocr_par' dir='ltr' id='par_1_97' title="bbox 2172 4439 3827 4520">
     <span class='ocr_line' id='line_1_98' title="bbox 2172 4439 3827 4520; baseline 0.002 -24"><span class='ocrx_word' id='word_1_709' title='bbox 2172 4439 2544 4515; x_wconf 70' lang='grc' dir='ltr'>ἐκλάμψουσιν</span> <span class='ocrx_word' id='word_1_710' title='bbox 2577 4441 2652 4504; x_wconf 86' lang='grc' dir='ltr'>ὡς</span> <span class='ocrx_word' id='word_1_711' title='bbox 2684 4442 2718 4511; x_wconf 85' lang='grc' dir='ltr'>ἠ</span> <span class='ocrx_word' id='word_1_712' title='bbox 2771 4439 3100 4516; x_wconf 83' lang='grc' dir='ltr'>λαμπρότης</span> <span class='ocrx_word' id='word_1_713' title='bbox 3155 4447 3250 4498; x_wconf 88' lang='grc' dir='ltr'><strong>τοῦ</strong></span> <span class='ocrx_word' id='word_1_714' title='bbox 3299 4444 3699 4520; x_wconf 84' lang='grc' dir='ltr'>στερεώματος.</span> <span class='ocrx_word' id='word_1_715' title='bbox 3733 4447 3827 4500; x_wconf 87' lang='grc' dir='ltr'>Ἐκ</span> 
     </span>
    </p>
   </div>
   <div class='ocr_carea' id='block_1_98' title="bbox 2169 4527 3826 4608">
    <p class='ocr_par' dir='ltr' id='par_1_98' title="bbox 2169 4527 3826 4608">
     <span class='ocr_line' id='line_1_99' title="bbox 2169 4527 3826 4608; baseline 0.002 -25"><span class='ocrx_word' id='word_1_716' title='bbox 2169 4537 2268 4598; x_wconf 83' lang='grc' dir='ltr'><strong>τῆς</strong></span> <span class='ocrx_word' id='word_1_717' title='bbox 2301 4528 2622 4599; x_wconf 78' lang='grc' dir='ltr'>δεσποτικῆς</span> <span class='ocrx_word' id='word_1_718' title='bbox 2650 4530 2830 4584; x_wconf 86' lang='grc' dir='ltr'>τοίνυν</span> <span class='ocrx_word' id='word_1_719' title='bbox 2864 4527 3192 4605; x_wconf 73' lang='grc' dir='ltr'>ἀναλήψεως</span> <span class='ocrx_word' id='word_1_720' title='bbox 3238 4535 3336 4586; x_wconf 91' lang='grc' dir='ltr'><strong>τοῦ</strong></span> <span class='ocrx_word' id='word_1_721' title='bbox 3368 4538 3631 4608; x_wconf 80' lang='grc' dir='ltr'>Σωτῆρος</span> <span class='ocrx_word' id='word_1_722' title='bbox 3662 4535 3826 4607; x_wconf 72' lang='grc' dir='ltr'>ἡμῶν</span> 
     </span>
    </p>
   </div>
   <div class='ocr_carea' id='block_1_99' title="bbox 2168 4618 3824 4697">
    <p class='ocr_par' dir='ltr' id='par_1_99' title="bbox 2168 4618 3824 4697">
     <span class='ocr_line' id='line_1_100' title="bbox 2168 4618 3824 4697; baseline 0.002 -24"><span class='ocrx_word' id='word_1_723' title='bbox 2168 4619 2255 4673; x_wconf 68' lang='grc' dir='ltr'><strong>καῖ</strong></span> <span class='ocrx_word' id='word_1_724' title='bbox 2289 4619 2514 4695; x_wconf 79' lang='grc' dir='ltr'>Κυρίου,</span> <span class='ocrx_word' id='word_1_725' title='bbox 2570 4618 2660 4673; x_wconf 77' lang='grc' dir='ltr'><strong>καὶ</strong></span> <span class='ocrx_word' id='word_1_726' title='bbox 2721 4619 2986 4690; x_wconf 79' lang='grc' dir='ltr'>ἀληθινοῦ</span> <span class='ocrx_word' id='word_1_727' title='bbox 3030 4624 3163 4676; x_wconf 85' lang='grc' dir='ltr'>Θεοῦ</span> <span class='ocrx_word' id='word_1_728' title='bbox 3212 4621 3392 4691; x_wconf 90' lang='grc' dir='ltr'>Ἰησοῦ</span> <span class='ocrx_word' id='word_1_729' title='bbox 3436 4626 3697 4697; x_wconf 76' lang='grc' dir='ltr'>Χριστοῦ,</span> <span class='ocrx_word' id='word_1_730' title='bbox 3727 4622 3824 4684; x_wconf 72' lang='grc' dir='ltr'><strong>τὰς</strong></span> 
     </span>
    </p>
   </div>
   <div class='ocr_carea' id='block_1_100' title="bbox 2169 4705 3816 4786">
    <p class='ocr_par' dir='ltr' id='par_1_100' title="bbox 2169 4705 3816 4786">
     <span class='ocr_line' id='line_1_101' title="bbox 2169 4705 3816 4786; baseline 0.003 -25"><span class='ocrx_word' id='word_1_731' title='bbox 2169 4708 2363 4781; x_wconf 90' lang='grc' dir='ltr'>ὁμοίας</span> <span class='ocrx_word' id='word_1_732' title='bbox 2421 4705 2642 4769; x_wconf 70' lang='grc' dir='ltr'>ἆλπίδας</span> <span class='ocrx_word' id='word_1_733' title='bbox 2705 4710 3096 4786; x_wconf 72' lang='grc' dir='ltr'>τρυφήσαντες,</span> <span class='ocrx_word' id='word_1_734' title='bbox 3162 4708 3406 4784; x_wconf 73' lang='grc' dir='ltr'>λέγωμεν</span> <span class='ocrx_word' id='word_1_735' title='bbox 3463 4711 3603 4785; x_wconf 87' lang='grc' dir='ltr'>πρὸς</span> <span class='ocrx_word' id='word_1_736' title='bbox 3635 4711 3816 4766; x_wconf 83' lang='grc' dir='ltr'>αὑτόν·</span> 
     </span>
    </p>
   </div>
   <div class='ocr_carea' id='block_1_101' title="bbox 2171 4793 3824 4875">
    <p class='ocr_par' dir='ltr' id='par_1_101' title="bbox 2171 4793 3824 4875">
     <span class='ocr_line' id='line_1_102' title="bbox 2171 4793 3824 4875; baseline 0.006 -29"><span class='ocrx_word' id='word_1_737' title='bbox 2171 4797 2314 4857; x_wconf 80' lang='grc' dir='ltr'><strong>«Ὦς</strong></span> <span class='ocrx_word' id='word_1_738' title='bbox 2371 4795 2714 4872; x_wconf 73' lang='grc' dir='ltr'>ἐμεγαλύνθη</span> <span class='ocrx_word' id='word_1_739' title='bbox 2775 4798 2842 4852; x_wconf 82' lang='grc' dir='ltr'><strong>τά</strong></span> <span class='ocrx_word' id='word_1_740' title='bbox 2900 4793 3034 4873; x_wconf 78' lang='grc' dir='ltr'>ἔργα</span> <span class='ocrx_word' id='word_1_741' title='bbox 3089 4818 3207 4868; x_wconf 89' lang='grc' dir='ltr'>σου,</span> <span class='ocrx_word' id='word_1_742' title='bbox 3265 4798 3465 4875; x_wconf 72' lang='grc' dir='ltr'>Κύριαι</span> <span class='ocrx_word' id='word_1_743' title='bbox 3533 4798 3710 4854; x_wconf 87' lang='grc' dir='ltr'>πάντα</span> <span class='ocrx_word' id='word_1_744' title='bbox 3770 4799 3824 4856; x_wconf 75' lang='grc' dir='ltr'>ὲν</span> 
     </span>
    </p>
   </div>
   <div class='ocr_carea' id='block_1_102' title="bbox 410 4883 3820 4975">
    <p class='ocr_par' dir='ltr' id='par_1_102' title="bbox 410 4883 3820 4975">
     <span class='ocr_line' id='line_1_103' title="bbox 410 4883 3820 4975; baseline -0.003 -24"><span class='ocrx_word' id='word_1_745' title='bbox 410 4898 569 4975; x_wconf 71' lang='grc' dir='ltr'>σοφίᾳ</span> <span class='ocrx_word' id='word_1_746' title='bbox 601 4894 879 4963; x_wconf 82' lang='grc' dir='ltr'>ἐποίησας·</span> <span class='ocrx_word' id='word_1_747' title='bbox 938 4917 965 4946; x_wconf 80' lang='grc' dir='ltr'>ι)</span> <span class='ocrx_word' id='word_1_748' title='bbox 1012 4891 1094 4948; x_wconf 72' lang='grc' dir='ltr'><strong>ὅτι</strong></span> <span class='ocrx_word' id='word_1_749' title='bbox 1145 4911 1228 4946; x_wconf 91' lang='grc' dir='ltr'><strong>σοι</strong></span> <span class='ocrx_word' id='word_1_750' title='bbox 1276 4893 1312 4960; x_wconf 77' lang='grc' dir='ltr'>ἡ</span> <span class='ocrx_word' id='word_1_751' title='bbox 1362 4887 1488 4960; x_wconf 79' lang='grc' dir='ltr'>δόξα</span> <span class='ocrx_word' id='word_1_752' title='bbox 1536 4885 1625 4942; x_wconf 87' lang='grc' dir='ltr'><strong>καὶ</strong></span> <span class='ocrx_word' id='word_1_753' title='bbox 1673 4886 1735 4940; x_wconf 92' lang='grc' dir='ltr'>τὸ</span> <span class='ocrx_word' id='word_1_754' title='bbox 1764 4886 1959 4961; x_wconf 88' lang='grc' dir='ltr'>κράτος</span> <span class='ocrx_word' id='word_1_755' title='bbox 1991 4883 2081 4940; x_wconf 80' lang='grc' dir='ltr'>σὺν</span> <span class='ocrx_word' id='word_1_756' title='bbox 2109 4890 2190 4958; x_wconf 79' lang='grc' dir='ltr'>τῷ</span> <span class='ocrx_word' id='word_1_757' title='bbox 2220 4885 2389 4960; x_wconf 86' lang='grc' dir='ltr'>Πατρὶ</span> <span class='ocrx_word' id='word_1_758' title='bbox 2418 4886 2610 4957; x_wconf 85' lang='grc' dir='ltr'>καὶτῷ</span> <span class='ocrx_word' id='word_1_759' title='bbox 2639 4885 2776 4960; x_wconf 82' lang='grc' dir='ltr'>ἀγίῳ</span> <span class='ocrx_word' id='word_1_760' title='bbox 2801 4887 3072 4961; x_wconf 84' lang='grc' dir='ltr'>Πνεύματι</span> <span class='ocrx_word' id='word_1_761' title='bbox 3103 4891 3195 4942; x_wconf 89' lang='grc' dir='ltr'><strong>νῦν</strong></span> <span class='ocrx_word' id='word_1_762' title='bbox 3225 4888 3314 4942; x_wconf 87' lang='grc' dir='ltr'>καὶ</span> <span class='ocrx_word' id='word_1_763' title='bbox 3347 4887 3428 4942; x_wconf 83' lang='grc' dir='ltr'><strong>ἀεὶ</strong></span> <span class='ocrx_word' id='word_1_764' title='bbox 3458 4886 3547 4942; x_wconf 81' lang='grc' dir='ltr'><strong>καὶ</strong></span> <span class='ocrx_word' id='word_1_765' title='bbox 3583 4887 3660 4951; x_wconf 80' lang='grc' dir='ltr'>εἷς</span> <span class='ocrx_word' id='word_1_766' title='bbox 3689 4887 3820 4950; x_wconf 81' lang='grc' dir='ltr'>τοὺς</span> 
     </span>
    </p>
   </div>
   <div class='ocr_carea' id='block_1_103' title="bbox 409 4983 1246 5056">
    <p class='ocr_par' dir='ltr' id='par_1_103' title="bbox 409 4983 1246 5056">
     <span class='ocr_line' id='line_1_104' title="bbox 409 4983 1246 5056; baseline -0.007 -14"><span class='ocrx_word' id='word_1_767' title='bbox 409 4987 605 5048; x_wconf 76' lang='grc' dir='ltr'>αἰῶνας</span> <span class='ocrx_word' id='word_1_768' title='bbox 640 4991 744 5040; x_wconf 79' lang='grc' dir='ltr'>τῶν</span> <span class='ocrx_word' id='word_1_769' title='bbox 779 4984 1014 5041; x_wconf 73' lang='grc' dir='ltr'>αἰώνων.</span> <span class='ocrx_word' id='word_1_770' title='bbox 1049 4983 1246 5056; x_wconf 78' lang='grc' dir='ltr'>’Δμήν.</span> 
     </span>
    </p>
   </div>
   <div class='ocr_carea' id='block_1_104' title="bbox 478 5153 2061 5240">
    <p class='ocr_par' dir='ltr' id='par_1_104' title="bbox 478 5159 2038 5240">
     <span class='ocr_line' id='line_1_105' title="bbox 478 5159 2038 5240; baseline -0.005 -18"><span class='ocrx_word' id='word_1_771' title='bbox 478 5172 523 5207; x_wconf 71' lang='grc' dir='ltr'>ω</span> <span class='ocrx_word' id='word_1_772' title='bbox 557 5170 729 5225; x_wconf 86' lang='lat' dir='ltr'><strong>Hebr.</strong></span> <span class='ocrx_word' id='word_1_773' title='bbox 760 5183 839 5240; x_wconf 74' lang='grc' dir='ltr'>ιχ,</span> <span class='ocrx_word' id='word_1_774' title='bbox 867 5167 924 5238; x_wconf 87' lang='grc'>6,</span> <span class='ocrx_word' id='word_1_775' title='bbox 952 5167 1008 5236; x_wconf 84' lang='lat'><strong>7,</strong></span> <span class='ocrx_word' id='word_1_776' title='bbox 1044 5165 1130 5236; x_wconf 78' lang='lat' dir='ltr'><strong>ii,</strong></span> <span class='ocrx_word' id='word_1_777' title='bbox 1165 5164 1250 5220; x_wconf 81' lang='lat'><strong>12.</strong></span> <span class='ocrx_word' id='word_1_778' title='bbox 1327 5160 1545 5218; x_wconf 79' lang='lat' dir='ltr'><strong>“ibid.</strong></span> <span class='ocrx_word' id='word_1_779' title='bbox 1598 5161 1690 5216; x_wconf 70' lang='lat'><strong>21..</strong></span> <span class='ocrx_word' id='word_1_780' title='bbox 1769 5159 1812 5192; x_wconf 75' lang='grc' dir='ltr'><strong>ιι</strong></span> <span class='ocrx_word' id='word_1_781' title='bbox 1839 5159 1964 5214; x_wconf 86' lang='lat' dir='ltr'><strong>Act.</strong></span> <span class='ocrx_word' id='word_1_782' title='bbox 1998 5171 2038 5226; x_wconf 87' lang='grc' dir='ltr'><strong>ι,</strong></span> 
     </span>
    </p>
   </div>
   <div class='ocr_carea' id='block_1_105' title="bbox 2173 5153 3822 5240">
    <p class='ocr_par' dir='ltr' id='par_1_105' title="bbox 2173 5153 3822 5229">
     <span class='ocr_line' id='line_1_106' title="bbox 2173 5153 3822 5229; baseline -0.001 -17"><span class='ocrx_word' id='word_1_783' title='bbox 2173 5201 2176 5212; x_wconf 90' lang='lat'><strong>.</strong></span> <span class='ocrx_word' id='word_1_784' title='bbox 2252 5158 2296 5192; x_wconf 73' lang='grc'><strong>⁸⁸</strong></span> <span class='ocrx_word' id='word_1_785' title='bbox 2325 5157 2468 5212; x_wconf 89' lang='lat' dir='ltr'><strong>ibid.</strong></span> <span class='ocrx_word' id='word_1_786' title='bbox 2547 5157 2590 5192; x_wconf 74' lang='grc'><strong>⁸⁷</strong></span> <span class='ocrx_word' id='word_1_787' title='bbox 2619 5155 2878 5229; x_wconf 89' lang='lat' dir='ltr'><strong>Philipp.</strong></span> <span class='ocrx_word' id='word_1_788' title='bbox 2929 5172 3013 5229; x_wconf 81' lang='grc' dir='ltr'>ιιι,</span> <span class='ocrx_word' id='word_1_789' title='bbox 3043 5157 3138 5215; x_wconf 83' lang='grc'>20.</span> <span class='ocrx_word' id='word_1_790' title='bbox 3215 5157 3261 5192; x_wconf 81' lang='grc'><strong>⁴⁸</strong></span> <span class='ocrx_word' id='word_1_791' title='bbox 3294 5157 3317 5212; x_wconf 91' lang='grc' dir='ltr'><strong>Ι</strong></span> <span class='ocrx_word' id='word_1_792' title='bbox 3358 5153 3569 5214; x_wconf 82' lang='lat' dir='ltr'><strong>Thess.</strong></span> <span class='ocrx_word' id='word_1_793' title='bbox 3623 5170 3703 5228; x_wconf 78' lang='lat' dir='ltr'><strong>iv,</strong></span> <span class='ocrx_word' id='word_1_794' title='bbox 3735 5155 3822 5213; x_wconf 83' lang='grc'><strong>16.</strong></span> 
     </span>
    </p>
   </div>
   <div class='ocr_carea' id='block_1_106' title="bbox 408 5240 910 5308">
    <p class='ocr_par' dir='ltr' id='par_1_106' title="bbox 408 5240 910 5308">
     <span class='ocr_line' id='line_1_107' title="bbox 408 5240 910 5308; baseline -0.014 -8"><span class='ocrx_word' id='word_1_795' title='bbox 408 5244 452 5279; x_wconf 78' lang='grc'>⁴⁹</span> <span class='ocrx_word' id='word_1_796' title='bbox 481 5242 634 5299; x_wconf 89' lang='lat' dir='ltr'><strong>Psal.</strong></span> <span class='ocrx_word' id='word_1_797' title='bbox 668 5257 788 5308; x_wconf 84' lang='lat' dir='ltr'><strong>cm,</strong></span> <span class='ocrx_word' id='word_1_798' title='bbox 818 5240 910 5295; x_wconf 74' lang='grc'><strong>24.</strong></span> 
     </span>
    </p>
   </div>
   <div class='ocr_carea' id='block_1_107' title="bbox 479 5414 2053 5522">
    <p class='ocr_par' dir='ltr' id='par_1_107' title="bbox 479 5414 2053 5522">
     <span class='ocr_line' id='line_1_108' title="bbox 479 5414 2053 5522; baseline -0.011 -36"><span class='ocrx_word' id='word_1_799' title='bbox 479 5433 602 5522; x_wconf 35' lang='lat'><strong>(29),,</strong></span> <span class='ocrx_word' id='word_1_800' title='bbox 624 5431 860 5502; x_wconf 80' lang='lat' dir='ltr'><strong>Regius,</strong></span> <span class='ocrx_word' id='word_1_801' title='bbox 893 5423 1148 5499; x_wconf 86' lang='grc' dir='ltr'>θαύματι.</span> <span class='ocrx_word' id='word_1_802' title='bbox 1183 5422 1360 5480; x_wconf 89' lang='lat' dir='ltr'><strong>Paulo</strong></span> <span class='ocrx_word' id='word_1_803' title='bbox 1394 5425 1546 5494; x_wconf 89' lang='lat' dir='ltr'><strong>post,</strong></span> <span class='ocrx_word' id='word_1_804' title='bbox 1589 5419 1730 5492; x_wconf 87' lang='lat' dir='ltr'><strong>Reg.</strong></span> <span class='ocrx_word' id='word_1_805' title='bbox 1787 5417 1912 5478; x_wconf 78' lang='grc' dir='ltr'>τοὺς</span> <span class='ocrx_word' id='word_1_806' title='bbox 1959 5414 2053 5470; x_wconf 81' lang='grc' dir='ltr'>τύ-</span> 
     </span>
    </p>
   </div>
   <div class='ocr_carea' id='block_1_108' title="bbox 410 5523 2052 5646">
    <p class='ocr_par' dir='ltr' id='par_1_108' title="bbox 410 5524 2052 5646">
     <span class='ocr_line' id='line_1_109' title="bbox 410 5524 2052 5646; baseline -0.01 -15"><span class='ocrx_word' id='word_1_807' title='bbox 410 5524 861 5646; x_wconf 34' lang='lat' dir='ltr'><strong>7t0(1?3&lt;())E&#39;Jiiffahgius,</strong></span> <span class='ocrx_word' id='word_1_808' title='bbox 892 5566 1191 5646; x_wconf 48' lang='lat' dir='ltr'><strong>dnolauai,</strong></span> <span class='ocrx_word' id='word_1_809' title='bbox 1234 5583 1369 5646; x_wconf 78' lang='lat' dir='ltr'><strong>cum</strong></span> <span class='ocrx_word' id='word_1_810' title='bbox 1427 5561 1625 5646; x_wconf 77' lang='lat' dir='ltr'><strong>codice</strong></span> <span class='ocrx_word' id='word_1_811' title='bbox 1671 5561 1928 5646; x_wconf 69' lang='lat' dir='ltr'><strong>quodam</strong></span> <span class='ocrx_word' id='word_1_812' title='bbox 1959 5559 2052 5616; x_wconf 89' lang='lat' dir='ltr'><strong>Bi-</strong></span> 
     </span>
    </p>
   </div>
   <div class='ocr_carea' id='block_1_109' title="bbox 407 5637 2056 5714">
    <p class='ocr_par' dir='ltr' id='par_1_109' title="bbox 407 5637 2056 5714">
     <span class='ocr_line' id='line_1_110' title="bbox 407 5637 2056 5714; baseline -0.008 -12"><span class='ocrx_word' id='word_1_813' title='bbox 407 5637 1152 5714; x_wconf 42' lang='lat' dir='ltr'><strong>bli‘othecaaVPalatinamuo</strong></span> <span class='ocrx_word' id='word_1_814' title='bbox 1179 5639 1477 5698; x_wconf 89' lang='lat' dir='ltr'><strong>interdum</strong></span> <span class='ocrx_word' id='word_1_815' title='bbox 1507 5637 1600 5694; x_wconf 80' lang='lat' dir='ltr'><strong>usi</strong></span> <span class='ocrx_word' id='word_1_816' title='bbox 1629 5638 1768 5694; x_wconf 90' lang='lat' dir='ltr'><strong>sunt</strong></span> <span class='ocrx_word' id='word_1_817' title='bbox 1786 5638 2056 5690; x_wconf 75' lang='lat' dir='ltr'><strong>Comme-</strong></span> 
     </span>
    </p>
   </div>
   <div class='ocr_carea' id='block_1_110' title="bbox 2165 5410 3820 5548">
    <p class='ocr_par' dir='ltr' id='par_1_110' title="bbox 2165 5410 3820 5548">
     <span class='ocr_line' id='line_1_111' title="bbox 2165 5410 3820 5548; baseline -0.004 -77"><span class='ocrx_word' id='word_1_818' title='bbox 2165 5415 2393 5548; x_wconf 55' lang='lat' dir='ltr'><strong>lipciani.</strong></span> <span class='ocrx_word' id='word_1_819' title='bbox 2419 5416 2597 5487; x_wconf 84' lang='lat' dir='ltr'><strong>Editi,</strong></span> <span class='ocrx_word' id='word_1_820' title='bbox 2631 5410 2927 5472; x_wconf 78' lang='grc' dir='ltr'>ἀπολάϐει.</span> <span class='ocrx_word' id='word_1_821' title='bbox 2961 5415 3108 5474; x_wconf 87' lang='lat' dir='ltr'><strong>Ibid.</strong></span> <span class='ocrx_word' id='word_1_822' title='bbox 3135 5415 3276 5490; x_wconf 84' lang='lat' dir='ltr'><strong>Reg.</strong></span> <span class='ocrx_word' id='word_1_823' title='bbox 3336 5413 3531 5484; x_wconf 83' lang='lat' dir='ltr'><strong>habet,</strong></span> <span class='ocrx_word' id='word_1_824' title='bbox 3560 5416 3662 5482; x_wconf 81' lang='grc' dir='ltr'>τῆς</span> <span class='ocrx_word' id='word_1_825' title='bbox 3690 5429 3820 5487; x_wconf 86' lang='grc' dir='ltr'>τρο-</span> 
     </span>
     <span class='ocr_line' id='line_1_112' title="bbox 2165 5509 2292 5548; baseline -0.039 1"><span class='ocrx_word' id='word_1_826' title='bbox 2165 5509 2235 5548; x_wconf 66' lang='lat' dir='ltr'><strong>vr.</strong></span> <span class='ocrx_word' id='word_1_827' title='bbox 2278 5530 2292 5544; x_wconf 94' lang='lat'><strong>.</strong></span> 
     </span>
    </p>
   </div>
   <div class='ocr_carea' id='block_1_111' title="bbox 2164 5509 2292 5566">
    <p class='ocr_par' dir='ltr' id='par_1_111' title="bbox 2164 5509 2292 5566">
     <span class='ocr_line' id='line_1_113' title="bbox 2164 5509 2292 5566; baseline 0 0"><span class='ocrx_word' id='word_1_828' title='bbox 2164 5509 2292 5566; x_wconf 73' lang='grc' dir='ltr'><strong>φης.-</strong></span> 
     </span>
    </p>
   </div>
   <div class='ocr_carea' id='block_1_112' title="bbox 2234 5557 3181 5634">
    <p class='ocr_par' dir='ltr' id='par_1_112' title="bbox 2234 5557 3181 5634">
     <span class='ocr_line' id='line_1_114' title="bbox 2234 5557 3181 5634; baseline 0.004 -18"><span class='ocrx_word' id='word_1_829' title='bbox 2234 5559 2346 5633; x_wconf 83' lang='grc'><strong>(31)</strong></span> <span class='ocrx_word' id='word_1_830' title='bbox 2377 5560 2593 5634; x_wconf 83' lang='lat' dir='ltr'><strong>Regius</strong></span> <span class='ocrx_word' id='word_1_831' title='bbox 2626 5561 2830 5630; x_wconf 82' lang='lat' dir='ltr'><strong>codex,</strong></span> <span class='ocrx_word' id='word_1_832' title='bbox 2866 5557 3181 5634; x_wconf 73' lang='grc' dir='ltr'>βλέποντες-</span> 
     </span>
    </p>
   </div>
  </div>
