2046 3109
163 170 243 202 1101
744 170 952 204 ENCOMIUM
975 172 1015 203 ΙΝ
1038 172 1070 203 S.
1094 172 1300 205 ANDREAM.
1796 173 1874 204 “02

557 304 758 333 ADMONITIO
778 305 815 333 IN
835 305 1024 333 ENCOMIUM
1045 306 1080 333 IN
1101 306 1269 334 SANCTUM
1289 307 1476 335 ANDREAM.

202 366 261 391 Hoc
275 363 437 391 Encomium
450 370 524 390 nunc
536 363 626 398 primo
643 362 734 398 prodit
756 364 787 390 in
812 363 900 391 lucem
923 371 957 391 ex
980 363 1085 391 schedis
1110 365 1296 392 eruditissimi
1321 365 1451 400 nobisque
1474 365 1638 392 amicissimi
1653 365 1709 392 viri
1725 364 1874 397 Toinardi,

164 416 234 444 quas
249 407 301 436 ille
314 407 368 435 sibi
381 407 415 434 ab
430 408 563 443 Hispania
577 408 751 435 transmissas
774 415 824 443 per
844 408 1108 436 excellentissimum
1124 408 1217 436 domn.
1234 408 1383 444 Gaspm'cm
1397 409 1432 436 de
1447 409 1574 437 Mendam
1598 411 1624 436 et
1647 410 1778 444 Segovia,
1793 416 1875 436 mar-

163 453 291 480 chionem
303 451 336 479 de
349 450 500 487 Mondejar,
517 451 658 479 nobiscum
677 451 891 486 perhumaniter
908 452 1132 480 communicavit.
1148 453 1188 480 Ad
1203 453 1390 481 Athanasium
1413 460 1494 488 porro
1517 454 1631 480 minime
1646 455 1789 488 pertinere
1802 452 1876 487 iudi-

162 496 237 523 cabit
251 497 375 532 quisquis
397 496 593 524 Alhanasiams
617 496 750 524 arationis
773 496 815 523 vel
839 496 981 523 tantillum
995 497 1101 532 peritus
1115 497 1212 529 luerit.
1228 498 1289 525 Non
1302 501 1341 525 est
1360 498 1434 525 enim
1459 506 1492 525 ea
1513 497 1655 532 dignitate,
1683 498 1796 532 iudicio,
1811 505 1877 532 gra-

162 541 258 576 vitate,
275 549 336 576 quas
360 540 391 569 in
412 541 484 568 veris
508 540 615 568 elucent
636 540 780 568 Athanasii
804 540 940 576 operibus.
967 541 1062 568 Exstat
1084 541 1129 569 hic
1153 543 1248 569 Sermo
1272 542 1303 569 in
1327 542 1418 569 codice
1441 541 1594 569 Colberlz‘no
1613 542 1676 574 847,
1692 542 1878 577 tribuiturque

159 586 269 614 Basilio
283 585 462 620 Seleuciemi,
477 585 555 621 cujus
577 592 644 612 sane
664 584 768 620 stylum
792 585 880 620 magis
893 585 980 621 refert
994 593 1078 621 quam
1101 586 1331 614 Athanasianum.
1348 585 1437 614 Codex
1459 590 1554 614 autem
1576 590 1617 614 est
1640 587 1876 622 septingentorum

160 631 273 658 circiter
286 638 434 659 annorum.

755 751 818 777 ΤΟΥ
835 751 881 777 EN
899 751 1015 778 ΑΓΙΟΙΣ
1034 752 1166 779 ΠΑΤΡΟΣ
1186 753 1284 780 ΗΜΩΝ

843 819 1208 869 ΑΘΑΝΑΣΙΟΥ

529 907 706 936 ΕΓΚΩΜΙΟΝ
726 908 782 936 ΕΙΣ
801 907 868 935 TON
890 906 995 935 AI‘ION

1038 907 1175 935 ΝΔΡΕΔΝ
1194 908 1263 936 TON
1282 908 1506 937 ΑΗΟΣΤΟΛΟΝ.

719 1047 765 1095 S.
801 1047 851 1094 P.
887 1047 942 1095 N.
979 1047 1319 1096 ATHANASII

616 1137 790 1166 ENCOHIUM
807 1137 844 1165 IN
860 1136 1011 1166 SANCTUM
1030 1137 1190 1166 ANDREAM
1207 1137 1415 1167 APOSTOLUM.

200 1287 392 1325 1.Ὀρίι”›ντὴν
422 1285 550 1324 λαμπρὰν
577 1285 677 1321 ταύτην
707 1283 806 1322 ἀγέλην
821 1286 869 1312 τοῦ
898 1284 985 1313 Πνεύ-

1079 1286 1104 1313 1.
1119 1286 1295 1315 Preclarum
1310 1286 1412 1315 videns
1435 1286 1549 1315 Domini
1571 1295 1699 1323 gregem,
1711 1295 1864 1323 sagenam-

163 1342 249 1369 ματος
264 1331 310 1359 καὶ
325 1330 363 1362 είς
378 1330 409 1358 τὸ
422 1330 543 1368 γαληνὸν
571 1329 683 1364 ἀληθῶς
698 1329 743 1357 καὶ
771 1328 922 1366 ἀκύμαντον
939 1327 988 1356 πέ-

1041 1339 1098 1366 que
1109 1331 1311 1367 apostolicam,
1321 1331 1482 1368 tranquillo
1495 1340 1528 1360 ac
1539 1331 1629 1359 nullis
1639 1331 1866 1367 tempestatibus

2038 424 2039 451 1

2038 454 2039 480 1

2038 485 2039 498 1

2038 515 2039 551 1

2038 582 2039 606 1

2038 627 2039 667 1

2038 803 2039 825 1

2038 831 2039 863 1

2036 865 2039 886 1

2038 925 2039 936 η

2038 950 2039 990 1

162 1387 259 1415 Λαγος,
286 1374 470 1409 ἀποστολικήν
500 1371 743 1412 ὑπερϐεϐλημένην
773 1375 892 1411 σαγήνην
918 1374 985 1411 (32),

159 1423 211 1456 τῆς
240 1419 402 1455 ’δεσποτικῆς
432 1422 525 1458 φωνῆς
566 1418 810 1455 ὑπομιμνήσκομαι
852 1418 960 1456 βοώσης
978 1427 984 1434 ·

161 1478 177 1492 ι(
194 1467 273 1493 Δεῦτε
287 1464 374 1492 ὀπίσω
402 1474 455 1500 μου
472 1487 480 1499 ,
496 1463 540 1490 καὶ
555 1463 664 1498 ποιήσω
693 1463 762 1499 ὑμᾶς
779 1462 864 1493 ἁλιεῖς
888 1462 987 1499 ἀνθρώ-

159 1521 230 1539 πων.
246 1522 259 1535 ››
274 1510 308 1536 ’Ὠ
323 1512 415 1548 φωνῆς
431 1507 557 1546 ἐνεργοῦς
576 1508 581 1535 !
599 1509 633 1534 ’Ώ
649 1507 778 1545 ῥημάτων
796 1505 840 1534 διὰ
855 1507 984 1545 πραγμά-

157 1566 214 1582 των
243 1552 471 1591 γνωριζομένωνῐ
499 1552 532 1580 Ὢ
566 1555 617 1587 τῆς
652 1551 773 1585 ἀληθοῦς
811 1551 985 1588 ὑποσχέσεως

158 1600 220 1627 καθ’
247 1599 352 1637 ἡμέραν
382 1595 674 1634 αὐξανομένηςιτίνος
688 1596 738 1634 γὰρ
763 1597 781 1631 ἡ
806 1595 985 1632 πολυάνθρω-

159 1654 212 1675 πος
238 1643 305 1678 αὕτη
331 1641 483 1679 θήρα;’ἰ“ίς
499 1641 513 1668 ὁ
539 1641 588 1676 τὴν
614 1644 747 1679 περιφανῆ
772 1640 872 1675 ταύτην
896 1639 986 1677 ἀθροί-

161 1699 210 1719 σας
240 1688 400 1725 πανήγυριν,
416 1686 434 1721 ἢ
462 1685 560 1720 δῆλον,
576 1685 614 1716 ὡς
631 1685 808 1723 ὁπιριφανής
836 1686 890 1712 τῶν
920 1684 986 1711 ἀπο-

160 1732 267 1760 στόλων
284 1729 409 1768 Ἀνδρέας
427 1740 433 1765 ;
461 1731 475 1757 ὁ
502 1729 631 1760 ἁπλώσας
658 1732 708 1764 τῆς
733 1728 861 1766 γλώττης
875 1728 984 1763 καὶτῆς

163 1778 268 1814 μνήνης
295 1776 328 1803 τὶ
359 1776 489 1813 θήρατρα·
518 1773 637 1809 ἵνα,τὴν
665 1773 739 1811 ἱερὰν
760 1773 861 1808 ταύτην
876 1772 984 1809 ἐμπλή-

160 1832 208 1852 σας
225 1819 330 1848 ὁλκάδα
343 1822 401 1850 τοῖς
431 1818 499 1854 οἷάξι
514 1821 564 1853 τῆς
592 1817 747 1852 ἀποστολῆς
762 1818 830 1853 (33),
851 1817 917 1855 πρὸς
938 1816 984 1844 οὐ-

160 1866 241 1904 ρανὸν
259 1865 336 1902 tam
352 1864 383 1891 τὸ
398 1863 498 1903 σκάφος
516 1883 522 1890 .
541 1862 589 1890 Καὶ
604 1864 669 1889 ποῖα
684 1863 717 1889 τὰ
741 1865 791 1896 τῆς
807 1861 891 1899 ἄγρας
907 1871 983 1899 πρω-

157 1913 219 1938 τεῖα
236 1920 242 1944 ;
260 1911 330 1938 Ποῖα
358 1907 387 1936 δὲ
415 1909 469 1936 τῶν
495 1907 623 1944 καμάτων
647 1907 681 1934 τὰ
707 1905 846 1944 ἀκροθίνια
861 1915 869 1940 ;
885 1906 919 1934 Ol.
937 1906 982 1933 τὸν

156 1958 208 1990 τῆς
236 1953 387 1992 ἱερωσύνης
416 1949 564 1990 περίϐολον
590 1954 648 1982 ταῖς
676 1950 783 1988 ἀρεταῖς
806 1949 982 1989 περιφαιδρύ-

156 2009 247 2031 νοντες
263 1999 320 2035 (34)
337 2019 343 2026 .
360 1997 394 2026 Οἱ
406 1998 512 2035 πρῶτοι
526 1997 574 2027 τὰς
589 1994 771 2026 ἀποστολικὰς
785 1994 883 2026 ταύτας
900 1995 981 2033 ὑπερ-

156 2044 247 2075 θέντες
267 2042 386 2080 ἀγκάλας
403 2063 410 2077 ,
427 2041 472 2069 καὶ
486 2040 549 2072 τοὺς
565 2038 615 2075 ἔξω
630 2038 827 2076 πλανωμένους
843 2039 912 2077 πρὸς
928 2049 981 2067 σω-

154 2087 254 2126 τηρίαν
271 2086 447 2125 ἀγρεύσαντες
465 2108 471 2114 .
488 2084 566 2113 Ἀλλ’
581 2085 598 2119 ἣ
611 2084 656 2111 καὶ
681 2087 731 2118 τῆς
755 2083 896 2120 παρούσης
914 2084 982 2120 ἡμῖν

156 2131 336 2170 πανηγύρεως
354 2132 368 2159 ὁ
384 2131 469 2169 μέγας
498 2129 577 2160 οὗτος
605 2127 732 2166 Ἀνδρέας
758 2129 806 2159 τὰς
835 2127 982 2167 προφάσεις

156 2176 273 2205 δέδωκεν
291 2186 297 2193 ·
314 2175 376 2204 ἀλλ’
393 2175 408 2203 ὅ
422 2185 454 2213 γε
467 2177 520 2206 πᾶς
535 2176 588 2201 τῶν
604 2172 765 2201 ἀποστόλων
791 2175 982 2209 συνεκτιμᾶται

155 2222 253 2260 χορός.
271 2220 324 2252 Οὓς
336 2221 388 2258 γὰρ
405 2221 422 2255 ἡ
443 2219 524 2257 χάρις
554 2220 669 2256 συνῆψεν
686 2240 693 2252 ,
709 2217 740 2245 οὗ
757 2217 873 2253 διίστησι
888 2217 981 2248 τόπος.

156 2267 208 2296 Καὶ
223 2265 344 2304 καθάπερ
367 2263 396 2292 εἷ’
406 2275 448 2296 τις
475 2266 529 2292 τῶν
559 2263 589 2292 ἐκ
617 2262 796 2294 πολυτελείας
825 2261 981 2299 διηνθισμέ-

155 2322 208 2339 νων
225 2310 310 2343 λίθων
326 2309 442 2338 ἐπαινεῖν
466 2308 603 2344 ἐθελήσειε
618 2307 746 2347 στέφανον
763 2331 770 2343 ,
787 2306 851 2335 ὅτου
873 2306 903 2334 ἂν
923 2309 982 2338 τοῖς

155 2354 275 2386 ἐπαίνοις
304 2352 497 2392 πιριδράξηται
529 2353 638 2391 μέρους,
653 2352 699 2379 τὸν
714 2351 780 2380 ὅλον
803 2351 981 2388 συνθαυμάζει

153 2402 213 2431 τοῖς
244 2399 347 2436 μέρεσι·
365 2399 382 2433 ἢ
411 2397 540 2436 καθάπερ,
568 2398 674 2435 χρυσῆν
704 2407 765 2424 τινα
792 2395 882 2434 σειρὰν
910 2396 980 2434 ὁρῶν

154 2455 196 2476 τις
213 2468 221 2480 ,
238 2444 293 2479 ὅπη
310 2442 339 2471 ἂν
359 2444 457 2481 ἅψαιτο
474 2465 481 2477 ,
496 2442 528 2469 τὸ
543 2445 595 2469 πᾶν
612 2441 780 2477 συνεκίνησεν
799 2450 805 2456 ·
822 2440 893 2468 οὕτω
909 2439 952 2468 καί
967 2440 981 2467 ὁ

155 2489 224 2527 πρὸς
251 2487 298 2516 ἕνα
325 2490 379 2515 τῶν
396 2486 555 2515 ἀποστόλων
588 2485 670 2524 λόγος
702 2484 819 2522 βαδίζων
837 2483 872 2512 δι’
900 2484 982 2512 αὐτοῦ

156 2533 263 2571 συνέχει
290 2533 355 2564 τοὺς
372 2533 488 2563 ἅπαντας
504 2532 572 2559 κατὰ
587 2531 636 2565 τὴν
649 2531 698 2557 τοῦ
714 2529 854 2561 θεσπεσίου
870 2528 982 2557 Ιιαῦλου

155 2578 259 2617 φωνήν·
276 2590 290 2603 α
307 2577 339 2606 El
369 2576 462 2615 χαίρει
490 2575 518 2603 ἓν
548 2574 643 2612 μέλος,
673 2573 814 2612 συγχαίρει
842 2572 928 2601 πάντα
949 2574 983 2601 τὰ

158 2621 230 2660 μέλη
249 2643 256 2650 .
274 2635 284 2648 ι
304 2621 387 2651 ΙΙοίαν
402 2621 453 2659 γὰρ
480 2620 510 2648 ἂν
529 2619 619 2657 μελῶν
648 2618 778 2657 ἁρμονίαν
796 2617 882 2649 οὕτως
898 2619 916 2653 ἡ
932 2617 981 2658 φύ-

1041 1376 1150 1411 agitato
1158 1376 1268 1412 .pelago
1293 1376 1442 1411 injectam,
1455 1376 1611 1404 Dominicis
1627 1376 1708 1403 vobis
1731 1375 1865 1403 recordor

1041 1419 1198 1448 clamantis
1215 1428 1248 1451 ;‹‹
1266 1420 1367 1448 Venite
1382 1422 1449 1455 post
1473 1428 1527 1453 me,
1545 1423 1573 1447 ct
1599 1420 1703 1447 faciam
1728 1428 1778 1447 vos
1803 1419 1865 1447 fieri

1042 1465 1201 1500 piscatores
1224 1464 1379 1492 hominum
1393 1464 1424 1493 ⁵ο.
1441 1476 1451 1489 ι
1479 1464 1500 1492 0
1525 1465 1673 1492 efficacem
1698 1463 1818 1492 vocem!
1842 1464 1865 1492 0

1041 1509 1128 1536 verba
1143 1509 1231 1537 rebus
1245 1508 1317 1545 ipsis
1333 1509 1536 1545 comprobata!
1556 1509 1576 1536 0
1594 1517 1724 1536 veracem
1741 1508 1865 1544 promis-

1041 1551 1153 1581 sionem
1174 1553 1203 1580 in
1220 1553 1282 1581 dies
1309 1556 1426 1582 auctam
1440 1553 1446 1581 l
1462 1554 1622 1589 Cujusuam
1647 1553 1708 1581 haec
1732 1555 1792 1580 tam
1817 1560 1866 1581 co-

1040 1597 1123 1633 piosa
1138 1598 1292 1626 hominum
1307 1598 1440 1626 venatio?
1450 1598 1520 1630 Quis
1531 1598 1676 1626 illustrem
1693 1597 1865 1632 huiusmodi

1040 1643 1135 1678 coegit
1158 1642 1284 1670 coetum?
1308 1646 1411 1670 Annon
1427 1642 1522 1678 palam
1549 1645 1593 1670 est
1618 1642 1694 1669 inter
1718 1641 1865 1678 apostolos

1039 1686 1184 1714 illustrem
1201 1686 1230 1714 id
1247 1687 1416 1723 praestitisse
1426 1687 1590 1715 Andream?
1602 1687 1650 1723 qui
1663 1695 1728 1714 cum
1745 1686 1864 1723 linguas,

1039 1734 1102 1758 tum
1119 1731 1267 1759 memoriae
1290 1731 1433 1759 venabula
1457 1731 1631 1767 explicavit:
1649 1733 1681 1758 ut
1706 1730 1758 1758 hac
1781 1739 1865 1759 sacra

1038 1776 1159 1812 impleta
1175 1777 1318 1810 navicula,
1331 1776 1511 1813 apostolatus
1525 1777 1569 1804 sui
1583 1776 1789 1812 gubernaculis
1800 1784 1863 1804 soa-

1039 1821 1128 1857 pbam
1145 1820 1253 1858 dirigat
1276 1821 1311 1849 ad
1336 1821 1455 1850 caelum.
1471 1821 1644 1857 Ecquzenam
1666 1820 1696 1847 in
1712 1820 1864 1848 venatione

1039 1865 1150 1901 primas
1165 1865 1294 1893 habent?
1315 1867 1454 1899 Quisnam
1477 1865 1611 1893 laborum
1638 1865 1702 1900 ejus
1726 1864 1862 1900 primitin

1038 1910 1126 1937 sunt?
1142 1909 1196 1941 Qui
1212 1910 1365 1938 sacerdotii
1382 1909 1525 1938 ambitum
1538 1909 1696 1936 virtutibus
1711 1911 1863 1938 exornant.

1037 1953 1091 1986 Qui
1107 1954 1193 1990 primi
1214 1953 1382 1989 apostolicis
1397 1954 1478 1982 hisce
1498 1953 1577 1981 ulnis
1593 1953 1725 1989 impositi
1741 1955 1819 1987 sunt,
1836 1955 1866 1981 et

1037 1999 1087 2035 qui
1102 2000 1183 2026 extra
1201 2000 1340 2035 vagantes
1364 2000 1552 2033 errantesque
1569 1998 1604 2025 ad
1630 1996 1755 2025 salutem
1771 1997 1866 2027 veneti

1037 2044 1117 2070 sunt.
1133 2043 1223 2070 Plane
1247 2042 1333 2070 nobis
1358 2043 1509 2079 pressantis
1534 2041 1714 2070 celebritatis
1739 2050 1865 2078 magnus

1037 2086 1086 2114 ille
1102 2086 1234 2115 Andreas
1249 2085 1418 2115 occasiones
1433 2086 1514 2114 dedit
1529 2094 1535 2113 :
1553 2086 1603 2114 sed
1623 2088 1702 2113 totus
1718 2085 1864 2122 apostolo-

1037 2139 1103 2159 rum
1118 2131 1226 2159 chorus
1250 2131 1279 2158 in
1304 2133 1418 2167 partem
1440 2130 1561 2158 honoris
1586 2130 1675 2158 venit.
1692 2130 1769 2163 Quos
1785 2131 1863 2159 enim

1037 2175 1133 2212 gratia
1151 2175 1301 2211 conjunxit
1321 2183 1379 2203 non
1403 2178 1520 2211 separat
1549 2174 1641 2203 locus.
1651 2176 1690 2202 Ac
1720 2175 1862 2210 quemad-

1038 2220 1159 2248 modum
1174 2228 1200 2248 sl
1210 2220 1276 2255 quis
1286 2228 1423 2248 coronam
1440 2218 1547 2256 lapillis
1562 2219 1697 2255 pretiosis
1710 2228 1862 2256 coagmen-

1037 2266 1129 2292 tatam
1144 2263 1265 2292 laudare
1280 2264 1358 2298 velit,
1374 2271 1581 2300 quamcunque
1598 2266 1710 2298 partem
1726 2263 1863 2292 laudibus

1037 2308 1166 2343 extollat,
1182 2310 1277 2336 totum
1297 2317 1357 2337 una
1379 2316 1446 2336 cum
1470 2310 1551 2344 parte
1576 2307 1626 2335 illa
1652 2308 1795 2336 miratur:
1813 2311 1864 2337 aut

1037 2353 1287 2390 quemadmodum
1315 2354 1340 2381 si
1365 2353 1432 2390 quis
1456 2361 1573 2381 auream
1591 2353 1693 2380 videns
1719 2356 1863 2389 catenam,

1037 2406 1212 2434 quacunque
1222 2406 1286 2426 eam
1302 2400 1386 2434 parte
1400 2399 1512 2433 tangat,
1524 2399 1614 2425 totam
1631 2401 1792 2426 commovet
1804 2407 1810 2427 :
1824 2399 1866 2427 ita

1037 2450 1133 2470 sermo
1150 2442 1185 2469 de
1200 2442 1302 2477 quovis
1323 2441 1522 2478 apostolorum
1541 2441 1646 2475 factus,
1663 2449 1763 2470 omnes
1779 2442 1866 2478 plane

1037 2487 1149 2522 spectat
1172 2485 1333 2522 apostolos,
1347 2487 1432 2522 juxta
1447 2486 1537 2514 divini
1565 2486 1646 2513 Pauli
1672 2495 1769 2514 vocem
1786 2497 1819 2515 τα
1836 2487 1867 2516 Si

1037 2530 1146 2566 gaudet
1162 2538 1254 2558 unum
1272 2531 1450 2564 membrum,
1463 2531 1649 2565 congaudent
1664 2531 1763 2559 omnia
1779 2540 1868 2560 mem-

1037 2575 1132 2603 bra“.
1152 2586 1162 2599 ι
1180 2575 1273 2608 Quam
1296 2575 1374 2603 enim
1403 2574 1602 2602 membrorum
1630 2584 1801 2612 compagem
1828 2577 1870 2606 ita

1041 2621 1148 2647 natura
1163 2618 1319 2655 colligavit,
1334 2621 1367 2647 ut
1388 2619 1587 2655 apostolorum
1604 2619 1725 2648 chorum
1741 2621 1870 2657 Spiritus

159 2655 199 2698 σις
216 2655 343 2706 ίεύφηνεν
360 2688 367 2701 ,
383 2655 420 2697 ὡς
434 2655 483 2700 τήν
496 2655 550 2693 τῶν
580 2655 741 2692 ἀποστόλων
771 2662 882 2702 χορείαν
896 2663 914 2699 ἡ
930 2655 979 2690 τοῦ
994 2663 996 2682 1

1038 2663 1130 2701 gratia
1145 2663 1313 2700 copulavit?
1328 2664 1402 2693 Nam
1422 2672 1483 2692 una
1504 2663 1589 2700 plane
1605 2665 1710 2700 gratia,
1728 2655 1782 2701 est,
1802 2674 1868 2702 qua

194 2732 218 2751 ⁸ο
230 2732 334 2762 Matth.
351 2741 390 2767 ιν,
407 2732 451 2760 19.
488 2730 510 2749 ⁵¹
526 2729 539 2758 Ι
554 2730 618 2757 Cor.
633 2736 685 2763 ιιι,
698 2727 744 2757 26.

160 2794 253 2869 γή(32)
272 2795 341 2824 Colb
358 2816 365 2823 .
395 2790 566 2828 ἀποστολικῇ
594 2791 639 2817 νῦν
667 2786 907 2828 περιϐεϐλημένην
936 2799 983 2817 σα-

198 2840 244 2868 νῃ.

198 2840 244 2868 νῃ.

1149 2790 1229 2827 Qolb.
1245 2792 1296 2825 τῆς
1309 2788 1496 2827 ἀποστολικῆς
1511 2790 1637 2827 χάριτος,
1653 2788 1691 2820 είς
1707 2789 1767 2827 οὒρ.

1087 2790 1122 2817 33
1149 2790 1229 2818 Colb.
1245 2792 1296 2825 τῆς
1309 2790 1496 2824 ἀποστολικῆς
1511 2790 1626 2827 χάριτος

1076 2790 1135 2863 1341
1150 2826 1346 2861 Colbertinus,
1361 2824 1629 2864 καταφαιδρύνοντις.
