4092 6218
406 345 561 405 H03

409 475 703 548 apostolos
750 472 821 528 ad
868 470 1141 528 militiam
1195 469 1635 541 exercitumque
1685 468 1911 524 Domini
1960 483 2057 522 co-
2087 470 2144 535 Α

410 566 511 636 git.

481 656 533 705 2.
568 654 683 723 Age
742 644 899 721 ergo,
950 667 1153 706 omnes
1210 666 1347 717 una,
1398 665 1463 703 ac
1516 664 1619 720 per
1667 663 1869 702 omnes
1928 645 2060 701 illos

413 741 675 811 singulos
727 738 1104 795 admiremur.
1155 738 1416 792 Andreas
1466 736 1567 808 qui
1617 753 1685 791 ex
1742 734 2061 807 apostolica

410 826 649 901 ἀνδρείᾳ,
687 828 745 882 id
777 832 865 882 est
893 829 1125 896 virtute,
1150 842 1361 882 nomen
1392 826 1636 881 sortitus
1680 828 1788 891 est,
1814 824 1916 895 qui
1951 823 2061 894 pri-

412 936 545 973 mus
580 918 890 973 Dominum
921 917 1029 972 sibi
1056 916 1407 987 magistrum
1439 914 1734 986 ascripsit,
1758 911 2063 984 apostolici

412 1008 571 1063 chori
606 1007 884 1061 initium:
920 1007 1021 1077 qui
1068 1006 1139 1061 ad
1191 1006 1503 1060 adventum
1555 1002 1786 1058 Domini
1838 1001 2059 1074 perspi-

411 1099 685 1153 ciendum
730 1099 903 1150 acuta
955 1095 1068 1150 fuit
1122 1094 1424 1149 oculorum
1470 1093 1635 1148 acie:
1672 1092 1772 1163 qui
1818 1091 2061 1147 Joannis

410 1186 783 1256 disciplinam
811 1200 947 1239 cum
978 1184 1192 1239 Christi
1226 1182 1492 1238 doctrina
1522 1181 1905 1237 commutavit
1934 1198 1946 1236 :
1981 1180 2059 1235 si-

410 1275 616 1347 gillum
650 1274 959 1329 verborum
992 1273 1284 1345 Baptistae.
1318 1272 1455 1327 Erat
1498 1272 1651 1325 403
1696 1270 1851 1326 enim
1885 1268 2060 1324 disci-

410 1363 685 1434 pulorum
707 1361 953 1416 Joannis
975 1360 1372 1427 clarissimus;
1402 1358 1622 1429 fulgore
1643 1358 1891 1413 lucernae
1913 1356 2063 1413 lucis

408 1452 711 1507 veritatem
745 1449 1113 1522 perquirens,
1146 1466 1211 1505 ac
1241 1448 1397 1504 velut
1442 1449 1498 1503 in
1533 1449 1642 1504 sub
1673 1447 1940 1503 obscuris
1970 1464 2061 1502 ra-

409 1541 542 1607 diis,
577 1539 787 1594 Christi
820 1537 1234 1610 splendoribus
1285 1538 1668 1593 assuefactus.
1705 1536 1815 1591 Sed
1866 1536 2061 1591 hacte-

410 1648 523 1685 nus
552 1630 807 1683 Joannes
836 1628 1111 1683 Jordanis
1144 1627 1203 1682 in
1237 1626 1472 1682 ﬂuentis
1504 1630 1691 1692 stans,
1723 1626 2062 1680 Judaeorum

409 1734 613 1792 greges
672 1718 1084 1789 baptizaverat,
1139 1715 1445 1788 praeceptis
1502 1715 1685 1770 Mosis
1734 1714 2061 1769 remedium

407 1809 790 1876 levamenqus
824 1806 883 1859 in
915 1806 1086 1876 aquis
1125 1820 1479 1876 praeparans,
1517 1802 1739 1858 scilicet
1778 1802 2062 1874 pceniten-
2095 1838 2145 1904 B

416 1898 582 1962 tiam,
620 1894 975 1965 Mosaicique
1006 1892 1184 1966 gladii
1235 1893 1417 1948 aciem
1451 1892 1725 1947 fluctibus
1773 1908 2064 1948 resecans.

413 1987 634 2051 Quibus
668 1984 823 2039 enim
859 1982 1004 2054 legis
1036 1981 1427 2053 transgressio
1465 1986 1713 2036 mortem
1744 1984 2067 2052 pepererat,

412 2074 518 2128 hos
570 2076 885 2144 praereptos
944 2071 1228 2142 Baptista,
1252 2070 1596 2142 pmnitentia
1643 2069 1929 2142 praemisit
1979 2072 2070 2139 (ac

412 2161 802 2235 praeparavit.)
823 2159 968 2223 Quia
998 2159 1153 2213 enim
1189 2157 1450 2212 nondum
1475 2157 1677 2212 aderat
1698 2156 1797 2228 qui
1820 2159 2067 2211 mortem

412 2254 738 2322 abrogaret,
765 2250 1023 2321 quadam
1068 2265 1170 2304 ceu
1226 2246 1507 2302 dilatione
1559 2263 1660 2318 per
1708 2247 2069 2317 baptismum

414 2344 671 2403 obtenta,
716 2355 875 2394 mors
938 2337 1284 2403 leniebatur,
1317 2335 1556 2391 invitam
1615 2351 1753 2407 erga
1802 2334 2071 2390 homines

414 2429 785 2484 clementiam
819 2444 922 2499 per
962 2425 1369 2498 paenitentiam
1423 2425 1648 2479 edocta.
1681 2424 1823 2478 Cum
1873 2428 2069 2478 autem

412 2520 648 2574 advenit
682 2517 969 2573 Dominus
1001 2515 1334 2571 oeconomiae
1358 2514 1646 2585 sapientia
1667 2513 2070 2579 absconditus,

414 2607 729 2664 occultavit
778 2606 904 2678 ipse
955 2620 1182 2676 quoque
1233 2604 1448 2659 amictu
1502 2601 1733 2658 mortali
1765 2601 2071 2673 dignitatis

415 2698 812 2769 splendorem.
846 2694 990 2749 Cum
1020 2693 1078 2748 id
1123 2693 1300 2764 probe
1346 2695 1546 2747 nosset
1592 2690 1845 2746 Joannes
1877 2705 1938 2745 se
1969 2690 2071 2744 do-

415 2794 633 2841 ctorem
671 2784 870 2840 statim
904 2783 962 2837 in
998 2780 1309 2837 satellitem
1334 2781 1634 2846 convertit,
1662 2783 2076 2849 contractaque

418 2893 629 2941 manu,
702 2871 1007 2946 praesentis
1071 2870 1363 2941 (Domini)
1420 2885 1607 2941 prteco
1665 2869 1852 2924 factus
1910 2872 1998 2923 est
2057 2884 2070 2924 :

418 2990 443 3014 ‹‹
482 2966 622 3017 Ecce
656 2966 852 3035 Agnus
884 2960 1003 3026 Dei,
1036 2960 1135 3031 qui
1182 2957 1335 3014 tollit
1368 2962 1669 3030 peccatum
1720 2957 1926 3012 mundi
1952 2957 2020 3012 δεῖ.
2045 2977 2073 3005 ››

418 3053 540 3120 Hic,
596 3052 699 3120 ait,
754 3055 844 3106 est
901 3049 999 3121 qui
1062 3049 1271 3103 liberat
1329 3064 1361 3103 a
1416 3052 1623 3103 morte.
1672 3047 1776 3102 Ilie
1829 3050 1918 3102 est
1974 3045 2076 3115 qui

414 3142 565 3196 tollit
626 3144 946 3211 peccatum.
980 3138 1096 3209 Ego
1148 3153 1282 3192 vero
1329 3140 1394 3190 ut
1443 3135 1645 3207 sponsi
1696 3136 1923 3202 ductor,
1958 3151 2075 3189 non

418 3234 481 3283 ut
521 3209 776 3299 sponsus
835 3226 1054 3281 missus
1114 3241 1268 3280 sum.
1304 3222 1549 3280 Satelles
1611 3240 1727 3279 non
1790 3209 2147 3281 DominusC

419 3333 565 3371 veni.

490 3407 541 3459 3.
579 3405 747 3460 Hisce
773 3403 967 3460 verbis
999 3400 1340 3459 stimulatus
1386 3400 1785 3473 apostolorum
1820 3400 2076 3457 clarissi-

421 3513 552 3551 mus
573 3496 855 3561 Andreas,
883 3492 1160 3564 magistro
1186 3489 1407 3558 relicto,
1425 3491 1496 3545 ad
1521 3506 1655 3546 eum
1679 3489 1779 3561 qui
1804 3492 2078 3561 praedica-

420 3586 593 3639 batur
647 3582 900 3639 accurrit
932 3598 945 3637 :
979 3584 1327 3651 acceptoque
1380 3579 1539 3634 verbi
1572 3577 1801 3648 vexillo,
1832 3579 2077 3635 Joannis

419 3675 623 3746 lingua
655 3670 903 3727 velocior
926 3668 1180 3725 efficitur
1205 3685 1217 3722 :
1242 3667 1677 3738 Dominumque
1702 3667 1923 3735 adiens,
1950 3669 2077 3740 ipso

421 3764 622 3818 habitu
659 3760 1007 3816 desiderium
1054 3757 1305 3822 exhibet,
1333 3756 1584 3811 abducto
1636 3771 1836 3810 secum
1868 3772 2077 3811 cursus

422 3853 633 3908 comite
664 3852 888 3906 Joanne
918 3845 1279 3919 evangelista
1311 3861 1323 3899 :
1360 3846 1531 3900 ambo
1572 3845 1809 3899 lucerna
1854 3845 2075 3914 relicta,

424 3944 493 3997 ad
529 3942 710 3995 solem
759 3942 1091 4012 properant.
1126 3936 1390 3989 Andreas
1439 3934 1631 4006 prima
1677 3934 2076 4005 apostolorum

424 4031 705 4100 plantatio
740 4045 752 4083 :
787 4028 881 4083 hic
931 4024 1253 4096 disciplinas
1284 4022 1499 4078 Christi
1553 4026 1751 4094 portas
1800 4025 2030 4096 aperuit
2062 4041 2076 4079 :

426 4121 653 4189 primus
694 4115 1045 4188 prophetica:
1092 4112 1462 4185 agriculturae
1514 4113 1734 4167 fructus
1766 4112 2078 4185 decerpsit,

428 4208 813 4275 omniumque
844 4205 966 4276 spei
999 4218 1383 4275 praecurrens,
1408 4200 1567 4272 prior
1590 4217 1723 4256 eum
1746 4218 1917 4271 quem
1950 4219 2076 4257 om-

426 4312 533 4349 nes
567 4293 984 4363 exspectabant
1033 4289 1369 4361 complexus
1404 4294 1510 4344 est.
1544 4288 1776 4343 Primus
1826 4291 2082 4345 ostendit

428 4384 572 4454 legis
609 4386 894 4453 praecepta
920 4384 1076 4436 certo
1110 4378 1391 4449 temporis
1424 4378 1613 4449 spatio
1637 4378 2082 4450 circumscripta

428 4489 575 4526 esse.
614 4472 840 4526 Primus
873 4470 1053 4525 Mosis
1104 4467 1365 4539 linguam
1398 4466 1681 4534 cohibuit,
1716 4483 1819 4522 nec
1869 4484 2080 4539 passus

430 4568 515 4616 est
552 4567 613 4615 ut
645 4569 769 4631 post
800 4559 1093 4616 Christum
1127 4574 1193 4612 ea
1226 4557 1563 4648 loqueretur
1595 4572 1606 4609 :
1642 4572 1757 4610 non
1789 4557 1940 4627 quod
1976 4558 2077 4612 do-
2108 4580 2157 4648 D

433 4658 646 4705 ctorem
698 4651 1033 4706 Judteorum
1065 4644 1423 4702 contumelia
1469 4644 1745 4714 afﬁceret,
1770 4647 1870 4699 sed
1922 4647 2076 4716 quod

434 4742 653 4809 majore
685 4739 1009 4794 mittentem
1050 4751 1227 4807 quam
1279 4733 1527 4787 missum
1560 4733 1617 4786 in
1653 4732 1869 4788 honore
1901 4735 2073 4790 habe-

432 4834 517 4884 ret
546 4847 554 4883 :
589 4831 703 4883 imo
734 4829 893 4899 prior
918 4827 1081 4882 visus
1111 4830 1201 4880 est
1240 4827 1432 4877 Mosen
1466 4822 1768 4888 honorare,
1793 4838 1926 4877 cum
1959 4824 2077 4893 pri-

432 4936 563 4971 mus
599 4918 751 4971 norit
791 4934 926 4972 eum
970 4931 1143 4986 quem
1196 4911 1291 4966 ille
1339 4910 1683 4983 praedixerat
1715 4927 1727 4964 :
1755 4934 1781 4959 ‹‹
1817 4913 2077 4983 Prophe-

428 5014 575 5073 tam,
604 5032 627 5053 ››
662 5006 872 5077 inquit,
898 5030 923 5054 ‹‹
954 5002 1267 5061 suseitabit
1295 5000 1457 5055 vobis
1489 4998 1773 5055 Dominus
1800 5002 1948 5056 Deus
1981 5018 2079 5057 no-

430 5106 548 5152 ster
578 5116 643 5151 ex
676 5096 955 5152 fratribus
977 5093 1183 5149 vestris
1206 5090 1359 5146 sicut
1386 5106 1475 5144 me
1501 5105 1513 5144 :
1539 5090 1732 5160 ipsum
1757 5091 1954 5145 audite
1974 5092 2075 5145 ⁵³.»

450 5188 901 5259 Legemreousat
929 5185 1043 5256 legi
1074 5185 1420 5251 obsequens.
1458 5180 1691 5233 Audivit
1723 5179 1956 5252 Moysen
1990 5183 2075 5235 di-

431 5284 655 5332 centem
695 5295 760 5332 ;‹‹
794 5278 993 5348 Ipsum
1048 5273 1243 5327 audite
1274 5287 1287 5324 :
1316 5292 1342 5318 »
1375 5269 1599 5325 audivit
1643 5268 1928 5325 Joannem
1958 5270 2077 5327 cla-

431 5372 689 5421 mantem
715 5382 764 5421 ;‹‹
798 5364 939 5420 Ecce
967 5365 1166 5435 Agnus
1198 5359 1329 5425 Dei;
1355 5380 1382 5407 »
1410 5360 1585 5428 atque
1612 5356 1709 5413 illo
1740 5362 1973 5415 ostenso
2002 5361 2076 5415 ad

427 5474 561 5511 eum
598 5460 804 5527 sponte
835 5453 1102 5509 accessit.
1126 5454 1267 5504 Cum
1300 5450 1673 5517 cognosceret
1712 5451 1909 5505 autem
1942 5466 2075 5522 pro-

495 5573 540 5607 "
572 5573 741 5628 Joan.
773 5588 812 5640 ι,
844 5571 934 5625 29.
1011 5568 1054 5604 ⁵⁸
1081 5567 1251 5624 Deut.
1281 5579 1440 5632 xvm,
1475 5562 1569 5627 1ὃά

498 5672 607 5743 (35)
642 5669 1028 5739 Colbertinus,
1061 5680 1430 5740 παρεπεμπεν.

1566 338 1630 397 S.
1678 334 2205 396 ATHANASIUS.
2230 366 2310 378 --
2342 333 2650 396 SPURIA.

3660 332 3827 393 1104

2172 463 2485 537 Πνεύματος
2533 463 2695 539 χάρις
2741 481 3047 537 συνηρμοσε
3080 482 3092 533 ;
3129 461 3241 518 Μία
3286 464 3387 537 γὰρ
3427 457 3598 525 ὅντως
3631 462 3824 538 χάρις,

2168 558 2202 623 ἡ
2236 552 2361 615 τοὺς
2396 551 2737 613 ἀποστόλους
2768 550 2847 623 τῷ
2880 549 3110 626 δεσπότῃ
3142 549 3645 627 στρατολογήσασα.

2238 651 2291 702 2.
2328 649 2493 719 Δεῦρο
2523 643 2613 698 οὖν
2648 643 2733 698 ἰπὶ
2781 641 2908 705 τοὺς
2960 644 3185 711 πάντας,
3217 643 3305 698 καὶ
3356 641 3444 697 διά
3482 643 3697 699 πάντων
3722 645 3819 698 τὸν

2168 736 2285 789 καθ’
2341 731 2433 787 ἕνα
2490 734 2871 806 θαυμάσωμεν.
2932 729 3186 808 Ἀνδρέας
3232 734 3260 786 6
3298 739 3399 802 τῆς
3446 731 3824 802 ἀποπολικῆς

2169 820 2414 897 ἀνδρείας
2445 821 2756 895 ἐπώνυμος,
2788 823 2815 875 6
2848 825 3064 896 πρῶτος
3112 818 3435 875 διδάσκαλον
3481 821 3573 875 τὸν
3620 820 3824 876 δεσπό-

2168 934 2267 982 την
2299 910 2762 986 ἐπιγραψάμενος·
2795 913 2829 979 ἡ
2861 913 2957 979 τῆς
2993 909 3362 980 ἀποστολικῆς
3392 910 3613 985 χορείας
3644 911 3822 987 ἀρχή⁴

2171 1002 2199 1054 6
2250 1002 2386 1075 πρὸς
2433 1002 2533 1069 τήν
2593 998 2917 1068 δεσποτικὴν
2970 998 3263 1071 παρουσίαν
3316 996 3631 1073 ὀξυδερκὴς,
3666 1001 3827 1068 ὁτῆς

2172 1091 2430 1146 Ἰωάννου
2476 1089 2770 1163 μαθητείας
2799 1090 2899 1158 τὴν
2953 1092 3185 1165 Χριστοῦ
3235 1086 3581 1143 διδασκαλίαν
3623 1086 3830 1143 ἄντειλα-

2173 1177 2493 1251 λαξάμενος·
2529 1180 2564 1247 ἡ
2616 1182 2725 1233 τῶν
2771 1182 2869 1232 τοῦ
2922 1182 3225 1233 Βαπτιστοῦ
3256 1176 3516 1253 ῥημάτων
3564 1176 3829 1255 σφραγίς.

2171 1269 2268 1321 Ἦν
2307 1268 2400 1340 μὲν
2452 1267 2556 1343 γὰρ
2603 1272 2710 1321 τῶν
2763 1265 3013 1323 Ἰωάννου
3070 1270 3326 1340 μαθητῶν
3361 1268 3388 1321 6
3421 1264 3829 1340 δοκιμώτατος

2173 1354 2223 1409 ἐν
2259 1355 2531 1430 λυχνιαίῳ
2584 1355 2765 1433 φέγγει
2820 1360 2993 1425 ζητῶν
3038 1360 3137 1410 τοῦ
3170 1356 3348 1433 φωτδς
3397 1357 3494 1423 τήν
3539 1355 3829 1426 ἀλήθειαν,

2171 1443 2353 1521 ὥσπερ
2382 1466 2467 1507 τις
2498 1444 2548 1499 ἐν
2584 1441 2976 1520 ἀμυδροτὲραις
3029 1444 3221 1519 αὐγαῖς
3264 1445 3400 1521 πρὸς
3448 1445 3543 1507 τὰς
3584 1449 3832 1519 Χριστοῦ

2176 1533 2536 1609 μαρμαρυγὰς
2586 1533 2918 1607 ἐθιζόμενος.
2972 1531 3133 1589 Ἀλλ’
3181 1534 3209 1588 6
3261 1534 3356 1607 μὲν
3400 1534 3657 1604 Ἰωάννης
3686 1533 3831 1597 τέως

2170 1627 2288 1684 τοῖς
2321 1620 2594 1696 Ἰορδάνου
2648 1624 2879 1696 νάμασιν
2913 1621 3149 1700 ἐφεστὼς
3191 1623 3284 1685 τὰς
3318 1620 3594 1678 Ἰουδαίων
3629 1621 3835 1699 ἀγέλας

2174 1706 2445 1783 ἐϐάπτιζε,
2496 1716 2613 1774 τοῖς
2666 1711 2909 1775 Μωσᾶως
2960 1710 3370 1788 προστάγμασιν
3420 1710 3834 1791 ἀντιφάρμακον

2177 1799 2229 1855 ἐν
2284 1798 2441 1855 ὕδασι
2516 1802 2924 1869 κατασκευάζων
2989 1802 3273 1873 μετάνοιαν
3310 1847 3323 1873 ,
3379 1800 3469 1855 καὶ
3528 1805 3835 1857 Μωσαϊκοῦ

2179 1888 2362 1966 ξίφους
2407 1890 2505 1958 τήν
2556 1889 2737 1962 άκμὴν
2788 1889 3099 1945 ἀνακόπτων
3131 1895 3248 1953 τοῖς
3290 1889 3568 1967 ῥεύμασιν.
3601 1893 3696 1953 Οἷς
3727 1891 3835 1968 γάρ

2178 1980 2211 2047 ἡ
2243 1982 2340 2032 τοῦ
2372 1977 2547 2051 νόμου
2598 1974 2901 2054 παράϐασις
2950 1981 3176 2042 θάνατον
3230 1975 3392 2052 ἔτεκε,
3423 1979 3650 2041 τούτους
3690 2000 3835 2054 προ-

2177 2066 2486 2139 εξαρπάζων
2521 2070 2549 2122 6
2584 2070 2885 2137 Βαπτιστῆς
2915 2071 2983 2143 τῇ
3019 2069 3272 2142 μετανοίᾳ
3312 2067 3659 2145 προέπεμπεν
3694 2071 3836 2142 (35).

2180 2154 2399 2225 Ἐπειδὴ
2433 2157 2532 2233 γάρ
2588 2160 2757 2230 μήπω
2807 2165 2984 2233 παρῆν
3037 2160 3064 2212 6
3112 2157 3396 2213 καταλύων
3444 2160 3534 2213 τὸν
3578 2159 3835 2230 θάνατον,

2176 2251 2297 2307 ταῖς
2352 2243 2440 2299 διὰ
2513 2251 2609 2302 τοῦ
2690 2248 3063 2323 βαπτίσματος
3125 2248 3465 2324 ὑπερθέσεων
3521 2248 3549 2301 6
3610 2250 3841 2311 θάνατος

2180 2332 2466 2409 ἐπραΰνετο
2505 2378 2518 2403 ,
2578 2336 2826 2390 ἀκουσιον
2909 2335 3318 2414 φιλανθρωπίαν
3380 2334 3467 2391 διὰ
3546 2338 3839 2408 μετανοίας

2180 2422 2650 2498 ἐκπαιδευόμενος.
2709 2427 2834 2479 Ὅτε
2892 2423 2949 2480 δὲ
3004 2433 3181 2502 παρῆν
3215 2427 3243 2479 6
3297 2423 3563 2496 δεσπότης
3594 2426 3836 2499 κρυπτό-

2184 2535 2346 2587 μενος
2394 2518 2461 2588 τῇ
2518 2521 2618 2584 τῆς
2679 2514 3002 2589 οἰκονομίας
3054 2514 3235 2594 σοφίᾳ,
3280 2515 3369 2570 καὶ
3423 2515 3675 2590 κρύπτων
3734 2523 3842 2586 τῆς

2180 2602 2327 2673 ἀξίας
2375 2605 2473 2674 τήν
2524 2603 2800 2680 ἀστραπὴν
2849 2604 2900 2659 ἐν
2959 2600 3297 2681 περιϐολαίῳ
3346 2606 3544 2677 Θνητῷ,
3594 2607 3756 2681 γνοὺς
3806 2608 3838 2660 6

2182 2692 2452 2763 Ἰωάννης,
2502 2692 2656 2757 εὐθὺς
2714 2693 2805 2748 τὸν
2864 2690 3156 2763 παιδευτὴν
3218 2694 3294 2755 εἰς
3353 2690 3654 2772 δορυφόρον
3710 2716 3840 2769 μετ-

2184 2776 2365 2853 έϐαλε,
2400 2782 2487 2836 καὶ
2516 2782 2613 2850 τὴν
2666 2788 2827 2859 χεῖρα
2876 2783 3159 2845 συστείλας
3207 2784 3374 2858 κῆρυξ
3422 2787 3519 2838 τοῦ
3565 2786 3838 2857 παρόντος

2183 2868 2414 2944 ἐγένετο⁹
2451 2897 2477 2922 ‹‹
2509 2868 2638 2942 Ἴδε,
2701 2871 2728 2926 ὀ
2789 2872 2986 2944 Ἀμνὸς
3046 2877 3144 2926 τοῦ
3184 2875 3365 2944 Θεεοῦ,
3425 2872 3453 2926 6
3514 2871 3681 2947 αἴρων
3741 2874 3843 2941 τὴν

2185 2958 2449 3034 ἁμαρτίαν
2498 2964 2595 3014 τοῦ
2644 2959 2874 3034 κόσμου.
2911 2985 2939 3012 ››
2972 2960 3164 3029 Οὗτος,
3218 2960 3402 3039 φησὶν,
3452 2961 3481 3015 6
3530 2965 3629 3017 τοῦ
3678 2963 3842 3016 Θανά-

2184 3067 2280 3101 του
2313 3045 2511 3120 λυτήρ.
2546 3047 2717 3110 Οὗτος
2751 3049 2777 3102 ὁ
2809 3054 2909 3118 τῆς
2944 3047 3211 3124 άμαρτίρις
3263 3048 3573 3125 ἀναιρέτης.
3608 3049 3750 3125 Ἐγὼ
3784 3047 3845 3104 δὶ

2186 3136 2567 3211 νυμφαγωγὸς,
2603 3135 2665 3191 ού
2696 3137 2931 3215 νυμφίος
2978 3135 3345 3212 ἀπὲσταλμαι,
3398 3139 3738 3216 Δορυφόρος,
3780 3138 3844 3193 οὗ

2186 3224 2468 3296 Δεσπότης
2502 3223 2768 3296 ἐλήλυθα.

2256 3405 2309 3459 3.
2340 3402 2563 3465 Τούτοις
2593 3408 2709 3465 τοῖς
2766 3402 3002 3480 ῥήμασιν
3046 3404 3073 3457 ὁ
3103 3407 3212 3458 τῶν
3241 3403 3562 3461 ἀποστόλων
3605 3427 3842 3485 περιφα-

2183 3492 2436 3554 νὲστατος
2490 3489 2737 3568 Ἀνδρίας
2796 3492 3140 3567 νυττόμενος,
3200 3493 3291 3548 τὸν
3342 3492 3639 3566 παιδευτὴν
3680 3518 3843 3552 κατα-

2187 3578 2376 3654 λείψας
2408 3581 2544 3655 πρὸς
2575 3582 2665 3636 τὸν
2716 3581 3119 3657 κηρυττόμενον
3167 3577 3390 3657 ἔδραμε
3424 3583 3511 3638 καὶ
3548 3582 3838 3659 δεξάμενος

2184 3673 2281 3723 τοῦ
2336 3667 2505 3743 λόγου
2549 3670 2609 3724 τὸ
2654 3668 2940 3743 σύνθημα,
2971 3669 3174 3745 γίνεται
3222 3677 3320 3740 τῆς
3373 3671 3624 3727 Ἰωάννου
3655 3673 3841 3748 γλώσ-

2188 3778 2286 3825 σης
2345 3757 2615 3834 ὀξύτερος·
2660 3757 2749 3813 καὶ
2797 3763 2876 3831 τῷ
2932 3757 3172 3832 Δεσπότῃ
3230 3758 3574 3833 προσελθὼν,
3637 3759 3839 3818 ἐδείκνυ

2185 3847 2277 3901 τὸν
2306 3846 2472 3910 πόθον
2500 3848 2578 3920 τῷ
2610 3850 2880 3923 σχήματι,
2908 3849 3167 3902 κοινωνὸν
3194 3853 3292 3903 τοῦ
3324 3847 3533 3925 δρόμου
3559 3851 3654 3905 τὸν
3690 3851 3845 3927 εὐαγ-

2185 3933 2439 4011 γελιστὴν
2503 3934 2754 4006 Ἰωάννην
2817 3937 3293 4011 συναπαγόμενος·
3350 3936 3440 3992 καὶ
3502 3934 3694 4016 ἄμφω,
3750 3941 3843 3995 τὸν

2189 4022 2392 4097 λύχνον
2444 4022 2685 4102 ἀφέντες,
2720 4023 2805 4078 ἐπὶ
2853 4026 2943 4079 τὸν
2995 4022 3159 4094 ἤλιον
3211 4024 3483 4104 φέρονται.
3515 4025 3775 4104 Ἀνδρέας
3805 4031 3838 4097 ἡ

2188 4114 2379 4188 πρώτη
2435 4118 2542 4167 τῶν
2604 4112 2925 4168 ἀποστόλων
2984 4112 3208 4191 φυτεία·
3268 4114 3428 4177 οὗτος
3486 4115 3685 4188 ἀνέῳξε
3740 4124 3842 4186 τῆς

2188 4203 2422 4277 Χριστοῦ
2457 4201 2748 4273 μαθητείας
2790 4201 2885 4264 τὰς
2935 4200 3134 4264 πύλας·
3169 4206 3388 4277 πρῶτος
3435 4210 3535 4273 τῆς
3565 4225 3844 4281 προφητι-

2188 4298 2291 4360 κῆς
2322 4290 2586 4366 γεωργίας
2631 4289 2759 4352 τοὺς
2806 4289 3047 4365 καρποὺς
3101 4290 3384 4367 ἐτρύγησε,
3415 4293 3628 4355 καὶτὰς
3675 4296 3844 4350 ἁπάν-

2187 4402 2293 4434 των
2346 4377 2569 4441 ἐλπίδας
2621 4376 3000 4455 ὖπερδραμὼν,
3054 4385 3272 4454 πρῶτος
3321 4380 3413 4435 τὸν
3446 4384 3593 4457 παρᾶ
3624 4382 3841 4439 πάντων

2188 4464 2645 4542 προσδοκώμενον
2703 4469 3139 4545 περιπτύσσεται.
3176 4475 3401 4545 Πρῶτος
3454 4467 3621 4541 ἔδειξε
3650 4473 3719 4527 τά
3747 4478 3844 4528 τοῦ

2186 4557 2360 4630 νόμου
2391 4557 2782 4633 προστάγματα
2830 4558 3134 4633 προθεσμία
3195 4558 3555 4634 μετρούμενα.
3618 4567 3846 4637 Πρῶτος

2186 4648 2283 4716 την
2337 4646 2578 4708 Μωσέως
2623 4644 2813 4718 ἔστησε
2859 4646 3129 4723 γλῶτταν,
3185 4648 3320 4720 μετὰ
3367 4649 3596 4722 Χριστὸν
3633 4648 3848 4706 λαλού-

2188 4757 2285 4806 σης
2316 4735 2415 4789 οὐκ
2444 4735 2841 4810 ἀνασχόμενος,
2875 4736 2983 4811 οὐχ
3032 4731 3411 4811 ὑϐριζόμενος,
3445 4737 3552 4813 οὐχ
3601 4734 3842 4816 ὑϐρίζων

2184 4829 2290 4879 τῶν
2347 4822 2619 4881 Ἰουδαίων
2679 4826 2768 4879 τὸν
2824 4822 3140 4895 παιδευτήν·
3192 4823 3339 4880 ἀλλὰ
3396 4831 3685 4901 προτιμῶν
3746 4834 3844 4883 τοῦ

2186 4914 2523 4992 πεμφθέντος
2574 4914 2667 4967 τὸν
2712 4915 3021 4988 πέμψαντα·
3059 4913 3273 4987 μᾶλλον
3323 4912 3380 4969 δὲ
3430 4919 3651 4991 πρῶτος
3683 4913 3840 4996 ὤφθη

2185 5003 2276 5056 τὸν
2332 5004 2527 5060 Μωσὲα
2580 5007 2775 5074 τιμῶν
2832 5008 3051 5075 πρῶτος
3110 5002 3319 5079 ἐπέγνω
3364 5004 3455 5058 τὸν
3509 5003 3599 5058 ὑπ’
3633 5004 3841 5061 ἐκείνου

2185 5090 2684 5168 προφητευόμενον·
2722 5114 2751 5143 ι(
2784 5094 3078 5168 Προφήτην
3126 5091 3255 5166 ὑμῖν
3313 5093 3602 5163 ἀναστήσει
3636 5094 3843 5170 Κύριος

2190 5181 2217 5234 ό
2248 5181 2376 5241 θεὸς
2408 5180 2568 5248 ἡμῶν
2629 5179 2680 5233 ἐν
2736 5185 2843 5235 τῶν
2894 5178 3141 5259 ἀδελφῶν
3194 5181 3347 5255 ὑμῶν
3399 5181 3476 5243 ὡς
3518 5179 3637 5255 ἐμὲ*
3670 5182 3842 5240 αὑτοῦ

2185 5267 2485 5324 ἀκούετε.»
2524 5270 2868 5343 Ηαραιτεῖται
2916 5270 3009 5324 τὸν
3058 5269 3224 5344 νόμον
3269 5268 3350 5342 τῷ
3396 5268 3553 5343 νόμῳ
3581 5272 3843 5346 πειθόμε-

2183 5378 2295 5419 νος.
2329 5357 2564 5411 Ἤκουσε
2594 5357 2832 5420 Μωσέως
2880 5356 3200 5420 λαλοῦντος·
3237 5382 3265 5410 ‹‹
3300 5356 3479 5412 Αὐτοῦ
3528 5356 3774 5419 ἀκούετε.
3808 5385 3841 5413 »ι

2183 5448 2440 5502 Ἤκουσεν
2502 5444 2752 5501 Ἰωάννου
2811 5447 3071 5522 βοῶντος·
3133 5472 3161 5499 ‹‹
3225 5443 3336 5504 ’Ίδε
3392 5447 3421 5500 ὁ
3481 5446 3691 5521 ’Δμνὸς
3743 5455 3839 5506 τοῦ
