2046 3109
55 2 219 18 τπιιττγν-ιτ
229 2 313 6 ν-νίλτ
340 4 344 8 -
354 1 376 2 W

164 208 180 239 1
187 207 245 238 105

737 229 740 232 ~
766 208 899 239 SERMO
920 207 1269 240 EXEORTATORIUS.

1795 206 1873 237 “06

164 275 246 301 Θεοῦ·
267 284 282 299 ››
297 272 341 300 καὶ
356 272 451 310 γέγονε
464 273 532 311 πρὸς
555 273 604 308 τὴν
627 271 708 310 δεῖξιν
729 272 897 310 αὐτόμολος.
914 273 985 301 Ἐπι-

1046 273 1164 309 phetam
1176 273 1260 302 illum
1274 273 1425 310 prophetia
1439 271 1679 310 prmnuntiatum,
1691 271 1809 299 fratrem
1826 279 1870 298 se-

164 317 248 356 γνοὺς
279 316 308 344 δὲ
333 317 378 345 τὸν
401 318 623 357 προφητευθὲντα
647 319 801 356 προφήτην,
827 319 991 355 χειραγωγεῖ

163 362 210 390 τὸν
228 361 343 401 ἀδελφὸν
369 362 437 400 πρὸς
461 363 510 397 τὴν
528 362 640 400 εὕρεσιν.
657 363 811 401 Ἀγνοοῦντι
835 364 874 398 τῷ
894 362 990 398 Πέτρῳ

163 406 211 433 τὸν
237 405 371 443 θησαυρὸν
399 405 541 434 δείκνυσιν·
560 418 571 432 ι
589 406 748 443 Εὑρήκαμεν
771 406 816 434 τὸν
842 406 958 435 Μεσσίαν
975 418 989 432 ››

164 450 195 478 ὃν
214 450 377 487 ἐπυθοῠμεν.
395 451 434 479 Οὔ
457 451 506 485 τὴν
528 451 676 488 παρουσίαν
701 451 868 487 ἠλπίσαμεν²
891 450 989 478 τούτου

163 495 215 529 τὴν
246 494 359 533 θεωρίαν
384 494 558 533 ἁρπάσωμεν.
585 495 746 533 Εὑρήκαμεν
772 496 800 523 ὃν
821 494 990 534 τροφητικαὶ

166 539 271 577 βοῶσαι
287 539 435 578 σάλπιγγες
448 540 587 576 ἀναμένειν
604 539 737 568 ἐκέλευον.
753 541 883 574 ’Ἡνεγκεν
898 540 912 566 6
926 539 990 577 χρό-

161 594 211 615 νος
228 584 257 611 ’ὸν
274 585 291 618 ἡ
314 584 397 622 χάρις
423 583 578 621 ἐκήρυττεν,
601 585 631 612 ’ὸν
654 583 769 619 ἤλπισεν
784 584 798 611 6
814 583 898 615 πόθος
923 582 987 611 ἰδεῖν

162 625 298 665 ὄμμασιν.
324 627 394 666 Εὗρε
417 628 479 666 γὰρ,
504 629 604 667 φησὶν,
628 628 707 660 οὗτος
732 628 778 656 τὸν
801 627 917 667 ἀδελφὸν
942 628 988 656 τὸν

162 671 234 700 ἴδιον
251 672 374 709 Σίμωνα,
389 673 434 700 καὶ
456 673 591 711 μερίζεται
615 673 683 710 πρὸς
708 673 787 700 αὐτὸν
802 677 851 708 τῆς
874 673 990 711 θεωρίας

160 717 209 745 τὸν
238 716 383 755 θησαυρόν.
411 717 581 755 Χειραγωγεῖ
608 717 676 755 πρὸς
700 716 746 745 τὸν
777 716 910 752 δεσπότην
941 717 987 745 τὸν

161 761 276 798 Πέτρον.
308 765 340 788 Ὠ
373 760 526 799 παραδόξου
555 761 710 799 θαύματοςι
741 760 825 790 Οὕπω
865 762 989 798 μαθητὴς

160 803 293 844 Ἀνδρίας
330 805 376 833 καὶ
415 806 576 843 καθηγητὴς
621 806 768 843 ἀνθρώπων
806 807 961 844 καθῖσταται
979 828 986 834 .

162 850 233 878 Ἀπὸ
260 852 309 878 τοῦ
337 848 471 878 διδάσκειν
496 853 545 878 τοῦ
574 851 714 888 μανθάνειν
731 850 878 888 ἀπήρξατο’
899 851 988 888 ἁρπά-

164 897 204 930 ζει
216 898 267 930 τῆς
284 894 441 930 ἀποστολῆς
455 896 504 930 τήν
521 895 606 931 ἀξίαν.
620 894 781 933 Εὑρήκαμεν
797 895 842 922 τὸν
859 895 986 923 Μεσσίαν.

162 940 197 966 Ὠ
209 939 296 970 πόσας
317 939 415 970 νύκτας
438 939 556 971 ἀΰπνους
579 939 721 971 ἀνύσαντες
744 940 818 978 παρὰ
840 942 897 971 τοῖς
919 941 987 977 Ἰορ-

162 983 246 1012 δάνου
275 983 401 1022 ῥείθροις,
430 986 476 1011 νῦν
506 985 534 1012 ’ὸν
561 984 709 1022 ἐποθοῦμεν
734 984 886 1022 εὑρήκαμεν
905 985 910 1012 !
932 984 990 1013 Οὐκ

159 1030 195 1063 ἦν
214 1027 315 1067 βραδὺς
332 1030 399 1065 μετά
426 1029 476 1064 τήν
506 1030 598 1064 φωνὴν
615 1030 629 1057 6
645 1030 747 1068 Πέτρος
764 1039 771 1045 '
789 1028 916 1067 Ἀνδρέου
935 1030 988 1068 γὰρ

159 1074 195 1108 ἦν
220 1072 348 1112 ἀδελφός·
376 1074 422 1101 καὶ
445 1074 533 1112 θερμῇ
552 1076 586 1111 τῇ
611 1075 710 1112 γνώμῃ
732 1074 780 1106 τὰς
803 1074 886 1106 ἀκοὰς
910 1074 987 1102 ἐκπε-

159 1119 244 1149 τάσας
259 1118 399 1156 ἠπείγετο.

197 1164 224 1191 4.
240 1160 337 1190 Λαϐὼν
352 1164 397 1191 τὸν
415 1162 516 1201 Πέτρον
531 1164 545 1190 ὁ
562 1162 690 1202 Ἀνδρέας
703 1166 744 1200 τῷ
759 1163 880 1200 Δεσπότῃ
901 1173 986 1201 προσ-

160 1207 220 1245 άγει
234 1207 281 1234 τὸν
299 1208 429 1244 μεριστὴν
453 1211 504 1243 τῆς
529 1207 645 1247 φύσεως,
670 1208 800 1236 κοινωνὸν
825 1209 875 1243 τῆς
901 1214 987 1244 μαθη-

158 1251 232 1282 τείας
257 1251 490 1289 ἀπεργασάμενος,
513 1254 598 1279 Τοῦτο
622 1254 731 1291 πρῶτον
748 1250 873 1290 Ἀνδρέου
887 1252 985 1290 κατόρ-

161 1297 254 1333 θωμα.
280 1296 385 1332 Εὕξησε
412 1299 467 1324 τῶν
496 1294 656 1324 ἀποστόλων
683 1297 728 1325 τὸν
757 1295 984 1335 ἀριθμόνυπροσο

160 1341 260 1378 ήνεγκε
275 1341 388 1377 Πέτρον,
401 1339 440 1368 ἵν’
454 1340 519 1380 εὕρῃ
535 1341 651 1380 Χριστὸς
665 1342 710 1369 τὸν
725 1344 779 1369 τῶν
797 1343 923 1378 μαθητῶν
936 1352 984 1369 κο-

160 1388 287 1424 ρυφαῖον.
314 1387 394 1413 Ὥστε
417 1386 462 1413 καὶ
479 1386 505 1414 ἐν
523 1387 563 1417 οἷς
589 1386 698 1425 ὕστερον
726 1386 878 1424 εὐδοκιμῶν
896 1388 910 1415 ὁ
932 1388 983 1415 Πε-

157 1440 224 1466 τρος
254 1429 414 1467 εὖρίσκεται,
443 1431 516 1468 παρὰ
541 1430 666 1469 Ἀνδρὲου
695 1435 744 1467 τῆς
781 1430 984 1468 εὐδοκιμήσεως

159 1472 220 1513 ἔχει
234 1475 268 1502 τὰ
282 1475 433 1513 σπέρματα.
458 1474 536 1504 Ἀλλ’
551 1476 568 1511 ἡ
584 1478 638 1503 τῶν
663 1475 777 1504 ἐπαίνων
794 1474 941 1514 ἷσόρῥοπος
958 1476 984 1512 ἐξ

158 1518 294 1556 ὶκατὲρων
322 1519 391 1557 πρὸς
420 1518 563 1555 ἀλλήλους
590 1518 726 1551 ἀντίδοσις
751 1520 864 1558 γίνεται.
895 1521 984 1550 Οἰκει-

158 1562 251 1592 οὗνται
267 1564 316 1602 γὰρ
330 1564 366 1591 τὰ
379 1562 513 1599 ἀλλήλων
529 1564 623 1602 ἀγαθὰ,
638 1565 682 1592 καὶ
697 1567 754 1596 τοῖς
769 1564 902 1600 ἀλλήλων
919 1565 984 1603 ἀγα-

156 1609 216 1639 θοῖς
244 1604 435 1646 ἐναϐρύνονται
453 1629 459 1638 ,
490 1607 580 1644 Ιῐόσην
607 1611 671 1647 γοῦν
700 1607 798 1646 ἤνεγκε
829 1612 888 1640 τοῖς
918 1612 982 1636 πᾶσι

156 1653 246 1691 ’χαρὰν
263 1653 278 1680 6
292 1653 394 1691 Πέτρος
410 1654 479 1690 πρὸς
492 1652 540 1684 τὰς
557 1652 715 1685 δεσποτικὰς
732 1653 878 1691 ἐρωτήσεις
900 1653 981 1689 ὀξέως
999 1646 1020 1679 C

158 1697 388 1735 ἀποκρινόμενος¹
403 1697 447 1725 καὶ
463 1697 546 1729 λύσας
571 1698 677 1732 σιωπὴν
704 1698 830 1735 μαθητῶν
855 1697 984 1736 ἐρυθριῶ-

160 1752 208 1770 σαν
226 1751 233 1776 ;
251 1755 264 1768 α
279 1742 343 1769 Τίνα
371 1752 406 1779 με
429 1742 554 1780 λέγουσιν
582 1743 608 1770 οἱ
633 1743 768 1781 ἅνθρωποι
795 1743 861 1770 εἶναι
878 1752 885 1778 ;
902 1754 917 1769 υ
933 1743 983 1770 Καὶ

160 1787 199 1818 ὡς
213 1786 292 1817 αὐτὸς
309 1785 345 1814 ὣν
361 1789 414 1814 τῶν
431 1786 619 1825 ἐρωτηθέντων
636 1789 653 1822 ἡ
668 1787 787 1825 γλῶττα,
802 1788 820 1822 ἢ
837 1787 874 1819 ὡς
900 1787 982 1815 ἁπάν-

158 1841 215 1858 των
232 1830 257 1859 ἐν
273 1830 366 1868 ἐκείνῳ
382 1831 553 1867 λαλούντων,
571 1831 653 1868 μόνος
676 1831 740 1868 ὑπὲρ
764 1832 870 1859 πάντων
887 1831 982 1871 ἐφθέγ-

157 1885 231 1914 γετο·
252 1888 266 1902 u
283 1875 320 1903 Σὺ
335 1877 361 1903 εἴ
375 1877 389 1903 6
405 1877 522 1914 Χριστὸς
538 1877 552 1903 ὁ
563 1877 624 1907 Υἱὸς
638 1878 687 1904 τοῦ
702 1875 769 1904 Θεοῦ
782 1879 832 1904 τοῦ
849 1879 958 1913 ζῶντος,
969 1888 981 1902 ι)

161 1923 211 1957 μιᾷ
225 1922 303 1959 φωνῇ
318 1920 363 1948 καὶ
389 1921 435 1948 τὸν
462 1921 669 1958 οἷκονομοῦντα,
684 1921 729 1949 καὶ
751 1922 800 1956 τήν
827 1921 984 1958 οἴκονομίαν

158 1965 408 2004 ἀπηθεγξάμενος.
438 1966 471 1993 Ὢ
499 1965 658 2005 συμφωνίας
678 1965 833 2004 ρημάτωνί
864 1966 903 1997 οἷς
932 1966 982 2004 γὰρ

158 2008 288 2046 Ἀνδρὲας
314 2009 361 2037 τὸν
383 2009 483 2048 Πέτρον
510 2009 716 2049 ἐχειραγώγησε
737 2010 852 2048 ῥημάσι,
875 2010 982 2041 τούτοις

159 2054 260 2085 ἄνωθεν
282 2055 297 2081 ὁ
323 2054 415 2091 Πατὴρ
437 2054 484 2082 τὸν
509 2054 609 2091 Πέτρον
635 2054 742 2092 ἐνηχῶν
767 2054 981 2093 ηθυπὲγραφεν.

157 2099 278 2129 Ἐκεῖνος
291 2096 392 2137 ἔλεγεν·
409 2111 423 2124 ‹‹
440 2098 601 2136 Εὑρήκαμεν
616 2100 662 2127 τὸν
676 2099 801 2128 Μεσσίαν.
817 2111 831 2125 »
848 2099 878 2128 Ὁ
892 2099 982 2137 πατὴρ

160 2140 299 2170 ὑπέϐαλλε
315 2142 412 2181 λέγων·
430 2155 443 2169 α
462 2143 500 2171 Σὺ
524 2144 549 2171 εἴ
571 2144 585 2171 ὁ
610 2143 671 2180 Υἱός
695 2146 744 2171 τοῦ
768 2145 835 2171 Θεοῦ
849 2145 897 2170 τοῦ
914 2146 981 2178 ζῶν-

157 2197 215 2218 τος·
233 2199 247 2213 ››
264 2187 349 2224 μόνοι
365 2187 429 2226 οὐχὶ
444 2190 527 2217 ταῦτα
550 2188 619 2227 πρὸς
641 2188 687 2216 τὸν
703 2187 804 2226 Πέτρον
825 2187 983 2226 ἐγκελευσά-

162 2240 252 2268 μενος⁶
269 2231 397 2269 Φθέγξαι,
414 2233 436 2259 ὧ
462 2232 556 2267 Πέτρε,
578 2233 627 2264 τὰς
653 2231 780 2270 Ἀνδρέου
806 2232 895 2271 φωνὰς
915 2232 982 2270 ἐρω-

158 2276 292 2312 τώμενος·
311 2277 408 2315 φάνηθι
423 2279 472 2304 τοῦ
486 2275 650 2305 διδασκάλου
665 2277 734 2315 πρὸς
750 2277 892 2314 ἀπόκρισιν
917 2276 985 2304 ἐτοι-

1045 326 1113 346 cum
1129 319 1248 347 adducit
1267 321 1300 347 ut
1323 318 1461 356 inquirat.
1479 317 1626 354 Ignoranti
1650 316 1734 343 Petro
1750 316 1869 343 thesau-

1046 371 1111 391 rum
1127 363 1256 391 ostendit
1268 372 1297 391 τι(
1315 363 1481 391 Invenimus
1503 361 1639 390 Messiam
1652 362 1673 378 δι
1686 373 1699 386 ››
1716 368 1802 396 quem
1819 361 1868 387 de-

1045 407 1259 437 siderabamus.
1275 409 1366 443 Cujus
1387 408 1544 435 adventum
1569 406 1761 442 speravimus,
1779 405 1868 440 hujus

1044 455 1233 489 conspectum
1245 461 1431 489 occupemus.
1442 451 1608 480 Invenimus
1622 459 1686 478 eum
1700 459 1787 485 quem
1800 458 1867 485 pro-

1045 496 1166 532 pheticis
1181 497 1349 533 clangentes
1364 497 1440 526 tubae
1458 498 1623 532 exspectare
1635 495 1788 530 jubebant.
1807 495 1867 522 Tu—

1044 541 1078 569 lit
1105 544 1222 578 tempus
1251 550 1319 570 eum
1350 549 1437 578 quem
1466 540 1560 577 gratia
1589 540 1764 576 praedicavit,
1780 547 1867 575 quem

1045 594 1128 614 amor
1142 594 1174 614 se
1188 585 1282 614 oculis
1297 586 1430 614 visurum
1445 585 1583 621 speravit.
1600 585 1669 611 Nam
1688 585 1805 616 invenit,
1823 584 1868 611 in-

1045 630 1118 666 quit,
1135 631 1253 659 fratrem
1278 639 1367 658 suum
1390 631 1550 663 Simonem,
1568 631 1654 664 atque
1681 637 1746 655 cum
1770 637 1802 655 eo
1826 628 1868 655 di-

1043 675 1117 702 vidit
1131 675 1221 711 hujus
1237 674 1395 712 spectaculi
1409 675 1594 702 thesaurum.
1610 673 1736 700 Adducit
1753 673 1869 699 Petrum

1044 720 1080 747 ad
1097 719 1265 748 Dominum.
1281 721 1303 747 O
1319 720 1497 755 stupendum
1521 718 1713 746 miraculum!
1732 717 1867 744 Nondum

1043 764 1207 800 discipulus
1227 767 1272 792 est
1296 765 1437 799 Andreas,
1454 766 1482 791 et
1496 763 1649 791 hominum
1674 763 1776 789 ductor
1799 770 1867 788 con-

1043 809 1186 837 stituitur.
1203 810 1224 836 A
1239 809 1368 837 docendo
1395 808 1507 837 discere
1525 808 1644 843 incoapit
1662 816 1668 834 :
1687 806 1866 842 apostolatus

1043 853 1216 890 dignitatem
1239 854 1324 890 rapit.
1342 853 1510 881 Invenimus
1526 853 1675 881 Messian].
1693 852 1713 879 0
1730 854 1801 887 quot
1821 851 1865 879 in-

1043 897 1198 925 somnibus
1213 897 1308 925 ductis
1323 896 1358 924 ad
1374 897 1483 924 ﬂuenta
1495 896 1633 924 Jordanis
1649 895 1865 930 noctibus,jam

1042 950 1130 977 quem
1163 941 1339 978 optabamus
1371 941 1561 969 invenimus!
1592 941 1782 975 Nequaquam
1813 939 1867 966 fuit

1042 988 1146 1015 Petrus
1169 988 1235 1022 post
1258 994 1323 1014 eam
1349 994 1447 1014 vocem
1471 986 1596 1014 tardus:
1616 985 1736 1012 Andreze
1761 984 1868 1020 quippe

1043 1031 1133 1059 frater
1154 1033 1226 1065 erat,
1242 1039 1276 1059 ac
1301 1031 1414 1059 fervens
1439 1030 1588 1067 proposito
1612 1029 1721 1065 apertis
1747 1029 1870 1057 auribus

1042 1076 1229 1113 properabat.

1077 1166 1103 1193 4.
1121 1167 1279 1201 Assumpto
1294 1165 1422 1193 Andreas
1438 1165 1533 1199 Petro,
1544 1163 1665 1191 Domino
1681 1163 1801 1191 adducit
1816 1171 1868 1190 na-

1040 1211 1112 1238 turae
1127 1212 1155 1238 et
1170 1210 1325 1246 sanguinis
1339 1211 1516 1241 consortem,
1529 1210 1562 1236 ut
1576 1207 1736 1242 disciplinze
1754 1207 1868 1243 partici-

1040 1263 1106 1291 pem
1119 1255 1258 1283 efﬁceret.
1271 1254 1330 1282 Hoc
1346 1254 1475 1290 primum
1490 1253 1545 1281 fuit
1559 1253 1729 1289 pramlarum
1747 1252 1865 1279 Andreae

1039 1299 1165 1327 facinus.
1178 1300 1265 1327 Auxit
1279 1307 1436 1327 numerum
1455 1297 1679 1334 discipulorum,
1695 1296 1799 1324 obtulit
1813 1297 1864 1324 Pe-

1038 1346 1135 1377 trum,
1160 1345 1192 1371 ut
1220 1343 1361 1372 inveniret
1385 1342 1519 1370 Christus
1543 1341 1755 1377 discipulorum
1781 1349 1863 1376 cory-

1039 1387 1272 1424 phaeum.Quare
1296 1387 1347 1415 ubi
1374 1387 1511 1422 deinceps
1536 1385 1639 1413 Petrus
1669 1385 1804 1420 preclure
1833 1393 1863 1412 se

1039 1432 1141 1469 gessit,
1151 1432 1187 1460 ab
1199 1432 1315 1460 Andrea
1327 1431 1464 1468 praeclare
1474 1432 1622 1467 gestorum
1635 1430 1748 1457 semina
1761 1431 1863 1456 nactus

1039 1479 1112 1505 erat.
1124 1477 1180 1504 Sed
1201 1479 1303 1504 mutuo
1319 1479 1347 1504 et
1362 1475 1513 1511 aequaliter
1531 1474 1701 1502 alterutrius
1717 1473 1819 1501 laudes
1835 1473 1864 1500 in

1040 1522 1164 1550 alterum
1185 1521 1361 1550 redundant.
1380 1520 1499 1556 Propria
1514 1518 1592 1547 enim
1609 1519 1725 1553 utrique
1739 1520 1808 1545 sunt
1822 1517 1864 1545 al-

1038 1565 1130 1593 terius
1146 1565 1230 1597 bona.
1248 1574 1281 1593 ac
1296 1565 1369 1593 alter
1384 1565 1461 1592 40‘
1477 1563 1598 1591 alterius
1614 1562 1864 1598 bonis'gluriatur.

1039 1609 1182 1642 Quantam
1197 1618 1280 1646 porro
1289 1609 1427 1637 omnibus
1436 1607 1566 1636 laetitiam
1576 1607 1677 1635 Petrus
1686 1607 1865 1639 aitulit,cum

1039 1654 1201 1683 sciscitanti
1225 1653 1347 1682 Domino
1363 1652 1462 1681 statim
1479 1652 1639 1688 respondit,
1657 1651 1865 1687 silentiumque

1038 1698 1250 1735 discipulorum
1260 1701 1322 1726 tum
1332 1697 1568 1726 erubescentium
1580 1696 1628 1724 ille
1638 1696 1740 1723 solvit?
1748 1708 1760 1720 ‹‹
1772 1696 1862 1728 Quem

1038 1752 1085 1771 me
1100 1743 1204 1771 dicunt
1227 1742 1362 1770 homines
1386 1741 1539 1770 esse?".»
1554 1741 1628 1769 Tum
1654 1741 1737 1776 quasi
1763 1741 1863 1776 lingua

1037 1789 1100 1825 ipse
1116 1787 1220 1816 fuisset
1234 1795 1335 1816 eorum
1358 1787 1407 1823 qui
1427 1786 1693 1822 interrogabantur,
1711 1788 1761 1812 aut
1776 1785 1861 1820 quasi

1038 1841 1141 1861 omnes
1165 1832 1195 1860 in
1223 1831 1288 1868 ipso
1317 1831 1516 1868 loquerentur,
1532 1830 1613 1858 solus
1644 1838 1694 1865 pro
1724 1829 1861 1856 omnibus

1038 1876 1154 1905 locutus
1168 1878 1213 1905 est
1230 1885 1236 1904 :
1249 1887 1263 1902 ‹‹
1275 1877 1319 1904 Tu
1334 1884 1366 1904 es
1380 1875 1514 1903 Christus
1528 1874 1618 1902 Filius
1635 1874 1683 1900 Dei
1699 1873 1765 1906 vivi,
1778 1885 1787 1898 ιι
1803 1881 1861 1899 una

1037 1930 1107 1949 voce
1122 1924 1151 1949 et
1174 1929 1241 1949 eum
1269 1920 1318 1956 qui
1343 1920 1543 1956 dispensabat,
1559 1920 1587 1947 et
1611 1917 1859 1953 dispensationem

1038 1966 1201 1994 declarans.
1217 1965 1239 1993 Ο
1258 1965 1413 1992 verborum
1444 1963 1620 1991 concentus!
1647 1962 1757 1993 Quibus
1782 1961 1860 1988 enim

1037 2011 1167 2039 Andreas
1179 2009 1274 2038 verbis
1290 2010 1319 2036 in
1335 2008 1507 2036 adducendo
1519 2007 1602 2035 Petro
1613 2009 1655 2034 est
1670 2006 1861 2038 usus,iisdem

1037 2056 1122 2083 Pater
1136 2055 1218 2082 Petro
1241 2052 1393 2089 inspiratis
1417 2051 1600 2088 subscripsit.
1617 2050 1692 2077 Dixit
1707 2050 1755 2077 ille
1773 2059 1795 2077 επ
1816 2050 1861 2076 In-

1037 2100 1171 2128 venimus
1194 2098 1341 2126 Messiam.
1357 2108 1368 2123 ι
1388 2099 1473 2124 Pater
1495 2104 1529 2124 ea
1552 2103 1730 2130 exsuperans
1755 2102 1861 2130 sugge-

1037 2145 1075 2172 rit
1099 2144 1198 2172 dicens
1215 2151 1249 2171 ια
1265 2143 1308 2170 Tu
1331 2149 1362 2170 es
1383 2141 1517 2169 Christus
1546 2140 1636 2168 Filius
1663 2140 1709 2167 Dei
1734 2139 1857 2171 viviM,»

1036 2190 1154 2217 tantum
1170 2196 1228 2216 non
1250 2187 1351 2215 isthmc
1375 2188 1458 2214 Petro
1482 2185 1592 2221 jubens
1610 2195 1615 2212 :
1631 2185 1749 2220 loquere
1779 2185 1861 2211 Petre

1036 2233 1157 2261 Andreae
1175 2240 1272 2267 voces,
1289 2239 1355 2260 cum
1377 2229 1604 2267 interrogaberis
1620 2239 1625 2256 :
1644 2237 1750 2264 appare
1765 2229 1860 2264 magi-

1037 2279 1099 2306 stro
1113 2277 1150 2304 ad
1175 2275 1396 2312 responsionem
1411 2274 1550 2311 paratior.
1565 2273 1627 2301 Non
1652 2273 1792 2300 mentitus
1817 2274 1862 2300 est

162 2319 288 2357 μότερος.
304 2320 359 2348 Οὐκ
372 2320 501 2357 ἐψεύσατο
517 2321 584 2359 πρὸς
601 2322 630 2349 σὶ
645 2321 744 2359 λέγων’
762 2333 776 2347 ‹‹
792 2321 841 2348 Τὸν
867 2320 982 2349 Μεσσίαν

1041 2321 1102 2356 tibi,
1124 2329 1191 2348 cum
1217 2320 1290 2347 dixit
1306 2327 1312 2347 :
1327 2330 1341 2344 «
1356 2318 1523 2347 Invenimus
1547 2318 1693 2346 Messiam.
1711 2329 1723 2341 ››
1739 2319 1779 2343 Tu
1805 2317 1859 2344 He-

161 2364 325 2402 εὑρήκαμεν.
342 2365 420 2401 ››Σί›,
446 2366 495 2400 τὴν
525 2363 654 2404 Ἑϐραῗδα
678 2366 770 2405 φωνὴν
800 2366 839 2397 εἰς
866 2364 985 2395 Ἐλλάδα

162 2410 342 2445 μεταστήσας,
356 2406 518 2445 ἀναϐόησον·
535 2422 549 2436 u
566 2410 605 2438 Σὺ
621 2411 645 2438 εἴ
661 2411 675 2438 6
690 2411 805 2448 Χριστὸς
821 2411 835 2438 6
850 2411 912 2442 Υἱὸς
936 2413 984 2439 τυῦ

161 2455 228 2481 θεοῦ
242 2455 292 2480 τοῦ
317 2455 427 2488 ζῶντος.
442 2466 457 2480 ››
472 2455 552 2493 Ὁρᾷς
577 2454 651 2486 ὅσοις
676 2454 752 2487 εὐθὺς
778 2454 804 2482 ἰν
827 2455 985 2494 προοιμίοις

161 2499 210 2533 τῆς
228 2498 400 2535 μαθητείαςὸ
417 2498 543 2537 Ἀνδρέας
560 2499 807 2538 ἑγκαλλωπίζεται.

197 2545 223 2571 5.
242 2543 301 2571 ’Δλ⁹
320 2542 414 2578 ἐπειδή
438 2544 486 2575 τὰς
510 2543 604 2576 πόλεις
627 2544 839 2581 καταλιμπάνων
856 2545 870 2572 6
886 2546 984 2583 Σωτὴρ

162 2587 327 2626 περιενόστει
351 2589 401 2623 τήν
430 2588 543 2627 ἔρημον,
565 2591 727 2628 συμπεριῄει
755 2589 828 2626 αὖτῷ
855 2592 908 2618 τῶν
938 2590 984 2617 ἀν-

162 2632 278 2670 θρώπων
302 2633 335 2659 τὰ
359 2633 433 2670 γένη,
460 2632 530 2670 μηὸὶ
559 2634 628 2672 πρὸς
657 2634 746 2672 βραχὺ
770 2635 815 2662 τὸν
842 2635 984 2672 χωρισμὸν

163 2676 344 2713 ὑπομένοντα.
367 2679 416 2706 ’Πν
440 2677 466 2706 ἐν
492 2677 594 2716 ἐρημίᾳ
609 2679 654 2706 καὶ
676 2682 780 2718 τροφῆς
806 2679 918 2717 ἀπορίᾳ,
940 2679 985 2707 καὶ

162 2722 180 2756 ἡ
195 2721 298 2760 γαστὴρ
315 2721 364 2749 οὐκ
392 2721 544 2751 ἐσπένδετο.
566 2725 593 2749 ’0
620 2721 648 2750 δὶ
673 2724 782 2761 Σωτὴρ,
806 2727 855 2758 τῆς
881 2723 986 2761 ἐρήμου

163 2763 329 2803 λαϐόμενος,
355 2767 446 2804 θαῦμα
471 2766 587 2796 παλαιὸν
613 2767 789 2806 ἀνεζωπύρει·
817 2768 862 2796 καὶ
888 2770 941 2796 τῶν
958 2767 984 2796 ἐν

200 2874 225 2893 ἰ
238 2876 323 2906 Joan.
338 2884 360 2914 ι,
376 2877 420 2909 tt.
458 2876 481 2895 ⁵⁸
495 2876 599 2908 Matth.
615 2885 673 2913 xw,
690 2877 733 2907 13.
771 2877 794 2896 ⁸⁸
808 2877 945 2915 ιδίαειδ.

1038 2366 1167 2395 brsicam
1184 2364 1316 2401 linguam
1337 2364 1366 2391 in
1381 2364 1510 2391 Graecam
1534 2364 1659 2395 vertens,
1677 2362 1835 2389 exclamato
1852 2369 1858 2388 :

1042 2423 1053 2437 ι
1070 2412 1114 2439 Tu
1129 2419 1160 2439 es
1174 2410 1309 2439 Christus
1333 2409 1424 2438 Filius
1448 2409 1498 2437 Dei
1514 2408 1608 2436 vivi.»
1624 2407 1724 2435 Viden‘
1742 2407 1861 2442 quantis

1038 2457 1170 2485 Andreas
1185 2456 1240 2484 sub
1255 2455 1352 2491 ipsum
1364 2453 1525 2490 disciplinis
1542 2453 1693 2481 exordium
1710 2459 1862 2480 ornamen-

1038 2501 1077 2529 tis
1091 2501 1243 2528 decoretur
1251 2499 1266 2527 ‘I

1073 2546 1101 2573 5.
1117 2547 1225 2572 Verum
1250 2544 1367 2580 quando
1390 2543 1529 2578 Salvator,
1549 2542 1659 2570 relictis
1683 2541 1861 2575 civitatibus,

1039 2591 1186 2618 desertum
1204 2589 1357 2621 circuibat.
1374 2588 1527 2616 hominum
1552 2588 1643 2615 turbae
1669 2595 1727 2613 una
1747 2594 1813 2613 cum
1830 2593 1863 2613 eo

1040 2634 1245 2671 procedebant,
1262 2642 1298 2661 ne
1314 2634 1350 2661 ad
1366 2633 1451 2661 breve
1467 2632 1585 2668 quidem
1607 2634 1725 2667 tempus
1739 2631 1803 2665 ejus
1819 2638 1865 2657 se-

1040 2679 1221 2716 parationem
1243 2679 1376 2706 ferentes.
1394 2679 1530 2705 Desertus
1551 2678 1613 2704 erat
1634 2676 1725 2707 locus,
1742 2674 1797 2701 cibi
1814 2681 1864 2709 pe-

1040 2724 1137 2756 nuria,
1153 2725 1310 2758 venterque
1334 2730 1389 2750 non
1414 2721 1602 2757 implebatur.
1621 2722 1656 2747 At
1671 2719 1803 2747 Salvator
1819 2725 1864 2744 as-

1041 2769 1159 2803 sumpto
1175 2767 1295 2801 antiquo
1312 2766 1360 2794 illo
1376 2764 1483 2794 deserti
1506 2763 1658 2797 miraculo,
1674 2762 1802 2797 idipsum
1819 2766 1865 2786 re-
