  <div class='ocr_page' id='page_1' title='image "/cluster/home/n/w/nwhite01/storage/ocr_20150623/28/hvd.32044052794351/559.png"; bbox 0 0 4092 6218; ppageno 0'>
   <div class='ocr_carea' id='block_1_1' title="bbox 342 354 1980 468">
    <p class='ocr_par' dir='ltr' id='par_1_1' title="bbox 342 354 1980 468">
     <span class='ocr_line' id='line_1_1' title="bbox 342 354 1980 468; baseline -0.001 -2"><span class='ocrx_word' id='word_1_1' title='bbox 342 401 496 466; x_wconf 82' lang='grc' dir='ltr'><strong>11οἹ</strong></span> <span class='ocrx_word' id='word_1_2' title='bbox 675 354 683 364; x_wconf 23' lang='grc' dir='ltr'><strong>θ</strong></span> <span class='ocrx_word' id='word_1_3' title='bbox 1502 408 1566 468; x_wconf 90' lang='lat' dir='ltr'><strong>S.</strong></span> <span class='ocrx_word' id='word_1_4' title='bbox 1613 404 1980 467; x_wconf 85' lang='lat' dir='ltr'><strong>ATHANAS</strong></span> 
     </span>
    </p>
   </div>
   <div class='ocr_carea' id='block_1_2' title="bbox 2092 354 3756 468">
    <p class='ocr_par' dir='ltr' id='par_1_2' title="bbox 2092 397 3756 465">
     <span class='ocr_line' id='line_1_2' title="bbox 2092 397 3756 465; baseline -0.003 0"><span class='ocrx_word' id='word_1_5' title='bbox 2092 404 2142 465; x_wconf 78' lang='lat'><strong>5.</strong></span> <span class='ocrx_word' id='word_1_6' title='bbox 2161 436 2240 448; x_wconf 92' lang='lat'><strong>-—</strong></span> <span class='ocrx_word' id='word_1_7' title='bbox 2272 400 2584 464; x_wconf 73' lang='lat' dir='ltr'><strong>SPURIA‘.</strong></span> <span class='ocrx_word' id='word_1_8' title='bbox 3594 397 3756 460; x_wconf 75' lang='grc'><strong>1108</strong></span> 
     </span>
    </p>
   </div>
   <div class='ocr_carea' id='block_1_3' title="bbox 340 527 1980 609">
    <p class='ocr_par' dir='ltr' id='par_1_3' title="bbox 340 536 1980 596">
     <span class='ocr_line' id='line_1_3' title="bbox 340 536 1980 596; baseline -0.002 0"><span class='ocrx_word' id='word_1_9' title='bbox 340 536 574 596; x_wconf 77' lang='lat' dir='ltr'><strong>novavit</strong></span> <span class='ocrx_word' id='word_1_10' title='bbox 604 555 617 595; x_wconf 89' lang='lat'><strong>:</strong></span> <span class='ocrx_word' id='word_1_11' title='bbox 652 554 719 596; x_wconf 90' lang='lat' dir='ltr'><strong>ac</strong></span> <span class='ocrx_word' id='word_1_12' title='bbox 748 554 986 595; x_wconf 79' lang='lat' dir='ltr'><strong>rursum</strong></span> <span class='ocrx_word' id='word_1_13' title='bbox 1031 537 1449 596; x_wconf 81' lang='lat' dir='ltr'><strong>miraculorum</strong></span> <span class='ocrx_word' id='word_1_14' title='bbox 1493 538 1633 596; x_wconf 92' lang='lat' dir='ltr'><strong>olim</strong></span> <span class='ocrx_word' id='word_1_15' title='bbox 1666 540 1725 594; x_wconf 89' lang='lat' dir='ltr'><strong>in</strong></span> <span class='ocrx_word' id='word_1_16' title='bbox 1758 539 1980 595; x_wconf 88' lang='lat' dir='ltr'><strong>deserto</strong></span> 
     </span>
    </p>
   </div>
   <div class='ocr_carea' id='block_1_4' title="bbox 2092 527 3754 609">
    <p class='ocr_par' dir='ltr' id='par_1_4' title="bbox 2100 527 3754 609">
     <span class='ocr_line' id='line_1_4' title="bbox 2100 527 3754 609; baseline -0.002 -20"><span class='ocrx_word' id='word_1_17' title='bbox 2100 534 2295 609; x_wconf 77' lang='grc' dir='ltr'>ἐρήμῳ</span> <span class='ocrx_word' id='word_1_18' title='bbox 2333 534 2465 588; x_wconf 80' lang='grc' dir='ltr'>ποτὲ</span> <span class='ocrx_word' id='word_1_19' title='bbox 2514 530 2798 605; x_wconf 81' lang='grc' dir='ltr'><strong>θαυμάτων</strong></span> <span class='ocrx_word' id='word_1_20' title='bbox 2854 528 3100 604; x_wconf 78' lang='grc' dir='ltr'>μάρτυρα</span> <span class='ocrx_word' id='word_1_21' title='bbox 3144 528 3313 584; x_wconf 89' lang='grc' dir='ltr'>πάλιν</span> <span class='ocrx_word' id='word_1_22' title='bbox 3363 527 3602 584; x_wconf 80' lang='grc' dir='ltr'>ἐποιεῖτο</span> <span class='ocrx_word' id='word_1_23' title='bbox 3649 531 3754 599; x_wconf 71' lang='grc' dir='ltr'>τὴν</span> 
     </span>
    </p>
   </div>
   <div class='ocr_carea' id='block_1_5' title="bbox 339 613 1980 699">
    <p class='ocr_par' dir='ltr' id='par_1_5' title="bbox 339 628 1980 698">
     <span class='ocr_line' id='line_1_5' title="bbox 339 628 1980 698; baseline -0.002 -14"><span class='ocrx_word' id='word_1_24' title='bbox 339 629 635 685; x_wconf 78' lang='lat' dir='ltr'><strong>editorum</strong></span> <span class='ocrx_word' id='word_1_25' title='bbox 668 628 963 684; x_wconf 90' lang='lat' dir='ltr'><strong>desertum</strong></span> <span class='ocrx_word' id='word_1_26' title='bbox 997 632 1206 684; x_wconf 78' lang='lat' dir='ltr'>testem</span> <span class='ocrx_word' id='word_1_27' title='bbox 1238 629 1447 697; x_wconf 86' lang='lat' dir='ltr'><strong>efﬁcit;</strong></span> <span class='ocrx_word' id='word_1_28' title='bbox 1480 630 1980 698; x_wconf 82' lang='lat' dir='ltr'><strong>convivatoresque</strong></span> 
     </span>
    </p>
   </div>
   <div class='ocr_carea' id='block_1_6' title="bbox 2092 613 3752 699">
    <p class='ocr_par' dir='ltr' id='par_1_6' title="bbox 2096 613 3752 699">
     <span class='ocr_line' id='line_1_6' title="bbox 2096 613 3752 699; baseline 0.001 -26"><span class='ocrx_word' id='word_1_29' title='bbox 2096 619 2325 699; x_wconf 79' lang='grc' dir='ltr'>ἔρημον·</span> <span class='ocrx_word' id='word_1_30' title='bbox 2378 622 2468 677; x_wconf 81' lang='grc' dir='ltr'><strong>καὶ</strong></span> <span class='ocrx_word' id='word_1_31' title='bbox 2516 622 2646 683; x_wconf 74' lang='grc' dir='ltr'>τοὺς</span> <span class='ocrx_word' id='word_1_32' title='bbox 2702 618 2945 692; x_wconf 75' lang='grc' dir='ltr'>μαθητὰς</span> <span class='ocrx_word' id='word_1_33' title='bbox 2997 616 3310 694; x_wconf 75' lang='grc' dir='ltr'><strong>ἑστιάτορας</strong></span> <span class='ocrx_word' id='word_1_34' title='bbox 3339 613 3752 694; x_wconf 72' lang='grc' dir='ltr'>προὺὸάλλετο,</span> 
     </span>
    </p>
   </div>
   <div class='ocr_carea' id='block_1_7' title="bbox 338 716 1989 791">
    <p class='ocr_par' dir='ltr' id='par_1_7' title="bbox 338 716 1989 791">
     <span class='ocr_line' id='line_1_7' title="bbox 338 716 1989 791; baseline -0.001 -18"><span class='ocrx_word' id='word_1_35' title='bbox 338 716 587 791; x_wconf 81' lang='lat' dir='ltr'><strong>protulit</strong></span> <span class='ocrx_word' id='word_1_36' title='bbox 614 716 959 789; x_wconf 89' lang='lat' dir='ltr'><strong>discipulos,</strong></span> <span class='ocrx_word' id='word_1_37' title='bbox 983 722 1039 772; x_wconf 90' lang='lat' dir='ltr'><strong>et</strong></span> <span class='ocrx_word' id='word_1_38' title='bbox 1084 717 1155 773; x_wconf 90' lang='lat' dir='ltr'><strong>ad</strong></span> <span class='ocrx_word' id='word_1_39' title='bbox 1188 716 1319 773; x_wconf 89' lang='lat' dir='ltr'><strong>illas</strong></span> <span class='ocrx_word' id='word_1_40' title='bbox 1364 716 1508 773; x_wconf 90' lang='lat' dir='ltr'><strong>levis</strong></span> <span class='ocrx_word' id='word_1_41' title='bbox 1537 723 1853 789; x_wconf 81' lang='lat' dir='ltr'><strong>apparatus</strong></span> <span class='ocrx_word' id='word_1_42' title='bbox 1882 716 1989 771; x_wconf 90' lang='lat' dir='ltr'><strong>da-</strong></span> 
     </span>
    </p>
   </div>
   <div class='ocr_carea' id='block_1_8' title="bbox 338 806 1989 879">
    <p class='ocr_par' dir='ltr' id='par_1_8' title="bbox 338 806 1989 879">
     <span class='ocr_line' id='line_1_8' title="bbox 338 806 1989 879; baseline -0.002 -16"><span class='ocrx_word' id='word_1_43' title='bbox 338 822 443 879; x_wconf 90' lang='lat' dir='ltr'><strong>pes</strong></span> <span class='ocrx_word' id='word_1_44' title='bbox 464 806 668 862; x_wconf 90' lang='lat' dir='ltr'><strong>turbas</strong></span> <span class='ocrx_word' id='word_1_45' title='bbox 698 806 925 862; x_wconf 76' lang='lat' dir='ltr'><strong>invitat.</strong></span> <span class='ocrx_word' id='word_1_46' title='bbox 949 806 1361 877; x_wconf 86' lang='lat' dir='ltr'><strong>Apostolorum</strong></span> <span class='ocrx_word' id='word_1_47' title='bbox 1395 822 1566 878; x_wconf 90' lang='lat' dir='ltr'><strong>porro</strong></span> <span class='ocrx_word' id='word_1_48' title='bbox 1588 811 1801 861; x_wconf 81' lang='lat' dir='ltr'><strong>costum</strong></span> <span class='ocrx_word' id='word_1_49' title='bbox 1834 806 1989 875; x_wconf 86' lang='lat' dir='ltr'><strong>ejus-</strong></span> 
     </span>
    </p>
   </div>
   <div class='ocr_carea' id='block_1_9' title="bbox 340 894 2003 967">
    <p class='ocr_par' dir='ltr' id='par_1_9' title="bbox 340 894 2003 967">
     <span class='ocr_line' id='line_1_9' title="bbox 340 894 2003 967; baseline -0.002 -16"><span class='ocrx_word' id='word_1_50' title='bbox 340 894 501 951; x_wconf 91' lang='lat' dir='ltr'><strong>modi</strong></span> <span class='ocrx_word' id='word_1_51' title='bbox 532 895 779 967; x_wconf 88' lang='lat' dir='ltr'><strong>penuria</strong></span> <span class='ocrx_word' id='word_1_52' title='bbox 808 894 1107 964; x_wconf 87' lang='lat' dir='ltr'><strong>turbabat,</strong></span> <span class='ocrx_word' id='word_1_53' title='bbox 1141 911 1384 966; x_wconf 86' lang='lat' dir='ltr'><strong>seseque</strong></span> <span class='ocrx_word' id='word_1_54' title='bbox 1415 900 1622 951; x_wconf 88' lang='lat' dir='ltr'><strong>mutuo</strong></span> <span class='ocrx_word' id='word_1_55' title='bbox 1672 894 2003 965; x_wconf 52' lang='lat' dir='ltr'><strong>respicien-</strong></span> 
     </span>
    </p>
   </div>
   <div class='ocr_carea' id='block_1_10' title="bbox 337 982 1992 1055">
    <p class='ocr_par' dir='ltr' id='par_1_10' title="bbox 337 982 1992 1055">
     <span class='ocr_line' id='line_1_10' title="bbox 337 982 1992 1055; baseline -0.001 -16"><span class='ocrx_word' id='word_1_56' title='bbox 337 988 452 1052; x_wconf 89' lang='lat' dir='ltr'><strong>tes,</strong></span> <span class='ocrx_word' id='word_1_57' title='bbox 484 1000 589 1040; x_wconf 88' lang='lat' dir='ltr'><strong>nec</strong></span> <span class='ocrx_word' id='word_1_58' title='bbox 621 983 943 1055; x_wconf 81' lang='lat' dir='ltr'><strong>cogitantes</strong></span> <span class='ocrx_word' id='word_1_59' title='bbox 978 983 1033 1037; x_wconf 90' lang='lat' dir='ltr'><strong>id</strong></span> <span class='ocrx_word' id='word_1_60' title='bbox 1067 985 1221 1053; x_wconf 88' lang='lat' dir='ltr'><strong>quod</strong></span> <span class='ocrx_word' id='word_1_61' title='bbox 1255 985 1519 1038; x_wconf 85' lang='lat' dir='ltr'><strong>futurum</strong></span> <span class='ocrx_word' id='word_1_62' title='bbox 1548 987 1690 1049; x_wconf 89' lang='lat' dir='ltr'><strong>erat,</strong></span> <span class='ocrx_word' id='word_1_63' title='bbox 1714 982 1992 1038; x_wconf 88' lang='lat' dir='ltr'><strong>humanis</strong></span> 
     </span>
    </p>
   </div>
   <div class='ocr_carea' id='block_1_11' title="bbox 339 1071 1989 1143">
    <p class='ocr_par' dir='ltr' id='par_1_11' title="bbox 339 1071 1989 1143">
     <span class='ocr_line' id='line_1_11' title="bbox 339 1071 1989 1143; baseline -0.002 -15"><span class='ocrx_word' id='word_1_64' title='bbox 339 1072 665 1128; x_wconf 78' lang='lat' dir='ltr'><strong>ratiociniis</strong></span> <span class='ocrx_word' id='word_1_65' title='bbox 719 1071 1105 1127; x_wconf 85' lang='lat' dir='ltr'><strong>ﬂuctuabant.</strong></span> <span class='ocrx_word' id='word_1_66' title='bbox 1138 1071 1307 1127; x_wconf 84' lang='lat' dir='ltr'><strong>Alius</strong></span> <span class='ocrx_word' id='word_1_67' title='bbox 1357 1071 1781 1143; x_wconf 90' lang='lat' dir='ltr'><strong>discipulorum</strong></span> <span class='ocrx_word' id='word_1_68' title='bbox 1831 1071 1989 1126; x_wconf 89' lang='lat' dir='ltr'><strong>aliud</strong></span> 
     </span>
    </p>
   </div>
   <div class='ocr_carea' id='block_1_12' title="bbox 337 1159 1988 1233">
    <p class='ocr_par' dir='ltr' id='par_1_12' title="bbox 337 1159 1988 1233">
     <span class='ocr_line' id='line_1_12' title="bbox 337 1159 1988 1233; baseline -0.001 -17"><span class='ocrx_word' id='word_1_69' title='bbox 337 1160 693 1233; x_wconf 83' lang='lat' dir='ltr'><strong>proferebat,</strong></span> <span class='ocrx_word' id='word_1_70' title='bbox 730 1177 843 1232; x_wconf 88' lang='lat' dir='ltr'><strong>quo</strong></span> <span class='ocrx_word' id='word_1_71' title='bbox 874 1166 1221 1232; x_wconf 66' lang='lat' dir='ltr'><strong>prementem</strong></span> <span class='ocrx_word' id='word_1_72' title='bbox 1254 1161 1559 1232; x_wconf 84' lang='lat' dir='ltr'><strong>penuriam</strong></span> <span class='ocrx_word' id='word_1_73' title='bbox 1592 1165 1809 1217; x_wconf 88' lang='lat' dir='ltr'><strong>certam</strong></span> <span class='ocrx_word' id='word_1_74' title='bbox 1838 1159 1988 1215; x_wconf 84' lang='lat' dir='ltr'><strong>indi-</strong></span> 
     </span>
    </p>
   </div>
   <div class='ocr_carea' id='block_1_13' title="bbox 337 1248 1989 1321">
    <p class='ocr_par' dir='ltr' id='par_1_13' title="bbox 337 1248 1989 1321">
     <span class='ocr_line' id='line_1_13' title="bbox 337 1248 1989 1321; baseline -0.001 -16"><span class='ocrx_word' id='word_1_75' title='bbox 337 1254 560 1305; x_wconf 86' lang='lat' dir='ltr'><strong>carent.</strong></span> <span class='ocrx_word' id='word_1_76' title='bbox 591 1249 853 1304; x_wconf 90' lang='lat' dir='ltr'><strong>Andreas</strong></span> <span class='ocrx_word' id='word_1_77' title='bbox 884 1263 1018 1304; x_wconf 89' lang='lat' dir='ltr'><strong>vero</strong></span> <span class='ocrx_word' id='word_1_78' title='bbox 1064 1265 1266 1304; x_wconf 90' lang='lat' dir='ltr'><strong>eorum</strong></span> <span class='ocrx_word' id='word_1_79' title='bbox 1300 1266 1427 1321; x_wconf 66' lang='lat' dir='ltr'><strong>qua:</strong></span> <span class='ocrx_word' id='word_1_80' title='bbox 1459 1253 1833 1321; x_wconf 87' lang='lat' dir='ltr'><strong>suppeterent</strong></span> <span class='ocrx_word' id='word_1_81' title='bbox 1860 1248 1989 1303; x_wconf 94' lang='lat' dir='ltr'><strong>vili-</strong></span> 
     </span>
    </p>
   </div>
   <div class='ocr_carea' id='block_1_14' title="bbox 337 1336 1988 1409">
    <p class='ocr_par' dir='ltr' id='par_1_14' title="bbox 337 1336 1988 1409">
     <span class='ocr_line' id='line_1_14' title="bbox 337 1336 1988 1409; baseline 0 -16"><span class='ocrx_word' id='word_1_82' title='bbox 337 1340 521 1393; x_wconf 85' lang='lat' dir='ltr'><strong>tatem</strong></span> <span class='ocrx_word' id='word_1_83' title='bbox 553 1336 1028 1409; x_wconf 86' lang='lat' dir='ltr'><strong>paucitatemque</strong></span> <span class='ocrx_word' id='word_1_84' title='bbox 1059 1343 1550 1405; x_wconf 87' lang='lat' dir='ltr'><strong>commonstrans,</strong></span> <span class='ocrx_word' id='word_1_85' title='bbox 1585 1337 1849 1394; x_wconf 87' lang='lat' dir='ltr'><strong>miraculi</strong></span> <span class='ocrx_word' id='word_1_86' title='bbox 1894 1354 1988 1393; x_wconf 90' lang='lat' dir='ltr'><strong>oc-</strong></span> 
     </span>
    </p>
   </div>
   <div class='ocr_carea' id='block_1_15' title="bbox 338 1424 1989 1499">
    <p class='ocr_par' dir='ltr' id='par_1_15' title="bbox 338 1424 1989 1499">
     <span class='ocr_line' id='line_1_15' title="bbox 338 1424 1989 1499; baseline 0 -18"><span class='ocrx_word' id='word_1_87' title='bbox 338 1425 623 1493; x_wconf 84' lang='lat' dir='ltr'><strong>casiones,</strong></span> <span class='ocrx_word' id='word_1_88' title='bbox 682 1424 925 1497; x_wconf 87' lang='lat' dir='ltr'><strong>ignarus</strong></span> <span class='ocrx_word' id='word_1_89' title='bbox 983 1425 1136 1495; x_wconf 89' lang='lat' dir='ltr'><strong>licet,</strong></span> <span class='ocrx_word' id='word_1_90' title='bbox 1187 1426 1468 1482; x_wconf 87' lang='lat' dir='ltr'><strong>Salvatori</strong></span> <span class='ocrx_word' id='word_1_91' title='bbox 1526 1426 1791 1499; x_wconf 69' lang='lat' dir='ltr'><strong>praebuit.</strong></span> <span class='ocrx_word' id='word_1_92' title='bbox 1840 1426 1989 1489; x_wconf 85' lang='lat' dir='ltr'><strong>Quid</strong></span> 
     </span>
    </p>
   </div>
   <div class='ocr_carea' id='block_1_16' title="bbox 338 1513 1990 1587">
    <p class='ocr_par' dir='ltr' id='par_1_16' title="bbox 338 1513 1990 1587">
     <span class='ocr_line' id='line_1_16' title="bbox 338 1513 1990 1587; baseline 0 -18"><span class='ocrx_word' id='word_1_93' title='bbox 338 1514 497 1570; x_wconf 87' lang='lat' dir='ltr'><strong>enim</strong></span> <span class='ocrx_word' id='word_1_94' title='bbox 524 1513 653 1570; x_wconf 86' lang='lat' dir='ltr'><strong>ait?</strong></span> <span class='ocrx_word' id='word_1_95' title='bbox 683 1514 808 1571; x_wconf 89' lang='lat' dir='ltr'><strong>Non</strong></span> <span class='ocrx_word' id='word_1_96' title='bbox 838 1519 979 1569; x_wconf 90' lang='lat' dir='ltr'><strong>sunt</strong></span> <span class='ocrx_word' id='word_1_97' title='bbox 1008 1514 1120 1570; x_wconf 87' lang='lat' dir='ltr'><strong>nisi</strong></span> <span class='ocrx_word' id='word_1_98' title='bbox 1148 1515 1408 1587; x_wconf 90' lang='lat' dir='ltr'><strong>quinque</strong></span> <span class='ocrx_word' id='word_1_99' title='bbox 1438 1532 1618 1587; x_wconf 90' lang='lat' dir='ltr'><strong>panes</strong></span> <span class='ocrx_word' id='word_1_100' title='bbox 1638 1521 1695 1570; x_wconf 91' lang='lat' dir='ltr'><strong>et</strong></span> <span class='ocrx_word' id='word_1_101' title='bbox 1725 1514 1990 1586; x_wconf 80' lang='lat' dir='ltr'><strong>pisciculi</strong></span> 
     </span>
    </p>
   </div>
   <div class='ocr_carea' id='block_1_17' title="bbox 336 1592 1987 1676">
    <p class='ocr_par' dir='ltr' id='par_1_17' title="bbox 336 1592 1987 1676">
     <span class='ocr_line' id='line_1_17' title="bbox 336 1592 1987 1676; baseline 0.001 -18"><span class='ocrx_word' id='word_1_102' title='bbox 336 1602 533 1675; x_wconf 90' lang='lat' dir='ltr'><strong>pauci.</strong></span> <span class='ocrx_word' id='word_1_103' title='bbox 563 1602 711 1667; x_wconf 89' lang='lat' dir='ltr'><strong>Quid</strong></span> <span class='ocrx_word' id='word_1_104' title='bbox 744 1602 925 1675; x_wconf 81' lang='lat' dir='ltr'><strong>igitur</strong></span> <span class='ocrx_word' id='word_1_105' title='bbox 953 1602 1254 1659; x_wconf 86' lang='lat' dir='ltr'><strong>Salvator?</strong></span> <span class='ocrx_word' id='word_1_106' title='bbox 1285 1604 1498 1660; x_wconf 79' lang='lat' dir='ltr'><strong>Aﬁ‘erte</strong></span> <span class='ocrx_word' id='word_1_107' title='bbox 1520 1604 1664 1660; x_wconf 92' lang='lat' dir='ltr'><strong>mihi</strong></span> <span class='ocrx_word' id='word_1_108' title='bbox 1694 1592 1987 1676; x_wconf 51' lang='lat' dir='ltr'><strong>ipsa&#39;huc.</strong></span> 
     </span>
    </p>
   </div>
   <div class='ocr_carea' id='block_1_18' title="bbox 336 1690 1992 1764">
    <p class='ocr_par' dir='ltr' id='par_1_18' title="bbox 336 1690 1992 1764">
     <span class='ocr_line' id='line_1_18' title="bbox 336 1690 1992 1764; baseline 0.001 -17"><span class='ocrx_word' id='word_1_109' title='bbox 336 1690 559 1764; x_wconf 89' lang='lat' dir='ltr'><strong>Illaque</strong></span> <span class='ocrx_word' id='word_1_110' title='bbox 590 1691 901 1764; x_wconf 84' lang='lat' dir='ltr'><strong>paucitatis</strong></span> <span class='ocrx_word' id='word_1_111' title='bbox 940 1691 1204 1748; x_wconf 92' lang='lat' dir='ltr'><strong>ciborum</strong></span> <span class='ocrx_word' id='word_1_112' title='bbox 1237 1694 1523 1749; x_wconf 81' lang='lat' dir='ltr'><strong>confessio</strong></span> <span class='ocrx_word' id='word_1_113' title='bbox 1554 1710 1774 1764; x_wconf 66' lang='lat' dir='ltr'><strong>magnas</strong></span> <span class='ocrx_word' id='word_1_114' title='bbox 1805 1693 1992 1748; x_wconf 90' lang='lat' dir='ltr'><strong>hono-</strong></span> 
     </span>
    </p>
   </div>
   <div class='ocr_carea' id='block_1_19' title="bbox 337 1779 1053 1853">
    <p class='ocr_par' dir='ltr' id='par_1_19' title="bbox 337 1779 1053 1853">
     <span class='ocr_line' id='line_1_19' title="bbox 337 1779 1053 1853; baseline 0 -18"><span class='ocrx_word' id='word_1_115' title='bbox 337 1796 470 1835; x_wconf 91' lang='lat' dir='ltr'><strong>rum</strong></span> <span class='ocrx_word' id='word_1_116' title='bbox 502 1779 679 1853; x_wconf 68' lang='lat' dir='ltr'><strong>copize</strong></span> <span class='ocrx_word' id='word_1_117' title='bbox 711 1796 890 1835; x_wconf 87' lang='lat' dir='ltr'><strong>causa</strong></span> <span class='ocrx_word' id='word_1_118' title='bbox 923 1780 1053 1835; x_wconf 90' lang='lat' dir='ltr'><strong>fuit.</strong></span> 
     </span>
    </p>
   </div>
   <div class='ocr_carea' id='block_1_20' title="bbox 2096 706 3753 787">
    <p class='ocr_par' dir='ltr' id='par_1_20' title="bbox 2096 706 3753 787">
     <span class='ocr_line' id='line_1_20' title="bbox 2096 706 3753 787; baseline -0.002 -21"><span class='ocrx_word' id='word_1_119' title='bbox 2096 712 2185 767; x_wconf 81' lang='grc' dir='ltr'><strong>καὶ</strong></span> <span class='ocrx_word' id='word_1_120' title='bbox 2218 713 2354 787; x_wconf 88' lang='grc' dir='ltr'>πρὸς</span> <span class='ocrx_word' id='word_1_121' title='bbox 2405 707 2757 786; x_wconf 79' lang='grc' dir='ltr'>αὐτοσχέδιον</span> <span class='ocrx_word' id='word_1_122' title='bbox 2812 708 3048 783; x_wconf 82' lang='grc' dir='ltr'>εὐωχίαν</span> <span class='ocrx_word' id='word_1_123' title='bbox 3098 708 3167 762; x_wconf 81' lang='grc' dir='ltr'>τὰ</span> <span class='ocrx_word' id='word_1_124' title='bbox 3207 706 3396 779; x_wconf 74' lang='grc' dir='ltr'>πλήθη</span> <span class='ocrx_word' id='word_1_125' title='bbox 3446 709 3753 783; x_wconf 79' lang='grc' dir='ltr'>προτρέπε-</span> 
     </span>
    </p>
   </div>
   <div class='ocr_carea' id='block_1_21' title="bbox 2096 794 3750 870">
    <p class='ocr_par' dir='ltr' id='par_1_21' title="bbox 2096 794 3750 870">
     <span class='ocr_line' id='line_1_21' title="bbox 2096 794 3750 870; baseline -0.002 -15"><span class='ocrx_word' id='word_1_126' title='bbox 2096 822 2205 857; x_wconf 88' lang='grc' dir='ltr'>ται.</span> <span class='ocrx_word' id='word_1_127' title='bbox 2256 801 2332 856; x_wconf 88' lang='grc' dir='ltr'>Τὸ</span> <span class='ocrx_word' id='word_1_128' title='bbox 2372 798 2554 854; x_wconf 84' lang='grc' dir='ltr'>τοίνυν</span> <span class='ocrx_word' id='word_1_129' title='bbox 2603 804 2709 853; x_wconf 90' lang='grc' dir='ltr'><strong>τῶν</strong></span> <span class='ocrx_word' id='word_1_130' title='bbox 2764 801 3019 870; x_wconf 77' lang='grc' dir='ltr'><strong>μαθητῶν</strong></span> <span class='ocrx_word' id='word_1_131' title='bbox 3068 794 3284 865; x_wconf 84' lang='grc' dir='ltr'>πλῆθος</span> <span class='ocrx_word' id='word_1_132' title='bbox 3328 795 3465 870; x_wconf 88' lang='grc' dir='ltr'>πρὸς</span> <span class='ocrx_word' id='word_1_133' title='bbox 3514 799 3615 865; x_wconf 61' lang='grc' dir='ltr'>τήν</span> <span class='ocrx_word' id='word_1_134' title='bbox 3666 794 3750 852; x_wconf 74' lang='grc' dir='ltr'><strong>ἕν-</strong></span> 
     </span>
    </p>
   </div>
   <div class='ocr_carea' id='block_1_22' title="bbox 2100 884 3757 964">
    <p class='ocr_par' dir='ltr' id='par_1_22' title="bbox 2100 884 3757 964">
     <span class='ocr_line' id='line_1_22' title="bbox 2100 884 3757 964; baseline -0.002 -19"><span class='ocrx_word' id='word_1_135' title='bbox 2100 887 2241 945; x_wconf 88' lang='grc' dir='ltr'>δειαν</span> <span class='ocrx_word' id='word_1_136' title='bbox 2272 887 2610 964; x_wconf 82' lang='grc' dir='ltr'><strong>ἐταράττετο,</strong></span> <span class='ocrx_word' id='word_1_137' title='bbox 2642 886 2731 942; x_wconf 77' lang='grc' dir='ltr'><strong>καὶ</strong></span> <span class='ocrx_word' id='word_1_138' title='bbox 2776 888 2911 959; x_wconf 87' lang='grc' dir='ltr'>πρὸς</span> <span class='ocrx_word' id='word_1_139' title='bbox 2964 884 3251 956; x_wconf 77' lang='grc' dir='ltr'>ἀλλήλους</span> <span class='ocrx_word' id='word_1_140' title='bbox 3299 886 3554 960; x_wconf 86' lang='grc' dir='ltr'>ὁρῶντες,</span> <span class='ocrx_word' id='word_1_141' title='bbox 3600 889 3664 941; x_wconf 86' lang='grc' dir='ltr'>τὸ</span> <span class='ocrx_word' id='word_1_142' title='bbox 3697 885 3757 942; x_wconf 70' lang='grc' dir='ltr'>δὲ</span> 
     </span>
    </p>
   </div>
   <div class='ocr_carea' id='block_1_23' title="bbox 2103 973 3754 1051">
    <p class='ocr_par' dir='ltr' id='par_1_23' title="bbox 2103 973 3754 1051">
     <span class='ocr_line' id='line_1_23' title="bbox 2103 973 3754 1051; baseline -0.002 -18"><span class='ocrx_word' id='word_1_143' title='bbox 2103 976 2308 1051; x_wconf 83' lang='grc' dir='ltr'>μέλλον</span> <span class='ocrx_word' id='word_1_144' title='bbox 2368 978 2467 1033; x_wconf 87' lang='grc' dir='ltr'><strong>οὐκ</strong></span> <span class='ocrx_word' id='word_1_145' title='bbox 2524 977 2828 1038; x_wconf 78' lang='grc' dir='ltr'>ἐννοοῦντες</span> <span class='ocrx_word' id='word_1_146' title='bbox 2883 980 2997 1036; x_wconf 85' lang='grc' dir='ltr'>τοῖς</span> <span class='ocrx_word' id='word_1_147' title='bbox 3053 973 3421 1049; x_wconf 81' lang='grc' dir='ltr'><strong>ἀνθρωπίνοις</strong></span> <span class='ocrx_word' id='word_1_148' title='bbox 3454 974 3754 1050; x_wconf 74' lang='grc' dir='ltr'>λογισμοῖς</span> 
     </span>
    </p>
   </div>
   <div class='ocr_carea' id='block_1_24' title="bbox 2100 1060 3751 1140">
    <p class='ocr_par' dir='ltr' id='par_1_24' title="bbox 2100 1060 3751 1140">
     <span class='ocr_line' id='line_1_24' title="bbox 2100 1060 3751 1140; baseline -0.001 -19"><span class='ocrx_word' id='word_1_149' title='bbox 2100 1066 2473 1140; x_wconf 70' lang='grc' dir='ltr'>ἐλυμαίνοντο.</span> <span class='ocrx_word' id='word_1_150' title='bbox 2516 1064 2725 1127; x_wconf 72' lang='grc' dir='ltr'>’Ἄλλος</span> <span class='ocrx_word' id='word_1_151' title='bbox 2780 1065 2873 1138; x_wconf 80' lang='grc' dir='ltr'><strong>μὶν</strong></span> <span class='ocrx_word' id='word_1_152' title='bbox 2919 1062 3010 1119; x_wconf 75' lang='grc' dir='ltr'><strong>οὖν</strong></span> <span class='ocrx_word' id='word_1_153' title='bbox 3060 1060 3202 1119; x_wconf 74' lang='grc' dir='ltr'>ἄλλο</span> <span class='ocrx_word' id='word_1_154' title='bbox 3248 1084 3302 1118; x_wconf 91' lang='grc' dir='ltr'><strong>τι</strong></span> <span class='ocrx_word' id='word_1_155' title='bbox 3329 1068 3436 1118; x_wconf 87' lang='grc' dir='ltr'><strong>τῶν</strong></span> <span class='ocrx_word' id='word_1_156' title='bbox 3489 1069 3751 1136; x_wconf 78' lang='grc' dir='ltr'>μαθητῶν</span> 
     </span>
    </p>
   </div>
   <div class='ocr_carea' id='block_1_25' title="bbox 2098 1150 3751 1233">
    <p class='ocr_par' dir='ltr' id='par_1_25' title="bbox 2098 1150 3751 1233">
     <span class='ocr_line' id='line_1_25' title="bbox 2098 1150 3751 1233; baseline -0.001 -24"><span class='ocrx_word' id='word_1_157' title='bbox 2098 1155 2421 1233; x_wconf 71' lang='grc' dir='ltr'>ἐφθέγγετο,</span> <span class='ocrx_word' id='word_1_158' title='bbox 2480 1156 2578 1225; x_wconf 70' lang='grc' dir='ltr'>τὴν</span> <span class='ocrx_word' id='word_1_159' title='bbox 2637 1158 2910 1230; x_wconf 78' lang='grc' dir='ltr'>παροῦσαν</span> <span class='ocrx_word' id='word_1_160' title='bbox 2968 1150 3195 1227; x_wconf 80' lang='grc' dir='ltr'>ἀπορίαν</span> <span class='ocrx_word' id='word_1_161' title='bbox 3259 1151 3699 1227; x_wconf 74' lang='grc' dir='ltr'>ἐπαγγέλλοντες</span> <span class='ocrx_word' id='word_1_162' title='bbox 3737 1174 3751 1187; x_wconf 71' lang='grc'><strong>⁸</strong></span> 
     </span>
    </p>
   </div>
   <div class='ocr_carea' id='block_1_26' title="bbox 2098 1239 3752 1319">
    <p class='ocr_par' dir='ltr' id='par_1_26' title="bbox 2098 1239 3752 1319">
     <span class='ocr_line' id='line_1_26' title="bbox 2098 1239 3752 1319; baseline -0.002 -19"><span class='ocrx_word' id='word_1_163' title='bbox 2098 1242 2353 1319; x_wconf 80' lang='grc' dir='ltr'>Ἀνδρέας</span> <span class='ocrx_word' id='word_1_164' title='bbox 2386 1242 2461 1312; x_wconf 73' lang='grc' dir='ltr'><strong>δὲ,</strong></span> <span class='ocrx_word' id='word_1_165' title='bbox 2494 1250 2599 1300; x_wconf 87' lang='grc' dir='ltr'><strong>τῶν</strong></span> <span class='ocrx_word' id='word_1_166' title='bbox 2630 1242 2969 1318; x_wconf 86' lang='grc' dir='ltr'>προσόντων,</span> <span class='ocrx_word' id='word_1_167' title='bbox 2999 1242 3099 1310; x_wconf 82' lang='grc' dir='ltr'>τήν</span> <span class='ocrx_word' id='word_1_168' title='bbox 3153 1239 3420 1297; x_wconf 79' lang='grc' dir='ltr'>εὐτέλειαν</span> <span class='ocrx_word' id='word_1_169' title='bbox 3473 1240 3752 1318; x_wconf 82' lang='grc' dir='ltr'>ἐλέγχων,</span> 
     </span>
    </p>
   </div>
   <div class='ocr_carea' id='block_1_27' title="bbox 2097 1331 3753 1408">
    <p class='ocr_par' dir='ltr' id='par_1_27' title="bbox 2097 1331 3753 1408">
     <span class='ocr_line' id='line_1_27' title="bbox 2097 1331 3753 1408; baseline -0.001 -20"><span class='ocrx_word' id='word_1_170' title='bbox 2097 1332 2256 1398; x_wconf 82' lang='grc' dir='ltr'>ἔλαθε</span> <span class='ocrx_word' id='word_1_171' title='bbox 2287 1331 2469 1397; x_wconf 85' lang='grc' dir='ltr'>διδοὺς</span> <span class='ocrx_word' id='word_1_172' title='bbox 2519 1339 2600 1407; x_wconf 78' lang='grc' dir='ltr'>τῷ</span> <span class='ocrx_word' id='word_1_173' title='bbox 2650 1339 2871 1406; x_wconf 79' lang='grc' dir='ltr'>Σωτῆρι</span> <span class='ocrx_word' id='word_1_174' title='bbox 2901 1332 2993 1393; x_wconf 81' lang='grc' dir='ltr'>τὰς</span> <span class='ocrx_word' id='word_1_175' title='bbox 3040 1332 3335 1408; x_wconf 80' lang='grc' dir='ltr'>προφάσεις</span> <span class='ocrx_word' id='word_1_176' title='bbox 3382 1336 3481 1386; x_wconf 78' lang='grc' dir='ltr'><strong>τοῦ</strong></span> <span class='ocrx_word' id='word_1_177' title='bbox 3538 1333 3753 1404; x_wconf 75' lang='grc' dir='ltr'>θαύμα-</span> 
     </span>
    </p>
   </div>
   <div class='ocr_carea' id='block_1_28' title="bbox 2094 1419 3751 1500">
    <p class='ocr_par' dir='ltr' id='par_1_28' title="bbox 2094 1419 3751 1500">
     <span class='ocr_line' id='line_1_28' title="bbox 2094 1419 3751 1500; baseline -0.002 -23"><span class='ocrx_word' id='word_1_178' title='bbox 2094 1443 2208 1485; x_wconf 82' lang='grc' dir='ltr'>τος⁶</span> <span class='ocrx_word' id='word_1_179' title='bbox 2242 1423 2301 1477; x_wconf 92' lang='grc' dir='ltr'><strong>Τί</strong></span> <span class='ocrx_word' id='word_1_180' title='bbox 2333 1421 2433 1499; x_wconf 74' lang='grc' dir='ltr'><strong>γάρ</strong></span> <span class='ocrx_word' id='word_1_181' title='bbox 2479 1444 2638 1500; x_wconf 80' lang='grc' dir='ltr'>φησιν</span> <span class='ocrx_word' id='word_1_182' title='bbox 2674 1441 2687 1491; x_wconf 90' lang='grc'>;</span> <span class='ocrx_word' id='word_1_183' title='bbox 2720 1421 2835 1479; x_wconf 86' lang='grc' dir='ltr'>Οὐκ</span> <span class='ocrx_word' id='word_1_184' title='bbox 2883 1420 3018 1475; x_wconf 76' lang='grc' dir='ltr'>εἰσὶν</span> <span class='ocrx_word' id='word_1_185' title='bbox 3067 1419 3115 1475; x_wconf 84' lang='grc' dir='ltr'><strong>εἷ’</strong></span> <span class='ocrx_word' id='word_1_186' title='bbox 3147 1420 3222 1493; x_wconf 82' lang='grc' dir='ltr'>μή</span> <span class='ocrx_word' id='word_1_187' title='bbox 3254 1420 3411 1476; x_wconf 85' lang='grc' dir='ltr'>πέντε</span> <span class='ocrx_word' id='word_1_188' title='bbox 3449 1419 3625 1495; x_wconf 79' lang='grc' dir='ltr'>ἄρτοι,</span> <span class='ocrx_word' id='word_1_189' title='bbox 3659 1421 3751 1475; x_wconf 76' lang='grc' dir='ltr'><strong>καὶ</strong></span> 
     </span>
    </p>
   </div>
   <div class='ocr_carea' id='block_1_29' title="bbox 2099 1504 3749 1587">
    <p class='ocr_par' dir='ltr' id='par_1_29' title="bbox 2099 1504 3749 1587">
     <span class='ocr_line' id='line_1_29' title="bbox 2099 1504 3749 1587; baseline -0.001 -22"><span class='ocrx_word' id='word_1_190' title='bbox 2099 1509 2264 1587; x_wconf 81' lang='grc' dir='ltr'>ὀλίγα</span> <span class='ocrx_word' id='word_1_191' title='bbox 2294 1508 2535 1586; x_wconf 75' lang='grc' dir='ltr'>ἷχθύδια.</span> <span class='ocrx_word' id='word_1_192' title='bbox 2568 1508 2629 1564; x_wconf 89' lang='grc' dir='ltr'><strong>Τί</strong></span> <span class='ocrx_word' id='word_1_193' title='bbox 2662 1506 2752 1563; x_wconf 78' lang='grc' dir='ltr'><strong>οὖν</strong></span> <span class='ocrx_word' id='word_1_194' title='bbox 2782 1509 2810 1563; x_wconf 99' lang='lat'><strong>6</strong></span> <span class='ocrx_word' id='word_1_195' title='bbox 2844 1508 3074 1582; x_wconf 74' lang='grc' dir='ltr'>Σωτήρς</span> <span class='ocrx_word' id='word_1_196' title='bbox 3108 1507 3309 1582; x_wconf 76' lang='grc' dir='ltr'>Φέρετέ</span> <span class='ocrx_word' id='word_1_197' title='bbox 3341 1528 3435 1580; x_wconf 89' lang='grc' dir='ltr'><strong>μοι</strong></span> <span class='ocrx_word' id='word_1_198' title='bbox 3467 1506 3602 1562; x_wconf 75' lang='grc' dir='ltr'>αὐτὰ</span> <span class='ocrx_word' id='word_1_199' title='bbox 3618 1504 3749 1563; x_wconf 84' lang='grc' dir='ltr'>ὦδε.</span> 
     </span>
    </p>
   </div>
   <div class='ocr_carea' id='block_1_30' title="bbox 2098 1593 3748 1676">
    <p class='ocr_par' dir='ltr' id='par_1_30' title="bbox 2098 1593 3748 1676">
     <span class='ocr_line' id='line_1_30' title="bbox 2098 1593 3748 1676; baseline -0.002 -22"><span class='ocrx_word' id='word_1_200' title='bbox 2098 1599 2203 1656; x_wconf 84' lang='grc' dir='ltr'>Καὶ</span> <span class='ocrx_word' id='word_1_201' title='bbox 2259 1600 2474 1676; x_wconf 87' lang='grc' dir='ltr'>γέγονεν</span> <span class='ocrx_word' id='word_1_202' title='bbox 2511 1601 2546 1669; x_wconf 82' lang='grc' dir='ltr'><strong>ἡ</strong></span> <span class='ocrx_word' id='word_1_203' title='bbox 2576 1605 2677 1668; x_wconf 83' lang='grc' dir='ltr'>τῆς</span> <span class='ocrx_word' id='word_1_204' title='bbox 2736 1597 2975 1659; x_wconf 82' lang='grc' dir='ltr'>σπάνεως</span> <span class='ocrx_word' id='word_1_205' title='bbox 3034 1593 3306 1670; x_wconf 80' lang='grc' dir='ltr'>ὁμολογία</span> <span class='ocrx_word' id='word_1_206' title='bbox 3358 1600 3466 1651; x_wconf 84' lang='grc' dir='ltr'><strong>τῶν</strong></span> <span class='ocrx_word' id='word_1_207' title='bbox 3529 1596 3748 1672; x_wconf 81' lang='grc' dir='ltr'>ἀγαθῶν</span> 
     </span>
    </p>
   </div>
   <div class='ocr_carea' id='block_1_31' title="bbox 2096 1689 2399 1765">
    <p class='ocr_par' dir='ltr' id='par_1_31' title="bbox 2096 1689 2399 1765">
     <span class='ocr_line' id='line_1_31' title="bbox 2096 1689 2399 1765; baseline 0.007 -22"><span class='ocrx_word' id='word_1_208' title='bbox 2096 1689 2399 1765; x_wconf 87' lang='grc' dir='ltr'>περιουσία.</span> 
     </span>
    </p>
   </div>
   <div class='ocr_carea' id='block_1_32' title="bbox 405 1861 1980 1973">
    <p class='ocr_par' dir='ltr' id='par_1_32' title="bbox 405 1869 1980 1941">
     <span class='ocr_line' id='line_1_32' title="bbox 405 1869 1980 1941; baseline 0.002 -18"><span class='ocrx_word' id='word_1_209' title='bbox 405 1869 460 1925; x_wconf 84' lang='grc'><strong>6.</strong></span> <span class='ocrx_word' id='word_1_210' title='bbox 495 1869 607 1924; x_wconf 91' lang='lat' dir='ltr'><strong>Sed</strong></span> <span class='ocrx_word' id='word_1_211' title='bbox 640 1869 817 1924; x_wconf 91' lang='lat' dir='ltr'><strong>etiam</strong></span> <span class='ocrx_word' id='word_1_212' title='bbox 862 1869 988 1941; x_wconf 86' lang='lat' dir='ltr'><strong>ipse</strong></span> <span class='ocrx_word' id='word_1_213' title='bbox 1017 1869 1302 1925; x_wconf 90' lang='lat' dir='ltr'><strong>Dominus</strong></span> <span class='ocrx_word' id='word_1_214' title='bbox 1332 1886 1465 1925; x_wconf 90' lang='lat' dir='ltr'><strong>cum</strong></span> <span class='ocrx_word' id='word_1_215' title='bbox 1513 1886 1681 1926; x_wconf 91' lang='lat' dir='ltr'><strong>suam</strong></span> <span class='ocrx_word' id='word_1_216' title='bbox 1728 1870 1786 1927; x_wconf 93' lang='lat' dir='ltr'><strong>in</strong></span> <span class='ocrx_word' id='word_1_217' title='bbox 1835 1875 1980 1926; x_wconf 83' lang='lat' dir='ltr'><strong>terra</strong></span> 
     </span>
    </p>
   </div>
   <div class='ocr_carea' id='block_1_33' title="bbox 2092 1861 3752 1973">
    <p class='ocr_par' dir='ltr' id='par_1_33' title="bbox 2165 1861 3752 1973">
     <span class='ocr_line' id='line_1_33' title="bbox 2165 1861 3752 1973; baseline -0.003 -50"><span class='ocrx_word' id='word_1_218' title='bbox 2165 1870 2219 1973; x_wconf 51' lang='lat'>6;</span> <span class='ocrx_word' id='word_1_219' title='bbox 2257 1866 2434 1923; x_wconf 80' lang='grc' dir='ltr'>Ἀλλὰ</span> <span class='ocrx_word' id='word_1_220' title='bbox 2463 1866 2563 1944; x_wconf 82' lang='grc' dir='ltr'>γὰρ</span> <span class='ocrx_word' id='word_1_221' title='bbox 2595 1868 2623 1921; x_wconf 90' lang='lat'><strong>6</strong></span> <span class='ocrx_word' id='word_1_222' title='bbox 2658 1865 2855 1941; x_wconf 81' lang='grc' dir='ltr'>Σωτὴρ</span> <span class='ocrx_word' id='word_1_223' title='bbox 2885 1862 2993 1935; x_wconf 77' lang='grc' dir='ltr'>ἤδη</span> <span class='ocrx_word' id='word_1_224' title='bbox 3042 1863 3259 1936; x_wconf 84' lang='grc' dir='ltr'>λοιπὸν,</span> <span class='ocrx_word' id='word_1_225' title='bbox 3289 1863 3386 1926; x_wconf 81' lang='grc' dir='ltr'>τὰς</span> <span class='ocrx_word' id='word_1_226' title='bbox 3436 1862 3487 1917; x_wconf 78' lang='grc' dir='ltr'><strong>ἐν</strong></span> <span class='ocrx_word' id='word_1_227' title='bbox 3519 1867 3590 1940; x_wconf 77' lang='grc' dir='ltr'>γῇ</span> <span class='ocrx_word' id='word_1_228' title='bbox 3625 1861 3752 1919; x_wconf 84' lang='grc' dir='ltr'>δια-</span> 
     </span>
    </p>
   </div>
   <div class='ocr_carea' id='block_1_34' title="bbox 337 1958 1985 2032">
    <p class='ocr_par' dir='ltr' id='par_1_34' title="bbox 337 1958 1985 2032">
     <span class='ocr_line' id='line_1_34' title="bbox 337 1958 1985 2032; baseline 0.001 -18"><span class='ocrx_word' id='word_1_229' title='bbox 337 1958 953 2014; x_wconf 89' lang='lat' dir='ltr'><strong>commemorationem</strong></span> <span class='ocrx_word' id='word_1_230' title='bbox 987 1958 1345 2030; x_wconf 81' lang='lat' dir='ltr'><strong>perfecisset,</strong></span> <span class='ocrx_word' id='word_1_231' title='bbox 1376 1964 1551 2030; x_wconf 90' lang='lat' dir='ltr'><strong>atque</strong></span> <span class='ocrx_word' id='word_1_232' title='bbox 1582 1965 1671 2015; x_wconf 89' lang='lat' dir='ltr'><strong>sat</strong></span> <span class='ocrx_word' id='word_1_233' title='bbox 1704 1960 1985 2032; x_wconf 86' lang='lat' dir='ltr'><strong>temporis</strong></span> 
     </span>
    </p>
   </div>
   <div class='ocr_carea' id='block_1_35' title="bbox 337 2046 1982 2118">
    <p class='ocr_par' dir='ltr' id='par_1_35' title="bbox 337 2046 1982 2118">
     <span class='ocr_line' id='line_1_35' title="bbox 337 2046 1982 2118; baseline 0.001 -16"><span class='ocrx_word' id='word_1_234' title='bbox 337 2063 473 2103; x_wconf 90' lang='lat' dir='ltr'><strong>cum</strong></span> <span class='ocrx_word' id='word_1_235' title='bbox 531 2046 841 2118; x_wconf 88' lang='lat' dir='ltr'><strong>discipulis</strong></span> <span class='ocrx_word' id='word_1_236' title='bbox 897 2051 1294 2113; x_wconf 87' lang='lat' dir='ltr'><strong>conversatus,</strong></span> <span class='ocrx_word' id='word_1_237' title='bbox 1339 2047 1397 2101; x_wconf 93' lang='lat' dir='ltr'><strong>in</strong></span> <span class='ocrx_word' id='word_1_238' title='bbox 1445 2048 1621 2103; x_wconf 57' lang='lat' dir='ltr'><strong>caelos</strong></span> <span class='ocrx_word' id='word_1_239' title='bbox 1671 2049 1982 2104; x_wconf 88' lang='lat' dir='ltr'><strong>ferebatur.</strong></span> 
     </span>
    </p>
   </div>
   <div class='ocr_carea' id='block_1_36' title="bbox 334 2134 1985 2208">
    <p class='ocr_par' dir='ltr' id='par_1_36' title="bbox 334 2134 1985 2208">
     <span class='ocr_line' id='line_1_36' title="bbox 334 2134 1985 2208; baseline 0.001 -18"><span class='ocrx_word' id='word_1_240' title='bbox 334 2134 599 2207; x_wconf 83' lang='lat' dir='ltr'><strong>Apostoli</strong></span> <span class='ocrx_word' id='word_1_241' title='bbox 634 2139 849 2201; x_wconf 88' lang='lat' dir='ltr'><strong>autem,</strong></span> <span class='ocrx_word' id='word_1_242' title='bbox 884 2134 1067 2190; x_wconf 90' lang='lat' dir='ltr'><strong>diviso</strong></span> <span class='ocrx_word' id='word_1_243' title='bbox 1107 2135 1260 2190; x_wconf 89' lang='lat' dir='ltr'><strong>inter</strong></span> <span class='ocrx_word' id='word_1_244' title='bbox 1304 2152 1367 2191; x_wconf 90' lang='lat' dir='ltr'><strong>se</strong></span> <span class='ocrx_word' id='word_1_245' title='bbox 1409 2142 1696 2192; x_wconf 88' lang='lat' dir='ltr'><strong>terrarum</strong></span> <span class='ocrx_word' id='word_1_246' title='bbox 1729 2140 1886 2208; x_wconf 87' lang='lat' dir='ltr'><strong>orbe,</strong></span> <span class='ocrx_word' id='word_1_247' title='bbox 1920 2152 1985 2192; x_wconf 90' lang='lat' dir='ltr'><strong>ac</strong></span> 
     </span>
    </p>
   </div>
   <div class='ocr_carea' id='block_1_37' title="bbox 335 2222 1984 2298">
    <p class='ocr_par' dir='ltr' id='par_1_37' title="bbox 335 2222 1984 2298">
     <span class='ocr_line' id='line_1_37' title="bbox 335 2222 1984 2298; baseline -0.001 -18"><span class='ocrx_word' id='word_1_248' title='bbox 335 2239 577 2295; x_wconf 90' lang='lat' dir='ltr'><strong>corpore</strong></span> <span class='ocrx_word' id='word_1_249' title='bbox 635 2224 916 2294; x_wconf 88' lang='lat' dir='ltr'><strong>sejuncti,</strong></span> <span class='ocrx_word' id='word_1_250' title='bbox 973 2222 1125 2279; x_wconf 91' lang='lat' dir='ltr'><strong>alius</strong></span> <span class='ocrx_word' id='word_1_251' title='bbox 1184 2223 1362 2279; x_wconf 89' lang='lat' dir='ltr'><strong>alium</strong></span> <span class='ocrx_word' id='word_1_252' title='bbox 1420 2226 1480 2279; x_wconf 90' lang='lat' dir='ltr'><strong>in</strong></span> <span class='ocrx_word' id='word_1_253' title='bbox 1536 2223 1731 2281; x_wconf 92' lang='lat' dir='ltr'><strong>locum</strong></span> <span class='ocrx_word' id='word_1_254' title='bbox 1788 2227 1984 2298; x_wconf 67' lang='lat' dir='ltr'><strong>gratias</strong></span> 
     </span>
    </p>
   </div>
   <div class='ocr_carea' id='block_1_38' title="bbox 337 2311 1985 2370">
    <p class='ocr_par' dir='ltr' id='par_1_38' title="bbox 337 2311 1985 2370">
     <span class='ocr_line' id='line_1_38' title="bbox 337 2311 1985 2370; baseline 0.002 -3"><span class='ocrx_word' id='word_1_255' title='bbox 337 2311 559 2367; x_wconf 88' lang='lat' dir='ltr'><strong>ﬂuenta</strong></span> <span class='ocrx_word' id='word_1_256' title='bbox 597 2311 914 2368; x_wconf 90' lang='lat' dir='ltr'><strong>derivabat.</strong></span> <span class='ocrx_word' id='word_1_257' title='bbox 947 2312 1094 2367; x_wconf 91' lang='lat' dir='ltr'><strong>Tum</strong></span> <span class='ocrx_word' id='word_1_258' title='bbox 1138 2328 1272 2367; x_wconf 92' lang='lat' dir='ltr'><strong>vero</strong></span> <span class='ocrx_word' id='word_1_259' title='bbox 1317 2314 1525 2369; x_wconf 88' lang='lat' dir='ltr'><strong>beatus</strong></span> <span class='ocrx_word' id='word_1_260' title='bbox 1572 2313 1683 2369; x_wconf 89' lang='lat' dir='ltr'><strong>iste</strong></span> <span class='ocrx_word' id='word_1_261' title='bbox 1725 2315 1985 2370; x_wconf 86' lang='lat' dir='ltr'><strong>Andreas</strong></span> 
     </span>
    </p>
   </div>
   <div class='ocr_carea' id='block_1_39' title="bbox 336 2400 1986 2475">
    <p class='ocr_par' dir='ltr' id='par_1_39' title="bbox 336 2400 1986 2475">
     <span class='ocr_line' id='line_1_39' title="bbox 336 2400 1986 2475; baseline 0.001 -18"><span class='ocrx_word' id='word_1_262' title='bbox 336 2416 473 2457; x_wconf 89' lang='lat' dir='ltr'><strong>cum</strong></span> <span class='ocrx_word' id='word_1_263' title='bbox 503 2401 783 2456; x_wconf 63' lang='lat' dir='ltr'><strong>Graeciam</strong></span> <span class='ocrx_word' id='word_1_264' title='bbox 816 2400 995 2456; x_wconf 90' lang='lat' dir='ltr'><strong>simul</strong></span> <span class='ocrx_word' id='word_1_265' title='bbox 1042 2405 1101 2455; x_wconf 91' lang='lat' dir='ltr'><strong>et</strong></span> <span class='ocrx_word' id='word_1_266' title='bbox 1147 2401 1528 2457; x_wconf 65' lang='lat' dir='ltr'><strong>barbarorum</strong></span> <span class='ocrx_word' id='word_1_267' title='bbox 1562 2407 1747 2459; x_wconf 88' lang='lat' dir='ltr'><strong>terras</strong></span> <span class='ocrx_word' id='word_1_268' title='bbox 1797 2404 1986 2475; x_wconf 89' lang='lat' dir='ltr'><strong>gratia</strong></span> 
     </span>
    </p>
   </div>
   <div class='ocr_carea' id='block_1_40' title="bbox 338 2488 1983 2564">
    <p class='ocr_par' dir='ltr' id='par_1_40' title="bbox 338 2488 1983 2564">
     <span class='ocr_line' id='line_1_40' title="bbox 338 2488 1983 2564; baseline 0.002 -20"><span class='ocrx_word' id='word_1_269' title='bbox 338 2489 721 2561; x_wconf 87' lang='lat' dir='ltr'><strong>implevisset,</strong></span> <span class='ocrx_word' id='word_1_270' title='bbox 749 2506 813 2545; x_wconf 94' lang='lat' dir='ltr'><strong>ac</strong></span> <span class='ocrx_word' id='word_1_271' title='bbox 846 2488 1145 2545; x_wconf 91' lang='lat' dir='ltr'><strong>miraculis</strong></span> <span class='ocrx_word' id='word_1_272' title='bbox 1178 2489 1303 2545; x_wconf 91' lang='lat' dir='ltr'><strong>suis</strong></span> <span class='ocrx_word' id='word_1_273' title='bbox 1332 2499 1532 2562; x_wconf 79' lang='lat' dir='ltr'><strong>gentes</strong></span> <span class='ocrx_word' id='word_1_274' title='bbox 1578 2492 1636 2546; x_wconf 90' lang='lat' dir='ltr'><strong>in</strong></span> <span class='ocrx_word' id='word_1_275' title='bbox 1686 2496 1983 2564; x_wconf 88' lang='lat' dir='ltr'><strong>stuporem</strong></span> 
     </span>
    </p>
   </div>
   <div class='ocr_carea' id='block_1_41' title="bbox 339 2579 1985 2653">
    <p class='ocr_par' dir='ltr' id='par_1_41' title="bbox 339 2579 1985 2653">
     <span class='ocr_line' id='line_1_41' title="bbox 339 2579 1985 2653; baseline 0.001 -20"><span class='ocrx_word' id='word_1_276' title='bbox 339 2595 406 2634; x_wconf 90' lang='lat' dir='ltr'><strong>ac</strong></span> <span class='ocrx_word' id='word_1_277' title='bbox 437 2579 717 2649; x_wconf 89' lang='lat' dir='ltr'><strong>pudorem</strong></span> <span class='ocrx_word' id='word_1_278' title='bbox 754 2579 995 2635; x_wconf 87' lang='lat' dir='ltr'><strong>eductas</strong></span> <span class='ocrx_word' id='word_1_279' title='bbox 1026 2583 1096 2634; x_wconf 88' lang='lat' dir='ltr'><strong>ad</strong></span> <span class='ocrx_word' id='word_1_280' title='bbox 1146 2579 1322 2634; x_wconf 83' lang='lat' dir='ltr'><strong>ﬁdem</strong></span> <span class='ocrx_word' id='word_1_281' title='bbox 1354 2580 1753 2649; x_wconf 86' lang='lat' dir='ltr'><strong>convertisset,</strong></span> <span class='ocrx_word' id='word_1_282' title='bbox 1776 2583 1845 2635; x_wconf 86' lang='lat' dir='ltr'><strong>ad</strong></span> <span class='ocrx_word' id='word_1_283' title='bbox 1880 2598 1985 2653; x_wconf 91' lang='lat' dir='ltr'><strong>pu-</strong></span> 
     </span>
    </p>
   </div>
   <div class='ocr_carea' id='block_1_42' title="bbox 338 2666 1985 2739">
    <p class='ocr_par' dir='ltr' id='par_1_42' title="bbox 338 2666 1985 2739">
     <span class='ocr_line' id='line_1_42' title="bbox 338 2666 1985 2739; baseline 0.001 -17"><span class='ocrx_word' id='word_1_284' title='bbox 338 2666 756 2739; x_wconf 82' lang='lat' dir='ltr'><strong>gnacissimam</strong></span> <span class='ocrx_word' id='word_1_285' title='bbox 792 2668 1220 2723; x_wconf 88' lang='lat' dir='ltr'><strong>incredulitatis</strong></span> <span class='ocrx_word' id='word_1_286' title='bbox 1251 2668 1567 2738; x_wconf 78' lang='lat' dir='ltr'><strong>regionem,</strong></span> <span class='ocrx_word' id='word_1_287' title='bbox 1590 2669 1863 2724; x_wconf 83' lang='lat' dir='ltr'><strong>Achaiam</strong></span> <span class='ocrx_word' id='word_1_288' title='bbox 1897 2670 1985 2724; x_wconf 91' lang='lat' dir='ltr'><strong>di-</strong></span> 
     </span>
    </p>
   </div>
   <div class='ocr_carea' id='block_1_43' title="bbox 337 2754 1984 2827">
    <p class='ocr_par' dir='ltr' id='par_1_43' title="bbox 337 2754 1984 2827">
     <span class='ocr_line' id='line_1_43' title="bbox 337 2754 1984 2827; baseline 0.002 -16"><span class='ocrx_word' id='word_1_289' title='bbox 337 2772 423 2822; x_wconf 94' lang='lat' dir='ltr'><strong>co,</strong></span> <span class='ocrx_word' id='word_1_290' title='bbox 450 2754 671 2811; x_wconf 88' lang='lat' dir='ltr'><strong>missus</strong></span> <span class='ocrx_word' id='word_1_291' title='bbox 700 2760 808 2810; x_wconf 84' lang='lat' dir='ltr'><strong>est.</strong></span> <span class='ocrx_word' id='word_1_292' title='bbox 835 2755 940 2811; x_wconf 91' lang='lat' dir='ltr'><strong>Ubi</strong></span> <span class='ocrx_word' id='word_1_293' title='bbox 976 2756 1180 2812; x_wconf 89' lang='lat' dir='ltr'><strong>multis</strong></span> <span class='ocrx_word' id='word_1_294' title='bbox 1223 2756 1365 2812; x_wconf 76' lang='lat' dir='ltr'><strong>caalo</strong></span> <span class='ocrx_word' id='word_1_295' title='bbox 1412 2756 1702 2827; x_wconf 84' lang='lat' dir='ltr'><strong>ascriptis,</strong></span> <span class='ocrx_word' id='word_1_296' title='bbox 1729 2774 1881 2813; x_wconf 92' lang='lat' dir='ltr'><strong>unus</strong></span> <span class='ocrx_word' id='word_1_297' title='bbox 1912 2758 1984 2814; x_wconf 90' lang='lat' dir='ltr'><strong>ob</strong></span> 
     </span>
    </p>
   </div>
   <div class='ocr_carea' id='block_1_44' title="bbox 337 2844 1988 2915">
    <p class='ocr_par' dir='ltr' id='par_1_44' title="bbox 337 2844 1988 2915">
     <span class='ocr_line' id='line_1_44' title="bbox 337 2844 1988 2915; baseline 0.002 -16"><span class='ocrx_word' id='word_1_298' title='bbox 337 2845 516 2900; x_wconf 84' lang='lat' dir='ltr'><strong>fidem</strong></span> <span class='ocrx_word' id='word_1_299' title='bbox 544 2844 701 2901; x_wconf 91' lang='lat' dir='ltr'><strong>cruci</strong></span> <span class='ocrx_word' id='word_1_300' title='bbox 732 2844 1061 2915; x_wconf 82' lang='lat' dir='ltr'><strong>affigendus</strong></span> <span class='ocrx_word' id='word_1_301' title='bbox 1104 2846 1357 2900; x_wconf 81' lang='lat' dir='ltr'><strong>traditur</strong></span> <span class='ocrx_word' id='word_1_302' title='bbox 1383 2863 1395 2901; x_wconf 91' lang='lat'>:</span> <span class='ocrx_word' id='word_1_303' title='bbox 1429 2862 1497 2901; x_wconf 90' lang='lat' dir='ltr'><strong>ac</strong></span> <span class='ocrx_word' id='word_1_304' title='bbox 1527 2847 1733 2902; x_wconf 90' lang='lat' dir='ltr'><strong>mortis</strong></span> <span class='ocrx_word' id='word_1_305' title='bbox 1764 2848 1988 2903; x_wconf 89' lang='lat' dir='ltr'><strong>ratione</strong></span> 
     </span>
    </p>
   </div>
   <div class='ocr_carea' id='block_1_45' title="bbox 337 2931 1988 3005">
    <p class='ocr_par' dir='ltr' id='par_1_45' title="bbox 337 2931 1988 3005">
     <span class='ocr_line' id='line_1_45' title="bbox 337 2931 1988 3005; baseline 0.002 -16"><span class='ocrx_word' id='word_1_306' title='bbox 337 2931 652 2989; x_wconf 89' lang='lat' dir='ltr'><strong>Dominum</strong></span> <span class='ocrx_word' id='word_1_307' title='bbox 682 2933 969 3000; x_wconf 88' lang='lat' dir='ltr'><strong>imitatur,</strong></span> <span class='ocrx_word' id='word_1_308' title='bbox 995 2940 1059 2989; x_wconf 91' lang='lat' dir='ltr'><strong>ut</strong></span> <span class='ocrx_word' id='word_1_309' title='bbox 1085 2934 1375 3005; x_wconf 90' lang='lat' dir='ltr'><strong>passionis</strong></span> <span class='ocrx_word' id='word_1_310' title='bbox 1397 2935 1801 2992; x_wconf 90' lang='lat' dir='ltr'><strong>communione</strong></span> <span class='ocrx_word' id='word_1_311' title='bbox 1832 2953 1988 2992; x_wconf 85' lang='lat' dir='ltr'><strong>auio-</strong></span> 
     </span>
    </p>
   </div>
   <div class='ocr_carea' id='block_1_46' title="bbox 339 3021 1987 3097">
    <p class='ocr_par' dir='ltr' id='par_1_46' title="bbox 339 3021 1987 3097">
     <span class='ocr_line' id='line_1_46' title="bbox 339 3021 1987 3097; baseline 0.003 -20"><span class='ocrx_word' id='word_1_312' title='bbox 339 3021 418 3078; x_wconf 91' lang='lat' dir='ltr'><strong>ris</strong></span> <span class='ocrx_word' id='word_1_313' title='bbox 446 3022 873 3078; x_wconf 88' lang='lat' dir='ltr'><strong>vehementiam</strong></span> <span class='ocrx_word' id='word_1_314' title='bbox 924 3022 1241 3078; x_wconf 81' lang='lat' dir='ltr'><strong>exhiberet.</strong></span> <span class='ocrx_word' id='word_1_315' title='bbox 1275 3024 1427 3079; x_wconf 82' lang='lat' dir='ltr'><strong>Crux</strong></span> <span class='ocrx_word' id='word_1_316' title='bbox 1472 3023 1669 3097; x_wconf 89' lang='lat' dir='ltr'><strong>itaque</strong></span> <span class='ocrx_word' id='word_1_317' title='bbox 1702 3026 1759 3080; x_wconf 87' lang='lat' dir='ltr'><strong>in</strong></span> <span class='ocrx_word' id='word_1_318' title='bbox 1794 3027 1987 3083; x_wconf 90' lang='lat' dir='ltr'><strong>media</strong></span> 
     </span>
    </p>
   </div>
   <div class='ocr_carea' id='block_1_47' title="bbox 336 3110 1985 3182">
    <p class='ocr_par' dir='ltr' id='par_1_47' title="bbox 336 3110 1985 3182">
     <span class='ocr_line' id='line_1_47' title="bbox 336 3110 1985 3182; baseline 0.004 -18"><span class='ocrx_word' id='word_1_319' title='bbox 336 3110 734 3182; x_wconf 84' lang='lat' dir='ltr'><strong>compingitur</strong></span> <span class='ocrx_word' id='word_1_320' title='bbox 779 3112 1014 3180; x_wconf 76' lang='lat' dir='ltr'><strong>Graecia,</strong></span> <span class='ocrx_word' id='word_1_321' title='bbox 1056 3113 1439 3181; x_wconf 86' lang='lat' dir='ltr'><strong>suspenditur</strong></span> <span class='ocrx_word' id='word_1_322' title='bbox 1482 3115 1764 3182; x_wconf 86' lang='lat' dir='ltr'><strong>Andreas,</strong></span> <span class='ocrx_word' id='word_1_323' title='bbox 1816 3130 1985 3170; x_wconf 91' lang='lat' dir='ltr'><strong>cruce</strong></span> 
     </span>
    </p>
   </div>
   <div class='ocr_carea' id='block_1_48' title="bbox 332 3198 1981 3271">
    <p class='ocr_par' dir='ltr' id='par_1_48' title="bbox 332 3198 1981 3271">
     <span class='ocr_line' id='line_1_48' title="bbox 332 3198 1981 3271; baseline 0.004 -19"><span class='ocrx_word' id='word_1_324' title='bbox 332 3198 679 3254; x_wconf 84' lang='lat' dir='ltr'><strong>crucifixum</strong></span> <span class='ocrx_word' id='word_1_325' title='bbox 735 3200 1081 3271; x_wconf 71' lang='lat' dir='ltr'><strong>praedicans,</strong></span> <span class='ocrx_word' id='word_1_326' title='bbox 1116 3201 1293 3256; x_wconf 85' lang='lat' dir='ltr'><strong>clavis</strong></span> <span class='ocrx_word' id='word_1_327' title='bbox 1336 3200 1630 3257; x_wconf 88' lang='lat' dir='ltr'><strong>clavorum</strong></span> <span class='ocrx_word' id='word_1_328' title='bbox 1681 3204 1981 3260; x_wconf 89' lang='lat' dir='ltr'><strong>veritatem</strong></span> 
     </span>
    </p>
   </div>
   <div class='ocr_carea' id='block_1_49' title="bbox 2092 1950 3749 2032">
    <p class='ocr_par' dir='ltr' id='par_1_49' title="bbox 2092 1950 3749 2032">
     <span class='ocr_line' id='line_1_49' title="bbox 2092 1950 3749 2032; baseline -0.003 -21"><span class='ocrx_word' id='word_1_329' title='bbox 2092 1950 2283 2032; x_wconf 75' lang='grc' dir='ltr'>τριϐὰς</span> <span class='ocrx_word' id='word_1_330' title='bbox 2325 1955 2543 2023; x_wconf 81' lang='grc' dir='ltr'>ἀνύσας,</span> <span class='ocrx_word' id='word_1_331' title='bbox 2575 1955 2664 2010; x_wconf 82' lang='grc' dir='ltr'><strong>καὶ</strong></span> <span class='ocrx_word' id='word_1_332' title='bbox 2707 1955 2796 2009; x_wconf 90' lang='grc' dir='ltr'><strong>τὸν</strong></span> <span class='ocrx_word' id='word_1_333' title='bbox 2846 1953 3084 2028; x_wconf 81' lang='grc' dir='ltr'>αὐτάρκη</span> <span class='ocrx_word' id='word_1_334' title='bbox 3135 1958 3253 2015; x_wconf 84' lang='grc' dir='ltr'>τοῖς</span> <span class='ocrx_word' id='word_1_335' title='bbox 3306 1954 3575 2026; x_wconf 83' lang='grc' dir='ltr'>μαθηταῖς</span> <span class='ocrx_word' id='word_1_336' title='bbox 3627 1974 3749 2007; x_wconf 91' lang='grc' dir='ltr'>συν-</span> 
     </span>
    </p>
   </div>
   <div class='ocr_carea' id='block_1_50' title="bbox 2093 2040 3741 2120">
    <p class='ocr_par' dir='ltr' id='par_1_50' title="bbox 2093 2040 3741 2120">
     <span class='ocr_line' id='line_1_50' title="bbox 2093 2040 3741 2120; baseline -0.002 -21"><span class='ocrx_word' id='word_1_337' title='bbox 2093 2042 2375 2120; x_wconf 80' lang='grc' dir='ltr'>διατρίψας</span> <span class='ocrx_word' id='word_1_338' title='bbox 2431 2043 2668 2119; x_wconf 84' lang='grc' dir='ltr'>χρόνον,</span> <span class='ocrx_word' id='word_1_339' title='bbox 2726 2043 2863 2117; x_wconf 86' lang='grc' dir='ltr'>πρὸς</span> <span class='ocrx_word' id='word_1_340' title='bbox 2921 2040 3181 2117; x_wconf 78' lang='grc' dir='ltr'>οὐρανοὺς</span> <span class='ocrx_word' id='word_1_341' title='bbox 3238 2040 3541 2113; x_wconf 80' lang='grc' dir='ltr'>ἐκομίζετο·</span> <span class='ocrx_word' id='word_1_342' title='bbox 3602 2041 3741 2096; x_wconf 81' lang='grc' dir='ltr'>ἀπό-</span> 
     </span>
    </p>
   </div>
   <div class='ocr_carea' id='block_1_51' title="bbox 2092 2125 3743 2205">
    <p class='ocr_par' dir='ltr' id='par_1_51' title="bbox 2092 2125 3743 2205">
     <span class='ocr_line' id='line_1_51' title="bbox 2092 2125 3743 2205; baseline -0.002 -17"><span class='ocrx_word' id='word_1_343' title='bbox 2092 2131 2281 2188; x_wconf 86' lang='grc' dir='ltr'>στολοι</span> <span class='ocrx_word' id='word_1_344' title='bbox 2313 2130 2391 2201; x_wconf 79' lang='grc' dir='ltr'>δὲ,</span> <span class='ocrx_word' id='word_1_345' title='bbox 2420 2134 2518 2202; x_wconf 82' lang='grc' dir='ltr'>τήν</span> <span class='ocrx_word' id='word_1_346' title='bbox 2551 2130 2877 2205; x_wconf 69' lang='grc' dir='ltr'>οἰκουμένην</span> <span class='ocrx_word' id='word_1_347' title='bbox 2912 2125 3285 2200; x_wconf 76' lang='grc' dir='ltr'>διαλαϐόντες,</span> <span class='ocrx_word' id='word_1_348' title='bbox 3334 2130 3425 2184; x_wconf 81' lang='grc' dir='ltr'><strong>καὶ</strong></span> <span class='ocrx_word' id='word_1_349' title='bbox 3470 2135 3589 2192; x_wconf 80' lang='grc' dir='ltr'>τοῖς</span> <span class='ocrx_word' id='word_1_350' title='bbox 3640 2131 3743 2185; x_wconf 85' lang='grc' dir='ltr'><strong>σώ-</strong></span> 
     </span>
    </p>
   </div>
   <div class='ocr_carea' id='block_1_52' title="bbox 2096 2217 3747 2298">
    <p class='ocr_par' dir='ltr' id='par_1_52' title="bbox 2096 2217 3747 2298">
     <span class='ocr_line' id='line_1_52' title="bbox 2096 2217 3747 2298; baseline -0.001 -22"><span class='ocrx_word' id='word_1_351' title='bbox 2096 2243 2226 2296; x_wconf 82' lang='grc' dir='ltr'>μασι</span> <span class='ocrx_word' id='word_1_352' title='bbox 2260 2222 2619 2298; x_wconf 75' lang='grc' dir='ltr'>μερισθέντες,</span> <span class='ocrx_word' id='word_1_353' title='bbox 2655 2220 2824 2282; x_wconf 78' lang='grc' dir='ltr'>ἄλλος</span> <span class='ocrx_word' id='word_1_354' title='bbox 2848 2219 3130 2295; x_wconf 84' lang='grc' dir='ltr'>ἀλλαχόσε</span> <span class='ocrx_word' id='word_1_355' title='bbox 3154 2220 3219 2273; x_wconf 79' lang='grc' dir='ltr'>τὰ</span> <span class='ocrx_word' id='word_1_356' title='bbox 3247 2226 3346 2288; x_wconf 83' lang='grc' dir='ltr'>τῆς</span> <span class='ocrx_word' id='word_1_357' title='bbox 3368 2217 3596 2294; x_wconf 82' lang='grc' dir='ltr'>χάριτος</span> <span class='ocrx_word' id='word_1_358' title='bbox 3622 2240 3747 2291; x_wconf 82' lang='grc' dir='ltr'>μετ-</span> 
     </span>
    </p>
   </div>
   <div class='ocr_carea' id='block_1_53' title="bbox 2094 2306 3744 2386">
    <p class='ocr_par' dir='ltr' id='par_1_53' title="bbox 2094 2306 3744 2386">
     <span class='ocr_line' id='line_1_53' title="bbox 2094 2306 3744 2386; baseline -0.002 -19"><span class='ocrx_word' id='word_1_359' title='bbox 2094 2310 2366 2386; x_wconf 84' lang='grc' dir='ltr'>οχετεύων</span> <span class='ocrx_word' id='word_1_360' title='bbox 2412 2309 2645 2382; x_wconf 87' lang='grc' dir='ltr'>νάματα.</span> <span class='ocrx_word' id='word_1_361' title='bbox 2697 2311 2954 2373; x_wconf 73' lang='grc' dir='ltr'>Ἐνταῦθα</span> <span class='ocrx_word' id='word_1_362' title='bbox 2997 2308 3176 2364; x_wconf 86' lang='grc' dir='ltr'>τοίνυν</span> <span class='ocrx_word' id='word_1_363' title='bbox 3205 2310 3233 2363; x_wconf 91' lang='lat'><strong>6</strong></span> <span class='ocrx_word' id='word_1_364' title='bbox 3267 2309 3530 2384; x_wconf 81' lang='grc' dir='ltr'>μακάριος</span> <span class='ocrx_word' id='word_1_365' title='bbox 3585 2306 3744 2371; x_wconf 73' lang='grc' dir='ltr'>οὗτος</span> 
     </span>
    </p>
   </div>
   <div class='ocr_carea' id='block_1_54' title="bbox 2095 2391 3746 2475">
    <p class='ocr_par' dir='ltr' id='par_1_54' title="bbox 2095 2391 3746 2475">
     <span class='ocr_line' id='line_1_54' title="bbox 2095 2391 3746 2475; baseline -0.002 -21"><span class='ocrx_word' id='word_1_366' title='bbox 2095 2396 2369 2475; x_wconf 70' lang='grc' dir='ltr'>Ἀνδρέας,</span> <span class='ocrx_word' id='word_1_367' title='bbox 2402 2396 2643 2453; x_wconf 87' lang='grc' dir='ltr'>Ἑλλάδα</span> <span class='ocrx_word' id='word_1_368' title='bbox 2691 2419 2750 2453; x_wconf 88' lang='grc' dir='ltr'><strong>τε</strong></span> <span class='ocrx_word' id='word_1_369' title='bbox 2800 2394 2942 2471; x_wconf 76' lang='grc' dir='ltr'>ὁμοῦ</span> <span class='ocrx_word' id='word_1_370' title='bbox 2989 2396 3077 2452; x_wconf 86' lang='grc' dir='ltr'><strong>καὶ</strong></span> <span class='ocrx_word' id='word_1_371' title='bbox 3132 2391 3403 2473; x_wconf 72' lang='grc' dir='ltr'>βάρϐαρον</span> <span class='ocrx_word' id='word_1_372' title='bbox 3452 2395 3746 2468; x_wconf 69' lang='grc' dir='ltr'>ἐμπλήσας</span> 
     </span>
    </p>
   </div>
   <div class='ocr_carea' id='block_1_55' title="bbox 2090 2482 3747 2564">
    <p class='ocr_par' dir='ltr' id='par_1_55' title="bbox 2090 2482 3747 2564">
     <span class='ocr_line' id='line_1_55' title="bbox 2090 2482 3747 2564; baseline -0.002 -21"><span class='ocrx_word' id='word_1_373' title='bbox 2090 2496 2191 2558; x_wconf 84' lang='grc' dir='ltr'>τῆς</span> <span class='ocrx_word' id='word_1_374' title='bbox 2221 2490 2450 2564; x_wconf 84' lang='grc' dir='ltr'>χάριτος</span> <span class='ocrx_word' id='word_1_375' title='bbox 2479 2486 2568 2543; x_wconf 88' lang='grc' dir='ltr'><strong>καί</strong></span> <span class='ocrx_word' id='word_1_376' title='bbox 2617 2484 2943 2557; x_wconf 79' lang='grc' dir='ltr'>δυσωπήσας</span> <span class='ocrx_word' id='word_1_377' title='bbox 2990 2486 3124 2560; x_wconf 83' lang='grc' dir='ltr'>πρὸς</span> <span class='ocrx_word' id='word_1_378' title='bbox 3154 2485 3333 2541; x_wconf 91' lang='grc' dir='ltr'>πίστιν</span> <span class='ocrx_word' id='word_1_379' title='bbox 3363 2485 3429 2539; x_wconf 79' lang='grc' dir='ltr'>τὰ</span> <span class='ocrx_word' id='word_1_380' title='bbox 3469 2482 3595 2556; x_wconf 81' lang='grc' dir='ltr'>ἔθνη</span> <span class='ocrx_word' id='word_1_381' title='bbox 3626 2490 3747 2546; x_wconf 81' lang='grc' dir='ltr'>τοῖς</span> 
     </span>
    </p>
   </div>
   <div class='ocr_carea' id='block_1_56' title="bbox 2094 2575 3747 2650">
    <p class='ocr_par' dir='ltr' id='par_1_56' title="bbox 2094 2575 3747 2650">
     <span class='ocr_line' id='line_1_56' title="bbox 2094 2575 3747 2650; baseline -0.002 -19"><span class='ocrx_word' id='word_1_382' title='bbox 2094 2577 2381 2650; x_wconf 82' lang='grc' dir='ltr'>θαύμασιν,</span> <span class='ocrx_word' id='word_1_383' title='bbox 2410 2576 2496 2631; x_wconf 81' lang='grc' dir='ltr'>ἐπὶ</span> <span class='ocrx_word' id='word_1_384' title='bbox 2523 2578 2586 2631; x_wconf 87' lang='grc' dir='ltr'>τὸ</span> <span class='ocrx_word' id='word_1_385' title='bbox 2614 2583 2715 2646; x_wconf 84' lang='grc' dir='ltr'>τῆς</span> <span class='ocrx_word' id='word_1_386' title='bbox 2747 2575 2997 2637; x_wconf 82' lang='grc' dir='ltr'>ἀπιστίας</span> <span class='ocrx_word' id='word_1_387' title='bbox 3031 2575 3426 2650; x_wconf 85' lang='grc' dir='ltr'>μαχιμώτατον</span> <span class='ocrx_word' id='word_1_388' title='bbox 3479 2576 3615 2647; x_wconf 84' lang='grc'>(36),</span> <span class='ocrx_word' id='word_1_389' title='bbox 3644 2575 3747 2643; x_wconf 67' lang='grc' dir='ltr'>τὴν</span> 
     </span>
    </p>
   </div>
   <div class='ocr_carea' id='block_1_57' title="bbox 2096 2661 3740 2742">
    <p class='ocr_par' dir='ltr' id='par_1_57' title="bbox 2096 2661 3740 2742">
     <span class='ocr_line' id='line_1_57' title="bbox 2096 2661 3740 2742; baseline -0.002 -20"><span class='ocrx_word' id='word_1_390' title='bbox 2096 2663 2324 2742; x_wconf 86' lang='grc' dir='ltr'>Ἀχαίαν</span> <span class='ocrx_word' id='word_1_391' title='bbox 2358 2664 2523 2739; x_wconf 87' lang='grc' dir='ltr'>λέγω,</span> <span class='ocrx_word' id='word_1_392' title='bbox 2576 2663 2950 2721; x_wconf 81' lang='grc' dir='ltr'>έπεστέλλετο.</span> <span class='ocrx_word' id='word_1_393' title='bbox 2980 2665 3146 2729; x_wconf 85' lang='grc' dir='ltr'>Ἔνθα</span> <span class='ocrx_word' id='word_1_394' title='bbox 3194 2661 3260 2732; x_wconf 83' lang='grc' dir='ltr'>δὴ</span> <span class='ocrx_word' id='word_1_395' title='bbox 3288 2662 3536 2725; x_wconf 74' lang='grc' dir='ltr'>πολλοὺς</span> <span class='ocrx_word' id='word_1_396' title='bbox 3577 2664 3740 2739; x_wconf 82' lang='grc' dir='ltr'>οὐρα-</span> 
     </span>
    </p>
   </div>
   <div class='ocr_carea' id='block_1_58' title="bbox 2091 2752 3740 2830">
    <p class='ocr_par' dir='ltr' id='par_1_58' title="bbox 2091 2752 3740 2830">
     <span class='ocr_line' id='line_1_58' title="bbox 2091 2752 3740 2830; baseline -0.001 -22"><span class='ocrx_word' id='word_1_397' title='bbox 2091 2756 2170 2826; x_wconf 85' lang='grc' dir='ltr'>νῷ</span> <span class='ocrx_word' id='word_1_398' title='bbox 2200 2755 2571 2830; x_wconf 75' lang='grc' dir='ltr'>προσγράψας,</span> <span class='ocrx_word' id='word_1_399' title='bbox 2604 2755 2677 2817; x_wconf 68' lang='grc' dir='ltr'>εἷς</span> <span class='ocrx_word' id='word_1_400' title='bbox 2729 2752 2818 2809; x_wconf 77' lang='grc' dir='ltr'>διὰ</span> <span class='ocrx_word' id='word_1_401' title='bbox 2858 2760 2959 2823; x_wconf 85' lang='grc' dir='ltr'>τῆς</span> <span class='ocrx_word' id='word_1_402' title='bbox 3006 2753 3263 2823; x_wconf 84' lang='grc' dir='ltr'>πίστεως,</span> <span class='ocrx_word' id='word_1_403' title='bbox 3307 2757 3520 2825; x_wconf 87' lang='grc' dir='ltr'>σταυρῷ</span> <span class='ocrx_word' id='word_1_404' title='bbox 3566 2773 3740 2828; x_wconf 65' lang='grc' dir='ltr'>παραυ</span> 
     </span>
    </p>
   </div>
   <div class='ocr_carea' id='block_1_59' title="bbox 2095 2838 3740 2919">
    <p class='ocr_par' dir='ltr' id='par_1_59' title="bbox 2095 2838 3740 2919">
     <span class='ocr_line' id='line_1_59' title="bbox 2095 2838 3740 2919; baseline -0.002 -21"><span class='ocrx_word' id='word_1_405' title='bbox 2095 2841 2323 2899; x_wconf 76' lang='grc' dir='ltr'>δίδοταιο</span> <span class='ocrx_word' id='word_1_406' title='bbox 2373 2844 2463 2898; x_wconf 78' lang='grc' dir='ltr'><strong>καὶ</strong></span> <span class='ocrx_word' id='word_1_407' title='bbox 2512 2844 2701 2919; x_wconf 79' lang='grc' dir='ltr'>τρόπῳ</span> <span class='ocrx_word' id='word_1_408' title='bbox 2736 2850 2837 2913; x_wconf 86' lang='grc' dir='ltr'>τῆς</span> <span class='ocrx_word' id='word_1_409' title='bbox 2886 2842 3144 2912; x_wconf 82' lang='grc' dir='ltr'>τελευτῆς</span> <span class='ocrx_word' id='word_1_410' title='bbox 3193 2843 3283 2896; x_wconf 83' lang='grc' dir='ltr'>τὸν</span> <span class='ocrx_word' id='word_1_411' title='bbox 3337 2838 3613 2911; x_wconf 83' lang='grc' dir='ltr'>Δεσπότην</span> <span class='ocrx_word' id='word_1_412' title='bbox 3649 2863 3740 2915; x_wconf 74' lang='grc' dir='ltr'>μισ</span> 
     </span>
    </p>
   </div>
   <div class='ocr_carea' id='block_1_60' title="bbox 2097 2928 3741 3006">
    <p class='ocr_par' dir='ltr' id='par_1_60' title="bbox 2097 2928 3741 3006">
     <span class='ocr_line' id='line_1_60' title="bbox 2097 2928 3741 3006; baseline -0.001 -19"><span class='ocrx_word' id='word_1_413' title='bbox 2097 2932 2388 3006; x_wconf 87' lang='grc' dir='ltr'>μούμενος,</span> <span class='ocrx_word' id='word_1_414' title='bbox 2414 2931 2506 2987; x_wconf 69' lang='grc' dir='ltr'>’ίνα</span> <span class='ocrx_word' id='word_1_415' title='bbox 2633 2931 2889 3004; x_wconf 78' lang='grc' dir='ltr'>κοινωνίᾳ</span> <span class='ocrx_word' id='word_1_416' title='bbox 2913 2935 3011 2987; x_wconf 76' lang='grc' dir='ltr'><strong>τοῦ</strong></span> <span class='ocrx_word' id='word_1_417' title='bbox 3028 2933 3232 2996; x_wconf 87' lang='grc' dir='ltr'>πάθους</span> <span class='ocrx_word' id='word_1_418' title='bbox 3266 2928 3409 3005; x_wconf 77' lang='grc' dir='ltr'>δείξῃ</span> <span class='ocrx_word' id='word_1_419' title='bbox 3435 2934 3539 2985; x_wconf 78' lang='grc' dir='ltr'>τοῦ</span> <span class='ocrx_word' id='word_1_420' title='bbox 3570 2930 3741 2986; x_wconf 85' lang='grc' dir='ltr'>πόθου</span> 
     </span>
    </p>
   </div>
   <div class='ocr_carea' id='block_1_61' title="bbox 2090 3018 3739 3097">
    <p class='ocr_par' dir='ltr' id='par_1_61' title="bbox 2090 3018 3739 3097">
     <span class='ocr_line' id='line_1_61' title="bbox 2090 3018 3739 3097; baseline -0.001 -22"><span class='ocrx_word' id='word_1_421' title='bbox 2090 3021 2153 3076; x_wconf 88' lang='grc' dir='ltr'>τὸ</span> <span class='ocrx_word' id='word_1_422' title='bbox 2190 3020 2432 3096; x_wconf 83' lang='grc' dir='ltr'>μέγεθος.</span> <span class='ocrx_word' id='word_1_423' title='bbox 2466 3023 2704 3097; x_wconf 82' lang='grc' dir='ltr'>Σταυρὸς</span> <span class='ocrx_word' id='word_1_424' title='bbox 2756 3021 2847 3076; x_wconf 79' lang='grc' dir='ltr'><strong>οὖν</strong></span> <span class='ocrx_word' id='word_1_425' title='bbox 2879 3021 2965 3076; x_wconf 77' lang='grc' dir='ltr'><strong>ἐπὶ</strong></span> <span class='ocrx_word' id='word_1_426' title='bbox 3018 3022 3154 3097; x_wconf 76' lang='grc' dir='ltr'>μέσῃ</span> <span class='ocrx_word' id='word_1_427' title='bbox 3204 3018 3471 3081; x_wconf 82' lang='grc' dir='ltr'>Ἑλλάδος</span> <span class='ocrx_word' id='word_1_428' title='bbox 3504 3018 3739 3096; x_wconf 74' lang='grc' dir='ltr'>ἐπήγνυ-</span> 
     </span>
    </p>
   </div>
   <div class='ocr_carea' id='block_1_62' title="bbox 2090 3108 3745 3187">
    <p class='ocr_par' dir='ltr' id='par_1_62' title="bbox 2090 3108 3745 3187">
     <span class='ocr_line' id='line_1_62' title="bbox 2090 3108 3745 3187; baseline -0.001 -22"><span class='ocrx_word' id='word_1_429' title='bbox 2090 3131 2175 3183; x_wconf 89' lang='grc' dir='ltr'><strong>το,</strong></span> <span class='ocrx_word' id='word_1_430' title='bbox 2208 3110 2297 3165; x_wconf 83' lang='grc' dir='ltr'>καί</span> <span class='ocrx_word' id='word_1_431' title='bbox 2352 3109 2607 3187; x_wconf 79' lang='grc' dir='ltr'>Ἀνδρέας</span> <span class='ocrx_word' id='word_1_432' title='bbox 2660 3111 2943 3187; x_wconf 84' lang='grc' dir='ltr'>ἐκρεμᾶτο,</span> <span class='ocrx_word' id='word_1_433' title='bbox 2995 3114 3210 3183; x_wconf 84' lang='grc' dir='ltr'>σταυρῷ</span> <span class='ocrx_word' id='word_1_434' title='bbox 3238 3110 3331 3165; x_wconf 85' lang='grc' dir='ltr'><strong>τὸν</strong></span> <span class='ocrx_word' id='word_1_435' title='bbox 3363 3108 3745 3185; x_wconf 79' lang='grc' dir='ltr'>σταυρωθέντα</span> 
     </span>
    </p>
   </div>
   <div class='ocr_carea' id='block_1_63' title="bbox 2093 3198 3741 3274">
    <p class='ocr_par' dir='ltr' id='par_1_63' title="bbox 2093 3198 3741 3274">
     <span class='ocr_line' id='line_1_63' title="bbox 2093 3198 3741 3274; baseline -0.001 -20"><span class='ocrx_word' id='word_1_436' title='bbox 2093 3199 2399 3274; x_wconf 74' lang='grc' dir='ltr'>κηρύσσων,</span> <span class='ocrx_word' id='word_1_437' title='bbox 2432 3200 2520 3254; x_wconf 86' lang='grc' dir='ltr'><strong>καὶ</strong></span> <span class='ocrx_word' id='word_1_438' title='bbox 2569 3206 2687 3262; x_wconf 84' lang='grc' dir='ltr'>τοῖς</span> <span class='ocrx_word' id='word_1_439' title='bbox 2736 3198 2898 3269; x_wconf 69' lang='grc' dir='ltr'>ἥλοις</span> <span class='ocrx_word' id='word_1_440' title='bbox 2946 3201 3073 3261; x_wconf 78' lang='grc' dir='ltr'>τοὺς</span> <span class='ocrx_word' id='word_1_441' title='bbox 3127 3198 3302 3269; x_wconf 67' lang='grc' dir='ltr'>ἥλους</span> <span class='ocrx_word' id='word_1_442' title='bbox 3350 3199 3741 3271; x_wconf 86' lang='grc' dir='ltr'>πιστούμενος,</span> 
     </span>
    </p>
   </div>
   <div class='ocr_carea' id='block_1_64' title="bbox 330 3274 1980 3366">
    <p class='ocr_par' dir='ltr' id='par_1_64' title="bbox 330 3285 1980 3359">
     <span class='ocr_line' id='line_1_64' title="bbox 330 3285 1980 3359; baseline 0.004 -18"><span class='ocrx_word' id='word_1_443' title='bbox 330 3285 709 3354; x_wconf 80' lang='lat' dir='ltr'><strong>confirmans,</strong></span> <span class='ocrx_word' id='word_1_444' title='bbox 762 3288 1034 3357; x_wconf 88' lang='lat' dir='ltr'><strong>passione</strong></span> <span class='ocrx_word' id='word_1_445' title='bbox 1093 3288 1428 3359; x_wconf 85' lang='lat' dir='ltr'><strong>passionem</strong></span> <span class='ocrx_word' id='word_1_446' title='bbox 1478 3290 1819 3347; x_wconf 80' lang='lat' dir='ltr'><strong>testiﬁcans.</strong></span> <span class='ocrx_word' id='word_1_447' title='bbox 1863 3296 1980 3348; x_wconf 85' lang='lat' dir='ltr'><strong>Hoc</strong></span> 
     </span>
    </p>
   </div>
   <div class='ocr_carea' id='block_1_65' title="bbox 2092 3274 3744 3366">
    <p class='ocr_par' dir='ltr' id='par_1_65' title="bbox 2092 3287 3744 3366">
     <span class='ocr_line' id='line_1_65' title="bbox 2092 3287 3744 3366; baseline -0.001 -21"><span class='ocrx_word' id='word_1_448' title='bbox 2092 3291 2179 3345; x_wconf 82' lang='grc' dir='ltr'><strong>καὶ</strong></span> <span class='ocrx_word' id='word_1_449' title='bbox 2232 3296 2310 3363; x_wconf 81' lang='grc' dir='ltr'>τῷ</span> <span class='ocrx_word' id='word_1_450' title='bbox 2365 3291 2521 3355; x_wconf 87' lang='grc' dir='ltr'>πάθει</span> <span class='ocrx_word' id='word_1_451' title='bbox 2577 3292 2640 3346; x_wconf 88' lang='grc' dir='ltr'>τὸ</span> <span class='ocrx_word' id='word_1_452' title='bbox 2694 3292 2863 3353; x_wconf 87' lang='grc' dir='ltr'>παθος</span> <span class='ocrx_word' id='word_1_453' title='bbox 2923 3290 3386 3366; x_wconf 88' lang='grc' dir='ltr'>μαρτυρούμενος.</span> <span class='ocrx_word' id='word_1_454' title='bbox 3447 3290 3623 3364; x_wconf 85' lang='grc' dir='ltr'>Πέρας</span> <span class='ocrx_word' id='word_1_455' title='bbox 3686 3287 3744 3344; x_wconf 74' lang='grc' dir='ltr'>δὲ</span> 
     </span>
    </p>
   </div>
   <div class='ocr_carea' id='block_1_66' title="bbox 329 3374 1979 3450">
    <p class='ocr_par' dir='ltr' id='par_1_66' title="bbox 329 3374 1979 3450">
     <span class='ocr_line' id='line_1_66' title="bbox 329 3374 1979 3450; baseline 0.004 -20"><span class='ocrx_word' id='word_1_456' title='bbox 329 3378 524 3430; x_wconf 89' lang='lat' dir='ltr'><strong>autem</strong></span> <span class='ocrx_word' id='word_1_457' title='bbox 558 3374 792 3430; x_wconf 87' lang='lat' dir='ltr'><strong>invento</strong></span> <span class='ocrx_word' id='word_1_458' title='bbox 826 3375 1089 3431; x_wconf 90' lang='lat' dir='ltr'><strong>mortalis</strong></span> <span class='ocrx_word' id='word_1_459' title='bbox 1129 3376 1258 3431; x_wconf 68' lang='lat' dir='ltr'><strong>vita:</strong></span> <span class='ocrx_word' id='word_1_460' title='bbox 1303 3394 1420 3433; x_wconf 72' lang='lat' dir='ltr'><strong>sua:</strong></span> <span class='ocrx_word' id='word_1_461' title='bbox 1468 3380 1741 3450; x_wconf 88' lang='lat' dir='ltr'><strong>termino,</strong></span> <span class='ocrx_word' id='word_1_462' title='bbox 1774 3398 1979 3436; x_wconf 88' lang='lat' dir='ltr'><strong>secun-</strong></span> 
     </span>
    </p>
   </div>
   <div class='ocr_carea' id='block_1_67' title="bbox 326 3461 1978 3530">
    <p class='ocr_par' dir='ltr' id='par_1_67' title="bbox 326 3461 1978 3530">
     <span class='ocr_line' id='line_1_67' title="bbox 326 3461 1978 3530; baseline 0.005 -12"><span class='ocrx_word' id='word_1_463' title='bbox 326 3462 468 3518; x_wconf 90' lang='lat' dir='ltr'><strong>dum</strong></span> <span class='ocrx_word' id='word_1_464' title='bbox 499 3461 968 3517; x_wconf 87' lang='lat' dir='ltr'><strong>immortalitatis</strong></span> <span class='ocrx_word' id='word_1_465' title='bbox 999 3463 1258 3530; x_wconf 86' lang='lat' dir='ltr'><strong>initium,</strong></span> <span class='ocrx_word' id='word_1_466' title='bbox 1292 3471 1538 3521; x_wconf 90' lang='lat' dir='ltr'><strong>mortem</strong></span> <span class='ocrx_word' id='word_1_467' title='bbox 1569 3467 1792 3524; x_wconf 87' lang='lat' dir='ltr'><strong>scilicet</strong></span> <span class='ocrx_word' id='word_1_468' title='bbox 1823 3474 1978 3526; x_wconf 87' lang='lat' dir='ltr'><strong>inve-</strong></span> 
     </span>
    </p>
   </div>
   <div class='ocr_carea' id='block_1_68' title="bbox 324 3551 1977 3623">
    <p class='ocr_par' dir='ltr' id='par_1_68' title="bbox 324 3551 1977 3623">
     <span class='ocr_line' id='line_1_68' title="bbox 324 3551 1977 3623; baseline 0.004 -16"><span class='ocrx_word' id='word_1_469' title='bbox 324 3551 411 3607; x_wconf 90' lang='lat' dir='ltr'><strong>nit</strong></span> <span class='ocrx_word' id='word_1_470' title='bbox 443 3566 456 3604; x_wconf 92' lang='lat'><strong>:</strong></span> <span class='ocrx_word' id='word_1_471' title='bbox 494 3555 671 3623; x_wconf 89' lang='lat' dir='ltr'><strong>atque</strong></span> <span class='ocrx_word' id='word_1_472' title='bbox 716 3566 818 3622; x_wconf 91' lang='lat' dir='ltr'><strong>per</strong></span> <span class='ocrx_word' id='word_1_473' title='bbox 850 3551 1181 3622; x_wconf 89' lang='lat' dir='ltr'><strong>passionem</strong></span> <span class='ocrx_word' id='word_1_474' title='bbox 1233 3569 1403 3608; x_wconf 90' lang='lat' dir='ltr'><strong>suam</strong></span> <span class='ocrx_word' id='word_1_475' title='bbox 1453 3554 1837 3612; x_wconf 83' lang='lat' dir='ltr'><strong>efﬂoaciorem</strong></span> <span class='ocrx_word' id='word_1_476' title='bbox 1871 3559 1977 3613; x_wconf 91' lang='lat' dir='ltr'><strong>do-</strong></span> 
     </span>
    </p>
   </div>
   <div class='ocr_carea' id='block_1_69' title="bbox 320 3637 1977 3713">
    <p class='ocr_par' dir='ltr' id='par_1_69' title="bbox 320 3637 1977 3713">
     <span class='ocr_line' id='line_1_69' title="bbox 320 3637 1977 3713; baseline 0.005 -19"><span class='ocrx_word' id='word_1_477' title='bbox 320 3638 521 3694; x_wconf 64' lang='lat' dir='ltr'><strong>ctrinas</strong></span> <span class='ocrx_word' id='word_1_478' title='bbox 554 3655 674 3694; x_wconf 69' lang='lat' dir='ltr'><strong>suis</strong></span> <span class='ocrx_word' id='word_1_479' title='bbox 705 3637 978 3694; x_wconf 90' lang='lat' dir='ltr'><strong>virtutem</strong></span> <span class='ocrx_word' id='word_1_480' title='bbox 1013 3638 1297 3696; x_wconf 86' lang='lat' dir='ltr'><strong>exhibuit.</strong></span> <span class='ocrx_word' id='word_1_481' title='bbox 1325 3640 1470 3696; x_wconf 89' lang='lat' dir='ltr'><strong>Nam</strong></span> <span class='ocrx_word' id='word_1_482' title='bbox 1505 3643 1725 3713; x_wconf 89' lang='lat' dir='ltr'><strong>quibus</strong></span> <span class='ocrx_word' id='word_1_483' title='bbox 1754 3647 1977 3702; x_wconf 89' lang='lat' dir='ltr'><strong>concio-</strong></span> 
     </span>
    </p>
   </div>
   <div class='ocr_carea' id='block_1_70' title="bbox 320 3728 1977 3805">
    <p class='ocr_par' dir='ltr' id='par_1_70' title="bbox 320 3728 1977 3805">
     <span class='ocr_line' id='line_1_70' title="bbox 320 3728 1977 3805; baseline 0.004 -22"><span class='ocrx_word' id='word_1_484' title='bbox 320 3728 515 3783; x_wconf 89' lang='lat' dir='ltr'><strong>nando</strong></span> <span class='ocrx_word' id='word_1_485' title='bbox 539 3728 837 3784; x_wconf 88' lang='lat' dir='ltr'><strong>veritatem</strong></span> <span class='ocrx_word' id='word_1_486' title='bbox 873 3744 988 3783; x_wconf 93' lang='lat' dir='ltr'><strong>non</strong></span> <span class='ocrx_word' id='word_1_487' title='bbox 1023 3729 1335 3800; x_wconf 88' lang='lat' dir='ltr'><strong>persuasit,</strong></span> <span class='ocrx_word' id='word_1_488' title='bbox 1361 3730 1469 3787; x_wconf 91' lang='lat' dir='ltr'><strong>hos</strong></span> <span class='ocrx_word' id='word_1_489' title='bbox 1498 3731 1727 3789; x_wconf 87' lang='lat' dir='ltr'><strong>occisus</strong></span> <span class='ocrx_word' id='word_1_490' title='bbox 1756 3735 1977 3805; x_wconf 86' lang='lat' dir='ltr'><strong>pudore</strong></span> 
     </span>
    </p>
   </div>
   <div class='ocr_carea' id='block_1_71' title="bbox 322 3815 1978 3893">
    <p class='ocr_par' dir='ltr' id='par_1_71' title="bbox 322 3815 1978 3893">
     <span class='ocr_line' id='line_1_71' title="bbox 322 3815 1978 3893; baseline 0.004 -22"><span class='ocrx_word' id='word_1_491' title='bbox 322 3818 559 3872; x_wconf 78' lang='lat' dir='ltr'><strong>aﬂ‘ectos</strong></span> <span class='ocrx_word' id='word_1_492' title='bbox 588 3815 874 3872; x_wconf 89' lang='lat' dir='ltr'><strong>convertit</strong></span> <span class='ocrx_word' id='word_1_493' title='bbox 908 3834 920 3872; x_wconf 92' lang='lat'>:</span> <span class='ocrx_word' id='word_1_494' title='bbox 965 3833 1114 3888; x_wconf 90' lang='lat' dir='ltr'><strong>quos</strong></span> <span class='ocrx_word' id='word_1_495' title='bbox 1153 3834 1423 3874; x_wconf 91' lang='lat' dir='ltr'><strong>sermone</strong></span> <span class='ocrx_word' id='word_1_496' title='bbox 1463 3835 1578 3875; x_wconf 93' lang='lat' dir='ltr'><strong>non</strong></span> <span class='ocrx_word' id='word_1_497' title='bbox 1621 3822 1816 3889; x_wconf 86' lang='lat' dir='ltr'><strong>traxit,</strong></span> <span class='ocrx_word' id='word_1_498' title='bbox 1848 3841 1978 3893; x_wconf 85' lang='lat' dir='ltr'><strong>pas-</strong></span> 
     </span>
    </p>
   </div>
   <div class='ocr_carea' id='block_1_72' title="bbox 321 3904 1977 3978">
    <p class='ocr_par' dir='ltr' id='par_1_72' title="bbox 321 3904 1977 3978">
     <span class='ocr_line' id='line_1_72' title="bbox 321 3904 1977 3978; baseline 0.004 -17"><span class='ocrx_word' id='word_1_499' title='bbox 321 3906 483 3962; x_wconf 91' lang='lat' dir='ltr'><strong>sione</strong></span> <span class='ocrx_word' id='word_1_500' title='bbox 512 3905 682 3977; x_wconf 91' lang='lat' dir='ltr'><strong>quasi</strong></span> <span class='ocrx_word' id='word_1_501' title='bbox 704 3921 923 3978; x_wconf 89' lang='lat' dir='ltr'><strong>sagena</strong></span> <span class='ocrx_word' id='word_1_502' title='bbox 943 3906 1114 3977; x_wconf 90' lang='lat' dir='ltr'><strong>cepit.</strong></span> <span class='ocrx_word' id='word_1_503' title='bbox 1141 3904 1377 3963; x_wconf 82' lang='lat' dir='ltr'><strong>Divisus</strong></span> <span class='ocrx_word' id='word_1_504' title='bbox 1405 3907 1563 3963; x_wconf 90' lang='lat' dir='ltr'><strong>enim</strong></span> <span class='ocrx_word' id='word_1_505' title='bbox 1591 3908 1650 3965; x_wconf 90' lang='lat' dir='ltr'><strong>in</strong></span> <span class='ocrx_word' id='word_1_506' title='bbox 1674 3910 1816 3967; x_wconf 75' lang='lat' dir='ltr'><strong>coelo</strong></span> <span class='ocrx_word' id='word_1_507' title='bbox 1840 3917 1896 3967; x_wconf 90' lang='lat' dir='ltr'><strong>et</strong></span> <span class='ocrx_word' id='word_1_508' title='bbox 1917 3913 1977 3968; x_wconf 91' lang='lat' dir='ltr'><strong>in</strong></span> 
     </span>
    </p>
   </div>
   <div class='ocr_carea' id='block_1_73' title="bbox 320 3993 1973 4071">
    <p class='ocr_par' dir='ltr' id='par_1_73' title="bbox 320 3993 1973 4071">
     <span class='ocr_line' id='line_1_73' title="bbox 320 3993 1973 4071; baseline 0.004 -21"><span class='ocrx_word' id='word_1_509' title='bbox 320 3999 477 4051; x_wconf 89' lang='lat' dir='ltr'><strong>terra</strong></span> <span class='ocrx_word' id='word_1_510' title='bbox 507 3993 747 4066; x_wconf 90' lang='lat' dir='ltr'><strong>inspicit</strong></span> <span class='ocrx_word' id='word_1_511' title='bbox 778 3994 1083 4051; x_wconf 88' lang='lat' dir='ltr'><strong>hominum</strong></span> <span class='ocrx_word' id='word_1_512' title='bbox 1114 4011 1349 4069; x_wconf 81' lang='lat' dir='ltr'><strong>greges;</strong></span> <span class='ocrx_word' id='word_1_513' title='bbox 1376 4013 1616 4069; x_wconf 91' lang='lat' dir='ltr'><strong>corpore</strong></span> <span class='ocrx_word' id='word_1_514' title='bbox 1647 4000 1882 4071; x_wconf 91' lang='lat' dir='ltr'><strong>quidem</strong></span> <span class='ocrx_word' id='word_1_515' title='bbox 1914 4002 1973 4057; x_wconf 91' lang='lat' dir='ltr'><strong>in</strong></span> 
     </span>
    </p>
   </div>
   <div class='ocr_carea' id='block_1_74' title="bbox 318 4082 1975 4153">
    <p class='ocr_par' dir='ltr' id='par_1_74' title="bbox 318 4082 1975 4153">
     <span class='ocr_line' id='line_1_74' title="bbox 318 4082 1975 4153; baseline 0.006 -16"><span class='ocrx_word' id='word_1_516' title='bbox 318 4087 476 4138; x_wconf 87' lang='lat' dir='ltr'><strong>terra</strong></span> <span class='ocrx_word' id='word_1_517' title='bbox 494 4082 958 4153; x_wconf 89' lang='lat' dir='ltr'><strong>positus,anima</strong></span> <span class='ocrx_word' id='word_1_518' title='bbox 978 4099 1109 4139; x_wconf 91' lang='lat' dir='ltr'><strong>vero</strong></span> <span class='ocrx_word' id='word_1_519' title='bbox 1134 4084 1344 4140; x_wconf 68' lang='lat' dir='ltr'><strong>coelum</strong></span> <span class='ocrx_word' id='word_1_520' title='bbox 1369 4090 1575 4143; x_wconf 90' lang='lat' dir='ltr'><strong>nactus</strong></span> <span class='ocrx_word' id='word_1_521' title='bbox 1606 4104 1618 4143; x_wconf 71' lang='grc' dir='ltr'>ξ</span> <span class='ocrx_word' id='word_1_522' title='bbox 1643 4090 1975 4149; x_wconf 87' lang='lat' dir='ltr'><strong>curationes</strong></span> 
     </span>
    </p>
   </div>
   <div class='ocr_carea' id='block_1_75' title="bbox 320 4170 1973 4252">
    <p class='ocr_par' dir='ltr' id='par_1_75' title="bbox 320 4170 1973 4252">
     <span class='ocr_line' id='line_1_75' title="bbox 320 4170 1973 4252; baseline 0.006 -25"><span class='ocrx_word' id='word_1_523' title='bbox 320 4176 517 4227; x_wconf 86' lang='lat' dir='ltr'><strong>autem</strong></span> <span class='ocrx_word' id='word_1_524' title='bbox 550 4187 617 4226; x_wconf 85' lang='lat' dir='ltr'><strong>ac</strong></span> <span class='ocrx_word' id='word_1_525' title='bbox 648 4170 933 4227; x_wconf 85' lang='lat' dir='ltr'><strong>miracula</strong></span> <span class='ocrx_word' id='word_1_526' title='bbox 982 4173 1040 4227; x_wconf 92' lang='lat' dir='ltr'><strong>in</strong></span> <span class='ocrx_word' id='word_1_527' title='bbox 1086 4179 1451 4230; x_wconf 85' lang='lat' dir='ltr'><strong>terrenorum</strong></span> <span class='ocrx_word' id='word_1_528' title='bbox 1483 4175 1792 4234; x_wconf 88' lang='lat' dir='ltr'><strong>hominum</strong></span> <span class='ocrx_word' id='word_1_529' title='bbox 1841 4196 1973 4252; x_wconf 88' lang='lat' dir='ltr'><strong>gra-</strong></span> 
     </span>
    </p>
   </div>
   <div class='ocr_carea' id='block_1_76' title="bbox 318 4259 1974 4340">
    <p class='ocr_par' dir='ltr' id='par_1_76' title="bbox 318 4259 1974 4340">
     <span class='ocr_line' id='line_1_76' title="bbox 318 4259 1974 4340; baseline 0.007 -26"><span class='ocrx_word' id='word_1_530' title='bbox 318 4260 461 4315; x_wconf 89' lang='lat' dir='ltr'><strong>tiam</strong></span> <span class='ocrx_word' id='word_1_531' title='bbox 495 4259 634 4314; x_wconf 90' lang='lat' dir='ltr'><strong>edit.</strong></span> <span class='ocrx_word' id='word_1_532' title='bbox 664 4260 743 4314; x_wconf 85' lang='lat' dir='ltr'><strong>Ex</strong></span> <span class='ocrx_word' id='word_1_533' title='bbox 773 4276 843 4315; x_wconf 91' lang='lat' dir='ltr'><strong>ea</strong></span> <span class='ocrx_word' id='word_1_534' title='bbox 872 4277 1044 4331; x_wconf 90' lang='lat' dir='ltr'><strong>porro</strong></span> <span class='ocrx_word' id='word_1_535' title='bbox 1075 4262 1438 4333; x_wconf 86' lang='lat' dir='ltr'><strong>agricultura</strong></span> <span class='ocrx_word' id='word_1_536' title='bbox 1465 4273 1781 4337; x_wconf 67' lang='lat' dir='ltr'><strong>prmeentes</strong></span> <span class='ocrx_word' id='word_1_537' title='bbox 1804 4269 1974 4340; x_wconf 72' lang='lat' dir='ltr'><strong>spicas</strong></span> 
     </span>
    </p>
   </div>
   <div class='ocr_carea' id='block_1_77' title="bbox 315 4346 1970 4420">
    <p class='ocr_par' dir='ltr' id='par_1_77' title="bbox 315 4346 1970 4420">
     <span class='ocr_line' id='line_1_77' title="bbox 315 4346 1970 4420; baseline 0.007 -17"><span class='ocrx_word' id='word_1_538' title='bbox 315 4346 686 4420; x_wconf 90' lang='lat' dir='ltr'><strong>pullularunt</strong></span> <span class='ocrx_word' id='word_1_539' title='bbox 719 4364 731 4403; x_wconf 91' lang='lat'>:</span> <span class='ocrx_word' id='word_1_540' title='bbox 766 4365 836 4404; x_wconf 84' lang='lat' dir='ltr'><strong>ex</strong></span> <span class='ocrx_word' id='word_1_541' title='bbox 879 4352 1008 4419; x_wconf 80' lang='lat' dir='ltr'><strong>ejus</strong></span> <span class='ocrx_word' id='word_1_542' title='bbox 1039 4350 1306 4408; x_wconf 90' lang='lat' dir='ltr'><strong>doctrina</strong></span> <span class='ocrx_word' id='word_1_543' title='bbox 1351 4354 1485 4410; x_wconf 83' lang='lat' dir='ltr'><strong>fidei</strong></span> <span class='ocrx_word' id='word_1_544' title='bbox 1517 4353 1768 4413; x_wconf 86' lang='lat' dir='ltr'><strong>ﬂoruere</strong></span> <span class='ocrx_word' id='word_1_545' title='bbox 1798 4360 1970 4414; x_wconf 92' lang='lat' dir='ltr'><strong>botri.</strong></span> 
     </span>
    </p>
   </div>
   <div class='ocr_carea' id='block_1_78' title="bbox 317 4435 1975 4517">
    <p class='ocr_par' dir='ltr' id='par_1_78' title="bbox 317 4435 1975 4517">
     <span class='ocr_line' id='line_1_78' title="bbox 317 4435 1975 4517; baseline 0.008 -27"><span class='ocrx_word' id='word_1_546' title='bbox 317 4436 549 4508; x_wconf 89' lang='lat' dir='ltr'><strong>Vosque</strong></span> <span class='ocrx_word' id='word_1_547' title='bbox 583 4435 818 4509; x_wconf 89' lang='lat' dir='ltr'><strong>pietatis</strong></span> <span class='ocrx_word' id='word_1_548' title='bbox 840 4437 1104 4494; x_wconf 89' lang='lat' dir='ltr'><strong>doctores</strong></span> <span class='ocrx_word' id='word_1_549' title='bbox 1129 4441 1509 4498; x_wconf 87' lang='lat' dir='ltr'><strong>occurristis:</strong></span> <span class='ocrx_word' id='word_1_550' title='bbox 1540 4445 1639 4515; x_wconf 91' lang='lat' dir='ltr'><strong>qui</strong></span> <span class='ocrx_word' id='word_1_551' title='bbox 1672 4448 1835 4517; x_wconf 86' lang='lat' dir='ltr'><strong>regni</strong></span> <span class='ocrx_word' id='word_1_552' title='bbox 1866 4464 1975 4504; x_wconf 69' lang='lat' dir='ltr'><strong>coa-</strong></span> 
     </span>
    </p>
   </div>
   <div class='ocr_carea' id='block_1_79' title="bbox 314 4523 1969 4603">
    <p class='ocr_par' dir='ltr' id='par_1_79' title="bbox 314 4523 1969 4603">
     <span class='ocr_line' id='line_1_79' title="bbox 314 4523 1969 4603; baseline 0.008 -24"><span class='ocrx_word' id='word_1_553' title='bbox 314 4523 507 4581; x_wconf 91' lang='lat' dir='ltr'><strong>lorum</strong></span> <span class='ocrx_word' id='word_1_554' title='bbox 541 4526 935 4598; x_wconf 87' lang='lat' dir='ltr'><strong>negotiatores</strong></span> <span class='ocrx_word' id='word_1_555' title='bbox 981 4527 1145 4597; x_wconf 87' lang='lat' dir='ltr'><strong>estis,</strong></span> <span class='ocrx_word' id='word_1_556' title='bbox 1178 4530 1248 4584; x_wconf 86' lang='lat' dir='ltr'><strong>ad</strong></span> <span class='ocrx_word' id='word_1_557' title='bbox 1290 4546 1425 4587; x_wconf 88' lang='lat' dir='ltr'><strong>eum</strong></span> <span class='ocrx_word' id='word_1_558' title='bbox 1455 4533 1555 4603; x_wconf 90' lang='lat' dir='ltr'><strong>qui</strong></span> <span class='ocrx_word' id='word_1_559' title='bbox 1585 4532 1642 4587; x_wconf 88' lang='lat' dir='ltr'><strong>in</strong></span> <span class='ocrx_word' id='word_1_560' title='bbox 1674 4534 1834 4590; x_wconf 79' lang='lat' dir='ltr'><strong>costis</strong></span> <span class='ocrx_word' id='word_1_561' title='bbox 1868 4538 1969 4592; x_wconf 88' lang='lat' dir='ltr'><strong>ad-</strong></span> 
     </span>
    </p>
   </div>
   <div class='ocr_carea' id='block_1_80' title="bbox 2087 3376 3743 3455">
    <p class='ocr_par' dir='ltr' id='par_1_80' title="bbox 2087 3376 3743 3455">
     <span class='ocr_line' id='line_1_80' title="bbox 2087 3376 3743 3455; baseline -0.001 -22"><span class='ocrx_word' id='word_1_562' title='bbox 2087 3384 2249 3435; x_wconf 78' lang='grc' dir='ltr'><strong>τοῦτο</strong></span> <span class='ocrx_word' id='word_1_563' title='bbox 2301 3386 2400 3449; x_wconf 81' lang='grc' dir='ltr'>τῆς</span> <span class='ocrx_word' id='word_1_564' title='bbox 2452 3382 2652 3450; x_wconf 84' lang='grc' dir='ltr'>θνητῆς</span> <span class='ocrx_word' id='word_1_565' title='bbox 2702 3385 2848 3450; x_wconf 85' lang='grc' dir='ltr'>ζωῆς</span> <span class='ocrx_word' id='word_1_566' title='bbox 2907 3378 3224 3455; x_wconf 79' lang='grc' dir='ltr'>εὐράμενος,</span> <span class='ocrx_word' id='word_1_567' title='bbox 3259 3376 3506 3453; x_wconf 83' lang='grc' dir='ltr'>δευτέραν</span> <span class='ocrx_word' id='word_1_568' title='bbox 3554 3377 3743 3454; x_wconf 68' lang='grc' dir='ltr'>ἀρχήν</span> 
     </span>
    </p>
   </div>
   <div class='ocr_carea' id='block_1_81' title="bbox 2088 3466 3744 3543">
    <p class='ocr_par' dir='ltr' id='par_1_81' title="bbox 2088 3466 3744 3543">
     <span class='ocr_line' id='line_1_81' title="bbox 2088 3466 3744 3543; baseline -0.003 -19"><span class='ocrx_word' id='word_1_569' title='bbox 2088 3468 2373 3530; x_wconf 82' lang='grc' dir='ltr'>ἀθανασίας</span> <span class='ocrx_word' id='word_1_570' title='bbox 2446 3470 2537 3523; x_wconf 87' lang='grc' dir='ltr'>τὸν</span> <span class='ocrx_word' id='word_1_571' title='bbox 2611 3469 2838 3523; x_wconf 85' lang='grc' dir='ltr'>θάνατον</span> <span class='ocrx_word' id='word_1_572' title='bbox 2914 3467 3105 3543; x_wconf 77' lang='grc' dir='ltr'>εὕρατο</span> <span class='ocrx_word' id='word_1_573' title='bbox 3139 3513 3152 3539; x_wconf 89' lang='grc'><strong>,</strong></span> <span class='ocrx_word' id='word_1_574' title='bbox 3214 3466 3586 3543; x_wconf 71' lang='grc' dir='ltr'>ἆνεργεστέραν</span> <span class='ocrx_word' id='word_1_575' title='bbox 3643 3470 3744 3535; x_wconf 71' lang='grc' dir='ltr'>τῆς</span> 
     </span>
    </p>
   </div>
   <div class='ocr_carea' id='block_1_82' title="bbox 2089 3550 3741 3627">
    <p class='ocr_par' dir='ltr' id='par_1_82' title="bbox 2089 3550 3741 3627">
     <span class='ocr_line' id='line_1_82' title="bbox 2089 3550 3741 3627; baseline -0.003 -16"><span class='ocrx_word' id='word_1_576' title='bbox 2089 3554 2440 3618; x_wconf 84' lang='grc' dir='ltr'>διδασκαλίας</span> <span class='ocrx_word' id='word_1_577' title='bbox 2475 3554 2564 3611; x_wconf 73' lang='grc' dir='ltr'>διὰ</span> <span class='ocrx_word' id='word_1_578' title='bbox 2591 3560 2688 3610; x_wconf 84' lang='grc' dir='ltr'>τοῦ</span> <span class='ocrx_word' id='word_1_579' title='bbox 2733 3557 2937 3619; x_wconf 83' lang='grc' dir='ltr'>πάθους</span> <span class='ocrx_word' id='word_1_580' title='bbox 2988 3556 3086 3624; x_wconf 80' lang='grc' dir='ltr'>τήν</span> <span class='ocrx_word' id='word_1_581' title='bbox 3140 3552 3361 3627; x_wconf 88' lang='grc' dir='ltr'>δύναμιν</span> <span class='ocrx_word' id='word_1_582' title='bbox 3397 3550 3741 3627; x_wconf 76' lang='grc' dir='ltr'>ἐνδεικνύμε-</span> 
     </span>
    </p>
   </div>
   <div class='ocr_carea' id='block_1_83' title="bbox 2085 3643 3738 3723">
    <p class='ocr_par' dir='ltr' id='par_1_83' title="bbox 2085 3643 3738 3723">
     <span class='ocr_line' id='line_1_83' title="bbox 2085 3643 3738 3723; baseline -0.002 -22"><span class='ocrx_word' id='word_1_583' title='bbox 2085 3668 2175 3710; x_wconf 92' lang='grc' dir='ltr'><strong>νος</strong></span> <span class='ocrx_word' id='word_1_584' title='bbox 2206 3692 2217 3705; x_wconf 96' lang='grc'><strong>.</strong></span> <span class='ocrx_word' id='word_1_585' title='bbox 2253 3647 2359 3709; x_wconf 74' lang='grc' dir='ltr'>Οὓς</span> <span class='ocrx_word' id='word_1_586' title='bbox 2390 3648 2494 3723; x_wconf 85' lang='grc' dir='ltr'>γὰρ</span> <span class='ocrx_word' id='word_1_587' title='bbox 2541 3646 2640 3702; x_wconf 87' lang='grc' dir='ltr'><strong>οὐκ</strong></span> <span class='ocrx_word' id='word_1_588' title='bbox 2692 3643 2869 3702; x_wconf 78' lang='grc' dir='ltr'>ἔπεισε</span> <span class='ocrx_word' id='word_1_589' title='bbox 2913 3644 3251 3721; x_wconf 85' lang='grc' dir='ltr'>δημηγορῶν</span> <span class='ocrx_word' id='word_1_590' title='bbox 3292 3687 3309 3712; x_wconf 86' lang='grc'><strong>,</strong></span> <span class='ocrx_word' id='word_1_591' title='bbox 3332 3644 3559 3705; x_wconf 79' lang='grc' dir='ltr'>τούτους</span> <span class='ocrx_word' id='word_1_592' title='bbox 3591 3645 3738 3699; x_wconf 84' lang='grc' dir='ltr'>ἀναι-</span> 
     </span>
    </p>
   </div>
   <div class='ocr_carea' id='block_1_84' title="bbox 2087 3733 3739 3813">
    <p class='ocr_par' dir='ltr' id='par_1_84' title="bbox 2087 3733 3739 3813">
     <span class='ocr_line' id='line_1_84' title="bbox 2087 3733 3739 3813; baseline -0.002 -22"><span class='ocrx_word' id='word_1_593' title='bbox 2087 3736 2253 3813; x_wconf 85' lang='grc' dir='ltr'>ρεθεὶς</span> <span class='ocrx_word' id='word_1_594' title='bbox 2284 3734 2649 3807; x_wconf 83' lang='grc' dir='ltr'>ἐδυσώπησεν·</span> <span class='ocrx_word' id='word_1_595' title='bbox 2700 3736 2789 3790; x_wconf 88' lang='grc' dir='ltr'><strong>καὶ</strong></span> <span class='ocrx_word' id='word_1_596' title='bbox 2840 3735 2930 3797; x_wconf 77' lang='grc' dir='ltr'><strong>οὓς</strong></span> <span class='ocrx_word' id='word_1_597' title='bbox 2982 3734 3168 3791; x_wconf 90' lang='grc' dir='ltr'>λαλῶν</span> <span class='ocrx_word' id='word_1_598' title='bbox 3214 3733 3319 3809; x_wconf 78' lang='grc' dir='ltr'><strong>οὐχ</strong></span> <span class='ocrx_word' id='word_1_599' title='bbox 3371 3733 3739 3803; x_wconf 78' lang='grc' dir='ltr'>εἷ’λκυσε,πα-</span> 
     </span>
    </p>
   </div>
   <div class='ocr_carea' id='block_1_85' title="bbox 2085 3823 3743 3902">
    <p class='ocr_par' dir='ltr' id='par_1_85' title="bbox 2085 3823 3743 3902">
     <span class='ocr_line' id='line_1_85' title="bbox 2085 3823 3743 3902; baseline -0.002 -22"><span class='ocrx_word' id='word_1_600' title='bbox 2085 3826 2191 3881; x_wconf 85' lang='grc' dir='ltr'>θὼν</span> <span class='ocrx_word' id='word_1_601' title='bbox 2244 3826 2585 3901; x_wconf 79' lang='grc' dir='ltr'>ἐσαγήνευσε.</span> <span class='ocrx_word' id='word_1_602' title='bbox 2638 3825 2924 3902; x_wconf 83' lang='grc' dir='ltr'>Μερισθεὶς</span> <span class='ocrx_word' id='word_1_603' title='bbox 2968 3826 3069 3901; x_wconf 76' lang='grc' dir='ltr'>γὰρ</span> <span class='ocrx_word' id='word_1_604' title='bbox 3122 3823 3334 3895; x_wconf 81' lang='grc' dir='ltr'>οὐρανῷ</span> <span class='ocrx_word' id='word_1_605' title='bbox 3382 3823 3469 3878; x_wconf 85' lang='grc' dir='ltr'><strong>καὶ</strong></span> <span class='ocrx_word' id='word_1_606' title='bbox 3508 3827 3602 3898; x_wconf 79' lang='grc' dir='ltr'>γῇ,</span> <span class='ocrx_word' id='word_1_607' title='bbox 3638 3824 3743 3877; x_wconf 81' lang='grc' dir='ltr'>σώ-</span> 
     </span>
    </p>
   </div>
   <div class='ocr_carea' id='block_1_86' title="bbox 2087 3910 3745 3990">
    <p class='ocr_par' dir='ltr' id='par_1_86' title="bbox 2087 3910 3745 3990">
     <span class='ocr_line' id='line_1_86' title="bbox 2087 3910 3745 3990; baseline -0.002 -21"><span class='ocrx_word' id='word_1_608' title='bbox 2087 3936 2215 3987; x_wconf 81' lang='grc' dir='ltr'>ματι</span> <span class='ocrx_word' id='word_1_609' title='bbox 2250 3915 2342 3987; x_wconf 72' lang='grc' dir='ltr'><strong>μὲν</strong></span> <span class='ocrx_word' id='word_1_610' title='bbox 2377 3912 2524 3990; x_wconf 82' lang='grc' dir='ltr'>ἔχων</span> <span class='ocrx_word' id='word_1_611' title='bbox 2550 3916 2649 3983; x_wconf 79' lang='grc' dir='ltr'>τήν</span> <span class='ocrx_word' id='word_1_612' title='bbox 2681 3921 2806 3990; x_wconf 76' lang='grc' dir='ltr'>γῆν,</span> <span class='ocrx_word' id='word_1_613' title='bbox 2839 3917 2993 3989; x_wconf 80' lang='grc' dir='ltr'>ψυχῇ</span> <span class='ocrx_word' id='word_1_614' title='bbox 3027 3910 3085 3967; x_wconf 76' lang='grc' dir='ltr'>δὲ</span> <span class='ocrx_word' id='word_1_615' title='bbox 3112 3912 3203 3967; x_wconf 84' lang='grc' dir='ltr'><strong>τὸν</strong></span> <span class='ocrx_word' id='word_1_616' title='bbox 3255 3912 3479 3988; x_wconf 90' lang='grc' dir='ltr'>οὐρανὸν</span> <span class='ocrx_word' id='word_1_617' title='bbox 3516 3911 3745 3986; x_wconf 80' lang='grc' dir='ltr'>κληρω-</span> 
     </span>
    </p>
   </div>
   <div class='ocr_carea' id='block_1_87' title="bbox 2083 4000 3743 4078">
    <p class='ocr_par' dir='ltr' id='par_1_87' title="bbox 2083 4000 3743 4078">
     <span class='ocr_line' id='line_1_87' title="bbox 2083 4000 3743 4078; baseline -0.002 -19"><span class='ocrx_word' id='word_1_618' title='bbox 2083 4005 2215 4073; x_wconf 84' lang='grc' dir='ltr'>θείς,</span> <span class='ocrx_word' id='word_1_619' title='bbox 2276 4002 2560 4059; x_wconf 80' lang='grc' dir='ltr'>ἐποπτεύει</span> <span class='ocrx_word' id='word_1_620' title='bbox 2612 4004 2708 4065; x_wconf 77' lang='grc' dir='ltr'><strong>τὰς</strong></span> <span class='ocrx_word' id='word_1_621' title='bbox 2756 4007 2863 4058; x_wconf 90' lang='grc' dir='ltr'><strong>τῶν</strong></span> <span class='ocrx_word' id='word_1_622' title='bbox 2923 4003 3223 4077; x_wconf 83' lang='grc' dir='ltr'>ἀνθρώπων</span> <span class='ocrx_word' id='word_1_623' title='bbox 3276 4000 3497 4078; x_wconf 86' lang='grc' dir='ltr'>ἀγέλας,</span> <span class='ocrx_word' id='word_1_624' title='bbox 3541 4001 3743 4073; x_wconf 70' lang='grc' dir='ltr'>ἲάμασι</span> 
     </span>
    </p>
   </div>
   <div class='ocr_carea' id='block_1_88' title="bbox 2081 4088 3740 4168">
    <p class='ocr_par' dir='ltr' id='par_1_88' title="bbox 2081 4088 3740 4168">
     <span class='ocr_line' id='line_1_88' title="bbox 2081 4088 3740 4168; baseline -0.002 -22"><span class='ocrx_word' id='word_1_625' title='bbox 2081 4092 2169 4146; x_wconf 80' lang='grc' dir='ltr'><strong>καὶ</strong></span> <span class='ocrx_word' id='word_1_626' title='bbox 2200 4093 2434 4166; x_wconf 87' lang='grc' dir='ltr'>θαύμασι</span> <span class='ocrx_word' id='word_1_627' title='bbox 2462 4092 2589 4154; x_wconf 82' lang='grc' dir='ltr'>τοὺς</span> <span class='ocrx_word' id='word_1_628' title='bbox 2640 4092 2727 4159; x_wconf 81' lang='grc' dir='ltr'>ἐπὶ</span> <span class='ocrx_word' id='word_1_629' title='bbox 2775 4095 2874 4168; x_wconf 72' lang='grc' dir='ltr'>γῆς</span> <span class='ocrx_word' id='word_1_630' title='bbox 2925 4088 3291 4164; x_wconf 80' lang='grc' dir='ltr'>δεξιούμενος.</span> <span class='ocrx_word' id='word_1_631' title='bbox 3345 4090 3589 4160; x_wconf 83' lang='grc' dir='ltr'>Ἐκείνης</span> <span class='ocrx_word' id='word_1_632' title='bbox 3638 4093 3740 4159; x_wconf 73' lang='grc' dir='ltr'>τῆς</span> 
     </span>
    </p>
   </div>
   <div class='ocr_carea' id='block_1_89' title="bbox 2080 4176 3743 4257">
    <p class='ocr_par' dir='ltr' id='par_1_89' title="bbox 2080 4176 3743 4257">
     <span class='ocr_line' id='line_1_89' title="bbox 2080 4176 3743 4257; baseline -0.002 -21"><span class='ocrx_word' id='word_1_633' title='bbox 2080 4182 2346 4257; x_wconf 83' lang='grc' dir='ltr'>γεωργίας</span> <span class='ocrx_word' id='word_1_634' title='bbox 2380 4183 2431 4237; x_wconf 74' lang='grc' dir='ltr'>οἱ</span> <span class='ocrx_word' id='word_1_635' title='bbox 2477 4182 2739 4257; x_wconf 89' lang='grc' dir='ltr'>παρόντες</span> <span class='ocrx_word' id='word_1_636' title='bbox 2794 4176 3201 4251; x_wconf 76' lang='grc' dir='ltr'>ἀνεϐλάστησαν</span> <span class='ocrx_word' id='word_1_637' title='bbox 3251 4179 3502 4255; x_wconf 86' lang='grc' dir='ltr'>στάχυες·</span> <span class='ocrx_word' id='word_1_638' title='bbox 3540 4178 3602 4234; x_wconf 79' lang='grc' dir='ltr'><strong>ἐκ</strong></span> <span class='ocrx_word' id='word_1_639' title='bbox 3640 4186 3743 4249; x_wconf 76' lang='grc' dir='ltr'>τῆς</span> 
     </span>
    </p>
   </div>
   <div class='ocr_carea' id='block_1_90' title="bbox 2082 4266 3735 4344">
    <p class='ocr_par' dir='ltr' id='par_1_90' title="bbox 2082 4266 3735 4344">
     <span class='ocr_line' id='line_1_90' title="bbox 2082 4266 3735 4344; baseline 0 -20"><span class='ocrx_word' id='word_1_640' title='bbox 2082 4269 2286 4325; x_wconf 81' lang='grc' dir='ltr'>ἐκείνου</span> <span class='ocrx_word' id='word_1_641' title='bbox 2319 4267 2669 4333; x_wconf 86' lang='grc' dir='ltr'>διδασκαλίας</span> <span class='ocrx_word' id='word_1_642' title='bbox 2700 4272 2751 4325; x_wconf 79' lang='grc' dir='ltr'>οἱ</span> <span class='ocrx_word' id='word_1_643' title='bbox 2781 4277 2879 4340; x_wconf 79' lang='grc' dir='ltr'>τῆς</span> <span class='ocrx_word' id='word_1_644' title='bbox 2928 4269 3161 4331; x_wconf 88' lang='grc' dir='ltr'>πίστεως</span> <span class='ocrx_word' id='word_1_645' title='bbox 3208 4266 3446 4339; x_wconf 75' lang='grc' dir='ltr'>ἤνθησαν</span> <span class='ocrx_word' id='word_1_646' title='bbox 3485 4268 3735 4344; x_wconf 84' lang='grc' dir='ltr'>βότρυες.</span> 
     </span>
    </p>
   </div>
   <div class='ocr_carea' id='block_1_91' title="bbox 2083 4355 3737 4432">
    <p class='ocr_par' dir='ltr' id='par_1_91' title="bbox 2083 4355 3737 4432">
     <span class='ocr_line' id='line_1_91' title="bbox 2083 4355 3737 4432; baseline 0 -19"><span class='ocrx_word' id='word_1_647' title='bbox 2083 4361 2180 4413; x_wconf 85' lang='grc' dir='ltr'><strong>Καὶ</strong></span> <span class='ocrx_word' id='word_1_648' title='bbox 2222 4360 2377 4432; x_wconf 80' lang='grc' dir='ltr'>ὑμεῖς</span> <span class='ocrx_word' id='word_1_649' title='bbox 2427 4360 2477 4413; x_wconf 78' lang='grc' dir='ltr'><strong>οἱ</strong></span> <span class='ocrx_word' id='word_1_650' title='bbox 2525 4366 2623 4429; x_wconf 80' lang='grc' dir='ltr'>τῆς</span> <span class='ocrx_word' id='word_1_651' title='bbox 2676 4355 2943 4420; x_wconf 81' lang='grc' dir='ltr'>εὐσεϐείας</span> <span class='ocrx_word' id='word_1_652' title='bbox 2995 4355 3313 4413; x_wconf 84' lang='grc' dir='ltr'>διδάσκαλοι</span> <span class='ocrx_word' id='word_1_653' title='bbox 3361 4357 3737 4428; x_wconf 78' lang='grc' dir='ltr'>ἀπηντήκατε,</span> 
     </span>
    </p>
   </div>
   <div class='ocr_carea' id='block_1_92' title="bbox 2082 4445 3738 4524">
    <p class='ocr_par' dir='ltr' id='par_1_92' title="bbox 2082 4445 3738 4524">
     <span class='ocr_line' id='line_1_92' title="bbox 2082 4445 3738 4524; baseline -0.001 -22"><span class='ocrx_word' id='word_1_654' title='bbox 2082 4449 2134 4502; x_wconf 76' lang='grc' dir='ltr'>οἱ</span> <span class='ocrx_word' id='word_1_655' title='bbox 2162 4455 2262 4517; x_wconf 85' lang='grc' dir='ltr'>τῆς</span> <span class='ocrx_word' id='word_1_656' title='bbox 2292 4452 2399 4503; x_wconf 87' lang='grc' dir='ltr'><strong>τῶν</strong></span> <span class='ocrx_word' id='word_1_657' title='bbox 2433 4447 2675 4524; x_wconf 79' lang='grc' dir='ltr'>οὐρανῶν</span> <span class='ocrx_word' id='word_1_658' title='bbox 2730 4446 3008 4523; x_wconf 84' lang='grc' dir='ltr'>βασιλείας</span> <span class='ocrx_word' id='word_1_659' title='bbox 3058 4445 3291 4520; x_wconf 85' lang='grc' dir='ltr'>ἔμποροι</span> <span class='ocrx_word' id='word_1_660' title='bbox 3342 4445 3478 4521; x_wconf 85' lang='grc' dir='ltr'>πρὸς</span> <span class='ocrx_word' id='word_1_661' title='bbox 3514 4445 3610 4500; x_wconf 84' lang='grc' dir='ltr'>τὸν</span> <span class='ocrx_word' id='word_1_662' title='bbox 3645 4447 3738 4501; x_wconf 84' lang='grc' dir='ltr'>οὐ·</span> 
     </span>
    </p>
   </div>
   <div class='ocr_carea' id='block_1_93' title="bbox 2084 4534 3739 4613">
    <p class='ocr_par' dir='ltr' id='par_1_93' title="bbox 2084 4534 3739 4613">
     <span class='ocr_line' id='line_1_93' title="bbox 2084 4534 3739 4613; baseline -0.001 -22"><span class='ocrx_word' id='word_1_663' title='bbox 2084 4542 2228 4613; x_wconf 87' lang='grc' dir='ltr'>ρανῷ</span> <span class='ocrx_word' id='word_1_664' title='bbox 2255 4538 2666 4610; x_wconf 84' lang='grc' dir='ltr'>θαυμαζόμενον</span> <span class='ocrx_word' id='word_1_665' title='bbox 2720 4535 3143 4608; x_wconf 86' lang='grc' dir='ltr'>συνεληλύθατε.</span> <span class='ocrx_word' id='word_1_666' title='bbox 3200 4537 3434 4610; x_wconf 74' lang='grc' dir='ltr'>Χριστοῦ</span> <span class='ocrx_word' id='word_1_667' title='bbox 3481 4534 3582 4611; x_wconf 84' lang='grc' dir='ltr'><strong>γάρ</strong></span> <span class='ocrx_word' id='word_1_668' title='bbox 3625 4535 3739 4591; x_wconf 70' lang='grc' dir='ltr'>ἐστι</span> 
     </span>
    </p>
   </div>
   <div class='ocr_carea' id='block_1_94' title="bbox 314 4613 1980 4709">
    <p class='ocr_par' dir='ltr' id='par_1_94' title="bbox 314 4613 1971 4693">
     <span class='ocr_line' id='line_1_94' title="bbox 314 4613 1971 4693; baseline 0.006 -23"><span class='ocrx_word' id='word_1_669' title='bbox 314 4613 612 4671; x_wconf 89' lang='lat' dir='ltr'><strong>mirationi</strong></span> <span class='ocrx_word' id='word_1_670' title='bbox 644 4621 734 4670; x_wconf 89' lang='lat' dir='ltr'><strong>est</strong></span> <span class='ocrx_word' id='word_1_671' title='bbox 780 4616 1155 4673; x_wconf 85' lang='lat' dir='ltr'><strong>convenistis.</strong></span> <span class='ocrx_word' id='word_1_672' title='bbox 1182 4617 1395 4674; x_wconf 87' lang='lat' dir='ltr'><strong>Christi</strong></span> <span class='ocrx_word' id='word_1_673' title='bbox 1430 4636 1687 4693; x_wconf 89' lang='lat' dir='ltr'><strong>namque</strong></span> <span class='ocrx_word' id='word_1_674' title='bbox 1733 4629 1824 4678; x_wconf 89' lang='lat' dir='ltr'><strong>est</strong></span> <span class='ocrx_word' id='word_1_675' title='bbox 1871 4625 1971 4681; x_wconf 86' lang='lat' dir='ltr'><strong>illa</strong></span> 
     </span>
    </p>
   </div>
   <div class='ocr_carea' id='block_1_95' title="bbox 2092 4613 3736 4709">
    <p class='ocr_par' dir='ltr' id='par_1_95' title="bbox 2092 4623 3736 4704">
     <span class='ocr_line' id='line_1_95' title="bbox 2092 4623 3736 4704; baseline -0.001 -24"><span class='ocrx_word' id='word_1_676' title='bbox 2092 4623 2169 4680; x_wconf 66' lang='grc' dir='ltr'><strong>διὰ</strong></span> <span class='ocrx_word' id='word_1_677' title='bbox 2213 4631 2308 4680; x_wconf 77' lang='grc' dir='ltr'>τοῦ</span> <span class='ocrx_word' id='word_1_678' title='bbox 2356 4625 2620 4700; x_wconf 89' lang='grc' dir='ltr'>μακαρίου</span> <span class='ocrx_word' id='word_1_679' title='bbox 2675 4624 2899 4682; x_wconf 81' lang='grc' dir='ltr'>Παύλου</span> <span class='ocrx_word' id='word_1_680' title='bbox 2947 4626 3121 4704; x_wconf 76' lang='grc' dir='ltr'>φωνή·</span> <span class='ocrx_word' id='word_1_681' title='bbox 3157 4648 3185 4677; x_wconf 92' lang='grc'><strong>‹‹</strong></span> <span class='ocrx_word' id='word_1_682' title='bbox 3232 4624 3295 4679; x_wconf 79' lang='lat' dir='ltr'><strong>Ei</strong></span> <span class='ocrx_word' id='word_1_683' title='bbox 3345 4623 3736 4698; x_wconf 78' lang='grc' dir='ltr'>ὑπομένωμεν,</span> 
     </span>
    </p>
   </div>
   <div class='ocr_carea' id='block_1_96' title="bbox 313 4703 1964 4783">
    <p class='ocr_par' dir='ltr' id='par_1_96' title="bbox 313 4703 1964 4783">
     <span class='ocr_line' id='line_1_96' title="bbox 313 4703 1964 4783; baseline 0.005 -23"><span class='ocrx_word' id='word_1_684' title='bbox 313 4703 466 4761; x_wconf 86' lang='lat' dir='ltr'><strong>beati</strong></span> <span class='ocrx_word' id='word_1_685' title='bbox 498 4703 663 4759; x_wconf 91' lang='lat' dir='ltr'><strong>Pauli</strong></span> <span class='ocrx_word' id='word_1_686' title='bbox 696 4720 801 4759; x_wconf 82' lang='lat' dir='ltr'><strong>vox</strong></span> <span class='ocrx_word' id='word_1_687' title='bbox 839 4722 852 4761; x_wconf 88' lang='lat'><strong>:</strong></span> <span class='ocrx_word' id='word_1_688' title='bbox 882 4728 903 4754; x_wconf 75' lang='grc' dir='ltr'><strong>ιι</strong></span> <span class='ocrx_word' id='word_1_689' title='bbox 939 4705 998 4762; x_wconf 90' lang='lat' dir='ltr'><strong>Si</strong></span> <span class='ocrx_word' id='word_1_690' title='bbox 1044 4706 1469 4779; x_wconf 86' lang='lat' dir='ltr'><strong>sustineamus,</strong></span> <span class='ocrx_word' id='word_1_691' title='bbox 1497 4714 1555 4765; x_wconf 90' lang='lat' dir='ltr'><strong>et</strong></span> <span class='ocrx_word' id='word_1_692' title='bbox 1583 4714 1964 4783; x_wconf 76' lang='lat' dir='ltr'><strong>conregnahi-</strong></span> 
     </span>
    </p>
   </div>
   <div class='ocr_carea' id='block_1_97' title="bbox 314 4792 1898 4866">
    <p class='ocr_par' dir='ltr' id='par_1_97' title="bbox 314 4792 1898 4866">
     <span class='ocr_line' id='line_1_97' title="bbox 314 4792 1898 4866; baseline 0.006 -18"><span class='ocrx_word' id='word_1_693' title='bbox 314 4793 569 4849; x_wconf 67' lang='lat' dir='ltr'><strong>mus‘7.»</strong></span> <span class='ocrx_word' id='word_1_694' title='bbox 596 4792 715 4865; x_wconf 87' lang='lat' dir='ltr'><strong>Ipsi</strong></span> <span class='ocrx_word' id='word_1_695' title='bbox 745 4792 934 4866; x_wconf 89' lang='lat' dir='ltr'><strong>gloria</strong></span> <span class='ocrx_word' id='word_1_696' title='bbox 961 4794 1020 4851; x_wconf 90' lang='lat' dir='ltr'><strong>in</strong></span> <span class='ocrx_word' id='word_1_697' title='bbox 1053 4794 1268 4852; x_wconf 66' lang='lat' dir='ltr'><strong>saecula</strong></span> <span class='ocrx_word' id='word_1_698' title='bbox 1295 4796 1663 4855; x_wconf 65' lang='lat' dir='ltr'><strong>saeculorum.</strong></span> <span class='ocrx_word' id='word_1_699' title='bbox 1693 4802 1898 4858; x_wconf 87' lang='lat' dir='ltr'><strong>Amen.</strong></span> 
     </span>
    </p>
   </div>
   <div class='ocr_carea' id='block_1_98' title="bbox 384 4899 907 4972">
    <p class='ocr_par' dir='ltr' id='par_1_98' title="bbox 384 4899 907 4972">
     <span class='ocr_line' id='line_1_98' title="bbox 384 4899 907 4972; baseline 0.002 -17"><span class='ocrx_word' id='word_1_700' title='bbox 384 4899 427 4935; x_wconf 80' lang='grc'><strong>⁸⁷</strong></span> <span class='ocrx_word' id='word_1_701' title='bbox 459 4900 509 4955; x_wconf 89' lang='grc' dir='ltr'>ΙΙ</span> <span class='ocrx_word' id='word_1_702' title='bbox 539 4899 690 4956; x_wconf 89' lang='lat' dir='ltr'><strong>Tim.</strong></span> <span class='ocrx_word' id='word_1_703' title='bbox 723 4916 786 4972; x_wconf 84' lang='grc' dir='ltr'><strong>ιι,</strong></span> <span class='ocrx_word' id='word_1_704' title='bbox 820 4902 907 4956; x_wconf 83' lang='grc'><strong>12.</strong></span> 
     </span>
    </p>
   </div>
   <div class='ocr_carea' id='block_1_99' title="bbox 384 4996 1871 5074">
    <p class='ocr_par' dir='ltr' id='par_1_99' title="bbox 384 4996 1871 5074">
     <span class='ocr_line' id='line_1_99' title="bbox 384 4996 1871 5074; baseline 0.004 -22"><span class='ocrx_word' id='word_1_705' title='bbox 384 4996 496 5068; x_wconf 80' lang='grc'><strong>(36)</strong></span> <span class='ocrx_word' id='word_1_706' title='bbox 523 4996 619 5053; x_wconf 92' lang='lat' dir='ltr'><strong>Sic</strong></span> <span class='ocrx_word' id='word_1_707' title='bbox 647 4996 1039 5055; x_wconf 87' lang='lat' dir='ltr'><strong>Colbertinus.</strong></span> <span class='ocrx_word' id='word_1_708' title='bbox 1071 4997 1237 5055; x_wconf 84' lang='lat' dir='ltr'><strong>Alius</strong></span> <span class='ocrx_word' id='word_1_709' title='bbox 1268 5014 1421 5070; x_wconf 87' lang='lat' dir='ltr'><strong>vero,</strong></span> <span class='ocrx_word' id='word_1_710' title='bbox 1456 5000 1871 5074; x_wconf 84' lang='grc' dir='ltr'>χαμηλότατον.</span> 
     </span>
    </p>
   </div>
   <div class='ocr_carea' id='block_1_100' title="bbox 2078 4709 3736 4788">
    <p class='ocr_par' dir='ltr' id='par_1_100' title="bbox 2078 4709 3736 4788">
     <span class='ocr_line' id='line_1_100' title="bbox 2078 4709 3736 4788; baseline -0.001 -18"><span class='ocrx_word' id='word_1_711' title='bbox 2078 4713 2166 4770; x_wconf 84' lang='grc' dir='ltr'>καί</span> <span class='ocrx_word' id='word_1_712' title='bbox 2200 4709 2725 4788; x_wconf 78' lang='grc' dir='ltr'>συμϐασιλεύσομεν.</span> <span class='ocrx_word' id='word_1_713' title='bbox 2764 4739 2792 4767; x_wconf 89' lang='grc'><strong>››</strong></span> <span class='ocrx_word' id='word_1_714' title='bbox 2822 4713 2980 4787; x_wconf 78' lang='grc' dir='ltr'><strong>Αὐτῷ</strong></span> <span class='ocrx_word' id='word_1_715' title='bbox 3009 4716 3043 4784; x_wconf 75' lang='grc' dir='ltr'>ἡ</span> <span class='ocrx_word' id='word_1_716' title='bbox 3078 4711 3205 4783; x_wconf 78' lang='grc' dir='ltr'>δόξα</span> <span class='ocrx_word' id='word_1_717' title='bbox 3252 4712 3329 4776; x_wconf 82' lang='grc' dir='ltr'><strong>είς</strong></span> <span class='ocrx_word' id='word_1_718' title='bbox 3376 4712 3503 4776; x_wconf 74' lang='grc' dir='ltr'>τοὺς</span> <span class='ocrx_word' id='word_1_719' title='bbox 3534 4714 3736 4776; x_wconf 83' lang='grc' dir='ltr'>αἰῶνας</span> 
     </span>
    </p>
   </div>
   <div class='ocr_carea' id='block_1_101' title="bbox 2079 4802 2684 4875">
    <p class='ocr_par' dir='ltr' id='par_1_101' title="bbox 2079 4802 2684 4875">
     <span class='ocr_line' id='line_1_101' title="bbox 2079 4802 2684 4875; baseline 0 -17"><span class='ocrx_word' id='word_1_720' title='bbox 2079 4805 2184 4858; x_wconf 87' lang='grc' dir='ltr'><strong>τῶν</strong></span> <span class='ocrx_word' id='word_1_721' title='bbox 2218 4802 2430 4858; x_wconf 76' lang='grc' dir='ltr'>αἰώνων</span> <span class='ocrx_word' id='word_1_722' title='bbox 2442 4846 2453 4859; x_wconf 96' lang='grc'><strong>.</strong></span> <span class='ocrx_word' id='word_1_723' title='bbox 2488 4804 2545 4857; x_wconf 80' lang='grc' dir='ltr'><strong>Ἀ</strong></span> <span class='ocrx_word' id='word_1_724' title='bbox 2558 4804 2684 4875; x_wconf 75' lang='grc' dir='ltr'>μήν.</span> 
     </span>
    </p>
   </div>
   <div class='ocr_carea' id='block_1_102' title="bbox 1294 5183 2735 5255">
    <p class='ocr_par' dir='ltr' id='par_1_102' title="bbox 1294 5183 2735 5255">
     <span class='ocr_line' id='line_1_102' title="bbox 1294 5183 2735 5255; baseline 0.003 -17"><span class='ocrx_word' id='word_1_725' title='bbox 1294 5183 1696 5242; x_wconf 84' lang='grc' dir='ltr'><strong>ΑΒΜΟΝΙΤΙΟ</strong></span> <span class='ocrx_word' id='word_1_726' title='bbox 1735 5188 1806 5242; x_wconf 90' lang='lat' dir='ltr'><strong>IN</strong></span> <span class='ocrx_word' id='word_1_727' title='bbox 1846 5188 2245 5247; x_wconf 83' lang='lat' dir='ltr'><strong>SERMONEM</strong></span> <span class='ocrx_word' id='word_1_728' title='bbox 2283 5189 2735 5255; x_wconf 85' lang='lat' dir='ltr'><strong>SEQUENTEM.</strong></span> 
     </span>
    </p>
   </div>
   <div class='ocr_carea' id='block_1_103' title="bbox 311 5276 3741 5361">
    <p class='ocr_par' dir='ltr' id='par_1_103' title="bbox 311 5276 3741 5361">
     <span class='ocr_line' id='line_1_103' title="bbox 311 5276 3741 5361; baseline 0.003 -28"><span class='ocrx_word' id='word_1_729' title='bbox 311 5276 478 5334; x_wconf 86' lang='lat' dir='ltr'><strong>Hunc</strong></span> <span class='ocrx_word' id='word_1_730' title='bbox 509 5294 942 5361; x_wconf 63' lang='lat' dir='ltr'><strong>sermonemsx</strong></span> <span class='ocrx_word' id='word_1_731' title='bbox 973 5296 1085 5361; x_wconf 59' lang='lat' dir='ltr'><strong>ms:</strong></span> <span class='ocrx_word' id='word_1_732' title='bbox 1119 5280 1367 5361; x_wconf 80' lang='lat' dir='ltr'><strong>_Colbert.</strong></span> <span class='ocrx_word' id='word_1_733' title='bbox 1398 5285 1560 5361; x_wconf 73' lang='lat' dir='ltr'><strong>5191i,</strong></span> <span class='ocrx_word' id='word_1_734' title='bbox 1592 5302 1648 5357; x_wconf 91' lang='lat' dir='ltr'><strong>p.</strong></span> <span class='ocrx_word' id='word_1_735' title='bbox 1681 5287 1807 5353; x_wconf 85' lang='lat'><strong>502,</strong></span> <span class='ocrx_word' id='word_1_736' title='bbox 1843 5290 2325 5361; x_wconf 82' lang='lat' dir='ltr'><strong>transcripsimus</strong></span> <span class='ocrx_word' id='word_1_737' title='bbox 2359 5308 2371 5345; x_wconf 91' lang='lat'>:</span> <span class='ocrx_word' id='word_1_738' title='bbox 2405 5294 2610 5360; x_wconf 82' lang='lat' dir='ltr'><strong>estque</strong></span> <span class='ocrx_word' id='word_1_739' title='bbox 2638 5286 2907 5361; x_wconf 84' lang='lat' dir='ltr'><strong>imperiti</strong></span> <span class='ocrx_word' id='word_1_740' title='bbox 2931 5290 2988 5343; x_wconf 87' lang='lat' dir='ltr'><strong>et</strong></span> <span class='ocrx_word' id='word_1_741' title='bbox 3018 5288 3371 5361; x_wconf 88' lang='lat' dir='ltr'><strong>inelegantis</strong></span> <span class='ocrx_word' id='word_1_742' title='bbox 3403 5288 3741 5360; x_wconf 62' lang='lat' dir='ltr'><strong>scriptoris.</strong></span> 
     </span>
    </p>
   </div>
   <div class='ocr_carea' id='block_1_104' title="bbox 775 5350 3267 5433">
    <p class='ocr_par' dir='ltr' id='par_1_104' title="bbox 775 5350 3267 5433">
     <span class='ocr_line' id='line_1_104' title="bbox 775 5350 3267 5433; baseline 0.004 -26"><span class='ocrx_word' id='word_1_743' title='bbox 775 5350 1084 5408; x_wconf 86' lang='lat' dir='ltr'><strong>Athanasii</strong></span> <span class='ocrx_word' id='word_1_744' title='bbox 1114 5356 1310 5409; x_wconf 88' lang='lat' dir='ltr'><strong>tamen</strong></span> <span class='ocrx_word' id='word_1_745' title='bbox 1339 5350 1571 5426; x_wconf 65' lang='lat' dir='ltr'><strong>praefert</strong></span> <span class='ocrx_word' id='word_1_746' title='bbox 1592 5350 1814 5413; x_wconf 75' lang='lat' dir='ltr'><strong>nomen</strong></span> <span class='ocrx_word' id='word_1_747' title='bbox 1847 5359 1906 5415; x_wconf 91' lang='lat' dir='ltr'><strong>in</strong></span> <span class='ocrx_word' id='word_1_748' title='bbox 1935 5350 2287 5433; x_wconf 74' lang='lat' dir='ltr'><strong>Colbertino,</strong></span> <span class='ocrx_word' id='word_1_749' title='bbox 2321 5369 2378 5417; x_wconf 90' lang='lat' dir='ltr'><strong>et</strong></span> <span class='ocrx_word' id='word_1_750' title='bbox 2414 5361 2474 5417; x_wconf 92' lang='lat' dir='ltr'><strong>in</strong></span> <span class='ocrx_word' id='word_1_751' title='bbox 2504 5350 3014 5433; x_wconf 51' lang='lat' dir='ltr'><strong>Anglia-quodam</strong></span> <span class='ocrx_word' id='word_1_752' title='bbox 3046 5350 3267 5417; x_wconf 62' lang='lat' dir='ltr'><strong>codice.</strong></span> 
     </span>
    </p>
   </div>
   <div class='ocr_carea' id='block_1_105' title="bbox 429 5546 1866 5609">
    <p class='ocr_par' dir='ltr' id='par_1_105' title="bbox 429 5546 1866 5609">
     <span class='ocr_line' id='line_1_105' title="bbox 429 5546 1866 5609; baseline 0.004 -6"><span class='ocrx_word' id='word_1_753' title='bbox 429 5546 579 5603; x_wconf 73' lang='lat'><strong>405</strong></span> <span class='ocrx_word' id='word_1_754' title='bbox 623 5547 841 5604; x_wconf 81' lang='lat' dir='ltr'><strong>SERMO</strong></span> <span class='ocrx_word' id='word_1_755' title='bbox 883 5546 1121 5603; x_wconf 84' lang='lat' dir='ltr'><strong>SANCTI</strong></span> <span class='ocrx_word' id='word_1_756' title='bbox 1160 5548 1520 5607; x_wconf 80' lang='lat' dir='ltr'><strong><em>ATHANASII</em></strong></span> <span class='ocrx_word' id='word_1_757' title='bbox 1556 5550 1866 5609; x_wconf 84' lang='lat' dir='ltr'><strong>EPISCOPI</strong></span> 
     </span>
    </p>
   </div>
   <div class='ocr_carea' id='block_1_106' title="bbox 915 5618 1380 5677">
    <p class='ocr_par' dir='ltr' id='par_1_106' title="bbox 915 5618 1380 5677">
     <span class='ocr_line' id='line_1_106' title="bbox 915 5618 1380 5677; baseline 0.006 -3"><span class='ocrx_word' id='word_1_758' title='bbox 915 5618 1380 5677; x_wconf 71' lang='lat' dir='ltr'><strong>ALEXANDRI/E.</strong></span> 
     </span>
    </p>
   </div>
   <div class='ocr_carea' id='block_1_107' title="bbox 394 5704 1963 5784">
    <p class='ocr_par' dir='ltr' id='par_1_107' title="bbox 394 5704 1963 5784">
     <span class='ocr_line' id='line_1_107' title="bbox 394 5704 1963 5784; baseline 0.005 -23"><span class='ocrx_word' id='word_1_759' title='bbox 394 5707 445 5761; x_wconf 87' lang='grc'>1.</span> <span class='ocrx_word' id='word_1_760' title='bbox 474 5706 608 5763; x_wconf 89' lang='lat' dir='ltr'><strong>Tria</strong></span> <span class='ocrx_word' id='word_1_761' title='bbox 638 5704 897 5780; x_wconf 88' lang='lat' dir='ltr'><strong>postulat</strong></span> <span class='ocrx_word' id='word_1_762' title='bbox 926 5706 1079 5766; x_wconf 90' lang='lat' dir='ltr'><strong>Deus</strong></span> <span class='ocrx_word' id='word_1_763' title='bbox 1100 5726 1133 5766; x_wconf 90' lang='lat' dir='ltr'><strong>a</strong></span> <span class='ocrx_word' id='word_1_764' title='bbox 1152 5708 1501 5784; x_wconf 87' lang='lat' dir='ltr'><strong>Christiano,</strong></span> <span class='ocrx_word' id='word_1_765' title='bbox 1529 5716 1743 5770; x_wconf 89' lang='lat' dir='ltr'><strong>rectam</strong></span> <span class='ocrx_word' id='word_1_766' title='bbox 1766 5713 1963 5784; x_wconf 84' lang='lat' dir='ltr'><strong>fidem,</strong></span> 
     </span>
    </p>
   </div>
   <div class='ocr_carea' id='block_1_108' title="bbox 2151 5554 3680 5613">
    <p class='ocr_par' dir='ltr' id='par_1_108' title="bbox 2151 5554 3680 5613">
     <span class='ocr_line' id='line_1_108' title="bbox 2151 5554 3680 5613; baseline -0.001 -3"><span class='ocrx_word' id='word_1_767' title='bbox 2151 5558 2378 5613; x_wconf 87' lang='grc' dir='ltr'><strong>ΛΟΓΟΣ</strong></span> <span class='ocrx_word' id='word_1_768' title='bbox 2418 5557 2547 5613; x_wconf 83' lang='grc' dir='ltr'><strong>ΤΟΥ</strong></span> <span class='ocrx_word' id='word_1_769' title='bbox 2587 5554 2779 5612; x_wconf 78' lang='grc' dir='ltr'>ΑΓΙΟΥ</span> <span class='ocrx_word' id='word_1_770' title='bbox 2825 5556 3225 5611; x_wconf 81' lang='grc' dir='ltr'><strong>ΑΘΑΝΑΣΙΟΥ</strong></span> <span class='ocrx_word' id='word_1_771' title='bbox 3273 5556 3680 5613; x_wconf 80' lang='grc' dir='ltr'><strong>ΕΠΙΣΚΟΠΟΓ</strong></span> 
     </span>
    </p>
   </div>
   <div class='ocr_carea' id='block_1_109' title="bbox 2633 5628 3198 5683">
    <p class='ocr_par' dir='ltr' id='par_1_109' title="bbox 2633 5628 3198 5683">
     <span class='ocr_line' id='line_1_109' title="bbox 2633 5628 3198 5683; baseline -0.002 -1"><span class='ocrx_word' id='word_1_772' title='bbox 2633 5628 3198 5683; x_wconf 80' lang='grc' dir='ltr'><strong>ΑΛΕΞΑΝΔΡΕΙΑΣ.</strong></span> 
     </span>
    </p>
   </div>
   <div class='ocr_carea' id='block_1_110' title="bbox 2148 5711 3737 5792">
    <p class='ocr_par' dir='ltr' id='par_1_110' title="bbox 2148 5711 3737 5792">
     <span class='ocr_line' id='line_1_110' title="bbox 2148 5711 3737 5792; baseline -0.004 -21"><span class='ocrx_word' id='word_1_773' title='bbox 2148 5718 2197 5772; x_wconf 93' lang='grc'>1.</span> <span class='ocrx_word' id='word_1_774' title='bbox 2231 5716 2364 5792; x_wconf 85' lang='grc' dir='ltr'>Τρία</span> <span class='ocrx_word' id='word_1_775' title='bbox 2408 5715 2624 5772; x_wconf 82' lang='grc' dir='ltr'>ἀπαιτεῖ</span> <span class='ocrx_word' id='word_1_776' title='bbox 2667 5716 2696 5769; x_wconf 91' lang='lat'><strong>6</strong></span> <span class='ocrx_word' id='word_1_777' title='bbox 2727 5714 2857 5778; x_wconf 83' lang='grc' dir='ltr'>Θεὸς</span> <span class='ocrx_word' id='word_1_778' title='bbox 2904 5716 3051 5791; x_wconf 76' lang='grc' dir='ltr'>παρὰ</span> <span class='ocrx_word' id='word_1_779' title='bbox 3094 5718 3191 5771; x_wconf 82' lang='grc' dir='ltr'>τοῦ</span> <span class='ocrx_word' id='word_1_780' title='bbox 3242 5714 3594 5791; x_wconf 75' lang='grc' dir='ltr'>Χριπιανοῦ,</span> <span class='ocrx_word' id='word_1_781' title='bbox 3642 5711 3737 5767; x_wconf 83' lang='grc' dir='ltr'>πί·</span> 
     </span>
    </p>
   </div>
  </div>
