4092 6218
332 420 493 481 1109

1541 420 1807 483 SERMO
1852 419 2543 486 EXHORTATORIUS.

3596 426 3752 486 1110

334 570 450 605 στιν
513 549 699 624 ὀρθὴν,
727 548 816 605 καὶ
874 550 1133 621 ἀλήθειαν
1196 552 1302 607 ἀπὸ
1349 549 1626 628 γλώσσης,
1658 552 1747 607 καὶ
1780 552 1980 627 ἀγνείαι

2108 555 2479 611 veracitatem
2505 555 2738 628 linguae,
2770 559 2827 612 et
2858 556 3186 613 castitatem
3234 557 3513 628 corporis.
3568 559 3748 614 Caste-

341 640 451 694 ἀπὸ
484 639 758 712 σώματος.
793 638 891 693 Καὶ
921 640 988 693 τὰ
1036 637 1181 695 ἄλλα
1228 641 1433 712 ὁμοίως
1478 640 1732 718 φύλαττε.
1767 646 1988 717 Πρῶτον

345 727 442 801 μὲν
482 724 755 801 μηδέποτέ
792 748 913 782 τινα
944 727 1355 804 καταλαλήσῃς,
1392 728 1532 803 μηδὲ
1570 752 1715 793 τινος
1760 730 1991 803 ἀκούσῃς

339 814 805 878 καταλαλοῦντος.
857 816 1014 873 Ἀλλ’
1065 818 1188 872 ὅταν
1252 818 1487 893 ἀκούσῃς
1546 821 1690 881 τινὸς
1750 818 1989 875 καταλα-

340 904 586 979 λοῦντος,
620 905 757 984 φύγε
803 907 892 961 καὶ
943 908 1305 982 ἀναχώρησον
1365 908 1588 981 ἐκεῖθεν,
1622 910 1712 963 καὶ
1770 911 1991 964 κάθισον

336 996 418 1058 εἰς
447 998 538 1051 τὸν
567 996 715 1051 οἶκόν
749 1018 866 1066 σου,
894 994 981 1052 ’ίνα
1016 999 1090 1069 μὴ
1125 999 1363 1073 ἀκούσῃς
1396 1000 1578 1068 αὐτὸν,
1611 1001 1700 1055 καὶ
1750 1000 1988 1055 κλαῦσον

334 1087 433 1147 τάς
474 1086 738 1161 ἁμαρτίας
787 1107 903 1156 σου,
931 1084 1024 1141 ’ἱνα
1081 1089 1155 1160 μὴ
1203 1089 1292 1142 καὶ
1341 1088 1403 1143 σὺ
1452 1091 1609 1164 γένῃς
1662 1088 1857 1162 ὅμοιος
1893 1094 1989 1143 τοῦ

330 1173 798 1244 καταλαλοῦντος,
828 1176 919 1230 καὶ
962 1175 1193 1250 ἀπέλθῃς
1240 1176 1314 1239 εἰς
1360 1178 1583 1233 κόΛάσιν
1638 1178 1881 1249 αἰώνιον,
1916 1176 1988 1241 εἰς

327 1263 628 1338 δράκοντας
698 1264 981 1339 πυρίνους,
1026 1267 1328 1341 τρώγοντές
1394 1287 1491 1321 σου
1546 1269 1645 1335 τήν
1711 1266 1983 1342 γλῶσσαν.

329 1353 472 1411 Eii-ce
500 1353 599 1429 γὰρ
633 1353 660 1407 ὁ
693 1354 821 1415 Θεὸς
867 1352 955 1409 διὰ
1001 1359 1098 1408 τοῦ
1148 1357 1460 1433 Προφήτου,
1494 1356 1575 1411 ὅτι
1611 1381 1639 1408 ι(
1669 1358 1774 1413 Τὸν
1819 1377 1986 1411 κατα-

330 1440 608 1497 λαλοῦντα
630 1441 807 1518 λάθρα
830 1447 936 1497 τῶν
962 1442 1196 1513 πλησίον
1226 1444 1614 1514 αὐτοῦ,τοῦτον
1642 1443 1982 1516 ἐξεδίωκοψ»

327 1531 401 1586 Τὸ
459 1532 585 1605 γάρ,
634 1555 663 1583 ‹‹
727 1531 919 1605 λάθρα,
976 1556 1003 1583 ››
1060 1538 1222 1588 τοῦτο
1278 1533 1503 1611 κρύφιόν
1564 1534 1697 1607 ἐστι,
1757 1536 1846 1589 καὶ
1906 1536 1983 1607 μή

327 1620 601 1695 παρόντος
628 1624 726 1675 τοῦ
765 1620 1071 1695 ἀνθρώπου.
1103 1622 1163 1675 Τί
1202 1619 1257 1676 δέ
1300 1622 1411 1677 ἐστι
1442 1623 1786 1691 καταλαλιά;
1818 1626 1982 1697 Ὅπερ

325 1708 390 1763 οὐ
450 1706 673 1764 δύνασαι
726 1709 895 1764 εἰπεῖν
952 1708 1253 1785 ἔμπροσθεν
1323 1711 1508 1781 αὐτοῦ,
1571 1710 1716 1767 ἀλλὰ
1767 1708 1984 1767 ὄπισθεν

324 1797 491 1853 αὐτοῦ
523 1796 737 1871 λαλεῖν,
770 1796 1038 1874 λοιδορῶν
1070 1800 1253 1867 αὐτὸν,
1286 1800 1593 1856 καταλαλιά
1629 1800 1768 1856 ἐστιν
1820 1801 1978 1872 αὐτή.

330 1886 527 1954 Βλέπε,
561 1886 797 1963 φύλαττε
845 1890 945 1957 τὴν
995 1888 1246 1963 γλῶσσάν
1308 1910 1403 1943 σου
1461 1891 1566 1943 ἀπὸ
1623 1888 1979 1958 καταλαλιᾶς,
2012 1923 2059 1987 Β

322 1975 415 2031 καὶ
468 1977 573 2030 ἀπὸ
620 1981 810 2045 κακοῦ,
860 1976 951 2031 καί
990 1979 1187 2039 παντὸς
1237 1978 1422 2053 ὅρκου,
1468 1978 1556 2033 καὶ
1605 1976 1852 2052 ψεύδους
1892 1978 1981 2033 καὶ

331 2062 608 2137 μηδέποτε
663 2064 951 2140 τολμήσῃς
1014 2067 1209 2139 ὀμόσαι
1265 2068 1356 2122 τὸν
1413 2069 1539 2123 Θεὸν
1585 2068 1620 2137 ἢ
1671 2065 1912 2137 δικαίως,
1945 2070 1980 2137 ἢ

320 2150 548 2216 ἀδίκως.
601 2156 656 2207 Ὁ
703 2154 803 2231 γὰρ
870 2155 1087 2228 ὀμνύων
1145 2157 1236 2211 τὸν
1297 2158 1426 2212 Θεὸν
1482 2157 1569 2211 καὶ
1630 2152 1978 2232 παραϐαίνων

322 2244 416 2298 τὸν
475 2244 641 2318 λόγον
699 2248 795 2297 τοῦ
843 2243 1042 2318 Κυρίου
1092 2250 1187 2299 τοῦ
1238 2241 1508 2307 εἰπόντος’
1542 2270 1569 2299 ι(
1601 2248 1688 2314 Μὴ
1758 2246 1978 2319 ὀμόσεις

327 2329 497 2397 ὅλως,
532 2334 671 2404 μήτε
701 2332 752 2387 ἐν
783 2338 864 2406 τῷ
895 2331 1106 2408 ούρανῷ
1141 2337 1279 2407 μήτε
1311 2334 1362 2388 ἐν
1394 2339 1462 2409 τῇ
1638 2360 1667 2386 ››
1696 2334 1777 2389 ὅτι
1829 2336 1979 2389 οὗτοι

323 2421 379 2475 οἱ
424 2420 722 2492 ὀμνύοντες
780 2422 855 2483 εἰς
908 2421 1132 2477 κόλασιν
1185 2423 1406 2478 αἰώνιον
1463 2424 1798 2498 ἀπέρχονται
1848 2423 1982 2496 μετά

325 2513 426 2563 τοῦ
455 2511 661 2585 πατρὸς
692 2510 864 2566 αὐτῶν
896 2516 993 2566 τοῦ
1048 2518 1280 2569 Σατανᾶ.
1314 2511 1493 2568 Ἀλλὰ
1540 2511 1785 2588 βλέπετε,
1819 2510 1979 2568 ἀδελ-

320 2597 416 2675 φοί
451 2620 579 2671 μου,
615 2598 882 2676 φυλάξατε
920 2602 1017 2669 τὴν
1067 2600 1319 2675 γλῶσσαν
1366 2602 1471 2657 ἀπὸ
1520 2601 1707 2675 ὅρκου,
1744 2602 1847 2655 ἀπὸ
1892 2603 1979 2677 γέ-

322 2685 529 2757 λωτος,
590 2690 696 2743 ἀπὸ
754 2686 1025 2765 φλυαρίας
1088 2690 1338 2763 ματαίας,
1398 2691 1505 2745 ἀπὸ
1563 2690 1789 2766 ἀκαίρου
1836 2691 1978 2764 πρά-

330 2797 564 2848 γματος,
594 2777 684 2832 καὶ
737 2777 844 2833 ἀπὸ
899 2779 1096 2841 παντὸς
1154 2776 1407 2852 ψεύδους*
1440 2781 1530 2833 καὶ
1590 2779 1783 2835 λοιπὸν
1844 2776 1980 2834 ἔστω

336 2866 463 2937 ὑμῖν
518 2866 582 2920 τὸ
639 2868 748 2937 ναὶ,
779 2867 867 2921 καὶ
914 2869 977 2922 τὸ
1027 2867 1110 2937 οὓ,
1144 2867 1228 2923 ού⁸
1258 2870 1321 2923 τὸ
1379 2868 1436 2924 δὲ
1490 2869 1742 2944 περισσὸν
1792 2867 1978 2923 λαλεῖν

332 2955 424 3009 καὶ
485 2954 706 3029 ὀμνύειν
763 2954 862 3011 τοῦ
916 2962 1162 3034 πονηροῦ
1220 2958 1384 3015 ἐστιν.
1422 2959 1543 3016 Ἐὰν
1590 2957 1647 3013 δὲ
1688 2960 1825 3013 κατὰ
1880 2963 1980 3013 σοῦ

328 3042 543 3119 γένοιτο
592 3047 738 3121 παρά
782 3066 930 3107 τινος
985 3044 1206 3118 ὀμόσαι,
1239 3047 1380 3101 εἰπέ·
1417 3068 1437 3097 ι
1477 3048 1762 3117 ’ΔΛήΘειαν
1810 3045 1976 3122 λέγω,

329 3133 419 3187 καὶ
455 3133 518 3188 ού
542 3132 833 3207 ψεύδομαι,
870 3160 891 3187 ιι
925 3135 1015 3189 καὶ
1048 3133 1176 3213 ἄφες
1209 3134 1395 3194 αὐτόν.
1436 3137 1586 3194 Μετά
1625 3134 1830 3211 ἀνδρῶν
1889 3136 1978 3191 καὶ

331 3226 606 3295 γυναικῶν
647 3221 903 3300 φλυαρῶν
957 3224 1032 3295 μὴ
1086 3224 1431 3299 συγκαθίσῃς,
1465 3224 1614 3286 ὅπως
1667 3225 1979 3299 ὑπαντήσῃς

2104 661 2283 716 raque
2330 645 2607 701 similiter
2654 647 2913 701 observa.
2985 646 3176 702 Primo
3227 646 3449 702 nemini
3481 663 3742 719 unquam

2102 733 2405 799 obtrectes,
2441 750 2545 789 nec
2578 735 3001 791 obtrectantem
3034 735 3260 791 audias.
3286 737 3392 792 Sed
3429 737 3477 791 si
3510 736 3742 809 quando

2102 822 2158 876 in
2194 826 2611 879 obtrectantem
2646 825 2941 892 incideris,
2976 826 3109 897 fuge
3150 834 3321 897 atque
3352 826 3487 881 inde
3519 826 3740 894 recede,

2100 913 2354 982 sedeque
2385 913 2543 967 domi
2576 917 2640 967 ut
2670 928 2741 967 ne
2784 912 2952 968 illum
3012 914 3344 981 auscultes;
3377 914 3458 969 ibi
3507 919 3742 986 peccata

2100 1000 2233 1055 ﬂeto
2267 1006 2388 1071 tua,
2424 1006 2489 1056 ut
2528 1016 2597 1056 ne
2645 1001 2725 1057 sis
2773 1003 3145 1058 obtrectatori
3183 1002 3416 1067 similis,
3458 1006 3632 1075 atque
3664 1005 3737 1060 ad

2099 1093 2307 1144 aeterna
2343 1091 2516 1145 abeas
2542 1090 2848 1162 supplicia,
2901 1091 2972 1145 ad
3020 1090 3236 1163 ignitos
3284 1092 3586 1158 dracones,
3637 1092 3740 1164 qui

2097 1181 2260 1232 tuam
2313 1180 2622 1235 corrodent
2670 1178 2953 1251 linguam.
3018 1180 3113 1235 Ait
3158 1179 3372 1253 quippe
3436 1185 3588 1237 Deus
3637 1197 3740 1253 per

2098 1267 2447 1339 Prophetam
2486 1286 2497 1324 :
2539 1291 2558 1317 α
2600 1268 3009 1324 Detrahentem
3041 1274 3259 1325 secreto
3312 1270 3574 1341 proximo
3608 1287 3737 1339 suo,

2098 1357 2253 1412 hunc
2286 1358 2677 1427 persequebar
2707 1358 2785 1425 58;
2824 1381 2844 1407 ι
2882 1357 3028 1413 illud
3051 1358 3231 1426 enim,
3264 1380 3292 1408 «
3342 1363 3587 1429 secreto,
3624 1382 3652 1409 ››
3679 1360 3738 1415 id

2095 1450 2203 1511 est,
2251 1447 2311 1500 in
2362 1447 2728 1513 abscondito,
2781 1463 2887 1502 nec
2936 1452 3219 1517 prasente
3279 1446 3535 1503 homine.
3587 1448 3737 1514 Quid

2027 1538 2040 1550 ⁸
2098 1552 2270 1606 porro
2294 1540 2381 1591 est
2412 1535 2755 1591 obtrectatio
2779 1536 2806 1589 ?
2838 1537 2999 1601 Quod
3033 1553 3149 1592 non
3202 1540 3365 1608 potes
3409 1553 3602 1594 coram
3637 1536 3736 1594 illo

2094 1624 2307 1690 dicere,
2340 1626 2440 1680 sed
2473 1642 2507 1680 a
2535 1629 2694 1697 tergo
2728 1625 3083 1681 maledicens
3116 1626 3358 1696 profers,
3390 1626 3499 1681 hoc
3527 1631 3616 1683 est
3635 1628 3739 1683 ob-

2093 1714 2381 1768 trectatio.
2415 1717 2563 1769 Cave
2608 1715 2869 1786 linguam
2915 1714 3186 1770 cohibeas
3229 1718 3392 1769 tuam
3444 1715 3513 1770 ab
3541 1715 3740 1772 obtre-

2092 1803 2365 1867 ctatione,
2416 1819 2449 1857 a
2484 1803 2637 1858 malo
2699 1803 2927 1874 quovis,
2979 1803 3051 1858 ab
3099 1803 3259 1858 omni
3292 1805 3629 1875 juramento
3678 1810 3737 1861 et

2093 1891 2395 1946 mendacio
2429 1908 2442 1946 :
2477 1907 2667 1963 neque
2697 1908 2959 1962 unquam
2983 1892 3142 1948 ausis
3174 1908 3276 1963 per
3296 1892 3735 1965 Deum,siveju-

2093 1986 2184 2035 sta
2214 1981 2333 2035 sive
2363 1980 2586 2051 injuste
2630 1981 2699 2036 de
2752 1997 2931 2037 causa
2968 1981 3189 2051 jurare.
3236 1982 3383 2037 Nam
3434 1982 3533 2053 qui
3568 1983 3735 2055 jurat

2093 2086 2194 2141 per
2226 2075 2430 2135 Deum,
2458 2069 2510 2125 is
2539 2070 2780 2125 verbum
2813 2070 3045 2126 Domini
3071 2071 3501 2142 transgreditur
3529 2072 3733 2127 dicen-

2092 2159 2168 2212 tis
2204 2174 2216 2213 :
2254 2182 2279 2207 (ι
2312 2158 2435 2213 Non
2462 2158 2697 2227 jurabis
2729 2158 2992 2224 omnino,
3025 2175 3212 2230 neque
3243 2175 3345 2230 per
3390 2159 3599 2215 ccelum
3633 2176 3733 2216 ne-

2092 2263 2205 2317 que
2236 2264 2338 2318 per
2367 2253 2582 2301 terram
2614 2247 2657 2281 "9
2691 2263 2703 2302 :
2743 2269 2763 2295 ιο
2800 2247 2935 2317 quia
2966 2246 3067 2317 qui
3090 2248 3318 2317 jurant,
3350 2248 3409 2303 in
3454 2253 3737 2304 aeternum

2092 2351 2224 2390 cum
2259 2341 2420 2406 patre
2451 2352 2557 2391 suo
2585 2336 2802 2391 Satana
2831 2337 3049 2391 abeunt
3078 2336 3453 2407 supplicium.
3507 2337 3617 2393 Sed
3644 2354 3740 2393 ca-

2089 2428 2301 2489 vetote,
2324 2424 2531 2480 fratres
2563 2424 2699 2489 mei,
2732 2424 2997 2496 linguam
3031 2425 3351 2481 cohibeatis
3380 2443 3414 2481 a
3440 2426 3739 2496 juramen-

2091 2518 2170 2581 to,
2202 2530 2234 2567 a
2257 2513 2399 2579 risu,
2435 2530 2468 2568 a
2497 2529 2645 2568 vana
2676 2513 2971 2579 futilitate,
3003 2515 3075 2569 ab
3122 2513 3532 2585 intempestivo
3565 2530 3740 2587 nego-

2090 2601 2170 2655 tio
2202 2602 2359 2656 etab
2393 2601 2553 2656 omni
2585 2600 2887 2656 mendacio
2943 2620 2955 2657 :
2997 2619 3062 2657 ac
3111 2603 3347 2659 demum
3399 2603 3477 2657 sit
3522 2604 3689 2658 vobis
3723 2617 3737 2659 :

2091 2690 2194 2757 Ita,
2232 2690 2311 2744 ita
2338 2706 2352 2755 ;
2379 2695 2454 2756 et,
2484 2690 2630 2759 Non,
2665 2707 2777 2745 non
2814 2708 2826 2745 :
2863 2691 2911 2745 si
2944 2690 3084 2761 quid
3126 2689 3374 2745 ulterius
3405 2690 3561 2746 enim
3593 2706 3738 2762 aga-

2089 2783 2207 2845 tur,
2240 2779 2566 2849 sijuratur,
2600 2779 2659 2833 id
2701 2778 2945 2850 maligni
2993 2782 3084 2835 est
3128 2780 3199 2835 ⁸ο.
3240 2779 3402 2841 Quod
3435 2779 3483 2834 si
3512 2778 3737 2833 accidat

2090 2868 2429 2939 quempiam
2460 2868 2764 2923 adversum
2795 2872 2853 2922 ta
2874 2869 3095 2937 jurare,
3120 2868 3211 2922 die
3239 2868 3284 2905 θι
3321 2884 3379 2922 ζα
3414 2865 3730 2922 Veritatem

2090 2956 2218 3012 dico
2250 2961 2305 3011 et
2326 2973 2440 3011 non
2472 2957 2743 3025 mentior,
2789 2979 2810 3007 ιι
2848 2972 2915 3011 ac
2964 2955 3191 3011 dimitte
3229 2955 3416 3011 illum.
3468 2960 3609 3011 Cum
3640 2956 3729 3010 vi-

2091 3046 2171 3100 ris
2200 3051 2257 3101 et
2283 3046 2628 3102 mulieribus
2656 3063 2726 3102 ne
2756 3046 2960 3101 sedeas
3010 3050 3073 3101 ut
3120 3044 3314 3101 iutilia
3344 3047 3584 3117 loquare
3615 3064 3630 3113 ;
3664 3049 3728 3101 ut

2090 3133 2149 3187 in
2182 3133 2282 3188 illa
2313 3135 2404 3189 die
2434 3134 2728 3206 inculpata
2759 3134 2877 3189 Deo
2917 3151 3209 3202 occurras,
3261 3136 3497 3206 quando
3526 3140 3731 3190 ventu-

2091 3239 2191 3278 rus
2222 3229 2311 3278 est
2336 3222 2392 3276 in
2426 3224 2634 3278 throno
2665 3224 2860 3293 gloriae
2892 3240 3032 3279 suae.
3084 3225 3249 3279 Tunc
3278 3224 3735 3279 obtrectatorum

330 3292 413 3383 τῷ
444 3311 561 3381 Θεῷ
593 3292 744 3385 ἐν’τῇ
775 3292 966 3387 ημέρᾳγ
988 3292 1310 3386 ἀμέμπτως,
1344 3292 1466 3367 όταν
1504 3312 1683 3387 μέλλῃ
1726 3292 1978 3388 ἔρχεσθαι

2093 3314 2297 3368 dentes
2329 3314 2401 3367 ab
2449 3312 2811 3367 immanibus
2854 3311 3081 3384 angelis
3130 3317 3521 3369 conterentur.
3574 3315 3741 3369 Tunc

330 3399 419 3455 ἐπὶ
454 3400 640 3476 θρόνον
674 3397 834 3471 δόξης
879 3399 1061 3457 αὐτοῦ.
1094 3401 1233 3457 Τότε
1279 3407 1385 3455 τῶν
1431 3400 1884 3456 καταλαλούντων
1931 3402 1982 3456 οἱ

331 3486 549 3550 ὀδόντες
610 3490 711 3544 ὑπὸ
764 3494 873 3544 τῶν
936 3485 1230 3561 ἀποτόμων
1271 3490 1523 3565 ἀγγέλων
1585 3486 1979 3565 συντρίϐονται.

327 3577 459 3632 Τότε
506 3582 616 3633 τῶν
665 3578 972 3651 ὀμνυόντων
1024 3581 1091 3634 τὰ
1136 3579 1379 3651 στόματα
1411 3578 1513 3634 ὑπό
1562 3575 1822 3635 ἀσϐέστου
1878 3601 1980 3635 πυ-

333 3669 426 3743 ρὸς
458 3666 875 3745 ἐμφράττονται.
906 3668 1036 3723 Τότε
1065 3673 1173 3723 τῶν
1202 3666 1555 3723 διανευόντων
1600 3670 1649 3723 οἱ
1702 3666 1979 3747 ὀφθαλμοὶ

332 3755 433 3810 ὑπὸ
465 3755 832 3832 ἀσπλάγχνων
861 3757 951 3811 καὶ
1001 3754 1383 3828 ἀνελεημόνων
1431 3756 1676 3832 ἀγγέλων
1712 3756 1979 3832 ἐξορίζον-

330 3865 440 3903 ται.
492 3844 623 3900 Τότε
678 3846 731 3899 οἱ
788 3845 1054 3921 γελῶντες
1119 3850 1329 3921 πικρῶς
1383 3845 1700 3902 κλαύσουσι.
1751 3841 1881 3901 Τότε
1928 3847 1979 3901 οἱ

329 3933 696 4011 φλυαροῦντες
769 3933 976 3989 ἐλεεινὰ
1058 3936 1395 4002 στενάζουσιν
1428 3982 1443 4005 ,
1498 3931 1978 4005 καταδικαζόμενοι

328 4022 407 4083 εἰς
437 4024 531 4077 τὸν
564 4023 788 4096 πύρινον
821 4023 1092 4096 ποταμὸν,
1126 4023 1201 4085 εἰς
1241 4022 1334 4078 τὸν
1387 4024 1650 4093 σκώληκα
1695 4024 1785 4077 τὸν
1835 4024 1980 4078 ἀκοί-

332 4131 532 4185 μητον,
566 4112 643 4174 εἰς
687 4113 779 4167 τὸν
831 4109 999 4167 δεινὸν
1050 4109 1208 4183 ᾅδην,
1242 4112 1316 4174 εἰς
1366 4112 1430 4166 τὸ
1480 4111 1668 4173 σκότος
1707 4113 1769 4166 τὸ
1799 4111 1981 4181 ἐξώτε-

332 4220 452 4275 ρον,
487 4201 563 4263 εἰς
594 4200 685 4256 τὸν
718 4202 912 4278 πικρὸν
962 4199 1267 4274 κλαυθμὸν,
1300 4200 1375 4262 εἰς
1417 4202 1509 4255 τὸν
1573 4200 1810 4274 βρυγμὸν
1870 4204 1977 4256 τῶν

334 4287 595 4361 ὀδόντων,
628 4290 703 4352 εἰς
731 4292 830 4359 τὴν
884 4285 1139 4345 ἄσϐεστον
1190 4288 1651 4362 κάμινονηΒλέπε
1698 4290 1773 4360 μὴ
1821 4310 1981 4343 κατα·

329 4374 594 4452 διωσθῇς
647 4379 723 4440 εἰς
778 4380 875 4441 τὰς
929 4378 1180 4440 κολάσεις
1241 4375 1463 4439 ἐκείνας.
1524 4375 1695 4432 Βλέπε
1755 4379 1829 4449 μὴ
1892 4374 1980 4432 διὰ

332 4466 527 4542 μικρὰν
560 4466 875 4541 γλυκύτητα
912 4471 1009 4521 τοῦ
1057 4467 1267 4538 κόσμου
1313 4465 1509 4521 τούτου
1556 4469 1653 4519 τοῦ
1702 4486 1979 4541 παρερχο-

330 4555 496 4629 μένου
526 4552 927 4629 καταδικασθῇς
960 4554 1037 4617 εἰς
1084 4555 1303 4608 αἰώνιον
1351 4552 1574 4609 κόλασιν
1626 4553 1798 4609 αἰῶνα
1845 4554 1977 4609 αἰῶ-

322 4666 434 4713 νος,
473 4644 549 4707 εἰς
580 4644 648 4700 τὰ
676 4644 1017 4717 κολαθτήρια
1060 4643 1255 4698 ἐκεῖνα.
1293 4642 1368 4697 Σὺ
1420 4642 1497 4707 δὲ,
1531 4643 1619 4697 ἐὰν
1663 4643 1819 4717 θέλῃς
1869 4665 1977 4698 σωο

2093 4646 2157 4701 ad
2191 4650 2471 4702 aeternum
2503 4647 2856 4718 supplicium
2884 4665 2897 4714 ;
2933 4664 3098 4703 serva
3128 4663 3254 4717 quae
3283 4648 3455 4703 audis

326 4735 508 4803 θῆναι,
539 4733 628 4788 καὶ
680 4732 938 4788 εἰσελθεῖν
990 4732 1066 4793 εἰς
1108 4733 1207 4799 τὴν
1259 4730 1528 4804 βασιλείαν
1564 4730 1660 4786 τοῦ
1691 4736 1844 4800 Θεοῦ,
1889 4733 1979 4787 καὶ

330 4823 408 4894 μὴ
442 4820 702 4878 εἰσελθεῖν
760 4820 835 4883 εἷς
886 4822 986 4890 τήν
1033 4820 1253 4874 αἰώνιον
1296 4818 1545 4893 κόλασιν,
1576 4821 1711 4897 ἅπερ
1768 4821 1980 4883 ἀκούεις

326 4910 583 4988 φύλαξον·
619 4909 709 4965 καὶ
744 4910 925 4985 βίασαι
964 4910 1095 4986 ὑπὲρ
1147 4909 1281 4963 αὐτὰ
1319 4906 1425 4971 ἕως
1458 4908 1711 4977 Θανάτου,
1738 4907 1829 4965 ’ίνα
1858 4931 1979 4964 στε-

328 5004 585 5077 φανωθῇς
615 4998 762 5074 παρά
810 5003 1043 5075 Χριστοῦ
1094 4996 1191 5053 τοῦ
1245 5002 1399 5065 Θεοῦ,
1430 4996 1553 5053 ὅταν
1607 4997 1785 5073 μέλλῃ
1832 4997 1977 5074 ἐρευ-

323 5095 417 5160 νᾷν
473 5090 541 5144 τὰ
594 5088 807 5164 κρυπτά
862 5090 1061 5159 πάντα,
1090 5087 1157 5143 τά
1186 5088 1236 5142 ἐν
1286 5086 1435 5142 νυκτὶ
1482 5086 1572 5143 καὶ
1619 5088 1820 5161 ἡμέρᾳ,
1853 5087 1975 5142 ὅταν

331 5176 627 5252 μέλλωμεν
659 5179 853 5240 πάντες
885 5179 1084 5253 γυμνοὶ
1144 5177 1233 5231 καὶ
1290 5174 1792 5253 τετραχηλισμένοι
1842 5196 1978 5251 παρ-

327 5267 565 5323 ίστασθαι
622 5273 703 5339 τῷ
766 5267 999 5340 βήματι,
1055 5268 1116 5321 τὸ
1176 5261 1431 5342 φοϐερὸν,
1490 5266 1665 5339 οἶμαι,
1723 5264 1978 5339 αἰσχυνό-

330 5377 602 5429 μινοι.....

396 5448 449 5502 2.
485 5448 682 5502 ’Ἄκουε
714 5441 906 5500 λοιπὸν
951 5444 1047 5498 κᾶν
1080 5444 1215 5515 ἀνὴρ
1266 5440 1362 5497 κᾶν
1412 5444 1571 5518 γυνὴ,
1602 5442 1691 5497 καὶ
1742 5440 1976 5521 φύλαξον

327 5536 462 5610 ἅπερ
520 5531 839 5609 παρέδωκαν
900 5535 952 5589 οἱ
982 5535 1123 5610 ἅγιοι
1186 5531 1507 5603 ἀπόστολοι,
1538 5532 1629 5587 ’ίνα
1663 5534 1776 5605 μετ’
1804 5531 1977 5586 αὐτῶν

1389 5750 1435 5785 ⁸ο
1463 5749 1587 5806 Jac.
1619 5767 1675 5817 ν,
1711 5749 1796 5807 12.

396 5752 439 5788 ⁸⁸
470 5749 593 5810 Pal.
627 5766 676 5808 c-
699 5751 754 5807 5.
830 5750 875 5788 ⁸⁸
906 5749 1109 5809 Matth.
1135 5765 1193 5819 v,
1223 5750 1314 5808 34.

2086 3401 2416 3472 jurantium
2449 3418 2550 3456 ora
2580 3402 2715 3472 igne
2733 3417 3034 3473 nunquam
3058 3401 3480 3473 exstinguenda
3506 3404 3744 3458 obtura-

2095 3490 2334 3546 buutur.
2369 3492 2532 3545 Tunc
2557 3490 2948 3545 annuentium
2994 3490 3149 3547 oculi
3200 3490 3273 3546 ab
3318 3490 3739 3546 immisericor-

2094 3580 2270 3635 dibus
2298 3583 2356 3634 et
2381 3580 2835 3634 inclementibus
2859 3579 3083 3652 angelis
3104 3578 3543 3651 exsculpentur.
3580 3581 3744 3635 Tunc

2095 3668 2193 3740 qui
2245 3668 2524 3733 riserunt,
2609 3684 2807 3723 amare
2868 3669 3106 3724 ﬂebunt.
3173 3669 3338 3723 Tunc
3389 3669 3489 3739 qui
3538 3670 3741 3740 nugati

2094 3761 2253 3821 sunt,
2286 3756 2700 3813 miserabiliter
2727 3760 3180 3829 congemiscent,
3233 3757 3305 3811 ad
3353 3756 3593 3829 igneum
3635 3757 3739 3812 da-

2095 3846 2274 3900 mnati
2308 3846 2572 3915 fluvium,
2607 3846 2678 3899 ad
2708 3860 2964 3900 vermem
3010 3860 3313 3915 nunquam
3364 3844 3735 3915 moriturum,

2091 3937 2164 3991 ad
2210 3940 2464 3990 atrocem
2511 3934 2829 4003 infernum,
2891 3934 2961 3988 ad
3036 3933 3309 3988 tenebras
3396 3932 3730 4000 exteriores,

2090 4025 2159 4079 ad
2203 4025 2476 4079 acerbum
2536 4022 2759 4089 ﬂetum,
2814 4022 2886 4077 ad
2939 4022 3249 4077 stridorem
3309 4021 3596 4086 dentium,
3659 4022 3732 4076 ad

2090 4114 2385 4168 caminum
2445 4128 2560 4166 non
2628 4110 3141 4182 exstinguendum.
3200 4110 3441 4165 Provide
3494 4110 3599 4166 tibi
3660 4128 3733 4166 ne

2090 4203 2160 4256 ad
2191 4200 2292 4255 illa
2322 4200 2614 4272 supplicia
2643 4201 2960 4256 damneris.
3012 4199 3161 4256 Cave
3205 4215 3278 4255 ne
3320 4200 3393 4257 ob
3443 4202 3731 4256 modicam

2087 4289 2446 4360 voluptatem
2481 4288 2659 4360 hujus
2692 4290 2897 4344 mundi
2930 4290 3030 4362 qui
3080 4289 3357 4360 praeterit,
3408 4290 3478 4345 ad
3528 4306 3731 4361 poenas

2089 4378 2384 4434 damneris
2416 4383 2662 4435 aeternas
2693 4380 2752 4434 in
2784 4380 3064 4435 saeculum
3096 4378 3291 4435 saeculi
3321 4379 3731 4445 duraturas,in

2090 4467 2208 4523 illis
2241 4473 2666 4523 tormentorum
2717 4468 2881 4523 locis.
2933 4470 3018 4523 Tu
3069 4486 3202 4523 vero
3250 4470 3299 4523 si
3347 4468 3433 4524 vis
3481 4468 3731 4523 salutem

2088 4556 2391 4628 consequi,
2425 4561 2603 4628 atque
2624 4557 2847 4628 ingredi
2883 4558 2940 4612 in
2964 4574 3211 4629 regnum
3236 4557 3353 4626 Dei,
3386 4574 3500 4612 non
3533 4562 3730 4612 autem

3515 4664 3528 4701 :
3580 4647 3732 4702 vim-

2087 4751 2202 4806 que
2230 4735 2337 4790 tibi
2367 4735 2518 4790 infer
2546 4752 2749 4791 eorum
2784 4752 2963 4791 causa
3009 4752 3193 4806 usque
3244 4740 3314 4791 ad
3366 4740 3631 4802 mortem,
3666 4740 3731 4791 ut

2088 4824 2383 4880 coroneris
2410 4841 2442 4879 a
2471 4824 2701 4881 Christo
2755 4829 2889 4893 Deo,
2931 4841 3063 4881 cum
3117 4824 3346 4881 occulta
3375 4824 3571 4881 omnia
3598 4829 3726 4881 tum

2088 4917 2256 4969 nocte
2288 4919 2410 4968 tum
2473 4914 2569 4968 die
2602 4918 2767 4984 gesta
2798 4914 3282 4985 perscrutabitur,
3317 4915 3551 4986 quando
3576 4915 3729 4970 futu-

2089 5018 2221 5056 rum
2251 5007 2340 5055 est
2373 5006 2434 5056 ut
2461 5001 2601 5056 nudi
2628 5018 2831 5057 omnes
2861 5007 2918 5057 et
2948 5002 3243 5058 manifesti
3284 5002 3568 5060 sistamur
3596 5009 3730 5058 ante

2086 5089 2366 5160 tribunal,
2400 5090 2557 5161 quod
2590 5090 2952 5146 horrendum
3004 5107 3147 5148 sane
3176 5098 3282 5148 est.
3334 5096 3402 5148 Et
3447 5092 3545 5149 alii
3597 5092 3729 5163 qui-

2087 5180 2414 5234 dem....

2156 5447 2209 5501 2.
2244 5446 2395 5501 Audi
2428 5448 2664 5502 demum
2694 5448 2817 5503 sive
2846 5448 2951 5515 vir,
2986 5448 3105 5504 sive
3148 5445 3363 5503 mulier
3408 5461 3493 5513 es,
3543 5448 3600 5501 et
3629 5446 3731 5502 ob-

2089 5551 2254 5590 serva
2284 5551 2414 5606 qua:
2444 5538 2630 5591 sancti
2651 5536 3061 5592 tradiderunnt
3086 5534 3427 5607 apostoli,ut
3454 5549 3572 5591 una
3594 5548 3727 5589 sum

1871 5749 1913 5784 δι
1949 5749 1970 5804 I
2002 5748 2151 5805 Tim.
2186 5765 2248 5819 ιι,
2281 5749 2335 5803 7.
