4092 6218
337 370 488 433 illi

342 612 452 668 que
481 595 597 649 Deo
648 594 924 650 conﬁtere
981 600 1218 667 peccata
1275 602 1376 652 tua
1433 614 1558 669 quas
1616 596 1984 670 perpetrasti.

341 684 456 755 (37)
488 684 648 749 Quod
680 682 730 738 si
764 700 855 738 res
888 700 1002 739 non
1038 685 1179 740 bene
1230 687 1595 757 processerit,
1647 702 1835 757 neque
1866 702 1992 757 pro-

343 771 523 844 pitius
556 771 650 826 ille
685 772 877 839 fuerit,
910 790 982 829 ne
1012 774 1082 829 ad
1116 791 1264 845 opus
1294 776 1536 831 accedas
1562 780 1752 843 tuum,
1805 791 1989 847 quan-

342 862 658 933 doquidem
692 879 806 917 non
821 862 1333 919 estbenedictum:
1365 864 1456 920 sin
1483 864 1772 936 propitius
1796 863 1988 934 fuerit,

341 954 482 1006 tunc
515 968 663 1023 opus
698 952 873 1007 adeas
926 957 1119 1018 tuum,
1171 952 1313 1007 illud
1364 958 1517 1008 Deus
1576 952 1886 1023 benedicit,
1920 967 1991 1007 ne

341 1037 447 1095 tibi
480 1039 706 1094 malum
758 1040 1019 1095 accedat.
1060 1041 1201 1096 Cum
1238 1058 1409 1097 mane
1458 1043 1804 1108 surrexeris,
1838 1041 1991 1113 ﬁgu-

340 1145 470 1184 ram
503 1129 841 1183 venerandis
873 1132 929 1184 et
958 1129 1195 1185 viviﬁcae
1229 1130 1421 1186 crucis
1452 1130 1728 1186 omnibus
1757 1130 1876 1186 tuis
1907 1130 1990 1186 fa-

346 1217 456 1274 cito
490 1218 808 1285 membris;
841 1222 898 1274 et
928 1218 1069 1273 dum
1102 1218 1393 1288 ambulas,
1427 1220 1753 1288 decumbis,
1806 1219 1991 1290 Burgi,

350 1324 579 1378 semper
613 1306 791 1361 dicito
828 1324 839 1362 :
872 1307 1117 1363 Domine
1143 1309 1279 1363 Jesu
1307 1308 1555 1375 Christe,
1614 1309 1825 1379 adjuva
1877 1324 1990 1364 me.

348 1397 569 1461 Quarta
600 1396 769 1464 feria,
799 1400 856 1451 et
886 1412 1214 1468 parasceve,
1249 1413 1350 1453 seu
1379 1398 1520 1453 feria
1558 1403 1740 1466 sexta,
1764 1398 1989 1469 jejuna.

346 1484 489 1540 Aliis
519 1485 748 1552 diebus,
783 1486 871 1541 tui
901 1490 991 1541 est
1016 1486 1244 1543 arbitrii
1294 1488 1583 1559 jejunare,
1634 1487 1721 1543 vel
1772 1504 1884 1542 non
1911 1488 1994 1558 je-

340 1574 573 1645 junare.
626 1578 896 1630 Attamen
943 1591 1048 1646 par
1093 1579 1183 1631 est
1223 1580 1289 1631 ut
1337 1575 1616 1632 mulieres
1665 1591 1897 1647 semper
1912 1577 1995 1645 je-

342 1663 578 1734 juuent.
614 1662 764 1717 Illud
795 1662 883 1719 vel
915 1680 1044 1719 sero
1075 1666 1311 1721 tandem
1360 1666 1654 1733 obervato,
1695 1665 1992 1721 diabolum

350 1750 572 1807 scilicet
602 1751 965 1807 iracundiam
997 1753 1102 1807 tibi
1148 1753 1488 1819 immittere,
1539 1758 1603 1809 ut
1646 1769 1995 1810 succenseas

348 1844 408 1896 et
445 1840 702 1895 animam
749 1841 959 1912 perdas
1024 1845 1210 1897 tuam.
1273 1841 1784 1898 Mansuetudinem
1846 1846 2073 1931 DeusB

348 1929 458 1985 tibi
490 1930 642 1983 436
668 1929 913 1999 dederit,
950 1932 1014 1985 ut
1043 1945 1147 2002 per
1197 1931 1711 1986 mansuetudinem
1764 1935 1820 1985 et
1848 1930 1994 1985 elee-

346 2034 651 2090 mosynam
686 2018 936 2073 salutem
968 2019 1374 2091 consequaris.
1415 2022 1482 2075 Et
1511 2020 1758 2075 observa
1804 2036 1995 2091 quan-

347 2110 556 2165 donam
588 2126 620 2163 a
651 2114 703 2163 te
735 2108 1007 2165 diabolus
1041 2110 1248 2182 fugiat,
1299 2115 1424 2166 tum
1476 2110 1701 2167 scilicet
1748 2108 1996 2165 maxime

350 2213 486 2254 cum
516 2198 725 2252 viderit
756 2198 947 2254 crucis
980 2203 1183 2270 typum
1218 2199 1276 2257 in
1334 2200 1546 2271 fronte,
1607 2199 1667 2253 in
1723 2214 1821 2253 ore
1853 2203 1909 2253 et
1936 2197 1995 2251 in

346 2288 518 2343 corde
567 2290 687 2341 tuo.
752 2288 905 2359 Fuge
934 2304 1168 2360 quoque
1198 2290 1608 2360 pugnas,jure
1657 2305 1730 2344 an
1781 2287 2001 2359 injuria

347 2377 681 2443 suscitatas,
717 2381 781 2431 ut
811 2393 881 2432 ne
929 2378 1141 2448 perdas
1171 2378 1430 2433 animam
1458 2383 1644 2434 tuam.
1702 2379 1996 2448 Scriptum

353 2472 444 2524 est
488 2470 643 2524 enim
680 2486 691 2522 :
732 2490 759 2518 «
803 2469 907 2523 Vir
954 2470 1272 2525 iracundus
1322 2475 1381 2525 et
1438 2488 1691 2543 praeceps
1750 2470 1999 2527 suscitat

352 2573 577 2630 pugnas
607 2558 650 2592 δ’
684 2576 695 2613 :
733 2581 755 2610 ι
794 2557 1081 2615 Dominus
1111 2564 1305 2615 autem
1357 2560 1630 2631 angelum
1683 2558 1999 2615 immiseri-

350 2647 584 2701 oordem
631 2645 896 2700 immittit
936 2644 1041 2701 illi.
1093 2647 1175 2703 Ne
1236 2646 1587 2718 injuriarum
1640 2648 1991 2718 cujusquam

349 2734 615 2789 hominis
674 2735 1020 2791 recordere:
1056 2736 1157 2791 sed
1187 2740 1310 2793 esto
1370 2736 1494 2792 sine
1543 2735 1767 2791 malitia
1814 2740 1877 2790 ut
1905 2736 1999 2789 in-

350 2824 561 2879 fantes.
596 2825 691 2877 Ait
720 2823 933 2895 quippe
964 2824 1249 2881 Dominus
1289 2825 1344 2880 in
1398 2825 1729 2897 Evangeliis
1763 2841 1777 2880 :
1814 2847 1841 2874 »
1874 2824 1997 2879 Nisi

349 2913 609 2968 conversi
636 2913 862 2968 fueritis
895 2918 951 2969 et
990 2913 1329 2969 efliciamini
1378 2913 1535 2970 sicut
1580 2913 1830 2986 parvuli,
1883 2930 1996 2968 non

350 3000 646 3055 intrabitis
679 3001 737 3054 in
771 3016 1015 3073 regnum
1058 3002 1335 3057 cmlorum
1387 3002 1452 3056 ⁸³.
1508 3024 1537 3052 ››
1584 3002 1685 3057 Hic
1730 3001 1999 3056 animad-

345 3092 519 3155 verte,
554 3087 824 3158 parvulos
858 3105 970 3143 non
1004 3106 1287 3161 pugnare,
1320 3090 1421 3145 sed
1461 3094 1669 3145 mutuo
1722 3088 1998 3160 colloqui.

348 3175 430 3229 Ab
463 3175 621 3229 omni
667 3176 837 3246 plane
872 3175 1095 3231 malitia
1124 3179 1501 3234 excedamus.
1528 3180 2000 3245 Demum,frater,

352 3265 613 3319 imitator
643 3269 765 3318 esto
798 3280 1111 3335 puerorum
1144 3268 1332 3337 quoad
1369 3266 1759 3334 malitiam,ut
1787 3268 1858 3321 ab
1876 3284 1998 3323 om-

354 3352 414 3409 ni
446 3368 505 3406 re
539 3352 690 3406 mala
730 3351 1013 3409 libereris.
1045 3355 1195 3410 Audi
1226 3356 1568 3427 Apostolum
1628 3357 1711 3412 sic
1766 3356 2006 3427 loquen-

353 3446 472 3497 tem
508 3458 565 3494 ;‹‹
588 3440 679 3495 Sol
698 3457 808 3496 non
833 3442 1622 3515 occidatsuperiracundiam
1644 3446 1999 3501 vestram“...

356 3530 791 3602 Loquacitatem
834 3529 1075 3587 nimiam
1133 3532 1265 3588 odio
1315 3533 1487 3600 habe,
1518 3534 2006 3589 taciturnitatem-

345 3635 469 3691 que
503 3620 699 3690 potius
734 3635 887 3675 ama.
916 3621 977 3676 In
1020 3622 1192 3678 corde
1252 3626 1351 3677 tuo
1410 3627 1594 3693 orato,
1654 3639 1719 3679 ac
1777 3624 1952 3678 dicito
1988 3640 2001 3677 :

355 3731 383 3758 «
418 3714 566 3763 Deus
594 3709 882 3781 propitius
921 3714 1044 3767 esto
1102 3711 1247 3767 mihi
1298 3713 1585 3782 peccatori
1643 3713 1707 3766 ⁸⁵.
1773 3734 1800 3762 ››
1859 3712 2004 3767 Odio

354 3797 493 3853 item
528 3797 676 3853 habe
707 3798 823 3853 vini
857 3800 1203 3870 potationes,
1238 3800 1609 3873 nimiumque
1638 3801 2004 3858 cibum.0dio

357 3886 505 3941 habe
535 3887 974 3958 puriﬁcationes
1003 3904 1017 3945 :
1052 3888 1393 3946 saltationes
1422 3894 1478 3945 et
1506 3890 1820 3961 tragoedias
1846 3890 2000 3962 fuge;

359 3976 479 4031 haec
512 3982 651 4032 sunt
684 3976 897 4049 quippe
928 3978 1143 4033 diaboli
1178 3979 1322 4035 ludi.
1358 3979 1855 4036 Vestimentorum
1889 3980 2007 4035 cul-

358 4069 481 4119 tum
516 4066 648 4120 odio
683 4066 923 4136 habeas,
954 4084 1056 4124 nec
1091 4068 1400 4125 mollitiem
1430 4069 1740 4137 dilexeris;
1773 4070 1873 4126 sed
1910 4087 2007 4141 po—

359 4153 478 4207 tius
540 4153 960 4212 humanitatem
983 4156 1384 4230 vilitatemque
1416 4162 1653 4231 pr0pter
1673 4164 1851 4214 Deum
1880 4176 1892 4227 ;
1947 4163 2011 4213 ut

360 4242 489 4296 ideo
522 4247 576 4295 te
602 4243 871 4299 Christus
893 4248 950 4299 et
982 4249 1130 4301 Deus
1163 4251 1361 4302 noster
1391 4246 1603 4302 induat
1635 4247 1846 4303 stolam
1880 4246 2007 4319 glo-

364 4330 483 4395 riae,
516 4332 934 4387 vestimentum
964 4333 1725 4407 incorruptionis,coronam
1758 4336 2012 4409 pulchri-

364 4419 612 4486 tudinis,
650 4420 920 4477 diadema
951 4423 1103 4493 regis
1129 4440 1142 4491 ;
1172 4428 1237 4479 ut
1268 4427 1393 4480 tum
1423 4424 1637 4482 habeat
1681 4425 1879 4482 anima
1911 4431 2012 4482 tua

365 4508 642 4563 ﬁduciam
676 4525 812 4581 erga
843 4513 1046 4577 Deum,
1086 4512 1285 4569 dicens
1319 4531 1332 4569 :
1370 4515 1709 4583 Domine,ob
1742 4521 2011 4571 sanctum

1499 375 1563 435 S.
1611 373 2141 437 ATHANASIUS.
2166 407 2244 420 —
2277 375 2585 438 SPURIA.

337 505 490 578 Ipsis
520 519 757 577 vespere
789 505 1058 562 fruamur
1090 524 1103 575 ;
1135 507 1207 563 ad
1239 507 1557 565 Ecclesiam
1589 510 1864 577 concede,
1897 515 1983 564 at-

2111 505 2393 562 ίπολαυσώ
2402 527 2495 579 μεν
2563 504 2789 581 ἑσπέρας
2824 526 2835 540 ο

3595 373 3760 436 lii!

2913 506 3002 561 καὶ
3062 507 3198 581 πρὸς
3264 507 3362 575 τὴν
3424 504 3755 576 Ἐκκλησίαν

2100 594 2365 670 ἀπέρχου,
2397 595 2485 649 καὶ
2520 594 2860 670 ἑξομολογοῦ
2901 600 2980 667 τῷ
3030 600 3146 667 Θεῷ
3187 596 3280 657 τὰς
3332 594 3597 669 ἁμαρτίας
3654 617 3754 651 σου

2099 684 2232 758 ἅπερ
2264 679 2511 757 ἔπραξας.
2545 688 2636 739 “Av
2702 681 2759 737 δὲ
2821 684 2896 756 μὴ
2954 683 3183 757 ἀπέλθῃ,
3224 684 3313 737 καὶ
3374 681 3496 757 εὔξῃ
3556 704 3637 752 σε,
3675 686 3753 756 μή

2100 771 2319 848 ὲγγίσῃς
2369 772 2444 834 είς
2494 770 2669 848 ἔργον,
2714 772 2826 826 ἐπεὶ
2881 770 2978 826 οὐκ
3028 768 3169 827 ἔστιν
3219 770 3617 848 εὐλογημένονο
3667 772 3757 827 ἐὰν

2101 858 2158 916 δὲ
2189 858 2311 935 εὔξῃ
2345 881 2422 930 σε,
2454 862 2542 916 καὶ
2572 861 2695 916 τότε
2726 860 2931 936 ἐπάρῃς
2970 862 3033 916 τὸ
3065 860 3217 937 ἔργον
3264 882 3380 925 σου,
3410 862 3437 915 6
3483 862 3613 922 Θεὸς
3670 861 3756 916 eti-

2100 949 2252 1024 λογεῖ
2294 949 2445 1021 αὐτὸ,
2481 952 2556 1023 μὴ
2614 951 2780 1005 κακὸν
2837 951 3163 1026 προσεγγίσῃ
3221 971 3327 1007 σοι.
3362 950 3758 1022 Ἀνισταμένου

2100 1060 2197 1093 σου
2224 1040 2288 1094 τὸ
2326 1041 2493 1116 πρωῒ,
2514 1040 2605 1094 τὸν
2632 1039 2805 1095 τύπου
2833 1044 2930 1094 τοῦ
2961 1039 3140 1113 τιμίον
3174 1038 3263 1094 καὶ
3298 1044 3571 1108 ζωοποιοῦ
3596 1061 3755 1094 σταυ-

2102 1133 2199 1203 ροῦ
2228 1128 2455 1199 ποίησον
2490 1129 2565 1191 εἷς
2597 1130 2769 1184 πάντα
2793 1129 2859 1183 τά
2915 1127 3057 1200 μέλη
3118 1150 3235 1202 σου,
3267 1129 3357 1183 καὶ
3414 1134 3755 1205 περιπατῶν,

2099 1217 2188 1272 καὶ
2253 1218 2625 1291 κοιμώμενος,
2696 1218 2785 1272 καὶ
2861 1217 3239 1290 ἀνιστάμενος,
3298 1217 3525 1273 πάντοτε
3584 1217 3753 1291 λέγε·

2101 1308 2264 1383 Κύριε
2300 1311 2480 1378 Ἰησοῦ
2539 1308 2755 1380 Χριστὶ,
2818 1306 3094 1382 βοήθησόν
3156 1328 3269 1380 μοι.
3332 1304 3605 1384 Γετράδην
3666 1308 3758 1361 καὶ

2100 1397 2440 1472 παρασκευὴν
2500 1397 2743 1467 νήστευε.
2793 1396 2896 1458 Τὰς
2948 1393 3006 1449 δὶ
3062 1394 3237 1458 ἄλλας
3296 1395 3531 1466 ἐξουσίαν
3583 1394 3759 1472 ἔχεις,

2101 1486 2197 1541 κᾶν
2258 1484 2446 1560 θέλῃς,
2476 1487 2719 1555 νήστευε,
2748 1487 2844 1539 κᾶν
2908 1483 3098 1559 Θέλῃς,
3136 1486 3213 1558 μὴ
3271 1487 3519 1556 νήστευε.
3561 1486 3760 1558 Ὅμως

2100 1575 2196 1637 τὰς
2224 1586 2478 1650 γυναῖκας
2511 1576 2573 1649 ἀρ
2585 1574 2723 1648 μόζῃ
2748 1572 2840 1628 ’ίνα
2870 1575 3104 1629 πάντοτε
3124 1574 3638 1645 νηστεύωσι.Βλέπε
3658 1574 3758 1648 ὀψέ

2101 1685 2260 1730 ποτε,
2292 1662 2374 1718 ὅτι
2408 1666 2436 1718 6
2468 1658 2726 1725 διάϐολος
2757 1662 2999 1741 ἐπιφέρει
3028 1664 3124 1731 τὴν
3161 1661 3577 1739 ὀξυχολίαν,⁴’ίνα
3610 1663 3761 1735 ὀξυν-

2104 1755 2225 1826 θῇς,
2257 1753 2345 1807 καὶ
2377 1750 2655 1826 ἀπολέσῃς
2677 1753 2775 1820 τὴν
2810 1753 2995 1826 ψυχήν
3031 1773 3147 1809 σου.
3178 1752 3284 1819 Τὴν
3318 1748 3376 1806 δὲ
3412 1750 3698 1827 πραΰτητα
3728 1754 3757 1807 6

2103 1842 2234 1903 Θεὸς
2266 1838 2469 1910 διδοίη,
2499 1838 2593 1895 τίνα
2622 1838 2712 1895 διὰ
2748 1842 2849 1908 τῆς
2879 1838 3188 1915 πραΰτητος
3234 1838 3324 1894 καὶ
3372 1847 3471 1909 τῆς
3520 1838 3760 1913 ελεημο-

2105 1930 2268 1999 σύνης
2298 1930 2498 2002 σωθῇς.
2533 1928 2630 1983 Καὶ
2667 1927 2836 2004 βλέπε
2871 1927 2960 1984 ὅτε
2989 1931 3016 1982 ὁ
3046 1923 3307 1991 διάϐολος
3356 1929 3600 2006 φεύξεται
3649 1929 3757 1984 ἀπὸ

2106 2022 2223 2090 σοῦ,
2240 2016 2474 2090 μάλιστα
2504 2017 2627 2073 ὅταν
2662 2015 2753 2092 ἴδῃ
2783 2019 2873 2073 τὸν
2904 2017 3071 2073 τύπον
3102 2022 3199 2073 τοῦ
3225 2023 3456 2093 σταυροῦ
3486 2017 3538 2073 ἓν
3560 2022 3642 2089 τῷ
3667 2039 3760 2091 με·

2103 2106 2274 2179 τώπῳ
2303 2128 2419 2178 σου,
2445 2108 2535 2162 καὶ
2568 2107 2619 2162 ἐν
2651 2112 2731 2179 τῷ
2755 2107 2983 2179 στόματί
3014 2128 3132 2180 σου,
3161 2108 3251 2162 καὶ
3282 2107 3370 2162 ἐπὶ
3399 2109 3499 2175 τήν
3528 2104 3755 2180 καρδίαν

2107 2217 2224 2252 σου.
2261 2200 2432 2272 Φεῦγε
2463 2194 2520 2251 δὲ
2544 2198 2632 2251 καὶ
2659 2198 2754 2258 τὰς
2789 2196 2992 2272 μάχας,
3014 2195 3109 2251 κᾶν
3145 2194 3366 2259 δικαίως
3398 2196 3493 2251 κᾶν
3528 2194 3758 2265 ἀδίκως,

2100 2284 2192 2340 τίνα
2226 2287 2301 2358 μή
2335 2284 2610 2360 ἀπολέσῃς
2657 2287 2755 2354 τήν
2802 2288 2987 2361 ψυχήν
3021 2306 3137 2343 σου.
3172 2286 3479 2361 Γέγραπται
3506 2286 3633 2362 γὰρ,
3666 2286 3751 2341 ὅτι

2113 2397 2135 2427 ι
2166 2376 2225 2429 ⁸ι)
2258 2370 2517 2446 θυμώδης
2550 2374 2639 2428 καὶ
2670 2372 2790 2443 ὀξὺς
2821 2373 3015 2449 ἆγείρει
3070 2374 3281 2449 μάχας’
3321 2398 3347 2426 ››
3384 2376 3413 2427 ὁ
3446 2372 3505 2428 δὲ
3556 2372 3760 2450 Κύριος

2108 2462 2342 2537 ἄγγελον
2395 2460 2733 2535 ἀνελεήμονα
2780 2462 3075 2535 ἐπιπέμπει
3126 2462 3202 2524 είς
3252 2461 3432 2517 αὐτόν.
3469 2463 3755 2532 Μνησικα-

2106 2550 2225 2606 κίαν
2278 2551 2409 2623 μετά
2449 2571 2594 2613 τινος
2648 2552 2723 2623 μὴ
2777 2548 2930 2625 ἔχῃς·
2964 2548 3112 2605 ἀλλά
3138 2551 3289 2627 γίνου
3340 2552 3538 2612 ἄκακος
3568 2551 3644 2612 ὡς
3695 2550 3759 2604 τὰ

2106 2643 2276 2711 νήπια
2329 2640 2395 2694 τὰ
2454 2641 2530 2713 μή
2591 2637 2788 2715 ἔχοντα
2842 2638 3054 2696 κακίαν.
3098 2641 3231 2695 Eius
3281 2638 3384 2715 γὰρ
3417 2640 3444 2694 6
3478 2639 3676 2715 Κύριος
3706 2639 3758 2695 ὲν

2108 2727 2475 2805 Εὐαγγελίοις·
2512 2729 2694 2784 «Ἐὰν
2732 2730 2807 2802 μή
2840 2736 3109 2807 στραφῆτε
3156 2729 3246 2783 καὶ
3297 2728 3520 2803 γίνησθι
3570 2730 3647 2790 ὡς
3694 2729 3762 2783 τὰ

2108 2821 2300 2889 νήπια,
2334 2818 2394 2872 οὐ
2430 2819 2505 2890 μὴ
2540 2816 2818 2889 είσὲλθητι
2850 2818 2925 2879 εἰς
2963 2819 3060 2887 τήν
3111 2816 3385 2893 βασιλείαν
3428 2821 3537 2872 τῶν
3591 2817 3760 2892 οὖρα-

2107 2911 2237 2965 νῶν.
2269 2929 2295 2961 ιι
2333 2904 2435 2963 Ἰδὲ
2462 2904 2682 2977 λοιπὸν,
2710 2907 2775 2962 τὰ
2804 2904 2992 2962 παιδία
3019 2906 3079 2961 οὐ
3132 2906 3426 2983 μάχονται,
3456 2907 3547 2960 καὶ
3596 2905 3761 2962 πάλιν

2111 2995 2399 3069 ὁμιλοῦσιν
2430 2993 2673 3066 ἁλληλα.
2708 2997 2891 3058 Ἐκτὸς
2922 2998 3057 3069 ἡμῖν
3091 2995 3262 3051 πάντα
3293 2996 3397 3049 ἀπὸ
3447 2995 3627 3065 πάσης
3674 3016 3767 3049 κα-

2109 3085 2252 3147 κίας.
2286 3084 2458 3147 Αὐτὸς
2489 3084 2706 3154 λοιπὸν,
2743 3082 2961 3163 ἀδελφὲ,
2999 3086 3247 3158 μιμητὴς
3276 3089 3434 3159 γενοῦ
3482 3088 3592 3140 τῶν
3641 3084 3765 3138 παῖ-

2115 3170 2221 3227 δων
2253 3173 2329 3235 εἷς
2358 3175 2455 3242 τήν
2505 3171 2835 3245 κακίαν,⁹ίνα
2883 3178 3063 3248 σωθῇς
3108 3174 3211 3228 ἀπὸ
3260 3174 3458 3234 παντὸς
3518 3177 3770 3248 πονηροῦ

2114 3262 2454 3339 πράγματος.
2506 3270 2705 3319 ’Ἄκουε
2750 3267 2847 3319 τοῦ
2890 3262 3228 3319 ’Δποστόλου
3281 3262 3559 3337 λέγοντος
3599 3289 3628 3316 «
3676 3264 3769 3331 Μὴ

2115 3349 2378 3406 ἐπιδυέτω
2409 3353 2437 3407 6
2468 3350 2630 3421 ἥλιος
2663 3351 2750 3406 ἰπὶ
2781 3357 2859 3424 τῷ
2888 3357 3251 3429 παροργισμῷ
3285 3353 3456 3425 ὑμῶν.
3495 3376 3523 3403 ››
3554 3352 3626 3406 Τὸ
3670 3351 3771 3407 λα-

2116 3440 2228 3497 λεῖν
2256 3439 2443 3497 πολλά
2495 3440 2749 3514 μίσησον,
2779 3442 2867 3496 καὶ
2916 3440 3127 3514 μᾶλλον
3177 3442 3463 3517 ἀγάπησω
3510 3446 3609 3496 τοῦ
3661 3462 3769 3495 σω-

2114 3535 2239 3601 πᾷν.
2272 3530 2370 3584 Καὶ
2428 3527 2681 3605 εὔχεσθαι
2713 3529 2764 3585 ἐν
2807 3534 2875 3605 τῇ
2923 3529 3118 3605 καρδίᾳ
3175 3552 3293 3599 σου,
3326 3531 3415 3585 καὶ
3464 3529 3615 3606 λέγε·
3646 3556 3673 3581 ‹‹
3708 3532 3773 3586 Ὀ

2115 3621 2263 3687 Θεὸς,
2297 3616 2548 3689 ἱλάσθητί
2584 3639 2675 3691 μοι
2732 3625 2812 3691 τῷ
2859 3618 3195 3694 ἁμαρτωλῷ.
3231 3645 3254 3673 ι
3286 3618 3525 3688 Μίσητον
3573 3616 3633 3673 δὶ
3680 3618 3771 3673 καὶ

2114 3708 2207 3770 τὰς
2272 3707 2601 3780 οἷνοποσίας,
2659 3708 2748 3762 καὶ
2804 3707 3167 3786 πολυφαγίας,
3220 3708 3466 3778 Μίσησον
3527 3706 3618 3762 καὶ
3676 3709 3767 3763 τὸν

2115 3797 2472 3873 καθαρισμὸν,
2513 3796 2600 3851 καὶ
2648 3798 2737 3852 τὸν
2790 3796 3075 3873 ὀρχηθμὸν
3128 3802 3309 3876 φεῦγε,
3340 3796 3431 3851 καὶ
3482 3798 3579 3858 τὰς
3638 3817 3770 3871 τρα-

2115 3883 2341 3962 γῳδίας,
2373 3885 2551 3940 ἐκεῖνα
2592 3890 2689 3940 τοῦ
2740 3882 3003 3941 διαϐόλου
3052 3885 3162 3940 ἐστὶ
3205 3885 3445 3961 παίγνια.
3476 3886 3575 3941 Τὸν
3627 3884 3774 3941 καλ-

2118 3972 2408 4047 λωπισμὸν
2437 3976 2543 4029 τῶν
2566 3973 2796 4046 ἱματίων
2827 3974 3079 4047 μίσησον,
3101 3972 3242 4048 μηδὲ
3261 3976 3359 4043 τὴν
3388 3972 3614 4050 βλακίαν
3641 3975 3773 4047 ἀγα-

2118 4066 2336 4134 πήσοις”
2375 4061 2519 4119 ἀλλά
2576 4062 2788 4136 μᾶλλον
2845 4064 3369 4141 ταπεινοφροσύνην,
3415 4063 3503 4118 καὶ
3558 4061 3775 4118 τελείαν

2121 4155 2231 4226 (38)
2263 4150 2350 4206 διὰ
2396 4153 2486 4207 τὸν
2537 4154 2684 4223 Θεὸν,
2710 4150 2798 4206 τίνα
2852 4151 3050 4217 ἐκεῖθεν
3092 4149 3283 4227 ἐνδύσῃ
3318 4154 3345 4207 ὁ
3377 4152 3633 4227 Χριστὸς,
3683 4152 3775 4206 καὶ

2120 4241 2249 4303 Θεὸς
2286 4242 2434 4314 ὑμῶν
2488 4240 2688 4310 στολὴν
2737 4238 2920 4317 δόξης,
2967 4238 3172 4315 ἔνδυμα
3220 4240 3541 4319 ἀφθαρσίας,
3574 4240 3773 4317 στέφα-

2119 4351 2206 4386 νον
2233 4328 2492 4401 κάλλους,
2527 4327 2768 4403 διάδημα
2803 4329 3089 4405 βασιλέως·
3117 4329 3205 4385 ’ίνα
3241 4329 3365 4385 τότε
3412 4328 3515 4404 ἔχῃ
3545 4332 3580 4399 ἡ
3614 4333 3770 4404 ψυχή

2122 4440 2217 4474 σου
2248 4419 2551 4496 παρρησίαν
2581 4420 2715 4495 πρὸς
2751 4418 2843 4475 τὸν
2887 4420 3038 4488 Θεὸν,
3072 4418 3325 4494 λέγουσα’
3380 4418 3563 4494 Κύριε,
3597 4417 3649 4472 ἐν
3694 4424 3779 4490 τῷ

2121 4507 2314 4582 κόσμῳ
2352 4508 2530 4582 τούτῳ
2559 4514 2641 4581 τῷ
2684 4508 2897 4582 ματαίῳ
2931 4506 3020 4564 διὰ
3047 4510 3110 4563 τὸ
3142 4506 3319 4580 ὄνομά
3370 4529 3463 4563 σου
3508 4507 3573 4562 τὸ
3618 4510 3775 4582 ἅγιον

368 4611 581 4651 nomen
616 4602 783 4654 tuum
820 4599 1023 4656 multis
1054 4601 1110 4657 in
1145 4601 1253 4657 hoc
1293 4619 1440 4658 vano
1490 4604 1713 4659 mundo
1763 4604 1916 4675 egui,
1953 4611 2001 4659 ul

2123 4596 2309 4654 πολλά
2368 4595 2807 4674 ὑστερήθην,⁹ίνα
2853 4599 2951 4665 τήν
3009 4596 3287 4673 βασιλείαν
3336 4618 3429 4651 σου
3480 4592 3777 4671 ἀπολάϐω,

372 4700 615 4757 regnum
648 4688 969 4761 acciperem
992 4694 1159 4747 tuum
1192 4708 1375 4763 eoque
1411 4693 1653 4762 fruerer,
1704 4694 1783 4749 mi
1824 4694 2018 4749 Domi-

373 4790 464 4829 ne.
498 4776 646 4829 Tum
678 4777 1053 4848 respondebit
1081 4779 1368 4835 Dominus
1398 4779 1667 4835 Christus
1700 4797 1712 4835 :
1743 4779 1801 4835 Si
1833 4784 1894 4834 tu
1924 4797 2019 4850 pa-

378 4880 509 4918 rum
554 4864 855 4935 laborasti,
923 4866 1111 4923 multa
1169 4869 1487 4940 presparavi
1540 4868 1814 4937 tibi;sed
1864 4868 2021 4924 intra

379 4951 440 5005 in
472 4950 797 5008 thalamum
830 4952 1024 5025 gloriae
1047 4961 1392 5027 mem,atque
1420 4955 1491 5012 iis
1520 4958 1709 5011 fruere
1731 4973 1861 5028 quas
1882 4973 2018 5013 ocu-

379 5039 475 5095 lus
508 5057 621 5095 non
655 5041 817 5111 vidit,
850 5059 953 5099 nec
985 5045 1143 5099 auris
1174 5044 1413 5113 audivit,
1457 5062 1562 5101 nec
1593 5045 1651 5100 in
1705 5062 1803 5101 cor
1831 5046 2019 5102 homi-

382 5129 475 5185 nis
507 5130 786 5200 ascendit,
820 5148 945 5203 quaa
976 5134 1292 5205 prcharavi
1340 5132 1721 5206 diligentibus
1771 5152 1884 5201 me,
1936 5140 2023 5191 at-

382 5234 494 5290 que
524 5220 858 5277 amantibus
892 5239 1103 5277 nomen
1135 5226 1403 5278 sanctum
1439 5240 1632 5279 meum
1670 5225 1735 5280 ⁸⁸.
1770 5225 1919 5279 Tum
1952 5225 2025 5280 iis

380 5309 697 5381 perfrueris
731 5327 864 5367 cum
900 5313 1092 5367 choris
1126 5318 1463 5368 sanctorum
1513 5313 1894 5386 angelorum;
1929 5331 2025 5370 ar-

2125 4690 2214 4744 καὶ
2269 4687 2586 4760 ἀπολαύσω,
2638 4690 2897 4745 Δέσποτα.
2930 4686 3029 4741 Καὶ
3081 4686 3204 4741 τότε
3248 4686 3360 4762 ἐρεῖ
3414 4686 3442 4740 6
3496 4686 3777 4756 Δεσπότης

2128 4779 2355 4853 Χριστὸς
2415 4774 2613 4851 λέγων⁸
2673 4776 2731 4832 Ei
2792 4775 2853 4831 σὺ
2913 4773 2971 4831 δὲ
3029 4774 3194 4851 ὀλίγα
3253 4774 3491 4844 ἐκοπίας,
3547 4773 3782 4849 (πολλὰ)

2127 4865 2403 4939 ¹ἡτοίμασιή
2451 4884 2556 4920 σοι’
2603 4864 2749 4921 ἀλλά
2815 4863 3024 4919 εἶ’σελθε
3082 4865 3157 4927 είς
3210 4865 3301 4920 τὸν
3360 4868 3627 4942 νυμφῶνα
3684 4871 3783 4933 τῆς

2130 4954 2289 5028 δόξης
2325 4976 2450 5028 μου,
2482 4954 2573 5009 καὶ
2623 4951 2931 5009 ἀπόλαυσον
2974 4952 3007 5007 ἃ
3055 4953 3340 5030 ὀφθαλμὸς
3392 4952 3491 5008 οὐκ
3531 4950 3663 5022 εἶδε,
3693 4952 3784 5007 καὶ

2132 5044 2222 5106 οὖς
2301 5044 2397 5098 οὐκ
2471 5041 2691 5114 ἤκουσε,
2752 5043 2842 5099 καὶ
2900 5042 2986 5098 ἐπὶ
3044 5040 3265 5119 καρδίαν
3337 5041 3627 5118 ἀνθρώπου
3687 5041 3786 5096 οὐκ

2134 5129 2319 5204 ἀνέϐη·
2357 5133 2455 5188 ὅσα
2510 5133 2785 5206 ἡτοίμασα
2840 5137 2955 5194 τοῖς
3016 5133 3262 5209 ἀγαπῶσί
3314 5153 3400 5205 με,
3433 5132 3523 5187 καὶ
3556 5134 3785 5186 ποθοῦσι

2131 5225 2193 5278 τὸ
2227 5220 2397 5296 ὄνομά
2448 5244 2551 5295 μου
2608 5222 2669 5276 τὸ
2731 5222 2902 5297 ἅγιον.
2938 5222 3039 5278 Καὶ
3094 5221 3217 5277 τότε
3273 5220 3601 5282 ἀπολαύσεις
3657 5221 3789 5292 μετά

2136 5318 2321 5389 χορῶν
2379 5311 2546 5386 ἀγίων
2603 5308 2875 5387 ἀγγέλων,
2926 5308 3017 5365 καί
3071 5309 3457 5387 ἀρχαγγέλων,
3502 5310 3591 5365 καὶ
3658 5329 3789 5386 μαρ-

447 5516 493 5550 ⁶²
525 5517 687 5572 Prov.
720 5533 811 5585 xv,
847 5516 932 5571 18.
1007 5517 1052 5552 ⁸³
1084 5516 1288 5573 Matth.
1319 5533 1478 5589 xvm,
1507 5517 1562 5574 3.
1637 5517 1910 5590 “Ephes.
1944 5535 2000 5575 Iv

2111 5519 2142 5575 ι.
2218 5520 2262 5555 ⁸⁸
2294 5519 2432 5574 Luc.
2464 5533 2625 5590 xvm,
2662 5518 2748 5573 15.
2823 5517 2868 5554 ⁸⁸
2898 5517 2919 5573 Ι
2950 5517 3078 5575 Cor.
3112 5534 3174 5587 ιι,
3205 5519 3261 5572 9.

469 5696 577 5768 (37)
611 5700 792 5754 Locus
819 5695 1154 5756 intricatus.

2210 5699 2325 5773 (38)
2359 5699 2419 5757 F.
2454 5694 2741 5757 εὐτέλειαν.
