2046 3109
168 195 247 226 1H3
545 194 596 224 DE
617 193 768 224 SANCTA
788 193 1002 224 TRINITATE
1025 193 1192 224 DIALOGI.
1210 209 1248 214 —
1267 189 1495 222 ADMONITIO.
1795 187 1873 216 MM

167 269 271 298 τυρων,
287 258 332 286 χαὶ
351 257 457 286 πάντων
482 260 536 286 τῶν
553 258 645 296 ἁγίων.
670 259 735 286 Τότε
757 258 812 295 ἐρεῖ
826 258 840 285 ὁ
856 259 975 294 Δεσπότη

1062 258 1267 295 :hangelorum,
1283 259 1446 293 martyrum
1475 257 1503 283 et
1531 253 1663 282 omnium
1691 254 1870 281 sanctorum.

166 304 294 339 Χριστὸς,
309 306 368 333 τοῖς
385 302 597 340 ἀγωνισαμένοις
614 301 659 330 διὰ
672 303 703 330 τὸ
724 300 809 338 ὄνομα
824 302 916 339 αὑτοῦ,
932 306 974 330 τοῖ

1062 304 1112 331 Ιωο
1127 303 1203 331 dicet
1228 302 1371 330 Dominus
1396 300 1529 328 Christus
1545 299 1580 327 iis
1603 299 1652 335 qui
1680 299 1799 333 propter
1818 305 1870 324 no-

170 349 209 385 μὴ
227 348 352 384 ὀμόσασι,
367 350 426 378 τοῖς
453 347 491 383 μὴ
518 346 644 384 χλὲψασι,
672 350 730 378 τοῖς
757 348 794 383 μὴ
817 347 978 385 πορνεύσασι

1061 356 1112 376 nen
1128 356 1216 375 suum
1237 346 1458 379 decertaverint,
1477 344 1526 381 qui
1549 353 1606 372 non
1626 342 1800 379 juraverint,
1817 350 1869 369 nec

169 395 230 423 τοῖς
248 392 286 428 μὴ
306 392 495 429 ψευσαμένοις,
510 394 568 422 τοῖς
593 392 630 428 μὴ
655 392 740 429 ὀργὴν
755 392 799 418 καὶ
820 391 909 427 λύπην
926 392 977 430 πρὸ

1059 392 1144 427 ‘urati,
1172 392 1315 426 fornicati,
1331 390 1446 418 mentiti
1470 389 1587 421 fuerint,
1605 387 1652 423 qui
1676 396 1732 414 non
1759 386 1793 413 ad
1811 386 1867 414 ira-

167 437 215 464 τὸν
240 435 357 471 πλησίον
384 437 525 471 ποιήσασι,
547 439 604 467 τοῖς
632 436 758 472 ἒλεήσασι
772 436 836 468 τοὺς
862 437 975 472 πένητας

1066 438 1185 466 undiam
1226 437 1268 465 vel
1298 437 1448 465 tristitiam
1479 435 1643 471 proximum
1684 432 1874 468 provocarint

169 481 215 508 καὶ
240 481 277 517 μή
302 481 485 518 ἀποπρέψασι
510 481 541 508 τὸ
563 482 710 518 πρόσωπον
733 481 819 508 αὐτῶν
845 481 976 508 ἀπἀὐτῶ

1067 483 1105 518 [ui
1121 482 1352 510 misericordiam
1369 489 1438 516 erga
1459 487 1602 516 pauperes
1618 477 1808 510 exercuerint,
1826 476 1875 511 qui

168 525 315 560 ἀλλήλων.
332 526 363 564 ’ῼ
387 527 404 560 ἠ
421 524 484 561 δόξα
504 526 549 553 καὶ
572 526 603 553 τὸ
626 527 723 564 κράτος
746 526 783 557 εἰς
807 526 870 557 τοὺς
891 526 976 554 αἰῶνα

1068 535 1112 555 Ion
1143 536 1158 554 a
1174 526 1314 562 proximis
1336 525 1398 554 suis
1413 525 1526 552 vultum
1547 523 1702 551 everterint
1718 529 1815 549 suum.
1832 520 1876 547 Illi

166 572 223 597 τῶν
241 570 347 597 αἰώνων
353 591 359 598 ,
376 571 406 597 Ἀ
412 571 465 606 μήν
471 591 478 598 .

1067 572 1149 608 gloria
1164 574 1192 599 et
1207 570 1364 607 imperium
1388 570 1417 597 in
1440 568 1545 598 secula
1566 568 1749 595 saaoulorurn.
1774 567 1875 593 Amen.

318 776 375 818 IN
405 776 668 832 QUINQUE
701 776 993 820 DIALOGOS
1026 774 1357 832 SEQUENTES
1387 771 1727 818 ADMONITIO.
1781 751 1783 754 ’

207 878 232 904 1.
249 877 367 905 Multum
380 877 535 913 discrepant
549 878 580 906 in
595 878 724 906 horumce
749 878 935 915 Dialogorum
951 879 1131 915 inscriptione
1156 878 1262 906 codices
1277 886 1287 905 :
1301 877 1367 905 aliis
1388 877 1551 908 Athanasio,
1568 876 1685 902 Maximo
1709 877 1800 901 autem
1812 873 1878 900 aliis

168 922 378 957 referentibus;
394 922 459 950 aliis
474 922 585 950 demum
607 924 713 950 nemini
727 923 934 951 ascribentibns.
951 923 1002 950 Sed
1026 924 1187 959 priusquam
1202 922 1270 958 quid
1284 922 1362 950 nobis
1385 922 1421 949 sit
1436 921 1485 948 hac
1498 920 1530 948 de
1545 929 1573 946 rc
1598 919 1736 954 opinionis
1750 919 1880 953 profer-av
1895 958 1899 962 .

171 974 245 999 mus,
262 966 395 994 audiendi
407 971 473 995 sunt
487 967 535 1003 qui
559 967 636 995 hosce
649 967 785 1004 Dialogos
808 968 925 996 edidere.
944 968 996 995 Hoc
1010 975 1077 1004 opus
1102 967 1197 996 Graece
1210 969 1236 995 et
1251 967 1347 995 Latine
1367 966 1508 1002 publicum
1532 965 1594 999 [erit
1621 963 1769 991 Theodorus
1796 962 1880 989 Beia.

170 1020 244 1040 anno
261 1012 341 1045 1570,
356 1013 429 1048 typis
444 1014 470 1040 et
484 1020 566 1048 opera
591 1014 700 1041 Hernici
715 1013 855 1049 Stephani.
879 1014 950 1041 Hinc
964 1013 1146 1042 Commetiani
1167 1013 1312 1041 ediderunt
1326 1020 1399 1040 anno
1414 1012 1494 1044 4600,
1508 1019 1541 1038 ac
1565 1010 1688 1045 deinceps
1702 1011 1731 1036 in
1754 1008 1878 1036 omnibus

168 1056 387 1085 Graeco-Latinis
400 1056 480 1085 editis
503 1065 600 1085 cusum
613 1058 678 1093 fuit.
702 1058 817 1085 Demum
833 1057 1010 1092 Combeﬁsius
1024 1058 1097 1085 inter
1120 1065 1203 1094 opera
1217 1058 1331 1085 Maximi
1355 1056 1457 1090 edidit,
1473 1057 1648 1090 Maximoque
1671 1063 1721 1089 pro
1739 1054 1877 1089 facultate

167 1100 327 1128 vindicavit.
346 1100 401 1135 Qui
411 1102 492 1136 prior
505 1101 627 1137 vulgavit
643 1101 739 1137 Theod,
756 1103 826 1129 Beza
842 1102 902 1130 haec
915 1103 1060 1138 prxfatur
1073 1111 1082 1129 :
1098 1101 1233 1137 Quinque
1248 1102 1372 1129 istorum
1390 1101 1567 1135 Dialogorum
1584 1099 1731 1134 exempllr
1747 1098 1775 1124 in
1792 1099 1873 1124 vetu-

168 1145 311 1173 stissimis
323 1145 503 1173 membranis
520 1146 711 1181 descriptum,
728 1146 869 1174 divinitus
883 1146 982 1182 potius
996 1154 1086 1182 quam
1102 1154 1171 1174 casu
1188 1155 1204 1174 a
1218 1145 1348 1174 Graeculo
1364 1145 1490 1181 quodam
1506 1144 1560 1172 hac
1577 1146 1747 1171 transeunte
1763 1142 1878 1169 redem-

168 1190 497 1225 ptum,communicavit
512 1190 585 1218 mihi
601 1190 805 1226 amplissimus
821 1190 910 1226 hujus
919 1191 1046 1219 civitatis
1059 1193 1196 1218 senatus:
1207 1190 1284 1226 quod
1295 1189 1472 1225 quibusdam
1488 1188 1560 1217 locis
1577 1185 1878 1221 mutilum,nonnullis

169 1235 269 1268 etiam,
285 1235 336 1262 sed
351 1234 551 1270 paucissimis,
575 1235 765 1271 depravatum
792 1235 889 1263 inveni
908 1244 914 1263 :
930 1243 964 1263 eo

1070 1238 1109 1268 to,
1134 1235 1212 1271 quod
1235 1233 1348 1272 γενητός
1373 1236 1401 1262 et
1420 1232 1551 1270 ἀγένητος
1576 1241 1651 1267 ωερε
1676 1232 1817 1267 scriptum
1834 1233 1878 1258 est

172 1287 224 1315 pro
238 1278 365 1316 γεννητός
381 1281 410 1307 et
424 1279 566 1316 ἀγέννητος
583 1289 589 1308 :
606 1279 636 1307 in
661 1280 770 1316 quibus
784 1280 989 1316 permutandis
1013 1280 1125 1308 voculis
1140 1279 1315 1308 Eunomiani
1341 1287 1435 1307 causa
1451 1286 1510 1306 suae
1531 1278 1687 1305 servientes
1712 1276 1853 1303 ludebant
1870 1283 1876 1302 :

173 1332 247 1360 quas
262 1332 316 1360 ego
332 1324 438 1352 idcirco
454 1325 568 1353 Graecas
584 1325 613 1353 in
631 1325 746 1353 duobus
762 1325 866 1361 primis
882 1325 1007 1361 dialogis
1019 1325 1239 1361 reliqui,donec
1254 1324 1387 1352 videlicet
1402 1323 1482 1351 hunc
1496 1331 1623 1351 errorem
1641 1322 1724 1357 plane
1741 1320 1877 1348 animad—

171 1368 336 1397 vertissem.
353 1369 483 1401 Quatuor
497 1378 531 1397 ex
546 1369 612 1397 istis
627 1369 748 1405 priores,
763 1370 923 1398 Athanasio
938 1370 981 1397 illi
996 1370 1113 1406 (Magno
1128 1369 1274 1404 videlicet)
1289 1371 1356 1397 sunt
1370 1367 1504 1403 inscripti
1521 1376 1527 1395 :
1545 1366 1659 1394 etiamsi
1675 1365 1769 1393 aliena
1789 1372 1878 1391 manu

171 1413 345 1441 adnotatum
361 1415 423 1441 erat
436 1414 471 1441 ad
488 1414 575 1450 primi
591 1414 697 1450 dialogi
714 1415 887 1450 marginem,
914 1414 963 1441 Τὸν
978 1427 979 1432 η

1066 1423 1096 1441 τα
1112 1412 1239 1451 διάλογον
1257 1413 1282 1440 οἳ
1310 1413 1356 1449 μὲν
1374 1411 1543 1446 Ἀθανασίου,
1561 1411 1585 1437 οἱ
1611 1409 1639 1436 δὲ
1661 1408 1783 1444 Μαξίμου
1809 1410 1874 1434 εἶναι

170 1455 306 1494 λέγουσιν’
326 1460 355 1485 et
369 1457 496 1486 habebat
511 1459 599 1486 etiam
616 1458 691 1486 liber
706 1459 756 1486 ille
769 1459 888 1487 Maximi
904 1459 1057 1492 nonnulla,
1072 1459 1135 1494 ejus
1149 1458 1296 1494 videlicet,
1312 1458 1361 1494 qui
1386 1456 1489 1485 multis
1505 1459 1569 1492 post
1585 1454 1775 1482 Athanasium
1793 1453 1878 1494 annis

168 1490 444 1537 Mdnophysitarum
459 1502 593 1531 haeresim
610 1503 757 1531 refutavit.
773 1503 857 1531 Certe
872 1504 945 1531 nihil
961 1490 1162 1536 habena-meo
1174 1490 1454 1538 judicio,A—thanasii
1472 1490 1515 1529 vel
1532 1500 1649 1528 nomine
1667 1490 1878 1534 indignumﬁvel

169 1546 352 1582 temporibus
369 1555 427 1574 non
443 1548 764 1584 congruenszqusmvis
779 1550 880 1583 postea
895 1549 990 1584 magis
1004 1548 1131 1584 grassati
1146 1548 1302 1576 videantur
1316 1546 1573 1583 Apollinaristae,et
1585 1543 1745 1572 Macedonii
1758 1541 1878 1569 haeresis

167 1590 347 1619 mcumenico
362 1591 483 1619 demum
500 1592 623 1620 concilio
643 1593 697 1621 sub
712 1592 878 1621 Theodosio
893 1593 997 1629 Magno
1019 1592 1106 1620 fuerit
1123 1593 1296 1629 proscripta.
1313 1592 1439 1624 Quintus
1454 1599 1520 1619 vero
1536 1599 1592 1617 non
1610 1592 1667 1616 tam
1686 1587 1819 1622 dialogus
1833 1588 1879 1613 est

169 1643 259 1671 quam
276 1635 483 1672 compendium
500 1637 659 1672 quoddam,
676 1640 708 1665 ut
731 1640 862 1673 apparet,
877 1637 921 1665 vel
936 1637 971 1665 ab
987 1637 1051 1673 ipso
1067 1637 1216 1673 Gregorio,
1234 1639 1305 1673 puta
1332 1636 1522 1669 Nazianzeno,
1539 1634 1681 1662 acerrimo
1697 1630 1874 1668 Apollinari-

169 1681 281 1708 starum
298 1683 499 1717 oppugnatore
515 1681 559 1717 (ut
573 1689 608 1709 ex
622 1682 716 1717 ipsius
733 1682 768 1709 ad
795 1681 966 1710 Cledonium
982 1681 1106 1718 epistola
1120 1682 1231 1718 liquet),
1248 1682 1321 1709 407
1340 1681 1384 1708 vel
1399 1689 1433 1708 ex
1450 1679 1547 1715 aliqua
1570 1678 1663 1714 ipsius
1680 1675 1876 1712 disputatione

169 1727 349 1761 excerptum.
366 1725 442 1753 Sunt
455 1728 554 1753 autem
570 1729 646 1754 certe
661 1727 689 1754 in
707 1727 752 1755 his
768 1727 891 1761 Dialogi:
906 1727 1032 1754 obseura
1047 1727 1225 1762 quasdam,“
1239 1734 1304 1761 quas
1318 1725 1438 1753 aliunde
1458 1723 1538 1752 illata
1554 1724 1616 1751 luce
1633 1720 1877 1757 indigeant.Quod

168 1772 196 1797 et
211 1769 235 1798 si
252 1778 330 1798 nunc
346 1778 362 1798 a
377 1778 434 1805 me,
447 1769 525 1797 sicut
539 1770 575 1798 ab
591 1770 674 1799 initio
689 1770 1046 1807 constitueram,prasstari
1062 1779 1119 1799 non
1136 1770 1240 1806 potuit,
1257 1770 1336 1798 brevi
1352 1772 1459 1804 tamen,
1475 1771 1508 1797 ut
1523 1777 1617 1803 spero,
1635 1769 1663 1794 et
1680 1766 1799 1801 quidem
1816 1772 1873 1790 non

169 1815 233 1843 sine
249 1814 347 1842 fenore
362 1814 557 1850 praestabitur.
575 1817 605 1843 ln
618 1815 677 1843 illis
690 1815 769 1843 enim
794 1816 921 1844 citantur
935 1815 1077 1843 nonnulla
1101 1815 1257 1851 Seripturaa
1272 1814 1440 1843 testimonia
1457 1822 1513 1841 non
1538 1814 1608 1839 satis
1625 1811 1756 1847 apposite
1773 1822 1780 1837 :
1797 1809 1874 1844 quod

170 1859 308 1888 omnibus
324 1858 440 1887 illorum
456 1861 622 1895 temporum
647 1859 852 1895 scriptoribus,
865 1862 928 1888 tum
952 1860 1060 1888 Grzecis
1074 1862 1138 1887 tum
1164 1859 1286 1891 Latinis,
1301 1857 1474 1894 saepiuscule
1490 1857 1594 1889 evenit,
1613 1857 1682 1882 dum
1701 1853 1874 1889 posteriores

168 1904 243 1940 ipsis
268 1903 340 1932 locis
356 1912 413 1932 non
442 1903 593 1939 inspectis,
609 1904 740 1939 priorum
769 1904 891 1941 vestigia
919 1907 1085 1941 sequuntur
1101 1913 1108 1932 :
1124 1913 1158 1932 ao
1187 1903 1294 1939 partim
1323 1903 1422 1937 etiam,
1451 1902 1528 1937 quod
1546 1904 1643 1927 Graeca
1667 1898 1765 1930 editio,
1784 1905 1870 1932 quam

169 1948 363 1984 Septuaginta
378 1950 490 1983 vocant,
503 1949 638 1984 quamvis
654 1949 776 1977 inﬁnitis
792 1949 864 1977 locis
881 1949 964 1984 falsa,
976 1957 1008 1977 ao
1024 1949 1172 1976 interdum
1186 1948 1274 1976 etiam
1291 1946 1414 1975 ridicula
1428 1948 1457 1974 et
1472 1945 1611 1981 inepts,in
1628 1942 1764 1970 Eeclesiis
1775 1944 1873 1968 tamen

170 1993 335 2026 obtineret;
351 1992 425 2020 tanti
441 1994 486 2021 est
511 1992 651 2021 momenti
667 2000 701 2021 ex
725 1993 854 2022 fontibus
871 1993 943 2028 ipsis
969 1993 1121 2021 veritatem
1137 1991 1265 2019 haurire.
1282 1991 1343 2018 Huc
1369 1990 1455 2018 etiam
1472 1988 1576 2016 accidit
1601 1989 1741 2022 perpetua
1757 1985 1874 2012 illorum

169 2040 335 2074 temporum
351 2037 442 2071 labes,
459 2037 591 2065 studium
608 2037 743 2065 videlicet
762 2037 968 2074 allegoriarum
984 2037 1120 2070 nimium,
1136 2037 1212 2072 quod
1230 2035 1338 2071 passim
1365 2035 1443 2071 apud
1462 2036 1571 2061 veteres
1596 2031 1696 2059 multis
1720 2029 1876 2065 Scriptura

169 2073 244 2110 locis
268 2082 462 2117 depravandis
477 2082 660 2110 occasionem
686 2082 847 2118 prebuisse
862 2085 988 2110 constat.
1012 2082 1066 2109 Sed
1092 2081 1152 2108 haec
1177 2080 1276 2108 omnia
1298 2079 1382 2108 facile
1404 2078 1494 2107 veluti
1517 2077 1627 2113 cperiet
1651 2077 1714 2111 ipsa
1738 2073 1874 2102 doctrinas

168 2127 333 2155 orthodoxa
348 2126 465 2160 veritas,
482 2126 661 2155 ﬁrmissimis
676 2135 709 2155 ac
723 2126 912 2155 solidissimis
927 2126 1109 2162 argumentis
1123 2125 1252 2153 defensa.

205 2172 339 2199 Hactenus
358 2171 440 2205 Item,
464 2172 568 2206 minus,
595 2172 638 2199 uti
660 2171 736 2205 solet,
759 2171 849 2199 sobrie
872 2171 904 2200 de
927 2171 989 2199 LXX
1011 2171 1133 2199 versione
1157 2170 1271 2198 locutus.
1297 2169 1337 2197 Ad
1359 2171 1415 2197 hac
1437 2167 1634 2197 Fato/(manuus
1659 2167 1685 2192 in
1709 2166 1780 2192 nolis
1804 2163 1871 2191 edit.

170 2215 288 2250 Comm,
303 2223 332 2251 p.
347 2215 382 2243 84
399 2223 405 2242 :
421 2215 464 2243 Ad
481 2224 514 2243 ea
529 2223 593 2251 qua
618 2216 763 2251 interpres
778 2215 807 2243 in
833 2216 912 2251 preat.
928 2224 982 2243 sua
1006 2215 1131 2250 monuit,
1147 2214 1253 2243 addere
1277 2214 1372 2243 visum
1389 2215 1434 2241 est
1445 2215 1474 2241 et
1488 2212 1559 2240 haec.
1585 2212 1689 2238 Prmter
1713 2208 1869 2236 editionem

168 2259 372 2296 Stephanaaam
388 2262 418 2288 et
433 2260 564 2288 codicem
588 2260 672 2288 illum
686 2262 835 2289 vetustum
852 2269 909 2296 quo
935 2260 998 2297 ipse
1022 2260 1166 2296 interpres
1189 2258 1258 2287 olim
1284 2267 1355 2286 usus
1378 2260 1433 2292 est,
1449 2257 1607 2285 habuimus
1632 2256 1719 2283 etiam
1742 2253 1871 2281 codicem

170 2304 347 2339 Palatinum,
362 2304 428 2340 quis
443 2304 497 2333 hos
513 2306 642 2340 Dialogo:
655 2305 785 2341 integros
800 2304 914 2339 habuit,
927 2305 985 2333 imo
1001 2304 1156 2340 pleniores,
1173 2307 1206 2332 ut
1218 2307 1247 2340 p.
1263 2302 1325 2337 469,
1341 2302 1484 2331 monitum
1501 2304 1545 2329 est
1559 2303 1624 2336 (39),
1642 2303 1669 2328 et
1684 2299 1773 2326 alium
1791 2297 1874 2325 Pala-

170 2349 224 2377 tin.
242 2349 277 2377 Et
292 2351 456 2385 Augusten.
468 2349 517 2385 qui
532 2349 730 2386 fragmentum
746 2351 862 2378 tantum
879 2349 987 2386 dialogi
1001 2350 1019 2377 2
1034 2349 1284 2384 continent,idque
1300 2350 1333 2375 ut
1347 2347 1462 2375 videtur
1476 2346 1570 2375 solum
1587 2346 1695 2382 γνήσιον
1711 2341 1873 2374 Athanasii,

170 2395 205 2422 ut
218 2393 294 2429 adp.
312 2393 363 2421 166
378 2393 506 2430 amplius
517 2394 660 2422 dicemus.
676 2394 750 2423 Sane
766 2393 889 2422 Palatio.
908 2395 976 2422 code

1065 2394 1184 2426 amissis,
1201 2392 1326 2429 Μαξίμου
1345 2392 1468 2428 μοναχοῦ
1486 2389 1545 2428 ὅροι
1563 2388 1701 2427 διάνξοροί,
1718 2390 1873 2423 posteaque

170 2437 322 2474 subjectis,
353 2436 444 2468 οὐσίας
472 2437 516 2465 καὶ
545 2437 662 2477 φύσεως,
690 2438 872 2466 ἐνυποστάτου
910 2437 1069 2475 ὁμοουσίου,
1108 2436 1257 2468 οὑσιώδους
1294 2436 1412 2466 ἐνώσεως
1449 2435 1493 2463 καὶ
1530 2434 1659 2473 διαφορᾶς
1700 2432 1870 2460 ὑποστάσεως

170 2482 302 2519 ινουσίου,
319 2485 348 2511 et
362 2482 504 2511 similium
520 2476 634 2519 aliquot
648 2483 841 2512 terminorum
857 2483 1086 2518 theologicorum
1102 2482 1332 2516 deﬁnitionibus,
1349 2481 1448 2509 statim
1462 2480 1516 2509 hos
1525 2480 1654 2514 Dialogos
1664 2479 1774 2514 absque
1785 2476 1873 2504 ullius

169 2527 292 2556 alterius
300 2527 429 2556 auctoris
444 2528 593 2556 mentione
607 2528 830 2556 submittit.lmo
846 2528 1003 2564 Gregorius
1018 2525 1254 2565 ΙΙρωτοσύγγελος
1270 2527 1316 2562 (de
1332 2534 1389 2562 quo
1405 2534 1495 2561 supra
1510 2526 1545 2552 ad
1564 2534 1589 2560 p.
1601 2524 1659 2558 l80)
1677 2530 1810 2558 expresse
1821 2521 1874 2548 hos

169 2573 300 2608 Dialogus
314 2572 438 2600 Maximo
454 2572 649 2605 lribuil.Quod
667 2573 765 2609 ipsum
776 2573 950 2601 conﬁrmare
967 2572 1080 2600 videtur
1095 2574 1123 2600 et
1138 2571 1303 2607 illud,quod
1319 2570 1451 2607 ρας-480,
1467 2571 1501 2603 Α,
1518 2570 1603 2597 tacite
1620 2568 1754 2595 innuitur
1764 2565 1875 2594 additio

171 2618 208 2646 ad
223 2617 396 2654 Symbolum
413 2617 575 2650 Niczenum,
592 2618 668 2646 facta
683 2618 711 2645 in
728 2618 838 2654 synodo
855 2626 885 2653 ιι,
901 2617 1080 2645 mcumenica
1105 2616 1325 2651 Constantinop.
1343 2616 1397 2643 sub
1412 2614 1572 2643 Theodosio
1591 2615 1597 2640 l
1616 2614 1800 2648 imperatore,
1817 2620 1874 2646 quo

170 2665 304 2699 tempore
329 2662 392 2697 jam
420 2662 533 2690 obierat
560 2662 752 2691 Athanasius.
782 2664 871 2690 Porro
900 2662 930 2690 in
962 2662 978 2689 i1

1065 2661 1153 2690 itione
1176 2661 1244 2694 ista,
1259 2661 1311 2687 Τοῦ
1334 2659 1359 2687 ἐν
1376 2658 1464 2696 ἁγίοις
1490 2658 1595 2695 Πατρὸς
1622 2659 1701 2693 ἡμῶν
1719 2655 1873 2684 Ἀθανασίου

173 2704 389 2744 ἀρχιεπισκόπου
406 2704 619 2741 Ἀλεξανδρείας,
646 2715 704 2735 non
719 2709 789 2735 sunt
814 2706 844 2735 in
859 2708 929 2735 vett.
946 2715 978 2735 co

1067 2707 1084 2735 d
1109 2706 1146 2734 ab
1161 2705 1258 2742 operis
1282 2704 1458 2741 aequalitatis
1474 2712 1562 2731 causa
1578 2711 1641 2730 cum
1669 2701 1789 2736 reliquis
1806 2708 1875 2735 ope-

172 2750 258 2780 ribus
274 2750 461 2780 addita.Nam
477 2751 554 2779 sicut
569 2750 741 2786 Palatin.,ut
756 2751 910 2787 dixi,omni
925 2751 1052 2779 auctoris
1068 2751 1186 2779 nomine
1200 2749 1335 2784 caret,sic
1350 2751 1379 2777 et
1392 2750 1527 2776 vetustus
1543 2748 1590 2775 illc
1606 2744 1872 2781 interpretis,quem

211 2850 268 2887 (39)
281 2850 330 2880 Has
345 2850 499 2880 eitationes
514 2850 544 2879 in
564 2850 618 2880 hac
632 2851 759 2880 editione
774 2851 920 2882 habentur
934 2851 1020 2881 intra.

2018 0 2025 102 ἓ
