4092 6218
354 368 508 428 1115
1513 370 1577 430 S.
1629 368 1970 429 ATHANA!

2183 401 2258 413 -
2289 368 2600 432 SPURIA.
3608 369 3773 430 1116

353 500 545 558 littera
573 503 620 559 G
649 503 893 578 signabo
925 503 1048 576 (qui
1079 503 1230 559 alius
1260 507 1456 558 tamen
1488 506 1578 558 est
1607 519 1640 558 a
1670 501 2037 574 Gobleriano,
2070 503 2223 576 quod
2259 504 2604 577 notandum)
2639 504 2794 561 aliud
2830 503 2972 560 nihil
3006 503 3182 561 habet
3211 505 3283 560 de
3313 507 3769 575 auotore,quam

350 607 480 662 qum
509 591 796 664 interpres
827 593 883 647 in
920 594 1253 664 praefatione
1285 592 1499 664 posuit.
3069 637 3098 653 ο

424 679 771 746 Combe/istas
799 681 1036 737 secundo
1067 691 1205 737 tomo
1249 697 1476 754 cperum
1505 683 1688 737 sancti
1735 681 1983 750 Maximi,
2012 698 2067 753 p.
2102 681 2227 752 38l,
2261 681 2373 736 hac
2419 682 2575 737 habet
2608 701 2624 735 :
2657 681 2904 738 Maximo
2954 681 3260 738 ascribunt
3307 679 3551 736 Romani
3594 679 3769 735 codd.

352 772 409 824 et
443 769 662 834 Veneti,
697 770 939 841 ipseque
988 770 1268 826 Dufrenii.
1304 770 1511 842 Sicque
1542 770 1766 842 passim
1817 770 1996 826 citant
2029 769 2208 826 Graioi
2259 771 2357 842 qui
2388 769 2667 842 πολεμικά
2713 772 3079 844 scripserunt
3109 789 3142 826 a
3173 771 3276 824 400
3323 774 3383 824 et
3417 769 3523 824 500
3553 768 3766 834 annis;

355 857 459 912 etsi
495 857 669 912 iidem
723 859 1073 931 quandoque
1121 859 1371 929 variant,
1405 858 1698 930 citentque
1730 859 1904 914 etiam
1938 859 2240 914 Athanasii
2274 861 2548 922 nomine:
2581 860 2842 916 variante
2871 859 3093 916 scilicet
3132 858 3270 914 olim
3304 858 3390 914 eis
3411 859 3536 930 jam
3573 873 3768 913 exem-

356 946 606 1016 plarium
655 949 1078 1018 inscriptione:
1116 965 1246 1003 cum
1297 954 1500 1003 notum
1552 949 1629 1002 sit
1678 965 1790 1003 non
1845 965 1974 1004 esse
2023 949 2322 1004 Athanasii
2374 966 2544 1021 opus,
2596 950 2706 1004 etsi
2751 949 3092 1005 Theodorus
3138 949 3284 1004 Beza
3329 949 3460 1018 ejus
3507 945 3772 1019 vulgavit

357 1035 613 1102 nomine,
650 1043 758 1090 etc.
794 1037 853 1090 In
882 1039 1024 1092 notis
1052 1053 1217 1107 porro
1248 1055 1304 1108 μ.
1336 1037 1443 1092 715
1474 1039 1554 1092 ait
1585 1039 1714 1108 ipse,
1744 1038 2156 1108 prastantiores
2184 1053 2300 1093 esse
2328 1040 2424 1109 qui
2451 1039 2686 1094 Maximo
2716 1038 2975 1094 tribuunt
3004 1037 3236 1106 codices,
3263 1053 3430 1108 quam
3472 1037 3574 1108 qui
3603 1036 3774 1089 Atha-

355 1140 456 1179 nas
463 1140 532 1179 ιο.

431 1215 537 1268 Hic
567 1229 661 1267 nos
692 1215 984 1284 adjicimus
1012 1215 1247 1270 codicem
1282 1231 1385 1286 quo
1416 1217 1626 1271 utimur
1657 1216 1903 1285 Regium,
1934 1217 2209 1282 neutrius,
2239 1231 2339 1271 nec
2386 1217 2681 1272 Athanasii
2706 1217 2916 1271 scilicet
2940 1231 3040 1270 nec
3086 1215 3354 1283 Maximi,
3384 1229 3592 1269 nomen
3617 1227 3778 1284 prae-

356 1303 523 1372 ferre.
560 1302 616 1355 In
655 1306 924 1358 Vaticano
951 1319 1115 1374 porro
1143 1304 1320 1360 codice
1364 1305 1658 1359 Athanasii
1687 1305 2088 1360 inscribuntur.
2135 1305 2366 1360 Joannes
2397 1306 2529 1361 item
2581 1306 2978 1377 Cyparissiotes
3022 1305 3223 1360 decad.
3255 1303 3310 1370 3,
3339 1319 3386 1358 c.
3417 1303 3472 1372 5,
3507 1302 3610 1357 hoc
3638 1317 3780 1374 Opus

362 1389 671 1458 Dialogum
709 1408 746 1444 ιι
777 1400 930 1447 vocat
957 1393 1246 1448 Athanasii
1292 1409 1416 1448 cum
1448 1393 1580 1448 Ario
1610 1395 1670 1447 in
1716 1393 1920 1464 synodo
1948 1393 2196 1449 Nicaena.
2246 1394 2432 1449 Citant
2482 1396 2613 1450 item
2657 1395 2866 1466 passim
2919 1394 3256 1449 recentiores
3307 1394 3516 1462 Graeci,
3561 1391 3780 1446 Marcus

361 1479 683 1548 Ephesinus,
718 1485 982 1549 Georgius
1011 1482 1313 1553 Metochita,
1349 1484 1580 1538 Vecchus
1621 1487 1673 1538 et
1699 1483 1802 1537 alii
1831 1499 1844 1536 :
1877 1482 2168 1538 Athanasii
2215 1481 2397 1549 modo,
2445 1483 2603 1539 modo
2647 1484 2894 1540 Maximi
2943 1485 3183 1538 nomine.
3213 1481 3277 1536 At
3303 1482 3473 1553 fuisse
3521 1481 3776 1535 Athana-

358 1570 438 1623 sio
466 1584 754 1638 perperam
783 1571 1042 1642 ascripta,
1099 1587 1257 1627 nemo
1278 1571 1398 1642 jam
1445 1572 1697 1626 eruditus
1726 1586 1834 1627 non
1881 1572 2150 1627 aestimat.
2184 1571 2340 1626 Nihil
2369 1571 2518 1627 enim
2563 1572 2654 1626 hic
2683 1572 2978 1627 Athanasio
3027 1570 3254 1642 dignum
3301 1573 3572 1640 comparet
3603 1588 3621 1622 :
3672 1585 3777 1624 nec

369 1666 712 1728 usurpantur
743 1659 834 1712 hic
861 1675 924 1714 ea
953 1675 1095 1732 saepe
1125 1675 1249 1731 qua?
1294 1662 1498 1732 saepius
1528 1659 1747 1714 adhibet
1777 1660 2110 1715 Athanasius
2157 1669 2486 1730 argumenta
2534 1660 2792 1716 adversus
2837 1660 3070 1716 Arianos
3099 1662 3154 1715 et
3197 1661 3497 1714 Anomzos.
3530 1657 3775 1713 Maximo

354 1761 487 1800 sane
512 1748 690 1817 potius
719 1748 1056 1817 ascribenda,
1105 1749 1233 1804 licet
1286 1750 1522 1820 insignis
1556 1749 1656 1804 illa
1705 1749 1961 1804 codicum
1988 1749 2248 1816 uarietas,
2291 1766 2521 1820 quorum
2565 1751 2814 1821 plerique
2839 1749 3114 1804 neminem
3138 1750 3443 1820 praferunt
3471 1750 3775 1814 auctorem,

360 1849 470 1888 non
499 1836 775 1889 modicum
824 1837 1016 1892 hacin
1047 1853 1105 1892 re
1153 1839 1366 1908 ingerat
1403 1838 1729 1906 scrupulum
1762 1853 1774 1892 :
1806 1837 2161 1908 suadeatque,
2207 1853 2277 1893 ne
2321 1839 2650 1908 festinanter
2693 1855 2760 1894 ac
2803 1839 2960 1892 nullo
3004 1837 3167 1892 dubio
3214 1838 3323 1908 ipsi
3366 1835 3776 1904 adiudicemus,

363 1921 536 1976 donec
563 1926 742 1994 major
775 1927 830 1978 in
861 1924 977 1980 dies
1007 1927 1107 1980 lux
1139 1925 1531 1996 vestigantibus
1558 1927 1838 1998 effulgeat.
1872 1925 2034 1980 Aliud
2074 1934 2153 1981 est
2183 1926 2326 1997 quod
2367 1927 2605 1981 Maximo
2634 1926 3072 1988 abiudicandum
3101 1925 3198 1982 hoc
3224 1941 3360 1996 opus
3385 1926 3617 1994 fortasse
3644 1940 3776 1979 sua-

365 2010 488 2066 deat
521 2030 539 2065 :
569 2014 701 2082 quia
728 2014 934 2069 scilicet
965 2015 1158 2070 multis
1186 2015 1282 2070 ille
1311 2015 1529 2070 saeculis
1559 2014 1756 2086 ﬂoruit
1780 2022 1905 2086 post
1931 2017 2153 2070 exortas
2183 2013 2412 2070 haereses
2441 2031 2561 2086 quae
2590 2014 2680 2069 hic
2707 2017 3134 2087 impugnantur.

431 2101 565 2153 Cum
593 2103 776 2155 neutri
802 2118 954 2171 ergo,
987 2119 1086 2157 nec
1116 2103 1420 2158 Athanasio
1469 2103 1680 2158 scilicet
1731 2118 1842 2158 nex
1886 2103 2139 2170 Maximo,
2181 2105 2300 2158 sine
2348 2103 2688 2160 dubitatione
2733 2103 3137 2160 ascriberentur
3164 2121 3182 2158 :
3209 2105 3430 2159 tertium
3478 2103 3779 2159 Camer-ius

356 2189 584 2258 protulit
613 2191 692 2244 ad
723 2207 881 2259 quem
910 2189 1024 2246 haec
1048 2193 1338 2262 pertinere
1361 2198 1600 2263 pugnat,
1638 2191 2016 2248 Theodoretum
2044 2191 2295 2247 videlicet
2323 2210 2342 2246 .·
2373 2194 2467 2264 qui
2496 2193 2642 2248 hisce
2664 2194 2948 2264 prxcipue
2975 2193 3314 2262 argumentis
3350 2207 3486 2263 opus
3535 2206 3781 2246 asserere

357 2277 578 2332 nititur.
615 2280 748 2346 Quia
799 2295 909 2336 sese
955 2283 1194 2336 testatur
1245 2280 1600 2337 Theodoretus
1639 2283 1925 2352 scripsisse
1963 2281 2222 2336 adversus
2273 2283 2572 2347 Anomazos,
2601 2281 3037 2348 Macedonianos
3083 2286 3137 2337 et
3189 2279 3646 2353 Apollinaristas,
3681 2281 3782 2352 qui

363 2367 427 2421 in
457 2365 603 2421 hisce
635 2367 887 2440 Dialogis
919 2379 1327 2442 oppugnantur.
1373 2371 1432 2425 2°
1464 2371 1612 2439 Quod
1642 2371 1814 2426 multa
1861 2371 1976 2426 loca
2005 2371 2095 2425 hic
2134 2379 2507 2442 commreant,
2547 2371 2678 2425 aliis
2725 2371 3042 2426 Theodoreti
3087 2370 3223 2426 locis
3267 2370 3508 2424 multum
3549 2370 3776 2439 afﬁnia.

363 2455 624 2511 Mittimus
676 2459 790 2512 alia
822 2461 1054 2515 minoris
1083 2463 1348 2515 momenti
1376 2476 1414 2515 a
1444 2462 1562 2516 viro
1590 2460 1741 2516 docto
1788 2460 1988 2530 allata,
2017 2475 2087 2515 ne
2128 2459 2202 2515 ad
2245 2459 2367 2516 alia
2393 2464 2747 2532 properantes
2792 2463 3102 2527 morentur,
3136 2460 3557 2530 reponimusque
3603 2459 3779 2514 nimis

362 2560 559 2612 vagum
592 2547 734 2601 illud
780 2563 894 2603 esse
921 2554 1331 2618 argumentum,
1365 2550 1590 2621 petitum
1619 2550 1825 2605 scilicet
1853 2566 1888 2604 a
1934 2551 2251 2604 memoratis
2287 2551 2405 2604 illis
2457 2549 2768 2604 Theodoreti
2813 2549 3072 2604 adversus
3122 2547 3438 2619 hujusmodi
3485 2547 3777 2604 hereticos

364 2634 636 2704 operibus.
673 2637 805 2690 Cum
833 2637 980 2692 enim
1008 2640 1069 2694 in.
1098 2639 1254 2694 nullo
1284 2640 1465 2695 codice
1499 2638 1818 2694 Theodoreti
1844 2654 2044 2694 nomen
2071 2641 2395 2710 pra/erant,
2428 2643 2480 2694 et
2508 2656 2548 2693 a
2577 2639 2732 2695 nullo
2761 2640 3023 2709 scriptore
3056 2637 3380 2694 Theodoreti
3403 2638 3630 2692 nomine
3659 2653 3776 2692 me-

363 2727 666 2793 morentur,
698 2728 923 2782 nonnisi
951 2727 1284 2798 augurando
1313 2727 1667 2784 ascribuntur
1717 2727 2055 2784 Theodoreto.
2108 2728 2261 2796 Quod
2289 2728 2418 2782 illas
2443 2733 2651 2799 spectat
2696 2729 2827 2799 styli
2855 2727 3154 2799 afﬁnitates
3182 2745 3200 2780 :
3217 2741 3407 2797 pauca
3453 2741 3588 2781 sane
3618 2734 3779 2797 atque

363 2811 505 2867 leves
535 2823 662 2868 sunt
707 2814 1119 2884 similitudines,
1157 2826 1214 2871 ut
1262 2817 1414 2888 apud
1461 2818 1801 2872 Garnerium
1845 2817 2165 2888 inspicienti
2203 2817 2451 2887 patebit:
2501 2820 2552 2872 et
2580 2818 2632 2871 si
2659 2831 2786 2887 qum
2829 2818 2960 2880 sint,
2993 2815 3125 2888 quid
3173 2816 3378 2869 mirum
3408 2817 3458 2868 si
3488 2816 3682 2870 eadem
3707 2814 3773 2870 de

360 2917 422 2957 re
451 2903 743 2958 scribentes
772 2905 951 2975 aliqui
995 2905 1187 2962 eadem
1216 2922 1612 2978 nonnunquam
1663 2915 1926 2977 usurpent
1971 2914 2324 2978 argumenta.
2359 2906 2470 2960 Imo
2519 2921 2643 2961 vero
2671 2905 2873 2960 nedum
2921 2905 3170 2974 affinitas
3217 2905 3416 2975 aliqua
3443 2905 3607 2959 nobis
3637 2905 3784 2958 inter

366 2992 475 3045 ista
507 2993 774 3060 videatur,
811 2994 869 3048 hi
897 2992 1122 3066 Dialogi
1153 2995 1466 3051 Theodoreto
1497 2995 1720 3066 indigni
1764 2998 2048 3066 putantur.
2081 2995 2267 3049 Fuisse
2307 3003 2493 3050 autem
2519 2996 2692 3050 editos
2720 2994 2879 3050 hosce
2931 2994 3199 3066 Dialogos
3227 2997 3345 3064 post
3385 2993 3780 3049 Constantino-

362 3079 671 3148 politanam
698 3083 951 3151 primam
983 3086 1369 3140 acumenicam
1398 3085 1664 3156 synodum
1697 3084 1862 3156 liquet
1891 3100 1961 3139 ex
1991 3085 2063 3140 iis
2093 3099 2213 3156 qua
2242 3082 2458 3153 dialogo
2488 3100 2550 3139 In
2582 3088 2831 3158 aguntur
2858 3083 2923 3140 de
2951 3083 3253 3154 adjectione
3289 3082 3370 3137 ibi
3397 3082 3469 3137 ad
3511 3081 3783 3153 synodum

360 3172 533 3236 facta.

437 3256 705 3312 Caeterum
773 3259 1168 3317 Keckermanni
1219 3261 1322 3317 illa
1395 3261 1682 3334 appendix
1738 3263 1809 3318 ad
1863 3262 2142 3319 dialoeum
2195 3263 2251 3334 2,
2314 3279 2480 3334 quam
2536 3261 2828 3317 Athanasii
2899 3276 3014 3317 esse
3079 3259 3285 3330 iudicat
3355 3261 3780 3327 Felckmannus,

363 3345 537 3400 multo
592 3349 771 3417 magis
821 3349 1078 3406 abhorret
1129 3351 1195 3406 ab
1244 3351 1542 3408 Athanasii
1585 3353 1725 3425 slylo
1771 3369 1937 3424 quam
1989 3352 2192 3424 reliqui
2237 3353 2454 3424 dialogi
2496 3369 2510 3419 ;
2572 3367 2740 3422 quare
2808 3353 3196 3407 incunctanter
3249 3351 3302 3406 ei
3348 3349 3780 3422 abjudicandam

359 3447 564 3489 censem
571 3450 652 3489 us.

1506 3689 1636 3745 ΤΟΥ
1683 3692 1770 3744 EN
1813 3693 2040 3744 ΑΓΙΟΙΣ
2082 3689 2350 3746 ΠΑΤΡΟΣ
2392 3692 2585 3744 ΗΜΩΝ

1701 3837 2430 3934 ΑΘΑΝΑΣΙΟΥ

650 3967 1000 4056 maiorm:
1044 4002 1213 4058 ΠΕΡΙ
1249 4001 1382 4058 ΤΗΣ
1421 4003 1736 4071 τΡΙΑΔοΣ,
1776 4006 1862 4056 EN
1903 4006 1944 4054 Ω
1985 4002 2266 4058 ΔῐΑΛΕΓΟ

1817 4057 2266 4130 ΑΡΕΙΑΝΙΣΤΙΠ

1903 4006 1944 4054 o
1985 4002 2432 4059 AlAAEI‘ONTAI
2481 4003 2894 4060 ΟΡΘΟΑΟΞΟΣ
2949 4007 3066 4060 ΚΑΙ
3122 4002 3483 4060 ΑΝΟΜΟΙΟΣ

1868 4057 2312 4130 ρΕιΑΝιΣΤΠΣ.

1438 4368 1532 4462 S.
1610 4367 1721 4461 P.
1796 4367 1915 4460 N.
1990 4367 2704 4461 ATHANASII

539 4526 878 4575 DIALOGUS
928 4527 1016 4578 DE
1057 4528 1315 4580 SANCTA
1366 4529 1731 4589 TRINITATE’,
1779 4529 1854 4584 IN
1874 4529 2592 4642 ΔοῆἮΝῆὲιῨὲορυυΝτυκ
2634 4515 3074 4580 ΟΗΤΗΟΠΟΧΠΒ
3117 4531 3204 4583 ΕΤ
3242 4528 3592 4582 ΑΝοΜαςσε

977 4841 1381 4901 ANOMOEUS.
2034 4844 2090 4910 Α
2746 4842 3143 4900 ΑΝΟΜΟΙΟΣ.

429 4948 480 5002 1.
514 4946 885 5004 Christianus
914 4964 978 5005 es
1000 4949 1028 5004 ‘t

2193 4951 2242 5005 1.
2275 4950 2595 5024 Χριστιανος
2627 4947 2674 5003 εἴ
2707 4968 2719 5018 ;

431 5055 784 5112 Orthodoxus.
821 5057 973 5112 Sane
1006 5057 1266 5128 quidem.
1318 5057 1512 5114 Anam.
1547 5057 1692 5125 Quid
1727 5063 1816 5114 est
1844 5057 2008 5113 Chri-

2193 5052 2537 5131 Ὀρθόδοξος.
2572 5055 2675 5112 Καὶ
2726 5057 2884 5112 πάνυ.
2932 5054 3123 5128 Ἀνὸμ.
3173 5053 3235 5108 Τί
3283 5055 3423 5111 ἐστιν
3456 5057 3484 5112 ὁ
3514 5063 3767 5134 Χριστια-

357 5145 756 5202 stianismus?
803 5146 956 5202 Orth.
1021 5146 1167 5202 Illud
1227 5148 1464 5218 quidem
1523 5147 1714 5202 dicere
1772 5162 1973 5202 necess

2154 5145 2312 5217 ισμός
2347 5164 2360 5213 ;
2397 5143 2543 5219 Ὀρθ.
2604 5143 2782 5200 Ἀλλὰ
2825 5165 2888 5200 το
2952 5145 3048 5218 μὲν
3102 5147 3168 5213 ἦν
3229 5144 3512 5221 ἀναγκαῖον
3572 5147 3765 5220 εἰπεῖν,

355 5237 508 5292 fuit:
554 5237 714 5292 istud
775 5254 905 5294 vero
964 5254 1077 5293 non
1138 5239 1218 5293 ita
1275 5240 1491 5294 tutum.
1527 5241 1727 5292 Anam.
1787 5239 1971 5303 Quam

2151 5233 2178 5289 ὸ
2211 5231 2267 5288 δὲ
2297 5233 2398 5288 οὐκ
2442 5232 2701 5312 ἀσφαλές.
2735 5233 2928 5306 Ἀνόμ.
2957 5232 3055 5289 Διὰ
3081 5233 3134 5289 τί
3167 5251 3180 5302 ;
3215 5234 3362 5308 Ὀρθ.
3414 5237 3492 5293 Τὸ
3541 5236 3635 5310 μὶν
3666 5238 3767 5314 γὰρ

355 5326 551 5382 obrem
574 5326 600 5379 ‘3‘
631 5328 785 5385 Orth.
814 5325 1094 5389 Quoniam
1130 5325 1320 5381 dicere
1352 5325 1588 5396 quidem
1621 5341 1856 5381 necesse
1885 5343 1971 5382 era

2148 5323 2309 5390 ἱπεῖν,
2364 5321 2446 5377 ὅτι
2500 5327 2732 5397 Χριστοῦ
2792 5321 2990 5385 δοῦλός
3039 5322 3176 5396 εἶμι,
3225 5321 3516 5399 ἀναγκαῖον
3576 5326 3764 5382 εἰπεῖν·

355 5432 448 5472 me
506 5433 636 5471 esse
695 5415 908 5470 Christi
965 5430 1219 5480 servum,
1277 5413 1471 5469 dicere
1524 5429 1684 5479 vero,
1738 5415 1873 5484 quid
1931 5414 1971 5470 si

2147 5412 2174 5466 ὸ
2207 5409 2286 5479 δὲ,
2317 5411 2370 5466 τί
2400 5411 2540 5466 ἐστιν
2573 5413 2601 5467 ὁ
2633 5412 3076 5487 Χριστιανισμὸς,
3111 5411 3209 5468 οὐκ
3256 5411 3517 5492 ἀσφαλες,
3548 5413 3635 5470 ἐὰν
3688 5419 3762 5489 μὴ

356 5505 862 5574 Christianismus,
894 5509 1089 5559 tutum
1147 5519 1260 5558 non
1292 5503 1486 5571 fuerit,
1519 5503 1632 5558 nisi
1683 5518 1971 5576 cognover

2148 5506 2220 5556 νῶ
2248 5500 2330 5562 τίς
2380 5499 2519 5556 ἔστιν
2554 5503 2581 5557 ὁ
2613 5501 2852 5576 ἐρωτῶν·
2909 5503 3122 5577 μήποτε
3169 5500 3374 5576 εὑρεθῶ
3427 5501 3652 5578 βάλλων
3699 5505 3764 5561 τὰ

359 5596 632 5667 quisnam
686 5592 780 5646 ille
830 5592 906 5646 sit
955 5592 1055 5664 qui
1105 5591 1214 5646 hoo
1264 5597 1687 5664 percontatur:
1740 5609 1812 5648 ne
1860 5595 1975 5649 fort.

2145 5591 2205 5645 ἷισι
2257 5593 2375 5645 τοῖς
2434 5589 2609 5659 κυσὶν,
2643 5591 2678 5661 ἢ
2721 5589 2852 5654 τοὺς
2901 5588 3230 5667 μαργαρίτας
3289 5587 3592 5668 ἔμπροσθεν
3652 5597 3761 5650 τῶν

356 5682 679 5756 comperiar
728 5681 972 5740 canibus
1003 5697 1096 5740 res
1128 5684 1360 5739 sanctas
1407 5686 1466 5740 et
1495 5681 1691 5756 porcis
1719 5682 1972 5755 margari

2146 5677 2332 5754 οερων·
2366 5679 2466 5736 Καὶ
2518 5681 2642 5757 γὰρ,
2675 5681 2764 5738 ἐάν
2795 5700 2863 5756 μι
2910 5680 3213 5758 ἐρωτήσῃς.
3245 5681 3446 5746 Πιστὸς
3491 5683 3545 5738 εἴ
3569 5683 3603 5754 ἣ
3631 5703 3762 5741 κατ-
