4092 6218
319 407 480 467 1117

1301 413 1402 473 DE
1448 413 1755 475 SANCTA
1798 413 2227 478 TRINITATE
2271 412 2660 474 DlALOGUS
2705 414 2751 473 l.

3572 417 3731 478 1118

320 536 639 613 ηχούμενος
671 540 805 613 (40),
838 539 1072 614 ἆτοίμως
1105 541 1248 619 λέγω
1279 542 1309 599 6'
1352 544 1485 617 εἰμι·
1536 545 1589 599 τί
1634 543 1691 600 δὲ
1714 613 1718 617 _
1743 543 1854 599 ἐστι
1908 545 1970 599 τὸ

2085 550 2175 601 tas
2206 546 2358 601 408
2392 545 2691 617 projicere.
2724 545 2948 600 Etenim
2980 544 3030 599 si
3062 560 3130 599 ex
3160 561 3252 600 me
3281 560 3508 617 queres
3534 564 3547 602 ε
3580 547 3732 603 Esne

317 628 458 681 εἶναι
490 628 701 698 πιστὸν,
737 628 797 683 οὐ
834 628 1003 705 λέγω,
1040 634 1254 705 μήποτε
1282 634 1369 688 καὶ
1413 631 1672 696 Ἰουδαῖος
1768 636 1795 688 6
1836 633 1970 707 ἐρω-

318 720 428 770 τῶν
490 717 680 790 Ἀνόμ.
744 716 901 774 Ἀλλ’
961 720 1071 795 ἐγώ
1120 743 1204 775 σοι
1258 721 1400 799 λέγω
1453 724 1480 777 ὑ
1529 723 1744 797 ἐρωτῶν
1779 745 1855 792 σε,
1888 722 1970 778 ὅτι

320 806 642 880 Χριστιανός
686 807 822 880 εἰμι.
859 809 1007 881 Ὀρθ.
1041 809 1155 867 Οὐκ
1181 808 1377 886 ἤρκεσὲ
1408 834 1490 866 σοι
1522 814 1584 867 τὸ
1636 813 1802 867 εἰπεῖν
1854 812 1971 885 ἐμὲ,

320 894 407 950 ὅτι
438 896 754 969 Χριστιανός
788 897 921 969 εἰμι·
956 896 1068 952 οὐδ’
1101 898 1224 972 ἐμοὶ
1258 901 1410 976 ἀρκεῖ
1436 902 1497 956 τὸ
1530 902 1698 982 εἰπεῖν
1734 923 1791 956 σε
1839 903 1972 974 (lii),

319 983 409 1038 ὅτι
442 985 763 1059 Χριστιανὸς
822 987 885 1040 εἴ·
924 986 1010 1041 ἐὰν
1066 992 1140 1059 μή
1197 1010 1288 1062 μοι
1344 988 1515 1064 εἴπῃς,
1577 993 1626 1045 τί
1682 991 1790 1046 ἐστι
1840 993 1973 1066 Χρι-

319 1073 659 1145 στιανισμύς.
722 1074 820 1128 Καὶ
876 1075 997 1130 τότε
1058 1074 1114 1131 δὲ
1175 1078 1234 1132 οὐ
1291 1081 1506 1141 πάντως
1542 1082 1591 1134 εἴ
1630 1079 1969 1154 Χριστιανός”

318 1160 448 1217 οὐδὲ
477 1164 578 1237 γὰρ
607 1164 670 1218 τὸ
703 1161 897 1219 εἰδέναι
956 1165 1008 1219 τί
1054 1165 1191 1222 ἐστιν
1244 1170 1271 1223 ὁ
1322 1170 1764 1245 Χριστιανισμος,
1813 1167 1973 1223 τοῦτό

318 1250 463 1306 ἐστιν
525 1254 660 1306 εἶναι
715 1254 1051 1328 Χριστιανόν·
1117 1254 1303 1326 ἐπειδὴ
1364 1255 1490 1313 οὐδὲ
1538 1260 1602 1313 τὸ
1672 1256 1865 1313 εἰδέναι
1921 1258 1973 1312 τί

315 1339 463 1395 ἐστιν
516 1339 853 1416 Ἰούδαῖσμός
907 1343 1018 1398 ἐστι
1074 1346 1136 1399 τὸ
1185 1347 1316 1400 εἶναι
1352 1344 1612 1403 Ἰουδαῖον
1659 1349 1791 1421 (42)’
1852 1344 1977 1401 οὐδὲ

315 1430 385 1484 τὸ
417 1426 611 1484 εἰδέναι
658 1430 711 1485 τί
760 1430 900 1486 ἐστιν
955 1430 1347 1506 Ἑλληνισμὸς,
1396 1435 1558 1492 τοῦτό
1606 1435 1715 1491 ἐστι
1746 1435 1807 1490 τὸ
1841 1438 1974 1490 εἶναι

318 1516 593 1589 ’Έλληνα.
630 1519 821 1591 Ἀνόμ.
855 1518 1020 1582 Οἶδας
1050 1522 1141 1577 τὸν
1175 1523 1304 1579 Θεόν
1338 1544 1351 1592 ;
1407 1526 1557 1600 Ὀρθ.
1608 1525 1727 1583 Ναί.
1782 1520 1972 1597 ’Δνόμ.

318 1612 410 1667 Ὠς
464 1606 624 1669 αὐτὸς
684 1608 867 1663 ἑαυτὸν
929 1607 1119 1681 οἷδεν;
1177 1613 1311 1687 Ορθ.
1372 1610 1467 1670 Οὕ,
1533 1613 1725 1686 Ἀνόμ,
1759 1614 1971 1670 Οὐκοῦν

321 1694 424 1751 οὐκ
476 1692 625 1757 οἶδας
680 1696 880 1768 αὐτόνς
945 1699 1091 1774 Ὀρθ.
1153 1698 1285 1756 Οἶδα
1340 1701 1524 1772 αὐτὸν,
1574 1703 1647 1764 ὡς
1695 1700 1973 1777 ἐνδέχεται

322 1785 611 1859 ἀνθρώπου
668 1787 823 1863 φύσει
881 1785 1098 1846 εἰδέναι.
1160 1790 1347 1863 Ἀνόμ.
1409 1790 1628 1853 Ἀλλως
1683 1792 1773 1846 οὖν
1816 1791 1974 1845 αὐτὸν

323 1872 496 1929 ἴσασιν
532 1874 581 1928 οἱ
641 1874 935 1949 ἅνθρωποι⁹
988 1878 1079 1932 καὶ
1131 1877 1319 1941 ἄλλως
1366 1879 1525 1941 αὐτὸς
1557 1880 1743 1936 ἑαυτόν
1773 1901 1786 1950 ;
1823 1881 1971 1952 Ὀρθ.
2006 1916 2054 1980 Β

326 1964 372 1980 I”
417 1962 433 1980 ἱ
523 1962 534 1979 Ι
680 1964 724 1980 ν.
795 1959 806 1980 Ι
933 1967 1014 1980 ’νυ
1150 1969 1202 1980 ιΛ
1250 1964 1340 1980 Aph
1415 1972 1475 1980 υ.-
1616 1969 1659 1980 ει
1819 1970 1831 1980 ι

323 1962 434 2019 Καὶ
468 1962 627 2019 πάνυ.
680 1959 874 2037 Ἀνόμ.
932 1967 1099 2035 ΙΙῶς;
1150 1964 1362 2040 Ὀρθόδ.
1415 1972 1561 2037 ”Οτι,
1612 1969 1698 2024 ἐὰν
1757 1970 1831 2042 μή
1890 1989 1973 2030 τις

322 2052 426 2120 τὴν
460 2051 622 2121 αὐτὴν
653 2052 733 2125 τῷ
765 2058 880 2126 Θεῷ
912 2057 1182 2126 κτήσηται
1212 2061 1435 2132 γνῶσιν,
1466 2055 1725 2113 ἀδύνατον
1760 2062 1975 2132 ιγνῶναι

324 2141 510 2211 αὐτὸν,
560 2143 636 2205 ὡς
684 2143 843 2206 αὐτὸς
894 2146 1083 2200 ἑαυτὸν
1141 2144 1277 2204 οἶδε.
1316 2148 1420 2216 Τὴν
1455 2144 1522 2216 δὴ
1554 2148 1718 2218 αὐτὴν
1750 2152 1829 2219 τῷ
1859 2150 1976 2217 Θεῴ

321 2232 623 2301 κτήσασθαι
653 2236 852 2307 γνῶσιν
884 2231 1165 2304 ἀδύνατον,
1202 2236 1277 2308 μὴ
1305 2242 1404 2304 τῆς
1443 2236 1610 2305 αὐτῆς
1662 2236 1807 2309 αὐτῷ
1854 2233 1978 2294 ὄντα

323 2318 531 2382 οὐσίας.
577 2319 693 2378 Οὐκ
749 2320 907 2394 ἐσμὲν
965 2320 1022 2378 δὲ
1067 2330 1167 2394 τῆς
1215 2324 1381 2394 αὐτῆς
1427 2325 1574 2397 αὐτῷ
1628 2326 1830 2388 ούσιας.
1865 2328 1979 2386 Οὐκ

322 2410 428 2483 ἄρα
456 2410 555 2478 τὴν
587 2409 752 2479 αὐτὴν
786 2411 932 2484 αὐτῷ
963 2409 1163 2488 ἔχομεν
1198 2418 1422 2489 γνῶσιν.
1469 2414 1659 2487 Ἀνόμ.
1714 2416 1834 2472 Ἐὰν
1884 2418 1973 2472 οὗν

321 2497 456 2572 Θὲλῃ
486 2499 513 2553 ὁ
545 2498 665 2561 Υἱὸς
691 2499 1037 2574 ἀποκαλύψαι
1067 2503 1197 2570 τινὶ,
1235 2502 1295 2557 ού
1328 2500 1547 2557 δύναται
1575 2524 1588 2571 ;
1626 2505 1773 2578 Ὀρθ.
1809 2507 1974 2561 Ἀπο-

320 2584 585 2643 καλύπτει
622 2589 740 2661 μὲν,
774 2588 900 2644 ἀλλ’
931 2590 1036 2666 οὐχ
1069 2589 1240 2653 οὕτως
1290 2591 1435 2665 αύτῴ
1474 2591 1868 2667 ἀποκαλύπτει,
1903 2596 1976 2657 ὡς

321 2676 484 2737 αὐτὸς
540 2676 725 2731 ἑαυτὸν
772 2675 936 2732 οἶδεν·
990 2678 1110 2735 ἀλλ’
1154 2681 1228 2741 ὡς
1263 2677 1485 2736 δύναται
1523 2686 1724 2756 γνῶναι
1754 2684 1781 2736 ὁ
1813 2704 1974 2737 κατα-

322 2765 631 2839 ξιούμενος.
687 2768 835 2821 Διύτι
881 2773 961 2839 τῷ
1010 2769 1104 2841 μὲν
1164 2769 1434 2845 Ἰεζελιὴλ
1485 2772 1589 2825 ἀπο
1636 2770 1833 2849 ὀσφύος
1885 2772 1976 2827 καὶ

323 2851 435 2909 ἅνω
491 2854 812 2931 ἡλὲκτρινος
862 2857 1123 2932 ἐγνώσθη⁸
1203 2862 1285 2912 τῶ
1345 2856 1401 2913 δὶ
1462 2858 1664 2929 Δανιὴλ
1741 2859 1974 2924 παλαιὸς

324 2945 571 3018 ἡμερῶν·
606 2943 685 3016 τῷ
718 2941 774 2999 δὲ
804 2943 997 3016 Ἡσαΐᾳ
1046 2945 1461 3020 καλυπτόμενος
1514 2949 1615 3003 ὑπὸ
1657 2954 1764 3003 τῶν
1817 2969 1973 3025 σερα-

325 3032 452 3111 φίμ.

2082 634 2295 702 ﬁdelis,
2348 639 2449 688 aut
2497 634 2979 699 catechumenus,
3026 634 3335 689 confestim
3385 634 3575 690 dicam
3633 637 3727 706 qui

2081 723 2194 778 sim
2231 740 2243 777 :
2278 722 2417 794 quid
2452 724 2528 777 sit
2558 727 2754 778 autem
2794 722 3025 777 ﬁdelem
3077 739 3226 790 esse,
3272 740 3384 777 non
3418 724 3630 792 dicam,
3662 740 3732 780 ne

2082 812 2229 866 forte
2282 811 2522 866 Judaeus
2574 811 2675 881 sis,
2728 811 2826 883 qui
2882 811 3227 884 interrogas.
3274 814 3465 867 Anam.
3500 814 3570 867 At
3626 828 3729 883 ego

2084 900 2185 972 qui
2216 900 2411 955 hoeex
2440 905 2495 955 te
2525 916 2741 971 quaro,
2764 901 2868 956 tibi
2893 901 3022 956 dico
3046 917 3138 956 me
3158 901 3553 957 Christianum
3581 918 3731 957 esse.

2087 988 2240 1044 Orth.
2277 989 2406 1044 Tibi
2440 1006 2553 1044 non
2605 990 2713 1044 fuit
2770 991 2936 1055 satis,
2988 990 3143 1060 quod
3192 1007 3282 1046 me
3329 991 3730 1045 Christianum

2084 1078 2327 1134 dixerim
2364 1096 2375 1132 :
2411 1078 2488 1132 ita
2521 1078 2663 1133 mihi
2696 1095 2929 1151 quoque
2978 1095 3092 1134 non
3145 1080 3288 1133 satis
3345 1084 3450 1146 est,
3506 1083 3645 1149 quot
3682 1084 3738 1135 te

2084 1166 2485 1222 Christianum
2519 1183 2647 1223 esse
2692 1167 2854 1223 dicas
2908 1184 2920 1221 :
2975 1167 3088 1223 nisi
3135 1167 3278 1221 mihi
3326 1168 3541 1224 dixeris
3594 1168 3736 1239 quid

2086 1257 2163 1311 sit
2207 1256 2713 1311 Cliristianismus.
2758 1261 2838 1311 Ac
2889 1274 2960 1311 ne
3008 1256 3092 1311 sic
3151 1255 3386 1327 quidem
3452 1256 3621 1327 plane
3676 1274 3739 1312 es

2085 1345 2490 1401 Christianus:
2519 1362 2705 1417 neque
2729 1345 2884 1400 enim
2917 1345 3066 1401 scire
3098 1346 3236 1416 quid
3271 1346 3346 1400 sit
3368 1346 3742 1401 Christianis-

2086 1451 2241 1501 mus,
2270 1435 2378 1489 hoc
2409 1439 2497 1490 est
2527 1433 2918 1490 Christianum
2950 1451 3117 1501 esse;
3165 1451 3300 1489 nam
3354 1451 3542 1506 neque
3588 1436 3740 1491 scire

2086 1524 2226 1595 quid
2273 1524 2348 1578 sit
2398 1523 2763 1590 Judaismus,
2825 1527 2913 1579 est
2984 1539 3112 1578 esse
3181 1521 3473 1589 Judmum,
3552 1540 3739 1595 neque

2085 1612 2233 1668 scire
2291 1612 2430 1683 quid
2486 1612 2563 1667 sit
2620 1610 3017 1683 gentilismus,
3095 1615 3184 1667 est
3252 1611 3530 1683 gentilem
3588 1629 3739 1668 esse.

2083 1701 2274 1756 Anam.
2341 1701 2506 1756 Nosti
2586 1701 2835 1755 Deum?
2901 1702 3059 1759 Orth.
3126 1701 3335 1755 Etiam.
3397 1703 3588 1756 Anam.
3670 1702 3744 1757 Ut

2084 1791 2209 1863 ipse
2243 1789 2503 1861 seipsum
2539 1790 2743 1845 novit?
2776 1790 2932 1846 Orth.
2965 1789 3222 1846 Minime.
3245 1791 3436 1845 Anam.
3458 1792 3603 1845 Eum
3631 1790 3738 1862 igi-

2084 1882 2183 1933 tur
2228 1895 2342 1933 non
2394 1878 2568 1934 nosti.
2620 1877 2777 1934 Orth.
2823 1878 2961 1933 Novi
3009 1895 3167 1944 eum,
3218 1883 3282 1933 ut
3326 1880 3433 1933 fert
3466 1879 3738 1934 humanae

2086 1968 2336 2023 facultas
2367 1972 2606 2022 naturas.
2640 1968 2833 2023 Anam.
2869 1967 3050 2023 Aliter
3079 1967 3261 2038 igitur
3289 1967 3483 2038 ipsum
3519 1973 3737 2024 norunt

2089 2057 2379 2125 homines,
2413 2060 2469 2110 et
2499 2055 2667 2111 aliter
2696 2072 2758 2112 se
2789 2056 2914 2129 ipse
2948 2056 3147 2112 novit?
3194 2057 3358 2115 Orlh.
3410 2061 3556 2113 Sane
3602 2058 3742 2129 qui-

2091 2146 2244 2201 dem.
2276 2146 2469 2201 Anam.
2523 2146 2867 2211 Quomodo?
2915 2146 3065 2202 Orth.
3124 2146 3409 2212 Quoniam
3463 2146 3573 2201 nisi
3608 2146 3739 2217 quis

2089 2236 2292 2290 eadem
2325 2241 2493 2304 atque
2536 2236 2688 2290 Deus
2732 2235 2859 2306 ipse
2910 2236 3295 2308 cognoscendi
3346 2234 3617 2291 facultate
3665 2238 3743 2291 sit

2088 2325 2389 2396 praeditus,
2423 2324 2545 2379 fieri
2579 2341 2693 2379 non
2740 2328 2932 2395 potest
2974 2329 3037 2380 ut
3084 2340 3218 2379 eum
3270 2327 3445 2391 norit,
3495 2325 3648 2381 sicut
3677 2341 3741 2382 se

2088 2413 2211 2485 ipse
2242 2413 2415 2468 novit.
2477 2414 2550 2467 At
2598 2411 2719 2467 fieri
2767 2411 2969 2484 nequit
3018 2417 3081 2468 ut
3130 2414 3277 2485 quis
3311 2413 3513 2469 eadem
3566 2418 3740 2483 atque

2087 2502 2241 2558 Deus
2274 2503 2395 2573 ipse
2422 2502 2812 2574 cognoscendi
2846 2501 3121 2558 facultate
3170 2502 3248 2558 sit
3294 2503 3588 2572 praeditus,
3626 2501 3741 2557 nisi

2089 2592 2166 2647 sit
2223 2592 2486 2663 ejusdem
2542 2608 2608 2647 ac
2664 2591 2817 2646 Dens
2850 2596 3095 2646 naturae.
3129 2591 3251 2647 Non
3304 2610 3511 2647 sumus
3541 2598 3738 2647 autem

2086 2681 2354 2751 ejusdem
2387 2685 2563 2752 atque
2616 2680 2741 2752 ipse
2765 2684 3006 2735 naturas.
3058 2680 3183 2735 Non
3234 2680 3414 2751 igitur
3470 2682 3737 2736 eamdem

2087 2779 2257 2842 atque
2315 2771 2440 2842 ipse
2492 2768 2758 2825 notitiam
2816 2769 3123 2824 habemus.
3205 2771 3397 2824 Anam.
3472 2770 3640 2835 Quid,
3689 2769 3739 2824 si

2086 2860 2266 2915 Filius
2296 2858 2431 2915 velit
2460 2858 2717 2931 cuipiam
2752 2857 3022 2926 revelare,
3057 2874 3251 2913 annon
3294 2858 3527 2929 potest?
3583 2859 3732 2914 Orth.

2088 2948 2322 3013 Revelat
2353 2948 2614 3019 quidem,
2645 2947 2747 3003 sed
2780 2964 2894 3002 non
2955 2947 3039 3003 ita
3097 2947 3208 3018 ipsi
3271 2947 3501 3014 revelat,
3561 2953 3622 3003 ut
3678 2963 3739 3003 se

2089 3038 2211 3109 ipse
2243 3036 2403 3092 novit
2437 3054 2449 3091 :
2484 3052 2683 3092 verum
2712 3041 2884 3107 prout
2917 3035 2964 3092 is
3013 3040 3103 3092 est
3150 3036 3222 3091 ad
3266 3037 3735 3107 cognoscendum

329 3124 598 3192 idoneus,
630 3140 803 3196 quem
840 3124 944 3179 bac
973 3124 1160 3197 gratia
1185 3126 1382 3181 donat.
1417 3126 1803 3192 Quamobrem
1835 3146 1868 3183 a
1898 3127 2116 3183 lumbis
2164 3128 2235 3181 ad
2266 3126 2544 3181 verticem
2587 3124 2783 3182 electri
2832 3126 3026 3198 specie
3078 3125 3357 3183 Ezcchieli
3406 3126 3569 3183 visus
3600 3130 3688 3182 est
3727 3142 3739 3179 :

330 3213 549 3269 Danieli
581 3230 735 3285 vero,
766 3215 1058 3286 Antiquus
1089 3214 1315 3271 dierum
1353 3218 1447 3272 :et
1479 3216 1660 3285 Isaiae,
1693 3233 1727 3272 a
1756 3216 2050 3289 seraphim
2083 3217 2367 3272 obtectus.

395 3304 449 3357 2.
484 3301 793 3375 Ἀνόμοιος.
828 3300 903 3356 Σὺ
936 3299 1025 3356 οὗν
1058 3306 1176 3364 πῶς
1206 3302 1362 3357 αὐτὸν
1399 3300 1573 3373 οἶδας,
1612 3305 1688 3366 ὡς
1718 3304 1972 3379 ἠλέκτρι-

2153 3306 2207 3359 2.
2243 3305 2552 3361 Anamus.
2578 3304 2660 3359 Tu
2686 3304 2869 3377 igitur
2890 3320 3006 3376 qua
3028 3305 3250 3361 ratione
3269 3304 3435 3359 illum
3462 3306 3609 3360 nosti
3634 3322 3647 3373 ;
3676 3307 3741 3359 ut

321 3410 440 3459 νον,
489 3391 524 3460 ἤ
578 3391 653 3452 ὡς
700 3389 934 3446 παλαιὸν
976 3395 1084 3445 τῶν
1136 3394 1401 3467 ἡμερῶν;
1443 3393 1594 3466 Ὀρθ.
1632 3394 1765 3469 ΙΙαρ’
1798 3392 1971 3447 αὐτῶν

327 3481 514 3553 μαθὼν
573 3477 715 3553 οῖδα,
770 3480 851 3535 ὅτι
912 3479 1044 3556 ὑπὲρ
1102 3480 1271 3535 πάντα
1324 3480 1432 3535 ἐστὶ
1491 3481 1557 3536 τὰ
1612 3479 1976 3557 γνωρισθέντα

323 3567 531 3631 αὐτοῖς.
566 3568 630 3626 Εἰ
667 3571 741 3643 μή
773 3569 873 3646 γὰρ
901 3570 967 3639 ἦν
1028 3569 1159 3644 ὑπὲρ
1219 3570 1374 3638 αὐτὰ,
1433 3568 1531 3625 οὐκ
1578 3571 1636 3625 ἂν
1700 3568 1972 3649 διαφόρως

325 3658 590 3736 ἐφαίνετσ
651 3659 741 3713 καὶ
801 3656 890 3713 διὰ
935 3664 1095 3714 τοῦτο
1147 3661 1175 3713 ὁ
1227 3660 1547 3734 Μονογενὴς
1578 3658 1746 3735 λέγει·
1786 3662 1970 3715 «Θεὸν

326 3744 503 3808 οὐδεὶς
534 3748 737 3821 ἑώρακε
765 3748 1010 3804 πώποτε.
1046 3772 1074 3799 ››
1116 3747 1313 3821 Ἀνόμ,
1374 3748 1551 3805 ’Ἄλλο
1601 3749 1710 3804 ἐστὶ
1758 3750 1822 3804 τὸ
1871 3750 1974 3804 εω-

329 3838 570 3913 ρακέναι,
627 3837 717 3891 καὶ
770 3835 911 3893 ἄλλο
958 3840 1020 3893 τὸ
1071 3838 1390 3913 ἐγνωκέναι;
1446 3840 1593 3915 Ὀρθ.
1652 3838 1781 3896 ’Ἐπὶ
1839 3843 1971 3895 Θεοῦ

328 3924 427 3981 οὐκ
454 3923 595 3980 ἔστιν
628 3922 769 3981 ἄλλο
798 3925 887 3981 καὶ
920 3924 1081 3982 ἄλλο·
1114 3926 1275 3989 αὐτὸς
1302 3927 1401 4003 γὰρ
1447 3929 1545 3996 τήν
1597 3927 1823 4004 θεωρίαν
1884 3926 1971 3981 ἐπὶ

322 4022 423 4085 τῆς
456 4016 712 4090 γνώσεως
744 4010 925 4085 ἔλαϐε,
970 4015 1160 4093 λέγων·
1197 4041 1224 4068 (ί
1276 4019 1548 4074 Τοσοῦτον
1601 4018 1799 4093 χρόνον
1856 4018 1972 4091 μεθ’

330 4104 481 4177 ὑμῶν
516 4104 652 4175 εἶμι,
710 4104 799 4158 καὶ
852 4104 950 4163 οὐκ
999 4101 1237 4180 ἔγνωκάς
1285 4126 1383 4179 με;
1438 4104 1703 4176 Φίλιππε,
1744 4107 1771 4161 ὁ
1800 4106 1973 4179 ἑωρα-

325 4193 438 4255 κὼς
491 4193 591 4265 ἐμὲ
639 4193 845 4277 tuang
890 4194 984 4248 τὸν
1012 4194 1225 4268 Πατέρα
1255 4215 1381 4267 μου.
1416 4218 1444 4246 ››
1479 4194 1668 4268 Ἀνόμ.
1704 4195 1764 4249 ΕΞ
1798 4192 1970 4267 οἶδας,

325 4281 409 4337 ὅτι
444 4282 574 4356 ὑπὲρ
630 4284 698 4337 τὰ
745 4282 1040 4361 φαινόμενά
1100 4283 1261 4353 ἐστιν,
1319 4281 1469 4344 οἶδας
1519 4283 1570 4338 τί
1602 4282 1764 4341 ἐστιν.
1827 4284 1970 4359 Ὀρθ.

324 4370 549 4427 Γελοῖον
608 4369 803 4446 λέγεις’
854 4372 929 4443 μή
995 4370 1119 4446 γὰρ,
1181 4370 1365 4442 ἐπειδὴ
1421 4370 1563 4441 οἴδα,
1608 4373 1692 4428 ὃτι
1746 4372 1876 4446 ὑπὲρ
1907 4372 1973 4427 τὰ

326 4460 623 4539 φαινόμενα
690 4460 915 4535 σώματά
973 4459 1113 4516 ἐστιν
1173 4464 1208 4531 ἡ
1262 4463 1439 4537 ψυχὴ,
1490 4459 1610 4517 οἶδα
1656 4461 1745 4516 καὶ
1774 4460 1827 4517 τί
1859 4460 1969 4516 ἐστι

324 4552 522 4626 ψυχή;
578 4548 772 4623 Ἀνόμ.
836 4550 980 4625 Ἐγὼ
1039 4548 1211 4612 οὕτως
1268 4549 1425 4605 αὐτὸν
1483 4548 1620 4621 οῖδα,
1681 4552 1753 4612 ὡς
1810 4550 1969 4613 αὑτὸς

328 4639 516 4696 ἑαυτὸν
576 4637 740 4695 οἶδεν.
800 4640 952 4701 Ὀρθ.
1012 4637 1079 4695 Τί
1137 4637 1226 4694 οὖν
1280 4639 1417 4695 ἐστιν
1475 4640 1503 4694 6
1554 4634 1719 4708 Θεός;
1774 4638 1967 4711 Ἀνόμ.

330 4727 475 4785 Αὐτὸ
510 4728 576 4785 τὸ
632 4726 941 4804 ἀγέννητον.
1004 4728 1147 4805 Ὀρθ.
1206 4728 1277 4783 Τὸ
1334 4713 1553 4800 εἶδὲναι,
1610 4729 1693 4784 ὅτι
1737 4729 1969 4804 ἀγέννη-

325 4818 418 4880 τός
448 4819 558 4893 (43)
588 4816 720 4890 ἐστι,
751 4821 912 4873 τοῦτο
944 4816 1055 4873 ἐστι
1085 4819 1147 4873 τὸ
1179 4816 1370 4874 εἰδέναι
1417 4819 1507 4873 τὸν
1555 4817 1706 4875 Θεόν.
1778 4818 1967 4892 Ἀνόμ.

329 4907 435 4966 Καὶ
481 4907 639 4964 πάνυ.
690 4908 842 4982 Ὀρθ.
884 4909 1077 4966 Ἰσασιν
1111 4905 1199 4963 οὖν
1237 4907 1326 4963 καὶ
1359 4905 1609 4964 Ἰουδαῖοι
1641 4906 1729 4963 καὶ
1759 4906 1971 4975 ’ΈλΛη-

325 5018 414 5060 νες
466 5001 650 5055 τοῦτο.
696 4997 803 5065 Τὴν
862 4996 1028 5067 αὐτὴν
1076 4998 1176 5073 ἄρα
1223 5003 1338 5060 τοῖς
1397 4995 1676 5061 Ἰουδαίοις
1722 4998 1814 5053 καὶ
1853 5001 1971 5060 τοῖς

326 5085 599 5158 Ἕλλησιν
657 5082 804 5162 ἔχεις
860 5090 1076 5162 γνῶσιν⁹
1122 5092 1240 5149 τοῖς
1294 5088 1370 5161 μὴ
1403 5087 1759 5164 γινώσκουσιν
1788 5085 1970 5144 αὐτόν.

326 5178 453 5234 ’Ότι
482 5176 583 5253 γὰρ
615 5176 643 5231 6
692 5176 767 5249 μὴ
826 5176 1105 5250 γινώσκων
1157 5177 1250 5232 τὸν
1309 5178 1432 5233 Υἰὸν
1483 5176 1542 5231 οὐ
1594 5177 1847 5251 γινώσκει
1877 5177 1969 5231 τὸν

328 5268 559 5341 Πατέρα,
586 5266 655 5320 τὰ
710 5263 1018 5341 Εὐαγγὲλια
1070 5264 1363 5342 εῗρήκασιν.
1414 5266 1607 5341 Ἀνόμ.
1667 5265 1779 5324 Οὐκ
1832 5263 1973 5321 οἶδεν

398 5436 442 5472 ⁸⁷
472 5436 636 5492 Joan.
669 5451 709 5503 1,
746 5434 832 5489 18.
907 5434 953 5469 ⁸⁸
970 5437 1135 5492 Joan.
1167 5451 1283 5502 xxv,
1313 5436 1369 5489 9.

365 5608 519 5697 "(40)
547 5606 633 5663 Ita
665 5606 805 5697 ἷξες.
838 5610 896 5689 et
934 5604 1255 5697 Palatinus.
1292 5606 1439 5697 Igditi
1471 5622 1628 5697 ιςιτξιξοζ
1658 5603 1976 5691 καὶκπιστὸς

454 5675 657 5806 καττιέΪ
694 5675 850 5760 [diem
880 5677 1053 5745 infra,
1085 5676 1172 5731 καὶ
1193 5675 1453 5741 Ἰουδαῖος
1548 5678 1576 5730 ὁ
1610 5676 1846 5753 ἐρωτῶν.

412 5750 526 5821 (In)
556 5755 594 5803 Ρ
658 5746 1075 5815 οίιοιιθιμιῖπιεῖν
1110 5768 1218 5804 σοιι

1999 4686 2046 4751 D

2083 3393 2283 3450 electri
2314 3395 2527 3465 specie,
2560 3410 2633 3449 an
2666 3398 2730 3448 ut
2779 3394 3084 3466 antiquam
3137 3394 3364 3450 dierum
3392 3396 3411 3448 ἒ
3464 3394 3619 3451 Orth.
3653 3394 3739 3449 Ab

2083 3483 2228 3556 ipsis
2253 3482 2429 3539 didici
2450 3484 2629 3539 Deum
2660 3499 2789 3540 esse
2821 3500 3002 3556 supra
3033 3484 3231 3539 omnia
3251 3482 3352 3539 illa
3381 3484 3525 3555 ipsis
3556 3483 3741 3539 mani-

2084 3574 2315 3629 festata.
2348 3572 2471 3629 Nisi
2519 3572 2675 3627 enim
2718 3571 2847 3628 istis
2895 3572 3273 3645 praecelleret,
3321 3588 3622 3643 nunquam
3656 3572 3744 3625 di-

2083 3662 2266 3718 versis
2290 3662 2482 3717 modis
2504 3661 2892 3733 apparuisset,
2918 3662 3165 3733 ideoque
3186 3661 3327 3717 dicit
3344 3659 3694 3732 Unigenitus
3724 3678 3735 3714 :

2085 3772 2113 3801 «
2146 3751 2324 3806 Deum
2360 3767 2530 3805 nemo
2562 3750 2704 3805 vidit
2738 3766 3001 3821 unquam
3027 3751 3091 3804 ‘7.
3129 3771 3157 3799 »
3185 3751 3375 3805 Anam.
3432 3749 3598 3803 Aliud
3652 3752 3740 3803 est

2082 3840 2321 3909 vidisse,
2379 3838 2538 3894 aliud
2591 3854 2783 3893 nosse.
2817 3838 2974 3894 Orth.
3008 3839 3169 3902 Quod
3199 3840 3271 3895 ad
3302 3844 3482 3893 Deum
3507 3836 3738 3905 attinet,

2083 3946 2200 3984 non
2232 3932 2320 3984 est
2370 3928 2530 3983 aliud
2576 3931 2633 3981 et
2677 3925 2859 3997 aliud,
2910 3927 3205 3998 siquidem
3254 3926 3378 3999 ipse
3432 3930 3737 3997 aspectum

2084 4035 2185 4090 pro
2219 4017 2551 4089 cognitione
2583 4014 2909 4086 usurpavit,
2944 4016 3177 4071 dicens:
3203 4039 3230 4065 ‹‹
3256 4016 3441 4070 Tanto
3472 4019 3736 4085 tempore

2080 4106 2382 4163 vobiscum
2416 4121 2573 4175 sum,
2602 4108 2658 4159 et
2710 4119 2823 4158 non
2869 4104 3191 4176 cognovisti
3243 4104 3392 4158 me?
3446 4101 3734 4174 Philippe,

2082 4195 2180 4268 qui
2238 4212 2328 4249 me
2374 4194 2539 4259 vidit,
2593 4195 2821 4247 Patrem
2856 4209 3051 4249 meum
3098 4191 3238 4248 vidit
3267 4193 3329 4246 ⁵⁸.
3371 4216 3390 4239 υ
3447 4192 3641 4246 Anam.
3676 4190 3735 4245 Si

2082 4284 2235 4340 nosti
2266 4299 2400 4338 eum
2442 4298 2571 4338 esse
2613 4297 2792 4352 supra
2839 4282 3038 4338 omnia
3089 4299 3215 4354 quae
3264 4280 3731 4353 conspiciuntur,

2082 4373 2218 4446 quid
2249 4373 2374 4445 ipse
2403 4371 2479 4428 sit
2510 4370 2686 4427 nosti.
2722 4370 2874 4428 Orth.
2916 4372 3246 4427 Ridiculum
3277 4371 3559 4444 quiddam
3602 4387 3733 4426 nar-

2081 4480 2197 4530 ras,
2238 4479 2381 4517 num
2431 4460 2588 4517 enim
2638 4462 2778 4533 quia
2821 4460 3078 4517 animam
3132 4461 3261 4517 novi
3302 4478 3483 4533 supra
3528 4460 3729 4515 omnia

2080 4550 2460 4624 aspectabilia
2508 4567 2751 4623 corpora
2793 4566 2921 4606 esse
2953 4550 3167 4607 idcirco
3198 4550 3372 4606 etiam
3427 4549 3555 4605 novi
3588 4549 3729 4621 quid

2080 4640 2157 4696 sit
2187 4639 2383 4695 anima
2408 4642 2431 4694 Ρ
2454 4640 2644 4694 Anam.
2670 4642 2739 4695 At
2772 4655 2878 4712 ego
2911 4655 3043 4694 eum
3070 4638 3199 4694 novi
3231 4637 3437 4709 utipse
3459 4655 3519 4692 se
3551 4636 3727 4692 novit.

2080 4730 2230 4787 Orth.
2262 4728 2409 4793 Quid
2441 4733 2531 4785 est
2558 4728 2741 4801 igitur
2787 4728 2989 4784 Deus?
3035 4728 3226 4784 Anam.
3281 4727 3478 4800 Ipsum
3510 4725 3732 4799 ingeni-

2078 4824 2227 4875 tum.
2260 4818 2412 4875 Orta.
2445 4821 2530 4874 An
2564 4834 2738 4873 nosse
2768 4818 2920 4890 quod
2953 4817 3030 4874 sit
3076 4817 3394 4889 ingenitus,
3428 4821 3515 4872 est
3544 4816 3727 4872 Deum

2080 4907 2299 4965 nosse?
2326 4909 2517 4963 Anam.
2549 4907 2696 4963 Sane
2726 4906 2985 4978 quidem.
3022 4906 3174 4963 Orth.
3206 4906 3383 4979 Atqui
3416 4906 3524 4961 hoc
3554 4905 3729 4960 etiam

2082 5001 2300 5053 norunt
2328 5001 2385 5052 et
2410 4996 2596 5053 Judaei
2628 5000 2686 5052 et
2731 4995 2930 5051 Graeci.
2982 4996 3193 5052 Eadem
3224 5012 3362 5069 ergo
3394 4994 3600 5051 notitia
3627 4994 3731 5050 Dei

2081 5087 2361 5160 praeditus
2392 5101 2453 5142 es
2502 5103 2618 5159 qua
2646 5085 2837 5141 Judaei
2882 5090 2940 5142 et
2986 5086 3186 5156 Graeci,
3220 5085 3317 5156 qui
3371 5086 3563 5157 ipsum
3613 5100 3728 5139 non

2081 5179 2317 5231 norunt.
2350 5176 2664 5231 Testantur
2716 5175 2872 5231 enim
2920 5175 3251 5247 Evangelia,
3295 5192 3428 5230 eum
3480 5174 3578 5245 qui
3612 5191 3726 5228 non

2082 5263 2385 5337 cognoscit
2413 5263 2645 5332 Filium,
2678 5280 2784 5319 nec
2829 5264 3051 5320 Patrem
3103 5281 3296 5320 nosse.
3354 5272 3547 5319 Anam.
3602 5262 3725 5317 Non

2159 5606 2268 5677 (42)
2298 5603 2614 5677 Palatinus,
2646 5598 2927 5677 Ἰουᾷαιῖοᾳ

2161 5671 2272 5747 (43)
2303 5677 2393 5731 Sic
2420 5675 2737 5746 Palatinus,
2773 5675 2866 5729 hic
2898 5680 2954 5729 et
2984 5673 3355 5729 bisinferius.
3394 5671 3536 5725 Editi
3569 5683 3723 5723 vero.

2089 5745 2367 5824 ἂγὲνηλτον.
