4092 6218
328 356 484 415 1119

1488 366 1551 424 S.
1600 364 2121 425 ATHANASIUS.
2153 396 2232 406 ——
2268 362 2576 425 SPURIA.

3585 366 3755 430 £130

327 488 512 560 igitur
541 494 700 551 novit
724 495 877 550 Deus
907 510 969 550 se
999 511 1128 552 esse
1155 498 1526 569 ingenitum?
1558 501 1705 556 Orth.
1755 499 1825 552 At
1867 497 1978 551 hoc

2095 489 2184 546 οὗν
2214 493 2241 546 6
2271 493 2399 553 Θεὸς
2431 492 2721 567 ἀγέννητον
2758 493 2982 561 ἓαυτόν;
3038 494 3182 568 Ὀρθ,
3244 491 3401 549 Ἀλλ’
3451 494 3513 549 οὑ
3578 496 3748 551 τοῦτὸ

332 579 577 637 minime
607 582 793 654 ipsius
824 591 911 640 est
940 586 1191 641 essentia
1218 589 1369 658 quod
1402 586 1976 660 comprehendimus.

332 668 528 725 Anam.
562 674 644 725 An
681 690 855 727 unam
881 674 1025 729 dicis
1049 676 1347 743 deitatem,
1372 681 1427 732 et
1448 683 1563 732 tres
1591 674 1979 749 hypostases?

330 757 483 813 Orth.
520 762 641 815 Tua
674 763 912 832 quidem
945 764 1044 817 illa
1094 767 1318 835 notitia,
1356 783 1530 837 quam
1568 767 1729 837 prius
1777 765 1978 820 affere-

329 845 456 915 bas,
492 850 792 903 confutata
841 855 928 904 est
981 869 991 904 :
1038 853 1143 906 tibi
1194 870 1326 908 vero
1380 854 1465 909 sic
1512 855 1685 908 etiam
1739 869 1977 923 respon-

332 934 478 989 debo
516 954 525 989 :
564 937 733 991 Aliud
766 942 853 992 est
899 939 1251 1011 hypostasis,
1286 947 1341 995 et
1388 942 1545 996 aliud
1598 942 1825 997 deitas:
1864 958 1977 996 non

329 1026 394 1077 ut
424 1024 537 1077 alia
585 1032 641 1079 et
708 1026 820 1081 alia
877 1045 1004 1095 res;
1039 1031 1138 1083 sed
1190 1031 1342 1100 quod
1386 1031 1713 1102 hypostasis
1736 1031 1971 1103 quidem

325 1111 503 1179 aliud,
541 1114 696 1168 aliud
730 1132 863 1171 vero
893 1116 1077 1171 deitas
1112 1117 1419 1190 signiﬁcet.
1454 1120 1598 1175 Nam
1631 1119 1967 1191 hypostasis

324 1199 385 1252 τὸ
447 1202 577 1253 εἶναι
608 1204 663 1257 id
701 1208 807 1272 est,
844 1223 1110 1273 «esse,»
1165 1208 1350 1264 deitas
1402 1225 1556 1274 vero,
1615 1208 1676 1262 τὸ
1732 1208 1785 1261 τὶ
1844 1206 1975 1262 εἶναι

324 1288 385 1345 id
417 1295 523 1357 est,
556 1313 577 1341 α
613 1294 893 1362 quiddam
918 1312 1066 1359 esse,
1088 1315 1114 1347 η
1144 1297 1459 1369 signiﬁcat.
1492 1304 1682 1354 Anam.
1707 1298 1825 1352 Hoc
1845 1313 1977 1353 vero

327 1379 660 1447 cujusmodi
696 1382 829 1437 est?
860 1384 1012 1438 Orth.
1048 1384 1121 1440 Ut
1170 1391 1308 1441 sunt
1358 1386 1531 1453 Petri,
1582 1392 1639 1441 et
1690 1386 1867 1457 Pauli,
1923 1392 1980 1441 et

331 1466 623 1522 Timothei
680 1474 797 1524 tres
855 1470 1220 1542 hypostases,
1300 1480 1355 1529 et
1423 1492 1540 1529 una
1616 1474 1975 1530 humanitas.

331 1556 520 1611 Anam.
556 1558 697 1626 Ergo
731 1564 847 1613 tres
882 1565 1020 1615 sunt
1067 1562 1166 1618 dii.
1219 1563 1371 1619 Orth.
1427 1564 1595 1619 Absit
1645 1569 1708 1618 ut
1753 1563 1859 1618 hoc
1892 1563 1976 1617 dl-

2089 579 2228 636 ἐστιν
2262 581 2426 636 αὐτοῦ
2484 584 2518 650 ἡ
2579 580 2754 650 οὐσία,
2786 584 2841 636 νδ
2886 581 3316 659 κατειλήφαμεν.
3372 583 3564 656 Ἀνόμ.
3600 584 3750 642 Μίαν

2089 669 2269 745 λέγεις
2302 670 2554 741 θεότητα,
2584 671 2673 725 καὶ
2703 676 2847 747 τρεῖς
2891 670 3207 732 ὑποστάσεις
3235 690 3247 741 ;
3300 672 3452 747 Ὀρθ.
3502 672 3744 729 Λέλυται

2092 761 2185 833 μέν
2238 781 2331 813 σου
2376 762 2410 828 ἡ
2466 758 2729 836 πρότερον
2775 765 2993 836 γνῶσις.
3056 761 3483 835 Ἀποκρινοῦμαι
3546 760 3603 817 δέ
3653 784 3742 818 σοι

2088 848 2173 903 xui
2208 848 2399 910 οὕτως·
2433 846 2611 903 Ἀλλο
2645 848 2784 903 ἐστὶν
2828 848 3140 915 ὑπόστασις,
3188 850 3277 903 καὶ
3330 850 3470 906 ἄλλο
3525 851 3746 923 Θεότης·

2088 936 2196 1013 οὑχ
2225 938 2299 999 ὡς
2332 935 2472 991 ἄλλο
2503 942 2731 1012 πρᾶγμα
2759 937 2848 991 καὶ
2897 936 3060 1010 ἄλλο,
3111 934 3236 991 ἀλλ’
3276 938 3349 999 ὡς
3381 937 3522 994 ἄλλο
3552 962 3604 994 τι
3638 961 3747 1011 ση-

2091 1026 2385 1098 μαινούσης
2414 1032 2515 1094 τῆς
2565 1027 2928 1095 ὑποστάσεως,
2978 1026 3066 1080 καὶ
3116 1024 3259 1081 ἄλλο
3313 1034 3413 1097 τῆς
3447 1024 3741 1099 Θεὸτητος.

2087 1117 2151 1171 Ἡ
2187 1117 2279 1189 μὲν
2342 1116 2441 1191 γὰρ
2508 1115 2799 1177 ὑπόστασις
2858 1140 2886 1166 ‹‹
2936 1115 2999 1170 τὸ
3048 1117 3181 1170 εἶναι
3234 1140 3262 1167 ‹‹
3304 1116 3579 1189 σημαίνει·
3614 1121 3651 1188 ἡ
3687 1116 3749 1173 δὶ

2087 1203 2277 1273 θεότης
2310 1205 2428 1259 «τὸ
2458 1204 2510 1258 τί
2543 1207 2698 1262 εῖναι.
2734 1228 2761 1255 ››
2796 1203 2985 1276 Ἀνόμ.
3018 1204 3166 1273 Οἶον,
3200 1206 3274 1267 ὡς
3303 1204 3400 1275 τίς
3446 1206 3595 1282 Ὀρθ.
3648 1208 3745 1269 Ὧς

2089 1295 2316 1369 Πέτρου,
2377 1294 2467 1348 xui
2525 1292 2766 1362 Παύλου,
2828 1293 2916 1347 καὶ
2966 1291 3243 1365 Τιμοθέου
3299 1299 3444 1368 τρεῖς
3498 1296 3747 1351 ὑποστάσ

2088 1404 2221 1452 σεις,
2252 1384 2341 1436 xui
2377 1380 2475 1455 μία
2506 1376 2877 1457 ἀνθρωπὸτης.
2913 1377 3102 1455 Ἀνὸμ.
3137 1382 3344 1441 Οὐκοῦν
3392 1390 3542 1458 τρεῖς
3591 1385 3750 1453 Osci;

2086 1474 2235 1547 Ὀρθ.
2296 1472 2389 1540 Μὴ
2439 1472 2653 1546 γένοιτο
2704 1470 2908 1527 εἷπεῖνί
2962 1468 3158 1544 Ἀνὸμ.
3209 1472 3270 1527 Εἰ
3314 1471 3488 1535 οὓτως
3519 1472 3657 1528 εἰσὶν
3689 1474 3747 1528 αἱ

2089 1556 2407 1623 ὑποστάσεις
2465 1560 2539 1623 ὡς
2590 1560 2819 1635 Πέτρου,
2878 1560 2965 1616 καὶ
3018 1560 3261 1629 Παύλου,
3311 1562 3399 1616 καὶ
3450 1562 3745 1635 Τιμοθέου,

332 1643 495 1698 eam!
532 1646 726 1699 Anam.
780 1647 838 1701 St
888 1649 969 1703 ita
1029 1656 1166 1704 sunt
1224 1651 1590 1723 hypostases,
1636 1657 1701 1706 ut
1741 1652 1893 1707 Petri
1923 1655 1979 1706 et

2095 1654 2229 1723 τρεῖς
2259 1649 2391 1703 θεοί·
2451 1655 2598 1722 τρεῖς
2656 1650 2756 1724 γὰρ
2817 1649 3113 1723 ἅνθρωποι,
3169 1648 3393 1727 Πέτρος,
3450 1651 3541 1704 xui
3593 1652 3747 1707 Παῦε-

329 1732 515 1795 Pauli,
552 1740 607 1788 et
654 1736 963 1802 Timothei,
997 1742 1116 1794 tres
1170 1746 1307 1795 sunt
1337 1740 1417 1795 dii
1451 1756 1463 1796 :
1500 1741 1977 1812 quandoquidem

331 1821 556 1887 Petrus,
592 1828 644 1878 et
678 1825 912 1895 Paulus,
947 1831 1003 1882 et
1034 1828 1398 1897 Timotheus,
1444 1834 1559 1885 tres
1604 1834 1743 1884 sunt
1788 1829 1978 1884 homi-

330 1913 614 1967 nes.0rth.
651 1915 730 1968 Ne
764 1915 819 1968 hi
853 1916 1089 1987 quidem
1134 1925 1272 1973 sunt
1315 1920 1466 1974 409
1524 1923 1641 1973 tres
1680 1935 1747 1973 ex
1797 1919 1980 1975 sacris

333 2000 595 2055 Litteris.
645 2023 664 2049 α
701 2008 845 2059 Nam
878 2004 934 2058 in
966 2005 1191 2061 Christo
1222 2008 1354 2062 Jesu
1390 2024 1505 2062 non
1539 2011 1629 2062 est
1659 2006 1981 2074 masculus,

332 2106 521 2160 neque
554 2092 791 2161 femina,
826 2110 938 2149 non
972 2100 1059 2150 est
1090 2095 1321 2152 Grazcus
1374 2102 1429 2152 et
1457 2096 1717 2166 Judazus,
1747 2113 1863 2152 non
1895 2100 1984 2153 est

334 2194 538 2233 servus
571 2186 625 2233 et
658 2180 823 2247 liber,
877 2184 977 2238 sed
1030 2200 1233 2240 omnes
1281 2185 1339 2239 in
1385 2185 1612 2242 Christo
1662 2202 1847 2241 unum
1878 2203 1980 2241 su-

336 2285 469 2323 mus
498 2271 561 2323 ⁸9.
596 2293 622 2319 ››
659 2274 851 2327 Anam.
909 2276 1115 2330 Annon
1169 2275 1351 2348 igitur
1394 2281 1512 2332 tres
1562 2284 1702 2331 sunt
1750 2280 1982 2345 Petrus,

330 2358 572 2425 Paulus,
602 2364 657 2412 et
686 2361 1025 2419 Timotheus
1062 2364 1090 2418 ?
1152 2365 1315 2421 Orth.
1368 2366 1509 2421 Tres
1554 2367 1790 2437 quidem
1822 2371 1980 2434 sunt,

335 2452 395 2502 at
428 2464 539 2502 non
572 2452 691 2503 tres
724 2450 1012 2515 homines,
1047 2453 1242 2508 Anam.
1278 2455 1578 2517 Quomodo
1600 2455 1627 2509 ?
1649 2455 1804 2510 Orth.
1839 2454 1985 2519 Quia

330 2541 472 2591 tunc
502 2540 619 2591 tres
652 2543 789 2593 sunt
820 2539 1107 2607 homines,
1153 2558 1287 2597 cum
1318 2542 1605 2600 dissimile
1635 2560 1733 2599 cor
1762 2544 1983 2599 habue-

333 2624 472 2691 rint,
527 2632 591 2680 ut
637 2627 870 2683 Graecus
916 2633 975 2684 et
1032 2631 1288 2697 .Iudaaus,
1346 2637 1403 2687 et
1442 2631 1856 2687 Christianus:
1892 2632 1983 2687 sin

334 2731 468 2769 vero
501 2716 653 2770 idem
689 2717 905 2787 dicant,
940 2735 1044 2775 nec
1076 2721 1195 2777 sint
1241 2720 1394 2776 inter
1421 2738 1519 2777 eos
1569 2721 1837 2790 dissidia,
1868 2725 1986 2777 tres

340 2803 577 2874 quidem
613 2806 1082 2879 hypostases,sed
1120 2827 1274 2866 unus
1305 2811 1362 2864 in
1391 2810 1652 2876 Domino,
1676 2810 1776 2882 qui
1799 2826 1984 2865 unum

340 2893 603 2948 animum
652 2900 706 2949 et
756 2914 939 2951 unum
990 2914 1089 2953 cor
1136 2899 1388 2954 habeant
1438 2916 1450 2954 :
1506 2903 1563 2955 et
1598 2903 1715 2955 tres
1748 2898 1985 2971 quidem

336 2986 477 3036 sunt
509 3000 770 3055 numero,
806 2990 863 3040 at
893 3003 1006 3041 non
1040 2991 1192 3059 quod
1226 2988 1516 3044 diversam
1538 2990 1692 3044 inter
1722 3005 1783 3043 se
1813 2992 1984 3043 natu-

334 3087 460 3124 ram
512 3072 591 3125 vel
642 3074 936 3129 diversum
979 3093 1077 3131 cor
1125 3077 1398 3133 habeant.
1446 3078 1643 3133 Anam.
1696 3078 1811 3149 Ego
1865 3094 1985 3146 eos,

336 3160 436 3229 qui
468 3162 584 3213 tres
616 3166 775 3227 sunt,
807 3166 925 3218 tres
956 3181 1084 3220 esse
1115 3166 1264 3221 dico.
1301 3166 1452 3222 Orth.
1488 3170 1560 3221 At
1584 3183 1689 3239 ego
1720 3170 1839 3223 tres
1860 3181 1987 3221 esse

337 3248 487 3309 dico,
520 3248 563 3301 si
602 3249 752 3303 inter
802 3267 862 3305 se
911 3253 1341 3326 dissenserint;
1374 3256 1527 3327 quod
1559 3256 1605 3311 si
1630 3238 1980 3311 secundum
2016 3238 2057 3306 C

338 3352 564 3391 sacram
596 3339 954 3408 Seripturam
993 3343 1230 3413 perfecti
1278 3344 1489 3400 fuerint
1535 3346 1739 3400 eadem
1792 3348 1988 3401 mente

340 3429 398 3481 et
457 3428 766 3492 sententia,
820 3445 1000 3485 unum
1048 3447 1176 3488 esse
1227 3448 1439 3487 novum
1490 3432 1787 3488 hominem
1833 3434 1985 3503 dico,

345 3516 721 3571 manentibus
755 3522 947 3573 tamen
998 3520 1435 3593 hypostasibus.
1488 3522 1678 3578 Anam.
1713 3523 1824 3578 Sed
1869 3522 1987 3577 hac

341 3603 412 3659 de
442 3604 781 3661 hominibus
813 3608 1089 3664 dicuntur
1122 3626 1133 3664 :
1169 3610 1227 3666 in
1261 3610 1377 3665 Deo
1408 3625 1540 3665 vero
1572 3610 1738 3665 aliter
1788 3627 1848 3665 se
1896 3628 1988 3666 res

336 3692 533 3747 habet.
596 3695 745 3750 Orth.
781 3696 840 3751 Si
889 3696 949 3752 in
999 3698 1070 3753 iis
1111 3714 1239 3770 quae
1289 3698 1672 3777 corporaliter
1722 3705 1991 3772 separata

338 3786 496 3849 sunt,
543 3787 714 3839 modo
756 3785 937 3841 animi
969 3789 1261 3843 sententia
1293 3806 1405 3844 non
1440 3788 1783 3856 dissideant,
1816 3789 1993 3845 habet

340 3872 641 3944 Scriptura
687 3892 847 3944 unus,
880 3880 938 3933 et
982 3878 1181 3949 Anum,
1216 3877 1403 3934 multo
1454 3878 1641 3951 magis
1688 3878 1742 3933 id
1795 3879 1990 3933 dicen-

342 3961 483 4016 dum
535 3968 623 4017 est
672 3965 728 4017 in
786 3966 859 4020 iis
909 3983 1035 4037 qua:
1095 3968 1339 4023 materia
1386 3972 1443 4022 et
1491 3984 1727 4039 corpore
1773 3972 1988 4023 carent.

345 4053 463 4104 Aut
509 4051 688 4121 igitur
738 4053 794 4107 in
847 4054 974 4109 istis
1022 4056 1216 4125 ponite
1264 4072 1393 4112 esse
1443 4056 1707 4124 dissidia,
1766 4062 1828 4111 ut
1874 4061 1993 4112 tres

2089 1737 2210 1808 λος,
2264 1739 2353 1792 xui
2411 1735 2697 1811 Τιμόθεος.
2762 1740 2913 1813 Ὀρθ.
2958 1740 3109 1793 Κατὰ
3172 1740 3267 1800 τὰς
3307 1739 3451 1801 θείας
3503 1740 3748 1818 Γραφᾶς,

2089 1827 2267 1882 ούκέτι
2330 1825 2455 1881 οὐδὲ
2498 1826 2650 1882 αὐτοὶ
2697 1831 2842 1902 τρεῖς
2900 1828 3198 1901 ἄνθρωποι.
3260 1850 3289 1878 ‹‹
3337 1830 3426 1881 Ἐν
3467 1827 3567 1903 γάρ
3610 1835 3745 1903 Χρι-

2158 1920 2185 1930 ~
2227 1916 2240 1936 ν
2380 1919 2403 1930 υ
2508 1915 2521 1936 a
2612 1912 2636 1933 ν
2745 1917 2769 1933 ν
3042 1915 3054 1931 ι
3144 1918 3166 1927 -
3332 1914 3346 1933 9
3422 1911 3446 1933 ν
3524 1919 3549 1936 η

2088 1936 2197 1987 στῳ
2246 1921 2408 1985 Ιησου
2466 1934 2566 1970 ουκ
2610 1938 2686 1970 ενι
2737 1936 2915 1989 αρσεν,
2967 1936 3057 1969 και
3097 1915 3258 1986 θηλυ,
3292 1936 3389 1970 ουκ
3420 1936 3492 1970 ενι
3553 1915 3745 1987 Elim:

2089 2006 2178 2059 xui
2212 2002 2497 2077 Ἰουδαῖος,
2556 2005 2656 2060 οὑκ
2703 2002 2777 2060 ἔνι
2824 2002 3020 2066 δοῦλος
3067 2004 3157 2059 καὶ
3190 2004 3490 2080 ἐλεύθερος·
3530 2005 3661 2061 ἀλλ’
3694 2006 3747 2060 οἱ

2089 2094 2281 2156 πάντες
2335 2092 2386 2149 ἐν
2448 2096 2661 2169 Χριστῷ
2717 2091 2771 2149 ἓν
2812 2093 2992 2167 ἐσμεν.
3056 2120 3084 2147 ››
3146 2090 3340 2167 Ἀνόμ.
3397 2094 3591 2151 Οὐκέτι
3653 2095 3749 2150 οὗν

2092 2184 2192 2239 εἱσι
2222 2189 2387 2260 τρεῖς,
2422 2183 2644 2260 Πέτρος,
2677 2184 2766 2238 καὶ
2798 2182 3038 2257 ΙΙαῦλος,
3093 2185 3183 2239 καὶ
3230 2182 3494 2257 Τιμόθεος
3523 2204 3538 2255 ;
3592 2187 3744 2260 Ὀρθ.

2089 2278 2245 2348 Τρεῖς
2306 2273 2399 2345 μέν
2462 2272 2616 2342 εἰσιν,
2676 2270 2803 2326 ἀλλ’
2864 2273 2924 2327 οὗ
2981 2278 3127 2347 τρεῖς
3187 2274 3487 2348 ἅνθρωποι,
3547 2271 3743 2347 Ἀνὸμ.

2092 2366 2254 2431 ΙΙῶς;
2290 2364 2441 2436 Ὀρθ,
2470 2364 2591 2420 Ὀτι
2619 2367 2766 2438 τρεῖς
2799 2362 2931 2417 εἰσιν
2966 2363 3265 2437 ἅνθρωποι,
3306 2362 3431 2417 ὅταν
3479 2364 3750 2437 ἀνομοίαν

2092 2447 2264 2526 ἔχωσι
2323 2452 2421 2519 τήν
2479 2449 2722 2527 καρδίαν,
2782 2452 2856 2513 ὡς
2912 2450 3151 2522 Ἕλλην,
3203 2454 3290 2506 xui
3321 2449 3605 2521 Ἰουδαῖος,
3653 2453 3745 2507 καὶ

2093 2535 2434 2613 Χριστιανός,
2471 2538 2594 2594 ὅταν
2628 2537 2684 2593 δὲ
2712 2539 2776 2593 τὸ
2807 2538 2937 2593 αὐτὸ
2969 2536 3191 2615 λέγωσι,
3223 2539 3314 2595 xui
3369 2542 3444 2614 μὴ
3495 2537 3638 2595 ἔστιν
3694 2541 3745 2595 έν

2093 2628 2278 2690 αὐτοῖς
2312 2629 2605 2704 σχίσματα,
2633 2634 2780 2704 τρεῖς
2817 2628 2909 2702 μέν
2962 2629 3091 2684 εἰσιν
3151 2629 3490 2697 ὑποστάσεις,
3547 2630 3625 2691 εἶς
3688 2627 3745 2684 δὲ

2094 2717 2144 2771 ἐν
2206 2717 2407 2793 Κυρίῳ,
2472 2717 2595 2790 μίαν
2641 2718 2825 2793 ψυχὴν
2882 2714 3104 2792 ἔχοντες
3164 2715 3252 2773 xui
3319 2717 3443 2791 μίαν
3491 2716 3742 2793 καρδίανο

2093 2806 2181 2861 καὶ
2210 2811 2358 2881 τρεῖς
2394 2805 2488 2878 μέν
2522 2806 2651 2860 είσιν
2695 2805 2931 2881 ἀριθμῷ,
2980 2805 3106 2861 ἀλλ’
3157 2805 3263 2881 οὐχ
3322 2804 3601 2881 ἐτερότητι
3652 2807 3748 2884 φύ-

2096 2915 2229 2957 σεως
2261 2896 2295 2964 ἢ
2329 2892 2569 2969 καρδίας.
2612 2890 2804 2967 Ἀνὸμ.
2837 2895 2982 2970 Ἐγὼ
3013 2893 3138 2956 τοὺς
3178 2900 3323 2969 τρεῖς
3370 2901 3515 2969 τρεῖς
3577 2895 3744 2970 λέγω.

2096 2985 2243 3060 Ὀρθ.
2278 2984 2416 3060 Ἐγὼ
2448 2981 2505 3037 δὲ
2533 2988 2678 3059 τρεῖς
2711 2982 2877 3059 λέγω,
2909 2982 3032 3038 ὅταν
3087 2982 3123 3057 ᾖ
3163 2983 3214 3037 ἐν
3266 2984 3452 3045 αὑτοῖς
3510 2983 3744 3059 σχίσμα·

2096 3074 2182 3129 ἐὰν
2218 3071 2275 3127 δὲ
2302 3073 2438 3127 κατὰ
2465 3074 2560 3135 τὰς
2596 3072 2744 3147 ἁγίας
2790 3072 3000 3149 Γραφὰς
3056 3073 3317 3146 γένωνται
3376 3074 3745 3148 κατηρτισμέ-

2095 3184 2179 3218 νοι
2212 3162 2264 3218 έν
2290 3167 2368 3234 τῷ
2397 3163 2545 3234 αὑτῷ
2574 3159 2677 3231 νοΐ,
2710 3162 2798 3215 καὶ
2829 3160 2880 3216 ἐν
2911 3165 2979 3235 τῇ
3011 3162 3146 3234 αὑτῇ
3178 3162 3397 3236 γνώμῃ,
3448 3159 3537 3216 ἕνα
3597 3160 3749 3237 λέγω

2094 3252 2276 3308 καινὸν
2331 3252 2638 3327 ἄνθρωπον,
2701 3249 2833 3324 μετὰ
2890 3255 2989 3305 τοῦ
3049 3249 3219 3323 μένειν
3269 3250 3364 3312 τὰς
3398 3249 3786 3312 ὑποστάσεις.¹

2098 3337 2287 3414 ’Δνὸμ,
2321 3338 2500 3395 Ἀλλά
2528 3344 2695 3394 ταῦτα
2754 3338 2840 3394 ἐπὶ
2900 3339 3197 3415 ἀνθρώπων
3261 3338 3494 3413 εἴρηται*
3549 3338 3638 3394 ἐπὶ
3692 3338 3750 3395 δὶ

2096 3435 2229 3487 Θεοῦ
2260 3428 2465 3491 ἄλλως.
2528 3431 2678 3505 Ὀρθ.
2738 3428 2800 3483 Ei
2852 3427 2939 3483 ἐπὶ
2968 3433 3076 3483 τῶν
3120 3426 3463 3504 διῃρημένων
3499 3450 3747 3502 σωματι-

2093 3525 2227 3591 κῶν,
2287 3518 2409 3573 ὅταν
2475 3519 2551 3591 μή
2692 3517 2899 3594 σχίσμα
2940 3515 3199 3585 διανοίας,
3253 3518 3316 3572 τὸ
3348 3519 3420 3580 εἷς
3452 3516 3544 3572 xui
3596 3520 3661 3573 τὸ
3690 3516 3747 3573 ἓν

2093 3614 2268 3664 κεῖται
2294 3607 2345 3662 ἐν
2372 3611 2439 3682 τῇ
2472 3611 2675 3684 γραφῇ,
2710 3605 2909 3678 πολλῷ
2936 3605 3106 3662 πλέον
3140 3605 3227 3661 ἐπὶ
3266 3611 3372 3662 τῶν
3424 3605 3608 3662 at.me
3655 3608 3749 3662 καὶ

2094 3702 2203 3753 τῶν
2253 3697 2580 3770 ἀσωμάτων.
2631 3698 2701 3753 ’Ἡ
2744 3696 2921 3751 τοίνυν
2957 3694 3047 3759 δὸς
3081 3696 3194 3752 ἐκεῖ
3224 3696 3519 3770 σχίσματα,
3540 3694 3635 3751 ’ίνα
3667 3696 3749 3751 εἷ’-

2097 3808 2283 3859 πωμεν
2343 3791 2489 3860 τρεῖς
2549 3785 2726 3851 θεοὺς,
2784 3789 2880 3839 τοῦ
2943 3784 3037 3856 μὲν
3096 3781 3223 3839 τὸδε
3253 3785 3531 3855 θέλοντος,
3561 3790 3661 3840 τοῦ
3696 3783 3753 3840 δὲ

2097 3871 2239 3930 τὸδε·
2275 3877 2327 3945 ἢ,
2362 3876 2406 3931 εί
2439 3878 2551 3946 (44)
2604 3874 2710 3929 οὑκ
2758 3871 2834 3928 ἔτι
2878 3874 3110 3949 σχίσμα,
3143 3876 3221 3936 εἷς
3252 3875 3380 3936 Θεὸς
3411 3876 3627 3949 Πατὴρ,
3658 3875 3751 3929 xui

2100 3965 2247 4035 Υἱὸς,
2277 3964 2366 4019 xui
2417 3965 2569 4039 ἀγιον
2608 3965 2849 4037 Πνεῦμα,
2883 3963 2958 4025 ὡς
2995 3963 3071 4025 εἷς
3105 3965 3387 4039 ἅνθρωπος
3419 3963 3468 4017 oi
3502 3962 3553 4016 έν
3590 3966 3755 4038 Χρισ·

2101 4058 2180 4126 τῷ
2211 4053 2651 4127 κατηρτισμένοι,
2682 4054 2861 4113 καθὼς
2890 4054 3213 4127 γέγραπται.

351 4139 489 4193 deos
522 4141 808 4211 dicamus,
843 4145 1121 4213 quoniam
1178 4161 1331 4201 unus
1385 4145 1563 4216 istud,
1598 4145 1749 4201 alius
1790 4146 1940 4210 illud
1992 4145 2131 4201 velit
2177 4163 2189 4199 ε
2242 4149 2345 4200 aut
2374 4145 2419 4199 si
2453 4142 2615 4199 nulla
2643 4148 2733 4199 est
2761 4142 2821 4198 in
2852 4143 2924 4198 iis
2952 4143 3263 4209 dissensio,
3297 4158 3452 4197 unus
3483 4141 3560 4197 sit
3603 4141 3762 4197 Deus

345 4230 537 4297 Pater,
572 4233 625 4282 et
656 4229 863 4301 Filius,
892 4237 949 4286 et
977 4232 1231 4304 Spiritus
1262 4238 1503 4291 sanctus
1538 4252 1550 4288 :
1585 4235 2085 4307 quemadmodum
2117 4234 2215 4306 qui
2247 4233 2307 4288 in
2339 4233 2569 4291 Christo
2613 4236 2754 4289 sunt
2800 4232 3065 4305 perfecti,
3095 4247 3251 4288 unus
3277 4231 3452 4287 homo
3482 4235 3645 4301 sunt,
3681 4232 3761 4287 si-

346 4321 443 4371 cut
476 4318 759 4388 scriptum
791 4324 900 4375 est.

415 4407 787 4463 3.Anomwus.
822 4408 994 4465 Nulla
1023 4415 1112 4466 est
1152 4411 1329 4483 igitur
1359 4412 1685 4468 differentia
1711 4413 1985 4481 Patris,et

2173 4414 2225 4467 3.
2259 4404 2555 4481 Ανὸμοιος.
2613 4407 2726 4466 Οὐκ
2783 4405 2923 4462 ἔστιν
2984 4405 3074 4477 οὖν
3121 4405 3354 4484 διαφορὰ
3401 4406 3636 4480 Πατρὸς,
3667 4404 3763 4460 καί

347 4493 497 4559 Filii,
532 4502 589 4549 et
620 4498 874 4566 Spiritus
906 4500 1133 4555 sancti?
1183 4502 1336 4557 Orth.
1392 4501 1565 4556 Nulla
1613 4517 1750 4557 sane
1812 4516 2000 4572 neque

345 4582 406 4639 in
444 4590 673 4650 natura,
709 4604 893 4659 neque
924 4589 984 4646 in
1032 4590 1350 4662 voluntate,
1397 4593 1498 4647 sed
1548 4591 1609 4646 in
1666 4606 1732 4647 eo
1775 4590 1996 4662 aliqua,

351 4674 504 4743 quod
530 4675 765 4745 gignere
796 4681 852 4732 et
880 4679 1061 4750 gigni,
1095 4680 1358 4736 emittere
1388 4685 1444 4736 et
1474 4681 1803 4752 procedere,
1850 4681 2001 4735 inter

354 4780 417 4818 se
445 4764 733 4821 differant.
762 4768 950 4824 Anam.
986 4770 1133 4835 Quid
1162 4774 1252 4827 est
1280 4770 1513 4842 gignere
1536 4775 1592 4826 et
1619 4770 1800 4842 gigni,
1834 4770 2001 4826 emit-

352 4856 474 4908 tere
509 4861 565 4909 et
614 4857 974 4925 procedere?
1019 4860 1174 4915 Orth.
1231 4863 1361 4915 Hinc
1409 4858 1489 4915 ita
1537 4860 1831 4930 dicuntur,
1863 4858 2001 4931 quia

354 4941 524 4997 Pater
550 4945 786 5014 quidem
820 4947 1029 5019 gignit,
1078 4947 1133 5002 id
1180 4952 1291 5014 est,
1349 4948 1599 5020 genuit:
1642 4947 1820 5003 Filius
1868 4964 2001 5003 vero

350 5032 631 5104 gignitur,
668 5036 721 5089 id
756 5041 862 5104 est,
899 5037 1131 5109 genitus
1182 5041 1269 5093 est
1318 5055 1330 5092 :
1383 5041 1439 5092 et
1491 5038 1628 5110 quia
1680 5037 1806 5110 ipse
1836 5037 2004 5092 Pater

350 5121 568 5176 emittit
618 5124 925 5193 Spiritum,
986 5125 1043 5180 id
1097 5130 1185 5181 est
1237 5125 1452 5180 emisit.
1493 5126 1747 5198 Spiritus
1805 5131 2001 5181 autem

350 5213 611 5281 procedit
638 5214 701 5281 τί),
734 5214 792 5267 id
843 5219 955 5277 est.
990 5214 1291 5285 processit.
1345 5216 1539 5270 Anam.
1595 5215 1881 5283 Procedit,
1912 5214 2002 5269 in-

352 5300 501 5371 quit,
528 5319 667 5355 num
702 5320 834 5360 vero
875 5303 1049 5358 etiam
1098 5303 1429 5374 processit?
1469 5302 1621 5358 Orth.
1678 5304 1885 5358 Itidem
1933 5304 2003 5359 de

426 5498 470 5532 ⁶⁹
501 5496 686 5554 Galat.
721 5514 805 5569 ιιι,
836 5499 926 5554 28.
1003 5499 1047 5533 7°
1076 5499 1243 5557 Joan.
1277 5516 1366 5570 xv,
1399 5500 1490 5555 26.

427 5699 543 5769 (44)
573 5698 656 5769 Et,
692 5698 857 5756 abest
886 5715 920 5756 ιι
949 5696 1227 5756 Palatino.

2108 4498 2257 4566 Υἱοῦ,
2316 4496 2403 4552 καὶ
2463 4496 2618 4572 ἁγίου
2672 4496 3019 4568 Πνεύματος;
3076 4496 3219 4569 Ὀρθ.
3265 4496 3351 4552 Ἐν
3383 4497 3450 4568 τῇ
3483 4494 3636 4571 φύσει
3671 4492 3783 4567 οῦς

2110 4586 2159 4641 έν
2191 4592 2272 4659 τῷ
2302 4584 2569 4659 θελήματι
2603 4581 2664 4640 οὔ
2685 4605 2697 4617 ·
2734 4583 2786 4639 έν
2838 4590 2917 4657 τῷ
2970 4589 3156 4660 γεννᾷν
3195 4585 3282 4639 καὶ
3311 4585 3609 4660 γεννᾶσθαι,
3668 4584 3763 4638 καῖ

2111 4674 2403 4748 ἐκπέμπειν
2465 4676 2574 4747 (45)
2632 4662 3188 4744 καῖ’έκπορεύεσθαι,
3249 4671 3354 4725 ναί·
3439 4665 3633 4744 Ἀνὸμ
3694 4674 3761 4727 Τί

2111 4763 2220 4819 ἐστι
2285 4768 2471 4839 γεννᾷν
2530 4762 2618 4817 καὶ
2675 4763 2974 4838 γεννᾶσθαι,
3033 4761 3124 4815 καὶ
3181 4759 3474 4833 ἰκπέμπειν
3529 4761 3622 4814 καὶ
3672 4759 3762 4815 ἐκ·

2111 4853 2465 4928 πορεύεσθαι;
2500 4853 2644 4926 Ὀρθ·
2690 4853 2804 4905 Ὃτι
2845 4852 2873 4904 6
2909 4851 3002 4924 μὲν
3040 4851 3226 4925 Πατὴρ
3279 4854 3461 4926 γεννᾷ,
3487 4850 3763 4904 τουτέστιν

2112 4940 2408 5018 έγέννησεν’
2444 4941 2471 4995 6
2503 4938 2559 4995 δὲ
2614 4941 2737 5002 Υἱὸς
2786 4945 3057 5015 γεννᾶται,
3114 4940 3361 4994 τουτέστι
3417 4938 3758 5016 γεγέννηται·

2109 5029 2200 5085 καὶ
2232 5032 2314 5085 ὃτι
2337 5030 2495 5090 αὑτὸς
2530 5030 2556 5083 6
2590 5031 2773 5105 Πατὴρ
2805 5027 3068 5101 ἐκπέμπει
3098 5029 3161 5083 τὸ
3204 5030 3426 5101 Πνεῦμα
3480 5028 3760 5082 τουτέστιν

2114 5118 2395 5192 ἐξέπεμψε.
2439 5118 2539 5175 Καὶ
2569 5120 2631 5173 τὸ
2664 5120 2879 5190 Πνεῦμα
2909 5116 3275 5192 ἐκπορεύεται,
3323 5115 3622 5187 τουτέστιν,
3673 5116 3761 5171 έκ-

2111 5205 2458 5283 πεπὸρευται,
2490 5202 2681 5280 Ἀνὸμ.
2737 5206 3139 5281 Ἐκπορεύεται,
3187 5207 3326 5285 εἴπεο
3385 5207 3459 5279 μὴ
3511 5206 3613 5282 γὰρ
3670 5206 3761 5259 καὶ

2116 5293 2503 5374 ἐκπεπὸρευται
2530 5324 2544 5367 ;
2577 5298 2725 5369 Ὀρθ.
2760 5296 2856 5352 Καὶ
2887 5296 3006 5371 περὶ
3036 5299 3132 5350 τοῦ
3165 5294 3313 5367 Υἱοῦ,
3346 5318 3373 5346 ‹‹
3416 5299 3578 5366 Γεννᾷ
3611 5317 3700 5368 με,
3734 5317 3763 5345 ››

2170 5694 2283 5768 (15)
2312 5690 2413 5751 Καὶ
2443 5689 2760 5768 ἱκπέμπειν,
2793 5690 2959 5752 abest
2985 5706 3022 5749 a
3046 5688 3324 5750 Palatino.
