2046 3109
174 171 251 201 “21

664 168 715 200 DE
739 169 889 201 SANCTA
909 169 1124 201 TBINI’I‘ATE
1144 171 1338 204 DlALOGUS
1360 173 1385 203 Ι.

1800 179 1879 209 1122

173 236 277 274 εἴρηκε.
295 247 309 261 ‹‹
325 236 381 273 Πρὸ
398 247 412 260 υ
426 235 477 274 γὰρ
493 247 507 261 ‹‹
530 234 637 263 πάντων
664 235 768 273 βουνῶν
798 238 878 274 γεννᾷ
910 246 952 273 με,
985 247 999 262 ››

1063 236 1126 265 ?ilio
1141 237 1215 266 dixit
1229 250 1243 263 «
1260 239 1357 275 Gignit
1373 247 1420 268 me
1437 249 1443 268 :
1461 251 1475 266 »
1496 241 1623 269 aitenim
1640 251 1647 270 :
1665 254 1678 267 ‹‹
1691 245 1766 271 Ante
1776 253 1878 273 omnes

173 282 259 310 εἶπεν.
277 282 379 318 ’Ὠσπερ
394 279 440 307 οὖν
452 279 496 307 ἐπὶ
511 278 559 307 τοῦ
575 279 639 307 Υἱοῦ
667 279 698 307 τὸ
726 283 805 317 γεννᾷ
835 291 877 317 με,
908 280 997 318 Ἐγέν-

172 336 250 362 νησε,
266 327 348 360 νοεῖς,
365 324 436 352 οὕτω
451 324 497 352 καὶ
513 324 557 352 ἐπὶ
572 326 620 352 τοῦ
635 324 794 361 Πνεύματος
809 325 840 352 τὸ
856 324 998 362 ἐκπορεύε-

173 381 232 404 ται,
248 366 453 407 ἑκπεπὸρευται,
482 366 591 404 νὸησον·
622 366 681 400 ἔθος
711 369 762 407 γάρ
787 369 843 397 ἐστι
858 367 997 409 γραφικὸνυ

176 415 214 446 ὡς
228 415 270 450 τὸ,
285 427 299 441 ι(
315 415 343 441 Ὁ
358 416 445 441 ποιῶν
463 413 527 445 τοὺς
551 412 682 451 ἀγγέλους
707 414 789 441 αὑτοῦ
817 413 965 450 πνεύματα,
985 425 999 439 ››

176 458 328 494 τουτέστιν,
343 459 374 487 Ὁ
388 459 514 493 ποιήσας
529 457 574 485 καί
589 458 631 493 τὸ,
649 470 662 484 ι(
678 458 708 487 Ὀ
723 457 857 494 θεμελιᾶω
870 459 920 493 τήν
948 461 998 495 γῆν

176 503 222 532 ἐπὶ
246 503 295 537 τήν
323 501 469 542 ἀσφάλειαν
499 502 594 537 αὐτῆς,
624 514 638 527 ››
661 502 794 538 τουτέστι,
820 502 1000 538 θεμελιώσας.

176 545 274 584 Ἂνὸμ.
302 547 376 583 Αὕτη
405 546 474 574 ἐστὶν
504 548 522 582 ὴ
552 546 687 586 διαφορά;
712 547 785 585 Ὀρο.
802 547 887 582 Αὕτη.
905 545 1000 583 Ἀνὸμ.

159 593 234 631 ιΤὴν
251 591 280 620 δὲ
306 591 385 631 φύσιν
407 592 457 626 τὴν
487 592 571 626 αὐτὴν
599 590 706 630 Mysis;
733 592 806 629 Ὀρθ.
833 592 890 626 Τήν
906 592 1001 627 αὑτήν.

179 637 274 674 ’Δνόμ.
305 636 353 664 Καὶ
382 638 441 667 πῶς
471 635 581 663 δύναται
606 637 624 671 ἡ
654 635 721 671 αὑτὴ
748 636 825 675 φύσις
851 637 929 673 εἴναι,
953 636 1003 663 είὸ

182 681 229 718 μὶν
245 683 333 719 γεννᾷ,
350 681 365 709 6
381 679 410 708 δὲ
424 683 566 718 γεννᾶται;
583 682 657 718 Ὀρθ.
686 680 769 715 Τίθης
785 679 814 708 δὲ
829 680 915 717 ὅμως,
932 680 973 708 ὅτι
989 680 1003 707 6

183 726 230 762 μὲν
246 726 303 762 (46)
318 727 407 762 γεννᾷ,
424 725 439 752 6
455 723 484 752 δὲ
498 727 620 763 γεννᾶται
634 734 641 759 ;
658 724 755 761 ⁷Λνόμ,
772 724 842 759 Ναί;
869 725 940 762 Ὀρθ.
970 724 1004 753 Εἰ

183 769 197 796 6
216 770 262 806 μὲν
276 771 366 808 γεννᾷ,
383 769 398 796 6
413 767 443 796 δὲ
458 772 592 806 γιννᾶται·
610 769 624 796 6
634 771 734 807 γεννῶν
749 768 778 797 ἐκ
786 772 837 804 τῆς
851 770 934 797 αὑτοῦ
947 770 1005 806 (47)

183 813 287 853 φύσεως
300 816 388 852 γεννᾷ,
404 813 449 841 καὶ
466 814 481 841 ὁ
499 814 668 851 γεννώμενος
691 813 721 841 ἐκ
741 815 788 848 τῆς
811 816 860 841 τοῦ
888 816 1005 851 γεννῶν-

178 868 226 889 τος
242 858 347 898 φύσεως
363 860 496 896 γεννᾶται.
524 855 621 894 Ἀνὸμ.
647 858 692 892 Μὴ
709 857 815 895 γένοιτό
833 868 879 894 μοι
908 858 1005 892 εἰπεῖν,

182 902 224 931 ὅτι
240 902 270 930 ἐκ
284 906 334 938 τῆς
357 903 462 942 φύσεως
486 902 624 941 ἐγέννησεν
650 903 664 930 6
693 902 774 934 Θεόςί
805 903 870 940 Ορθ.
900 903 1004 931 Οὐκοῦν

184 947 235 975 οὑκ
248 947 398 985 ἐγᾶννησεν,
416 947 510 984 Ἀνόμ.
527 947 669 985 Ἐγέννησε
690 946 781 978 κτίσας
800 960 807 982 ;
835 948 900 984 0p0.
933 949 1007 984 11ρῶ-

181 1002 228 1020 τον
244 992 323 1020 αὑτὸν
338 990 435 1026 ἔκτισε,
449 992 493 1019 καὶ
509 991 571 1018 τότε.
592 991 740 1029 ἐγέννησεν·
768 991 786 1026 ἢ
816 993 893 1027 πῶς;
923 994 1007 1019 Φανε-

182 1036 299 1075 ρώτιρόν
330 1047 376 1073 μοι
406 1036 474 1065 sine.
504 1035 543 1065 Ού
570 1038 626 1063 νοῶ
655 1037 706 1074 γὰρ
735 1036 760 1063 τί
775 1035 856 1071 ἐστιν,
884 1035 1007 1074 ἐγέννησε

157 1074 282 1150 (κτίσας.
298 1081 395 1117 ⁷Δνόμ.
409 1081 444 1108 Τό
459 1081 580 1118 γέννημα
597 1082 646 1108 τοῦ
662 1083 729 1108 Θεοῦ
753 1080 854 1117 κτίσμα
867 1081 950 1108 αὑτοῦ
966 1080 1007 1108 ἕσ-

177 1136 229 1150 τινν
248 1124 342 1150 ἐπειδῆ
357 1124 462 1150 ἁπλοῦς
477 1124 533 1150 ἐστι
547 1125 592 1150 καὶ
608 1124 761 1150 ἀσύνδετος⁸
777 1125 822 1150 καὶ
839 1126 889 1150 οὑκ
908 1124 1004 1150 ἅλλοις

177 1136 231 1161 τιν,
248 1124 342 1160 ἐπειδὴ
357 1124 462 1156 ἁπλοῦς
477 1124 533 1152 ἐστι
547 1125 592 1152 καὶ
608 1124 761 1156 ἀσύνδετος⁸
777 1125 822 1152 καὶ
839 1126 889 1152 οὑκ
908 1124 1004 1156 ἄλλοις

177 1172 268 1208 γεννᾷ,
282 1169 327 1197 καί
342 1169 439 1201 ἄλλοις
451 1169 545 1204 κτίζει,
561 1168 624 1196 ἀλλ’
641 1169 682 1201 οἷς
706 1172 794 1206 γεννᾷ,
823 1169 930 1200 τούτοις
960 1169 1005 1196 καὶ

181 1214 275 1249 κτίζει.
293 1215 368 1253 Ὀρθ.
385 1214 416 1241 Ei
432 1214 536 1245 ἁπλοῦς
553 1213 607 1241 ἐστι
624 1214 668 1242 καὶ
684 1214 838 1245 ἀσύνθετος.
855 1214 881 1241 τί
905 1213 1004 1252 λέγεις,

184 1259 225 1291 οἷς
240 1259 286 1286 καὶ
301 1260 342 1290 οἷς
356 1268 362 1287 :
380 1260 462 1291 Ἔνθα
476 1258 526 1296 γὰρ
541 1258 584 1295 τό,
601 1259 641 1290 οἷς
656 1259 700 1286 καὶ
718 1258 768 1292 οἷς,
784 1258 840 1286 ἐκεῖ
854 1257 955 1286 πολλά.
974 1258 1005 1287 Εἰ

184 1302 212 1331 δὶ
227 1302 383 1337 ἀσύνδετος,
399 1303 448 1331 οὑκ
463 1303 514 1341 ἄρα
527 1302 630 1331 πολλά.

1054 281 1143 310 colles
1158 282 1251 319 gignit
1266 291 1312 311 me
1328 285 1359 311 π.
1378 295 1392 309 ››
1409 285 1663 317 Quemadmodum
1680 286 1770 324 igitur
1784 289 1819 317 de
1834 290 1880 317 Fi-

1054 325 1092 354 lio
1109 335 1160 363 per
1172 326 1256 360 illud,
1270 328 1363 364 gignit
1380 337 1436 363 me,
1449 328 1597 366 intelligis,
1616 332 1722 358 Genuit
1751 341 1813 367 me;
1841 334 1881 361 ita

1054 370 1142 399 etiam
1171 370 1256 406 illud,
1287 373 1428 408 procedit,
1446 374 1544 410 accipe
1561 376 1595 402 tie
1609 376 1727 411 Spiritu,
1747 386 1778 404 ac
1795 378 1817 404 si
1835 379 1881 405 di-

1055 417 1179 448 ceretur,
1197 417 1349 451 processit.
1375 417 1427 445 Hic
1453 418 1530 446 cnim
1561 423 1604 446 est
1634 429 1696 448 mos
1725 422 1880 457 Scriptum

1055 462 1088 487 ut
1101 459 1203 494 illud,“
1213 461 1265 492 Qui
1283 462 1351 489 facit
1367 462 1486 498 angelos
1503 472 1571 491 suos
1589 465 1707 499 spiritus
1721 467 1806 499 72,nid
1825 470 1879 501 est,

1056 504 1110 537 Qui
1127 505 1236 533 recitet
1250 505 1409 540 illud,uQui
1426 507 1531 535 fundas
1546 511 1652 536 terram
1667 519 1755 545 supra
1770 512 1885 539 stabili—

1057 551 1147 576 tatem
1163 557 1249 577 suam
1259 551 1309 584 7",»
1326 550 1354 578 id
1369 552 1476 587 est,qui
1494 552 1633 580 fundasti.
1644 555 1738 581 Anam.
1753 555 1885 584 liteccine

1058 592 1146 628 igitur
1160 597 1205 621 est
1220 594 1474 623 diiierentiu'tOrth.
1486 596 1549 624 Hauc
1565 601 1618 625 est.
1632 602 1730 626 lnam.
1743 600 1882 629 Enmdem

1059 639 1156 665 autem
1191 640 1328 667 naturam
1361 639 1429 668 ais?
1465 640 1540 669 Orth.
1577 642 1888 673 Eamtleiti.Anoni.Et

1059 682 1206 717 quomodo
1222 686 1317 719 potest
1332 684 1434 712 eadem
1451 693 1515 713 esse
1529 690 1643 718 natura,
1662 689 1684 714 si
1713 697 1789 716 unus
1819 691 1887 723 qui-

1059 726 1126 754 dem
1155 726 1260 763 gignit,
1286 728 1360 756 alter
1374 729 1530 765 gignitur?
1544 731 1619 758 Uri/'1.
1636 732 1720 759 Ponis
1737 734 1888 762 nihilomi-

1060 779 1128 804 nus,
1146 779 1238 799 unum
1253 772 1384 808 gignere,
1399 773 1524 802 alterum
1541 776 1643 810 gigni?
1658 779 1753 804 Anam.
1781 778 1885 807 Etiam.

1061 814 1137 842 Orth.
1166 815 1194 842 Si
1210 824 1287 844 unus
1302 816 1404 853 gignit,
1419 817 1491 846 alter
1504 819 1635 855 gignitur
1652 830 1657 847 :
1677 821 1725 856 qui
1742 822 1837 858 gignit
1852 832 1886 851 ex

1061 867 1115 887 sua
1128 859 1224 895 ipsius
1241 863 1347 889 natura
1360 862 1455 898 gignit
1472 871 1478 890 :
1497 866 1525 891 et
1540 865 1588 898 qui
1607 864 1746 900 gignitur,
1760 875 1793 893 ex
1822 867 1885 903 gig-

1059 904 1158 932 nentis
1184 907 1289 933 natura
1317 905 1457 942 gignitur.
1487 908 1582 935 Anam.
1610 910 1702 944 Absit,
1723 914 1752 937 ut
1775 912 1881 947 dicam,

1061 948 1152 976 Deum
1169 957 1203 977 ex
1218 951 1322 977 natura
1338 951 1484 986 genuisse.
1500 953 1579 981 ΟνιΙι.
1595 953 1655 980 Non
1674 954 1763 989 igitur
1777 956 1886 991 genuit.

1061 993 1158 1021 Anam.
1175 993 1292 1029 Genuit,
1313 1002 1379 1022 cum
1396 999 1533 1024 creasset.
1564 998 1639 1025 Urth.
1668 999 1777 1034 Ergone
1806 1000 1888 1035 prius

1061 1038 1158 1073 ipsum
1183 1038 1299 1073 creavit,
1331 1042 1359 1066 et
1387 1040 1491 1068 deinde
1520 1043 1631 1077 genuit,
1650 1052 1684 1069 an
1703 1044 1800 1079 aliquo
1817 1053 1889 1080 quo-

1062 1082 1138 1117 piam
1155 1083 1261 1111 modo?
1278 1083 1407 1119 Loquere
1423 1085 1551 1120 apertius
1567 1096 1572 1112 :
1589 1087 1645 1113 Nec
1661 1088 1738 1114 enim
1757 1088 1886 1124 intelligo

1061 1127 1132 1162 quid
1148 1127 1197 1159 sit,
1211 1127 1312 1163 genuit
1325 1136 1392 1156 cum
1408 1132 1544 1157 creasset.
1562 1131 1656 1158 ,Ιηωιη⁸
1685 1133 1765 1164 Ουοή
1792 1133 1888 1167 gigni-

1060 1173 1108 1198 tur
1136 1179 1153 1198 a
1175 1173 1231 1199 Deo
1251 1174 1385 1200 creatura
1400 1175 1456 1206 est,
1473 1175 1611 1209 quoniam
1630 1175 1676 1202 ille
1692 1177 1815 1212 simplex
1831 1180 1885 1210 est,

1060 1218 1088 1243 et
1102 1215 1322 1252 compositionis
1343 1224 1445 1253 expers
1475 1226 1481 1245 :
1513 1227 1565 1246 nec
1595 1219 1658 1246 aliis
1688 1221 1790 1256 gignit,
1821 1221 1887 1249 uliis

1060 1261 1149 1292 creat,
1175 1261 1225 1287 sed
1242 1260 1350 1296 quibus
1365 1261 1469 1297 gignit,
1485 1262 1588 1290 iisdem
1603 1265 1689 1290 etiam
1706 1268 1793 1293 creat.
1812 1266 1886 1294 Orth.

1059 1303 1091 1331 Si
1106 1304 1232 1340 simplex
1260 1307 1305 1332 est
1319 1308 1348 1333 et
1362 1306 1584 1342 compositionis
1614 1317 1725 1343 expers,
1744 1318 1886 1345 quorsum

184 1348 269 1382 dicis,
286 1348 395 1385 quibus
411 1351 440 1376 et
455 1348 585 1384 quibus?
600 1348 652 1376 Ubi
667 1348 746 1376 enim
761 1349 806 1376 est
820 1347 903 1383 illud,
919 1348 1026 1384 quibus
1041 1350 1070 1376 et
1084 1348 1202 1384 quibus,
1219 1349 1258 1376 ibi
1275 1358 1391 1386 quoque
1407 1350 1501 1378 multa
1515 1355 1594 1379 sunt.
1612 1353 1639 1379 Si
1656 1362 1741 1388 porro
1770 1363 1887 1390 compo-

167 1422 171 1425 ,
185 1394 302 1423 sitionis
317 1402 419 1430 expers
433 1396 478 1421 est
488 1393 576 1427 Deus,
593 1402 651 1421 non
667 1393 757 1429 igitur
771 1393 801 1420 in
816 1401 850 1421 eo
865 1395 935 1421 sunt
949 1393 1053 1422 multa.

218 1439 245 1466 4.
262 1437 419 1474 ’Λνόμοιος.
433 1437 490 1466 Οὑκ
504 1434 575 1464 ἔστιν
591 1436 636 1464 οὖν
654 1436 757 1467 ἁπλοῦς
783 1436 797 1463 ὁ
822 1436 902 1467 Θεός;
931 1436 1004 1474 Ὀρθ.

1096 1438 1278 1465 4.Αηογηαεα.ς.
1292 1439 1395 1466 Annon
1411 1441 1455 1466 est
1470 1438 1559 1475 igitur
1575 1440 1650 1469 Deus
1669 1442 1794 1477 simplex
1811 1443 1886 1470 Orth.

186 1482 259 1520 Ἐγὼ
275 1480 303 1510 δὲ
317 1481 362 1509 καὶ
379 1481 445 1519 ὑπὲρ
460 1482 491 1509 τὸ
507 1480 611 1508 ἁπλοῦν
628 1480 711 1518 λέγω.
733 1480 784 1509 Καὶ
811 1481 861 1519 γὰρ
891 1479 1007 1519 ἅγγελος

187 1526 290 1557 ἁπλοῦς
312 1526 380 1562 ἐστι,
404 1525 450 1553 καὶ
475 1526 564 1563 ψυχὴ,
588 1524 632 1552 καὶ
657 1525 688 1553 τὸ
710 1527 778 1564 φῶς·
795 1525 826 1552 οὑ
841 1525 890 1564 γὰρ
907 1525 937 1553 ἐκ
963 1535 1008 1561 με-

185 1574 238 1610 ρῶν
254 1571 273 1606 ﬁ
302 1570 392 1607 μελῶν
419 1570 566 1607 σύγκειται.
595 1569 691 1606 Ἀνόμ.
719 1570 749 1598 Εἰ
774 1570 863 1597 τοίνυν
879 1570 924 1597 καὶ
940 1570 1006 1608 ὑπὲρ

183 1617 215 1644 τὸ
229 1614 334 1643 ἁπλοῦν
363 1614 445 1649 ἐστιν,
475 1614 516 1646 οἶς
540 1616 620 1652 γιννᾷ
639 1614 683 1642 καὶ
698 1615 800 1649 κτίζει;
816 1615 891 1652 Ὀρθ.
919 1614 1006 1643 Πάλιν

186 1660 258 1699 λέγω
275 1660 313 1697 μὴ
330 1659 403 1698 λέγε,
420 1659 460 1690 οἷς
484 1661 564 1697 γεννᾷ
586 1658 631 1686 καὶ
646 1658 740 1694 κτίζει·
769 1660 800 1686 τὸ
819 1659 870 1697 γὰρ
903 1658 1007 1687 ἁπλοῦν

186 1705 228 1736 οἷς
241 1704 285 1731 καὶ
301 1703 342 1735 οἷς
358 1704 409 1731 οὑκ
422 1701 492 1741 ἔχει·
508 1701 608 1739 πολλῷ
623 1701 652 1730 δὶ
666 1702 754 1731 πλείω
768 1704 799 1731 τὸ
816 1703 881 1740 ὑπὲρ
905 1702 1008 1731 ἁπλοῦν

188 1750 229 1780 οἷς
256 1748 302 1776 καὶ
331 1748 372 1780 οἶς
402 1747 452 1776 οὐκ
475 1745 545 1785 ἔχει.
571 1745 665 1784 ’Λνὸμ.
691 1747 827 1778 Ὡσαύτως
841 1747 887 1775 οὗν
902 1748 1010 1786 γεννᾷὁ

188 1793 265 1830 Θεὸς,
280 1793 324 1821 καί
340 1792 468 1823 ὡσαύτως
484 1792 567 1827 κτίζει
581 1802 587 1821 :
602 1792 678 1831 Ὀρθ.
704 1790 754 1821 Οὕ.
782 1792 879 1829 Ἀνόμ.
905 1792 1009 1821 Οὗκοῦν

190 1837 334 1869 σύνθετοςε
352 1837 428 1874 Ὀρθ.
442 1837 488 1871 Μή
502 1838 625 1874 γὲνοιτοΙ
643 1835 741 1873 ’Δνόμ.
759 1837 790 1865 Εἰ
812 1836 909 1868 ἄλλοις
933 1838 1012 1874 γεννᾷ

187 1882 235 1910 καὶ
252 1881 349 1913 ἄλλοις
376 1881 473 1916 κτίζει,
502 1881 627 1913 σύνθετός
656 1880 743 1909 ἐπινε
773 1882 848 1918 Ὀρθ.
866 1881 904 1910 Οὑ
925 1880 1011 1919 λέγω,

188 1926 287 1958 ἅλλοις
301 1928 390 1963 γεννᾷ,
405 1925 451 1953 καὶ
467 1924 565 1957 ἅλλοις
580 1925 675 1962 κτίζει,
705 1925 777 1953 ἀλλὰ
805 1925 898 1957 ἄλλως
924 1927 1011 1964 γεννᾷ,

188 1970 235 1999 καὶ
250 1969 344 2002 ἄλλως
371 1970 466 2005 κτίζει.
493 1970 588 2006 ’Δνόμ.
620 1973 681 2001 Πῶς
706 1972 794 2008 γεννᾷ,
819 1970 865 1998 καὶ
880 1973 939 2001 πῶς
953 1969 1013 1998 κτί-

192 2016 343 2054 ζειεὈρθ.
370 2015 525 2043 ’Υποστάσει
552 2017 642 2052 γεννᾷ,
670 2015 715 2042 καὶ
744 2013 842 2051 ἰντολῇ
871 2014 965 2049 κτίζει.
983 2015 1014 2042 Ἦ

189 2061 241 2098 γὰρ
263 2059 373 2095 ἐντολὴ,
400 2058 551 2098 σύνδρομον
581 2058 683 2097 ἔχουσα
710 2059 760 2093 τήν
789 2057 914 2095 δύναμιν,
947 2069 1015 2097 παρ-

193 2105 297 2140 ίστησιν
311 2104 326 2132 6'
352 2103 481 2143 βούλεται
497 2105 511 2132 ὁ
527 2103 727 2140 ἐντειλάμενος·
744 2103 888 2131 ὑποστάσει
904 2102 933 2131 δὲ
959 2113 1014 2141 γιν-

190 2151 257 2183 νῶν,
273 2149 324 2177 οὑκ
338 2149 463 2187 ἀνίχεται
493 2148 617 2183 ἐντολὴν,
642 2147 688 2175 ι’ἱνα
705 2146 789 2185 μηδὲν
819 2148 899 2184 μέσον
966 2149 1015 2175 τοῦ

191 2196 339 2232 γεννῶντος
355 2193 461 2230 Πατρὸς
476 2192 521 2220 καὶ
545 2195 594 2220 τοῦ
615 2191 784 2231 γεννωμένου
814 2192 887 2221 ficii.
918 2192 1014 2228 ’Δνόμ.

193 2239 239 2273 Μὴ
256 2238 343 2267 θέλων
364 2237 410 2266 οὖν
439 2237 596 2276 ἒγὲννησενε
623 2238 696 2275 Ὀρθ.
720 2237 748 2263 Ὁ
776 2236 914 2274 γεννηθεὶς
944 2238 1017 2272 ζῷσα

189 2284 240 2311 τοῦ
255 2282 433 2320 γεννήσαντάς
449 2281 519 2310 ἔστιν
536 2281 626 2318 εἰκὼν,
642 2281 687 2308 καὶ
717 2277 870 2319 ὑπερϐαίνει
897 2281 947 2315 τήν
978 2281 1018 2313 οὲ-

193 2327 273 2362 λησιν
289 2328 307 2362 ἠ
324 2327 402 2354 statim!
417 2329 467 2361 τῆς
484 2326 668 2357 ὑποστάσεως.
686 2327 801 2364 Πρῶτον
814 2325 865 2363 γὰρ
890 2323 931 2352 δεῖ
944 2327 1015 2353 νοεῖν

193 2372 242 2406 τήν
259 2371 350 2399 άκόνα
363 2372 413 2405 τῆς
429 2370 612 2405 ὑποστάσεως,
629 2370 673 2398 καὶ
689 2370 750 2397 τότε
770 2371 801 2397 τὸ
817 2369 916 2404 θέλειν,
931 2370 949 2404 ἢ
978 2370 1016 2406 μὴ

195 2415 291 2454 θέλειν.
307 2418 362 2451 Τῆς
377 2414 406 2443 δὶ
435 2416 606 2446 ὑποστάς-εὼς
635 2415 689 2442 ἐστι
717 2414 838 2453 γέννημα
862 2414 907 2442 καὶ
937 2414 1016 2442 είκὼν

194 2459 404 2499 ἀπαράλλακτος
433 2460 448 2487 6
472 2459 543 2491 Υἳός·
573 2460 626 2498 πρὸ
655 2461 703 2487 τοῦ
719 2459 875 2496 θελήματος
889 2457 945 2486 νὸιι
967 2460 1016 2494 τὴν

192 2508 243 2540 τῆς
257 2505 428 2535 ὑποστάσεως
449 2501 548 2532 εἷκὸνα.
566 2501 660 2541 Ἀνόμ.
683 2504 713 2531 Τί
737 2504 827 2532 tactv:
852 2501 1018 2541 Ὑπερϐαίνει

191 2550 242 2584 τήν
258 2549 368 2585 θέλησιν
383 2550 401 2584 ἡ
418 2549 496 2576 εἰκών
510 2558 516 2577 :
534 2549 609 2586 Ὀρθ.
625 2549 687 2578 ’Ότι
703 2549 752 2583 τήν
778 2548 881 2583 οὐσίαν,
897 2548 942 2576 καὶ
958 2549 1017 2576 ἄνευ

193 2596 242 2622 τοῦ
255 2592 318 2622 τὸδε
332 2593 432 2630 Θιλειν,
447 2597 544 2629 νοῆσαι
560 2592 634 2631 δύνῃ·
650 2594 710 2621 ἅνω
735 2592 763 2621 δὲ
785 2591 887 2624 ιῖκόνος
909 2593 941 2620 οὑ
970 2592 1017 2620 δύ-

192 2650 234 2676 νῃ.
259 2640 292 2667 Ἡ
319 2638 370 2678 γὰρ
399 2637 509 2674 θέλησις
537 2637 582 2666 καὶ
608 2638 722 2676 ἄρχεται
744 2637 788 2665 καὶ
812 2636 936 2665 παύεται·
954 2638 972 2672 ἡ
989 2635 1018 2665 δὶ

231 2727 253 2746 τι
268 2727 354 2754 Prov.
369 2733 431 2761 vm,
445 2724 492 2753 25.
528 2725 553 2743 π
568 2724 645 2754 Pssl.
660 2733 720 2761 cm,
737 2725 764 2754 4.
803 2724 826 2743 ⁷⁴
842 2723 916 2753 Ibid.
930 2723 958 2753 5.

236 2801 467 2866 5:6)alis‘l‘atinus.
489 2801 526 2831 ⁸0
548 2800 628 2837 τίθης
648 2799 677 2829 δὲ
689 2799 762 2833 ὅλως
779 2800 821 2829 ὅτι
845 2800 859 2828 6
877 2799 936 2838 μὲν.
953 2800 1024 2837 Reg.

263 2848 280 2866 η
359 2847 427 2866 nuc.

201 2836 288 2877 πιίθῖί
297 2836 327 2866 δὶ
341 2836 427 2870 ὅμως.

1061 1481 1121 1509 Ιιηο
1136 1481 1223 1509 etiam
1235 1481 1363 1518 amplius
1379 1491 1466 1518 quam
1482 1483 1645 1520 simplicem
1663 1494 1726 1513 esse
1741 1487 1796 1514 aio.
1815 1490 1888 1516 Nam

1061 1528 1090 1553 et
1104 1526 1225 1562 angelus
1242 1526 1366 1562 simplex
1380 1529 1432 1561 est,
1455 1527 1563 1561 anima,
1600 1532 1627 1556 et
1660 1530 1719 1563 lux,
1754 1539 1821 1559 cum
1855 1541 1890 1560 ex

1062 1570 1196 1606 partibus
1211 1572 1261 1598 aut
1276 1571 1417 1598 membris
1433 1580 1491 1599 non
1507 1576 1890 1608 compouantur.Anom.Its-

1063 1623 1119 1651 que
1135 1614 1160 1643 si
1176 1614 1303 1650 amplius
1317 1616 1395 1643 410
1427 1624 1516 1652 quam
1546 1618 1669 1653 simplex
1699 1624 1752 1654 est,
1783 1622 1891 1655 quibus

1063 1659 1167 1696 gignit,
1197 1659 1301 1688 iisdem
1332 1660 1421 1689 etiam
1451 1664 1538 1689 creat.
1556 1664 1634 1691 Ortlt.
1654 1664 1761 1691 Iterum
1778 1673 1893 1697 moneo,

1065 1711 1101 1732 ne
1117 1703 1215 1738 dicito,
1231 1703 1339 1740 quibus
1363 1705 1458 1741 gignit
1486 1706 1591 1734 iisdem
1621 1710 1648 1734 et
1678 1711 1756 1736 creat
1786 1718 1792 1736 :
1824 1718 1892 1738 nam

1065 1748 1142 1784 quod
1172 1747 1297 1784 simplex
1325 1751 1383 1782 est,
1412 1758 1469 1778 non
1498 1750 1584 1779 habet
1597 1753 1701 1786 quibus
1717 1756 1744 1780 et
1760 1754 1892 1789 quibus:

1066 1792 1158 1820 multo
1174 1795 1270 1821 autem
1288 1793 1377 1821 etiam
1394 1795 1489 1831 inagis
1502 1795 1542 1829 id,
1569 1798 1643 1831 quod
1676 1806 1765 1833 supra
1794 1798 1890 1833 ipsam

1066 1836 1285 1873 simplicitatem
1310 1841 1366 1871 est,
1396 1847 1452 1867 non
1481 1839 1609 1867 admittit
1635 1841 1717 1874 illud,
1743 1843 1849 1876 quibus
1864 1846 1893 1870 et

1066 1882 1185 1918 quibus.
1202 1882 1298 1910 Anam.
1315 1882 1457 1911 Similiter
1472 1892 1540 1920 ergo
1553 1885 1645 1919 gignit
1661 1886 1748 1919 Deus,
1765 1889 1792 1913 et
1807 1887 1890 1915 simi-

1066 1926 1232 1958 litercreat.
1258 1926 1338 1955 Orlh.
1376 1927 1577 1963 Nequaquam.
1614 1932 1709 1956 Anom.
1745 1931 1815 1965 Ergo
1849 1934 1894 1959 est

1067 1970 1260 2006 compositus.
1291 1970 1368 1998 0rth.
1394 1971 1488 2000 Absit.
1519 1973 1613 1999 Anom.
1638 1974 1666 2000 Si
1681 1974 1745 2001 aliis
1761 1976 1855 2011 gignit
1870 1980 1897 2004 et

1068 2014 1133 2043 aliis
1149 2018 1238 2050 creat,
1253 2015 1437 2050 compositus
1453 2018 1507 2044 est.
1540 2018 1615 2044 Orth.
1646 2020 1708 2045 bon
1738 2020 1801 2047 dico
1830 2021 1896 2048 aliis

1068 2059 1171 2095 gignit,
1202 2058 1269 2087 aliis
1298 2062 1377 2088 creat
1392 2068 1398 2087 :
1419 2060 1469 2087 sed
1488 2060 1572 2089 aliter
1589 2062 1691 2097 gignit,
1709 2063 1795 2091 aliter
1808 2068 1895 2093 creat.

1069 2104 1165 2131 Anam.
1184 2104 1334 2136 Quomodo
1353 2104 1448 2140 gignit
1475 2107 1502 2132 et
1518 2108 1664 2140 quomodo
1689 2108 1789 2135 creat?
1818 2110 1894 2138 Orth.

1071 2147 1366 2184 Hypostasigignit,et
1377 2150 1515 2177 mandato
1529 2151 1793 2180 creatitlandatum
1806 2154 1895 2188 enim,

1071 2194 1261 2220 concurrente
1276 2195 1563 2229 potestate.pra:sens
1579 2196 1656 2222 sistit
1667 2197 1743 2231 quod
1757 2199 1897 2226 mandan-

1071 2237 1093 2264 ti
1108 2236 1179 2264 libet
1195 2245 1201 2265 :
1218 2236 1244 2264 is
1259 2245 1325 2265 vero
1342 2237 1392 2273 qui
1406 2238 1502 2274 gignit
1517 2239 1677 2275 bypostesi,
1695 2250 1751 2268 non
1777 2251 1896 2279 exspec-

1072 2283 1116 2309 tat
1143 2281 1327 2314 mandatum,
1353 2290 1389 2310 ne
1414 2283 1483 2319 quid
1502 2285 1631 2312 medium
1650 2285 1808 2315 intercedat
1824 2287 1899 2316 inter

1071 2326 1238 2362 gignentem
1256 2328 1381 2359 Patrem,
1398 2329 1427 2354 et
1439 2326 1544 2355 Filium
1560 2329 1608 2363 qui
1635 2329 1773 2364 gignitur.
1801 2333 1896 2360 Anam.

1071 2372 1114 2398 An
1141 2370 1230 2406 igitur
1255 2370 1365 2398 invitus
1389 2371 1514 2406 genuit?
1541 2373 1618 2400 Urth.
1640 2374 1691 2405 Qui
1708 2376 1825 2410 genitus
1842 2380 1896 2411 est,

1071 2415 1135 2443 viva
1150 2417 1194 2443 est
1208 2415 1272 2450 ejus
1300 2415 1350 2450 qui
1379 2416 1480 2451 genuit
1505 2416 1624 2452 imago;
1655 2421 1683 2445 ct
1716 2420 1895 2449 voluntatem

1071 2459 1254 2487 transcendit
1268 2459 1364 2495 imago
1380 2459 1667 2495 hypostaseos.l’rius
1683 2464 1760 2491 enim
1784 2468 1897 2501 oportet

1073 2504 1170 2532 animo
1194 2504 1346 2540 concipere
1362 2504 1518 2540 imaginem
1536 2505 1733 2541 hypostascos,
1752 2512 1779 2535 et
1797 2514 1897 2545 postea

1072 2548 1144 2577 velle
1159 2550 1209 2576 aut
1224 2547 1311 2576 nolle.
1328 2548 1419 2576 Filius
1435 2552 1533 2577 autem
1549 2554 1592 2577 est
1618 2552 1731 2580 soboles
1761 2554 1898 2589 hyposte-

1073 2601 1148 2626 seos,
1165 2596 1193 2620 et
1208 2592 1302 2628 imago
1317 2601 1438 2628 prorsus
1451 2593 1593 2622 iuverintu
1610 2605 1615 2622 :
1633 2600 1698 2624 ante
1718 2598 1897 2627 voluntatem

1073 2638 1171 2666 animo
1186 2637 1306 2673 concipe
1318 2636 1477 2674 imaginem
1493 2638 1693 2675 hypostsseos.
1710 2642 1807 2670 Anam.
1825 2644 1896 2676 Quid

1115 2799 1171 2837 (t7)
1186 2799 1346 2836 Palatinus;
1362 2798 1391 2827 ἐκ
1404 2802 1455 2836 τῆς
1470 2799 1562 2836 αὑτῆς.
