4092 6218
6 6 287 51 ἱνῗῖἚοἿεκ
354 46 357 47 γ
636 18 645 27 ‘

374 314 530 375 H23

368 449 460 501 est
487 444 633 500 illud
667 458 682 497 :
714 438 1100 496 Transcendit
1156 437 1347 507 imago
1401 430 1812 489 voluntatem?
1869 428 2008 484 Orth.

2137 429 2293 483 εἰκὼν
2347 438 2446 499 τῆς
2499 433 2682 495 οὖσίας
2743 432 2855 489 οὔτ’
2914 436 3160 512 ἄρχεται,
3224 432 3347 492 οῦτε
3401 433 3651 490 παύεται.
3688 434 3795 487 Καὶ

376 537 490 591 lloc
518 532 667 601 dico,
703 529 981 602 quoniam
1016 525 1333 581 essentiam
1365 524 1669 593 concipere
1700 522 1893 574 mente
1925 534 2027 588 po-

369 628 480 690 tes,
512 606 737 691 aisque
758 635 822 674 eo
854 617 1027 673 etiam
1056 615 1210 686 quod
1241 614 1348 668 hoc
1380 612 1513 667 velit
1546 628 1558 666 :
1602 610 1824 679 absque
1874 607 2029 661 ima-

370 711 508 785 gine
553 726 707 775 vero,
760 724 873 761 non
936 714 1116 777 potes.
1169 703 1313 758 Nam
1346 701 1616 756 voluntas
1648 704 1704 752 et
1735 696 1942 767 incipit
1970 700 2027 749 et

369 800 587 861 desinit
621 816 633 853 :
669 798 863 867 imago
891 812 1019 850 vero
1053 793 1316 848 essentiaa
1350 807 1455 846 nec
1512 789 1705 859 inipit,
1763 802 1867 841 nec
1926 785 2026 839 de-

368 888 531 946 sinit.
594 887 703 943 Sed
763 891 817 940 et
850 884 1018 939 aliter
1053 883 1165 937 hoc
1196 882 1411 952 accipe.
1446 880 1619 934 Estne
1655 879 1803 932 Deus
1825 874 2025 929 volens

368 980 471 1033 aut
499 975 705 1031 nolens
737 970 1136 1027 immortalis?
1168 971 1359 1024 Anam.
1391 968 1624 1021 Volens.
1688 964 1844 1020 Orth.
1907 979 2022 1017 non

368 1065 550 1140 igitur
577 1061 929 1118 immortalis
958 1065 1083 1114 erat
1108 1063 1425 1129 antequam
1457 1072 1586 1111 esse
1615 1054 1804 1110 vellet.
1830 1053 2019 1107 Anom.

367 1154 457 1210 Ab
489 1156 705 1210 interno
733 1149 861 1206 vult
890 1163 1017 1204 esse
1048 1145 1443 1202 immortalis?
1477 1146 1626 1201 Orth.
1661 1145 1729 1199 Et
1759 1143 1831 1198 ab
1858 1145 2020 1195 aeter-

366 1260 442 1300 no
473 1257 601 1298 esse
634 1242 820 1295 Pater.
854 1238 1018 1293 Sicut
1050 1236 1205 1290 enim
1238 1236 1427 1291 dicere
1459 1250 1573 1289 non
1625 1238 1809 1304 potes,
1862 1229 2019 1302 quod

362 1331 585 1387 invitus
615 1329 691 1384 sit
723 1325 1110 1393 immortalis;
1144 1326 1242 1395 ita,
1268 1339 1339 1380 ne
1371 1324 1479 1379 hoc
1512 1322 1770 1393 quidem,
1806 1318 1957 1390 quod
1990 1317 2211 1373 invitus
2242 1319 2319 1375 sit
2364 1321 2532 1378 Pater
2588 1342 2601 1380 :

1519 302 1583 362 S.
1632 296 2151 360 ATHANASIUS.
2188 330 2266 343 -
2291 299 2604 363 SPURIA.

3632 305 3802 364 1124

2138 516 2347 580 ἄλλως
2382 519 2562 575 Θέλων
2597 522 2734 577 ἐστὶν
2770 524 3054 593 ἀθάνατος,
3083 527 3117 595 ἣ
3180 527 3254 598 μή
3316 524 3524 588 θέλωνε
3585 520 3791 595 Ἀνὸμ..

2136 606 2341 664 Θέλων.
2397 610 2547 683 Ὀρθ.
2602 612 2714 686 Πρὸ
2766 619 2861 668 τοῦ
2921 613 3012 668 οὖν
3071 612 3311 687 θελήσει,
3370 615 3468 669 οὐκ
3521 614 3621 688 ἄρα
3672 616 3793 685 (48)

2135 695 2413 760 ἀθάνατος.
2450 696 2643 772 Ἀνόμ.
2680 700 2894 764 Ἀϊδίως
2930 704 3071 759 θέλει
3109 704 3239 758 εἶναι
3273 704 3571 763 ἀθάνατοςε
3628 701 3787 775 Ὀρθ.

2136 785 2231 838 Καὶ
2266 784 2455 848 ἀϊδίως
2524 791 2727 865 Πατήρ.
2792 793 2879 853 Ὡς
2918 794 3018 867 γὰρ
3070 794 3132 847 οὗ
3172 790 3299 866 δύνῃ
3344 793 3534 861 ιἰπεῖν,
3584 790 3665 844 δτι
3704 791 3785 862 μὴ

2136 873 2307 936 θέλων
2369 875 2508 930 ἐστὶν
2568 879 2824 941 ἀθάνατος
2884 878 2998 935 οὐδ’
3051 882 3132 937 δτι
3196 883 3271 954 μή
3334 881 3508 936 θέλων
3568 882 3784 953 Πατήρ·

2132 962 2222 1015 καὶ
2282 962 2464 1040 ὥσπερ
2523 966 2585 1020 οὐ
2643 975 2968 1044 προηγεῖται
3033 972 3133 1040 τῆς
3194 970 3478 1034 ἀθανασίας
3539 968 3786 1039 θέλημα.

2133 1050 2305 1113 οὕτως
2329 1051 2457 1107 οὐδὲ
2487 1060 2582 1109 τοῦ
2614 1056 2760 1110 Υἰοῦ·
2785 1057 2912 1114 ἀλλ’
2943 1058 3136 1122 ἀϊδίως
3167 1060 3307 1115 ἐστὶν
3344 1059 3466 1121 Υἱὸς
3488 1057 3547 1112 ἐκ
3574 1058 3791 1133 ΙΙατρὸς

2133 1137 2385 1203 θέλοντος
2442 1145 2857 1219 γεγεννημένος,
2918 1147 3075 1202 εἱκὼν
3119 1155 3218 1218 τῆς
3250 1148 3594 1207 ὑποστάσεως
3644 1146 3789 1201 dm:-

2134 1226 2462 1302 ράλλακτος.

2662 1328 2720 1380 et
2765 1329 2830 1381 ut
2878 1342 2983 1383 nec
3039 1320 3492 1397 immortalitati,
3536 1327 3621 1383 ita
3677 1343 3791 1384 nec

364 1418 510 1476 Filio
562 1418 730 1490 praait
783 1417 1074 1483 voluntas,
1133 1415 1235 1471 sed
1295 1413 1366 1469 ab
1421 1416 1633 1491 aeterno
1691 1414 1780 1466 est
1834 1407 2012 1464 Filius
2069 1422 2138 1461 ex
2168 1407 2393 1466 volente
2425 1411 2593 1468 Patre
2622 1414 2874 1486 genitus,
2908 1415 3293 1489 hypostaseos
3323 1416 3514 1491 imago
3545 1415 3789 1489 penitus

363 1507 674 1567 invariata.

438 1593 927 1653 5.Anomwus.Ubi
960 1593 1247 1664 scriptum
1278 1595 1386 1658 est,
1407 1591 1615 1646 Filium
1649 1604 1777 1646 esse
1804 1586 2017 1659 imagi-
2046 1587 2094 1653 B
2194 1589 2248 1642 5.
2304 1586 2618 1661 ’Λνὸμοιος.

366 1701 501 1743 nem
533 1682 956 1757 hypostaseos?
986 1682 1144 1740 Orth.
1178 1681 1583 1737 Characterem
1616 1680 2016 1751 hypostaseos,

362 1790 465 1831 seu
500 1799 522 1827 ι
558 1776 803 1845 figuram
839 1771 1183 1826 substantiae
1213 1771 1259 1803 7‘
1291 1790 1318 1819 »
1358 1767 1502 1823 nihil
1537 1767 1693 1822 aliud
1745 1782 1872 1821 esse
1929 1765 2019 1819 in-

360 1863 580 1935 telligo,
644 1877 822 1933 quam
873 1860 1189 1930 imaginem
1223 1858 1607 1930 hypostaseos
1639 1872 1782 1911 esse.
1820 1855 2015 1909 Anam.

360 1952 687 2015 Enimvero,
714 1966 909 2005 annon
942 1949 1028 2002 vir
1058 1962 1291 2018 quoque
1351 1945 1629 2001 scribitur
1685 1960 1813 2000 esse
1870 1944 2016 1998 ima-

360 2057 433 2114 go
492 2045 548 2096 et
603 2039 787 2111 gloria
845 2037 995 2092 Dei?
1049 2037 1199 2093 Orth.
1247 2036 1398 2091 Sane
1430 2051 1444 2088 :
1480 2040 1539 2089 at
1571 2050 1684 2089 non
1718 2032 2018 2088 character

360 2129 780 2202 hypostaseos.
851 2126 1015 2182 Aliud
1085 2130 1176 2180 est
1241 2128 1457 2189 autem,
1528 2122 1844 2193 imaginem
1914 2121 2013 2175 Dei

359 2234 508 2287 esse,
566 2234 740 2287 quam
799 2232 928 2271 esse
967 2215 1363 2269 characterem
1396 2212 1775 2284 hypaslaseos
1806 2210 2012 2281 ipsius.

359 2306 506 2363 Nam
537 2306 832 2378 Opiﬁcium
860 2305 1037 2360 habet
1067 2303 1304 2375 quidem
1339 2301 1654 2373 imaginem
1722 2299 1863 2356 artis
1920 2299 2013 2354 sui

362 2396 623 2461 artificis,
678 2412 711 2449 a
742 2410 855 2464 quo
885 2394 1152 2449 effectum
1188 2395 1295 2458 est,
1326 2391 1710 2462 hypostaseos
1731 2404 1863 2443 vero
1897 2389 2010 2442 mi-

272 2534 277 2539 .
362 2485 543 2540 nime.
578 2485 770 2538 Anom.
808 2481 1011 2537 Nescio
1055 2480 1193 2552 quid
1229 2480 1411 2543 dicas,
1464 2479 1697 2551 planius
1753 2478 2005 2548 loquere.

362 2573 514 2630 Orth.
575 2574 887 2626 Scamnum
917 2570 1093 2625 habet
1124 2570 1439 2641 imaginem
1470 2567 1614 2622 artis
1649 2566 1791 2621 labri
1826 2584 1839 2622 ε
1873 2583 2008 2622 nam

362 2662 411 2719 si
442 2678 750 2719 scamnum
782 2660 996 2725 videro,
1031 2674 1281 2731 agnosco
1313 2676 1345 2713 a
1371 2658 1527 2712 fabro
1571 2658 1787 2711 factum
1832 2672 1959 2711 esse
1993 2674 2005 2710 :

359 2754 417 2804 et
474 2750 522 2807 si
583 2748 906 2804 naviculam
940 2764 1317 2816 conspexero,
1352 2763 1605 2818 agnosco
1638 2761 1766 2800 esse
1797 2761 1943 2816 opus
1977 2761 2010 2799 a

361 2840 705 2895 fabricatore
737 2838 971 2892 navium
1008 2837 1358 2897 confectum.
1392 2835 1543 2906 quod
1581 2834 1658 2888 sit
1685 2834 1879 2906 imago
1912 2852 2006 2888 ar-

357 2929 531 2984 tiﬁcis
562 2934 615 2982 et
646 2927 833 2999 gloria
862 2926 1003 2980 artis
1044 2925 1201 2978 illius
1258 2941 1270 2979 :

360 3017 677 3073 character.
740 3017 855 3071 Nec
908 3016 1065 3070 enim
1124 3018 1222 3069 aut
1270 3029 1575 3068 scamnum
1611 3018 1711 3066 aut
1744 3012 2006 3067 navicula

361 3106 536 3162 habet
568 3106 956 3160 characterem
990 3103 1217 3175 opificis
1257 3103 1344 3157 sui
1382 3120 1393 3157 :
1430 3119 1559 3157 cum
1622 3101 1715 3156 hic
1769 3101 2006 3172 quidem

362 3194 440 3249 sit
494 3194 667 3248 homo
700 3192 1020 3264 hypnstasi,
1053 3208 1358 3246 scamnum
1393 3196 1587 3245 autem
1620 3190 1704 3245 vel
1739 3190 2006 3245 navicula

364 3299 473 3337 non
508 3282 669 3335 item.
703 3282 792 3335 Sic
823 3281 996 3335 etiam
1030 3280 1203 3334 homo
1231 3281 1531 3349 estimago
1563 3283 1620 3333 et
1648 3278 1834 3350 gloria
1882 3279 2002 3348 Dei,

361 3370 457 3442 qui
516 3370 709 3441 ipsum
765 3369 1044 3423 condidit.
1098 3369 1344 3434 Etenim,
1376 3373 1440 3422 ut
1469 3368 1549 3422 ait
1581 3373 1819 3422 sanctus
1851 3368 2005 3423 Salo-

363 3476 496 3515 mon
534 3475 546 3513 :
583 3482 608 3507 ‹‹
646 3458 1019 3529 Proportione
1050 3458 1324 3528 quadam,
1354 3455 1587 3511 illarum
1650 3473 1841 3510 rerum
1897 3475 2000 3512 au-

356 3552 485 3605 ctor
538 3546 896 3617 conspicitur
937 3551 991 3600 et
1021 3544 1207 3617 gloria
1237 3545 1508 3613 afficitur,
1541 3561 1608 3598 ex
1639 3561 1703 3598 eo
1736 3548 1887 3614 quod
1923 3546 2002 3599 ef-

358 3638 577 3693 fectum
608 3640 731 3691 est:
766 3636 811 3670 ⁷⁵
844 3658 870 3684 ››
906 3652 1016 3689 non
1050 3640 1243 3689 tamen
1279 3638 1366 3688 est
1400 3634 1701 3688 character
1731 3633 2003 3705 hyposta-

358 3744 488 3784 secs
520 3725 769 3798 opificis,
797 3725 895 3781 sed
930 3725 1211 3779 duntaxat
1243 3722 1471 3777 virtutis
1503 3723 1630 3793 ejus
1676 3723 2001 3778 eﬂ‘ectricis.

359 3823 427 3871 At
462 3816 642 3871 Filius
673 3821 761 3870 est
790 3815 1089 3869 character
1119 3811 1537 3883 hypostaticus.
1574 3811 1772 3883 Inquit
1805 3813 1957 3866 enim
1988 3831 2001 3868 :

358 3928 386 3957 ‹‹
420 3905 523 3972 Qui
557 3903 704 3959 vidit
735 3920 847 3968 me,
880 3902 1021 3957 vidit
1052 3906 1277 3956 Patrem
1316 3918 1505 3955 meum
1567 3901 1610 3934 ⁷⁸
1670 3918 1681 3955 :
1748 3921 1770 3952 υ
1835 3918 2004 3957 nemo

357 4011 512 4061 vero,
548 3995 699 4065 quod
730 3994 937 4065 viderit
970 3992 1292 4055 hominem,
1326 3990 1544 4045 idcirco
1578 3989 1719 4043 vidit
1753 3990 2001 4046 Patrem.

358 4087 547 4139 Anom.
583 4084 688 4138 Ubi
722 4083 1006 4153 scriptum
1040 4086 1151 4149 est,
1188 4080 1391 4133 Filium
1428 4096 1555 4134 esse
1611 4080 2001 4135 characterem

358 4172 784 4245 hypostaseos?
842 4171 994 4225 Orth.
1059 4173 1221 4240 Apud
1277 4168 1605 4239 apostolum
1665 4169 1911 4224 Paulum
1947 4171 2002 4224 in

360 4259 619 4332 Epistola
652 4259 721 4313 ad
759 4259 1042 4313 Hebraeos.
1080 4259 1268 4312 Anam.
1304 4258 1426 4311 Non
1462 4257 1739 4329 recipitur
1798 4259 1853 4312 in
1908 4260 2005 4314 Ec-

1335 2929 1393 2980 at
1450 2940 1563 2978 non
1625 2923 2078 3020 hypoetaseosc

2700 1594 2813 1667 Ποῦ
2898 1592 3211 1669 γέγραπται,
3271 1600 3370 1662 τῆς
3432 1592 3783 1654 ὑποστάσεως

2130 1672 2269 1728 ἐστιν
2302 1677 2459 1732 εἰκὼν
2491 1679 2519 1733 ὃ
2551 1675 2711 1742 1⁴¹ιὸ¹ςε
2755 1683 2899 1756 Ὀρθ.
2948 1683 3047 1737 Τὸν
3107 1689 3429 1759 χαρακτῆρα
3483 1689 3585 1751 τῆς
3636 1682 3787 1737 ὑπο-

2130 1763 2363 1827 στάσεως
2404 1763 2557 1822 οὑδὲν
2613 1768 2753 1825 ἄλλο
2809 1773 2921 1826 νοῶ
2969 1773 3003 1840 ἣ
3034 1767 3216 1827 εἳκὸνα
3246 1778 3381 1827 εἶναι
3411 1775 3509 1837 τῆς
3540 1769 3781 1826 ὑποστά-

2130 1872 2285 1913 σεως.
2343 1850 2531 1927 Ἀνὸμ.
2588 1858 2647 1914 Ὀ
2713 1857 2813 1933 γὰρ
2874 1859 3008 1934 ἀνὴρ
3040 1860 3103 1914 οὑ
3136 1862 3436 1935 γέγραπται
3470 1858 3626 1914 εἰκὼν
3685 1857 3782 1913 καὶ

2128 1935 2254 2013 δόξα
2285 1947 2449 2000 Θεοῦε
2487 1945 2636 2020 Ὀρθ.
2690 1946 2846 2002 Ἀλλ’
2886 1948 3014 2023 οὐχὶ
3046 1950 3336 2024 χαρακτὴρ
3387 1955 3486 2018 τῆς
3548 1948 3787 2003 ὑποστά-

2127 2048 2281 2090 σεως.
2317 2029 2493 2087 ’Άλλο
2526 2030 2582 2088 δέ
2613 2034 2752 2090 ἐστιν
2785 2031 2965 2092 ιὶκόνα
2995 2042 3129 2093 Θεοῦ
3161 2039 3317 2108 εἶναι,
3357 2038 3448 2092 καὶ
3493 2036 3635 2093 ἄλλο
3666 2056 3781 2112 χα-

2127 2126 2368 2194 ρακτῆρα
2425 2122 2767 2187 ὑποστάσεως
2818 2127 3007 2184 αὑτοῦ.
3064 2128 3135 2181 Τὸ
3188 2128 3291 2202 γὰρ
3351 2124 3502 2201 ἔργον
3528 2130 3628 2181 τοῦ
3688 2125 3779 2201 έρ-

2123 2208 2426 2281 γασαμένοο
2456 2214 2705 2287 τεχνίτου
2731 2211 2846 2290 ἔχει
2877 2217 2975 2284 τὴν
3024 2212 3207 2270 suam
3251 2223 3351 2285 τῆς
3382 2214 3604 2291 τέχνης.
3642 2215 3777 2291 οὐχὶ

2125 2293 2182 2351 δὲ
2233 2305 2333 2367 τῆς
2395 2300 2756 2366 ὑποστάσεως.
2810 2300 3002 2377 Ἀνὸμ.
3062 2305 3122 2359 Τί
3163 2303 3340 2379 λέγεις
3371 2306 3469 2359 οὑκ
3499 2301 3641 2359 οἷδα³
3677 2325 3776 2359 σα-

2124 2385 2375 2463 φέστερον
2430 2390 2566 2447 εἰπέ.
2637 2392 2787 2466 ὈρΟ.
2817 2397 2950 2449 ’Τοῦ
3002 2396 3252 2457 τέκτονος
3307 2395 3369 2449 τὸ
3421 2393 3618 2467 βάθρον
3653 2390 3773 2469 ἔχει

2119 2476 2218 2543 τὴν
2255 2472 2432 2532 εἱκὸνα
2487 2487 2586 2549 τῆς
2641 2480 2864 2557 τέχνης·
2933 2482 3019 2539 ἐὰν
3078 2483 3181 2559 γὰρ
3235 2480 3334 2538 ἴδω
3369 2484 3590 2559 βάθρον,
3623 2480 3770 2551 οῖδα,

2121 2560 2201 2619 ὅτι
2238 2567 2340 2621 ὑπὸ
2369 2570 2618 2631 τέκτονος
2650 2569 2882 2645 ἐγένετο·
2926 2572 3021 2627 κᾶν
3052 2570 3153 2629 ἴδω
3206 2572 3426 2640 πλοῖον,
3484 2570 3626 2636 οἴδα,
3687 2573 3770 2627 ὅτι

2120 2651 2223 2706 ὑπὸ
2252 2661 2528 2731 ναυπηγοῦ
2559 2656 2668 2711 ἐστι
2698 2659 2760 2712 τὸ
2805 2655 2980 2734 ἔργον,
3027 2665 3126 2714 τοῦ
3186 2660 3556 2736 ἐργασαμένου
3609 2661 3771 2715 εἱκὼν

2117 2742 2204 2794 καὶ
2259 2739 2381 2813 ὃόξα
2409 2752 2508 2814 τῆς
2540 2747 2760 2821 τέχνηςσ
2817 2749 2879 2803 οὑ
2931 2750 3038 2821 μὴν
3070 2748 3158 2804 καί
3190 2751 3474 2826 χαρακτὴρ
3502 2752 3602 2818 τῆς
3633 2750 3768 2803 ὓπο-

2119 2832 2372 2893 οτοὶσεως.
2436 2835 2512 2892 0'3
2569 2838 2670 2911 γὰρ
2726 2838 2818 2891 τὸν
2882 2841 3202 2914 χαρακτῆρα
3242 2844 3342 2893 τοῦ
3394 2838 3766 2914 ἐργασαμένου

2121 2916 2233 2995 ἔχει
2265 2922 2327 2975 τὸ
2361 2922 2556 2998 βάθρον
2589 2927 2622 2994 ἢ
2649 2926 2710 2979 τὸ
2760 2924 2977 2981 πλοῖον·
3014 2929 3041 2981 ὁ
3078 2929 3171 3000 μέν
3194 2928 3294 3004 γάρ
3320 2928 3459 2982 ἐστιν
3484 2930 3768 3004 ἅνθρωπος

2117 3012 2184 3082 τῇ
2219 3010 2525 3081 ὑποστάσει,
2556 3014 2619 3068 τὸ
2652 3012 2707 3069 δὲ
2743 3015 2937 3090 βάθρον
2970 3018 3003 3085 ἢ
3030 3018 3091 3072 τὸ
3123 3016 3318 3072 πλοῖον
3366 3014 3447 3073 οὔ.
3482 3018 3644 3073 Οὕτω
3675 3017 3764 3071 καὶ

2117 3098 2144 3151 ὁ
2178 3098 2460 3174 ἅνθρωπος
2517 3107 2613 3156 τοῦ
2669 3105 2895 3174 θεμένου
2952 3105 3109 3159 αὑτὸν
3168 3110 3299 3164 Θεοῦ
3331 3107 3488 3160 εἰκὼν
3514 3107 3605 3159 καὶ
3637 3101 3767 3177 δὸξα

2116 3186 2246 3243 ἐστί.
2282 3190 2383 3245 Καὶ
2417 3191 2518 3265 γὰρ
2551 3192 2683 3245 κατὰ
2710 3192 2800 3246 τὸν
2836 3193 2988 3267 ἅγιον
3022 3193 3328 3267 Σολομῶνα
3359 3197 3491 3265 (49).
3531 3220 3549 3245 ι
3606 3196 3767 3249 Ἀνα-

2117 3273 2293 3351 λόγως
2324 3279 2350 3331 ὁ
2383 3282 2756 3355 γενεσιουργὸς
2788 3282 2962 3336 αὐτῶν
3002 3289 3283 3358 θεωρεῖται
3332 3284 3422 3337 καὶ
3481 3282 3765 3356 δοξάζεται

2114 3363 2173 3418 ἐκ
2200 3370 2296 3419 τοῦ
2326 3364 2626 3442 γεγονότος·
2664 3393 2690 3417 ι)
2724 3369 2784 3423 οὑ
2820 3371 2926 3442 μὴν
2975 3375 3258 3447 χαρακτήρ
3310 3372 3420 3427 ἐστι
3467 3380 3567 3441 τῆς
3630 3373 3765 3427 ὑπο-

2115 3455 2347 3516 στάσεως
2377 3461 2472 3510 τοῦ
2502 3460 2884 3527 πεποιηκότος,
2919 3458 3043 3514 ἀλλ’
3090 3462 3124 3528 ἢ
3168 3461 3268 3535 ἄρα
3321 3468 3421 3530 τῆς
3472 3460 3761 3537 ἐνεργείας.

2113 3543 2173 3599 Ὀ
2228 3541 2284 3597 δὲ
2318 3545 2435 3606 Υἱὸς
2467 3548 2750 3622 χαρακτὴρ
2780 3546 3153 3611 ένυπὸστατος.
3211 3550 3362 3623 Λέγει
3418 3550 3537 3625 γάρ’
3602 3575 3629 3601 ‹‹
3702 3552 3766 3608 Ὁ

2115 3631 2367 3705 ἑωρακὼς
2408 3634 2503 3707 ἐμὲ
2563 3636 2767 3709 ἑώρακε
2823 3637 2914 3691 τὸν
2950 3639 3157 3714 Πατέρα
3203 3659 3381 3712 μουή
3451 3636 3631 3701 οὑδεὶς
3690 3638 3774 3712 δὲ,

2114 3722 2367 3795 ἑωρακὼς
2425 3724 2731 3797 ἄνθρωπον,
2792 3724 2900 3780 εἶδε
2948 3728 3037 3780 τὸν
3112 3728 3342 3803 Πατέρα.
3399 3729 3589 3800 Ἀνόμ.
3652 3733 3768 3782 Ποῦ

2112 3809 2426 3886 γέγραπται,
2487 3812 2567 3867 ὅτι
2625 3817 2908 3889 χαρακτήρ
2982 3813 3089 3869 ἐστι
3140 3823 3239 3885 τῆς
3313 3816 3659 3877 ὑποστάσεως
3738 3818 3767 3871 ὁ

2117 3901 2277 3965 Υἱὸςς
2310 3903 2460 3975 Ὀρο.
2513 3902 2664 3976 Παρὰ
2714 3908 2792 3975 τῷ
2835 3904 3127 3977 ἀποστόλῳ
3163 3904 3385 3979 Παύλῳν
3421 3905 3470 3959 ἐν
3504 3909 3573 3979 τῇ
3621 3907 3766 3980 πρὸς

2116 3984 2421 4064 Ἑϐραίους.
2446 3992 2637 4062 Ἀειάμ.
2672 3993 2785 4049 οὐκ
2814 3992 3265 4063 animam;
3308 3997 3460 4071 Ὀρθ.
3518 3996 3641 4073 Ἀφ’
3693 3993 3755 4050 οδ

2112 4078 2425 4153 κατηγγέλη
2460 4081 2521 4134 τὸ
2556 4081 2884 4155 Εὐαγγέλιον
2917 4084 3169 4156 Χριστοῦ,
3205 4083 3427 4141 Παύλου
3474 4085 3610 4139 εἶναι
3666 4106 3766 4140 πι-

2113 4169 2388 4223 πίστευται
2440 4171 2474 4238 ἡ
2536 4169 2822 4242 ἐπιστολή·
2870 4172 2958 4226 καὶ
3018 4173 3327 4244 τιετάὑτῆς
3362 4176 3495 4229 εἶσιν
3545 4173 3768 4229 ἐπιστο-

2115 4256 2204 4311 λαὶ
2240 4255 2307 4311 ιδ’
2337 4258 2388 4311 αἱ
2418 4264 2582 4312 πᾶσαι
2611 4264 2707 4313 τοῦ
2738 4258 2979 4316 Παύλου.
3009 4260 3203 4332 Ἀνόμ.
3258 4262 3549 4337 Ἀνέγνως,
3590 4260 3675 4318 ὅτι
3711 4262 3764 4318 ἰν

357 4322 554 4406 etesia.
613 4348 766 4403 Orth.
802 4348 879 4401 Ex
911 4363 1026 4417 quo
1059 4346 1471 4401 annuntiatum
1507 4322 1599 4402 est.
1627 4347 1998 4419 Evangelium

2120 4347 2209 4420 μὲν
2265 4346 2460 4409 πάσαις
2516 4349 2577 4402 τὸ
2628 4342 2802 4421 ὄνομα
2851 4350 3018 4405 αὑτοῦ
3067 4348 3380 4426 ἐμφέρεται,
3426 4351 3475 4404 ἰν
3507 4349 3766 4429 δέταύτῃ

356 4437 595 4506 Christi,
631 4436 912 4491 creditum
947 4440 1035 4490 est
1064 4435 1215 4491 hanc
1246 4434 1566 4505 Epistolam
1613 4436 1770 4490 Pauli
1824 4453 1951 4491 esse
1986 4452 1998 4489 :

355 4531 411 4583 et
439 4544 506 4582 ea
538 4529 976 4588 connumerata,
1010 4540 1213 4578 omnes
1240 4523 1517 4596 Epistolis
1549 4524 1709 4578 Pauli
1742 4532 1880 4579 sunt
1905 4543 2005 4581 nu-

358 4633 516 4672 mero
566 4613 1027 4686 quatuordecim.
1092 4615 1280 4667 Anam.
1345 4612 1610 4679 Legistin’
1668 4614 1726 4668 in
1782 4616 2003 4671 creteris

354 4705 628 4762 omnibus
688 4704 928 4774 proferri
989 4718 1201 4757 nomen
1252 4702 1460 4773 ipsius,
1494 4701 1551 4754 in
1585 4701 1690 4756 hac
1724 4719 1856 4758 vero
1890 4722 2003 4760 non

354 4793 546 4849 item?
589 4791 752 4847 Orth.
812 4792 952 4846 Cum
1016 4791 1269 4847 Hebrzeis
1331 4790 1631 4855 scriberet,
1691 4792 1788 4860 qui
1852 4794 2004 4851 fama

357 4886 718 4954 acceperant,
781 4881 975 4952 ipsum
1032 4880 1300 4935 homines
1358 4879 1560 4934 docere
1618 4881 1999 4939 defectionem

354 4990 387 5028 a
420 4971 565 5043 lege,
600 4988 670 5026 ne
701 4970 888 5042 ipsius
924 4986 1133 5025 nomen
1169 4968 1569 5034 abhorrentes,
1620 4987 1790 5025 aures
1846 4978 1939 5029 4|
1963 4979 1994 5032 ι

352 5060 740 5123 occluderent,
805 5063 1109 5130 propterea
1158 5075 1191 5112 a
1252 5057 1517 5112 Patribus
1554 5059 1632 5113 ita
1664 5077 1832 5116 orsus
1864 5070 1950 5119 est
1984 5083 1995 5120 ε

352 5173 379 5199 ‹‹
418 5148 791 5205 Multifariam
828 5149 1140 5218 multisque
1173 5148 1361 5202 modis
1394 5146 1529 5201 olim
1567 5148 1720 5203 Deus
1770 5150 1997 5209 locutus

354 5240 619 5311 patribus
676 5238 735 5293 in
795 5237 1115 5309 proiihetis,
1175 5235 1401 5291 ultimis
1461 5237 1616 5292 hisce
1678 5239 1884 5297 diebus
1917 5244 1995 5298 lu-

422 5393 466 5439 τι
499 5393 667 5448 Hebr.
703 5407 741 5458 ι,
773 5390 825 5445 3.
902 5389 947 5424 ⁷⁸
977 5389 1111 5461 Sap.
1145 5404 1267 5458 xm,
1297 5389 1351 5441 5.
1429 5388 1472 5422 ⁷⁸
1501 5391 1665 5444 Joan.
1701 5408 1816 5464 xxv,
1839 5395 1896 5452 9.

348 5545 531 5692 ιεἰρξι48)
565 5549 625 5603 Ia
680 5546 863 5603 Palat.
899 5550 953 5600 et
1013 5540 1161 5598 Felo.
1222 5537 1370 5595 Editi
1414 5554 1568 5611 vero,
1610 5538 1833 5613 θελήσαι
1894 5546 1986 5602 οὖν

2117 4434 2213 4505 οῦ;
2249 4438 2396 4511 Ὀρθ.
2456 4439 2577 4494 Ὅτι
2631 4433 2903 4511 Ἑϐραίοις
2937 4437 3181 4516 ἔγραφεν
3239 4441 3374 4509 ἦσαν
3422 4438 3479 4495 δί
3509 4463 3767 4518 κατηχη-

2115 4525 2288 4587 θὲντες
2318 4526 2440 4599 πιρὶ
2471 4528 2660 4583 αὑτοῦ.
2694 4527 2776 4581 ὅτι
2824 4528 3148 4582 ἀποστασίαν
3211 4526 3467 4585 διδάσκει·
3529 4532 3619 4585 καὶ
3669 4529 3765 4586 ἳνα

2119 4618 2218 4688 μή,
2298 4617 2657 4689 σειριάσαντες
2736 4617 2900 4672 αὑτοῦ
2956 4618 3017 4672 τὸ
3078 4617 3276 4691 ὄνομα,
3335 4619 3594 4674 κλείσωσι
3654 4623 3756 4690 τήν

2115 4705 2300 4774 ἀκοήν·
2354 4702 2441 4758 διὰ
2495 4710 2655 4759 τοῦτο
2711 4705 2817 4759 ἀπὸ
2864 4711 2970 4761 τῶν
3024 4710 3271 4782 πατέρων
3304 4706 3528 4783 ἤρξατο,
3560 4707 3760 4785 λέγων·

2118 4793 2455 4866 ΙΙολυμερῶς
2516 4795 2601 4848 καὶ
2663 4794 3009 4871 πολυτρόπος
3066 4796 3455 4859 πάλαιὸθεὸς
3514 4796 3764 4869 λαλήσας

2113 4889 2227 4945 τοῖς
2260 4883 2515 4955 πατράσιν
2550 4885 2709 4956 ἡμῶν
2744 4883 2794 4938 ἐν
2842 4890 2955 4947 τοῖς
3011 4888 3342 4960 προφήταις,
3396 4886 3477 4942 ἐπ’
3528 4886 3765 4963 ἕσχάτου

2110 4978 2217 5028 τῶν
2252 4976 2472 5048 ἡμερῶν
2528 4971 2789 5042 ἐλάλησεν
2822 4977 2957 5045 ἡμῖν
2991 4974 3040 5027 ἐν
3077 4976 3206 5046 Υἱῷ,
3244 5000 3271 5026 ››
3302 4977 3426 5033 Ὀτι
3476 4973 3534 5031 δὲ
3594 4977 3762 5031 αὐτοῦ

2114 5063 2252 5118 ἐστιν
2287 5065 2321 5131 ἡ
2372 5061 2655 5130 ἐπιστολὴ,
2714 5064 2937 5140 φανερόν
2997 5063 3107 5118 ἐστι
3163 5064 3251 5118 καὶ
3308 5064 3412 5119 ἀπὸ
3442 5070 3537 5119 τοῦ
3565 5064 3761 5127 τέλους

2110 5160 2207 5221 τῆς
2240 5149 2551 5220 ἐπιστολῆς
2592 5152 2876 5224 Μέμνηται
2908 5153 3006 5228 γὰρ
3056 5152 3145 5206 καὶ
3192 5153 3489 5225 Τιμοθέου,
3551 5152 3753 5230 λέγων·

2112 5244 2467 5297 «Γινώσκετε
2524 5242 2613 5295 τὸν
2668 5238 2899 5318 ἀδελφὸν
2959 5243 3119 5314 ἡμῶν
3170 5242 3439 5315 Τιμόθεον
3481 5243 3761 5300 ἀπολελυ-

2298 4617 2657 4689 σειριάσαντες

2094 5634 2097 5635 ν
2170 5548 2281 5622 (49)
2312 5547 2496 5607 Palat.
2530 5547 2665 5602 κατὰ
2691 5547 2781 5603 τὸν
2814 5548 2967 5623 ἅγιον
3001 5545 3244 5608 Παῦλον,
