4092 6218
344 317 503 379 1125

1322 312 1425 374 DE
1469 311 1772 375 SANCTA
1813 310 2241 373 TRINITATE
2286 312 2673 376 DIALOGUS
2718 313 2765 373 Ι.

3589 317 3747 378 “26

346 448 532 521 μένον,
569 447 686 520 μεθ’
734 445 819 513 οὗ,
851 443 939 500 ἐὰν
986 443 1178 521 τάχιον
1230 442 1483 520 ἔρχηται,
1518 440 1722 518 ὄψομαι
1771 442 1928 515 ὑμᾶς.
1965 467 1992 494 ››

2117 448 2279 501 cutus
2312 451 2401 502 est
2431 447 2599 502 nobis
2633 447 2691 501 in
2723 446 2863 502 Filio
2894 448 2957 501 τί.
2996 469 3023 495 »ι
3054 448 3213 503 Hanc
3245 452 3439 505 autem
3471 464 3600 506 esse
3656 452 3749 523 ip-

341 541 471 595 sius
504 536 845 610 Epistolam,
874 542 1115 608 apparet
1144 538 1321 593 etiam
1354 552 1423 591 ex
1453 537 1569 590 ﬁne
1601 533 1889 606 Epistolas.
1927 533 2195 590 Meminit
2223 536 2380 591 enim
2412 536 2587 591 etiam
2626 536 2913 591 Timothei
2976 536 3067 591 his
3123 537 3313 592 verbis
3374 554 3387 592 :
3449 562 3475 587 ‹‹

3537 541 3749 598 Scitote

347 630 586 684 fratrem
620 633 886 681 nostrum
917 625 1290 683 Timotheum
1322 625 1637 682 liberatum
1664 641 1812 689 esse,
1847 639 1980 678 cum
2014 640 2152 694 quo,
2187 624 2235 678 si
2264 625 2378 679 cito
2407 625 2655 693 venerit,
2689 642 2787 679 vos
2818 625 3025 680 videbo
3056 626 3119 681 ⁷⁸.
3156 647 3182 674 ››

416 718 471 770 6.
535 713 841 786 Ἀνόμοιος.
902 713 1007 766 Κᾶν
1082 710 1283 785 δῶμεν,
1346 711 1429 766 ὅτι
1493 710 1710 767 Παὺλου
1776 709 1914 764 ἐστὶν
1957 712 1991 778 ἡ

347 801 669 870 Ἐπιστολὴ,
708 799 854 856 ἀλλὰ
884 802 911 855 ὁ
953 803 1234 877 χαρακτὴρ
1266 804 1378 874 (50)
1407 808 1506 869 τῆς
1560 798 1899 859 ὑποστάσεως
1946 798 1997 851 ἐν

345 897 416 965 τῇ
469 889 757 946 ὑποστάσει
806 886 923 965 ἔχει
969 890 1031 944 τὸ
1082 890 1240 959 εἶναι,
1274 888 1373 944 οὐκ
1413 889 1462 943 ἐν
1515 886 1627 959 ἰδίᾳ
1659 890 1807 961 (toﬁ;
1842 889 1992 962 Ὀρθ,

350 978 513 1036 Ἀλλ’
545 979 605 1033 οὐ
641 977 805 1051 μόνον
860 975 1070 1052 εἴρηται
1114 977 1399 1052 χαρακτὴρ
1454 976 1819 1045 ὑποστάσεως,
1852 972 1997 1028 ἀλλὰ

345 1069 439 1125 καὶ
473 1065 735 1129 mcum
779 1066 841 1121 τὸ
891 1065 1245 1121 ἐνυπόστατον
1306 1067 1606 1138 νοήσωμεν.
1641 1062 1999 1137 Ἀπαὺγασμα

346 1159 450 1235 γὰρ
510 1154 745 1230 εἴρηται,
777 1152 867 1209 διὰ
919 1156 982 1209 τὸ
1040 1152 1326 1215 συναϊδίως
1379 1154 1431 1223 ἐξ
1488 1152 1653 1207 αὑτοῦ
1702 1151 1853 1207 εἶναι*
1894 1170 1999 1225 χα-

350 1247 561 1324 ρακτὴρ
621 1243 710 1300 διὰ
758 1245 858 1313 τὴν
918 1243 1221 1317 ὁμοιότητα
1276 1250 1375 1313 τῆς
1434 1242 1816 1302 ὑποστάσεως⁶
1881 1240 1998 1301 Υἱὸς

350 1333 443 1392 διὰ
468 1336 531 1391 τὸ
561 1334 937 1390 ἐνυπόστατον.
972 1331 1161 1406 Ἀνόμ.
1194 1331 1293 1387 Καὶ
1340 1334 1503 1404 ἡμεῖς
1550 1328 1780 1406 λὲγομεν
1826 1330 2000 1383 πάντα

348 1426 484 1481 εἶναι
517 1424 578 1479 ἐκ
603 1424 702 1479 τοῦ
741 1427 895 1479 Θεοῦ.
929 1423 1078 1498 Ὀρθ.
1113 1420 1286 1479 Ἀλλά
1323 1420 1391 1475 τὰ
1442 1420 1535 1492 μὲν
1594 1415 1733 1475 ἔστιν
1789 1418 1848 1472 ἐκ
1897 1424 1999 1486 τῆς

351 1512 582 1584 ἐντολῆς
655 1512 821 1568 αὐτοῦ
891 1509 1300 1587 δημιουργικῶς
1334 1530 1346 1542 ·
1407 1511 1435 1563 ὁ
1489 1506 1547 1564 δὶ
1610 1508 1729 1569 Υἱὸς
1789 1506 1848 1561 ἐκ
1900 1513 2000 1575 τῆς

354 1604 699 1665 ὑποστάσεως
731 1605 1063 1676 γεννητικῶς
1094 1600 1156 1655 τὸ
1204 1597 1263 1654 δὲ
1318 1602 1535 1671 Πνεῦμα
1585 1597 1997 1669 ἐκπορευτικῶς.

356 1691 548 1765 Ἀνόμ.
580 1690 682 1748 Καὶ
736 1693 800 1745 τὸ
860 1693 1079 1761 Πνεῦμα
1132 1687 1191 1743 ἐκ
1235 1694 1334 1756 τῆς
1379 1687 1722 1742 ὑποστάσεως
1784 1684 1997 1758 λέγεις;

2176 714 2231 767 6.
2291 715 2597 767 Anamwus.
2636 714 2871 769 Etiamsi
2903 713 3052 769 hanc
3086 714 3399 785 Epistolam
3436 716 3596 772 Pauli
3624 734 3751 774 esse

2106 803 2517 867 concedamus,
2565 807 2820 857 attamen
2870 804 3171 859 character
3215 804 3599 876 bypostaseos
3646 808 3753 862 ha-

2104 888 2201 944 bet
2251 906 2381 945 esse
2448 891 2505 944 in
2566 891 2885 962 hypoetasi,
2929 909 3044 946 non
3071 892 3128 946 in
3164 894 3395 964 prepria
3423 896 3561 951 vita.
3600 897 3750 953 Orth.

2106 984 2179 1033 At
2210 978 2477 1034 Christus
2510 996 2625 1034 non
2684 985 2913 1034 tantum
2968 980 3181 1035 dicitur
3230 981 3531 1038 character
3584 985 3758 1057 bypo-

2108 1072 2355 1132 staseos,
2416 1084 2617 1123 verum
2677 1068 2850 1123 etiam
2914 1068 3113 1139 Filius,
3178 1075 3241 1124 ut
3298 1070 3441 1125 illud
3475 1073 3755 1144 hyposta-

2108 1157 2289 1211 ticum
2321 1156 2745 1229 intelligamus.
2784 1157 3003 1213 Dicitur
3033 1157 3186 1213 enim
3242 1158 3539 1230 splendor,
3600 1167 3753 1233 quod

2106 1262 2226 1301 una
2270 1247 2346 1302 sit
2375 1262 2442 1301 ex
2474 1246 2601 1318 ipso
2633 1248 2704 1301 ab
2735 1252 2946 1303 (sterno
2979 1264 2992 1303 :
3027 1248 3327 1304 character
3356 1268 3486 1306 vero
3520 1260 3758 1325 prapter

2106 1334 2490 1407 hypostaseos
2520 1335 2970 1391 similitudinem
3001 1354 3013 1391 :
3050 1336 3229 1392 Filius
3276 1338 3547 1410 denique,
3599 1344 3753 1413 quod

2109 1425 2187 1479 sit
2216 1423 2274 1479 in
2306 1423 2627 1497 hypostasi.
2664 1425 2857 1481 Anam.
2893 1424 3154 1481 Dicimus
3184 1432 3239 1481 et
3270 1444 3375 1482 nos
3406 1430 3603 1485 omnia
3630 1448 3760 1489 esse

2108 1529 2177 1568 ex
2234 1517 2367 1568 Deo.
2431 1512 2585 1567 Orth.
2650 1514 2761 1569 Sed
2816 1512 2930 1569 alia
2992 1514 3226 1585 quidem
3280 1522 3419 1571 sunt
3472 1535 3538 1572 ex
3570 1520 3758 1590 ipsius

2110 1602 2386 1656 mandato
2434 1619 2537 1673 per
2574 1603 2969 1669 creationem;
3029 1602 3209 1658 Filius
3266 1621 3397 1660 vero
3454 1623 3521 1661 ex
3570 1608 3758 1680 ipsius

2109 1690 2432 1762 hypostasi,
2494 1708 2596 1763 per
2650 1691 3123 1763 generationem;
3184 1692 3435 1764 Spiritus
3492 1713 3624 1752 vero
3657 1715 3761 1769 per

356 1782 504 1856 Ὀρθ.
567 1780 717 1835 Ἐπεὶ
774 1780 974 1847 πόθεν;
1010 1772 1200 1849 Ἀνόμ.
1253 1780 1365 1831 Ποῦ
1420 1777 1739 1852 γὲγραπται,
1795 1772 1877 1827 ὅτι
1936 1772 2003 1826 τὰ

2117 1779 2563 1849 processionem.
2596 1781 2785 1835 Anam.
2842 1781 2987 1851 Ergo
3045 1780 3323 1851 Spiritum
3382 1786 3555 1839 etiam
3613 1788 3759 1843 dicis

361 1870 456 1943 μὲν
489 1868 549 1924 ἐκ
576 1874 677 1936 τῆς
708 1866 956 1936 ἐντολῆς,
986 1867 1053 1920 τὰ
1102 1864 1160 1920 δὲ
1213 1864 1273 1920 ἐκ
1307 1868 1405 1934 τῆς
1441 1863 1781 1924 ὑποστάσεως
1809 1889 1821 1931 ;
1853 1867 1995 1937 Ὀρθ.

355 1959 412 2012 Ὀ
444 1952 610 2013 Δαϐὶδ
662 1954 805 2032 λέγει
853 1955 975 2030 περὶ
1033 1960 1140 2009 τῶν
1200 1953 1259 2008 ἐκ
1308 1961 1406 2023 τῆς
1456 1951 1759 2020 ἐντολῆς·‹‹
1794 1950 2003 2005 Αἰνεῖτε

352 2048 447 2102 τὸν
500 2046 694 2122 Κύριον
755 2044 816 2099 ἐκ
858 2042 965 2098 τῶν
1014 2043 1279 2118 οὐρανῶν,
1311 2042 1509 2097 αἷνεῖτε
1565 2041 1721 2095 αὑτὸν
1782 2039 1833 2094 ἐν
1884 2044 2000 2101 τοῖς

359 2137 624 2211 ὑψίστοις,
672 2133 865 2188 αἰνεῖτε
938 2132 1120 2202 αὑτὸν,
1177 2132 1371 2194 πάντες
1425 2132 1475 2186 οἱ
1533 2128 1754 2207 ἄγγελοι
1813 2129 1999 2197 αὑτοῦ,

356 2226 555 2281 αἱνεῖτε
601 2222 783 2293 αὐτὸν,
816 2228 979 2277 πᾶσαι
1022 2222 1077 2276 αἱ
1129 2220 1381 2293 δυνάμεις
1430 2219 1614 2291 αὑτοῦ,
1662 2219 1859 2273 αἱνεῖτε
1907 2217 2001 2272 αὑ-

355 2314 474 2386 τὸν,
532 2311 692 2381 ἥλιος
765 2311 852 2366 καὶ
930 2310 1157 2381 σελήνη,
1219 2308 1410 2364 αἱνεῖτε
1468 2308 1649 2377 αὐτὸν,
1709 2309 1882 2361 πάντα
1936 2306 2003 2361 τὰ

359 2401 524 2479 ἄστρα
573 2401 756 2457 καὶτὸ
787 2404 921 2477 φῶς.
952 2402 1071 2453 Ὅτι
1128 2398 1287 2459 αὐτὸς
1346 2398 1482 2465 εἶπε,
1507 2397 1596 2451 καὶ
1646 2396 1997 2471 ἐγενήθησαν·

358 2493 517 2553 αὐτὸς
579 2487 880 2545 ἐνετείλατο
926 2490 1063 2563 (51),
1120 2487 1211 2542 καὶ
1271 2485 1608 2557 ἐκτίσθησαν.
1670 2508 1698 2536 ››
1759 2483 1887 2556 Περὶ
1946 2480 2004 2539 δὲ

356 2588 459 2650 τῆς
516 2581 811 2654 γεννήσεως
860 2581 957 2633 τοῦ
1014 2578 1141 2631 Υἱοῦ
1197 2576 1519 2651 γέγραπται·
1569 2595 1591 2625 ι
1625 2575 1718 2629 Ἐκ
1771 2573 2000 2648 γαστρὸς

357 2670 464 2744 πρὸ
524 2666 804 2746 ἒωσφόρου
861 2669 974 2740 (52)
1033 2665 1287 2741 ἐγέννησά
1343 2683 1444 2719 σε·
1508 2687 1536 2717 »
1593 2662 1680 2717 καὶ
1729 2662 1851 2735 περὶ
1907 2660 2002 2715 τοῦ

360 2758 515 2834 ἁγίου
545 2756 880 2830 Πνεὺματος,
911 2780 940 2807 ‹‹
973 2756 1057 2809 Ἐν
1084 2759 1203 2817 ταῖς
1243 2753 1498 2830 ἐσχάταις
1547 2752 1779 2827 ἡμέραις
1826 2751 2003 2826 ἐκχεῶ

362 2847 467 2902 ἀπὸ
517 2844 611 2901 τοῦ
660 2843 975 2917 Πνεύματός
1033 2863 1137 2916 μου
1186 2842 1272 2897 ἐπὶ
1321 2847 1489 2896 πᾶσαν
1534 2840 1721 2916 σάρκα·
1756 2866 1778 2893 ι
1814 2839 1903 2894 καὶ
1954 2838 2005 2893 ἐν

360 2936 577 2999 ἄλλοις⁸
616 2960 641 2986 ι(
678 2938 893 3006 Πνεῦμα
946 2933 1046 3009 γὰρ
1104 2933 1227 3007 παρ’
1268 2931 1402 3004 ἐμοῦ
1458 2928 1820 3006 ἐκπορεύεται·
1861 2954 1881 2980 ιι
1912 2928 2002 2983 καὶ

361 3025 411 3081 ἐν
443 3024 660 3087 ἄλλοις
697 3048 725 3076 ‹‹
754 3025 846 3095 Τῴ
892 3021 1058 3096 Λόγῳ
1106 3021 1303 3093 Κυρίου
1335 3022 1448 3092 (53)
1494 3020 1545 3073 oi
1596 3018 1813 3091 οὐρανοὶ
1859 3017 2001 3072 ἐστε-

360 3119 664 3192 ρεώθησαν,
709 3112 798 3167 καὶ
872 3115 954 3183 τῷ
1009 3109 1277 3183 Πνεύματι
1334 3112 1430 3164 τοῦ
1496 3108 1761 3181 στόματος
1838 3105 2000 3161 αὑτοῦ

359 3207 564 3273 πᾶσαὴ
618 3200 847 3275 δύναμις
907 3199 1162 3256 αὐτῶν.»
1201 3198 1388 3270 Ἀνόμ.
1448 3199 1541 3253 Ἐκ
1596 3197 1826 3273 γαστρὸς
1886 3197 2001 3250 εἶπε

359 3294 447 3349 καὶ
506 3292 795 3364 στόματος,
829 3289 927 3345 οὐκ
984 3288 1036 3359 ἐξ
1096 3288 1459 3349 ὑποστάσεως.
1495 3288 1637 3361 Ὀρθ.
1691 3284 1813 3340 Ἐπί
1869 3288 2001 3340 Θεοῦ

363 3382 485 3437 ὅταν
520 3379 785 3456 λέγωνται
822 3376 963 3452 μέλη
996 3380 1030 3448 ἢ
1083 3376 1246 3453 μέρη,
1278 3377 1713 3453 ἀνθρωποποιθῶς
1769 3376 1861 3448 μὲν
1914 3373 2001 3429 λε-

362 3491 573 3547 γονται,
628 3472 940 3544 θεοπρεπῶς
1016 3465 1074 3522 δὲ
1128 3471 1415 3521 νοοῦνται·
1477 3465 1522 3519 εἰ
1582 3461 1640 3518 δὲ
1694 3466 1793 3537 μὴ,
1845 3463 2001 3518 ποίαν

362 3558 592 3636 γαστέρα
645 3556 960 3630 σωματικὴν
1011 3554 1098 3610 ἐπὶ
1156 3559 1289 3609 Θεοῦ
1320 3550 1522 3629 ἔχομεν
1578 3553 2003 3627 νοῆσαιςΈγὼ,

363 3648 597 3724 γαστέρα
639 3647 876 3713 ἀκούων,
906 3645 967 3699 τὸ
996 3645 1302 3720 γεννητικὸν
1353 3645 1450 3712 τῆς
1500 3642 1707 3720 φύσεως
1753 3646 1885 3714 νοῶ,
1917 3640 2005 3695 καὶ

367 3736 544 3808 στόμα
569 3736 633 3789 τὸ
665 3731 990 3789 διδακτικόν⁸
1024 3732 1113 3787 καὶ
1145 3733 1248 3807 γὰρ
1277 3730 1364 3785 καὶ
1396 3730 1485 3785 ἐπὶ
1515 3729 1815 3805 ἀνθρώπων
1866 3724 2005 3782 ἔστιν

367 3825 458 3881 ὅτε
512 3823 779 3900 κέχρηται
809 3825 845 3893 ἡ
878 3823 1062 3899 Γραφή
1119 3820 1288 3895 ταύτῃ
1345 3819 1413 3894 τῇ
1470 3818 1745 3889 συνηθείᾳ,
1778 3819 1851 3880 ὡς
1883 3815 2005 3872 ὅταν

370 3913 524 3989 λέγῃ”
557 3938 585 3964 ‹‹
619 3913 752 3970 Ἀπὸ
808 3915 906 3967 τοῦ
964 3906 1136 3987 φόϐου
1180 3931 1296 3978 σου,
1328 3910 1512 3983 Κύριε,
1546 3907 1597 3962 ἐν
1649 3906 1840 3983 γαστρὶ
1890 3904 2012 3961 ἐλά-

367 3997 561 4076 ϐομεν,
592 4001 680 4056 καὶ
712 3999 962 4073 ἐτὲκομεν
994 3997 1205 4071 πνεῦμα
1248 3996 1518 4073 σωτηρίας
1566 3996 1653 4051 ἐπὶ
1692 4003 1790 4064 τῆς
1819 4001 1944 4071 γῆς.
1978 4019 2007 4047 ››

368 4091 467 4147 Καὶ
498 4091 725 4145 ἐνταῦθα
752 4090 852 4165 γάρ
895 4086 955 4143 οὐ
1005 4088 1233 4164 γαστέρα
1280 4089 1438 4159 ἡμῶν
1484 4086 1627 4161 λέγει
1677 4086 1774 4151 τήν
1824 4104 2008 4155 σωμα-

364 4180 551 4249 τικὴν,
582 4178 728 4233 ἀλλὰ
754 4178 850 4246 τὴν
884 4184 981 4247 τῆς
1013 4176 1221 4249 φύσεως
1252 4176 1572 4251 γεννητικὴν
1604 4172 1853 4246 δύναμιν.

439 4360 492 4415 7.
520 4357 830 4430 Ἀνόμοιος.
867 4359 977 4411 Ποῦ
1008 4356 1303 4431 γέγραπται
1334 4353 1421 4408 ἐπὶ
1455 4357 1588 4409 Θεοῦ
1634 4350 1789 4429 φύσις
1817 4378 1830 4419 ;
1865 4350 2008 4425 Ὀρθ.

369 4446 524 4520 Παρὰ
564 4450 646 4517 τῷ
693 4441 1034 4517 Ἀποστὸλῳ’
1069 4468 1095 4495 (ί
1144 4441 1317 4500 Ἀλλά
1361 4442 1482 4497 τότε
1525 4441 1640 4514 μὲν,
1673 4439 1770 4493 οὐκ
1813 4436 2014 4499 εἰδότες

2111 1885 2239 1924 esse
2293 1885 2361 1923 ex
2419 1868 2767 1940 hypostasi?
2828 1869 2988 1926 Orth.
3054 1869 3277 1941 Alioqui
3338 1875 3490 1928 unde
3557 1881 3758 1932 esset?

2110 1957 2301 2011 Anam.
2365 1956 2473 2012 Ubi
2531 1957 2817 2029 scriptum
2877 1963 2967 2013 est
3032 1956 3143 2013 alia
3202 1977 3329 2015 esse
3360 1979 3427 2016 ex
3458 1965 3755 2036 mandato,

2113 2044 2228 2100 alia
2265 2062 2333 2100 ex
2365 2045 2709 2118 hypostasi?
2738 2046 2891 2102 Orlh.
2920 2046 3072 2102 Dicit
3136 2048 3313 2103 David
3372 2051 3442 2104 de
3499 2052 3570 2107 iis
3628 2070 3756 2125 quis

2112 2150 2180 2189 ex
2211 2135 2307 2190 Dei
2340 2136 2615 2189 mandato
2648 2134 2939 2191 exsistunt
2963 2153 2975 2190 :
3001 2158 3028 2185 «
3057 2136 3312 2193 Laudate
3343 2138 3654 2196 Dominum
3687 2142 3758 2197 de

2111 2223 2291 2290 ccelis,
2326 2223 2558 2278 laudate
2596 2238 2732 2278 eum
2762 2222 2821 2277 in
2854 2223 3129 2292 excelsis;
3167 2224 3398 2282 laudate
3429 2246 3584 2296 eum,
3632 2248 3758 2286 om-

2112 2329 2217 2368 nes
2270 2311 2459 2384 angeli
2520 2312 2670 2382 ejus,
2730 2313 2963 2367 laudate
3029 2329 3449 2380 eum,-omnes
3517 2319 3759 2375 virtutes

2112 2402 2275 2471 ejus;
2336 2399 2569 2455 laudate
2637 2416 2797 2469 eum,
2829 2400 2914 2456 sol
2970 2405 3025 2456 et
3081 2401 3240 2471 luna,
3298 2402 3533 2461 laudate
3598 2424 3760 2477 eum,

2112 2504 2318 2545 omnes
2375 2488 2557 2544 stella:
2613 2493 2670 2542 et
2728 2488 2946 2544 lumen.
2993 2490 3138 2553 Quia
3168 2491 3293 2563 ipse
3323 2492 3487 2559 dixit,
3522 2500 3576 2549 et
3609 2496 3761 2552 facta

2114 2583 2254 2633 sunt
2286 2594 2299 2633 :
2333 2577 2457 2649 ipse
2488 2578 2787 2632 mandavit
2816 2582 2873 2632 et
2903 2584 3098 2634 creata
3123 2585 3263 2635 sunt
3290 2582 3352 2635 το.
3386 2602 3415 2631 ››
3450 2588 3525 2637 De
3584 2600 3757 2656 gene-

2113 2666 2337 2721 ratione
2389 2682 2523 2721 vero
2582 2665 2713 2721 Filii
2772 2667 3059 2738 scriptum
3093 2674 3181 2723 est
3215 2687 3226 2723 :
3261 2693 3287 2718 «
3318 2674 3396 2723 Ex
3429 2676 3591 2726 utero
3623 2679 3757 2727 ante

2112 2756 2421 2812 luciferum
2456 2754 2628 2826 genui
2659 2760 2712 2810 te
2742 2756 2785 2795 ⁸ο
2818 2772 2831 2809 :
2863 2777 2891 2804 »
2916 2760 2972 2809 et
3002 2757 3073 2811 de
3100 2756 3314 2827 Spiritu
3348 2766 3548 2814 sancto
3583 2776 3593 2813 :
3634 2782 3660 2812 σι
3695 2762 3757 2816 In

2115 2843 2452 2899 novissimis
2485 2844 2693 2898 diebus
2725 2843 3018 2898 effundam
3053 2845 3121 2900 dc
3152 2846 3369 2916 Spiritu
3400 2865 3524 2902 meo
3582 2866 3760 2921 super

2114 2950 2343 2989 omnem
2408 2948 2642 2987 carnem
2693 2933 2759 2985 ει.
2792 2953 2819 2981 ››
2854 2933 2921 2986 Et
2950 2932 3087 2986 alibi
3125 2950 3135 2988 :
3172 2957 3198 2984 «
3232 2935 3477 3006 Spiritus
3505 2938 3659 2993 enim
3689 2956 3758 2994 ex

2116 3040 2208 3077 me
2229 3020 2488 3092 procedit
2521 3038 2533 3075 :
2570 3042 2597 3069 ››
2631 3020 2769 3075 item
2802 3020 2939 3075 alibi
2974 3039 2987 3076 :
3027 3045 3052 3071 ‹‹
3082 3022 3270 3078 Verbo
3332 3025 3561 3080 Domini
3630 3027 3759 3082 coeli

2114 3110 2331 3165 tirmati
2390 3115 2546 3173 sunt,
2580 3113 2635 3165 et
2664 3109 2873 3181 spiritu
2905 3111 3021 3166 oris
3060 3113 3187 3182 ejus
3216 3115 3408 3169 omnis
3442 3115 3624 3170 virtus
3665 3132 3758 3171 eo-

2113 3216 2245 3254 rum
2275 3200 2341 3254 ”.
2378 3221 2404 3248 »
2437 3200 2624 3255 Anam.
2659 3199 2739 3253 Ex
2785 3204 2946 3254 utero
3004 3200 3168 3267 dixit,
3225 3207 3283 3257 et
3338 3220 3404 3257 ex
3462 3221 3578 3267 ore,
3641 3222 3757 3259 non
3800 3210 3801 3213 “

2112 3294 2302 3344 autem
2337 3304 2405 3342 ex
2435 3287 2759 3359 hypostasi.
2794 3286 2943 3342 Orth.
2974 3290 3167 3344 Partes
3199 3306 3301 3345 seu
3333 3292 3596 3346 membra
3626 3310 3758 3349 cum

2114 3382 2226 3432 Deo
2260 3377 2623 3444 tribuuntur,
2670 3377 2947 3431 dicuntur
3004 3377 3243 3449 quidem
3294 3378 3548 3435 humano
3583 3398 3762 3451 more,

2114 3465 2528 3537 intelliguntur
2580 3470 2777 3521 autem
2832 3472 2897 3521 ut
2927 3472 3038 3521 Deo
3070 3467 3341 3523 convenit
3370 3485 3381 3523 :
3420 3470 3508 3523 sin
3543 3472 3763 3540 minus,

2116 3571 2289 3626 quem
2322 3559 2551 3609 uterum
2584 3554 2642 3608 in
2670 3558 2782 3609 Deo
2823 3571 3165 3626 corporeum
3226 3558 3520 3627 possimus
3573 3564 3765 3614 mente

2115 3643 2419 3714 concipere
2443 3644 2469 3698 ‘I
2522 3644 2722 3714 Itaque
2755 3649 2982 3699 uterum
3016 3645 3281 3711 audiens,
3314 3649 3630 3717 generandi
3664 3664 3763 3703 na-

2118 3738 2264 3788 tura;
2304 3733 2422 3787 vim
2460 3748 2472 3786 :
2506 3738 2563 3787 et
2592 3749 2655 3787 os
2687 3732 2953 3799 audiens,
2990 3734 3233 3789 docendi
3285 3735 3615 3790 facultatem
3674 3736 3764 3790 in-

2115 3822 2313 3894 telligo
2348 3837 2359 3876 :
2394 3838 2508 3892 quo
2566 3820 2839 3890 loquendi
2900 3838 3058 3876 more
3113 3822 3412 3893 Scriptura
3472 3825 3765 3879 interdum

2118 3912 2292 3966 etiam
2351 3910 2537 3964 utitur
2593 3927 2726 3964 cum
2776 3910 2847 3964 de
2879 3909 3218 3965 hominibus
3248 3912 3389 3982 agit,
3425 3919 3486 3965 ut
3516 3930 3649 3967 eum
3681 3912 3769 3967 in-

2118 3998 2243 4070 quit
2275 4017 2288 4054 :
2324 4022 2351 4048 ‹‹
2385 4006 2430 4051 Α
2464 3998 2673 4053 timore
2707 3997 3090 4067 tui,Domine,
3108 3999 3481 4070 concepimus
3514 4002 3569 4054 in
3604 4004 3768 4056 utero

2120 4093 2176 4142 et
2207 4087 2542 4158 peperimus
2573 4086 2629 4139 in
2662 4090 2815 4141 terra
2848 4087 3121 4157 spiritum
3156 4087 3361 4143 salutis
3391 4090 3492 4142 ⁸³.»
3510 4091 3650 4144 Nam
3676 4090 3771 4145 hic

2123 4191 2356 4245 quoque
2390 4191 2501 4229 non
2534 4174 2827 4244 signiﬁcat
2849 4191 3189 4245 corporeum
3221 4181 3448 4232 uterum
3481 4186 3769 4247 nostrum,

2123 4263 2223 4319 sed
2255 4262 2416 4317 illam
2448 4267 2667 4317 natura:
2700 4262 2811 4318 vim
2839 4264 3137 4335 gignendi.

2192 4355 2246 4405 7.
2268 4356 2577 4407 Anamwus.
2604 4352 2703 4407 Ubi
2737 4354 2807 4407 de
2836 4352 2952 4407 Deo
2985 4353 3265 4424 scriptum
3299 4362 3387 4411 est
3418 4363 3640 4413 naturae
3672 4374 3776 4413 no-

2126 4440 2302 4495 men?
2332 4441 2477 4495 Orth.
2510 4441 2676 4511 Apud
2709 4441 3049 4511 Apostolum
3086 4461 3098 4499 :
3139 4467 3158 4491 ιι
3194 4444 3301 4499 Sed
3337 4450 3472 4499 tunc
3534 4446 3773 4517 quidem

367 4516 522 4604 Θεὺν,
553 4516 904 4590 ἐδουλεύσατε
939 4516 1055 4593 τοῖς
1107 4533 1180 4603 μὴ
1228 4530 1378 4608 φύσει
1429 4531 1548 4584 οὗσι
1597 4531 1757 4589 θεοῖς’
1790 4531 1881 4582 νῦν
1930 4524 2004 4600 δὲ,

2120 4529 2458 4602 ignorantes
2500 4528 2707 4598 Deum,
2741 4530 2812 4584 iis
2845 4530 2943 4602 qui
2980 4536 3188 4587 natura
3219 4551 3332 4587 non
3367 4540 3506 4588 sunt
3538 4516 3615 4589 dii
3647 4552 3774 4591 ser-

363 4623 583 4701 γνόντες
612 4623 763 4695 Θεὸν,
799 4619 1010 4696 μᾶλλον
1045 4617 1103 4675 δὲ
1129 4620 1448 4695 γνωσθέντες
1501 4618 1602 4672 ὑπὸ
1649 4621 1745 4671 τοῦ
1794 4620 1950 4688 Θεοῦ,
1985 4639 2013 4667 ››

368 4712 525 4790 φύσει
579 4710 860 4783 δηλονότι.
894 4708 992 4765 Καὶ
1051 4707 1101 4763 ἐν
1158 4712 1275 4769 ταῖς
1315 4705 1633 4770 καθολικαῖς
1665 4702 2013 4767 Ἐπιστολαῖς

367 4803 687 4878 γέγραπται·
745 4824 772 4851 ι(
836 4800 913 4853 Δι’
968 4799 1042 4852 ὧν
1099 4796 1165 4851 τὰ
1225 4795 1451 4869 μέγιστα
1515 4797 1650 4865 ἡμῖν
1712 4792 1802 4847 καὶ
1860 4792 2015 4866 τίμια

366 4890 754 4967 ἐπαγγέλματα
800 4884 1128 4962 δεδωρηται,
1171 4883 1261 4938 τίνα
1309 4885 1534 4958 γένησθε
1579 4881 1721 4944 θείας
1758 4882 2014 4937 κοινωνοὶ

366 4979 662 5059 φύσεως.»
698 4976 965 5051 Γινόμεθα
1023 4977 1134 5049 (54)
1193 4970 1251 5027 δὲ
1298 4972 1440 5034 θείας
1498 4972 1748 5027 κοινωνοὶ
1807 4971 2015 5050 φύσεως

362 5070 439 5142 τῇ
492 5066 752 5139 κοινωνίᾳ
799 5069 897 5120 τοῦ
956 5063 1111 5139 ἁγίου
1168 5061 1503 5135 Πνεύματος.
1565 5060 1753 5135 Ἀνόμ.
1813 5060 2016 5116 Οὔκουν

2122 4616 2367 4672 viebatis
2402 4634 2415 4671 :
2449 4634 2606 4672 nunc
2676 4622 2867 4673 autem
2930 4635 3063 4674 cum
3121 4622 3507 4692 cognoveritis
3569 4628 3770 4695 Deum,

2122 4705 2265 4772 imo,
2313 4706 2529 4778 cogniti
2584 4707 2714 4763 sitis
2771 4724 2804 4762 a
2835 4708 2950 4763 Deo
2981 4708 3044 4778 8‘,
3070 4728 3094 4759 ιι
3137 4715 3244 4764 etc.
3280 4726 3313 4765 a
3342 4710 3455 4767 Deo
3488 4712 3773 4783 videlicet,

2125 4796 2225 4867 qui
2261 4801 2471 4851 natura
2519 4796 2672 4851 Deus
2729 4801 2835 4851 est.
2896 4797 2961 4851 Et
3020 4798 3078 4852 in
3138 4798 3415 4870 Epistolis
3473 4800 3773 4856 catholicis

2124 4884 2405 4956 scriptum
2440 4890 2528 4941 est
2561 4903 2572 4941 :
2610 4909 2635 4936 «
2663 4885 2768 4941 Per
2799 4903 2923 4957 qua
2951 4888 3208 4943 maxima
3238 4894 3294 4943 et
3325 4892 3578 4961 pretiosa
3607 4891 3775 4945 nobis

2125 4974 2415 5045 promissa
2444 4975 2708 5042 donavit,
2743 4978 2806 5030 ut
2835 4976 3173 5031 efﬁciamini
3222 4978 3427 5033 divinae
3479 4984 3777 5035 consortes

2125 5068 2345 5119 natura;
2374 5064 2437 5114 ⁸⁸.
2473 5084 2502 5114 ››
2534 5064 2834 5119 El’ﬁcimur
2864 5072 3060 5121 autem
3094 5072 3316 5122 natura;
3375 5068 3580 5121 divina:
3639 5084 3771 5122 con-

442 5249 485 5284 "
516 5248 687 5304 Hebr.
719 5264 760 5315 ι,
795 5247 846 5313 1,
876 5248 931 5301 2.
1008 5246 1050 5280 ⁷⁸
1086 5244 1255 5301 Hebr.
1273 5260 1395 5315 xui,
1423 5244 1512 5299 23.
1570 5244 1634 5315 7"“
1656 5242 1808 5315 Psal.
1828 5259 2004 5299 cxnvu

2118 5244 2199 5299 -4,
2276 5244 2321 5279 ⁸ο
2350 5242 2494 5298 Psal.
2519 5244 2703 5314 c1x,5.
2780 5245 2823 5280 ⁸¹
2856 5245 3085 5313 Joel.11,
3108 5248 3197 5303 28.
3274 5246 3318 5280 ⁸³
3343 5246 3495 5301 Psal.
3521 5263 3695 5313 xxxu,
3718 5246 3776 5302 7.

366 5320 419 5356 ⁸³
446 5320 559 5377 Isa.
590 5313 752 5388 xxvi,
779 5320 867 5375 18.
943 5317 989 5354 ⁸⁴
1018 5317 1208 5375 Galat.
1239 5333 1317 5387 ιν,
1347 5313 1407 5384 8,
1434 5316 1489 5371 9.
1565 5314 1610 5351 ⁸⁵
1642 5313 1691 5372 ΙΙ
1722 5314 1871 5373 Patr.
1907 5317 1957 5387 1,
1991 5315 2043 5370 4.

589 5498 771 5573 Palat.
808 5494 935 5553 ἀλλ’
967 5494 1028 5573 οὑ
1060 5514 1259 5573 χαρακ.

444 5565 560 5645 (51-)
588 5572 683 5629 Sic
729 5572 869 5645 Reg.
922 5565 1105 5633 Palat:
1140 5565 1216 5631 ῗαι
1276 5566 1425 5633 F010.
1482 5567 1631 5629 Editi
1688 5583 1847 5637 .vero,
1874 5565 2025 5621 ταῦτ’

373 5639 702 5701 ἐνετείλατο.

2348 5495 2518 5573 Editi.
2552 5494 2619 5552 H.
2645 5497 2852 5573 §tep_h.
2883 5491 2988 5557 ἕως
3020 5494 3330 5573 φωσφᾴρου.

2226 5569 2318 5640 53)
2354 5572 2435 5623 [ta
2470 5585 2611 5623 mss.
2645 5568 2797 5640 Editi
2829 5584 2985 5640 vero,
3015 5572 3093 5638 τῷ
3124 5567 3288 5640 iide
3311 5568 3407 5640 τοῦ
3439 5567 3589 5619 Θεοῦ.

2226 5569 2318 5637 53)
2354 5572 2435 5623 [ta
2470 5585 2611 5623 mss.
2645 5569 2797 5623 Editi
2829 5584 2985 5639 vero,
3015 5572 3093 5638 τῷ
3124 5569 3288 5640 Λόγῳ
3311 5569 3407 5619 τοῦ

2198 5569 2320 5711 ,(56)
2350 5640 2529 5698 Palat.
2563 5637 2829 5711 Γινὸμεθα
2858 5635 2917 5693 δὶ
2946 5637 3202 5697 κοινωνία
3222 5640 3319 5695 τοῦ
3350 5638 3435 5713 ἀγ.
