4092 6218
10 1067 42 1126 ἰ

10 1145 16 1170 ἰ

10 1205 16 1232 Ρ

8 1603 44 1690 ἓ·

8 1707 22 1824 ἑ

8 1847 34 1922 ι

10 5 54 248 ἐξ

10 517 30 910 γ

53 47 70 72 _I

51 73 74 82 ..ι

61 179 66 186 .

67 355 76 366 Ι

51 447 68 464 ἰ

53 677 62 690 ι

383 311 537 372 1127
1543 303 1606 362 S.
1656 297 2176 362 A'I‘HANASIUS.
2207 331 2284 341 -——
2317 299 2622 360 SPURIA.

3641 303 3820 364 H28

381 449 572 500 sortes
615 459 686 498 ex
733 439 1175 514 participatione
1241 437 1494 510 Spiritus
1559 435 1766 492 sancti.
1838 435 2007 488 Anam

2146 431 2234 484 καὶ
2289 431 2352 484 τὸ
2411 434 2626 502 Πνεῦμα
2675 429 2820 490 Θείας
2884 428 2995 483 ἐστὶ
3055 428 3296 507 φύσεωςς
3330 432 3475 501 Ὀρο.
3529 432 3590 487 Ei
3634 435 3817 506 ἡμεῖς

385 533 532 606 Ergo
589 537 647 588 et
675 531 923 603 Spiritus
951 533 1190 584 sanctus
1224 532 1312 583 est
1341 525 1549 581 divinae
1581 523 1843 580 naturae?
1875 522 2028 578 Orth.

381 623 442 680 Si
471 639 541 677 ex
570 619 1013 693 participatione
1071 617 1255 673 sancti
1317 616 1568 687 Spiritus
1625 613 1834 670 divinas
1892 627 2029 667 con-

380 716 567 767 sortes
621 713 842 764 natura
902 724 1134 770 sumus,
1169 721 1361 760 nonne
1395 703 1578 758 multo
1609 702 1793 774 magis
1822 704 1911 756 est
1941 699 2026 754 di-

377 800 524 857 vinas
557 803 778 854 natura
809 796 1057 868 Spiritus
1090 795 1207 862 ille,
1243 793 1339 866 qui
1375 810 1482 848 nos
1529 792 1842 863 participes
1899 789 2026 844 effi-

378 889 500 945 cit?
555 893 748 943 Anam.
808 888 956 957 Ergo
1008 890 1062 940 et
1108 884 1383 955 Spiritum
1419 886 1685 936 sanctum
1721 880 1868 935 dicis
1898 895 2027 933 esse

375 977 580 1034 divina!
613 981 832 1032 naturas
853 974 880 1028 ‘1
914 973 1071 1029 Orth.
1103 973 1224 1027 Non
1260 970 1606 1042 simpliciter
1635 970 1840 1023 divinae
1896 983 2026 1023 esse

373 1071 616 1132 naturae,
649 1065 749 1120 sed
810 1063 1096 1118 essentia.
1131 1061 1283 1116 Dixit
1308 1059 1463 1114 enim
1497 1059 1619 1130 ipse
1651 1062 1822 1112 Pater
1852 1073 1864 1110 :
1903 1079 1930 1106 ‹‹
1961 1061 2021 1110 In

373 1154 711 1212 novissimis
744 1152 951 1206 diebus
981 1151 1276 1206 effundam
1309 1150 1379 1203 de
1408 1149 1626 1219 Spiritu
1662 1163 1786 1202 meo
1847 1162 2024 1218 super

372 1260 608 1302 omnem
651 1257 887 1298 carnem
917 1242 980 1294 ⁸⁵.
1018 1262 1045 1288 ››
1076 1241 1220 1294 Item
1257 1237 1433 1293 Filius
1466 1255 1478 1292 :
1515 1261 1540 1285 «
1574 1237 1697 1291 Non
1733 1235 1889 1290 enim
1921 1252 2022 1291 vos

366 1334 532 1399 estis,
563 1332 662 1403 qui
695 1329 1023 1402 loquimini,
1057 1330 1155 1383 sed
1191 1327 1444 1398 Spiritus
1479 1326 1661 1381 Patris
1725 1325 1858 1390 mei,
1919 1324 2019 1394 qui

363 1421 624 1494 loquitur
677 1419 738 1474 in
799 1419 965 1474 vobis
1027 1418 1091 1473 ⁸⁷.
1121 1441 1146 1465 η
1180 1416 1288 1471 Job
1319 1431 1553 1486 quoque
1579 1413 1840 1467 divinum
1876 1412 2022 1467 dixit

363 1510 666 1584 Spiritum,
703 1523 836 1563 cum
871 1507 954 1561 sic
995 1505 1336 1576 loqueretur
1369 1523 1380 1559 :
1418 1525 1444 1552 ‹‹
1501 1501 1655 1556 Vivit
1711 1501 2014 1570 Dominus,

365 1599 468 1672 qui
499 1598 578 1653 ita
611 1597 678 1650 de
711 1612 803 1650 me
827 1594 1135 1666 judicavit,
1168 1598 1225 1649 et
1253 1593 1645 1663 omnipotens,
1702 1590 1854 1646 412
1913 1589 2014 1660 qui

365 1686 758 1744 amaritudine
814 1683 1005 1739 aﬂ'ecit
1045 1683 1305 1738 animam
1335 1697 1548 1736 meam.
1579 1679 1877 1752 Siquidem
1910 1680 2014 1734 do-

2141 522 2210 592 τῇ
2250 518 2509 589 κοινωνίᾳ
2552 523 2648 572 τοῦ
2699 517 2856 593 ἁγίου
2904 517 3220 591 Πνεῦματος
3281 518 3424 584 θείας
3479 521 3634 594 ἐσμὲν
3698 522 3813 600 φύ-

2142 628 2300 675 σεως,
2333 607 2460 683 οὐχὶ
2482 608 2544 662 τὸ
2580 611 2797 679 Πνεῦμα
2825 609 2887 662 τὸ
2917 609 3298 683 παρεχόμενον
3346 612 3481 682 ἡμῖν
3531 613 3630 680 τὴν
3678 633 3810 666 κοι-

2137 697 2370 764 νωνίαν;
2407 696 2598 768 Ἀνόμ.
2637 697 2733 750 Καὶ
2762 698 2824 750 τὸ
2861 701 3076 770 Πνεῦμα
3109 696 3198 752 οῦν
3246 697 3424 773 λὲγεις
3477 700 3618 761 θείας
3662 699 3810 754 εἶναι

2138 785 2347 862 φύσεως
2375 805 2388 855 ;
2421 791 2571 861 Ὀρθ.
2607 784 2729 861 Οὐχ
2761 785 2954 848 ἁπλῶς
3007 787 3150 850 θείας
3202 788 3335 841 εἶναι
3384 788 3618 860 φύσεως,
3649 789 3811 844 ἀλλᾶ

2135 881 2234 943 τῆς
2291 874 2474 936 οὐσίας
2524 877 2657 947 (55).
2705 873 2876 936 Αὐτὸς
2933 877 3036 948 γὰρ
3079 875 3222 930 εἶπεν
3283 876 3311 929 6
3370 878 3580 950 Πατήρ·
3624 901 3653 928 ι(
3709 880 3808 932 Ἐν

2134 970 2250 1025 ταῖς
2315 963 2569 1039 ἐσχάταις
2629 962 2861 1038 ἡμέραις
2924 963 3102 1038 ἐκχεῶ
3160 965 3264 1018 ἀπὸ
3322 969 3418 1019 τοῦ
3479 966 3804 1040 Πνεύματός

2137 1074 2242 1126 μου
2300 1052 2387 1107 ἰπὶ
2449 1059 2622 1106 πᾶσαν
2674 1065 2862 1125 σαρκα·
2899 1075 2928 1103 ››
2960 1054 2987 1106 ὁ
3035 1050 3092 1106 δὲ
3151 1055 3292 1115 Υἱός·
3327 1079 3356 1104 «
3389 1054 3461 1109 Οὐ
3517 1057 3616 1130 γάρ
3678 1057 3809 1111 ἐστε

2134 1142 2288 1214 ὑμεῖς
2322 1142 2373 1195 οἱ
2407 1140 2727 1212 λαλοῦντες,
2762 1138 2910 1195 ἀλλὰ
2938 1142 3000 1196 τὸ
3033 1144 3256 1215 Πνεῦμα
3283 1148 3379 1198 τοῦ
3434 1145 3648 1217 Πατρός
3686 1167 3806 1218 μου

2128 1231 2190 1284 τὸ
2222 1229 2426 1284 λαλοῦν
2460 1229 2512 1284 ἐν
2549 1230 2697 1303 ὑμῖν.
2725 1253 2752 1281 ω)
2780 1229 2879 1283 Καὶ
2911 1231 2939 1284 6
2968 1226 3095 1286 Ἰὼϐ
3128 1233 3270 1286 Θεῖον
3305 1232 3421 1287 εἶπε
3451 1233 3513 1288 τὸ
3541 1235 3802 1307 Πνεῦμα,

2130 1319 2274 1373 οὕτω
2309 1318 2501 1392 λέγων·
2539 1343 2567 1370 ‹‹
2604 1323 2678 1392 Ζῇ
2732 1319 2957 1393 Κύριος,
2992 1320 3053 1382 ὃς
3106 1320 3250 1375 οὕτω
3309 1343 3374 1394 με
3428 1324 3664 1397 κέκρικε,
3698 1323 3803 1378 καὶ

2129 1409 2157 1461 6
2191 1408 2584 1482 Παντοκράτωρ
2634 1409 2662 1461 6
2719 1409 2986 1483 πικράνας
3041 1429 3144 1481 μου
3188 1411 3288 1478 τήν
3337 1413 3527 1486 ψυχήν
3562 1432 3574 1444 ·
3603 1411 3639 1479 ἦ
3680 1413 3801 1485 μὴν

2128 1493 2204 1551 ἔτι
2235 1503 2335 1564 τῆς
2379 1503 2556 1566 πνοῆς
2611 1517 2703 1568 μοι
2756 1496 2982 1568 ἐνούσης
3014 1501 3148 1571 (56),
3181 1503 3393 1572 πνεῦμα
3434 1496 3490 1554 δὲ
3534 1502 3679 1554 Θεῖον
3727 1502 3804 1556 τὸ

2126 1581 2310 1660 περιόν
2350 1605 2440 1657 μοι
2474 1583 2525 1638 ἐν
2561 1583 2691 1659 ῥισὶ,
2730 1586 2804 1656 μὴ
2839 1583 3070 1656 λαλήσει
3098 1587 3162 1641 τὸ
3202 1587 3378 1660 στόμα
3411 1609 3515 1660 μου
3550 1586 3730 1643 ἄδικα.
3759 1615 3794 1642 ››

2122 1675 2304 1747 Ὁρᾷς,
2338 1678 2454 1735 πῶς
2501 1680 2602 1742 τῆς
2661 1672 2813 1748 ἁγίας
2873 1672 3102 1750 Τριάδος
3151 1676 3446 1748 μέμνηται·
3479 1701 3508 1729 ‹‹
3539 1681 3615 1751 Ζῇ
3677 1677 3794 1732 Κύ-

366 1793 471 1832 nec
501 1781 591 1831 est
620 1774 809 1830 adhuc
840 1772 1056 1828 halitus
1089 1772 1145 1826 in
1191 1787 1301 1840 me,
1362 1776 1418 1824 et
1469 1769 1720 1841 Spiritus
1779 1769 2009 1822 divinus

2127 1781 2264 1864 ριος,
2298 1783 2324 1816 ι
2361 1759 2534 1836 λέγων
2582 1763 2672 1817 τὸν
2707 1761 2852 1818 Υἳόν·
2887 1764 2997 1832 καὶ,
3033 1789 3052 1815 ι
3087 1766 3148 1821 Ὀ
3197 1767 3593 1843 Παντοκράτωρ
3626 1769 3656 1821 ὁ
3689 1789 3797 1822 πι-

361 1869 631 1938 superest
682 1862 826 1917 mihi
859 1862 916 1916 in
951 1861 1227 1926 naribus;
1263 1875 1326 1914 os
1359 1875 1558 1913 meum
1595 1874 1708 1913 non
1739 1857 2018 1928 loquetur

363 1955 584 2026 injusta
611 1953 676 2006 ⁸⁸.
709 1975 736 2001 ››
771 1949 974 2005 Viden'
1005 1949 1298 2020 quomodo
1323 1946 1631 2002 Trinitatis
1665 1945 2019 2026 meminerit;

361 2045 433 2100 de
464 2041 606 2099 Filio
638 2041 915 2096 dicens:«
937 2039 1084 2094 Vivit
1116 2036 1414 2102 Dominus;
1445 2059 1472 2086 ››
1508 2036 1577 2091 de
1609 2039 1776 2090 Patre
1799 2052 1810 2090 :
1831 2035 2016 2089 «0m-

364 2132 655 2205 nipotens,
689 2129 786 2200 qui
815 2125 1206 2184 amaritudine
1238 2125 1428 2180 atl'ecit
1458 2125 1715 2180 animam
1750 2140 2014 2178 meam:»

365 2222 436 2277 de
468 2219 688 2291 Spiritu
724 2223 930 2272 sancto
963 2231 976 2270 :
1012 2239 1037 2263 ‹‹
1073 2214 1307 2269 divinus
1340 2213 1718 2284 Spiritus,qui
1751 2216 2019 2283 superest

369 2309 512 2365 mihi
544 2309 603 2363 in
635 2305 922 2362 naribus?
953 2327 980 2354 n
1014 2304 1159 2359 Nam
1191 2302 1440 2374 Spiritus
1479 2307 1567 2357 est
1622 2301 1818 2355 suavis
1875 2301 2018 2354 odor

363 2397 576 2454 Christi
611 2401 705 2452 :et
735 2393 1233 2467 quemadmodum
1264 2409 1328 2446 ex
1359 2391 1532 2445 odore
1564 2391 1724 2445 suavi
1760 2405 2016 2460 unguen-

363 2492 489 2544 tum
521 2503 622 2558 per
653 2501 821 2540 nares
852 2482 1170 2554 percipitur
1202 2489 1214 2534 ξ
1252 2480 1332 2535 ita
1360 2483 1416 2534 et
1445 2479 1712 2534 Christus
1761 2494 1828 2532 ex
1883 2477 2013 2548 Spi-

361 2577 498 2632 ritu.
549 2598 576 2626 α
609 2574 791 2630 Nemo
823 2571 977 2628 enim
1010 2575 1198 2642 potest
1229 2568 1420 2648 dicere
1451 2568 1749 2623 Christum
1782 2567 2012 2636 Jesum,

357 2664 469 2721 nisi
501 2664 557 2719 in
591 2661 805 2734 Spiritu
834 2664 1034 2716 sancto
1065 2660 1129 2713 δῖ’.
1165 2679 1193 2708 ιι
1233 2659 1296 2712 Et
1345 2656 1591 2728 apostoli
1653 2657 1890 2710 fuerunt
1946 2673 2012 2710 ac

357 2757 498 2808 sunt
560 2751 747 2806 bonus
787 2746 997 2802 Christi
1031 2747 1193 2813 odor,
1230 2745 1508 2816 quoniam
1541 2743 1791 2816 Spiritus
1823 2743 2012 2799 ancti

353 2839 578 2913 templa
608 2841 766 2894 sunt.
805 2835 950 2889 Dicit
979 2835 1134 2889 enim
1189 2832 1403 2888 Paulus
1447 2850 1458 2888 :
1513 2855 1542 2881 ‹‹
1604 2839 1688 2886 An
1753 2831 2009 2903 nescitis,

2130 1850 2327 1923 κράνας
2391 1872 2494 1923 μου
2532 1851 2630 1919 τήν
2677 1853 2884 1926 ψυχήν,
2915 1875 2943 1902 n
2986 1853 3076 1907 τὸν
3135 1852 3361 1926 Πατέρα·
3397 1879 3424 1905 ι(
3461 1857 3679 1928 Πνεῦμα
3728 1853 3800 1911 δὲ

2133 1945 2276 2002 θεῖον
2322 1940 2384 1993 τὸ
2435 1939 2618 2015 περιόν
2669 1961 2760 2011 μοι
2812 1939 2863 1994 ἐν
2899 1940 3028 2015 ῥισὶ,
3057 1964 3085 1992 ››
3118 1943 3181 1996 τὸ
3217 1947 3434 2015 Πνεῦμα
3488 1944 3552 1998 τὸ
3601 1945 3788 2014 ἅγιον.

2132 2026 2364 2103 Χριστοῦ
2419 2027 2520 2103 γάρ
2575 2028 2714 2083 ἑστιν
2777 2026 2972 2083 εὐωδία
3026 2030 3087 2084 τὸ
3147 2035 3400 2102 Πνεῦμα·
3448 2033 3538 2086 καὶ
3600 2032 3794 2107 ὥσπερ

2127 2115 2185 2171 ἐκ
2211 2124 2310 2186 τῆς
2345 2114 2570 2179 εὐωδίας
2605 2115 2691 2171 διὰ
2728 2123 2836 2172 τῶν
2892 2117 3053 2193 ῥινῶν
3100 2121 3160 2173 τὸ
3213 2119 3382 2192 μύρον
3430 2122 3782 2196 γινώσκεται,

2128 2206 2300 2268 οὕτως
2357 2207 2444 2260 καὶ
2502 2207 2558 2260 ἐκ
2605 2211 2700 2261 τοῦ
2733 2206 3041 2278 Πνεῦματος
3073 2209 3324 2283 Χριστός.
3365 2235 3385 2260 ι
3422 2207 3615 2271 Οὐδεὶς
3677 2211 3784 2286 γὰρ

2127 2292 2340 2350 δύναται
2401 2295 2568 2350 εἰπεῖν
2627 2295 2821 2367 Κύριον
2877 2297 3086 2366 Ἰησοῦν
3143 2298 3188 2352 εἰ
3252 2300 3326 2370 μὴ
3389 2298 3438 2352 ἐν
3501 2298 3776 2371 Πνεύματι

2127 2385 2284 2460 ἁγίῳ.
2321 2409 2347 2436 ››
2385 2385 2479 2439 Καὶ
2539 2386 2592 2438 οἱ
2641 2383 2941 2439 ἀπόστολοι
2983 2388 3216 2457 Χριστοῦ
3249 2385 3446 2442 εὐωδία
3494 2389 3655 2456 ἦσαν,
3685 2390 3782 2443 καὶ

2126 2472 2288 2528 εἰσίν·
2349 2471 2536 2541 ἐπειδὴ
2595 2474 2684 2528 καί
2743 2474 2858 2527 ναοὶ
2918 2479 3014 2528 τοῦ
3074 2475 3389 2549 Πνεύματός
3438 2477 3560 2533 εἱσι.
3623 2479 3786 2553 Λὲγει

2122 2561 2220 2636 γὰρ
2281 2560 2517 2622 Παῦλος·
2571 2586 2599 2613 ‹‹
2654 2561 2764 2616 Οὐκ
2820 2559 3025 2630 οἷ’δατε,
3085 2563 3166 2618 ὅτι
3215 2565 3282 2618 τὰ
3337 2567 3564 2637 σώματα
3617 2565 3777 2638 ὒμῶν

2122 2651 2247 2712 ναὸς
2275 2656 2370 2704 τοῦ
2419 2650 2469 2704 ἐν
2516 2651 2642 2722 ὑμῖν
2705 2651 2858 2726 ἁγίου
2909 2651 3220 2725 ΙΙνεύματός
3282 2653 3446 2722 ἐστιν,
3497 2655 3559 2708 οὗ
3619 2651 3782 2730 ἔχετε

2122 2739 2226 2793 ἀπὸ
2283 2745 2440 2807 Θεοῦ,
2488 2740 2577 2794 καὶ
2638 2738 2735 2794 οὐκ
2792 2740 2908 2795 ἐστι
2958 2742 3180 2799 ἑαυτῶν.
3246 2744 3509 2813 Δοξάσατε
3558 2741 3626 2812 δὴ
3680 2745 3773 2798 τὸν

2121 2828 2249 2882 Θεὸν
2282 2827 2332 2882 ἐν
2360 2833 2440 2900 τῷ
2470 2830 2682 2902 σώματι
2717 2828 2893 2902 ὑμῶν,
2929 2854 2956 2880 ››

355 2931 493 3002 quia
523 2943 764 3000 corpora
790 2928 980 2980 vestra
1009 2922 1291 2995 templum
1327 2925 1464 2976 sunt
1495 2921 1748 2993 Spiritus
1778 2921 1984 2989 sancti,
2018 2919 2120 2992 qui
2155 2919 2212 2973 in
2243 2920 2407 2974 vobis
2438 2924 2547 2987 est,
2582 2935 2755 2990 quem
2785 2920 3016 2976 habetis
3061 2938 3094 2976 a
3143 2922 3256 2978 Deo
3284 2940 3296 2990 ;
3337 2923 3414 2992 fet
3464 2938 3579 2978 non
3629 2925 3774 2980 estis

354 3018 574 3075 vestri?
605 3018 786 3072 Deum
820 3014 1003 3086 igitur
1033 3013 1089 3068 in
1121 3027 1358 3084 corpore
1387 3017 1576 3067 vestro
1609 3010 1928 3083 gloriﬁcate
1957 3011 2018 3064 9°.
2055 3031 2083 3058 ››

421 3110 477 3163 8.
507 3109 811 3161 Anomazus.
836 3105 888 3158 Si
923 3103 1094 3158 aliter
1123 3107 1279 3158 creat
1310 3102 1484 3172 Deus,
1516 3105 1573 3156 et
1602 3102 1768 3156 aliter
1795 3099 2000 3172 gignit,
2035 3115 2077 3182 α

352 3195 710 3267 compositus
740 3192 874 3248 est?
909 3191 1059 3246 Orth.
1094 3191 1462 3262 Compositus
1509 3207 1623 3245 non
1683 3194 1772 3245 est
1830 3189 2007 3261 (absit

353 3285 509 3340 enim
557 3288 622 3337 ut
651 3284 756 3338 hoc
790 3280 1023 3352 dicam),
1058 3281 1158 3335 sed
1192 3280 1493 3352 hypostasi
1525 3280 1757 3348 quidem
1789 3279 2002 3351 gignit,

353 3373 625 3430 mandato
657 3387 787 3426 vero
813 3375 988 3424 creat.
1017 3369 1141 3434 Qud
1193 3369 1240 3423 si
1301 3369 1381 3423 ita
1438 3367 1648 3440 gignit,
1709 3373 1773 3422 ut
1824 3371 2003 3436 creat,

352 3461 510 3534 quod
567 3461 640 3514 ab
699 3475 766 3514 eo
825 3462 1080 3513 creatum
1140 3461 1246 3523 est,
1309 3456 1381 3511 ab
1440 3456 1567 3528 ipso
1599 3461 1686 3511 est
1716 3456 1998 3528 genitum.

267 3605 270 3609 .
355 3553 546 3607 Anam.
577 3550 727 3606 Sane
757 3546 1015 3620 quidem.
1051 3545 1201 3600 Orth.
1235 3546 1446 3601 Canem
1482 3550 1676 3600 autem
1736 3545 1952 3600 creavit
1985 3561 1998 3599 :

353 3640 502 3696 aude
565 3638 740 3709 igitur
791 3637 1003 3700 dicere,
1064 3650 1264 3689 canem
1323 3638 1425 3687 aut
1483 3633 1638 3688 aliud
1701 3633 1997 3704 quidpiam

351 3733 634 3793 creatum,
663 3743 790 3782 esse
821 3724 1082 3796 genitum
1123 3739 1190 3778 ex
1221 3723 1566 3778 utero.Nam
1600 3722 1728 3777 dico
1763 3721 1999 3793 quidem

350 3835 476 3892 ego,
504 3817 654 3889 quod
686 3817 840 3871 Deus
873 3829 1074 3869 canem
1109 3817 1162 3867 et
1195 3813 1367 3866 bruta
1413 3812 1632 3880 omnia,
1693 3827 1827 3866 cum
1887 3827 1998 3865 cae-

345 3907 487 3964 teris
544 3905 818 3962 omnibus
878 3903 1052 3958 rebus
1110 3900 1433 3956 creaverit:
1469 3900 1562 3954 dic
1621 3903 1676 3954 et
1724 3904 1808 3967 tu,
1842 3899 1999 3969 quod

343 3997 521 4053 etiam
556 4012 624 4051 ex
657 4000 820 4050 utero
851 4010 919 4048 ea
971 3990 1257 4064 genuerit,
1327 3989 1374 4044 si
1435 3988 1669 4060 quidem
1730 3988 2001 4044 similiter

350 4089 507 4142 creat
563 4089 620 4140 ct
667 4083 874 4155 gignit.
921 4083 1113 4136 Anam.
1144 4079 1324 4134 Aliter
1353 4079 1532 4151 igitur
1561 4083 1716 4133 creat
1747 4083 1802 4133 et
1833 4076 1999 4132 aliter

351 4173 584 4246 gignit?
617 4171 779 4228 Orth.
813 4175 986 4225 Sane.
1027 4173 1218 4224 Anam.
1251 4172 1451 4222 Nonne
1483 4172 1570 4222 est
1625 4166 1997 4238 compositio-

350 4263 440 4318 nis
470 4261 720 4333 expers?
783 4259 932 4314 ΟνιΙι.
995 4257 1235 4311 Minime
1291 4255 1409 4310 dixi
1460 4273 1569 4310 non
1605 4272 1734 4311 esse
1763 4271 1993 4327 compo-

346 4349 578 4408 sitionis
608 4353 922 4418 expertem,
957 4346 1072 4400 imo
1104 4344 1279 4400 etiam
1312 4349 1398 4399 est
1444 4344 1659 4413 aliquid
1719 4343 1994 4416 amplius,

346 4455 524 4513 quam
582 4433 1025 4508 compositionis
1083 4449 1308 4505 expers,
1367 4433 1487 4488 sed-
1529 4431 1694 4487 aliter
1722 4433 1910 4504 gignit
1938 4436 1997 4487 et

547 4491 734 4582 creat:
760 4527 951 4580 Anam.
985 4491 1372 4587 Quoniodo'id
1403 4520 1523 4578 ﬁeri
1559 4491 1817 4594 potest?”
1839 4521 1992 4577 Orth.
2027 4491 2074 4554 Β

348 4618 504 4674 Mens
535 4615 703 4670 nobis
735 4613 934 4678 insita,
968 4629 1092 4684 quae
1123 4611 1192 4666 ad
1225 4610 1538 4682 imaginem
1574 4610 1671 4664 Dei
1706 4610 1855 4664 facta
1886 4615 1994 4677 est,

348 4721 538 4762 nonne
563 4709 653 4760 est
685 4700 1124 4772 compositionis
1157 4699 1412 4771 expers?
1461 4704 1517 4754 et
1573 4704 1768 4753 tamen
1829 4699 1998 4755 aliter

347 4793 534 4867 gignit
590 4808 942 4856 sermonem,
1003 4789 1172 4844 aliter
1224 4793 1418 4844 autem
1451 4789 1668 4858 condit,
1700 4805 1825 4859 quze
1858 4805 1993 4843 con-

347 4885 453 4939 dit.
486 4884 674 4938 Anam.
707 4882 812 4947 Qui
847 4880 1011 4934 aliter
1042 4878 1229 4950 gignit
1259 4883 1313 4932 et
1345 4877 1511 4933 aliter
1541 4876 1784 4932 condit?
1841 4881 1994 4931 certe

345 4973 560 5044 quibus
619 4971 818 5027 condit
876 4987 1061 5036 mens,
1123 4968 1297 5022 etiam
1330 4968 1535 5038 gignit.
1574 4967 1722 5022 Orth.
1759 4966 1994 5021 Falsum

343 5078 550 5117 narras
585 5077 596 5116 :
630 5059 818 5132 gignit
855 5058 1009 5112 enim
1044 5074 1110 5111 ex
1141 5074 1202 5111 se
1234 5072 1584 5124 sermonem,
1639 5057 1836 5110 condit
1894 5073 1994 5110 au-

342 5155 459 5207 tem
514 5167 581 5206 ex
641 5149 886 5206 materia
943 5147 1209 5212 domum,
1269 5144 1486 5211 navim,
1541 5149 1597 5199 et
1635 5160 1995 5216 quaecunque

409 5323 453 5360 ³⁵
481 5321 627 5380 Joel.
661 5337 724 5390 ιι,
754 5320 844 5376 28.

412 5491 774 5565 (55)_Regius
805 5493 862 5547 et
901 5487 1078 5546 Palat.
1111 5481 1258 5540 ἀλλὰ
1307 5489 1406 5553 τῆς
1457 5480 1591 5544 θ’ίας.
1649 5483 1796 5541 Fele.
1845 5482 1991 5540 ἀλλὰ

341 5563 697 5712 τηῖὃὲῗὶῗέε.
730 5637 789 5690 et
816 5630 995 5688 Palat.
1026 5629 1124 5698 τῆς
1153 5632 1326 5698 πνοῆς
1361 5646 1465 5700 μου
1517 5625 1569 5683 ἐν
1635 5625 1743 5705 ῥινὶ
1800 5623 1988 5702 οὔσης,

923 5319 966 5352 ³⁷
998 5315 1204 5373 Matth.
1238 5331 1352 5383 xvx,
1383 5317 1474 5370 20.
1550 5316 1594 5349 ⁸⁸
1615 5315 1727 5370 Job
1757 5332 1931 5384 xxvn,
1960 5316 2071 5371 2-4.

2185 3099 2238 3152 8.
2273 3092 2583 3169 Ἀνόμοιος.
2619 3097 2682 3153 Εἰ
2743 3096 2928 3161 ἄλλως
2986 3099 3156 3168 κτίζει
3189 3099 3217 3152 6
3249 3101 3402 3168 Θεὸς,
3429 3100 3520 3154 καὶ
3578 3100 3768 3164 ἄλλως

2114 3190 2292 3260 γεννᾷ,
2327 3185 2577 3248 σύνθετός
2611 3184 2791 3253 ἐστινς
2825 3188 2966 3262 Ὀρθ.
3005 3187 3264 3251 Σύνθετος
3318 3191 3412 3261 μὶν
3477 3188 3576 3244 οὐκ
3633 3186 3767 3245 ἔστι·

2117 3276 2192 3346 μή
2254 3274 2353 3349 γὰρ
2415 3275 2625 3349 γένοιτό
2680 3296 2770 3347 μοι
2822 3275 3017 3330 είπεῖνί
3054 3276 3340 3332 ῦποστάσει
3373 3275 3430 3332 δὲ
3459 3284 3641 3354 γεννᾷ,
3674 3279 3766 3335 καὶ

2114 3361 2307 3436 ἐντολῇ
2364 3363 2552 3432 κτίζει.
2587 3363 2652 3418 Εἴ
2711 3361 2766 3418 δὲ
2826 3365 2900 3426 ὡς
2955 3363 3144 3434 κτίζει,
3209 3365 3380 3428 οὕτως
3431 3366 3520 3421 καὶ
3580 3374 3766 3443 γεννᾷ,

2109 3452 2170 3505 τὸ
2225 3450 2427 3524 κτίσμα
2483 3451 2646 3507 αὐτοῦ
2696 3452 2937 3527 γέννημα
2985 3453 3149 3508 αὐτοῦ
3207 3453 3370 3512 ἐστιν.
3403 3455 3595 3528 Ἀνόμ..
3659 3459 3765 3514 Καὶ

2110 3541 2265 3594 πάνυ.
2319 3542 2460 3616 Ὀρθ.
2497 3545 2712 3597 "Extis:
2769 3539 2825 3596 δὶ
2882 3544 2972 3596 τὸν
3028 3543 3179 3597 κύνα·
3241 3543 3522 3616 τόλμησον
3586 3545 3760 3600 εἰπεῖν

2108 3629 2198 3682 τὸν
2259 3628 2391 3682 κύνα
2450 3628 2508 3684 ἐκ
2562 3631 2789 3705 γαστρὸς
2847 3639 3215 3706 γεγεννῆσθαι,
3246 3635 3336 3687 καὶ
3395 3631 3534 3688 ἄλλο
3565 3640 3760 3688 τιτῶν

2110 3720 2437 3790 κτισμάτων.
2471 3720 2614 3793 Ἐγὼ
2669 3720 2767 3793 γὰρ
2830 3718 3000 3794 λέγω,
3049 3721 3130 3776 ὅτι
3181 3721 3268 3776 καὶ
3328 3723 3419 3776 τὸν
3473 3722 3612 3777 κύνα
3668 3725 3763 3778 καὶ

2108 3806 2278 3885 πάντα
2335 3808 2400 3861 τὰ
2460 3806 2630 3882 ἄλογα
2682 3809 2814 3880 μετά
2860 3809 2948 3863 καὶ
2983 3809 3158 3880 πάσης
3189 3817 3288 3879 τῆς
3318 3808 3499 3880 ἄλλης
3527 3812 3760 3875 κτίσεως

2108 3893 2309 3950 ἔκτισεν
2344 3897 2371 3950 ὁ
2403 3895 2548 3958 Θεός·
2587 3897 2717 3951 Εἰπὲ
2764 3898 2851 3952 καὶ
2903 3897 3082 3969 αὐτὸς,
3120 3898 3201 3953 ὅτι
3260 3901 3351 3954 καὶ
3412 3899 3471 3954 ἐκ
3525 3903 3762 3975 γαστρὸς

2107 3983 2238 4038 αὐτᾶ
2295 3985 2593 4060 ἐγέννησεν,
2655 3985 2804 4062 εἷ’περ
2885 3987 3143 4050 ὡσαύτως
3199 3989 3364 4057 κτίζει
3424 3990 3512 4043 καὶ
3572 3996 3757 4064 γεννᾷ.

2107 4069 2297 4145 Ἀνόμ.
2332 4072 2556 4136 Ἀλλως
2614 4074 2702 4129 οῦν
2762 4075 2952 4147 κτίζει,
2983 4078 3073 4131 καὶ
3132 4076 3320 4139 ἄλλως
3369 4083 3571 4152 γεννᾷς
3609 4080 3760 4149 Ὀρθ.

2105 4162 2204 4216 Καὶ
2255 4165 2413 4219 πάνυ.
2463 4161 2660 4237 Ἀνὸμ.
2715 4163 2829 4222 Οὐκ
2880 4162 3021 4220 ἔστιν
3073 4166 3392 4236 ἀσύνθετος;
3440 4168 3588 4241 Ὀρθ.
3645 4168 3764 4225 Οὐκ

2107 4250 2279 4324 εἶπον,
2309 4251 2408 4306 οὐκ
2467 4247 2606 4306 ἔστιν
2668 4253 2952 4316 ἀσύνθετος
2984 4256 3122 4328 (57),
3157 4253 3303 4310 ἀλλὰ
3355 4255 3443 4310 καὶ
3505 4255 3642 4332 ῦπὶρ
3695 4259 3760 4312 τὸ

2107 4336 2387 4394 ἀσυνθετόν
2449 4339 2609 4395 ἐστιν·
2647 4339 2832 4403 ἄλλως
2890 4339 2946 4396 δὲ
3003 4348 3160 4416 γεννᾷ
3191 4344 3280 4397 καὶ
3328 4343 3514 4405 ἄλλως
3561 4343 3758 4414 κτίζει,

2107 4427 2294 4501 Ἀνόμ.
2355 4432 2476 4490 Πῶς
2533 4425 2646 4484 οἷόν
2698 4450 2792 4499 τε;
2852 4432 3096 4507 ὈρΘ.Ὃ
3153 4436 3278 4494 νοῦς
3332 4434 3360 4486 6
3534 4435 3697 4506 ἡμῖν,
3731 4436 3760 4488 ὁ

2104 4519 2220 4571 κατ’
2266 4513 2444 4572 εῗκόνα
2471 4523 2568 4573 τοῦ
2599 4523 2732 4574 Θεοῦ
2778 4522 3036 4595 γεγονὼς,
3070 4520 3169 4575 οὐκ
3217 4517 3357 4576 ἔστιν
3419 4521 3754 4592 ἀσύνθετος;

2103 4606 2192 4661 καὶ
2241 4605 2428 4661 ἄλλως
2485 4612 2641 4681 γεννᾷ
2682 4604 2871 4683 λόγον,
2903 4609 2994 4664 καὶ
3051 4607 3238 4671 ἄλλως
3270 4610 3460 4681 κτίζει,
3495 4609 3528 4663 ἃ
3558 4609 3755 4680 κτίζει.

2103 4692 2290 4767 Ἃνόμ.
2338 4700 2458 4757 Πῶς
2492 4694 2676 4758 ἄλλως
2710 4703 2863 4772 γεννᾷ
2909 4698 2997 4752 καὶ
3041 4696 3230 4760 ἄλλως
3261 4698 3429 4767 κτίζει
3459 4720 3472 4769 ;
3506 4699 3758 4775 καίτοιγε

2104 4787 2284 4845 ὁνοῦς
2344 4787 2427 4846 οἷς
2485 4785 2676 4857 κτίζει,
2707 4787 2795 4840 καὶ
2850 4793 3026 4862 γεννᾷ.
3087 4788 3235 4863 Ὀρθ.
3291 4787 3532 4850 Ψεῦδος·
3594 4795 3762 4863 γεννᾷ

2101 4876 2200 4950 γὰρ
2229 4875 2277 4944 ἐξ
2310 4876 2472 4930 αὐτοῦ
2505 4872 2695 4950 Λόγον,
2728 4877 2895 4946 κτίζει
2931 4875 2987 4932 δὲ
3015 4877 3066 4948 ἐξ
3114 4877 3254 4948 ὕλης
3305 4879 3499 4951 οἰκίαν,
3532 4879 3756 4951 πλοῖον,

2100 4963 2189 5017 καί
2249 4962 2345 5017 ὅσα
2399 4969 2641 5022 τοιαῦτα.
2677 4962 2865 5038 Ἀνόμ.
2900 4966 3106 5023 Οὐκοῦν
3168 4968 3256 5022 καὶ
3317 4970 3446 5031 Θεὸς
3510 4969 3561 5040 ἐξ
3619 4969 3760 5041 ὕλης

2101 5053 2325 5122 κτίζει;
2391 5054 2537 5126 Ὀρθ.
2595 5054 2667 5108 Τὰ
2729 5056 2822 5128 μὲν
2877 5055 2926 5125 ἐξ
2989 5055 3145 5126 ὕλης,
3203 5058 3270 5113 τὰ
3323 5055 3398 5130 δὲ,
3463 5060 3539 5130 μή
3605 5057 3756 5130 ὄντα,

2104 5141 2458 5212 ὑπεστήσατο.
2513 5139 2702 5216 Ἀνόμ.
2756 5143 2913 5213 DJK;
2949 5147 3096 5221 ὈρΘ.
3131 5148 3236 5215 Τὴν
3290 5145 3426 5218 ὕλην
3481 5148 3571 5201 καὶ
3631 5149 3759 5210 τοὺς

2148 5317 2193 5351 ⁸9
2221 5315 2243 5372 I
2273 5315 2399 5370 Cor.
2432 5331 2535 5386 xu,
2566 5316 2619 5371 3.
2697 5317 2742 5351 9°
2773 5316 2795 5372 Ι
2825 5319 2950 5374 Cor.
2984 5335 3061 5389 IV,
3099 5319 3282 5374 19-20.

2101 5485 2231 5542 Mox
2260 5483 2439 5554 idem,
2475 5483 2551 5557 μή
2574 5482 2847 5557 λαλῆσαι.

2170 5557 2285 5631 (57)
2317 5555 2497 5614 Palat.
2532 5555 2632 5612 οὐκ
2659 5555 2832 5632 εἶπον,
2863 5557 2946 5615 ὅτι
2977 5557 3078 5615 οὐκ
3105 5558 3211 5615 ἔτιν
3243 5559 3328 5618 ἀσ.
