4092 6218
322 354 483 421 “29

1302 346 1403 420 DE
1450 358 1746 421 SANCTA
1798 348 2224 421 TRINITATE
2270 346 2661 423 DiALOGUS
2707 356 2755 421 1.

3576 358 3732 429 H30

314 488 580 565 οὐρανοὺς
637 489 726 544 καὶ
785 488 910 552 τοὺς
959 489 1227 566 ἀγγέλους
1259 489 1310 559 ἐξ
1342 487 1553 550 οὐδενὸς
1604 490 1937 559 ὑπεστήσατο

2075 495 2215 545 sunt
2244 491 2555 560 ejusmodi.
2590 493 2783 547 Anam.
2812 496 2963 547 Num
2994 492 3177 563 igitur
3200 492 3374 548 etiam
3406 494 3557 550 Deus
3592 514 3727 553 con-

309 577 473 633 Ἀλλ’
521 580 555 646 ἡ
612 578 898 654 βούλησις,
930 576 1230 653 σύνδρομον
1291 575 1492 653 ἔχουσα
1548 579 1647 647 τὴν
1711 576 1960 651 δύναμιν,

312 668 650 738 ὑπεστήσατο
702 666 799 723 ὅσα
848 665 1106 738 ἠθέλησε’
1154 668 1222 722 τὰ
1264 664 1323 721 δέ
1368 669 1532 739 θνητᾶ
1589 672 1699 737 ζῶα
1748 666 1806 722 ἐκ
1860 674 1961 736 τῆς

310 755 452 826 ὕλης
509 754 783 825 ἐποίησεν.
838 756 1029 829 Ἀνόμ.
1062 761 1231 811 Τοῦτο
1282 753 1537 832 δέχομαι.
1573 758 1721 831 Ὀρθ.
1755 757 1861 813 Τὸν
1905 753 1963 810 δὲ

312 843 438 897 Υίὸν
468 842 575 918 οὐχ
624 841 832 898 ἁπλοῦν
882 844 971 897 καὶ
1016 843 1297 898 ἀσύνθετον
1347 843 1522 919 λέγεις
1550 864 1562 914 ;
1595 844 1785 917 Ἀνόμ.
1840 842 1957 897 Ναί.

312 933 460 1007 Ὀρθ.
513 932 716 987 Οὐκοῦν
765 932 855 986 καὶ
905 937 1000 987 τοῦ
1056 934 1181 988 Υἱοῦ
1228 934 1290 987 τὸ
1338 933 1537 1005 κτίσμα
1583 935 1830 1008 γέννημα
1879 931 1963 987 λέ·

310 1040 462 1095 γεις;
497 1020 684 1094 Ἀνόμ,
720 1019 812 1076 06.
848 1023 997 1097 Ὀρθ.
1036 1022 1094 1079 Ei
1155 1019 1242 1076 διὰ
1291 1026 1452 1077 τοῦτο
1500 1023 1562 1076 τὸ
1618 1022 1820 1095 κτίσμα
1864 1026 1960 1076 τοῦ

315 1111 548 1184 Πατρὸς,
581 1111 829 1185 γέννημα
880 1108 1080 1187 λέγεις,
1114 1108 1300 1180 ἐπειδή
1350 1108 1556 1173 ἁπλοῦς
1598 1110 1730 1183 ἐστι,
1764 1111 1853 1165 καὶ
1899 1111 1960 1165 τὸ

314 1199 565 1274 γέννημα
621 1199 839 1273 κτίσμα·
891 1199 1002 1257 ἔστι
1061 1198 1118 1254 δὲ
1174 1199 1262 1254 καὶ
1323 1201 1351 1253 6
1409 1201 1531 1261 Υἱὸς
1590 1200 1820 1270 ἁπλοῦς,
1870 1200 1959 1254 καὶ

312 1287 481 1343 αὐτοῦ
510 1289 575 1342 τὸ
618 1288 818 1361 κτίσμα
869 1287 977 1343 ἐστὶ
1026 1288 1283 1365 γέννημα·
1330 1288 1417 1343 καὶ
1476 1290 1816 1363 εὑρεθήσεται
1864 1292 1961 1343 τοῦ

318 1378 414 1449 μὲν
471 1377 600 1431 Υἱοῦ
658 1378 838 1454 πατὴρ
887 1378 914 1432 6
956 1378 1163 1453 Πατὴρ,
1194 1380 1292 1447 τῆς
1352 1374 1409 1432 δὲ
1464 1377 1687 1440 κτίσεως
1716 1377 1959 1440 πάππος,

308 1465 507 1539 ’Δνόμ.
569 1465 746 1523 Ἀλλὰ
820 1471 918 1522 τοῦ
988 1468 1082 1540 μὲν
1157 1466 1365 1543 Πατρὸς
1422 1467 1486 1521 τὸ
1547 1466 1792 1542 γέννημά
1848 1466 1957 1521 ἐστι

306 1555 531 1627 κτίσμα,
560 1560 658 1610 τοῦ
715 1553 772 1610 δὲ
831 1557 958 1610 Υἱοῦ
1016 1555 1078 1609 τὸ
1132 1555 1333 1629 κτίσμα
1389 1555 1497 1610 ἐστὶ
1555 1555 1774 1627 κτίσμα.
1810 1556 1952 1632 Ὀρθ.

308 1641 536 1712 Ἐπειδὴ
570 1641 775 1705 ἁπλοῦς
824 1643 965 1698 ἐστιν
1012 1645 1039 1698 6
1088 1645 1236 1713 Θεὸς,
1263 1643 1326 1698 τὸ
1377 1643 1579 1715 κτίσμα
1626 1643 1789 1699 αὐτοῦ
1832 1644 1952 1719 γέν-

301 1750 457 1804 νημα
511 1732 675 1787 αὐτοῦ
730 1731 860 1801 ἐστι,
894 1733 984 1787 καὶ
1047 1734 1108 1787 τὸ
1164 1732 1412 1809 γέννημα
1457 1732 1675 1806 κτίσμα·
1709 1735 1742 1801 ἤ
1796 1738 1947 1804 πῶςς

2074 580 2157 635 dit
2186 597 2254 635 ex
2305 581 2597 636 materia?
2625 581 2775 637 Orth.
2829 582 3101 646 Quaedam
3150 598 3216 636 ex
3267 583 3530 650 materia,
3566 602 3726 656 quae-

2072 669 2205 723 dam
2244 686 2471 736 rursus,
2506 687 2636 725 cum
2673 688 2788 726 non
2839 676 3059 735 essent,
3089 671 3227 725 fecit
3259 675 3323 725 ut
3352 671 3718 728 exsisterent.

2073 760 2261 813 Anam.
2309 760 2606 823 Quomodo
2632 758 2660 813 ?
2692 760 2841 816 Orth.
2878 760 3177 815 Materiem
3227 763 3284 814 et
3315 759 3488 814 ccelos
3520 766 3576 815 et
3618 779 3727 816 an-

2072 846 2229 918 gelos
2262 846 2393 901 fecit
2424 851 2485 901 ut
2518 864 2583 901 ex
2618 847 2799 903 nihilo
2831 848 3491 904 exsisterent.Voluntas
3522 856 3718 906 autem

2072 940 2513 991 concurrentem
2565 941 2910 1007 potestatem
2960 941 3149 1006 nacta,
3204 936 3335 992 fecit
3380 941 3443 991 ut
3475 939 3721 993 exsiste—

2074 1028 2158 1078 ret
2206 1023 2491 1095 quidquid
2544 1023 2753 1080 libuit:
2791 1025 3060 1080 mortalia
3108 1042 3238 1080 vero
3289 1026 3612 1083 animantia
3653 1045 3721 1084 ex

2073 1112 2315 1167 materia
2344 1113 2621 1167 condidit.
2654 1114 2849 1169 Anam.
2885 1119 3001 1169 Hoc
3033 1114 3297 1168 admitto.
3337 1114 3486 1169 Orth.
3511 1115 3720 1171 Filium

2068 1217 2201 1256 vero
2246 1217 2440 1256 nonne
2478 1202 2564 1257 ais
2615 1202 2939 1274 simplicem
2990 1220 3118 1259 esse
3174 1208 3231 1258 et
3273 1205 3719 1274 compositionis

2068 1289 2634 1361 expertem?Anam.
2685 1292 2890 1346 Etiam.
2944 1291 3093 1347 Orth.
3144 1294 3222 1346 An
3273 1290 3452 1364 igitur
3498 1294 3653 1364 quod
3687 1311 3721 1349 a

2070 1377 2213 1433 Filio
2263 1378 2560 1435 conditum
2612 1386 2719 1449 est,
2752 1398 2819 1435 ex
2868 1397 2933 1435 eo
2987 1397 3221 1452 quoque
3271 1380 3535 1451 genitum
3585 1381 3718 1437 ais?

2072 1468 2263 1523 Anam.
2297 1467 2552 1522 Minime.
2591 1469 2741 1524 Orth.
2777 1469 2856 1540 Si,
2890 1469 3165 1541 quoniam
3222 1470 3388 1525 Pater
3434 1474 3524 1525 est
3568 1470 3715 1526 sim-

2069 1554 2217 1626 plex,
2249 1556 2465 1612 idcirco
2496 1558 2650 1629 quod
2682 1575 2716 1613 a
2744 1559 2911 1613 Patre
2954 1559 3254 1613 conditum
3289 1564 3379 1613 est
3409 1560 3583 1613 etiam
3617 1576 3714 1631 ge-

2066 1648 2254 1699 nitum
2288 1646 2455 1711 dicis,
2484 1662 2687 1717 nempe
2721 1647 2871 1718 quod
2906 1647 3167 1719 genitum
3200 1651 3307 1713 est,
3341 1648 3517 1701 etiam
3550 1665 3713 1703 crea-

2063 1740 2186 1789 tum
2219 1738 2309 1789 cst
2344 1751 2355 1789 :
2391 1739 2448 1789 at
2480 1735 2660 1790 Filius
2692 1752 2927 1807 quoque
2956 1740 3045 1792 est
3075 1734 3357 1807 simplex:
3389 1753 3521 1806 ergo
3555 1737 3709 1808 quod

301 1822 500 1893 Ἀνόμ.
557 1823 718 1878 Πάνυ.
772 1823 920 1897 Ὀρθ.
982 1822 1078 1876 Καὶ
1154 1826 1250 1876 τοῦ
1303 1822 1430 1875 Υίοῦ
1490 1820 1588 1896 ἄρα
1644 1823 1704 1876 τὸ
1752 1823 1947 1895 κτίσμα

342 1911 353 1923 ,
625 1909 638 1923 .
754 1912 792 1923 γ,
958 1906 982 1923 ,ι
1191 1912 1377 1923 .....,..
1473 1909 1485 1923 ς
1592 1907 1615 1923 υ
1751 1907 1825 1923 ρ..
1929 1910 1943 1923 .

2060 1824 2296 1892 creavit,
2347 1824 2520 1879 etiam
2571 1825 2773 1896 genuit
2806 1843 2817 1880 :
2854 1829 2909 1879 et
2939 1828 3108 1880 Pater
3156 1825 3543 1896 comperietur
3580 1842 3711 1883 esse

297 1911 559 1984 γέννημα,
613 1909 896 1973 ἀσυνθέτου
953 1906 1132 1972 ὄντος
1184 1912 1216 1979 ἢ
1270 1913 1382 1983 (58)
1431 1909 1529 1964 οὐκ
1587 1907 1691 1985 ἄρα
1747 1907 1835 1964 διὰ
1888 1910 1952 1965 τὸ

298 1999 589 2064 ἆστῖινοετον
661 2005 757 2054 1:06
815 2000 1021 2073 Πατρὸς
1092 2000 1153 2053 τὸ
1216 2000 1459 2074 γέννημα
1512 1999 1731 2072 κτίσμα,
1791 2000 1825 2067 ἢ
1884 2000 1947 2054 τὸ

300 2088 503 2161 κτίσμα
559 2087 823 2163 γέννημα,
855 2087 950 2143 κᾶν
1087 2087 1387 2149 ἀσύνθετος.
1448 2087 1692 2160 Γέννημα
1741 2085 1797 2142 δὲ
1850 2092 1947 2142 τοῦ

306 2178 515 2252 Πατρὸς
561 2178 589 2230 ὁ
638 2176 780 2238 Υἱός·
835 2175 933 2231 οὐκ
987 2174 1089 2251 ἄρα
1135 2176 1354 2248 κτίσμα.
1409 2176 1595 2249 Ἀνόμ.
1644 2183 1701 2233 Ὁ
1762 2179 1945 2253 Πατὴρ

296 2270 397 2320 τοῦ
442 2267 568 2319 Υἱοῦ
627 2261 799 2327 αἴτιός
847 2264 978 2336 ἐστι,
1011 2272 1109 2334 τῆς
1160 2262 1217 2319 δὲ
1264 2264 1490 2327 κτίσεως
1547 2267 1573 2319 6
1620 2265 1763 2328 Υἱός.
1801 2268 1944 2341 Ὀρθ.

297 2359 408 2422 Τῆς
441 2351 497 2408 δὲ
526 2353 753 2416 κτίσεως
783 2353 882 2407 οὐκ
924 2349 1065 2407 ἔστιν
1112 2350 1283 2414 αἴτιος⁸
1314 2354 1403 2407 καὶ
1437 2354 1465 2408 6
1498 2356 1716 2427 Πατήρς
1750 2354 1944 2427 Ἀνόμ.

298 2441 480 2498 Ἀλλὰ
523 2440 611 2496 διὰ
651 2446 749 2497 τοῦ
801 2443 951 2499 Υἱοῦ.
999 2444 1143 2518 Ὀρθ.
1196 2442 1362 2511 Τίθης
1405 2445 1516 2511 (59)
1547 2439 1604 2496 δέ
1662 2440 1831 2509 ὅλως,
1864 2441 1946 2496 ὅτι

302 2528 475 2593 αἶ’τιός
508 2531 617 2587 ἐστι
666 2532 755 2586 καὶ
805 2539 905 2600 τῆς
947 2531 1213 2600 κτίσεως;
1247 2530 1433 2603 Ἀνόμ.
1472 2530 1593 2588 Ναί.
1630 2530 1806 2585 Πάντα
1847 2532 1948 2607 γὰρ

294 2619 356 2675 ἐκ
405 2625 498 2675 τοῦ
547 2626 702 2677 Θεοῦ.
753 2622 901 2696 Ὀρθ.
956 2620 1104 2676 Εἰσὶν
1152 2618 1243 2674 οὖν
1288 2619 1452 2674 αὐτοῦ
1500 2621 1590 2673 καὶ
1640 2620 1705 2674 τὰ
1759 2622 1949 2695 γεννή-

300 2730 445 2782 ματα
509 2711 703 2776 πάντα,
759 2709 935 2781 κύνες,
1002 2708 1249 2785 κόρακες,
1310 2714 1501 2784 γῦπες,
1571 2709 1660 2763 καὶ
1728 2715 1871 2763 πᾶσα
1913 2712 1946 2763 ’ὃ

295 2799 469 2860 κτίσις
520 2797 714 2874 λογική
759 2819 818 2853 τε
859 2797 949 2853 καὶ
1000 2797 1227 2872 ἄλογος.
1261 2799 1454 2871 Ἀνὸμ.
1490 2797 1679 2863 Εἶπον,
1731 2797 1815 2851 ὅτι
1863 2796 1952 2852 διὰ

298 2892 398 2943 τοῦ
429 2888 560 2941 Υἱοῦ
612 2887 951 2958 ἐκτίσθησαν’
989 2887 1156 2960 μόνος
1207 2884 1265 2941 δὲ
1313 2888 1341 2941 6
1384 2887 1506 2949 Υἱὸς
1559 2884 1678 2941 ἄνευ
1731 2886 1951 2960 μεσίτου

299 2976 634 3051 γεγέννηται,
667 2977 940 3031 τουτέστιν
975 2974 1230 3032 ἔκτισται.

2064 1911 2189 1967 Filii
2241 1912 2479 1983 quidem
2511 1919 2695 1983 pater,
2732 1929 2925 1967 rerum
2976 1929 3108 1968 vero
3158 1918 3487 1968 creatarum
3540 1931 3703 1971 avus.

2057 2002 2245 2055 Anam.
2279 2000 2384 2055 Sed
2438 2002 2589 2071 quod
2626 2007 2713 2056 est
2756 2001 3017 2073 genitum
3069 2019 3103 2055 ε
3153 2002 3340 2069 Patre,
3388 2002 3562 2057 etiam
3614 2010 3706 2059 est

2057 2094 2318 2144 creatum
2365 2106 2377 2144 :
2433 2090 2586 2160 quod
2637 2094 2831 2145 autem
2881 2096 3138 2145 creatum
3188 2094 3277 2146 est
3323 2107 3356 2145 ε
3404 2090 3566 2159 Filio,
3615 2097 3703 2147 est

2058 2182 2342 2233 creatura.
2402 2178 2553 2234 Orth.
2588 2178 2792 2233 Nonne
2825 2179 3101 2250 quoniam
3133 2178 3381 2252 simplex
3415 2184 3502 2235 est
3532 2180 3711 2249 Deus,

2055 2266 2272 2321 idcirco
2321 2267 2473 2337 quod
2529 2268 2600 2321 ab
2650 2284 2715 2322 eo
2766 2272 3024 2323 creatum
3078 2272 3189 2334 est,
3222 2268 3398 2323 etiam
3443 2269 3708 2340 genitum

2058 2372 2186 2410 esse
2219 2373 2232 2410 :
2261 2360 2317 2410 et
2347 2356 2501 2425 quod
2537 2356 2608 2410 ab
2639 2373 2704 2411 eo
2750 2356 3014 2427 genitum
3064 2360 3171 2427 est,
3216 2358 3389 2412 etiam
3444 2362 3705 2414 creatum

2058 2460 2186 2499 esse
2216 2443 2301 2498 vis
2324 2443 2351 2497 ?
2374 2444 2473 2498 Sin
2511 2445 3033 2517 minus,quomodo
3066 2446 3297 2501 sentis?
3326 2449 3512 2502 Anam.
3540 2453 3712 2503 Sane.

2068 2533 2222 2588 Orth.
2256 2532 2401 2603 Ergo
2432 2538 2489 2587 et
2538 2534 2691 2604 quod
2724 2541 2984 2589 creatum
3017 2539 3108 2590 est
3138 2552 3171 2589 a
3208 2534 3365 2605 Filio,
3399 2540 3487 2590 est
3536 2537 3708 2591 etiam

2059 2622 2348 2693 genitum,
2384 2626 2583 2692 utpote
2614 2622 2714 2692 qui
2748 2623 2826 2678 sit
2856 2623 3303 2695 compositionis
3334 2640 3542 2696 expers
3577 2642 3589 2680 :
3625 2624 3712 2680 vel

2058 2710 2231 2766 etiam
2266 2710 2313 2765 si
2360 2710 2530 2765 Pater
2558 2716 2649 2766 est
2699 2712 3142 2782 compositionis
3193 2727 3418 2784 expers,
3454 2730 3567 2768 non
3622 2714 3707 2767 id-

2059 2800 2210 2854 circo
2245 2807 2437 2853 tamen
2470 2800 2625 2870 quod
2661 2802 2732 2855 ab
2766 2817 2831 2855 eo
2860 2800 3124 2871 genitum
3159 2806 3534 2868 est,creatum
3571 2807 3659 2855 est
3690 2819 3703 2857 :

2061 2905 2166 2944 nec
2195 2889 2346 2957 quod
2381 2889 2451 2943 ab
2483 2904 2549 2943 eo
2601 2893 2861 2944 creatum
2893 2894 3002 2959 est,
3035 2890 3298 2960 genitum
3332 2893 3441 2955 est,
3476 2888 3706 2944 etiamsi

2062 2978 2137 3033 sit
2168 2977 2291 3048 ipse
2323 2977 2765 3047 compositionis
2796 2980 3112 3051 expers.At
3147 2978 3323 3033 Filius
3356 2978 3588 3050 genitus
3620 2981 3713 3033 est

293 3084 328 3121 a
382 3067 593 3122 Patre:
646 3084 761 3123 non
805 3066 986 3139 igitur
1034 3071 1286 3122 creatus.
1338 3067 1530 3121 Anam.
1584 3067 1748 3121 Pater
1796 3070 1887 3121 est
1935 3072 2137 3121 auctor
2186 3066 2335 3135 Filii,
2387 3065 2564 3121 Filius
2612 3070 2814 3121 auctor
2862 3084 3055 3122 rerum
3105 3067 3495 3123 conditarum.
3552 3067 3707 3122 Orth.

297 3161 509 3211 Annon
546 3160 717 3211 Pater
747 3172 982 3227 quoque
1013 3160 1103 3211 est
1133 3172 1326 3211 rerum
1360 3154 1726 3210 conditarum
1758 3155 2005 3210 auctor?
2036 3157 2229 3209 Anam.
2261 3155 2361 3209 Est
2391 3170 2553 3219 sane,
2587 3155 2686 3210 sed
2719 3170 2822 3227 per
2854 3154 3089 3211 Filium.
3125 3155 3281 3210 ΟνιΙι.
3319 3156 3427 3211 Sed
3471 3155 3711 3210 omnino

298 3244 489 3316 ponis,
521 3260 655 3299 eum
688 3261 922 3316 quoque
955 3248 1247 3299 auctorem
1285 3259 1413 3299 esse
1445 3259 1638 3298 rerum
1672 3249 2000 3299 creatarum
2023 3243 2051 3299 ‘I
2080 3243 2271 3299 Anam.
2306 3244 2485 3299 Certe.
2519 3243 2729 3298 Omnia
2759 3244 2914 3299 enim
2946 3248 3087 3299 sunt
3116 3262 3184 3300 ex
3218 3246 3350 3299 Deo.
3378 3244 3527 3298 Orth.
3564 3244 3714 3299 Sunt

295 3334 476 3404 igitur
505 3334 575 3389 ab
607 3348 674 3389 eo
705 3334 882 3388 etiam
915 3334 1110 3405 genita
1156 3333 1376 3397 omnia,
1410 3349 1603 3402 canes,
1636 3332 1812 3399 corvi,
1847 3332 2129 3399 vultures,
2180 3332 2466 3403 quidquid
2504 3333 2657 3388 413
2707 3334 2959 3405 denique
3007 3339 3264 3389 creatum
3316 3337 3426 3400 est,
3462 3333 3581 3387 sive
3614 3349 3712 3388 ra-

291 3423 476 3478 tionis
508 3422 820 3495 particeps,
853 3423 973 3479 sive
1006 3421 1249 3478 rationis
1280 3438 1505 3493 expcrs.
1539 3422 1730 3476 Anam.
1766 3420 1890 3475 Dixi
1923 3420 2042 3476 hac
2073 3420 2301 3477 condita
2336 3437 2465 3476 esse
2498 3436 2600 3492 per
2631 3420 2838 3476 Filium
2875 3436 2888 3477 :
2922 3421 3079 3477 solus
3111 3427 3302 3477 autem
3341 3420 3709 3487 Filius,nullo

290 3511 641 3579 inter-medio
672 3510 905 3583 genitus
934 3515 1043 3577 est,
1079 3510 1135 3564 id
1168 3514 1256 3565 est
1285 3515 1535 3565 creatus.

361 3599 415 3653 9.
449 3598 598 3672 Ὀρθ.
648 3594 867 3667 Ἐπειδὴ
933 3597 1093 3669 μόνος
1154 3597 1213 3651 έκ
1273 3596 1459 3670 μόνου,
1494 3594 1583 3651 διὰ
1637 3601 1797 3652 τοῦτο
1844 3596 1934 3652 καὶ
1969 3600 2010 3665 C

288 3683 531 3760 γέννημα
587 3683 767 3759 λέγεις
825 3685 984 3739 αὐτὸν
1040 3685 1128 3739 καὶ
1185 3683 1426 3757 κτίσμα;
1476 3686 1509 3754 ἢ
1561 3690 1710 3755 στῶ-ῖς
1745 3684 1938 3759 Ἀνόμ.

292 3772 416 3830 Ναί.
453 3775 602 3844 Ὀρθ.
634 3774 707 3827 Τὰ
761 3771 817 3828 δέ
1010 3772 1154 3829 ἄλλα
1207 3774 1401 3844 πάντα,
1455 3771 1642 3842 ἐπειδὴ
1702 3770 1790 3827 διὰ
1844 3777 1940 3828 τοῦ

292 3862 423 3915 Υἱοῦ
455 3860 716 3935 ἐγένοντο,
750 3861 1017 3934 κτίσματά
1049 3861 1202 3931 εἰσιν,
1237 3861 1335 3915 οὐκ
1383 3860 1459 3917 ἔτι
1510 3859 1566 3915 δὲ
1611 3863 1700 3916 καὶ
1748 3864 1938 3937 γεννή-

298 3971 471 4024 ματα;
523 3951 712 4024 Ἀνόμ.
764 3951 969 4013 Οὕτως.
1023 3952 1168 4027 Ὀρθ.
1216 3953 1277 4008 Ἡ
1325 3951 1570 4024 μεσιτεία
1611 3951 1791 4005 τοίνυν
1843 3955 1941 4006 τοῦ

296 4041 424 4094 Υἱοῦ
480 4039 763 4110 ἠλάττωσε
817 4042 914 4110 τὴν
980 4045 1077 4095 τοῖ’)
1134 4041 1344 4116 Πατρὸς
1401 4039 1686 4115 ἐνέργειαν.
1747 4040 1937 4113 Ἀ-ιόμ.

293 4130 393 4183 Διὰ
446 4128 540 4198 τί;
575 4131 720 4205 Ὀρθ.
754 4130 899 4201 "Ott,
964 4130 1127 4203 μόνος
1187 4128 1349 4201 μόνον
1409 4134 1625 4202 γεννῶν,
1685 4128 1940 4189 ὡσαύτως

291 4217 381 4273 καὶ
436 4222 598 4292 γεννᾷ
642 4218 731 4272 καὶ
785 4217 975 4287 κτίζει.
1031 4218 1415 4279 Μεσιτεῦοντος
1446 4214 1501 4271 δὲ
1532 4222 1628 4271 τοῦ
1661 4218 1807 4283 ι’ῖοῦ,
1842 4216 1942 4271 οὐκ

290 4303 368 4361 ἔτι
400 4307 464 4361 τὸ
495 4306 695 4375 κτίσμα
724 4307 887 4362 αὐτοῦ
917 4306 1162 4382 γέννημα
1190 4306 1354 4361 αὐτοῦ
1388 4305 1517 4360 ἐστι’
1550 4306 1660 4374 καὶ,
1696 4307 1769 4367 ὡς
1818 4304 1937 4383 φαί-

288 4416 453 4467 νεται,
489 4395 575 4449 ἐπὶ
638 4390 816 4470 βλάϐῃ
852 4397 960 4450 τῶν
1003 4393 1188 4471 ἀρχῶν
1239 4395 1329 4449 καὶ
1374 4399 1479 4449 τῶν
1529 4394 1799 4465 ἐξουσιῶν,
1848 4392 1938 4448 καὶ

288 4483 467 4554 πάσης
527 4485 669 4557 ὁμοῦ
725 4492 823 4555 τῆς
882 4484 1128 4553 κτίσεως,
1165 4484 1421 4558 ἐγεννήθη
1483 4485 1510 4538 6
1569 4484 1708 4544 Υἱός.
1744 4482 1933 4556 ’Δνόμ.

290 4575 393 4627 Διὰ
421 4572 514 4643 τίς
549 4574 695 4649 Ὀρθ.
742 4571 985 4646 Ἔμελλε
1033 4573 1135 4648 γὰρ
1168 4575 1280 4646 (61)
1312 4574 1518 4627 ἅπαντα
1560 4572 1626 4627 τὰ
1671 4572 1938 4645 κτίσματα

284 4664 601 4737 γεννήματα
631 4660 794 4715 αὐτοῦ
827 4662 985 4733 εἶναι,
1018 4662 1063 4716 εἰ
1099 4663 1174 4734 μὴ
1208 4661 1469 4736 ἐγεννήθη
1504 4662 1531 4715 6
1560 4660 1703 4723 Υἱός.
1740 4660 1935 4734 Ἀνόμ.

287 4751 368 4807 O6
401 4748 491 4804 διὰ
520 4754 616 4804 τοῦ
646 4750 775 4804 Υἳοῦ
806 4747 895 4803 οὖν
933 4749 1253 4823 ἐκτίσῇημεν
1280 4770 1292 4818 ;
1315 4751 1457 4819 Ὀρθ.
1478 4750 1573 4806 Καὶ
1603 4751 1740 4804 πάνυ
1783 4748 1936 4805 Ἀλλ’

286 4841 453 4911 ἡμεῖς
488 4839 584 4911 μὲν
617 4835 704 4892 διὰ
734 4843 830 4892 τοῦ
862 4840 988 4892 Υίοῦ
1020 4837 1234 4909 ἐκτίσθη
1247 4859 1365 4911 μεν,
1399 4840 1426 4891 ὁ
1468 4835 1524 4891 δὲ
1571 4838 1693 4899 Υἱὸς
1741 4836 1798 4891 ἐκ
1841 4842 1937 4892 τοῦ

289 4932 425 4982 Θεοῦ
482 4928 820 5003 γεγέννηται,
874 4927 965 4981 καὶ
1035 4926 1131 4981 οὐκ
1198 4924 1455 4983 ἔκτισται.
1516 4929 1703 4999 Ἀνόμ.
1765 4925 1935 4989 Αὐτὸς

289 5014 463 5091 λέγειν
496 5040 524 5067 ‹‹
564 5015 757 5092 Κύριος
788 5015 961 5071 ἔκτισέ
1011 5036 1078 5089 με
1120 5016 1298 5092 ἀρχὴν
1340 5013 1478 5070 ὁδῶν
1512 5015 1695 5071 αὐτοῦ.
1730 5040 1756 5065 ›ι
1791 5017 1933 5090 Ὀρθ.

292 5104 391 5159 Καὶ
442 5104 602 5167 αὐτὸς
652 5104 818 5181 λέγει’
859 5133 884 5156 ιι
922 5105 1148 5181 ’Ώρυξαν
1211 5104 1401 5180 χεῖράς
1463 5125 1567 5178 μου
1622 5104 1712 5159 καὶ
1768 5102 1936 5166 πόδας

291 5214 423 5265 μου,
454 5192 545 5247 καὶ
601 5191 977 5266 διεμερίσαντο
1032 5194 1100 5248 τὰ
1153 5194 1346 5265 ἱμάτιά
1404 5214 1509 5265 μου
1567 5192 1795 5261 ἑαυτοῖς,
1849 5192 1939 5247 καὶ

286 5280 379 5337 ἰπὶ
430 5281 520 5337 τὸν
571 5283 868 5356 ἱματισμόν
923 5303 1028 5356 μου
1077 5275 1274 5338 ἔϐαλον
1331 5279 1561 5357 κλῆρον.
1599 5305 1620 5333 ι
1657 5281 1849 5354 Ἀνόμ.
1880 5281 1939 5335 Τί

358 5435 400 5471 ⁹¹
430 5438 601 5493 Prov.
632 5451 758 5509 vni,
780 5436 872 5492 22.

381 5590 473 5662 58)
504 5589 576 5646 ’Ἠ
608 5591 772 5662 deest
800 5589 859 5645 in
891 5587 1162 5662 Palatino
1189 5592 1247 5645 et
1275 5588 1472 5662 Regio.

381 5590 473 5662 58)
504 5590 576 5646 Ἥ
608 5591 772 5647 deest
800 5590 859 5645 in
891 5590 1160 5645 Palatino
1189 5592 1247 5645 et
1275 5590 1472 5661 Regio.

359 5590 476 5735 {59)
509 5663 675 5731 Μεεη
706 5660 853 5734 τίθῖι-
888 5660 1071 5730 Infra,
1101 5658 1255 5722 κόνις
1285 5661 1452 5719 deest
1479 5661 1539 5717 in
1571 5658 1853 5719 Palatino.

609 5794 875 5857 PATROL.
923 5792 1036 5854 Gn.
1082 5792 1356 5855 XXVIII.

2118 3600 2170 3653 9.
2207 3599 2358 3654 Orth.
2414 3599 2710 3654 Idcircone
2741 3615 2872 3653 eum
2926 3614 3052 3653 esse
3083 3598 3230 3653 dicis
3275 3603 3329 3653 et
3360 3598 3617 3668 genitum
3650 3600 3708 3650 et

2050 3692 2332 3753 creatum,
2365 3687 2503 3759 quia
2533 3688 2696 3744 solus
2727 3692 2815 3743 est
2845 3705 2879 3742 ε
2909 3686 3032 3743 salo
3054 3686 3077 3740 Ρ
3100 3693 3201 3742 aut
3224 3686 3585 3756 quomodoid
3612 3700 3703 3739 ac—

2049 3776 2240 3847 cipis?
2272 3777 2459 3831 Anom.
2515 3778 2727 3831 Etiam.
2776 3777 2923 3833 Orth.
2974 3778 3191 3831 Cretera
3238 3780 3432 3831 autem
3481 3774 3701 3843 omnia,

2050 3865 2329 3936 quoniam
2364 3881 2464 3935 per
2482 3864 2689 3918 Filium
2728 3865 2876 3919 facta
2893 3864 3505 3934 sunt,creataquitlem
3534 3865 3697 3929 sunt,

2049 3953 2245 4024 genita
2292 3970 2424 4007 vero
2456 3969 2569 4007 non
2622 3953 2760 4008 item
2789 3955 2811 4006 Ρ
2840 3953 3029 4007 Anam.
3067 3955 3152 4007 Ita
3181 3955 3287 4007 est.
3331 3952 3483 4005 Orth.
3516 3951 3699 4005 Inter-

2050 4041 2239 4096 ventio
2273 4040 2453 4112 igitur
2503 4041 2627 4095 Filii
2662 4042 2962 4095 imminuit
2992 4041 3179 4096 Patris
3223 4041 3281 4095 in
3314 4041 3538 4111 agendo
3569 4038 3698 4093 effi-

2048 4130 2373 4185 cacitatcm.
2419 4131 2609 4184 Anam.
2661 4130 3101 4193 Quamobrem?
3145 4129 3294 4185 Orth.
3345 4130 3490 4192 Quia
3539 4128 3701 4184 solus

2050 4218 2240 4273 solum
2272 4218 2540 4290 gignens,
2580 4218 2775 4273 itidem
2809 4223 2865 4273 et
2891 4219 3084 4291 gignit
3114 4223 3173 4273 et
3201 4218 3530 4275 creat.Filio
3562 4234 3694 4273 vero

2051 4306 2492 4377 interveniente,
2527 4308 2683 4378 quod
2732 4313 2908 4374 creat,
2942 4324 3055 4362 non
3083 4325 3221 4364 sane
3263 4308 3487 4380 gignit;
3522 4311 3599 4372 et,
3632 4312 3700 4362 ut

2049 4396 2296 4461 videtur,
2332 4395 2763 4466 principatuum
2799 4400 2853 4450 et
2898 4400 3277 4467 potestatum,
3311 4412 3504 4450 rerum
3539 4395 3700 4450 deni-

2050 4500 2161 4556 que
2190 4484 2451 4539 omnium
2486 4488 2811 4539 creatarum
2861 4485 3097 4551 damno,
3130 4485 3364 4557 genitus
3396 4485 3570 4539 fuerit
3602 4484 3689 4539 Fi-

2046 4573 2182 4628 lius.
2220 4575 2409 4628 Anam.
2445 4574 2829 4638 Qurmobrem
2852 4572 3047 4630 ?0rlh.
3082 4574 3363 4637 Quoniam
3399 4573 3508 4629 nisi
3542 4572 3700 4645 geni-

2048 4668 2144 4717 tus
2178 4664 2380 4718 fuisset
2418 4662 2617 4732 Filius,
2653 4678 3017 4734 quascunque
3048 4663 3119 4717 ab
3151 4679 3217 4719 eo
3257 4668 3466 4731 creata,
3499 4667 3699 4718 essent

2047 4752 2223 4807 etiam
2257 4751 2669 4822 genita.Anam.
2702 4753 2905 4805 Annon
2942 4752 3123 4823 igitur
3152 4768 3254 4823 per
3286 4751 3491 4805 Filium
3518 4751 3695 4806 creati

2047 4839 2301 4895 sumus?
2334 4840 2481 4895 Orth.
2519 4842 2670 4896 Sane
2718 4857 2869 4895 vero.
2904 4841 3014 4895 Sed
3046 4857 3154 4897 nos
3203 4841 3438 4911 quidem
3469 4858 3570 4913 per
3603 4842 3694 4895 Fi-

2045 4929 2190 4984 lium
2226 4929 2399 4984 creati
2435 4946 2661 4995 sumus,
2698 4928 2874 4983 Filius
2923 4946 3053 4984 vero
3080 4946 3149 4985 ex
3177 4934 3286 4985 Deo
3320 4931 3552 5001 genitus
3584 4935 3697 4997 est,

2049 5035 2164 5073 non
2198 5022 2390 5073 autem
2443 5024 2690 5073 creatus.
2722 5018 2909 5072 Anam.
2948 5019 3074 5091 [pse
3123 5018 3264 5073 dicit
3296 5036 3307 5074 :
3346 5044 3370 5068 ι(
3408 5019 3694 5076 Dominus

2048 5106 2260 5161 creavit
2293 5123 2401 5172 me,
2430 5106 2664 5161 initium
2700 5107 2922 5161 viarum
2958 5109 3272 5163 suarum".
3299 5131 3325 5158 ››
3380 5108 3535 5167 ΟνιΙι.
3570 5110 3699 5180 Ipse

2050 5210 2284 5266 quoque
2327 5195 2511 5250 dicit:
2546 5219 2573 5245 ‹‹
2609 5196 2901 5251 Foderunt
2947 5212 3155 5251 manus
3206 5213 3367 5253 meas
3416 5203 3472 5252 et
3520 5200 3699 5269 pedes

2052 5298 2236 5354 moes,
2270 5287 2326 5337 et
2356 5282 2553 5355 partiti
2584 5289 2723 5340 sunt
2750 5284 3105 5340 vestimenta
3135 5301 3265 5341 mea
3295 5285 3492 5358 sibi,et
3521 5301 3699 5358 super

2127 5590 2240 5657 (60)
2272 5589 2337 5643 Δέ
2368 5590 2530 5647 deest
2558 5590 2614 5646 in
2647 5589 2931 5647 Palatino.

2130 5591 2218 5657 (60
2272 5591 2337 5643 Δέ
2368 5591 2530 5647 deest
2558 5591 2614 5646 in
2647 5591 2931 5647 Palatino.

2130 5591 2244 5734 (61)
2274 5662 2455 5718 Palat.
2487 5667 2544 5717 et
2573 5662 2735 5735 Reg,
2767 5657 3107 5735 Ἐμὲλλομεν
3134 5660 3236 5736 γὰρ
3262 5661 3357 5716 ἅπ.

3294 5791 3372 5851 36
