4092 6218
385 341 527 399 H3!

1551 331 1613 385 Η.
1662 322 2178 385 ATl-IANASIUS.
2205 360 2274 369 —
2310 327 2616 388 SPURIA.

3639 0 3692 24 ι*
3721 0 3988 48 *την-ππ
4077 0 4079 96 γ

3635 324 3814 385 H32

385 479 599 527 vestem
650 483 840 523 meam
897 466 1183 520 miserunt
1231 465 1446 516 sortem
1480 461 1546 514 9³.
1583 481 1609 508 ››
1643 460 1834 512 Anam.
1880 457 2025 521 Quid

2143 455 2354 528 ὅμοιον,
2392 481 2418 508 (ι
2477 455 2653 512 ἕκτισέ
2708 479 2793 530 με.
2848 483 2876 510 ››
2927 457 3039 528 καὶ,
3081 483 3108 509 ι(
3170 450 3374 532 ὤρυξαν
3435 457 3623 532 χεῖρας
3686 476 3812 528 μου

385 560 578 616 simile
611 559 762 613 inter
793 573 854 611 se
883 555 1157 620 habent,«
1194 550 1408 606 creavit
1439 565 1587 618 me,»
1623 553 1676 602 et
1712 547 2036 600 «foderunt

389 666 600 704 manus
629 663 790 702 meas
833 649 889 699 et
917 641 1136 714 pedes?
1168 664 1194 690 ››
1228 640 1379 694 Orth.
1415 635 1920 703 Quemadmodum
1951 633 2032 700 id,

387 739 534 810 quod
571 739 629 792 in
661 751 831 790 cruce
863 733 1124 788 futurum
1176 733 1321 796 erat,
1355 724 1697 790 enuntiavit,
1732 728 1795 778 ut
1833 724 1882 779 si
1907 723 2032 793 jam

389 830 607 883 factum
640 826 848 880 fuisset
885 840 896 876 :
928 823 1008 876 ita
1039 820 1194 892 quod
1225 819 1489 873 futurum
1521 819 1644 871 erat
1676 813 1734 867 in
1767 813 2032 868 incarna-

391 919 566 982 tione,
600 914 766 978 dixit,
801 929 867 966 ac
908 911 956 965 si
983 911 1104 980 jam
1137 909 1347 962 fuisset
1391 907 1629 960 factum.
1664 902 1862 973 Itaque
1917 916 2032 955 non

389 1006 556 1071 dixit,
595 1002 878 1058 Dominus
928 997 1142 1053 creavit
1171 1013 1264 1051 me
1313 999 1445 1049 ante
1497 991 1731 1048 initium
1775 991 1896 1059 γὶω,
1931 988 2032 1043 sed

392 1093 670 1166 quoniam
704 1090 952 1146 aliorum
983 1086 1076 1141 via
1107 1085 1333 1157 perdita
1379 1085 1521 1151 erat,
1555 1082 1789 1136 futurus
1837 1083 2032 1134 autem

389 1183 557 1238 nobis
590 1185 711 1236 erat
742 1177 842 1250 qui
874 1177 966 1233 via
997 1191 1196 1231 recens
1228 1180 1284 1229 et
1308 1173 1506 1227 vivens
1531 1173 1704 1237 esset,
1730 1175 2034 1239 propterea

387 1272 528 1326 dicit
561 1287 572 1324 ε
607 1293 634 1318 ‹‹
669 1266 949 1323 Dominus
980 1263 1194 1320 creavit
1223 1278 1317 1317 me
1364 1260 1598 1315 initium
1637 1259 1862 1313 viarum
1896 1272 2031 1311 sua-

390 1377 520 1414 rum
553 1359 624 1412 ad
657 1373 832 1429 Opera
863 1371 1021 1410 sua.»
1060 1354 1251 1407 Anam.
1282 1374 1300 1400 ο
1338 1353 1486 1404 Ante
1517 1346 1797 1404 sarculum
1832 1344 2036 1400 funda-

389 1451 469 1504 vit
517 1466 626 1512 me,
665 1471 690 1497 n
726 1446 939 1516 inquit,
975 1467 1002 1494 ι(
1033 1449 1349 1512 antequam
1399 1445 1614 1494 terram
1669 1438 1880 1492 faceret
1909 1435 1970 1488 93.
2007 1455 2033 1482 ν»

391 1540 551 1596 Orlh.
608 1537 702 1591 Dic
746 1542 807 1590 tu
857 1549 1088 1606 quoque
1123 1550 1136 1586 :
1172 1554 1198 1579 ι(
1232 1528 1625 1600 Quadraginta
1672 1541 1857 1580 annos
1897 1540 2036 1578 non-

388 1630 528 1683 dum
559 1626 741 1681 habes
770 1625 832 1690 9‘,
870 1645 896 1671 ››
930 1627 984 1678 et
1029 1625 1162 1676 ante
1194 1617 1472 1675 saeculum
1523 1617 1803 1670 fundatus
1833 1612 1939 1668 es?
1971 1617 2036 1667 ut

387 1716 614 1782 audias,
648 1737 674 1763 «
710 1720 916 1779 Amen,
951 1727 1121 1766 amen
1152 1708 1281 1762 dico
1314 1706 1439 1775 tibi,
1475 1709 1786 1772 antequam
1820 1699 2036 1756 saecula

390 1807 755 1869 exsisterent,
808 1817 912 1871 ego
962 1816 1094 1854 sum
1145 1799 1208 1851 9⁵.
1245 1821 1266 1847 ι
1303 1796 1498 1849 Anam.
1552 1797 1638 1846 An
1681 1795 1802 1844 erat
1846 1789 2034 1861 ipsius

395 1893 744 1956 incarnatio,
803 1895 1118 1959 antequam
1179 1884 1528 1940 exsisterent
1585 1876 2032 1935 saecula?0rth.

395 1983 697 2054 lmo,quod
725 1980 794 2035 ad
819 1979 916 2034 Dei
945 1974 1368 2049 prmscientiam
1393 1971 1621 2038 attinet,
1651 1969 1844 2040 passio
1866 1967 1997 2038 ipsa
2021 1983 2034 2022 :

391 2075 531 2129 adeo
565 2079 630 2126 ut
661 2069 869 2124 dixerit
897 2085 910 2122 :
950 2089 971 2118 α
1006 2065 1299 2120 Fuderunt
1329 2077 1541 2116 manus
1574 2074 1734 2113 meas
1773 2061 1830 2112 et
1861 2056 2036 2128 pedes

393 2181 572 2228 meos,
605 2168 660 2216 et
704 2159 993 2214 dederunt
1022 2155 1082 2209 in
1131 2169 1324 2209 escam
1379 2165 1569 2204 meam
1614 2147 1709 2214 fel,
1743 2151 1801 2201 et.
1851 2145 1908 2200 in
1940 2143 2037 2200 siti

394 2271 520 2308 mea
551 2251 899 2323 putaverunt
929 2261 1021 2300 me
1053 2247 1213 2300 aceto
1246 2242 1309 2294 9°.
1345 2261 1373 2289 ››
1405 2240 1595 2294 Anam.
1625 2240 1696 2291 At
1729 2235 1885 2290 istud
1919 2251 2034 2290 non

393 2348 480 2398 est
509 2342 732 2395 dictum
755 2340 889 2392 ante
918 2333 1220 2399 saeculum,
1255 2345 1456 2386 verum
1493 2325 1728 2386 Davidis
1759 2324 2035 2395 tempori-

391 2435 520 2488 bus.
574 2431 727 2486 Orth.
760 2425 990 2482 Dictum
1040 2435 1273 2494 quoque
1323 2422 1412 2473 est
1465 2433 1498 2471 a
1541 2413 1904 2486 temporibus
1933 2411 2038 2466 ﬁlii

393 2520 644 2586 Davidis,
698 2529 905 2585 nempe
961 2507 1294 2567 Salomonis
1342 2525 1354 2562 :
1403 2529 1432 2556 ι(
1481 2504 1768 2560 Dominus
1825 2501 2040 2557 creavit

393 2629 501 2666 me.
552 2632 578 2658 ››
612 2615 806 2664 Anam.
859 2602 970 2658 Sed
1019 2599 1244 2654 dictum
1278 2600 1368 2651 est
1417 2611 1430 2649 :
1486 2617 1513 2644 «ι
1563 2597 1709 2647 Ante
1757 2589 2035 2646 saeculum

391 2697 655 2756 fundavit
685 2711 798 2750 me.
830 2715 852 2743 ι
888 2689 1271 2759 Orth.Nempe
1302 2683 1603 2757 quoniam,
1643 2705 1663 2731 ι
1699 2686 1832 2737 ante
1855 2696 2035 2736 seacu-

391 2791 516 2845 lum
549 2790 672 2844 erat
699 2779 1110 2840 absconditum
1138 2777 1248 2832 hoc
1289 2772 1658 2846 mysterium,
1692 2793 1720 2820 »
1753 2776 1815 2825 ut
1844 2768 2040 2840 inquit

395 2881 636 2943 Paulus,
665 2899 684 2923 ι
722 2872 877 2945 quod
909 2885 1066 2926 nunc
1099 2865 1539 2922 manifestatum
1562 2866 1651 2916 est
1672 2860 1807 2914 liliis
1848 2859 2037 2913 homi-

394 2986 596 3023 num.»
628 2963 791 3028 Quod
824 2963 1023 3017 autem
1055 2956 1151 3011 ille
1183 2953 1260 3010 sit
1291 2952 1431 3007 illud
1465 2951 1684 3023 ipsum,
1717 2949 1870 3019 quod
1904 2951 2038 3002 ante

393 3057 605 3114 saecula
650 3053 964 3108 fundatum
995 3051 1106 3113 est,
1138 3043 1271 3100 audi
1307 3059 1375 3098 ex
1419 3040 1622 3095 eodem
1667 3038 1863 3105 Paulo,
1898 3035 2036 3091 alibi

391 3147 618 3201 dicente
652 3160 664 3197 :
701 3164 728 3190 ‹‹
761 3139 1233 3195 Fundamentum
1264 3131 1421 3187 enim
1452 3128 1611 3184 aliud
1644 3141 1813 3181 nemo
1848 3128 2039 3195 potest

2142 545 2230 598 καὶ
2282 543 2546 614 1:66am-
2595 549 2744 622 Ὀρθ.
2795 550 3000 622 ’Ὠσπερ
3050 547 3113 601 τὸ
3166 544 3371 619 μέλλον
3417 545 3656 621 γίνεσθαι
3703 545 3812 600 ἐπὶ

2140 638 2238 687 τοῦ
2270 639 2522 709 σταυροῦ,
2548 634 2622 696 ὡς
2653 633 2762 704 ἤδη
2797 635 3020 710 γεγονὸς
3053 634 3246 710 ἔλεγεν
3282 634 3455 696 οὕτως
3484 635 3547 689 τὸ
3582 634 3808 707 μέλλον

2143 720 2230 776 ἐπὶ
2261 730 2359 792 τῆς
2408 724 2749 798 σαρκώσεως,
2778 724 2851 786 ὡς
2895 721 3006 794 ἤδη
3055 725 3272 800 γεγονὸς
3318 720 3526 799 ἔλεγεν.
3564 723 3808 796 Ἀμέλει

2141 815 2266 884 γοῦν
2319 809 2416 865 οὐκ
2475 813 2606 866 εἶπε·
2641 811 2834 888 Κύριος
2893 810 3068 868 ἕκτισέ
3129 835 3194 886 με
3250 813 3356 889 πρὸ
3415 814 3591 888 ἀρχῆς
3636 809 3805 868 ὀδοῦ·

2145 899 2268 954 ἀλλ’
2291 897 2476 969 ἐπειδή
2509 899 2865 974 ἀπολλυμένη
2900 903 2966 970 ἦν
2997 904 3032 971 ἡ
3068 899 3194 964 ὁδὸς
3220 907 3330 957 τῶν
3363 899 3811 974 ἅλλιυν,ἔμελλε

2144 985 2201 1042 δὲ
2231 991 2364 1062 ἡμῖν
2395 990 2631 1065 γίνεσθαι
2662 989 2785 1053 ὁδὸς
2816 991 3128 1070 πρόσφατος
3159 991 3248 1046 καὶ
3297 997 3460 1062 ζῶσα,
3493 989 3581 1046 διὰ
3628 996 3810 1046 τοῦτο

2143 1075 2307 1152 λέγει·
2346 1103 2373 1130 “
2404 1080 2596 1154 ΚύΡιος
2628 1077 2801 1135 ἔκτισέ
2835 1102 2900 1154 με
2938 1081 3118 1156 ἀρχὴν
3157 1079 3296 1136 ὁδῶν
3332 1081 3497 1135 αὐτοῦ
3542 1080 3615 1142 εἷς
3667 1080 3813 1155 ἔργα

2143 1166 2327 1225 αὐτοῦ.
2364 1191 2393 1219 υ
2420 1170 2612 1242 Ἀνόμ.
2648 1195 2674 1223 ‹‹
2712 1169 2822 1243 Πρὸ
2864 1175 2960 1225 τοῦ
3009 1171 3210 1231 αἰῶνος
3258 1169 3588 1242 ἐθεμελίωσέ
3640 1191 3734 1242 με,
3779 1194 3812 1220 ››

2143 1256 2311 1332 Λέγει,
2343 1282 2370 1309 ‹‹
2405 1259 2512 1334 πρὸ
2535 1262 2632 1313 τοῦ
2675 1260 2775 1327 τήν
2825 1266 2925 1333 γῆν
2975 1266 3226 1329 ποιῆσαι.
3261 1285 3288 1310 ››
3323 1260 3472 1334 Ὀρθ.
3509 1259 3645 1314 Εἰπὲ
3704 1259 3812 1314 καῖ

2144 1345 2227 1398 σύ·
2263 1369 2290 1397 ‹‹
2321 1348 2725 1421 Τεσσαράκοντα
2773 1345 2866 1416 ἔτη
2918 1345 3072 1402 οῧπω
3114 1343 3280 1424 ἔχεις,
3325 1371 3355 1400 ιι
3404 1346 3494 1401 καί
3531 1347 3639 1421 πρὸ
3697 1352 3814 1401 τοῦ

2145 1435 2340 1497 αἰῶνος
2401 1435 2811 1508 ἐθεμελιώθης;
2866 1435 2937 1489 ’ἶν’
2995 1437 3257 1511 ἀκούσῃς·
3315 1462 3343 1488 ‹‹
3395 1436 3591 1508 Ἀμὴν,
3645 1437 3810 1509 ἀμὴν

2145 1523 2291 1599 λέγω
2323 1546 2428 1592 σοι,
2462 1526 2568 1598 πρὸ
2595 1529 2692 1579 τοῦ
2723 1525 2848 1587 τοὺς
2885 1526 3081 1588 αἰῶνας
3127 1526 3394 1602 γενέσθαι,
3429 1524 3537 1600 ἐγώ
3589 1525 3730 1598 εἰμι.
3777 1551 3812 1576 κ

2145 1614 2333 1686 Ἀνὸμ.
2369 1613 2466 1668 Καὶ
2510 1617 2574 1682 ἦν
2618 1613 2781 1668 αὐτοῦ
2814 1617 2847 1684 ἡ
2881 1615 3148 1690 σάρκωσις
3202 1615 3309 1691 πρὸ
3351 1619 3449 1670 τοῦ
3493 1613 3622 1676 τοὺς
3659 1615 3809 1668 αἰῶ-

2142 1723 2235 1764 νας
2266 1703 2544 1778 γενέσθαι;
2576 1705 2718 1779 Ὀρο.
2754 1708 2828 1768 Τῇ
2879 1706 3186 1781 προγνώσει
3240 1705 3328 1758 καὶ
3383 1703 3510 1758 αὐτὸ
3566 1703 3632 1758 τὸ
3689 1705 3810 1757 πά-

2145 1793 2261 1853 Οος’
2315 1791 2452 1846 ὥστε
2502 1791 2674 1865 λέγειν
2726 1791 2907 1848 αὐτόν·
2939 1818 2967 1845 ‹‹
3011 1793 3237 1869 Ὠρυξαν
3288 1793 3477 1869 χεῖράς
3542 1815 3649 1865 μου
3705 1794 3810 1848 καὶ

2144 1877 2334 1947 πόδας,
2367 1881 2456 1935 καὶ
2488 1877 2691 1936 ἔδωκαν
2725 1880 2798 1943 εἰς
2827 1883 2889 1936 τὸ
2952 1882 3148 1958 βρῶμά
3205 1903 3308 1954 μου
3340 1881 3543 1957 χολήν,
3575 1883 3667 1936 καὶ
3721 1881 3812 1945 εἰς

2143 1969 2241 2035 τήν
2294 1966 2452 2040 δίψαν
2503 1990 2606 2041 μου
2658 1968 2907 2024 ὲπότισάν
2963 1991 3028 2043 με
3079 1966 3222 2040 ὅξος.
3259 1994 3286 2022 ››
3320 1971 3512 2042 Ἀνόμ.
3545 1970 3704 2025 ’ΔΛλ’
3736 1970 3811 2026 οὗ

2145 2057 2250 2132 πρὸ
2289 2061 2386 2111 τοῦ
2418 2056 2614 2118 αἰῶνος
2644 2062 2809 2113 τοῦτο
2849 2056 3075 2134 ἐλέχθη,
3108 2058 3233 2114 ἀλλ’
3265 2058 3370 2112 ἀπὸ
3417 2063 3526 2114 τῶν
3581 2060 3810 2134 χρόνων

2147 2140 2330 2202 Δαϐίδ.
2367 2146 2516 2220 Ὀρθ.
2551 2146 2650 2200 Καὶ
2711 2146 2816 2203 ἀπὸ
2875 2151 2981 2202 τῶν
3011 2147 3225 2223 χρόνων
3276 2152 3372 2202 τοῦ
3421 2149 3542 2202 υἱοῦ
3603 2143 3808 2219 Δαϐἱδ,

2143 2235 2386 2290 τουτέστι
2430 2232 2780 2307 Σολομῶνος,
2809 2236 2890 2306 τὸ,
2926 2260 2953 2285 ‹‹
2987 2235 3184 2311 Κύριος
3233 2233 3408 2291 ἕκτισέ
3464 2258 3550 2309 με,
3585 2263 3613 2286 ››
3647 2237 3812 2310 εἴρη-

2141 2345 2251 2379 ται.
2312 2323 2501 2396 ’Δνόμ.
2562 2321 2759 2392 Ἀλλὰ,
2818 2347 2839 2374 ι
2892 2325 3003 2398 Πρὸ
3058 2323 3155 2378 τοῦ
3212 2325 3403 2388 αἰῶνος
3463 2325 3808 2398 έθεμελὶωσέ

2150 2433 2236 2486 με,
2268 2436 2295 2464 ››
2332 2408 2561 2486 εἶ’ρηται.
2597 2413 2744 2484 Ὀρθ.
2779 2439 2804 2465 ‹‹
2844 2414 2952 2488 Πρὸ
3005 2438 3034 2463 ››
3080 2415 3185 2488 γὰρ
3235 2439 3264 2464 ‹‹
3312 2418 3414 2468 τοῦ
3471 2413 3675 2476 αἰῶνος
3733 2419 3806 2470 τὸ

2149 2502 2446 2575 μυστήριον
2473 2504 2633 2554 τοῦτο
2677 2501 3156 2578 ἀποκεκρυμμένον
3188 2505 3274 2571 ἦν.
3310 2527 3338 2552 ››
3370 2502 3444 2564 ὡς
3489 2503 3518 2556 ὁ
3571 2502 3804 2566 Παῦλος

2149 2588 2313 2664 λέγει,
2340 2613 2365 2640 ‹‹
2393 2589 2422 2643 ’ὀ
2452 2593 2542 2642 νῦν
2573 2588 2882 2663 ἐφανερώθη
2926 2596 3043 2652 τοῖς
3073 2591 3214 2652 υἱοῖς
3253 2595 3359 2645 τῶν
3409 2591 3728 2666 ἀνθρώπων·
3771 2617 3804 2643 ’³

2147 2679 2251 2736 Καὶ
2311 2678 2392 2732 ὅτι
2453 2676 2610 2740 αὐτός
2671 2677 2780 2732 ἐστι
2831 2679 2891 2733 τὸ
2932 2680 3038 2753 πρὸ
3065 2685 3172 2734 τῶν
3201 2680 3410 2734 αἰώνων
3439 2680 3802 2752 θεμελιωθὶν,

2148 2766 2307 2822 ἄκουε
2333 2767 2496 2821 αὐτοῦ
2525 2767 2614 2821 καὶ
2648 2767 2698 2821 έν
2729 2766 2927 2830 ἄλλοις
2976 2767 3254 2844 λέγοντος·
3300 2793 3326 2820 ι(
3371 2769 3636 2842 Θεμέλιον
3691 2773 3802 2847 γὰρ

2147 2854 2315 2911 ἄλλον
2377 2853 2554 2918 οὐδεὶς
2603 2854 2820 2910 δΰναται
2869 2863 3037 2921 θεῖναι
3085 2860 3230 2934 παρᾶ
3272 2859 3363 2913 τὸν
3409 2857 3686 2931 κείμενον,
3737 2861 3803 2922 ὅς

2148 2943 2255 2999 ἐστι
2326 2945 2554 3018 Χρισνὸς
2613 2945 2846 3014 Ἰησοῦς,
2898 2973 2925 2998 ››
2978 2947 3069 3001 τὸν
3131 2945 3378 3022 λέγονταο
3440 2973 3468 2998 ιι
3533 2949 3646 3023 Πρὸ
3697 2954 3800 3005 τοῦ

2147 3033 2343 3094 αἰῶνος
2399 3031 2726 3105 ἐθεμελίωσέ
2790 3055 2876 3106 με.
2911 3036 3198 3111 »Χριστὸς
3243 3033 3301 3090 δὲ
3351 3037 3561 3106 Ἰησοῦς
3609 3033 3800 3093 ἔκτοτε

2147 3123 2274 3184 Θεὸς
2335 3122 2508 3198 Λόγος
2563 3122 2850 3193 κέκληται,
2880 3123 2929 3196 ἐξ
2962 3123 3024 3178 οὗ
3071 3125 3098 3178 ὸ
3147 3125 3324 3200 Λόγος
3373 3126 3500 3200 σὰρξ
3559 3125 3795 3199 ἐγένετο·

391 3250 623 3306 ponere,
657 3233 866 3302 printer
922 3227 981 3282 id
1039 3223 1191 3295 quod
1251 3220 1508 3293 positum
1566 3221 1674 3306 est,
1733 3215 1887 3287 quod
1943 3217 2025 3269 est

2143 3212 2232 3306 καὶ
2265 3210 2466 3306 ἐλέχθη
2506 3213 2656 3306 παρὰ
2700 3217 2796 3267 τοῦ
2848 3212 3102 3287 ἀγγέλου·
3139 3239 3166 3267 ‹‹
3199 3214 3454 3277 Καλέσεις
3502 3216 3566 3270 τὸ
3616 3213 3800 3290 ὄνομα

389 3303 658 3378 Christus
687 3319 861 3374 Jesus
890 3316 932 3350 97
967 3331 980 3369 :
1016 3335 1044 3363 »
1075 3315 1281 3384 praeter
1329 3323 1462 3364 eum
1494 3304 1778 3373 videlicet,
1813 3303 1912 3374 qui
1944 3303 2032 3358 di-

387 3415 463 3468 cit
495 3429 507 3466 :
547 3430 575 3463 ιι
604 3413 753 3463 Ante
782 3403 1063 3461 saeculum
1115 3391 1379 3456 fundavit
1418 3413 1532 3452 me.
1568 3418 1594 3445 ›.
1627 3393 1895 3449 Christus
1926 3409 2030 3446 au-

384 3510 499 3559 tem
529 3502 720 3562 Jesus,
757 3498 907 3551 Deus
937 3491 1196 3547 Verbum
1229 3493 1368 3543 tunc
1398 3489 1637 3541 vocatus
1667 3488 1778 3550 est,
1812 3498 1881 3536 ex
1912 3497 2027 3552 quo

379 3590 628 3646 Verbum
664 3588 881 3642 factum
913 3585 1000 3638 est
1030 3582 1246 3644 caro,et
1275 3576 1500 3632 dictum
1532 3573 1643 3628 iuit
1673 3572 1744 3627 ab
1777 3569 2022 3642 angelo:

2141 3298 2304 3356 αὐτοῦ
2353 3302 2585 3370 Ἰησοῦν.
2621 3326 2648 3351 ››
2678 3302 2748 3355 Τὸ
2798 3301 2919 3375 ἄρα,
2955 3328 2982 3355 (ι
3017 3303 3211 3379 Κύριος
3257 3299 3432 3359 ἔκτισέ
3481 3325 3571 3377 με,
3601 3330 3630 3357 »
3677 3307 3797 3379 καὶ,

2145 3413 2172 3442 ‹‹
2212 3390 2325 3464 Πρὸ
2353 3389 2450 3444 τοῦ
2482 3389 2681 3451 αἰῶνος
2708 3389 3037 3463 ἐθεμελίωσέ
3067 3414 3153 3464 με,
3189 3417 3219 3444 ››
3249 3394 3370 3466 περὶ
3419 3395 3519 3462 τῆς
3569 3397 3796 3470 σαρκώ-

2140 3499 2273 3541 σεως
2321 3478 2484 3533 αὐτοῦ
2543 3477 2902 3554 εἴρηται,τοῦ
2961 3481 3183 3552 ἀληθῶς
3239 3481 3346 3557 πρὸ
3402 3487 3510 3536 τῶν
3575 3483 3797 3539 αἰώνων

2137 3566 2622 3641 ἀποκεκρυμμένου
2659 3568 2980 3642 μυστηρίου.

377 3704 403 3729 ‹‹
437 3677 686 3735 Vocnhis
719 3687 930 3730 nomen
963 3671 1090 3741 ejus
1135 3667 1340 3723 Jesum
1371 3665 1434 3717 ⁸⁸.
1473 3684 1500 3713 ιι
1531 3662 1730 3732 Itaque
1778 3659 1945 3729 illud,
1980 3681 2007 3708 «
2042 3658 2324 3714 Dominus
2371 3657 2586 3714 creavit
2616 3675 2730 3728 me,
2765 3681 2793 3707 ››
2824 3666 2900 3724 et,
2936 3682 2963 3709 «
2994 3661 3143 3717 Ante
3192 3661 3471 3718 saeculum
3518 3663 3792 3721 fundavit

379 3787 492 3837 me,
519 3791 547 3820 »
581 3768 651 3822 de
681 3763 868 3836 ipsius
897 3757 1301 3816 incarnatione
1332 3754 1554 3809 dictum
1585 3755 1694 3820 est,
1728 3747 2004 3820 mysterio
2037 3747 2256 3804 scilicet
2285 3746 2384 3802 illo
2414 3763 2545 3803 vere
2575 3752 2708 3803 ante
2739 3749 2950 3804 saecula
2978 3751 3344 3807 abscondito.

441 3860 525 3912 10.
559 3860 752 3913 Anam.
787 3851 898 3908 Sed
948 3846 1241 3920 quomodo
1293 3846 1486 3916 potest
1513 3841 1596 3896 ita
1646 3839 1923 3912 genuisse
1950 3853 2020 3892 ex

367 3967 470 4004 sua
500 3947 688 4019 ipsius
721 3939 1047 4015 hypostasi,
1082 3942 1146 3992 ut
1179 3933 1324 3990 nihil
1357 3932 1434 3988 sit
1465 3945 1778 4003 perpessus
1801 3928 1828 3981 ?
1861 3926 2013 3983 Orth.

369 4015 542 4104 Illud,
569 4031 844 4107 quomoda
888 4031 1077 4099 potest,
1114 4040 1186 4080 ne
1216 4020 1502 4090 investiga
1537 4036 1549 4073 :
1583 4015 1742 4107 illud
1759 4030 1911 4080 vero,
1941 4030 2016 4068 ea:

368 4103 670 4195 leg/pOStusi,
702 4138 735 4176 a
767 4117 937 4174 nobis
991 4119 1295 4170 ostensum
1327 4113 1434 4165 est.
1471 4109 1658 4162 Anam.
1711 4103 2012 4168 Quomodo

365 4192 666 4268 ostensum
689 4213 779 4264 est
797 4205 819 4261 Ρ
835 4203 1308 4262 0rtl¢.Ostensum
1333 4203 1557 4254 estnon
1582 4210 1709 4250 esse
1732 4192 2008 4265 quiddam

364 4308 642 4357 creatum.
680 4295 839 4364 Quod
875 4299 1068 4348 autem
1101 4307 1216 4346 non
1251 4294 1339 4346 est
1368 4290 1651 4353 creatum,
1673 4290 1774 4339 aut
1802 4287 1892 4338 est
1919 4283 2008 4337 in-

365 4391 630 4464 genitum
662 4390 763 4444 aut
795 4383 1081 4457 genitum,
1102 4385 1199 4436 aut
1230 4377 1550 4450 procedens
1581 4379 1646 4429 ut
1675 4388 1745 4428 ex
1775 4376 2009 4427 auctore

363 4457 481 4534 sive
505 4492 703 4532 causa.
735 4474 862 4528 Non
885 4476 974 4526 est
997 4472 1192 4524 autem
1221 4463 1541 4537 ingenitus,
1575 4477 1707 4516 cum
1732 4459 1808 4514 sit
1829 4457 2007 4514 Filius

357 4568 590 4640 genitus
618 4583 630 4620 :
666 4579 802 4634 ergo
835 4567 922 4617 est
951 4576 1019 4615 ex
1038 4554 1360 4630 hypostasi.
1385 4553 1576 4606 Anam.
1612 4551 1680 4604 Et
1711 4546 2004 4619 quomodo
2033 4595 2081 4658 Β

807 4651 817 4658 .
997 4652 1006 4658 .
1089 4643 1148 4658 ,κ
1180 4646 1210 4658 ,.
1256 4643 1288 4658 ..
1349 4641 1413 4658 ι..
1457 4640 1466 4658 ς
1599 4635 1974 4658 ι-----,ι--ε

355 4635 546 4730 potest
565 4670 693 4710 esse
715 4669 784 4707 ex
806 4643 1149 4721 hypostasi?
1173 4643 1324 4700 Orth.
1349 4640 1471 4696 Nisi
1493 4640 1570 4695 sit
1591 4655 1659 4693 ex
1680 4635 2002 4708 hypostasi,

353 4728 454 4804 aut
483 4749 571 4802 est
595 4746 856 4799 creatum
903 4735 1232 4810 quidpiam,
1265 4735 1365 4788 aut
1395 4728 1691 4799 ingenitus
1723 4743 1736 4780 :
1768 4742 1884 4780 non
1909 4731 2000 4780 est

353 4840 506 4892 414
554 4839 749 4888 autem
799 4826 1117 4899 ingenitus,
1179 4838 1312 4877 cum
1361 4820 1437 4874 sit
1485 4815 1667 4872 Filius
1703 4833 1715 4870 :
1751 4832 1865 4869 non
1911 4819 2000 4869 est

348 4931 604 4981 creatum
657 4918 960 4993 quidpiam
995 4932 1008 4969 :
1045 4929 1148 4968 nec
1174 4911 1333 4967 enim
1383 4906 1688 4963 mandavit
1718 4910 1774 4960 et
1805 4904 1995 4959 factus

346 5020 434 5070 est
461 5034 472 5082 ;
509 5013 606 5068 sed
639 4992 706 5065 ei:
739 5014 901 5063 utero
955 5005 1148 5075 ipsum
1180 4998 1383 5072 genuit
1415 5015 1427 5052 :
1464 5001 1553 5052 est
1584 4995 1762 5068 igitur
1791 5010 1858 5049 ex
1889 4992 1993 5065 hy-

345 5103 590 5175 postasi,
631 5115 744 5154 non
793 5101 989 5152 autem
1041 5109 1110 5146 ex
1153 5088 1358 5154 nihilo,
1413 5087 1564 5142 sicut
1611 5102 1678 5140 ea
1725 5101 1848 5154 qua:
1893 5099 1995 5153 per

344 5171 690 5247 mandatum
723 5184 1094 5242 exstiterunt.
1129 5180 1319 5234 Anam.
1354 5177 1610 5231 Rursum
1655 5171 1834 5244 igitur
1867 5177 1991 5227 ute-

411 5402 454 5435 θλ
488 5397 640 5455 Psal.
674 5413 790 5461 xxi,
825 5391 993 5446 17-19
1018 5407 1031 5458 ;
1059 5386 1264 5444 Matth.
1296 5400 1468 5461 igxyu,

338 5489 530 5538 vam,
559 5472 649 5524 22.
728 5457 822 5520 ⁹⁷Ἰ
855 5464 985 5528 Cor,
1017 5477 1100 5527 η’,
1133 5461 1222 5515 11.
1298 5458 1340 5493 θθ
1376 5457 1513 5512 Luc.
1545 5472 1589 5522 1,
1619 5457 1711 5510 31.

405 5676 486 5748 (Ut
526 5676 542 5745 )
575 5671 772 5743 Vulg.,
807 5664 925 5726 οὐκ,
960 5666 1116 5722 ΕυιΤ.

1669 5383 1712 5421 9³
1743 5387 1910 5438 Prov.
1942 5398 2064 5452 vui,
2097 5383 2184 5438 22.

2202 3839 2287 3891 10.
2323 3835 2520 3907 Ἀνόμ.
2552 3835 2648 3888 Καὶ
2681 3840 2796 3897 πώς
2824 3833 3042 3890 δύναται
3084 3845 3334 3912 γεννῆσαι
3393 3837 3451 3893 ἐκ
3497 3846 3599 3908 τῆς
3648 3840 3784 3895 ὑποο

2127 3924 2361 3984 στάσεως
2411 3922 2598 3992 αὐτοῦ,
2627 3924 2716 3978 καὶ
2770 3925 2846 3996 μή
2894 3927 3078 3980 παθεῖν
3106 3945 3120 3993 ;
3152 3927 3298 3999 Ὀρθ.
3330 3928 3421 3998 T6,
3451 3932 3569 3989 πῶς
3621 3925 3783 3984 δύνα-

2121 4033 2232 4080 ται,
2271 4013 2344 4085 μή
2380 4011 2606 4084 ἐξέταζε·
2639 4013 2702 4067 τὸ
2737 4009 2814 4080 δέ,
2848 4011 2906 4067 ἐκ
2935 4021 3036 4083 τῆς
3089 4015 3452 4082 ὑποστάσεως,
3487 4013 3779 4074 δέδεικται.

2124 4102 2316 4174 ’Δνὸμ.
2352 4105 2473 4164 Πῶς
2531 4098 2834 4170 δέδεικται;
2871 4105 3019 4176 ὉρΟ.
3050 4105 3173 4160 ’Ότι
3231 4104 3332 4160 οὐκ
3384 4102 3492 4160 ἔστι
3549 4107 3780 4179 κτίσμα,

2122 4187 2405 4248 δέδεικται.
2437 4190 2506 4244 Τὸ
2553 4187 2610 4244 δὲ
2655 4191 2730 4263 μή
2773 4190 2831 4244 ὃν
2882 4192 3106 4266 κτίσμα,
3139 4195 3172 4262 ἢ
3221 4192 3514 4269 ἀγέννητόν
3543 4193 3714 4268 ἐστιν,

2119 4280 2392 4355 γεννητὸν,
2426 4281 2460 4349 ἢ
2507 4277 2830 4355 ἐκπορευτὸν
2881 4281 2955 4342 ὡς
3001 4279 3052 4350 ἐξ
3101 4281 3305 4339 αἰτίου.
3342 4282 3665 4358 Ἀγέννητος
3718 4281 3776 4338 δὲ

2119 4368 2218 4424 οὐκ
2246 4364 2404 4440 ἔστιν,
2439 4368 2562 4430 Υἱὸς
2604 4365 2677 4421 ὣν
2709 4370 2982 4442 γεννητὸς·
3008 4367 3111 4445 ἄρα
3135 4369 3226 4425 οὖν
3260 4369 3318 4425 ἐκ
3349 4373 3492 4445 (61')
3519 4375 3621 4438 τῆς
3649 4374 3779 4428 ὑπο-

2118 4458 2354 4518 στάσεώς
2385 4459 2497 4530 (62)
2527 4455 2690 4514 ἐστιν.
2723 4452 2913 4530 Ἀνὸμ.
2947 4457 3044 4512 Καὶ
3096 4463 3212 4522 πῶς
3259 4456 3476 4515 δύναται
3533 4461 3669 4515 εἶναι
3715 4461 3778 4518 ἐκ

2115 4554 2212 4616 τῆς
2269 4546 2648 4614 ὑποστάσεως;
2683 4546 2831 4621 ὈρΘ.
2867 4547 2926 4604 Εἰ
2990 4548 3063 4620 μή
3124 4543 3263 4603 ἔστιν
3310 4548 3370 4604 ἐκ
3395 4557 3494 4618 τῆς
3528 4550 3768 4606 ὑποστά-

2113 4656 2269 4706 σεως,
2296 4636 2329 4703 ἢ
2372 4635 2574 4708 κτίσμα
2622 4633 2786 4706 ἐστὶν,
2820 4636 2853 4703 ἢ
2889 4635 3200 4710 ἁγέννητος·
3236 4635 3516 4713 ἀγέννητος
3568 4635 3626 4694 δὶ
3671 4639 3772 4694 οὐχ

2111 4721 2272 4794 ἔστιν,
2303 4724 2428 4786 Υἱὸς
2459 4721 2553 4777 ὥν·
2587 4721 2790 4796 κτίσμα
2839 4723 2937 4778 οὐκ
2979 4723 3140 4780 ἔστιν·
3175 4725 3237 4780 οὐ
3283 4727 3382 4800 γὰρ
3431 4725 3763 4802 ἐνετείλατο,

2107 4813 2197 4866 καὶ
2257 4810 2481 4885 ἐγένετο·
2518 4810 2662 4866 ἀλλὰ
2719 4810 2778 4866 ἐκ
2828 4811 3060 4889 γαστρὸς
3118 4813 3276 4869 αὐτὸν
3337 4812 3646 4888 ἐγέννησεν·
3707 4817 3767 4872 ἐκ

2106 4909 2206 4971 τῆς
2241 4902 2584 4962 ὑποστάσεως
2617 4899 2740 4975 ἄρα,
2773 4902 2863 4957 καὶ
2896 4902 2998 4956 οὐκ
3103 4902 3204 4958 οὐκ
3251 4899 3420 4958 ὄντων
3472 4902 3605 4973 ἐστὶ,
3637 4917 3768 4970 καθ-

2107 4990 2240 5066 άπερ
2287 4991 2354 5044 τὰ
2400 4991 2516 5045 κατ’
2546 4989 2772 5060 ἐντολὴν
2827 4991 3152 5066 ὑπάρξαντα.
3204 4992 3395 5065 Ἀνόμ.
3446 4993 3620 5048 Πάλιν
3672 4994 3764 5050 οὗν

2106 5079 2352 5144 σύνθετον
2415 5078 2656 5151 νομίζεις
2710 5080 2802 5136 τὸν
2863 5083 3010 5151 Θεὸν,
3069 5079 3300 5156 γαστέρα
3352 5079 3546 5157 λέγων.
3613 5083 3762 5159 Ὀρθ.

2105 5171 2199 5239 Μὴ
2232 5167 2446 5246 γένοιτο
2499 5167 2748 5224 σύνθετον
2798 5168 2966 5225 εἰπεῖν
3026 5171 3118 5225 τὸν
3169 5169 3328 5227 Θεόνί
3364 5168 3528 5242 ἀλλὰ,
3579 5171 3765 5235 καθὼς

2263 5380 2307 5417 ⁹⁴
2335 5380 2505 5438 Joan.
2537 5391 2659 5452 vni,
2690 5377 2781 5436 57.
2859 5379 2902 5415 ³⁸
2933 5379 3077 5436 ibid.
3098 5379 3190 5436 58.
3268 5379 3311 5416 9°
3344 5379 3495 5438 Psal.
3527 5379 3722 5454 xxx,“
3745 5423 3761 5448 ,

2169 5655 2282 5727 (6'2)
2309 5659 2372 5709 ’Ἄ
2385 5673 2450 5728 ραι
2481 5648 2557 5708 ὢν
2589 5651 2647 5707 ἐκ
2674 5658 2774 5722 τῆς
2803 5650 2897 5710 ὐπ.
2933 5651 3114 5710 Palat.
