4092 6218
42 259 58 424 Ξ

38 439 58 552 ἑ

36 555 58 654 Γ

32 661 56 828 ξι

398 337 554 401 H35
1561 335 1624 394 S.
1673 333 2191 399 A'l‘HANASIUS.
2223 371 2299 382 —
2330 335 2639 402 SPURIA.
3653 336 3837 402 1136

399 480 489 529 ter
521 472 670 529 Orth.
705 468 880 541 Atqui
912 485 1026 524 non
1059 467 1224 535 dixit,
1273 467 1452 523 Nemo
1481 467 1694 530 bonus,
1747 467 1857 522 nisi
1893 444 2039 522 unus

2160 471 2298 540 'Apa
2332 471 2406 539 μὴ
2443 470 2712 545 μεμίχθαι
2758 470 3026 547 πονηρίαν
3075 475 3144 545 τῇ
3196 472 3485 545 ἀγαθότητι
3534 475 3631 525 τοῦ
3687 472 3838 524 Υἲοῦ

405 565 589 631 Pater,
619 561 742 628 sed,
787 583 813 608 «
851 558 1026 614 Nemo
1060 557 1246 612 bonus
1279 561 1386 623 est,
1433 555 1546 611 nisi
1599 573 1751 609 unus
1814 556 1985 611 Deus.
2023 580 2047 604 ››

403 653 486 708 Τυ
521 666 652 705 vero
685 665 789 704 cur
818 647 966 702 dicis
999 646 1231 701 differre
1263 645 1586 700 bonitatem
1624 643 1804 700 Patris
1861 662 1894 699 a
1951 646 2052 700 bo-

2159 556 2424 628 νομίζεις,
2478 559 2565 612 καὶ
2615 556 2702 613 διὰ
2752 565 2912 614 τοῦτο
2965 557 3232 638 διαφέρειν
3285 560 3384 628 τὴν
3441 564 3539 615 τοῦ
3601 561 3838 633 Πατρὸς

2161 643 2514 719 ἀγαθὸτητα;
2567 649 2758 720 Ἀνόμ,
2792 650 2884 717 Μή
2919 650 3170 724 γένοιτοῐ
3227 649 3290 704 οὐ
3341 646 3484 723 λέγω
3540 648 3838 724 μεμίχθαι

405 742 586 796 nitate
620 737 794 794 Filii?
824 737 972 791 Num
1011 736 1191 807 igitur
1218 735 1526 789 existimas
1571 732 1878 804 quidpiam
1911 733 2039 788 mali

2161 733 2428 811 πονηρίαν
2480 740 2548 810 τῇ
2579 741 2676 792 τοῦ
2709 738 2835 792 Υἳοῦ
2868 737 3184 813 ἀγαθότητι,
3236 736 3382 794 ἀλλᾶ
3427 739 3524 807 τήν
3563 742 3660 793 τοῦ
3705 744 3836 793 Πα-

404 829 730 885 immistum
764 842 892 881 esse
922 823 1166 878 bonitati
1192 822 1345 889 Filii,
1377 838 1566 893 eoque
1592 838 1626 876 a
1657 820 1919 877 bonitate
1945 821 2050 876 Pa-

401 921 508 976 tris
539 917 812 974 differre?
839 917 1031 971 Anam.
1065 914 1267 970 Absit!
1303 931 1416 970 non
1451 915 1580 968 dico
1613 912 1848 969 malitia:
1877 913 2048 985 quid-

403 1011 557 1082 piam
590 1007 920 1063 immistum
955 1021 1082 1059 esse
1103 1003 1352 1059 bonitati
1385 1003 1536 1070 Filii,
1595 1019 1795 1057 verum
1862 1002 2049 1057 Patris

2158 824 2284 898 τρὸς
2317 823 2625 900 {need-tnta
2654 823 2922 905 διαφέρειν
2956 835 3054 897 τῆς
3095 831 3192 882 τοῦ
3241 827 3389 883 Υἳοῦ.
3443 827 3590 900 Ὀρθ.
3635 825 3838 881 Ἀλλὰ

2160 911 2428 1055 ῗγαῖὶότης
2486 913 2827 989 ἀγαθότητῠς
2885 914 3038 971 οὐδὲν
3109 913 3372 995 διαφέρει,
3541 915 3839 990 ἀγαθότης

2188 1022 2322 1056 στν.

401 1098 720 1154 bonitatem
784 1095 1014 1150 differre
1073 1110 1105 1148 a
1153 1091 1281 1148 Filii
1348 1091 1630 1148 bonitate.
1693 1091 1844 1148 Orth.
1906 1091 2018 1148 Sed
2077 1091 2307 1148 bonitas
2355 1110 2388 1149 a
2427 1093 2687 1151 bonitate
2729 1095 2873 1151 nihil
2933 1096 3149 1168 differt,
3221 1101 3516 1168 quatenus
3574 1101 3667 1152 est
3717 1097 3838 1152 bo-

402 1187 576 1243 nitas.

475 1278 559 1332 12.
595 1275 786 1344 Anam,
844 1274 1047 1328 Annon
1082 1285 1214 1326 vero
1273 1271 1370 1327 Dei
1432 1270 1663 1327 bonitas
1721 1269 1914 1326 ditl'ert
1973 1270 2045 1325 ab

403 1383 468 1422 ea
501 1363 778 1429 bonitate,
813 1378 936 1432 quae
967 1361 1026 1416 in
1058 1361 1228 1416 nobis
1259 1360 1390 1415 est?
1436 1361 1589 1416 Orth.
1653 1359 1872 1431 Nempe
1931 1357 2046 1413 alia

402 1453 668 1526 quaedam
701 1449 876 1506 estin
921 1450 1089 1505 nobis
1148 1449 1400 1519 bonitas,
1455 1465 1630 1520 quam
1684 1448 1838 1504 Deus
1894 1448 2043 1518 ipse,

403 1545 592 1598 Anam.
625 1541 809 1598 Judaei
841 1539 1020 1612 igitur
1049 1545 1105 1594 et
1145 1539 1325 1594 Graeci
1385 1539 1681 1593 habentne
1741 1537 1925 1592 Deum
1983 1537 2041 1590 in

405 1631 578 1688 sese?
611 1631 760 1686 Orth.
795 1633 915 1684 Imo
947 1645 1018 1682 ne
1049 1628 1098 1683 is
1129 1628 1365 1699 quidem
1398 1633 1574 1682 Deum
1601 1627 1774 1681 habet
1803 1626 1859 1679 in
1893 1640 2042 1694 sese,

403 1721 504 1794 qui
537 1719 883 1790 simpliciter
912 1716 1124 1772 dicitur
1148 1716 1514 1772 Christianus
1543 1733 1556 1770 :
1590 1717 1689 1770 sed
1723 1715 1774 1770 is
1804 1715 2044 1769 demum

405 1810 598 1874 habet,
633 1806 732 1879 qui
764 1823 974 1876 corpus
1005 1821 1178 1860 suum
1220 1804 1426 1860 afﬂixit
1471 1808 1528 1860 et
1580 1804 1637 1858 in
1701 1803 2041 1858 servitutem

2227 1272 2312 1326 12.
2347 1271 2536 1344 ’Λνόμ.
2570 1271 2643 1326 Οὐ
2674 1269 2916 1350 διαφέρει
2948 1275 2982 1342 ἡ
3014 1276 3112 1328 τοῦ
3156 1277 3292 1328 Θεοῦ
3324 1273 3593 1350 ἆγαθὸτης
3621 1279 3724 1342 τῆς
3767 1272 3834 1328 ἐν

2153 1359 2288 1430 ἡμῖν
2320 1358 2689 1433 ἆγαθότητος;
2727 1363 2877 1436 ὈρΘ.
2901 1363 3051 1417 Ἒστι
3085 1365 3250 1433 (65“)
3288 1363 3387 1436 γὰρ
3420 1360 3473 1416 ἐν
3504 1364 3641 1435 ἡμῖν
3677 1362 3834 1436 ἀγα-

2155 1446 2320 1518 θότης
2351 1447 2494 1517 ἄλλη
2528 1471 2610 1512 τις
2641 1453 2768 1527 παρ’
2799 1451 2958 1506 αὐτὸν
2985 1451 3076 1506 τὸν
3100 1451 3529 1524 Θεόν.Ἀνόμ.Οἱ
3550 1448 3834 1507 Ἰουδαῖοι

2155 1536 2247 1590 οὗν
2279 1537 2370 1591 καὶ
2395 1537 2663 1610 Ἓλληνες
2692 1540 2782 1593 τὸν
2814 1541 2944 1594 Θεὸν
2976 1540 3027 1594 ἐν
3079 1541 3290 1602 ἑαυτοῖς
3335 1535 3557 1614 ἔχουσιν
3586 1559 3599 1609 ;
3653 1541 3831 1615 Ὀρθ.

2155 1623 2306 1683 Ἀλλ’
2339 1623 2463 1681 οὐδὲ
2512 1628 2538 1682 6
2588 1626 2778 1690 ἁπλῶς
2830 1627 3126 1704 λεγόμενος
3160 1629 3495 1705 ’Χριστιανὸς
3541 1629 3592 1683 ἐν
3629 1629 3832 1702 ἐαυτῷ

2155 1713 2270 1790 ἔχει
2327 1718 2418 1772 τὸν
2463 1719 2616 1790 Θεὸν,
2671 1717 2797 1774 ἀλλ’
2855 1719 3060 1781 ἐκεῖνος
3122 1717 3237 1794 ἕχει
3299 1721 3328 1773 6
3391 1721 3699 1781 ὑποπιάσας
3751 1721 3832 1776 τὸ

2155 1809 2314 1877 σῶμα
2341 1807 2430 1860 καὶ
2463 1803 3056 1883 δουλαγιυγήσας,ὥστε
3077 1805 3333 1872 δύνασθαι
3357 1807 3556 1884 λέγειν’
3589 1837 3615 1858 «
3656 1809 3830 1863 Ἐπεὶ

408 1899 560 1954 415
597 1897 838 1968 redegit,
870 1898 936 1950 ut
968 1893 1156 1966 possit
1211 1894 1429 1949 dicere:
1465 1915 1491 1941 ‹‹
1557 1899 1643 1947 An
1674 1887 2039 1965 experimen-

2154 1890 2386 1967 δοκιμὴν
2421 1899 2631 1966 ζητεῖτε
2659 1901 2755 1951 τοῦ
2795 1897 2846 1950 ἐν
2875 1897 2996 1969 ἐμοὶ
3032 1895 3332 1958 λαλοῦντος
3380 1902 3634 1972 Χριστοῦ.
3671 1925 3694 1951 ι
3755 1900 3829 1952 '0

401 1991 528 2044 tum
561 1984 824 2056 quaeritis
853 1984 982 2053 ejus
1003 1982 1103 2053 qui
1137 1982 1194 2036 in
1231 1998 1322 2037 me
1378 1981 1654 2052 loquitur,
1715 1981 1929 2036 Christi
1945 1980 1985 2034 ³.
2015 2002 2036 2027 ιι

401 2075 680 2140 Quienim
714 2073 849 2129 talis
880 2076 989 2139 est,
1023 2071 1188 2126 audit
1217 2089 1250 2127 a
1280 2071 1510 2126 Christo
1537 2089 1549 2126 :
1575 2093 1602 2120 «
1639 2072 1829 2125 Bonus
1862 2069 2041 2124 homo

403 2166 472 2220 de
501 2166 652 2220 bono
687 2163 959 2218 thesauro
991 2160 1184 2216 cordis
1215 2159 1435 2232 profert
1465 2161 1620 2216 bona
1649 2161 1692 2213 ‘.
1758 2182 1784 2207 »
1843 2161 2040 2214 Anam.

402 2255 458 2310 Si
491 2254 681 2308 bonus
712 2256 800 2306 est
822 2251 1015 2314 homo,
1050 2249 1147 2320 qui
1182 2265 1246 2305 ex
1281 2265 1387 2304 suo
1418 2249 1590 2304 corde
1621 2249 1773 2304 bona
1804 2247 2041 2320 profert,

403 2341 692 2415 quomodo
724 2356 894 2395 nemo
913 2340 1101 2394 bonus
1123 2342 1231 2407 est,
1267 2337 1380 2393 nisi
1412 2354 1567 2392 unus
1622 2337 1772 2392 Deus
1803 2341 1826 2392 ξ’
1884 2336 2039 2392 Orth.

403 2431 681 2496 Quoniam
715 2434 864 2484 Deus
897 2444 1011 2482 non
1043 2431 1131 2481 est
1160 2427 1352 2482 bonus
1384 2425 1827 2498 participatione
1871 2424 2043 2480 boni-

404 2520 564 2590 tatis,
589 2519 689 2574 sed
736 2523 825 2574 est
853 2516 981 2589 ipsa
1039 2515 1308 2570 bonitas:
1344 2515 1519 2570 homo
1576 2529 1712 2570 vero
1762 2513 2045 2569 bonitatis

406 2607 850 2682 participatione
880 2605 1068 2660 bonus
1099 2608 1207 2659 est.
1241 2605 1656 2658 Anom.Annon
1681 2601 1872 2675 angeli
1905 2603 2047 2656 sunt

406 2703 616 2754 natura
639 2693 813 2752 boni?
847 2694 997 2750 07th.
1030 2693 1273 2761 Natura,
1343 2708 1754 2764 nequaquam:
1817 2689 2048 2763 partici-

408 2789 664 2862 patione,
697 2784 890 2858 plane.
925 2782 1075 2838 Nam
1109 2781 1264 2853 quod
1299 2786 1508 2836 natura
1537 2780 1755 2835 bonum
1790 2783 1898 2846 est,
1929 2795 2044 2835 non

407 2879 688 2946 mutatur,
717 2876 1001 2946 quantum
1035 2871 1105 2926 ad
1150 2870 1229 2939 id,
1263 2869 1418 2942 quod
1451 2875 1538 2924 est
1583 2873 1812 2924 natura.
1847 2869 2042 2924 Anam.

408 2965 664 3037 Exempli
692 2965 909 3019 causa?
935 2960 1086 3017 Orth.
1120 2960 1304 3015 Homo
1338 2963 1548 3014 natura
1608 2975 1721 3014 non
1784 2962 2047 3013 mutatur

406 3057 616 3126 (neque
648 3053 804 3108 enim
837 3051 900 3106 fit
931 3049 1090 3105 aliud
1115 3048 1343 3119 natura)
1371 3065 1384 3116 ;
1419 3047 1516 3103 sed
1551 3045 1746 3103 studio
1788 3051 1843 3102 et
1875 3047 2048 3102 mori-

406 3147 518 3199 bus
549 3144 845 3196 mutatur:
893 3139 1185 3210 siquidem
1243 3137 1518 3192 eumdem
1576 3136 1748 3191 modo
1803 3137 2045 3203 bonum,

411 3231 582 3286 modo
615 3228 835 3283 malum
867 3227 1117 3282 videbis:
1154 3231 1216 3280 ut
1247 3226 1517 3283 Paulum.
1577 3225 1748 3280 modo
1807 3223 2044 3295 quidem

408 3323 864 3393 persecutorem,
903 3315 1076 3370 modo
1104 3331 1236 3370 vero
1271 3313 1561 3385 Evangelii
1594 3329 1918 3384 praeconem
1947 3331 1960 3380 ;
1994 3318 2052 3368 et

402 3409 675 3464 eumdem
708 3405 880 3460 modo
913 3402 1126 3459 Christi
1157 3401 1536 3474 discipulum,
1566 3401 1736 3457 modo
1786 3402 2047 3473 prodito-

403 3514 547 3562 rem,
584 3500 646 3551 ut
671 3495 882 3550 Judam
914 3509 926 3546 :
961 3497 1020 3547 et
1041 3490 1278 3564 angelos
1310 3491 1481 3547 modo
1530 3491 1766 3562 quidem
1837 3490 2045 3562 malos,

403 3587 575 3643 modo
607 3601 740 3640 vero
774 3585 974 3639 bonos.
1010 3583 1204 3636 Anam.
1237 3579 1388 3635 Num
1439 3597 1572 3635 vero
1606 3579 1818 3652 angeli,
1871 3581 2044 3635 modo

401 3676 562 3744 mali,
597 3675 766 3728 mobo
806 3672 986 3726 boni?
1021 3671 1188 3727 Orlh.
1247 3669 1549 3740 Scriptura
1598 3668 1829 3738 inquit:
1866 3692 1892 3716 (ι
1949 3669 2042 3723 Et-

397 3766 552 3822 enim
589 3764 635 3819 si
670 3761 916 3834 angelis,
942 3761 1037 3832 qui
1089 3765 1424 3830 pcccarunt,
1475 3775 1590 3812 non
1650 3758 1908 3829 pepercit
1937 3757 1976 3812 ⁵.
2011 3780 2038 3806 ›.ι

394 3857 464 3910 Αι
497 3855 544 3910 si
580 3856 910 3926 peccarunt,
944 3853 1096 3906 certe
1128 3848 1469 3904 exciderunt
1502 3846 1780 3901 bonitate.
1813 3851 1874 3900 In
1909 3847 2038 3901 uni-

394 3961 627 4000 versum
662 3941 914 4012 denique
943 3938 1173 3995 condita
1199 3953 1289 3993 res
1334 3937 1527 3992 omnis
1565 3941 1674 3990 Deo
1735 3936 1933 4006 digna,
1985 3945 2041 3992 et

393 4040 483 4089 est
503 4039 559 4088 ct
591 4032 803 4087 dicitur
841 4031 994 4084 bona
1027 4028 1098 4083 oh
1149 4026 1659 4099 participationem
1725 4025 2032 4082 bonitatis:

395 4128 545 4176 Deus
574 4137 728 4188 vero,
763 4119 862 4191 qui
889 4119 1078 4175 bonus
1107 4122 1195 4172 est
1253 4121 1484 4185 natura,
1544 4120 1633 4169 est
1683 4114 1811 4186 ipsa
1861 4115 2034 4171 boni-

389 4216 514 4278 tas;
576 4208 961 4280 quamobrcm
995 4205 1170 4262 etiam
1234 4222 1403 4260 nemo
1453 4205 1664 4270 bonus,
1722 4204 1834 4258 nisi
1876 4221 2030 4260 unus

2149 1982 2249 2058 γὰρ
2279 1980 2523 2046 τοιοῦτος
2552 1984 2732 2039 ἀκούει
2766 1986 2910 2061 παρὰ
2929 1990 3026 2040 τοῦ
3058 1987 3311 2061 Χριστοῦ·
3349 1987 3457 2042 σὈ
3489 1986 3686 2061 ἀγαθὸς
3719 1987 3828 2040 ἆν-

2153 2083 2369 2146 θρωπος
2401 2071 2458 2126 ἐκ
2485 2077 2582 2127 τοῦ
2615 2075 2815 2148 ἀγαθοῦ
2847 2077 3122 2150 Θησαυροῦ
3162 2082 3260 2143 τῆς
3288 2072 3507 2150 καρδίας
3539 2076 3825 2152 προφέρει

2151 2160 2217 2215 τὰ
2245 2161 2434 2236 ἀγαθά.
2471 2186 2499 2213 ιι
2528 2162 2722 2241 Ἀνὸμ.
2757 2163 2820 2217 Εἰ
2852 2160 2992 2218 ἔστιν
3025 2163 3226 2238 ἀγαθὸς
3256 2164 3535 2240 ἅνθρωπος
3586 2165 3614 2218 6
3665 2184 3824 2238 προ-

2153 2250 2327 2324 φέρων
2364 2248 2423 2304 ἐκ
2449 2252 2546 2319 τῆς
2585 2248 2805 2323 καρδίας
2852 2252 2918 2306 τὰ
2962 2252 3150 2328 ἀγαθὰ,
3201 2257 3317 2313 πῶς
3371 2249 3544 2313 ο·ἰδεὶς
3599 2252 3826 2327 ἀγαθὸς

2154 2339 2198 2394 εἰ
2253 2340 2328 2411 μὴ
2390 2341 2465 2401 εἷς
2520 2340 2548 2394 6
2597 2341 2766 2410 Θεός;
2811 2342 2956 2416 Ὀρθ.
3004 2343 3120 2395 ’Ότι
3176 2341 3204 2394 6
3237 2342 3372 2403 Οεὸς
3410 2340 3471 2395 οὗ
3503 2341 3638 2395 κατὰ
3675 2362 3821 2413 μετ-

2155 2428 2296 2503 οχὴν
2357 2429 2691 2504 ἀγαθότητός
2748 2429 2887 2484 ἐστιν
2944 2431 3168 2505 ἀγαθὸς,
3229 2429 3354 2486 ἀλλ’
3419 2429 3578 2490 αὐτός
3658 2429 3816 2485 ἐστιν

2156 2516 2447 2592 ἀγαοότης·
2491 2519 2519 2572 6
2550 2515 2608 2572 δὲ
2663 2516 2945 2592 ἄνθρωπος
3005 2523 3218 2594 μετοχῇ
3269 2511 3600 2593 ἀᾷαθότητὸς
3662 2518 3822 2574 ἐστιν

2155 2607 2374 2681 ἀγαθός.
2422 2607 2610 2680 Ἀνόμ.
2672 2607 2769 2661 Καὶ
2815 2608 2867 2661 οἱ
2911 2607 3136 2683 ἄγγελοι
3184 2607 3283 2662 οὐκ
3335 2607 3467 2662 εἶσὶν
3515 2608 3708 2682 ἀγαθοὶ
3739 2612 3820 2682 τῇ

2156 2694 2347 2773 quiest;
2409 2696 2558 2770 Ὀρο.
2610 2696 2689 2767 Τῇ
2733 2696 2906 2773 φύσει,
2978 2694 3060 2750 οῦ·
3125 2701 3359 2771 μετοχῇ,
3418 2695 3523 2750 ναί.
3581 2694 3654 2750 Τὸ
3703 2698 3820 2772 γὰρ

2156 2783 2212 2838 δν
2270 2787 2338 2857 τῇ
2395 2782 2548 2860 φύσει
2607 2783 2823 2858 ἀγαθὸν,
2879 2783 2910 2838 6'
2966 2783 3075 2839 ἐστι
3133 2789 3201 2858 τῇ
3263 2784 3437 2862 φύσει,
3498 2783 3558 2839 οὐ
3611 2786 3820 2859 τρέπε-

2153 2893 2262 2928 ται.
2310 2872 2502 2944 Ἀνόμ.
2555 2873 2685 2930 Οἴον
2735 2872 2831 2942 τίς
2885 2874 3033 2948 Ὀρθ.
3085 2875 3404 2949 ’Ἄνθρωπος
3452 2877 3520 2938 τῆ
3553 2873 3706 2951 φύσει
3745 2875 3818 2929 οὗ

2153 2961 2425 3033 τρέπεται·
2486 2960 2548 3015 οῦ
2606 2961 2708 3036 γὰρ
2758 2961 2962 3036 γίνεται
3014 2959 3156 3016 ἄλλο
3201 2983 3252 3016 τι
3299 2965 3368 3026 τῆ
3420 2961 3592 3039 φύσει·
3647 2965 3716 3034 τῇ
3753 2961 3818 3017 δὲ

2156 3049 2464 3127 προαιρέσει
2493 3050 2763 3125 τρέπεται·
2795 3049 2884 3104 τὸν
2918 3049 3022 3125 γὰρ
3076 3049 3234 3104 αὐτὸν
3269 3046 3387 3124 ὄψει
3447 3051 3579 3104 ποτὲ
3630 3071 3815 3121 πονη-

2158 3141 2268 3215 ρὸν,
2300 3141 2432 3194 ποτὲ
2461 3139 2675 3214 ἀγαθόν·
2711 3140 2783 3200 ὡς
2815 3137 3052 3211 Παῦλον,
3085 3140 3218 3194 ποτὶ
3256 3139 3350 3211 μὶν
3379 3136 3642 3210 διώκτην,
3675 3141 3818 3195 ποτὲ

2161 3226 2217 3284 δὲ
2249 3225 2656 3302 εὐαγγελιστήν·
2689 3226 2776 3281 καὶ
2815 3228 2908 3282 τὸν
2957 3225 3115 3281 αὐτὸν
3162 3228 3294 3282 ποτὲ
3349 3227 3622 3300 μαθητὴν,
3673 3227 3817 3283 ποτὶ

2159 3315 2432 3392 προδότην
2492 3318 2604 3390 (66)
2650 3316 2723 3378 ὡς
2781 3316 2870 3370 τὸν
2924 3313 3150 3372 Ἰούδαν·
3201 3315 3289 3370 καὶ
3340 3314 3624 3391 ἅγγέλοος,
3677 3318 3814 3372 ποτὲ

2161 3407 2255 3480 μὲν
2289 3405 2584 3477 πονηρους,
2617 3406 2748 3460 ποτε
2779 3402 2834 3459 δὲ
2884 3404 3130 3480 ἀγαθούς.
3185 3404 3368 3477 Ἀνόμ,
3430 3405 3528 3458 Καὶ
3583 3405 3688 3481 γὰρ
3753 3407 3812 3460 οἱ

2155 3495 2379 3572 ἄγγελοι
2436 3497 2566 3549 ποτὶ
2625 3493 2879 3569 πονηροὶ,
2928 3493 3017 3548 καὶ
3066 3495 3197 3548 ποτὲ
3237 3493 3466 3569 ἀγαθοῖς
3530 3495 3682 3569 Ὀρθ.
3741 3500 3810 3551 Ἡ

2155 3586 2339 3662 Γραφὴ
2391 3585 2557 3639 εἶπεν·
2611 3608 2638 3634 ‹‹
2691 3583 2752 3640 Ei
2802 3583 2904 3658 γὰρ
2957 3581 3206 3658 ἀγγέλων
3237 3583 3668 3658 ἁμαρτησάντων
3705 3583 3810 3638 οῦκ

2154 3672 2420 3752 ἐφείσατο.
2464 3698 2490 3723 ιι
2545 3672 2610 3728 Ei
2660 3669 2716 3726 δὲ
2774 3670 3047 3747 ἥμαρτον,
3079 3668 3272 3740 δῆλον,
3307 3671 3389 3726 ὅτι
3421 3671 3670 3741 ἐξέπεσον
3701 3679 3808 3741 τῆς

2148 3758 2498 3837 ἀγαθότητος.
2529 3760 2628 3816 Καὶ
2661 3759 2897 3814 καθόλου
2931 3766 3074 3814 πᾶσα
3103 3762 3136 3830 ἡ
3189 3760 3307 3830 ἀξία
3354 3764 3450 3814 τοῦ
3501 3765 3637 3814 Θεοῦ
3686 3761 3810 3814 κτί-

2149 3872 2229 3912 σις
2283 3849 2493 3924 μετοχῇ
2541 3849 2870 3923 ἀγαθότητος
2921 3848 3132 3925 λέγεται
3179 3848 3270 3902 καί
3323 3847 3462 3903 ἔστιν
3521 3849 3716 3921 ἀγαθή·
3773 3851 3804 3903 6

2148 3937 2204 3994 δὲ
2236 3941 2384 4006 Θεὸς,
2418 3939 2570 4014 φύσει
2605 3938 2674 3991 ὥν
2709 3937 2929 4012 ἀγαθὸς,
2960 3938 3119 3999 αὐτός
3169 3936 3309 3992 ἐστιν
3361 3937 3655 4011 ἂγαθότης·
3710 3935 3807 3992 διεὶ

2145 4030 2234 4084 καὶ
2263 4026 2439 4090 οὐδεὶς
2493 4027 2713 4102 ἀγαθὸς,
2764 4027 2808 4081 εἷ
2862 4028 2936 4099 μή
2986 4029 3062 4088 εἷς
3113 4027 3142 4080 6
3186 4025 3335 4087 Θεός.
3385 4025 3576 4098 Ἀνομ.
3631 4028 3736 4082 Καὶ
3774 4029 3804 4081 ὸ

2147 4119 2264 4180 Υἱὸς
2322 4116 2411 4172 οὖν
2471 4116 2643 4178 οὕτως
2702 4115 2841 4170 ἐστὶν
2897 4115 3114 4190 ἀγαθὸς,
3177 4115 3250 4176 ὡς
3307 4116 3334 4168 6
3384 4117 3604 4190 Πατήρ;
3640 4117 3804 4187 Ὀρθ.

2143 4207 2238 4261 Καὶ
2271 4206 2429 4262 πάνυ.
2491 4205 2678 4277 ’Λνὸμ.
2727 4204 2824 4258 Κατ.
2875 4208 2988 4265 πῶς
3044 4201 3266 4258 δῦναται
3310 4202 3555 4280 λέγεσθαι
3612 4227 3641 4253 ι(
3689 4205 3803 4261 Οὐ-

386 4300 562 4354 Deus.
611 4299 802 4353 Anam.
859 4297 1004 4367 Ergo
1067 4293 1255 4350 Filius
1330 4295 1520 4349 bonus
1571 4297 1678 4359 est,
1725 4297 1787 4348 ut
1822 4293 2031 4349 Pater?

2152 4294 2249 4358 Ξεῖς
2300 4295 2524 4370 ἀγαθὸς,
2573 4293 2618 4348 εἰ
2670 4295 2746 4366 μή
2799 4293 2874 4354 εἷς
2925 4295 2952 4348 6
3005 4294 3156 4365 Θεὸς,
3192 4316 3220 4343 ››
3251 4292 3372 4354 Υἱὸς
3400 4292 3488 4346 καὶ
3523 4293 3716 4363 Πατήρ
3751 4293 3804 4348 εἷ

397 4389 550 4444 ΟνΗι.
609 4388 758 4442 Sane
818 4385 1078 4458 quidem.
1127 4385 1316 4439 Anam.
1390 4381 1566 4453 Ecqui
1626 4382 1740 4436 dici
1801 4387 2026 4454 potest:

393 4501 417 4531 ι
450 4478 629 4532 Nemo
662 4475 870 4545 bonus,
906 4473 1014 4529 nisi
1051 4490 1206 4528 unus
1250 4478 1418 4538 Deus,
1456 4494 1476 4519 ιι
1519 4470 1567 4525 si
1601 4470 1783 4526 Filius
1811 4476 1867 4526 et
1923 4472 2028 4527 Pa—

381 4573 490 4634 ter,
525 4564 700 4621 boni?
733 4587 759 4613 »
795 4563 945 4620 Orth.
986 4566 1157 4617 Pater
1180 4566 1235 4616 et
1270 4559 1445 4614 Filius
1476 4563 1615 4615 sunt
1663 4576 1819 4614 unus
1850 4560 2024 4629 Deus,

2138 4386 2267 4446 Θεὸς
2327 4386 2477 4457 (67);
2537 4383 2686 4457 Ὀρο.
2737 4383 2828 4443 Εἷς
2879 4381 3009 4443 Θεὸς
3059 4381 3180 4443 Υἱὸς
3230 4381 3320 4435 καὶ
3373 4381 3580 4455 Πατὴρ,
3630 4381 3693 4435 οὗ
3725 4386 3798 4455 τῇ

2139 4474 2446 4544 ὑποστάσει,
2479 4468 2626 4526 ἀλλὰ
2654 4475 2733 4542 τῷ
2763 4469 2912 4542 αὐτῷ
2944 4467 3095 4543 λόγῳ
3120 4471 3220 4538 τῆς
3252 4469 3457 4523 οὐσίας·
3493 4469 3569 4530 ὼς
3592 4471 3797 4534 πάντες

2137 4561 2412 4638 ἅνθρωποι
2465 4560 2516 4615 ἐν
2567 4561 2787 4635 Χριστῷ
2835 4560 2934 4626 εἷς,
2989 4557 3049 4612 οὗ
3080 4562 3150 4632 τῇ
3182 4557 3493 4627 ὑποστάσει,
3533 4556 3682 4613 ἀλλὰ
3712 4566 3800 4632 τῷ

383 4673 496 4711 non
531 4653 852 4727 hypostasi,
888 4653 987 4708 sed
1017 4652 1220 4707 eadem
1283 4647 1627 4704 substantia)
1659 4649 1916 4704 ratione:
1963 4657 2026 4707 ut

2152 4650 2291 4726 λόγῳ
2337 4652 2435 4719 τῆς
2484 4647 2664 4710 οὐσίας
2714 4648 2801 4701 καὶ
2834 4652 2953 4709 ταῖς
2986 4645 3347 4724 συμφωνίαις.
3381 4645 3574 4718 Ἀνόμ.
3606 4646 3796 4702 Ἄλλο

379 4761 580 4799 omnes
613 4743 879 4798 homines
926 4745 1067 4797 sunt
1124 4757 1276 4794 unus
1335 4739 1393 4793 in
1453 4737 1706 4804 Christo,
1759 4755 1872 4792 non
1932 4739 2030 4812 by.
2082 4812 2084 4815 ι

379 4832 618 4904 postasi,
653 4832 751 4887 sed
782 4829 1001 4886 ratione
1031 4827 1393 4896 substantiae,
1427 4833 1484 4882 et
1524 4829 1596 4881 ob
1627 4828 2021 4883 concordiam.

379 4923 568 4976 Anam.
622 4920 928 4976 Enimvero
1013 4935 1206 4974 annon
1293 4917 1451 4972 aliud
1522 4921 1611 4971 est
1669 4917 2021 4988 substantia,

376 5011 532 5064 aliud
565 5008 897 5081 hypostasis
927 5007 954 5062 ?
988 5006 1140 5062 Orth.
1195 5005 1366 5061 Aliud
1429 5010 1486 5060 et
1545 5005 1725 5076 aliud,
1777 5023 1892 5061 non
1936 5010 2021 5062 ta-

375 5115 503 5154 men
539 5104 751 5153 utres.
806 5099 1000 5152 Anam.
1061 5096 1209 5167 Ergo
1269 5095 1615 5167 compositio
1668 5095 2016 5150 invenietur.

374 5187 524 5243 Orth.
595 5185 764 5242 Aliud
825 5190 882 5240 et
934 5185 1089 5240 aliud
1153 5183 1290 5251 dixi,
1353 5201 1467 5239 non
1523 5187 1718 5239 tamen
1773 5189 1836 5239 ut
1895 5203 2015 5242 rem

438 5356 460 5389 ³
489 5347 533 5402 ΙΙ
563 5350 671 5404 Cor
713 5363 834 5416 xm,
866 5346 923 5402 3.
1026 5347 1048 5380 ⁴
1080 5344 1261 5400 Math.
1293 5359 1396 5413 xu,
1437 5343 1518 5399 l3.
1595 5344 1616 5378 ⁸
1646 5344 1696 5399 ΙΙ
1721 5345 1872 5401 Petr.
1905 5363 1966 5419 ιι,
1993 5347 2046 5403 4.

441 5527 600 5598 (65“)
626 5527 843 5583 Sensus
873 5524 1150 5597 postulat,
1183 5523 1240 5579 ni
1289 5521 1478 5593 fallor,
1530 5527 1595 5578 ut
1641 5522 1867 5596 legatur
1918 5523 2016 5580 οὐκ

369 5596 477 5652 ἔστι
515 5596 670 5654 Enrr.
705 5596 947 5654 PATROL.

444 5672 550 5746 (66)
581 5668 674 5723 Καὶ
704 5667 795 5724 τὸν
832 5667 1080 5741 μαθητὴν
1114 5665 1246 5722 ποτὶ
1273 5661 1330 5721 δὲ
1358 5661 1516 5722 ποοδ.
1546 5665 1731 5724 Palat.

2135 4740 2233 4817 γάρ
2265 4739 2404 4794 ἐστιν
2455 4737 2630 4806 οὐσία,
2693 4736 2781 4791 καὶ
2832 4735 2974 4791 ἄλλο
3031 4735 3364 4805 ὑπόστασιςς
3425 4735 3574 4810 Ὀρθ.
3608 4734 3796 4792 ’Ἄλλο

2134 4829 2222 4884 καὶ
2256 4827 2420 4896 ἄλλο,
2483 4826 2591 4903 οὐχ
2622 4826 2696 4888 ὡς
2728 4831 2976 4902 πρᾶγμα.
3029 4823 3224 4896 Ἀνόμ.
3276 4822 3486 4881 Οὐκοῦν
3521 4826 3797 4892 συνθεσις,

2135 4920 2281 4994 Ὀρο.
2317 4914 2491 4974 Ἀλλο
2522 4915 2610 4970 καὶ
2645 4915 2807 4982 ἂλΛο,
2862 4912 3034 4968 εἶπον·
3087 4911 3195 4988 οὐχ
3245 4912 3319 4974 ὡς
3370 4917 3602 4986 πρᾶγμα
3647 4910 3796 4968 ἄλλο

2129 5009 2218 5062 καὶ
2253 5005 2415 5075 ἄλλο,
2447 5003 2574 5062 ἀλλ’
2605 5003 2678 5066 ὡς
2713 5001 2854 5058 ἄλλο
2886 5023 2936 5056 τι
2980 5001 3354 5074 σημαινούσης
3401 5008 3500 5072 τῆς
3555 5001 3796 5057 ὑποστά-

2131 5117 2288 5168 σεως,
2319 5097 2408 5149 καὶ
2468 5093 2608 5150 ἄλλο
2660 5115 2712 5148 τι
2762 5099 2862 5162 τῆς
2913 5090 3119 5154 οὐσίας·
3163 5091 3239 5153 ὡς
3271 5091 3299 5145 6
3329 5089 3530 5152 κόκκος
3551 5112 3604 5146 τι
3638 5090 3793 5145 σίτου

2129 5185 2309 5260 λέγετε
2331 5206 2368 5252 ι,
2401 5183 2491 5238 καὶ
2525 5181 2634 5238 ἔστι
2668 5183 2881 5257 σπέρμα
2929 5180 3018 5235 καὶ
3068 5180 3275 5256 καρπὸς
3321 5179 3428 5256 οὐχ
3453 5180 3530 5242 ὡς
3559 5187 3795 5256 πρᾶγμα

2197 5526 2312 5598 (67)
2346 5527 2430 5582 Ita
2453 5523 2783 5598 Beg._Editi
2816 5521 3082 5598 γενεὴ-ὡς
3124 5520 3153 5575 6
3192 5520 3389 5598 yet-5159
3406 5538 3430 5598 _;
3490 5520 3641 5598 Ὀρθζ
3688 5518 3787 5582 Εἷς

2126 5589 2276 5665 Θεὸς,
2294 5589 2418 5654 ὀὶο.
2450 5589 2581 5653 Mai
2609 5595 2865 5652 Felckm.
2894 5589 3149 5666 δι’Βθεη
3181 5589 3442 5664 ἀλλατῷ
3468 5589 3653 5664 ταύτῷ
3677 5598 3785 5660 τῆς

2127 5671 2332 5740 Palat,
2362 5671 2443 5741 τῷ
2469 5672 2692 5736 ταυτῆς.

4057 4441 4059 4489 |

4055 4527 4057 4575 |

4053 4601 4055 4661 1

4051 4687 4053 4745 1

4049 4767 4051 4831 1

4043 4847 4049 4924 1

4041 4937 4047 5014 1

4043 5017 4045 5087 1

4037 5097 4043 5343 1

4035 5367 4037 5427 1

4031 5449 4035 5533 1
