4092 6218
377 378 532 440 “3'7

1359 386 1454 445 DE
1500 387 1800 445 SANCTA
1848 381 2278 442 'l‘RlNlTATE
2326 382 2711 442 DlALUGUS
2756 382 2804 442 Ι.

3635 385 3790 447 H38

377 509 522 567 ἄλλο
569 513 656 568 καὶ
709 511 869 570 ἄλλο’
906 513 1048 572 ἄλλο
1097 515 1152 573 δέ
1201 540 1249 572 τι
1293 517 1547 591 σημαίνει
1578 517 1640 572 τὸ
1671 516 1905 590 σπέρμα,
1938 535 1986 568 κε

2105 579 2109 584 _
2143 513 2316 570 aliam
2351 519 2408 570 et
2440 515 2612 569 aliam
2642 532 2653 570 :
2689 516 2788 570 sed
2822 517 2975 586 quod
2997 515 3329 588 hypostasis
3353 517 3590 587 quidem
3623 519 3780 576 aliud

374 599 518 656 ἄλλο
561 623 613 656 τι
663 603 888 678 καρπός’
939 603 1021 660 ὅτι
1071 607 1134 662 τὸ
1177 607 1270 680 μὲν
1318 607 1532 680 σπέρμα
1567 611 1671 661 τοῦ
1725 603 2026 678 μέλλοντος

375 687 644 763 γεωργίου
675 689 787 744 ἐστὶ
819 697 1054 769 σπέρμα·
1092 695 1118 750 ὁ
1151 691 1208 749 δὲ
1255 695 1460 770 καρπὸς
1513 699 1609 749 τοῦ
1656 691 2022 766 παρελθόντος

373 776 646 853 γεωργίου
678 777 789 834 ἐστί
818 781 1046 857 καρπός.

2135 603 2420 676 quiddam
2455 603 2765 676 signiﬁcet,
2801 604 2958 659 aliud
2993 622 3120 660 vero
3171 604 3425 660 essentia
3478 623 3490 660 :
3547 611 3610 662 ut
3658 625 3784 680 gra-

2135 709 2276 748 num
2305 693 2580 748 frumenti
2631 694 2867 763 dicitur,
2925 698 2982 749 et
3039 697 3128 751 est
3183 698 3308 749 tum
3369 711 3592 764 semen,
3653 701 3776 752 tum

2134 782 2359 837 fructus
2391 797 2404 837 :
2443 799 2555 836 non
2589 787 2651 837 ut
2682 799 2772 837 res
2825 782 2938 837 alia
2988 787 3164 854 atque
3193 782 3306 838 alia
3339 801 3352 852 ;
3387 783 3545 839 aliud
3579 790 3772 842 autem

371 868 666 938 signiﬁcat
695 887 918 940 semen,
954 871 1112 928 aliud
1146 873 1393 942 fructus,
1430 873 1706 946 quoniam
1737 889 1938 928 semen
1970 871 2204 943 quidem
2241 872 2447 927 futuras
2478 871 2720 927 culturae
2747 888 2970 942 semen,
3004 872 3230 927 fructus
3278 889 3412 929 vero
3442 877 3532 929 est
3579 879 3778 946 praete-

369 955 415 1009 ri
427 961 494 1010 tas
526 957 773 1015 culturae
805 961 1050 1018 fructus.

441 1064 525 1118 13.
561 1060 750 1136 Ἀνόμ.
783 1065 843 1120 Τί
892 1067 1145 1140 σημαίνει
1181 1071 1212 1137 ἡ
1250 1067 1428 1138 οὐσία,
1459 1067 1548 1122 καί
1598 1066 1651 1122 τί
1710 1070 1744 1137 ἡ
1788 1066 2020 1122 ὑπόστα-

544 1153 555 1170 .
745 1155 757 1169 .
908 1153 921 1172 ,
973 1155 984 1174 ,
1119 1157 1132 1170 .
1739 1156 1750 1176 ,
2002 1154 2014 1170 ε

366 1169 489 1219 σις;
561 1153 693 1228 Opi).
762 1155 808 1210 Η
865 1175 1021 1209 ουσια
1074 1177 1174 1224 την
1233 1156 1524 1227 κοινότητα
1579 1176 1864 1228 σημαινει·
1929 1176 2017 1209 και

363 1237 419 1294 εἷ’
455 1240 510 1294 τί
559 1239 698 1296 ἐστιν
750 1240 886 1298 ἴδιον
936 1251 1036 1313 τῆς
1087 1244 1292 1311 οὐσίας,
1325 1251 1490 1301 τοῦτο
1520 1245 1699 1300 κοινόν
1749 1245 1859 1300 ἐστι
1904 1249 2012 1299 τῶν

366 1328 711 1384 ὑποστάσεων
739 1337 846 1386 τῶν
877 1331 982 1387 ὑπὸ
1009 1334 1106 1401 τὴν
1143 1334 1341 1389 οὐσίαψ
1376 1338 1410 1404 ἡ
1445 1332 1502 1390 δὲ
1544 1336 1830 1396 ὑπόστασις
1881 1331 2013 1388 ἰδιό-

349 1438 492 1486 τητα
521 1413 658 1494 ἔχει,
693 1419 814 1489 ἥτις
849 1421 951 1476 οὐκ
982 1419 1091 1478 ἔστι
1125 1425 1282 1493 κοινὴ
1314 1429 1422 1478 τῶν
1453 1427 1550 1493 τῆς
1601 1423 1770 1493 αὐτῆς
1821 1422 2006 1484 οὐσίας

355 1506 721 1581 ὑποστάσεων,
759 1511 893 1581 μετὰ
921 1515 1016 1566 τοῦ
1045 1512 1136 1566 καὶ
1163 1513 1393 1586 ἀριθμὸν
1429 1511 1792 1588 ἐπιδέχεσθαι.
1812 1512 2003 1585 Ἀνόμ..

346 1596 407 1650 Ἠ
461 1595 561 1671 γὰρ
611 1597 768 1653 οὐσία
816 1598 915 1654 οὐκ
959 1597 1077 1676 ἔχει
1133 1599 1416 1670 tatam—ca;
1471 1605 1620 1678 Ὀρθ.
1671 1599 1808 1660 Οὔτε
1864 1598 2000 1656 ἰδιό-

343 1704 484 1754 τητα
543 1684 684 1761 ἔχει,
734 1690 810 1760 μὴ
866 1687 1027 1744 οὖσαν
1073 1691 1261 1758 κοινήν
1305 1695 1412 1745 τῶν
1471 1698 1570 1760 τῆς
1620 1690 1799 1752 οὐσίας
1868 1691 1998 1745 ὑπο-

343 1774 603 1829 στάσεων·
656 1773 778 1831 οὕτε
824 1777 1053 1852 ἀριθμὸν
1104 1778 1472 1848 πληθυντικὸν
1524 1778 1852 1856 ἐπιδέχεται,
1901 1780 1997 1853 μία

343 1861 490 1918 οῦσα.
524 1864 596 1918 Τὸ
628 1862 685 1918 3‘s
717 1866 948 1940 ἀριθμὸν
997 1866 1362 1937 πληθυντικὸν
1421 1867 1811 1943 ἐπιδεχόμενον
1864 1869 1992 1922 πάν-

340 1972 450 2014 τως
484 1948 732 2022 ἰδιότητα
763 1951 898 2030 ἔχει·
931 1956 1020 2010 καὶ
1050 1957 1114 2011 τὸ
1145 1954 1272 2032 ἔχον
1308 1955 1555 2026 ἰδιότητα
1599 1958 1826 2034 ἀριθμὸν
1873 1956 1996 2012 ἐπι-

343 2035 582 2115 δέχεται.
620 2042 762 2111 Αὐτή
821 2045 925 2118 γὰρ
981 2047 1016 2114 ἡ
1078 2043 1287 2115 ἰδιότης
1345 2045 1436 2099 τὸν
1492 2046 1720 2122 ἀριθμὸν
1772 2045 1990 2121 εἰσάγει.

341 2129 534 2202 Ἀνόμ.
595 2131 672 2186 Οὐ
718 2138 850 2204 νοῶ,
909 2133 938 2188 ὃ
999 2132 1199 2208 λὲγεις·
1263 2135 1378 2189 εἰπὲ
1436 2137 1776 2213 σαφέστερον.
1839 2137 1990 2210 Ὀρθ.

341 2217 525 2293 Λέγεις
585 2220 716 2273 εἶναι
773 2225 871 2276 τοῦ
931 2222 1139 2297 Πατρὸς
1197 2223 1296 2288 τὴν
1355 2222 1534 2277 οὐσίαν
1591 2223 1988 2293 ἀθάνατον,καὶ

341 2309 638 2386 ἄφθαρτον,
671 2310 761 2364 καὶ
787 2309 1040 2382 ἀόρατον,
1067 2311 1156 2365 καὶ
1190 2308 1655 2386 δημιουργὸν,καὶ
1686 2313 1813 2368 Θεόν

338 2397 531 2469 Ἀνόμ.
567 2398 688 2455 Ναί.
734 2399 880 2473 Ὀρθ.
919 2399 1015 2452 Καὶ
1061 2400 1152 2454 τὸν
1198 2401 1318 2454 Υἱὸν
1372 2398 1553 2475 λέγεις
1599 2400 1806 2473 ὁμοίως
1863 2400 1988 2464 ἀθά-

335 2507 513 2556 νατον,
561 2486 652 2541 καὶ
699 2487 991 2563 ἄφθαρτον,
1034 2488 1123 2543 καὶ
1180 2489 1430 2565 ἀόρατον,
1475 2491 1563 2544 καὶ
1622 2487 1984 2564 δημιουργὸν,

334 2572 424 2626 καί
473 2573 647 2644 Θεόν;
682 2575 870 2648 Ἀνόμ.
907 2575 1027 2633 Ναί.
1081 2579 1225 2652 Ὀρθ.
1257 2581 1460 2653 Ὥσπερ
1509 2576 1599 2633 οῦν
1651 2577 1823 2654 λὲγεις
1887 2584 1982 2633 τοῦ

335 2663 544 2737 Πατρὸς
584 2664 684 2732 τὴν
736 2663 916 2718 οὐσίαν
967 2667 1246 2736 ἀθάνατον,
1280 2668 1568 2744 ἄφθαρτον,
1600 2667 1851 2742 ἀόρατον,
1883 2665 1981 2738 δη-

339 2752 624 2828 μιουργὸν,
660 2750 804 2807 οὕτω
845 2755 1062 2809 καὶτοῦ
1093 2756 1220 2809 Υἱοῦ
1271 2755 1448 2832 λὲγεις
1500 2759 1612 2830 (69)
1658 2757 1758 2824 τήν
1815 2756 1980 2825 αὐτὴν

336 2838 558 2908 οὖσίαν;
613 2841 804 2914 Ἀνὸμ.
858 2843 976 2898 Ναί.
1029 2845 1174 2911 Ὀρθ.
1224 2846 1322 2898 Τὸν
1369 2846 1490 2900 Υἱὸν
1539 2845 1602 2900 οὐ
1653 2844 1824 2921 λέγεις
1864 2848 1980 2902 Πα-

329 2927 501 3001 ripa;
546 2929 741 3002 Ἀνόμ.
791 2927 890 2988 Οὕ.
943 2933 1093 3006 Ὀρθ.
1145 2932 1255 2986 Οὐκ
1304 2932 1404 3008 ἄρα
1454 2941 1554 3003 τῆς
1605 2934 1786 2996 οὐσίας
1837 2934 1976 2990 ἐστὶν

335 3014 472 3070 ιδιον
503 3019 566 3072 τὸ
608 3020 817 3092 Πατήρ,
851 3019 998 3075 ἀλλὰ
1041 3027 1142 3089 τῆς
1195 3022 1558 3085 ὑποστάσεως.
1594 3023 1779 3095 Ἀνόμ.
1813 3029 1976 3094 Πῶς;

334 3104 482 3180 Ὀρθ.
513 3107 634 3164 ’Ότι
667 3108 732 3162 τὰ
765 3109 858 3180 μὲν
888 3115 988 3176 τῆς
1028 3109 1213 3168 οὐσίας
1263 3107 1392 3183 ἴδια,
1425 3111 1632 3184 ὁμοίως
1680 3112 1781 3168 εἰσὶ
1829 3114 1981 3168 κοινὰ

330 3198 429 3248 τοῦ
461 3196 691 3267 Πατρὸς,
717 3196 806 3251 καὶ
837 3201 934 3252 τοῦ
975 3199 1125 3270 Υἱοῦ,
1154 3199 1242 3253 καὶ
1288 3204 1390 3254 τοῦ
1433 3199 1590 3274 ἁγίου
1639 3200 1976 3274 ΙῙνεύματος·

2205 1068 2289 1122 13.
2325 1069 2517 1124 Anam.
2570 1067 2719 1132 Quid
2769 1067 3063 1139 signiﬁcat
3111 1069 3464 1135 substantia,
3496 1069 3636 1139 quid
3669 1070 3769 1139 hy-

2130 1157 2427 1227 postasis?
2458 1158 2608 1214 Orth.
2650 1157 2994 1212 Substantia
3038 1157 3328 1229 signiﬁcat
3377 1160 3769 1214 communita-

2126 1249 2264 1300 tem.
2301 1246 2360 1302 Ei
2393 1245 2444 1301 si
2485 1247 2626 1318 quid
2660 1251 2749 1301 est
2780 1245 3123 1301 substantiae
3175 1246 3498 1318 prOprium,
3533 1247 3589 1301 id
3624 1265 3763 1318 quo-

2123 1351 2238 1406 que
2261 1351 2573 1390 commune
2623 1339 2714 1390 est
2756 1335 3196 1407 hypostasibus,
3247 1351 3374 1406 quae
3424 1337 3768 1391 substantiae

2120 1424 2421 1479 subsunt:
2481 1425 2821 1497 hypostasis
2868 1430 3062 1478 autem
3119 1424 3533 1496 proprietatem
3585 1423 3762 1480 habet

2118 1513 2360 1569 minime
2409 1529 2782 1569 communem
2834 1513 3247 1585 hypostasibus
3305 1514 3569 1582 ejusdem
3621 1515 3758 1569 sub-

2113 1601 2362 1671 stantiae,
2415 1618 2479 1658 ac
2521 1606 2797 1673 praeterea
2842 1617 3153 1656 numerum
3219 1601 3493 1656 admittit.
3558 1607 3751 1658 Anam.

2107 1690 2316 1745 Annon
2366 1707 2498 1746 vero
2543 1690 2804 1745 essentia
2852 1689 3264 1761 proprietatem
3317 1689 3538 1745 habet?
3600 1692 3750 1747 Orlh.

2107 1778 2304 1849 Neque
2369 1778 2786 1851 proprietatem
2832 1779 3007 1834 habet
3063 1795 3178 1835 non
3228 1795 3600 1835 communem
3648 1781 3750 1850 hy-

2106 1869 2444 1940 postasihus
2505 1868 2870 1936 substantia,
2927 1884 3116 1940 neque
3177 1871 3404 1923 numeri
3466 1869 3749 1940 multipli-

2103 1957 2390 2014 cationem
2441 1957 2721 2022 admittit,
2767 1974 2902 2012 cum
2947 1957 3027 2012 sit
3074 1974 3210 2012 una.
3274 1959 3566 2028 Quidquid
3616 1976 3751 2014 veru

2108 2047 2336 2100 numeri
2397 2045 2944 2117 multiplicationem
3009 2046 3290 2115 admittit,
3332 2048 3570 2102 omnino
3620 2066 3750 2118 pro-

2106 2134 2415 2206 prietatem
2467 2134 2644 2190 habet
2697 2151 2709 2188 :
2760 2140 2816 2188 et
2865 2135 3022 2205 quod
3087 2135 3504 2206 proprietatem
3554 2137 3749 2205 habet,

2105 2240 2418 2278 numerum
2475 2222 2758 2278 admittit.
2821 2223 2953 2293 Ipsa
3017 2222 3173 2278 enim
3248 2225 3573 2296 proprietas
3641 2245 3747 2280 nu-

2102 2327 2332 2366 merum
2372 2311 2620 2367 inducit.
2670 2313 2866 2366 Anom.
2914 2311 3040 2368 Non
3098 2311 3361 2384 intelligo
3431 2315 3582 2386 quod
3659 2315 3744 2369 di-

2097 2399 2180 2454 cis
2232 2417 2244 2454 :
2298 2399 2531 2470 planius
2582 2400 2838 2472 loquere.
2892 2401 3043 2457 Orth.
3100 2401 3284 2456 Patris
3347 2403 3738 2459 substantiam

2096 2488 2243 2543 dicis
2272 2504 2403 2544 esse
2435 2489 2850 2558 immortalem,
2884 2495 2940 2545 et
2988 2490 3514 2561 incorruptibilem,
3563 2497 3619 2547 et
3649 2493 3735 2547 in-

2091 2576 2406 2648 visibilem,
2439 2587 2495 2634 et
2542 2579 2872 2648 creaticem,
2917 2583 2973 2634 et
3024 2579 3254 2634 Deum?
3299 2581 3491 2635 Anam.
3543 2583 3732 2637 Etiam

2093 2663 2242 2720 Orth.
2277 2667 2344 2720 Et
2377 2665 2586 2722 Filium
2618 2665 2888 2722 similiter
2917 2666 3063 2722 dicis
3095 2666 3505 2730 immortalem.
3539 2669 3728 2723 incor-

2091 2754 2453 2824 ruptibilem,
2517 2753 2896 2823 invisibilem,
2983 2761 3300 2811 creatorem
3362 2762 3419 2811 et
3477 2759 3652 2811 Deum
3707 2759 3733 2812 ?

2089 2844 2278 2899 Anam.
2340 2844 2512 2900 Sane.
2573 2843 2726 2900 ΟνιΙι.
2787 2843 2952 2899 Sicut
3011 2860 3148 2916 ergo
3206 2843 3393 2898 Patris
3451 2847 3726 2900 substan-

2093 2933 2230 2987 tiam
2264 2933 2410 2988 dicis
2442 2933 2855 3000 immortalem,
2902 2933 3430 3004 incorruptibilem,
3464 2934 3733 2990 invisibi-

2089 3021 2224 3087 lem,
2258 3022 2615 3089 creatricem,
2667 3039 2859 3076 nonne
2890 3021 2969 3076 ita
3005 3027 3062 3075 et
3119 3020 3247 3076 Filii
3297 3024 3560 3077 eamdem
3599 3025 3736 3078 sub-

2090 3111 2369 3166 stantiam
2420 3110 2611 3166 dicis?
2658 3113 2848 3165 Anam.
2915 3111 3083 3165 Sane.
3137 3109 3288 3166 Orth.
3363 3111 3569 3168 Filium
3633 3129 3735 3166 au-

2088 3203 2206 3254 tem
2241 3216 2379 3254 num
2413 3216 2582 3255 vocas
2617 3199 2847 3253 Patrem
2873 3203 2894 3255 Ρ
2916 3200 3106 3255 Anam.
3141 3199 3545 3270 Nequaquam.
3584 3201 3734 3256 Orth.

329 3283 394 3338 τὸ
447 3280 505 3338 δὲ
548 3285 735 3360 Πατὴρ
788 3285 849 3340 οὐ
897 3286 1100 3341 κοινόν·
1137 3287 1233 3342 οὐκ
1264 3286 1364 3364 ἄρα
1400 3295 1501 3358 τῆς
1533 3289 1716 3350 οὐσίας
1746 3287 1882 3344 ἴδιον
1917 3291 1976 3346 τὸ

2105 3289 2260 3344 Pater
2287 3304 2423 3360 ergo
2457 3305 2568 3343 non
2601 3295 2689 3344 est
2715 3287 3016 3359 proprium
3059 3288 3341 3360 quiddam
3373 3289 3736 3356 substantiae,
3766 3297 3782 3361 ί

333 3371 543 3444 Πατήρ,
575 3369 722 3426 ἀλλὰ
745 3379 846 3441 τῆς
879 3373 1244 3436 ὑποστάσεως.
1268 3374 1329 3428 Εἰ
1361 3371 1419 3428 δὲ
1451 3373 1591 3430 αλλο
1622 3379 1718 3444 τῆς
1753 3376 1979 3431 ὑποστά-

333 3479 467 3520 σεως
514 3459 578 3514 τὸ
638 3457 796 3533 ἴδιον,
828 3463 917 3516 καὶ
974 3461 1120 3516 ἄλλα
1169 3470 1271 3532 τῆς
1331 3463 1513 3525 οὐσίας
1572 3461 1866 3537 ἰδιώματα,
1917 3467 1978 3520 οὐ

329 3547 521 3602 ταυτὸν
554 3547 663 3602 ἐστι
696 3551 1097 3624 σημαινόμενον
1128 3551 1282 3606 οὐσία
1313 3553 1401 3607 καὶ
1446 3553 1756 3616 ὑπόστασις.
1789 3555 1977 3627 Ἀνὸμ.

330 3635 441 3691 Οὐκ
471 3635 610 3692 ἔστιν
648 3635 783 3693 ἴδιον
815 3644 911 3693 -οῦ
956 3645 1067 3695 Πατ
1113 3641 1124 3656 ⁸
1256 3639 1270 3660 ‘
1333 3641 1346 3662 ’
1395 3641 1414 3674 λ
1449 3665 1459 3679 ι
1640 3663 1650 3674 ο
1685 3645 1696 3661 ’
1924 3643 1936 3660 ’

708 3683 719 3691 -
827 3679 842 3693 υ
1073 3661 1163 3715 ρος
1209 3663 1270 3694 τυ
1321 3663 1609 3716 αγινδητον
1639 3688 1652 3711 ,
1699 3645 1832 3718 Ορθ,
1866 3647 1980 3700 Ουχ

327 3721 492 3782 ἔστιν.
515 3726 901 3799 ’Δνόμ.Ἔστιν
936 3729 1028 3784 οῦν
1058 3734 1165 3784 τῶν
1201 3726 1368 3785 ὄντων
1399 3729 1539 3786 ἄλλο
1569 3753 1620 3786 τι
1653 3731 1975 3806 ἀγὲννητονς

328 3817 478 3889 Ὀρθ.
541 3816 659 3870 Ναί.
713 3817 908 3890 Ἀνόμ.
939 3818 1038 3887 Τί;
1096 3821 1240 3892 Ὀρθ.
1284 3819 1542 3889 Γεννητόν
1600 3820 1711 3875 ἐστι
1761 3821 1822 3876 τὸ
1873 3843 1975 3876 πα-

327 3905 458 3976 τὲρα
489 3901 636 3980 ἕχον,
667 3905 756 3959 καὶ
789 3903 1073 3982 ἀγέννητον
1102 3907 1164 3962 τὸ
1207 3909 1282 3979 μὴ
1333 3907 1535 3983 πατὲρα
1583 3905 1710 3985 ἔχον
1739 3932 1752 3975 ς
1787 3905 1974 3982 Ἀνόμ.

331 3993 452 4047 Ναί.
490 3993 640 4065 Ὀρθ.
674 3993 744 4048 Τὸ
779 3997 995 4066 Πνεῦμα
1021 3995 1083 4048 τὸ
1111 3996 1264 4069 ἅγιον
1315 3995 1524 4070 Πατέρα
1575 3993 1690 4071 ἔχει
1720 4017 1732 4065 ς
1783 3997 1974 4068 Ἀνὸμ.

329 4079 424 4137 Οὔ.
461 4083 607 4156 Ὀρθ.
642 4082 847 4140 Οὐκοῦν
892 4084 981 4138 καὶ
1031 4083 1160 4138 αὐτὸ
1193 4085 1484 4159 ἀγέννητον
1553 4085 1651 4139 οὐκ
1681 4084 1782 4158 ἄρα
1838 4083 1974 4140 ἴδιον

326 4175 427 4226 τοῦ
478 4173 685 4240 ΙΙατρὸς
735 4173 796 4227 τὸ
845 4172 1139 4247 ἀγέννητον
1191 4177 1326 4247 (70).
1361 4174 1548 4246 ’Δνόμ.
1586 4173 1739 4230 Ἀλλ’
1788 4177 1816 4228 ὁ
1867 4181 1974 4229 Πα-

329 4261 436 4333 τὴρ
485 4260 574 4314 καὶ
624 4259 913 4333 ἇγὲννητὸς
963 4261 1073 4316 ἐστι
1123 4263 1210 4316 καὶ
1243 4262 1523 4339 ἀγένητος.
1559 4263 1700 4337 Ὀρθ.
1745 4260 1886 4320 Οὐδὲ
1913 4263 1976 4318 τὸ

333 4348 588 4423 ἀγένητον
622 4347 759 4403 ἴδιόν
791 4349 899 4404 ἐστι
938 4355 1034 4405 τοῦ
1067 4356 1296 4424 Πατρός,
1331 4349 1476 4405 ἀλλὰ
1504 4352 1682 4405 κοινὸν
1725 4351 1833 4406 ἐστι
1865 4358 1979 4407 Πα-

328 4438 599 4510 τρὸς,καὶ
651 4438 798 4506 Υίοῦ,
831 4439 918 4492 καὶ
977 4439 1134 4513 ἁγίου
1192 4440 1508 4511 Πνεῦματος
1561 4439 1753 4512 Ἀνόμ.
1816 4438 1974 4508 Hauc;

331 4527 482 4600 Ὀρθ.
508 4526 802 4600 Ἀγὲνητὸν
837 4526 946 4581 ἐστι
979 4528 1041 4582 τὸ
1070 4529 1446 4603 γενεσιουργὸν
1485 4529 1560 4602 μὴ
1594 4527 1793 4604 ἕχον-ἢ
1827 4534 1976 4598 πῶς;

331 4615 526 4686 Ἀνόμ.
579 4615 696 4671 Ναί.
731 4616 882 4688 Ὀρθ.
932 4617 1004 4672 Τὸ
1055 4614 1112 4670 δὲ
1157 4619 1530 4692 γενεσιουργὸν
1577 4616 1702 4694 ἔχον
1753 4618 1975 4694 γενητόν

329 4703 495 4761 ἐστιν.
531 4699 670 4760 Οὔτε
707 4703 764 4759 δὲ
819 4704 936 4765 Υἱὸς
990 4706 1365 4780 γενεσιουργὸν
1423 4701 1561 4781 ἔχει,
1596 4703 1718 4762 οὔτε
1769 4711 1987 4780 Πνεῦμα

327 4789 619 4870 (δέδεικται
675 4795 775 4867 γὰρ
833 4792 893 4848 ἐκ
939 4795 1167 4868 γαστρὸς
1219 4795 1246 4848 ὀ
1291 4795 1436 4863 Υἱὸς,
1467 4795 1556 4849 καὶ
1608 4794 1666 4850 ἐκ
1715 4797 1986 4869 στόματος

330 4882 396 4936 τὸ
427 4884 692 4954 Πνεῦμα),
725 4881 840 4939 Οὐκ
869 4883 970 4958 ἄρα
995 4880 1133 4937 ἴδιον
1164 4887 1261 4937 τοῦ
1293 4883 1505 4959 Ματρὸς
1536 4885 1598 4938 τὸ
1628 4883 1910 4958 ἀγένητον.

2091 3377 2192 3431 sed
2243 3375 2642 3448 hypostaseos.
2707 3379 2898 3432 Anam.
2966 3377 3322 3442 Quomodo?
3378 3379 3529 3434 Orlh.
3583 3381 3736 3442 Quo-

2091 3466 2248 3520 niam
2284 3483 2409 3537 quae
2440 3467 2672 3537 propria
2704 3472 2844 3521 sunt
2883 3466 3248 3533 substantiae,
3297 3467 3571 3521 similiter
3602 3475 3741 3523 sunt

2089 3555 2429 3610 communia
2468 3555 2644 3619 Patri,
2707 3554 2850 3611 Filio
2886 3560 2944 3610 et
3002 3555 3243 3624 Spiritui
3296 3563 3518 3610 sancto.
3575 3557 3742 3611 Pater

2089 3649 2284 3700 autem
2317 3661 2430 3700 non
2461 3649 2550 3699 est
2579 3661 2890 3698 commune
2923 3643 3204 3714 quiddam
3237 3661 3389 3711 ;non
3441 3652 3528 3698 est
3562 3644 3742 3714 igitur

2089 3738 2258 3788 Pater
2283 3733 2422 3804 quid
2456 3733 2755 3803 proprium
2789 3733 3148 3800 substantias,
3201 3733 3301 3787 sed
3336 3733 3737 3803 hypostaseos.

2089 3823 2251 3888 Quod
2285 3822 2333 3876 si
2366 3821 2523 3876 aliud
2561 3822 2712 3875 416
2745 3826 2835 3875 est
2887 3819 3190 3891 proprium
3242 3820 3645 3891 hypostaseos,
3683 3829 3742 3876 et

2089 3910 2215 3966 aliae
2247 3915 2387 3965 sunt
2427 3909 2811 3980 proprietates
2875 3908 3238 3974 substantiae,
3290 3927 3403 3963 nou
3457 3910 3609 3964 idem
3662 3911 3740 3964 si-

2087 4000 2370 4070 gniﬁcant
2400 3997 2730 4052 substantia
2761 4002 2817 4052 et
2849 3996 3414 4068 hypostasis.Anom.
3450 4003 3521 4048 At
3553 4015 3742 4052 nonne

2087 4104 2201 4141 non
2254 4086 2516 4158 genitum
2567 4101 2716 4152 esse,
2782 4089 2871 4140 est
2919 4084 3106 4139 Patris
3175 4085 3478 4157 proprium
3509 4087 3536 4139 ‘?
3586 4086 3736 4142 Orth.

2087 4177 2211 4231 Non
2262 4179 2370 4229 est.
2415 4175 2605 4228 Anam.
2663 4178 2834 4228 Estne
2867 4174 2929 4228 in
2996 4189 3190 4228 rerum
3249 4179 3459 4228 natura
3517 4174 3735 4244 aliquid

2083 4263 2240 4320 aliud
2287 4262 2620 4334 ingenitum
2649 4262 2675 4316 Τ
2713 4261 2869 4317 Orth.
2919 4262 3130 4318 Etiam.
3181 4264 3369 4317 Anam.
3419 4265 3738 4327 Quidnam-

2088 4353 2239 4409 0rth.
2294 4356 2498 4406 Nonne
2547 4351 2603 4405 id
2658 4351 2922 4422 genitum
2971 4356 3082 4418 est,
3143 4350 3296 4422 quod
3351 4358 3510 4422 patre
3566 4355 3740 4414 habet

2088 4440 2418 4514 ingenitum
2467 4441 2546 4510 id,
2599 4441 2753 4510 quod
2811 4445 3032 4510 patrem
3088 4456 3202 4494 non
3257 4439 3488 4495 habet?
3541 4444 3735 4500 Anam.

2091 4531 2299 4586 Etiam.
2363 4529 2515 4586 Orth.
2577 4529 2830 4600 Spiritus
2893 4527 3141 4583 habetne
3199 4528 3425 4584 Patrem
3460 4530 3486 4583 ‘?
3545 4533 3734 4588 Anam.

2091 4620 2238 4675 Non.
2272 4617 2434 4676 Orth.
2471 4618 2617 4688 Ergo
2649 4625 2705 4670 et
2751 4617 2872 4688 ipse
2913 4623 3004 4672 est
3052 4617 3347 4688 ingenitus
3381 4635 3394 4671 :
3429 4619 3623 4690 itaque
3656 4621 3739 4674 in-

2095 4708 2358 4781 genitum
2389 4721 2538 4769 esse,
2587 4723 2702 4760 non
2748 4711 2838 4762 est
2891 4705 3191 4777 proprium
3249 4705 3458 4760 Patris.
3509 4709 3738 4765 Annam.

2097 4796 2208 4853 Sed
2243 4801 2413 4850 Pater
2442 4800 2530 4850 est
2559 4799 2614 4850 et
2647 4811 2759 4848 non
2790 4793 3022 4866 genitus
3053 4799 3109 4848 et
3166 4810 3282 4849 non
3331 4795 3536 4851 factus.
3583 4798 3738 4853 Orlh.

2097 4885 2179 4939 Ne
2212 4885 2365 4939 istud
2418 4883 2680 4954 quidem,
2728 4899 2838 4937 non
2901 4883 3121 4937 factum
3180 4897 3330 4952 esse,
3386 4885 3572 4940 Patris
3604 4905 3738 4958 pro-

335 4971 528 5044 prium
563 4977 671 5035 est,
718 4972 817 5026 sed
849 4989 1162 5027 commune
1219 4977 1306 5027 est
1365 4974 1546 5040 l’atri,
1603 4975 1766 5039 Filio,
1827 4979 1886 5030 et
1944 4973 2188 5043 Spiritui
2246 4975 2468 5027 sancto.
2530 4973 2722 5025 Anam.
2783 4969 3129 5034 Quomodo?
3160 4970 3312 5027 Orth.
3371 4976 3456 5028 An
3515 4977 3741 5029 non-fa-

331 5068 493 5116 ctum
527 5066 615 5114 est
645 5059 811 5125 illnil,
871 5063 1024 5132 quod
1060 5079 1173 5116 non
1232 5060 1406 5116 habet
1464 5062 1730 5133 opificem
1763 5081 1776 5118 ε
1812 5067 1914 5118 aut
1944 5061 2238 5134 quomodo
2272 5059 2604 5130 intelligis?
2633 5061 2820 5115 Anam.
2881 5059 3088 5114 Etiam.
3151 5059 3301 5118 ΟνιΙι.
3339 5061 3484 5116 Illud
3544 5069 3738 5118 autem

329 5155 424 5205 est
456 5150 875 5221 factum,quod
911 5150 1082 5206 habet
1115 5151 1407 5220 Opificem.
1443 5157 1514 5205 At
1571 5170 1760 5223 neque
1820 5151 2002 5208 Filius
2063 5167 2252 5221 neque
2311 5149 2565 5221 Spiritus
2624 5154 2866 5204 sanctus
2922 5148 3141 5205 habent
3205 5151 3470 5223 opificem
3531 5156 3744 5223 (osten-

329 5255 465 5295 sum
498 5239 655 5292 enim
686 5247 794 5302 est,
831 5239 1042 5294 Filium
1073 5255 1202 5295 esse
1231 5256 1298 5294 ex
1331 5244 1515 5311 utero,
1551 5246 1608 5295 et
1639 5241 1923 5312 Spiritum
1955 5244 2230 5296 sanetum
2259 5255 2327 5294 ex
2353 5239 2492 5310 ore).
2526 5243 2722 5309 Itaque
2752 5240 2968 5294 factum
3001 5256 3115 5294 non
3145 5257 3295 5307 esse,
3341 5258 3453 5296 non
3487 5248 3576 5297 est
3608 5261 3741 5313 pro-

333 5329 526 5400 prium
565 5328 773 5382 Patris.

403 5433 493 5490 M.
527 5432 718 5504 Ἀνόμ.
757 5431 816 5486 Τί
861 5430 952 5486 οῦν
1000 5431 1141 5488 ἄλλο
1202 5429 1336 5488 ἴδιόν
1391 5432 1501 5488 ἐστι
1551 5438 1649 5488 τοῦ
1691 5433 1902 5511 Ιιατρὸς
1936 5434 1979 5488 εἰ

408 5623 526 5768 i683
553 5620 761 5692 Palat",
790 5619 880 5676 καὶ
911 5617 1244 5713 δημιουργὸν
1278 5622 1431 5714 G‘sdv.

434 5693 506 5750 69
560 5692 701 5766 Reg.
734 5697 793 5752 et
821 5692 1032 5766 Palat,
1065 5693 1208 5751 cina)
1233 5714 1323 5749 και
1358 5695 1431 5752 Ila

434 5691 526 5768 69)
560 5692 701 5766 Reg.
734 5691 793 5752 et
821 5691 1032 5766 Palat},
1065 5691 1208 5751 οὸτίυ
1233 5693 1323 5749 καὶ
1358 5695 1573 5771 Ila-ripa
1600 5691 1803 5770 λὲγεις.

2166 5437 2250 5490 14.
2285 5435 2473 5491 Anam.
2508 5435 2797 5501 Quidnam
2847 5435 3027 5507 igitur
3055 5435 3215 5490 aliud
3266 5439 3354 5490 est
3406 5436 3592 5490 Patris
3641 5453 3739 5506 pro

2169 5625 2283 5698 (7D)
2317 5623 2652 5698 Palat.‘_fere
2681 5641 2914 5696 semper
2957 5625 3131 5698 habet
3169 5623 3489 5698 ἀγέννητον,
3523 5629 3578 5678 et
3623 5642 3738 5695 γεν-

2099 5691 2284 5766 νητὸν,
2319 5694 2431 5751 nisi
2464 5694 2633 5752 aliter
2665 5691 2918 5766 notetur,
2953 5702 3010 5751 et
3044 5691 3256 5767 Regius
3289 5694 3574 5750 similiter.
