4092 6218
313 291 470 353 1139
1467 291 1530 349 S.
1586 288 1947 348 ATHANAS

2064 287 2104 346 5.
2138 320 2214 329 ~—-
2244 285 2547 348 SPURIA.
3564 292 3763 352 1140

316 424 536 496 prium,
571 425 620 481 si
661 442 847 496 neque
908 442 1018 481 non
1070 424 1335 497 genitura
1385 438 1534 489 esse,
1594 437 1783 492 neque
1841 435 1954 475 non

2080 418 2217 488 μήτε
2246 418 2305 470 τὸ
2338 418 2623 493 ἀγέννητον
2658 419 2794 476 ἴδιον
2847 422 3011 476 αὐτοῦ
3064 420 3197 489 ἐστι,
3234 425 3371 495 μήτε
3416 424 3476 478 τὸ
3523 423 3759 500 ἀγένη-

317 512 559 582 factum,
592 518 683 568 est
714 514 903 585 ipsius
934 511 1275 585 proprium?
1307 511 1463 568 Orth.
1516 512 1656 565 Esse
1705 510 1954 576 Patrem,

2065 524 2193 573 τον;
2228 507 2377 582 ὈρΟ.
2412 509 2521 564 Τοῦ
2575 511 2785 586 ΙΙατρὸς
2845 508 2984 566 ’ἴδιον
3040 512 3126 581 τὸ,
3176 513 3381 588 ΙΙατήρ⁸
3437 518 3532 567 τοῦ
3590 514 3755 568 Υἶοῦ

314 605 404 656 est
434 601 732 673 proprium
781 603 969 658 Patris
1023 621 1035 656 ε
1086 618 1215 657 esse
1256 600 1490 667 Filium,
1533 604 1622 654 est
1654 598 1954 671 proprium

2069 592 2208 650 ἴδιον
2240 596 2322 664 τὸ,
2356 596 2495 658 Υἱός·
2527 603 2623 651 τοῦ
2657 600 2976 673 Πνεύματος
3030 605 3128 655 τοῦ
3178 600 3354 676 ἁγίου,
3385 603 3447 656 τὸ
3495 604 3754 675 Πνεῦμα

316 688 448 745 Filii
485 707 497 743 :
530 694 587 745 et
627 708 755 746 esse
805 692 1089 763 Spiritum
1133 694 1403 745 sanctum
1477 688 1603 755 Dei,
1654 687 1954 759 proprium

2069 689 2202 739 Θεοῦ
2260 685 2412 759 ἅγιον
2474 686 2625 744 εἶναι.
2677 689 2868 761 Ἀνόμ.
2919 691 2979 746 Ὀ
3028 690 3131 767 γὰρ
3184 692 3372 766 Πατὴρ
3451 691 3549 747 οὐκ
3609 688 3749 747 ἔστι

314 782 402 833 est
431 779 686 850 Spiritus
726 780 935 836 sancti.
986 782 1171 835 Anom.
1223 781 1429 834 Annon
1475 793 1610 832 vero
1659 778 1831 832 Pater
1873 779 1954 831 est

2067 778 2279 847 πνεῦμα
2337 777 2543 849 ἄγιον;
2594 778 2747 854 Ὀρθ.
2810 778 2905 833 Καὶ
2965 780 2993 833 ὁ
3048 780 3240 855 Πατὴρ
3303 778 3516 854 πνεῦμα
3565 781 3749 858 ἅγιόν

316 868 560 937 spiritus
609 871 898 925 sanctus?
941 870 1096 926 Orlh.
1148 874 1321 924 Pater
1374 883 1609 939 quoque
1651 870 1741 921 est
1787 864 1954 937 spiri-

2069 862 2229 933 ἐστιν,
2264 862 2389 918 ἀλλ’
2421 864 2482 919 οὐ
2520 868 2742 939 Πνεῦμα
2771 872 2925 923 Θεοῦ.
2956 874 3064 937 Τῆς
3097 867 3187 923 οῦν
3222 869 3563 931 ὑποστάσεως
3629 874 3754 924 τοῦ

314 960 411 1010 tus
463 962 722 1029 sanctus,
782 960 882 1013 sed
946 976 1058 1013 non
1126 962 1215 1013 est
1271 956 1523 1027 Spiritus
1583 955 1705 1011 Dei.
1760 956 1954 1025 Itaque

2068 954 2279 1029 ΙΙατρὸς
2313 951 2448 1008 ἴδιον
2479 956 2563 1021 τὸ,
2598 958 2808 1032 Πατήρ·
2844 955 3101 1029 οὐδαμῶς
3140 959 3241 1033 γὰρ
3274 960 3302 1012 ὁ
3338 960 3526 1035 Πατὴρ
3570 958 3749 1020 Υἱός

314 1044 696 1116 hypostaseos
760 1048 947 1102 Patris
1024 1047 1324 1119 proprium
1401 1049 1509 1113 est,
1562 1044 1729 1099 Pater
1788 1061 1800 1099 :
1853 1058 1954 1098 nec

2066 1042 2155 1097 καὶ
2212 1044 2309 1111 τῆς
2373 1042 2713 1107 ὑποστάσεως
2768 1051 2864 1101 τοῦ
2920 1047 3049 1101 Υἱοῦ
3110 1044 3245 1101 ἴδιον
3304 1048 3387 1117 τὸ,
3433 1048 3576 1108 Υἱός
3636 1047 3750 1101 οὐ·

312 1133 468 1189 enim
490 1136 657 1191 Pater
690 1136 868 1192 Filius
898 1142 985 1191 est
1004 1153 1015 1190 :
1034 1142 1089 1190 et
1108 1136 1489 1208 hypostaseos
1504 1133 1632 1189 Filii
1656 1132 1954 1205 proprium

2070 1129 2258 1204 δαμῶς
2302 1131 2404 1207 γὰρ
2455 1133 2481 1186 ὁ
2523 1133 2641 1195 Υἱὸς
2695 1137 2901 1206 Πατήρ
2936 1134 3023 1189 καὶ
3067 1142 3167 1203 τῆς
3234 1137 3573 1198 ὑποστάσεως
3631 1141 3755 1192 τοῦ

310 1228 419 1293 est,
468 1222 650 1279 Filius
702 1243 713 1279 :
764 1242 869 1280 nec
918 1226 1074 1280 enim
1132 1224 1308 1279 Filius
1355 1224 1525 1277 Pater
1574 1226 1702 1288 est;
1750 1226 1805 1277 et
1854 1222 1954 1292 hy—

2070 1221 2387 1292 ΙΙνεύματος
2444 1226 2539 1275 τοῦ
2595 1223 2748 1298 ἁγίου
2810 1221 2943 1278 ξ’ὃιον
2990 1225 3050 1279 τὸ
3105 1225 3241 1279 εἶναι
3302 1230 3526 1297 Πνεῦμα
3584 1224 3752 1280 Θεοῦ

312 1316 612 1382 postaseos
643 1314 894 1384 Spiritus
929 1314 1113 1369 sancti
1174 1313 1474 1385 pr0prium
1533 1318 1639 1381 est,
1674 1311 1954 1383 Spiritum

2070 1310 2241 1384 ἅγιον·
2275 1307 2530 1383 οὐδαμῶς
2593 1308 2651 1364 δὲ
2704 1312 2764 1366 τὸ
2827 1316 3050 1385 Πνεῦμα
3098 1317 3194 1367 τοῦ
3247 1318 3380 1368 Θεοῦ
3410 1314 3471 1367 τὸ
3530 1316 3745 1389 ἅγιον,

311 1400 411 1454 Dei
470 1405 744 1457 sanctum
802 1418 949 1471 esse,
1016 1418 1205 1474 neque
1259 1403 1509 1475 Spiritus
1562 1400 1661 1455 Dei
1718 1404 1954 1454 sanctus

2070 1401 2259 1475 Πατὴρ
2310 1400 2343 1467 ἢ
2397 1401 2537 1461 Υἱός.
2572 1402 2634 1457 Ἠ
2695 1398 2752 1455 δῖε
2808 1401 2964 1455 οὐσία
3024 1402 3263 1477 Πατρὸς,
3301 1403 3391 1456 καὶ
3450 1403 3605 1470 Υἱοῦ,
3644 1404 3758 1457 καὶ

311 1488 481 1543 Pater
528 1494 616 1545 est
670 1495 772 1546 aut
831 1492 1036 1547 Filius.
1085 1490 1425 1547 Substantia
1492 1506 1624 1544 vero
1701 1504 1954 1543 commu-

2070 1488 2225 1561 ἁγίου
2269 1488 2607 1560 Πνεῦματος,
2639 1493 2819 1559 κοινηο
2855 1489 3061 1563 ὁμοίως
3102 1491 3203 1566 γὰρ
3254 1491 3529 1558 ἀθάνατος,
3561 1491 3748 1562 ὁμοί-

312 1577 406 1632 nis
439 1577 611 1645 Patri,
657 1580 819 1647 Filio,
872 1585 929 1636 et
982 1581 1224 1653 Spiritui
1270 1584 1469 1635 sancto
1501 1595 1514 1634 :
1547 1583 1637 1633 est
1692 1578 1847 1631 enim
1880 1576 1954 1631 si-

2070 1598 2141 1638 ως
2191 1573 2483 1653 ἄφθαρτος,
2517 1578 2724 1650 ὁμοίως
2775 1577 2899 1654 ἁγία
2947 1581 3081 1651 (71),
3117 1579 3326 1651 ὁμοίως
3378 1578 3576 1653 ἀγαθή.
3617 1579 3754 1635 Καὶ

314 1665 529 1721 militer
558 1668 930 1739 immortalis,
961 1669 1236 1725 similiter
1274 1666 1761 1739 incorruptibilis,
1795 1665 1954 1721 simi-

2070 1662 2157 1720 διὰ
2211 1670 2372 1720 τοῦτο
2432 1664 2661 1741 λὲγομεν
2728 1666 2851 1740 μίαν
2914 1666 3119 1736 οὐσίαν,
3177 1673 3324 1742 τρεῖς
3401 1667 3747 1730 ὑποστάσεις

309 1754 443 1810 liter
471 1762 695 1824 sancta,
731 1758 1001 1814 similiter
1045 1760 1215 1814 bona.
1252 1762 1317 1812 Et
1372 1762 1675 1829 prOpterea
1705 1755 1954 1809 dicimus

2070 1754 2257 1826 Ἀνόμ.
2294 1757 2410 1810 Ιῐοῦ
2440 1753 2757 1829 γέγραπται,
2791 1756 2874 1811 ὅτι
2922 1757 2984 1810 τὸ
3018 1755 3260 1828 Πνεῦμα,
3289 1760 3422 1810 Θεοῦ
3470 1754 3745 1830 Mys-cat;

308 1862 488 1900 unam
532 1848 946 1913 substantiam,
1001 1853 1118 1903 tres
1175 1847 1540 1920 hypostases.
1593 1847 1780 1900 Anam.
1843 1844 1948 1899 Ubi

306 1936 587 2007 scriptum
627 1945 715 1993 est
743 1938 1025 2009 Spiritum
1057 1943 1325 1993 sanctum
1360 1938 1475 1992 dici
1507 1936 1787 2008 Spiritum
1808 1934 1951 1991 Dei?

307 2024 460 2079 Orth.
494 2025 712 2080 Paulus
742 2026 1042 2097 apostolus
1064 2026 1207 2081 dicit
1240 2044 1253 2080 :
1289 2049 1315 2075 ‹‹
1352 2026 1530 2080 Nemo
1574 2025 1727 2079 enim
1762 2024 1948 2079 homi-

303 2129 443 2167 num
478 2114 589 2169 scit
618 2131 746 2186 quse
777 2121 918 2171 sunt
952 2115 1353 2185 hominis,nisi
1389 2114 1637 2185 spiritus
1669 2114 1948 2180 hominis,

302 2202 405 2272 qui
432 2204 490 2257 in
525 2204 651 2275 ipso
682 2208 815 2273 est;
849 2205 930 2260 ita
978 2210 1034 2260 et
1082 2222 1210 2276 quae
1268 2204 1368 2259 Dei
1431 2208 1591 2269 sunt,
1653 2220 1824 2259 nemo
1855 2220 1949 2257 co-

303 2291 523 2361 gnovit,
556 2292 668 2348 nisi
702 2292 955 2364 Spiritus
986 2294 1084 2348 Dei
1114 2295 1192 2347 ο.»
1225 2293 1702 2363 Anom.Spiritum
1744 2291 1841 2347 Dei
1872 2292 1954 2346 di-

303 2379 385 2433 cit
412 2380 606 2451 ipsum
642 2382 847 2437 Deum.
878 2382 1015 2436 Orth
1054 2382 1202 2453 Lege
1245 2381 1611 2453 Apostolum,
1663 2385 1726 2434 ut
1754 2379 1951 2452 ipsum

306 2467 427 2523 haec
486 2469 774 2526 dicentem
824 2470 1030 2526 audias
1084 2486 1160 2524 :«
1214 2472 1346 2535 Quis
1398 2470 1600 2525 oculus
1629 2487 1740 2524 non
1786 2469 1947 2535 vidit,

308 2573 412 2612 nec
445 2558 604 2613 auris
636 2559 877 2629 audivit,
909 2576 1013 2615 nec
1045 2559 1103 2613 in
1135 2576 1233 2615 cor
1253 2558 1511 2615 hominis
1540 2559 1950 2625 ascenderunt,

306 2662 432 2718 quae
466 2647 808 2718 praeparavit
838 2653 987 2703 Deus
1019 2646 1407 2719 diligentibus
1450 2664 1512 2702 se
1550 2647 1718 2702 nobis
1758 2652 1951 2701 autem

308 2739 456 2790 Deus
489 2735 762 2791 revelavit
791 2753 892 2808 per
920 2737 1205 2808 Spiritum
1240 2753 1434 2792 suum.
1489 2736 1738 2807 Spiritus
1794 2736 1949 2790 enim

306 2824 503 2879 omnia
537 2828 851 2892 scrutatur,
881 2825 1055 2881 etiam
1092 2826 1382 2897 profunda
1430 2824 1531 2879 Dei
1557 2824 1577 2857 ⁷
1608 2824 1748 2887 Quis
1795 2824 1951 2878 enim

310 2913 422 2967 scit
453 2914 783 2980 hominum,
816 2931 941 2985 qua:
975 2918 1115 2969 sunt
1144 2913 1545 2983 hominis,nisi
1576 2913 1819 2985 spiritus
1851 2913 1951 2967 ho-

308 3002 488 3058 minis
512 3004 539 3057 ?
571 3003 650 3059 ita
680 3008 736 3058 et
774 3019 903 3074 quae
945 3004 1043 3057 Dei
1077 3008 1218 3058 sunt
1276 3021 1445 3059 nemo
1494 3002 1783 3075 cognovit,
1841 3002 1953 3057 nisi

302 3091 551 3161 Spiritus
588 3092 705 3147 Dei.
742 3114 769 3140 »

378 3180 461 3231 15.
497 3180 690 3233 Anam.
724 3178 837 3233 Cur
864 3196 976 3234 non
1014 3185 1132 3235 tres
1178 3198 1411 3252 quoque
1456 3182 1817 3237 substantias
1848 3182 1940 3236 di-
1974 3156 2016 3222 (ἶ

305 3266 495 3319 cimus
528 3267 731 3322 POrth.
766 3268 911 3331 Quia
941 3269 1076 3322 dato
1126 3286 1393 3337 numero,
1445 3286 1681 3325 necesse
1713 3275 1798 3323 est
1829 3287 1953 3340 pro-

308 3354 614 3425 prietatem
648 3356 771 3409 dari
809 3372 820 3410 :
860 3357 1185 3428 proprietas
1216 3375 1348 3414 vero
1378 3364 1467 3413 est
1498 3358 1747 3413 alterum
1783 3359 1952 3428 quid-

309 3442 441 3495 dam
476 3459 486 3495 :
511 3440 689 3496 altera
707 3447 899 3497 autem
926 3444 1262 3500 substantia
1282 3445 1586 3500 constituit
1617 3443 1955 3519 ἒτεροοὺσιον

310 3532 471 3595 Quod
501 3535 698 3586 autem
731 3536 821 3588 est
850 3531 1211 3606 ἓτεροοῦσιον,
1246 3551 1361 3589 non
1410 3538 1499 3589 est
1540 3534 1811 3589 similiter
1844 3536 1950 3589 im-

313 3620 580 3690 mortale,
614 3637 719 3676 nec
765 3620 1034 3677 similiter
1063 3622 1525 3694 incorruptibile,
1555 3639 1659 3677 nec
1683 3622 1955 3678 similiter

309 3713 600 3776 sanctum,
631 3726 735 3765 nec
766 3709 1038 3765 similiter
1060 3709 1531 3767 immutabile.At
1560 3711 1953 3782 pater,Filius,

307 3802 365 3852 et
394 3798 646 3869 Spiritus
691 3804 954 3862 sanctus.
1007 3804 1148 3855 sunt
1204 3794 1485 3871 quiddam
1540 3800 1814 3856 similiter
1847 3802 1951 3856 im-

310 3887 573 3954 mortale,
608 3893 899 3955 sanctum,
938 3889 1324 3944 immutabile.
1359 3889 1482 3945 Una
1528 3895 1618 3943 est
1666 3905 1801 3961 ergo
1849 3889 1951 3943 Pa-

306 3976 435 4043 tris,
471 3977 621 4043 Filii,
652 3982 709 4033 ct
735 3978 990 4050 Spiritus
1048 3978 1235 4033 sancti
1293 3978 1648 4034 substantia.
1710 3979 1950 4042 Quando

305 4081 441 4119 vero
475 4072 591 4119 tres
624 4065 967 4138 hypostases
999 4067 1250 4121 dicimus
1298 4068 1508 4135 Patris,
1545 4066 1696 4138 Filii,
1720 4072 1776 4122 et
1823 4067 1953 4137 Spi-

304 4153 456 4206 ritus
490 4156 699 4218 sancti,
733 4170 862 4209 vere
893 4171 1021 4211 esse
1053 4156 1303 4211 dicimus
1338 4156 1764 4228 proprietatum
1797 4158 1957 4211 diffed

307 4241 553 4295 rentiam
587 4243 644 4296 in
699 4241 1021 4313 hypostasi,
1078 4261 1191 4299 non
1241 4250 1434 4300 autem
1487 4245 1545 4299 in
1598 4246 1950 4301 substantia:

303 4328 493 4384 Anom.
533 4328 683 4385 Dicis
714 4334 907 4385 autem
940 4331 1178 4387 omnino
1209 4334 1595 4389 differentiam
1645 4350 1773 4389 esse
1804 4334 1955 4389 inter

305 4417 550 4482 Patrem,
588 4415 825 4484 Filium,
857 4423 913 4472 et
943 4419 1229 4490 Spiritum
1262 4427 1532 4476 sanctum
1561 4421 1589 4476 7
1620 4422 1768 4477 Orth.
1795 4422 1954 4477 Hanc

2066 1844 2213 1918 Ὀρθ.
2248 1845 2467 1905 Παῦλος
2498 1845 2525 1898 ὁ
2576 1842 2881 1906 ἀπόστολος
2932 1843 3097 1919 λέγει·
3126 1870 3154 1896 ‹‹
3185 1842 3377 1906 Οὐδεὶς
3425 1844 3528 1919 γὰρ
3573 1842 3739 1900 οἶδεν

2061 1932 2360 2008 ἀνθρώπιον
2417 1934 2484 1987 τὰ
2538 1937 2635 1987 τοῦ
2684 1934 2989 2009 ἀνθρώπου,
3025 1933 3069 1987 εἰ
3123 1934 3197 2005 μὴ
3247 1934 3309 1988 τὸ
3356 1938 3568 2005 πνεῦμα
3618 1940 3735 1989 τοῦ

2061 2020 2350 2096 ἀνθρώπου
2398 2023 2458 2076 τὸ
2510 2021 2561 2075 ἐν
2612 2022 2779 2095 αὐτῷ’
2816 2020 2986 2084 οὕτως
3033 2022 3123 2077 καὶ
3169 2024 3234 2077 τὰ
3281 2027 3376 2076 τοῦ
3432 2026 3567 2077 Θεοῦ
3618 2021 3728 2076 οὑ-

2064 2108 2173 2173 δεὶς
2206 2108 2345 2164 οἶδεν
2383 2111 2426 2164 εἰ
2462 2112 2537 2182 μὴ
2571 2110 2633 2165 τὸ
2660 2111 2882 2183 Πνεῦμα
2902 2116 2997 2165 τοῦ
3021 2116 3218 2167 Θεοῦ.»
3240 2111 3522 2183 Ἀνόμ.Τὸ
3550 2112 3734 2167 Πνεῦ-

2066 2220 2139 2272 μα
2167 2204 2262 2253 τοῦ
2293 2204 2426 2254 Θεοῦ
2488 2197 2634 2273 λέγει
2678 2199 2833 2253 αὐτὸν
2884 2199 2976 2254 τόν
3022 2199 3173 2257 Θεόν.
3209 2201 3359 2274 Ὀρθ.
3408 2200 3726 2274 Ἀνάγθωθι

2062 2288 2151 2342 τὸν
2200 2285 2671 2357 Ἀπόστολον,⁹ίνα
2726 2287 2957 2363 ἀκούσῃς
3019 2287 3269 2365 λὲγοντος
3330 2288 3523 2350 οὕτως*
3565 2310 3593 2341 ι
3646 2289 3729 2343 “Α

2063 2375 2347 2455 ὀφθαλμὸς
2408 2376 2507 2432 οὐκ
2550 2375 2675 2445 εἶδε,
2706 2378 2795 2432 καὶ
2844 2378 2906 2432 τὸ
2956 2376 3053 2438 οῦς
3100 2378 3198 2432 οῦκ
3246 2374 3469 2446 ἤκουσε,
3499 2377 3591 2431 καὶ
3625 2376 3729 2431 ἐπὶ

2062 2464 2281 2543 καρδίαν
2311 2466 2602 2539 ἀνθρώπου
2634 2465 2732 2521 οὐκ
2761 2461 2946 2536 ἀνέϐη,
2979 2465 3011 2521 ἃ
3045 2466 3341 2539 ἡτοίμασεν
3376 2468 3403 2520 ὁ
3435 2467 3565 2527 Θεὸς
3592 2471 3727 2527 τοῖς

2062 2556 2337 2632 ἀγαπῶσιν
2394 2554 2570 2610 αὐτόν’
2632 2557 2767 2627 ἡμῖν
2827 2552 2884 2609 δὲ
2940 2555 3028 2609 καὶ
3077 2557 3205 2616 Θεὸς
3254 2552 3566 2627 ἀπεκάλυψε
3624 2551 3728 2608 διὰ

2061 2650 2157 2700 τοῦ
2190 2644 2514 2717 Πνεῦματος
2545 2643 2729 2700 αὐτοῦ’
2760 2646 2822 2699 τὸ
2858 2644 2959 2720 γὰρ
3012 2650 3233 2716 Πνεῦμα
3281 2644 3454 2699 πάντα
3502 2643 3724 2718 ἐρευνᾷ,

2062 2734 2151 2789 καὶ
2206 2736 2273 2789 τὰ
2325 2735 2459 2810 βάθη
2507 2739 2603 2788 τοῦ
2652 2738 2806 2789 Θεοῦ.
2837 2734 2927 2796 Τίς
2959 2734 3059 2809 γὰρ
3111 2730 3253 2789 οἶδεν
3298 2732 3597 2808 ἀνθρώπων
3649 2734 3726 2788 τὰ

2062 2828 2157 2879 τοῦ
2188 2823 2499 2899 ἀνθρώπου,
2534 2823 2577 2877 εἶ
2615 2823 2690 2895 μή
2719 2823 2782 2877 τὸ
2813 2827 3025 2896 πνεῦμα
3069 2828 3167 2877 τοῦ
3211 2822 3533 2897 ἀνθρώπου;
3567 2821 3725 2877 οὕτω

2063 2913 2151 2967 καὶ
2199 2913 2267 2966 τὰ
2310 2915 2406 2967 τοῦ
2454 2908 2587 2967 Θεοῦ
2636 2909 2813 2973 οὐδεὶς
2860 2908 3021 2988 ἔγνω,
3056 2912 3100 2965 εἰ
3152 2914 3227 2985 μὴ
3270 2912 3332 2967 τὸ
3360 2915 3586 2984 Πνεῦμα
3612 2917 3724 2967 τοῦ

2064 3005 2218 3058 Θεοῦ.
2254 3026 2281 3052 ››

2136 3182 2222 3236 15.
2260 3178 2445 3251 Ἀνόμ.
2482 3179 2577 3233 Διὰ
2602 3178 2652 3231 τί
2685 3176 2741 3231 δὲ
2775 3179 2851 3249 μή
2883 3184 2972 3232 καί
3003 3183 3148 3253 τρεῖς
3197 3177 3377 3240 οὐσίας
3430 3177 3673 3250 εἶ’πωμεν
3709 3182 3723 3231 ἱ

2066 3271 2214 3345 Ὀρθ.
2244 3270 2367 3325 ’Ότι
2397 3267 2599 3342 ἀνάγκη
2649 3271 2725 3337 τῷ
2772 3266 2990 3341 ἀριθμῷ
3035 3266 3132 3334 τὴν
3185 3263 3431 3335 ἰδιότητα
3463 3264 3721 3335 δοθῆναι·

2063 3361 2097 3427 ἡ
2133 3355 2189 3412 δὲ
2220 3355 2428 3426 ἰδιότης
2462 3355 2735 3430 ἑτερότης·
2842 3353 2899 3409 δὲ
2930 3354 3181 3428 ἑτερότης
3228 3362 3325 3424 τῆς
3371 3354 3552 3416 οὐσίας
3598 3356 3720 3410 ἑτε-

2065 3446 2310 3523 ροούσιον
2335 3446 2446 3519 (72)
2474 3450 2637 3499 ποιεῖ·
2652 3445 2713 3498 τὸ
2745 3442 2803 3498 δὲ
2834 3443 3168 3518 ἑτεροούσιον
3198 3444 3305 3519 οὐχ
3336 3444 3543 3516 ὁμοίως
3572 3442 3721 3498 ἐστὶν

2062 3533 2347 3603 ἀθάνατον,
2380 3532 2486 3608 οὐχ
2536 3532 2743 3605 ὁμοίιος
2793 3530 3087 3609 ἄφθαρτον,
3121 3531 3229 3607 οὐχ
3273 3532 3479 3604 ὁμοίως
3540 3533 3721 3605 ἅγιον,

2064 3623 2171 3698 οὐχ
2213 3622 2421 3694 ὁμοίως
2477 3619 2759 3692 ἄτρεπτον.
2793 3620 3035 3693 Ὁμοίως
3087 3618 3145 3675 δὲ
3201 3622 3388 3696 Πατήρ
3438 3621 3527 3675 καί
3588 3622 3721 3683 Υἱὸς

2060 3711 2149 3765 καὶ
2196 3712 2344 3786 ἅγιον
2407 3713 2648 3783 Πνεῦμα,
2703 3710 2988 3776 ἀθάνατον,
3041 3710 3220 3784 ἅγιον,
3281 3710 3564 3784 ἄτρεπτον.
3604 3710 3722 3764 Μία

2062 3802 2165 3875 ἄρα
2220 3799 2374 3854 οὐσία
2430 3800 2663 3874 Ιίατρὸς,
2696 3799 2784 3853 καὶ
2835 3798 2986 3869 Υἱοῦ,
3017 3798 3107 3853 καὶ
3166 3798 3322 3873 ἁγίου
3371 3797 3716 3869 Πνεόματος.

2062 3891 2225 3946 ’Ὁταν
2281 3886 2339 3943 δὲ
2398 3888 2646 3963 λέγωμεν
2724 3893 2867 3963 τρεῖς
2952 3886 3270 3949 ὑποστάσεις
3330 3887 3560 3960 Ματρὸς,
3621 3886 3719 3941 καὶ

2068 3980 2210 4045 Γίοῦ,
2244 3978 2332 4032 καὶ
2365 3977 2518 4052 ἁγίου
2571 3976 2898 4049 Πνεύματος,
2929 3977 2991 4031 τὸ
3037 3975 3237 4045 ἀληθὲς
3287 3975 3419 4030 εἶναι
3478 3973 3715 4049 λὲγομεν

2062 4072 2166 4121 τῶν
2202 4064 2491 4136 ἷδιοτήτων
2519 4066 2619 4133 τὴν
2654 4062 2913 4143 διαφορὰν
2948 4064 2999 4118 ἐν
3030 4068 3098 4138 τῇ
3132 4065 3440 4132 ὑποστάσει,
3475 4063 3605 4139 οὐχὶ
3657 4062 3719 4119 δὲ

2062 4156 2151 4211 καὶ
2179 4155 2230 4210 ὲν
2262 4158 2330 4228 τῇ
2363 4154 2534 4225 οὐσίᾳ.
2572 4153 2759 4227 ’Δνόμ.
2796 4152 2978 4228 Λὲγεις
3013 4150 3070 4207 δὲ
3117 4152 3263 4214 ὅλως
3313 4150 3571 4230 διαφορὰν
3624 4151 3720 4207 ἰπὶ

2066 4244 2295 4320 Πατρὸς,
2345 4242 2431 4297 καὶ
2482 4243 2630 4309 Υἳοῦ,
2663 4244 2752 4297 καὶ
2802 4242 2955 4317 ἁγίου
3009 4241 3361 4314 Πνεῦματοςς
3413 4242 3566 4315 Ὀρθ.
3607 4243 3722 4310 Τὴν

2063 4330 2320 4411 διαφορὰν
2353 4331 2552 4401 ταύτην
2589 4331 2756 4405 λέγω,
2787 4332 2849 4384 τὸ
2878 4331 2969 4384 τὸν
3000 4328 3216 4405 Πατέρα
3251 4332 3324 4402 μὴ
3380 4330 3512 4384 εἶναι
3564 4330 3718 4397 my,

2067 4419 2207 4494 μηδὲ
2234 4421 2324 4474 τὸν
2357 4420 2479 4474 Υὶὸν
2512 4419 2725 4494 Πατέρα
2760 4416 2901 4491 μηδέ
2929 4419 2990 4473 τὸ
3022 4423 3247 4491 Πνεῦμα
3284 4419 3347 4472 τὸ
3398 4419 3544 4492 ἅγιον
3604 4420 3718 4475 lla-

306 4505 693 4560 differentiam
727 4506 878 4575 dico,
910 4508 1065 4577 quod
1101 4509 1199 4579 qui
1249 4509 1418 4564 Pater
1460 4516 1569 4576 est,
1604 4526 1718 4566 non
1751 4511 1827 4565 sit
1862 4511 1946 4566 Fi-

2064 4511 2182 4586 τέρα
2310 4508 2453 4563 Υἱόν·
2482 4507 2571 4562 τίνα
2625 4508 2701 4581 μὴ
2750 4507 2991 4580 ὀνόματα
3040 4506 3180 4580 ψιλὰ
3227 4505 3455 4581 νομίσῃς
3498 4506 3717 4561 ἀκούων

304 4594 416 4648 lius
454 4612 465 4648 :
503 4610 606 4649 nec
637 4594 738 4666 qui
770 4594 948 4651 Filius
992 4603 1101 4665 est,
1152 4598 1230 4652 sit
1260 4602 1429 4653 Pater
1461 4614 1473 4653 :
1511 4616 1614 4655 nec
1668 4598 1769 4671 qui
1820 4600 1945 4671 Spi-

305 4683 454 4736 ritus
484 4686 723 4738 sanctus
764 4688 873 4749 est,
930 4684 1007 4740 sit
1051 4686 1221 4741 Pater
1268 4686 1355 4741 vel
1409 4686 1636 4743 Filius:
1674 4702 1768 4754 ne,
1815 4705 1950 4744 cum

305 4771 476 4825 audis
506 4774 759 4837 Patrem,
792 4777 849 4827 et
880 4772 1112 4841 Filium,
1145 4779 1200 4829 et
1233 4774 1516 4845 Spiritum
1548 4780 1948 4847 sanctum,no-

307 4857 467 4913 mina
494 4860 756 4930 quaedam
791 4863 947 4916 nuda
980 4862 1293 4935 intelligas,
1327 4865 1427 4919 sed
1454 4864 1949 4938 hypostases,quaa

305 4963 434 5002 vere
456 4953 594 5002 sunt
624 4954 681 5004 et
708 4949 1063 5019 subsistunt,
1092 4957 1149 5006 et
1180 4969 1407 5021 rursus,
1442 4970 1575 5009 cum
1601 4971 1778 5010 unam
1811 4956 1948 5011 sub-

307 5035 586 5092 stantiam
618 5037 890 5110 dicimus,
924 5040 1243 5113 intelligas,
1296 5042 1353 5098 id
1402 5044 1557 5115 quod
1608 5061 1715 5099 nos
1768 5044 1952 5101 Patris

303 5125 696 5182 substantiam
728 5144 854 5185 esse
886 5130 1174 5187 sentimus
1208 5132 1402 5203 ipsum
1430 5132 1624 5203 ipsum
1657 5132 1955 5201 Filium,et

373 5335 394 5370 δ
425 5336 447 5390 Ι
480 5334 605 5392 Cor.
640 5354 701 5403 Il,
737 5337 823 5393 11.
925 5300 1120 5392 Vibid.
1152 5338 1206 5406 9,
1242 5340 1327 5394 10.

377 5543 491 5616 (71)
520 5540 912 5616 Ὁμοίως-ἁγία
943 5542 1109 5616 abest
1141 5560 1175 5616 θ
1202 5543 1383 5601 Palat.

378 5615 491 5685 (72)
521 5612 613 5670 Sio
648 5612 864 5687 Regius
892 5618 948 5670 et
980 5612 1299 5673 Palatinus.
1332 5616 1485 5673 Editi
1516 5631 1672 5689 vero,
1706 5614 2027 5692 ἑτερούσιον.

2054 4599 2286 4675 Πατέρα,
2336 4596 2424 4652 καὶ
2474 4596 2622 4669 Υἱὸν,
2671 4596 2761 4651 καὶ
2807 4598 2960 4671 ἁγιοθ
3016 4597 3259 4667 Πνεῦμα,
3315 4594 3438 4650 ἀλλ’
3487 4595 3722 4650 ὑποστά-

2062 4710 2171 4751 σεις
2203 4686 2422 4757 ἀληθῶς
2454 4683 2615 4748 οῦσας
2663 4685 2753 4740 καὶ
2801 4683 3127 4760 ὑφεστώσας·
3179 4683 3304 4739 ὅταν
3355 4681 3413 4739 δὲ
3464 4685 3717 4760 λέγωμεν

2066 4778 2189 4851 μίαν
2226 4777 2431 4843 οὐσίαν,
2466 4774 2547 4829 ὅτι
2580 4773 2712 4849 ὅπερ
2746 4772 2803 4829 ἂν
2829 4776 3127 4856 νοήσωμεν
3168 4773 3301 4828 εἶναι
3353 4778 3453 4828 τοῦ
3502 4776 3720 4849 Πατρός

2058 4868 2157 4935 τήν
2222 4864 2426 4933 οὐσίαν,
2459 4862 2617 4919 τοῦτό
2676 4862 2813 4917 ἐστιν
2874 4863 2903 4916 ὁ
2960 4863 3100 4932 Υἱὸς,
3132 4867 3294 4916 τοῦτο
3353 4862 3442 4916 καὶ
3496 4863 3558 4916 τὸ
3618 4869 3718 4917 τοῦ

2063 4955 2277 5031 Πατρὸς
2337 4953 2501 5008 αὐτοῦ
2558 4956 2802 5025 Πνεῦμα·
2838 4952 2961 5025 περὶ
3021 4952 3083 5005 οὗ
3134 4950 3291 5014 αὐτὸς
3326 4951 3353 5005 ό
3385 4951 3508 5012 Υἱὸς
3543 4950 3715 5008 εἶπεν.

2068 5070 2086 5096 ι
2120 5045 2198 5103 Οὐ
2228 5042 2328 5119 γάρ
2360 5042 2477 5097 ἐστε
2518 5042 2672 5115 ὑμεῖς
2724 5042 2776 5095 οἱ
2824 5039 3143 5113 λαλοῦντες,
3177 5038 3322 5095 ἀλλὰ
3364 5041 3428 5095 τὸ
3490 5044 3721 5112 Πνεῦμα

2060 5138 2157 5188 τοῦ
2191 5133 2400 5207 ΙΙατρὸς
2433 5132 2583 5205 ὑμῶν
2612 5131 2672 5185 τὸ
2702 5128 2905 5186 λαλοῦν
2934 5129 2985 5184 ἐν
3020 5129 3171 5203 ὑμῖν.
3205 5152 3235 5181 ››
3267 5129 3363 5182 Καὶ
3425 5125 3515 5182 διὰ
3552 5134 3719 5184 τοῦτο
