4092 6218
352 358 506 416 1143
1515 354 1576 413 S.
1630 352 2019 413 ATHANASI

2136 387 2253 411 .—
2284 356 2592 417 summ.
3621 354 3787 448 ma

357 488 506 545 Orth.
542 489 614 543 Eo
648 487 926 543 diﬁ'erunt
979 488 1127 557 quod
1180 486 1537 558 hypositasis
1593 490 1695 541 tua
1753 502 1869 541 non
1922 488 2010 540 est

2136 505 2226 538 των
2261 484 2582 561 ἀνθρώπων.
2634 488 2822 560 Ἀνόμ.
2874 490 2934 545 Ἠ
2983 488 3091 562 ἐμὴ
3140 487 3438 547 ὑπόστασις
3485 485 3586 540 οὑκ
3635 482 3785 543 ἔστιν

357 578 623 634 omnium
651 577 959 633 hominum
983 578 1111 633 :sed
1147 575 1485 631 humanitas
1509 579 1599 631 est
1628 574 1893 631 omnium
1913 574 2010 629 ho-

2136 572 2264 627 ὶλλο
2312 575 2347 642 ἢ
2396 577 2752 651 ἀνθρωπότης
2788 596 2801 645 ;
2835 579 2991 653 Ὀρθ.
3048 575 3148 636 Οὑ.
3201 577 3412 649 ’Δνόμ.
3464 578 3587 635 Πῶς
3631 575 3724 628 οὗν
3766 595 3784 644 ;

362 667 589 723 minum
621 667 974 722 communis.
1007 665 1197 721 Anam.
1229 667 1314 719 An
1350 681 1478 720 mea
1510 663 1845 736 hypostasis
1898 678 2010 717 non

2138 663 2269 737 υρθ.
2302 665 2419 717 Ὃτι
2559 665 2651 736 μὲν
2703 665 3059 741 ἀνθρωπότης
3107 668 3264 735 κοινὴ
3316 667 3531 720 πάντων
3576 662 3787 739 ἀνθρώ-

358 760 450 811 est
500 754 657 810 aliud
720 771 894 825 quam
953 753 1341 810 humanitas?
1401 752 1558 809 Orth.
1627 752 2011 823 Nequaquam

2136 769 2263 813 πων,
2297 752 2330 819 ἡ
2366 747 2422 804 Si
2455 751 2743 813 ὑπόστασις
2771 755 2804 821 ἡ
2836 750 3045 823 ἰδιότης
3077 752 3325 809 ἑκάστου.

362 845 553 899 Anam.
592 845 935 910 Quomodo?
964 844 1124 903 Orlh.
1163 841 1447 908 Quoniam
1475 842 1818 898 humanitas
1850 842 2086 913 quidem
2118 845 2206 897 est
2234 841 2498 896 omnium
2533 843 2838 899 hominum
2870 844 3223 910 communis,
3255 844 3587 917 hypostasis
3645 860 3784 899 vero

362 937 450 990 est
484 933 951 1004 uniuscujusque
985 931 1329 1005 proprietas.

437 1024 522 1077 17.
554 1023 750 1077 Anam.
786 1022 1127 1094 Hypostasis
1162 1019 1347 1075 Patris
1381 1035 1577 1075 nonne
1635 1022 1725 1075 est
1782 1016 2015 1074 deitas?

366 1112 517 1167 Orth.
557 1111 825 1166 Maxime.
860 1112 968 1165 Sed
1003 1110 1189 1164 deitas
1221 1108 1515 1181 signiﬁcat
1546 1108 1828 1179 quiddam
1863 1123 2015 1173 esse,

365 1202 699 1273 hypostasis
724 1215 855 1254 vero
886 1215 1034 1255 esse.
1068 1200 1259 1253 Anam.
1299 1200 1437 1253 Item
1470 1197 1803 1270 hypastasis
1863 1196 2013 1267 Filii,

368 1306 561 1345 annon
622 1293 710 1344 est
754 1288 985 1343 deitas?
1044 1289 1192 1343 Orth.
1252 1287 1458 1341 Etiam.
1492 1288 1681 1341 Anam.
1718 1291 1847 1340 Duae
1880 1289 2020 1341 sunt

369 1378 550 1448 igitur
604 1376 870 1431 deitates.
931 1377 1097 1432 0rlh.
1150 1376 1571 1447 Nequaquam.
1633 1376 1829 1430 Anam.
1896 1375 2017 1437 Quo

373 1465 590 1521 modo?
613 1466 763 1522 Orth.
798 1465 1081 1529 Quoniam
1116 1482 1229 1519 non
1256 1468 1345 1519 est
1370 1464 1483 1519 alia
1527 1471 1583 1519 et
1640 1464 1753 1519 alia
1810 1464 2015 1519 deitas.

374 1555 563 1609 Anam.
623 1553 796 1626 Atqui
845 1553 958 1609 alia
996 1558 1052 1609 et
1081 1552 1193 1608 alia
1224 1558 1307 1608 est
1332 1553 1683 1625 hypostasis.
1714 1555 1872 1612 Orth.
1907 1553 2015 1607 Sed

374 1642 490 1698 dixi
524 1643 754 1697 deitatis
783 1647 837 1697 et
869 1642 1248 1714 hypostaseos
1300 1641 1639 1697 nominibus
1694 1642 1846 1697 idem
1905 1659 2017 1696 non

374 1731 712 1803 signiﬁcari.
774 1731 919 1786 Nam
975 1730 1307 1803 hypostasis
1367 1730 1622 1785 declarat
1652 1748 1799 1797 esse,
1832 1731 2018 1785 deitas

373 1836 507 1875 vero
539 1819 817 1891 quiddam
847 1835 995 1875 esse.
1036 1819 1201 1875 Sicut
1231 1819 1384 1874 enim
1420 1838 1533 1875 non
1566 1824 1704 1874 sunt
1733 1819 1858 1873 duae
1910 1820 2015 1873 hu-

374 1909 686 1964 manitates
720 1908 865 1963 Petri
897 1912 953 1962 et
987 1907 1260 1974 Pauli,ita
1294 1925 1395 1962 nec
1431 1907 1617 1963 Patris
1650 1913 1706 1962 et
1736 1908 1860 1962 Filii
1892 1909 2017 1963 dua:

372 2003 510 2056 sunt
540 1998 808 2054 deitates.
840 1998 1035 2053 Anam.
1070 1997 1240 2068 Atqui
1278 2014 1469 2052 nonne
1501 1997 1653 2052 418
1689 1997 2019 2069 hypostasis

370 2088 558 2145 Patris
587 2092 676 2143 est
705 2086 880 2142 etiam
905 2086 1090 2141 deitas
1116 2089 1137 2140 ἓν
1186 2085 1337 2141 Orth.
1393 2086 1733 2158 Hypostasis
1781 2086 2019 2157 quidem

370 2177 559 2233 Patris
618 2179 707 2231 est
762 2174 938 2230 etiam
996 2175 1203 2241 deitas,
1236 2183 1287 2229 et
1322 2174 1446 2229 Filii
1483 2175 1811 2247 hypostasis
1844 2175 2019 2229 etiam

371 2266 556 2322 deitas
590 2282 602 2319 :
637 2269 694 2320 at
726 2282 840 2320 non
870 2265 1267 2336 consequitur,
1301 2263 1438 2334 quia
1469 2264 1595 2318 dum
1638 2268 1778 2319 sunt
1836 2263 2022 2335 hypo-

372 2364 582 2425 stases,
643 2358 791 2412 duas
850 2372 978 2412 esse
1035 2356 1300 2411 deitates.
1349 2357 1538 2411 Anam.
1574 2357 1874 2421 Quomodo
1908 2372 2022 2411 non

373 2447 796 2518 consequitur?
827 2445 980 2501 ()rth.
1014 2445 1298 2509 Quoniam
1330 2436 1741 2500 immortalitas
1791 2461 2023 2515 quoque

374 2541 463 2591 est
520 2534 849 2607 hyposiasis
907 2533 1112 2600 Patris,
1163 2538 1219 2589 et
1248 2533 1661 2590 immortalitas
1693 2533 2023 2606 hypostasis

375 2625 526 2691 Filii,
559 2640 665 2680 nec
698 2628 893 2679 tamen
927 2627 1065 2680 sunt
1094 2623 1222 2678 duas
1283 2622 1769 2678 immortalitates.
1831 2623 2019 2677 Anam.

370 2719 497 2770 Non
554 2716 693 2769 sunt
738 2713 865 2767 duae
897 2710 1367 2767 immortalitates
1391 2710 1418 2765 ?
1446 2713 1604 2767 Orth.
1638 2711 1787 2766 Non.
1832 2712 2020 2766 Anam.

370 2802 713 2869 Quomodo?
742 2801 897 2861 Orth.
932 2801 1216 2865 Quoniam
1247 2818 1360 2855 non
1392 2806 1480 2855 est
1512 2799 1739 2855 diversa
1789 2800 2024 2854 immor-

368 2892 568 2949 talitas
624 2911 636 2948 :
701 2889 1113 2947 immortalitas
1144 2892 1298 2944 enim
1333 2888 1402 2943 ab
1436 2888 1875 2943 immortalitate
1907 2906 2021 2944 non

369 2982 583 3049 ditIert,
606 2998 721 3052 qua
745 2978 1155 3035 immortalitas
1187 2983 1294 3033 est.
1326 2979 1511 3033 .tnam.
1537 2977 1592 3031 Si
1625 2977 1861 3049 quidem
1900 2994 2025 3033 vere

368 3075 457 3125 est
486 3069 605 3125 alia
631 3074 687 3124 et
715 3070 830 3123 alia
860 3067 1193 3138 hypostasis
1224 3067 1410 3122 Patris
1441 3072 1497 3121 et
1526 3065 1673 3133 Filii,
1731 3067 2023 3136 quomodo

371 3175 483 3213 non
521 3162 610 3212 est
638 3156 752 3211 alia
782 3161 839 3212 et
870 3156 982 3211 alia
1013 3155 1425 3211 immortalitas
1446 3156 1473 3210 ‘?
1506 3155 1794 3211 0r!h.Alia
1825 3161 1881 3210 et
1912 3155 2025 3209 alia

2198 1018 2283 1074 17.
2346 1015 2561 1090 ’ξπ.νόμ.
2623 1020 2683 1073 ’11
2745 1020 3033 1082 ὑποστασις
3089 1040 3184 1074 του
3246 1025 3451 1092 Πατρος
3511 1021 3612 1075 οὑκ
3669 1019 3784 1075 ἔστι

2128 1104 2318 1174 θεότης
2353 1125 2365 1173 ;
2403 1108 2545 1181 Ὀρθ.
2582 1108 2700 1162 Ναί.
2737 1106 2894 1164 Ἀλλ’
2926 1111 2959 1177 ἡ
2993 1108 3183 1178 θεότης
3212 1110 3274 1163 τό
3319 1130 3370 1163 τι
3402 1111 3532 1164 εἶναι
3577 1110 3815 1182 σημαίος

2126 1214 2225 1262 νει,
2256 1198 2289 1263 ὴ
2325 1192 2383 1248 δὲ
2411 1194 2699 1258 ὑπόστασις
2732 1197 2794 1251 τὸ
2849 1196 3002 1252 εἶναι.
3058 1196 3251 1270 Ἀνόμ.
3307 1199 3409 1255 Καὶ
3457 1200 3491 1266 ἡ
3547 1198 3787 1253 ὑπόστα-

2130 1304 2209 1344 σις
2264 1288 2361 1337 τοῦ
2425 1285 2546 1338 Υἱοῦ
2606 1285 2704 1339 οὐκ
2763 1282 2872 1339 ἔστι
2926 1286 3156 1356 ϐεότγ,ς;
3209 1288 3356 1361 Ὀρο.
3406 1286 3527 1343 Ναί.
3591 1286 3787 1359 Ἀνόμ.

2130 1370 2232 1426 Δύο
2266 1370 2355 1427 οὑν
2390 1372 2660 1443 θεότῃτες.
2712 1374 2857 1447 Ὀρθ.
2911 1374 3011 1431 Οὕ.
3061 1376 3259 1446 Ἀνόμ.
3297 1380 3417 1437 Πῶς
3454 1374 3544 1429 οὑν
3582 1395 3596 1443 ;
3635 1378 3787 1450 Ὀρθ.

2130 1460 2207 1517 Οὐ
2237 1462 2336 1536 γάρ
2368 1460 2513 1531 ἄλλη
2546 1461 2634 1516 καὶ
2683 1460 2829 1532 ἄλλη
2878 1461 3069 1533 θεὸτης
3119 1458 3295 1518 ἐστίν.
3347 1465 3540 1536 Ἀνὸμ.
3592 1462 3785 1533 Ἀλλη

2128 1550 2220 1603 xui
2272 1549 2416 1619 u11‘q
2473 1551 2759 1612 ὑπόστασις
2814 1551 2976 1609 ἐστιν.
3012 1553 3157 1625 Ὀρθ.
3190 1551 3347 1607 Ἀλλ’
3377 1552 3504 1628 οὐχὶ
3551 1554 3615 1607 τὸ
3656 1553 3790 1608 αὑτὸ

2130 1638 2410 1710 σημαίνειν
2457 1640 2605 1693 εἶπον
2658 1638 2886 1709 θεότητα
2935 1639 3024 1694 καὶ
3079 1640 3389 1694 ὑπόστασιν·
3423 1644 3458 1710 ὴ
3510 1642 3612 1717 γὰρ
3658 1640 3792 1696 ὑπό⁸

2130 1747 2312 1789 στασις
2343 1729 2405 1781 τὸ
2434 1727 2588 1795 εἶναι,
2621 1729 2655 1796 ὴ
2689 1724 2746 1782 δὲ
2794 1729 2984 1797 Θεότης
3029 1730 3091 1783 τό
3139 1750 3192 1783 τι
3243 1730 3397 1783 εἶναι’
3443 1729 3516 1790 ὡς
3548 1731 3652 1803 γὰρ
3688 1729 3826 1789 oux:

2131 1815 2230 1869 εἶσί
2263 1812 2358 1870 δύο
2390 1815 2806 1891 ἀνθρωπότητες
2854 1817 3059 1892 Πὲτρου
3108 1820 3198 1871 xui
3254 1818 3493 1889 Παύλου,
3527 1815 3655 1872 οὑδὲ
3688 1816 3787 1872 δύο

2055 1876 2381 1973 Βθεότητες
2439 1876 2646 1980 Πατρός
2701 1876 2802 1959 .xui-
2849 1876 2997 1963 Υἱοὺ.
3057 1905 3247 1979 Ἀνόμ.
3309 1876 3515 1963 Οὑκοῖίν
3569 1906 3702 1981 οὐχὶ
3749 1910 3784 1977 ἡ

2134 1993 2422 2054 ὑπόστασις
2466 1998 2562 2048 τοῦ
2596 1996 2804 2069 Πατρός
2838 2014 2851 2063 ;
2888 1996 3038 2070 Ὀρθ.
3086 1997 3149 2050 Ἡ
3200 1996 3295 2068 μὲν
3347 1996 3638 2058 ὑπόστασις
3687 2002 3785 2050 τοῦ

2132 2083 2340 2157 Πατρὸς
2398 2083 2487 2137 καὶ
2547 2084 2760 2154 θεότης,
2822 2084 2911 2139 καὶ
2959 2086 2993 2153 ἡ
3057 2083 3346 2146 ὑπόστασις
3388 2090 3485 2139 τοῦ
3534 2086 3665 2141 Υἱοῦ
3697 2086 3786 2140 καὶ

2131 2172 2342 2241 θεξτης.
2378 2172 2506 2246 οὐχὶ
2553 2169 2631 2243 δὲ,
2682 2170 2868 2241 ἐπειδὴ
2911 2170 3007 2227 δύο
3062 2174 3378 2236 ὑποστάσεις
3409 2174 3532 2243 εἰσὶ,
3565 2172 3662 2229 δύο
3696 2176 3785 2229 xui

2133 2259 2343 2330 θεότης.
2398 2260 2589 2333 Ἀνόμ·
2646 2265 2768 2323 Πῶς
2805 2261 2977 2336 οὑχί;
3031 2264 3174 2338 Ὀρθ.
3223 2265 3345 2320 ’Ὁτι
3418 2267 3509 2318 xui
3587 2263 3784 2319 ἀθανα-

2134 2350 2220 2403 σία
2274 2349 2568 2412 ὑπόστασις
2620 2355 2717 2405 τοῦ
2779 2352 3013 2426 Πατρὸς,
3046 2352 3136 2405 καὶ
3195 2351 3447 2415 ἀθανασία
3495 2352 3788 2416 ὑπόστασις

2199 2443 2223 2467 _~
2303 2439 2317 2455 9
2356 2443 2381 2473 τι
2512 2439 2524 2455 \
2602 2439 2614 2457 ν
2701 2437 2724 2473 ,Ι
2831 2440 2843 2451 θ
3031 2439 3041 2459 1
3158 2442 3169 2459 ν
3410 2448 3423 2459 ν
3470 2442 3482 2457 ι
3579 2440 3592 2455 9
3716 2442 3729 2457 1
3774 2443 3786 2459 ι

2131 2459 2229 2493 του
2259 2445 2408 2510 Υιο),
2439 2460 2527 2492 xu:
2561 2460 2622 2493 ου
2666 2436 2765 2493 δυο
2819 2452 3120 2503 αθανασιαι.
3175 2450 3352 2513 mea.
3390 2448 3484 2495 huc
3535 2462 3637 2496 ουκ
3686 2464 3789 2496 ε.σι

2135 2524 2230 2582 δ’3ο
2290 2525 2567 2581 ἀθανασίαι
2604 2547 2619 2596 ;
2650 2528 2801 2603 Ὀρο.
2862 2525 2956 2585 Οὔ.
3009 2527 3199 2601 ’Δνόμ.
3264 2532 3385 2590 Πῶς
3417 2549 3430 2599 ;
3466 2531 3610 2604 Ὀρο.
3661 2532 3787 2588 ’Ότι

2137 2617 2213 2690 μὴ
2274 2614 2530 2693 διάφορός
2579 2616 2719 2671 ἐστιν
2771 2615 3031 2680 ἀθανασία
3064 2637 3075 2649 δ
3136 2617 3391 2672 ἀθανασία
3446 2618 3545 2693 γὰρ
3590 2620 3785 2674 ἀθανα-

2135 2705 2250 2768 σίας
2312 2703 2464 2760 οὐδὲν
2514 2703 2774 2783 διαφέρει,
2893 2706 3151 2769 ἀθανασία
3205 2706 3342 2761 ἐστίν
3406 2710 3537 2779 (76).
3589 2708 3783 2781 Ἀνόμ.

2133 2793 2299 2870 Εἶ’περ
2334 2794 2553 2865 ἀληθῶς
2587 2793 2730 2865 ἄλλη
2783 2795 3067 2857 ὑπόστασίς
3119 2795 3229 2849 ἐστι
3261 2798 3469 2868 Πατρὸς
3509 2796 3600 2851 xui
3634 2798 3784 2871 Υὶοῦ,

2134 2890 2248 2946 πῶς
2280 2884 2407 2959 οὑχὶ
2440 2882 2585 2954 ἄλλη
2636 2884 2724 2939 xui
2768 2883 2911 2955 ἄλλη
2965 2885 3221 2948 ἀθανασία
3253 2904 3268 2952 ;
3299 2887 3440 2960 Ὀρθ.
3475 2884 3663 2957 Ἀλλη
3696 2888 3782 2941 xui

2136 2971 2278 3042 ἄλλη
2314 2972 2601 3035 ὑπόστασίς
2635 2972 2744 3028 ἐστι
2779 2975 2984 3047 Πατρὸς
3014 2973 3104 3028 καὶ
3135 2975 3283 3041 Ποῦ,
3309 2972 3435 3029 ἀλλ’
3467 2974 3599 3050 οὑχὶ
3634 2974 3778 3045 ἄλλη

2134 3062 2221 3116 καὶ
2255 3059 2400 3131 ἄλλη
2461 3061 2738 3119 ἀθανασία.
2803 3062 2898 3115 Καὶ
2952 3062 3052 3137 γὰρ
3109 3064 3198 3116 xui
3257 3065 3421 3133 ἡμεῖς
3482 3063 3662 3133 ἄλλην
3698 3067 3785 3119 xui

2138 3148 2313 3220 ἄλλην
2345 3147 2544 3225 ἔχομεν
2580 3150 2885 3221 ὑπόστασιν,
2918 3148 3044 3205 ἀλλ’
3078 3150 3207 3226 οὐχὶ
3258 3149 3434 3221 ἄλλην
3481 3152 3571 3206 xui
3608 3152 3786 3223 ἁΛλην

373 3250 463 3301 est
496 3245 830 3317 hypostasis
864 3244 1052 3297 Patris
1082 3250 1135 3297 et
1173 3244 1319 3309 Filii,
1352 3246 1450 3299 sed
1487 3262 1601 3299 non
1659 3250 1747 3299 est
1803 3244 1917 3299 alia
1973 3250 2019 3299 et

2140 3237 2575 3313 ἀνθρωπότητα.
2637 3239 2731 3292 Καὶ
2790 3242 2823 3308 ἡ
2888 3239 3176 3301 ὑπόστασις
3242 3240 3443 3314 Πέτρου
3504 3242 3788 3316 ἄνθρωπός

376 3334 490 3390 alia
548 3332 983 3388 immortalitas.
1041 3332 1186 3386 Nam
1220 3332 1270 3386 ei
1306 3350 1408 3387 nos
1431 3332 1605 3387 aliam
1639 3338 1695 3387 et
1724 3333 1896 3387 aliam
1934 3332 2032 3403 hy-

379 3421 638 3491 postasin
675 3420 983 3487 habemus,
1019 3425 1079 3473 at
1111 3438 1222 3475 non
1259 3420 1430 3475 aliam
1468 3426 1524 3475 et
1548 3420 1721 3476 aliam
1756 3421 2029 3475 humani-

377 3514 579 3565 tatem.
616 3509 682 3563 Et
712 3508 860 3563 Petri
886 3507 1219 3580 hypostasis
1249 3513 1339 3563 est
1370 3508 1582 3574 homo;
1613 3514 1669 3562 et
1701 3509 1862 3563 Pauli
1922 3507 2027 3581 hy-
2064 3510 2067 3511 ⁷

380 3597 633 3670 postasis
694 3603 785 3652 est
841 3597 1015 3652 homo
1077 3612 1089 3650 :
1154 3602 1211 3651 et
1240 3601 1379 3651 sunt
1411 3597 1535 3651 duae
1572 3596 1936 3668 bypostases,
1972 3602 2029 3651 at

378 3703 493 3741 non
524 3686 653 3741 dum
684 3684 1101 3740 humanitates.
1136 3684 1341 3739 Itidem
1384 3683 1557 3739 aliam
1618 3691 1792 3755 atque
1851 3685 2025 3739 aliam

372 3775 714 3847 hypostasin
775 3774 1082 3840 habemus,
1146 3791 1257 3828 non
1320 3778 1516 3827 tamen
1558 3773 1729 3829 aliam
1763 3777 1818 3828 et
1850 3773 2021 3829 aliam

370 3863 898 3930 immortalitatem,
930 3879 1106 3935 quam
1144 3880 1246 3934 per
1277 3880 1455 3917 unum
1490 3862 1783 3933 baptisma
1815 3862 2027 3933 recepi-

368 3970 523 4009 mus.
556 3954 701 4009 Nam
735 3953 783 4008 si
814 3952 930 4008 alia
963 3958 1014 4008 et
1046 3951 1159 4006 alia
1192 3956 1282 4007 est
1311 3950 1747 4021 immortalitas,
1780 3950 1931 4007 alius
1971 3957 2027 4006 et

370 4042 520 4098 alius
578 4042 936 4113 baptismus,
997 4041 1111 4097 alia
1140 4045 1197 4095 et
1226 4039 1339 4096 alia
1369 4042 1534 4111 ﬁdes,
1570 4058 1683 4097 non
1714 4046 1804 4096 est
1848 4041 2021 4096 etiam

371 4154 397 4180 ‹‹
433 4147 582 4185 unus
613 4130 919 4199 Dominus,
957 4148 1074 4185 una
1107 4130 1269 4196 tides,
1306 4146 1491 4184 unum
1523 4129 1836 4201 baptisma.
1875 4152 1902 4178 ››

444 4221 529 4273 18.
566 4220 754 4273 Anam.
789 4219 895 4272 Sed
932 4223 1133 4273 nostra
1163 4218 1495 4291 bypostasis
1527 4217 1683 4272 aliud
1740 4218 2020 4289 quiddam

372 4312 481 4372 est,
542 4323 719 4378 quam
779 4305 1188 4361 immortalitas
1220 4312 1275 4361 et
1304 4306 1601 4376 baptisma
1634 4324 1646 4362 :
1679 4323 1815 4378 ergo
1848 4307 2020 4361 etiam

369 4394 699 4465 hypostasis
733 4393 829 4448 Dei
864 4393 978 4449 alia
1021 4398 1109 4449 est
1142 4412 1317 4465 quam
1371 4394 1801 4451 immortalitas.
1855 4396 2019 4451 Orth.

368 4483 767 4553 Nequaquam.
797 4483 905 4537 Sed
944 4483 1070 4554 ipsa
1100 4483 1433 4555 hypostasis
1464 4489 1553 4539 est
1583 4483 1757 4539 etiam
1788 4483 2021 4539 immor-

2143 3328 2274 3398 ἐστι,
2332 3329 2419 3383 καὶ
2468 3331 2503 3397 ἡ
2566 3328 2853 3389 ὑπόστασις
2913 3326 3132 3382 Παύλου
3191 3329 3475 3404 ἄνθρωπός
3536 3329 3673 3384 ἐστι⁶
3705 3331 3793 3385 καὶ

2143 3415 2237 3472 δῦο
2298 3417 2427 3471 εἰσὶν
2492 3418 2844 3487 ὑποστάσεις,
2904 3417 2994 3471 xui
3052 3415 3113 3471 οὑ
3174 3414 3269 3471 δύο
3350 3418 3790 3492 ἀνθρωπότητες.

2144 3505 2239 3558 Καὶ
2302 3504 2477 3576 ἄλλην
2536 3505 2624 3559 καὶ
2676 3504 2850 3575 ἄλλην
2920 3505 3205 3560 ὑπόστασιν
3262 3504 3486 3581 ἔχομεν,
3542 3507 3673 3582 οὑχὶ
3736 3506 3793 3563 δὲ

2140 3593 2317 3663 ἄλλην
2369 3594 2455 3648 xui
2512 3593 2687 3665 ἄλλην
2739 3594 3041 3662 ἀθανασίαν,
3103 3595 3169 3663 ἢν
3230 3592 3319 3649 διά
3373 3600 3470 3649 τοῦ
3523 3596 3642 3658 ἑνὸς
3694 3597 3788 3671 βα-

2137 3682 2435 3755 πτίσματος
2485 3678 2776 3756 ἐλάϐομεν.
2812 3683 2874 3738 Ei
2923 3684 3024 3760 γὰρ
3078 3683 3222 3754 ἄλλη
3275 3685 3363 3739 xui
3397 3683 3545 3754 ἁλλη
3599 3685 3789 3740 ἀθανα-

2138 3771 2243 3837 σία,
2308 3769 2446 3826 ἄλλο
2503 3772 2592 3826 xui
2654 3771 2792 3827 ἄλλο
2854 3773 3155 3848 βάπτισμα,
3186 3773 3275 3826 xui
3322 3772 3466 3843 ἄλλη
3519 3775 3609 3827 xui
3644 3774 3789 3843 ἆλλτ,

2137 3859 2338 3929 πίστις,
2370 3861 2457 3915 xui
2492 3861 2591 3916 οὑκ
2622 3858 2758 3916 ἔστιν
2800 3884 2821 3913 ι
2856 3863 2931 3923 εἷς
2982 3860 3196 3936 Κύριος,
3252 3861 3346 3934 μία
3377 3862 3580 3934 πίστις,
3610 3862 3669 3918 ’ἐν
3700 3865 3790 3938 βάο

2135 3970 2361 4023 πτισμα.
2400 3976 2427 4001 ›)

2212 4220 2291 4273 18.
2356 4215 2573 4287 ’Δνόμ.
2636 4215 2809 4272 Ἀλλά
2862 4219 2896 4286 ἡ
2954 4217 3193 4292 ἡμετέρα
3275 4218 3564 4279 ὑπόστασις
3638 4216 3784 4287 ἄλλη

2135 4305 2244 4360 ἐστὶ
2279 4306 2420 4380 παρά
2450 4306 2547 4373 τὴν
2606 4306 2893 4369 ἀθανασίαν
2943 4307 3031 4361 xui
3065 4307 3126 4361 τὸ
3187 4308 3487 4382 βάπτισμα·
3540 4307 3646 4381 ἄρα
3699 4307 3786 4361 καὶ

2132 4396 2166 4463 ἡ
2195 4398 2291 4449 τοὺ
2324 4398 2456 4448 Θεοῦ
2490 4392 2779 4456 ὑπόστασις
2813 4392 2957 4464 ἄλλη
3006 4393 3113 4449 ἐστὶ
3168 4396 3313 4469 παρὰ
3342 4396 3440 4463 τήν
3472 4394 3786 4459 ἀθανασίαν.

2132 4482 2281 4554 Ὀρθ.
2343 4478 2435 4538 Οὔ.
2500 4478 2672 4537 Ἀλλά
2729 4481 2864 4549 αὑτὴ
2923 4485 2956 4550 ἡ
3021 4482 3310 4543 ὑπόστασις
3366 4484 3455 4537 xui
3525 4484 3789 4546 ἀθανασία

364 4572 563 4655 talitas
596 4589 608 4627 :
644 4588 834 4643 neque
866 4572 1278 4628 immortalitas
1309 4574 1823 4639 duntaxat,verum
1843 4574 2016 4628 etiam

2136 4569 2261 4624 ἐστί·
2296 4569 2382 4624 ναὶ
2416 4568 2475 4623 οὑ
2511 4569 2674 4642 μόνον
2721 4570 2995 4637 ἀθανασία,
3040 4569 3185 4625 αλλὰ
3230 4573 3320 4625 καὶ
3370 4571 3662 4649 ἀφθαρσία,
3697 4571 3786 4626 xui

364 4660 918 4731 lncorruptibilitas,
953 4662 1290 4733 etjustitia,
1324 4667 1381 4717 et
1414 4660 1819 4727 sanctificatio,
1846 4666 1901 4717 et
1933 4679 2019 4718 re-

364 4749 643 4821 demptio,
699 4754 756 4804 et
800 4749 1143 4815 dominatio,
1201 4754 1257 4805 et
1309 4755 1585 4821 potestas.
1629 4749 1828 4821 Neque
1868 4750 2021 4807 Deus

364 4838 486 4893 haec
517 4854 647 4893 esse
679 4838 891 4892 dicitur
924 4856 1025 4911 per
1050 4839 1534 4910 compositionem
1571 4855 1582 4892 :
1618 4839 1717 4894 sed
1742 4856 1809 4895 ex
1832 4839 2019 4895 diver-

365 4928 445 4983 sis
478 4927 1053 4983 considerationibus
1086 4929 1277 4983 dictus
1301 4926 1895 4999 immortalitas,quod
1925 4929 2019 4984 de-

366 5015 595 5071 sinere:
626 5016 1170 5088 incorruptibilitas,
1196 5017 1349 5088 quod
1380 5016 1613 5072 dissolvi
1650 5033 1762 5072 nou
1794 5016 2015 5089 possit:

355 5104 594 5174 justitia
628 5110 863 5176 propter
892 5105 1225 5176 aequitatem
1263 5122 1274 5159 :
1307 5105 1713 5171 sanctiﬁcatio,
1772 5106 1924 5176 quod
1986 5124 2018 5161 ιι

361 5200 601 5264 peccato
632 5194 922 5249 custodiat
955 5210 967 5248 :
1000 5193 1505 5265 redemptio,quod
1540 5194 1719 5249 vitam
1753 5200 2013 5249 nostram

2134 4656 2471 4727 δικαιοσῦντη
2502 4658 2590 4712 xui
2640 4659 2928 4733 ἁγιασμὸς,
2978 4659 3068 4713 xui
3108 4658 3488 4732 ἀπολὺτρωσις
3523 4704 3537 4730 ,
3570 4661 3663 4713 xui
3693 4682 3786 4715 κυο

2132 4748 2318 4825 ριόττ,ς
2355 4791 2369 4814 ,
2426 4746 2514 4801 xui
2575 4743 2840 4818 δύναμις.
2901 4747 3004 4803 Καὶ
3054 4747 3155 4802 οὑκ
3202 4745 3311 4802 ἔστι
3361 4748 3495 4803 κατά
3538 4747 3783 4812 σύνθεσιν

2128 4841 2295 4891 ταῦτα
2316 4836 2343 4890 ὁ
2375 4836 2526 4906 Θεὸς,
2560 4833 2704 4891 ἀλλά
2737 4835 2871 4889 κατά
2921 4833 3213 4913 διαφόρους
3261 4836 3500 4900 ἐπινοίας
3549 4836 3786 4912 λεγόμε-

2128 4944 2238 4987 νος.
2274 4923 2529 4989 ἀθανασία
2566 4924 2659 4996 μὲν
2713 4920 2801 4978 διὰ
2846 4922 2908 4979 τὸ
2962 4922 3341 4994 ἀτελεύτητον.
3392 4925 3664 5005 ἀφθαρσεα
3708 4924 3785 4995 δὲ,

2129 5011 2218 5069 δια
2266 5014 2327 5069 τὸ
2379 5011 2573 5068 ἄλυτον
2627 5014 2785 5085 (77)·
2823 5009 3135 5084 δικαιοσονη
3189 5011 3279 5069 διὰ
3323 5015 3384 5070 τὸ
3438 5011 3549 5070 ξ’σον
3587 5035 3597 5045 ·
3636 5018 3785 5090 ἁγια-

2127 5103 2263 5175 σμὸς
2297 5100 2385 5157 διά
2412 5103 2473 5157 τὸ
2533 5099 2817 5179 φυλάττειν
2876 5103 2983 5157 ἀπὸ
3040 5104 3331 5179 ἁμαρτίας
3396 5103 3779 5179 ἀπολύτρωσις

2127 5190 2215 5247 διὰ
2249 5193 2311 5247 τὸ
2346 5193 2533 5260 σώζειν
2589 5190 2647 5245 ἐκ
2685 5194 2890 5269 φθορᾶς
2941 5193 3041 5261 τήν
3096 5194 3241 5261 ζωὴν
3275 5196 3458 5266 man-
3492 5193 3776 5268 κυριότης,

360 5279 567 5337 liberet
596 5296 629 5335 a
660 5280 1034 5351 corruptione
1062 5296 1073 5334 :
1110 5280 1615 5352 dominatio,quod
1649 5282 1910 5336 omnium
1938 5283 2015 5337 sit

360 5368 641 5425 Dominus
677 5373 991 5459 :potestas,
1027 5369 1178 5439 quod
1206 5368 1347 5423 nihil
1381 5369 1431 5423 ei
1463 5369 1713 5424 resistat.
1745 5373 1873 5424 Haec
1905 5388 2006 5426 au-

2125 5279 2214 5336 διά
2242 5281 2303 5336 τὸ
2334 5280 2547 5335 πάντων
2579 5286 2816 5356 κρατεῖν
2871 5277 3121 5354 δύναμις,
3168 5279 3255 5336 διὰ
3291 5284 3353 5336 τό
3404 5280 3571 5351 μηδὲν
3624 5281 3771 5355 αὑτῷ

2122 5372 2467 5435 ἀντικεῖσθαι.
2519 5374 2694 5424 Ταῦτα
2753 5366 2810 5424 δὲ
2868 5371 3040 5425 πάντα
3094 5372 3184 5426 xui
3243 5373 3365 5446 περὶ
3394 5375 3496 5442 τὴν
3544 5371 3776 5427 ὑπόστα·
3858 5434 3861 5443 γ

438 5582 546 5653 [16)
700 5576 957 5653 ἀθανασία
1017 5576 1177 5632 ἐστίν.
1214 5576 1379 5653 Εἴπερ
1422 5577 1677 5653 ἀληθῶς,
1900 5580 2005 5653 ,καί

2116 5580 2261 5652 ἄλλη
2293 5582 2383 5637 xui
2415 5578 2709 5652 u11n._Sic
2742 5581 2921 5639 Palat.

366 5647 533 5720 ἄλλην
572 5648 861 5710 ὑπόστασίς
919 5647 1025 5703 ἐστι
1087 5650 1291 5722 Πατρὸς
1349 5647 1435 5704 xui
1488 5652 1633 5707 l'ioB.
1669 5648 1826 5705 Ἀλλ’
1856 5647 1985 5727 οὐχὶ

2171 5649 2282 5726 (77)
2315 5654 2519 5724 Palat.,
2552 5649 2863 5709 ἀδιάλυτον.
