4092 6218
283 359 440 419 “45

1248 365 1348 422 DE
1392 364 1690 422 SANCTA
1742 363 2167 422 TRINITATE
2218 361 2605 423 DIALUGUS
2652 360 2694 421 Ι.

3549 354 3705 445 ius

3684 452 3702 489 1

285 509 367 544 σιν
423 493 519 543 τοῦ
578 490 705 544 Υἱοῦ
759 496 1061 565 θεωρεῖται,
1114 492 1323 563 ὁμοίως
1382 497 1459 564 τῷ
1509 492 1816 568 Πατρί,καὶ
1874 490 1936 545 οῦ

2057 496 2167 549 tem
2201 493 2420 559 omnia,
2448 496 2509 547 ut
2539 491 2597 546 in
2628 489 2836 557 Patris,
2860 489 2937 545 ita
2960 488 3133 544 etiam
3161 487 3219 542 in
3244 486 3374 542 Filii
3396 486 3679 559 hypcstas

292 582 584 652 μεθεκτῶς·
627 578 715 632 καὶ
770 576 857 633 διὰ
902 584 1063 634 τοῦτο
1116 578 1210 635 860
1266 582 1358 654 μὲν
1412 581 1728 642 ὑποστάσεις
1782 579 1939 655 λὲγο-

293 688 387 741 μεν
425 666 629 742 ΙΙατρὸς
673 666 761 721 καὶ
808 667 956 737 Υἱοῦ,
995 668 1120 741 μίαν
1173 666 1230 724 δὶ
1273 668 1520 739 θεότητα,
1573 668 1818 743 δύναμιν,
1850 690 1938 723 κυ-

290 755 537 829 ριότητα,
596 757 683 809 καὶ
761 755 1065 829 ἀθανασῖαν,
1123 759 1212 812 καὶ
1300 758 1616 836 ἀφθαρσῖαν,
1672 758 1761 813 καὶ
1841 757 1939 813 ὅσα

287 849 533 899 τοιαῦτα.
569 844 755 916 Ἀνόμ.
787 846 989 900 Οὐκοῦν
1030 848 1120 902 καὶ
1168 847 1483 923 ἀγεννησίαν
1518 851 1628 921 (78)
1666 848 1787 921 μίαν
1848 846 1939 902 λέ-

291 954 430 1008 γεις.
467 934 614 1008 Ὀρθ.
679 936 967 1010 ’Δγένητον
1013 936 1104 1008 μὲν
1163 937 1305 1013 λέγω
1371 937 1458 991 καὶ
1515 938 1605 993 τὸν
1666 938 1806 1005 Υἱὸν,
1841 938 1941 992 οῦκ

292 1022 585 1097 ἀγέννητον
641 1019 718 1077 δέ.
778 1023 965 1096 Ἀνόμ.
1021 1024 1197 1079 Ἄλλο
1266 1027 1369 1101 γάρ
1436 1024 1574 1080 ἐστιν
1654 1026 1938 1100 ἀγένητον,

289 1112 382 1164 καὶ
442 1110 581 1166 ἄλλο
638 1112 967 1186 ἀγὲννητον;
1003 1115 1153 1187 ὈρΟ.
1188 1115 1288 1171 Καὶ
1348 1114 1502 1171 πάνυ.
1555 1115 1740 1187 Ἀνόμ.
1775 1120 1937 1184 Πῶς;

293 1203 442 1277 Ὀρθ.
475 1205 596 1258 ’Ὁτι
626 1203 688 1257 τὸ
721 1204 816 1275 μὲν
843 1204 1098 1279 γεννητόν
1152 1204 1261 1259 ἐστι
1320 1206 1381 1260 τὸ
1438 1204 1496 1259 ἐκ
1550 1213 1649 1275 τῆς
1708 1208 1938 1261 ὑποστά-

290 1311 428 1353 σεως
458 1292 812 1366 γεννώμενον,
841 1293 930 1346 καὶ
980 1291 1067 1347 διὰ
1114 1298 1273 1349 τοῦτο
1325 1293 1383 1349 ἐκ
1421 1296 1649 1370 γαστρὸς
1707 1294 1939 1371 λεγόμε-

288 1400 405 1433 νονο
438 1380 500 1434 τὸ
533 1377 589 1434 δὲ
614 1381 835 1455 γενητὸν
866 1382 928 1435 τὸ
956 1382 1014 1436 ἐκ
1060 1389 1160 1451 τῆς
1209 1382 1447 1453 ἐξουσίας
1496 1388 1592 1438 τοῦ
1636 1405 1942 1459 γενεσιουρ-

290 1474 414 1544 γοῦ,
449 1494 475 1520 ‹‹
516 1468 692 1524 Πάντα
719 1470 818 1544 γὰρ
851 1469 948 1525 ὅσα
995 1470 1285 1542 ἠθέλησεν,
1319 1472 1588 1543 ἐποίησεν.
1623 1498 1650 1525 ››
1686 1474 1943 1543 Ἐποίησε

293 1558 352 1614 Si
399 1564 552 1627 πῶς;
590 1584 617 1610 ‹‹
672 1560 860 1630 Εἶπεν,
908 1561 996 1615 καὶ
1058 1562 1409 1637 ἐγενήθησανο
1471 1562 1794 1633 ἐνετείλατο,
1851 1563 1940 1618 καὶ

293 1648 634 1718 ἐκτίσθησαν.
668 1674 696 1701 ››
727 1649 920 1722 Ἀνόμ.
971 1652 1085 1708 Οὑκ
1143 1651 1426 1721 ἠρώτησα,
1484 1651 1536 1706 τί
1597 1652 1703 1706 ἐστι
1752 1674 1933 1729 γεννη-

290 1738 409 1806 τὸν,
442 1737 529 1792 καὶ
587 1737 640 1793 τί
696 1739 941 1813 γενητόν·
974 1739 1099 1795 ἀλλ’
1133 1740 1177 1794 εἰ
1231 1739 1371 1795 ἄλλο
1420 1740 1528 1795 ἐστὶ
1568 1742 1629 1795 τὸ
1658 1742 1942 1816 ἀγένητον,

2049 582 2509 650 considerantur,
2534 581 2710 653 idque
2744 580 2982 635 minime
3016 595 3081 633 ex
3116 576 3580 649 participatione.
3612 577 3702 632 Id-

2048 670 2198 726 circo
2243 673 2392 726 duas
2442 671 2674 741 quidem
2726 669 3069 741 hypostases
3117 665 3369 719 dicimus
3412 664 3596 719 Patris
3645 672 3701 721 et

2050 760 2202 828 Filii,
2253 778 2428 816 unam
2464 765 2660 815 autem
2710 759 3011 826 deitatem,
3037 760 3402 827 potestatem,
3426 753 3696 809 domina-

2048 848 2289 919 tionem,
2344 847 2867 913 immortalitatem,
2948 842 3583 915 incorruptibilitatem,
3644 848 3700 897 et

2048 940 2338 1012 ejusmodi
2370 939 2502 995 alia.
2528 942 2721 995 Anam.
2747 938 2931 993 Unam
2958 936 3137 1008 igitur
3155 935 3329 990 etiam
3354 933 3519 997 dicis,
3545 930 3696 1007 ἀγεν-

2047 1027 2257 1098 νησίαν,
2294 1029 2351 1083 id
2382 1034 2471 1084 est
2501 1025 2890 1099 generationis
2920 1023 3256 1080 carentiam.
3293 1023 3441 1078 Orlh.
3472 1022 3695 1094 Ἀγὲνη-

2047 1139 2160 1185 τον,
2188 1119 2246 1174 id
2278 1123 2367 1174 est
2396 1140 2423 1167 ‹‹
2457 1135 2571 1173 non
2623 1118 2862 1185 factum,
2896 1136 2923 1165 »
2958 1114 3197 1186 quidem
3228 1112 3355 1168 dico
3395 1111 3567 1167 etiam
3602 1112 3695 1166 Fi-

2049 1209 2194 1264 lium
2232 1226 2244 1263 :
2278 1205 2569 1280 ἀγέννητον
2621 1210 2841 1271 autem,
2870 1204 2927 1259 id
2979 1208 3086 1269 est,
3126 1225 3146 1253 ι
3184 1218 3299 1257 non
3348 1201 3632 1273 genitum,
3668 1222 3695 1248 n

2028 1280 2447 1370 (nequaquam.
2483 1296 2670 1351 Anam.
2697 1296 2872 1348 Estne
2900 1293 3077 1365 igitur
3106 1290 3286 1355 aliud,
3312 1307 3427 1343 non
3452 1290 3693 1358 factum,

2051 1387 2209 1443 aliud
2258 1403 2373 1440 non
2425 1382 2736 1456 genitum?
2790 1381 2942 1438 Orth.
2992 1385 3141 1435 Sane
3189 1379 3446 1450 quidem.
3500 1379 3692 1432 Anam.

2050 1474 2397 1540 Quomodo?
2443 1474 2599 1531 Orth.
2632 1472 2918 1536 Quoniam
2966 1468 3029 1522 τὸ
3073 1465 3344 1542 γεννητόν,
3395 1466 3537 1521 illud
3586 1471 3693 1531 est,

2052 1566 2206 1638 quod
2239 1582 2307 1621 ex
2350 1562 2646 1635 hypostasi
2697 1561 2977 1633 gignitur,
3008 1560 3255 1630 ideoque
3285 1575 3352 1613 ex
3383 1561 3582 1612 ventre
3611 1556 3696 1611 vel

2053 1660 2215 1709 utero
2264 1652 2476 1708 dicitur
2512 1670 2525 1707 :
2558 1648 2779 1725 γενητόν
2832 1666 2963 1704 vero
3018 1647 3162 1701 illud
3194 1651 3302 1713 est,
3345 1646 3497 1715 quod
3549 1650 3639 1700 est
3669 1662 3701 1699 a

2053 1746 2339 1815 potestate
2370 1740 2615 1811 opificis.
2658 1744 2803 1794 Nam
2836 1762 2863 1788 ‹‹
2899 1737 3097 1792 omnia
3128 1751 3490 1807 quaecunque
3521 1733 3704 1789 voluit

294 1826 385 1880 καὶ
420 1824 560 1881 ἄλλο
590 1824 651 1880 1d
684 1826 997 1901 ἀγέννητον.
1030 1830 1157 1903 Ὀρο
1214 1828 1275 1882 Εἰ
1306 1830 1368 1884 τὸ
1414 1831 1671 1905 γεννητόν
1720 1830 1828 1885 ἐστι
1881 1832 1944 1885 τὸ

2057 1832 2276 1887 fecit”.
2310 1853 2337 1880 ››
2388 1829 2689 1895 Quomodo
2733 1831 2929 1882 autem
2979 1824 3155 1880 fecit?
3189 1848 3214 1874 ‹‹
3252 1824 3424 1889 Dixit,
3458 1827 3514 1878 et
3554 1824 3704 1878 facta

298 1914 359 1970 ἆκ
386 1921 487 1985 τῆς
522 1915 864 1979 ὑποστάσεως
894 1918 983 1972 καὶ
1025 1915 1083 1972 ἐκ
1113 1919 1365 1994 γαστρὸς,
1399 1919 1460 1974 τὸ
1509 1921 1584 1991 μή
1635 1920 1691 1975 ὃν
1744 1918 1800 1973 ἐκ
1846 1941 1944 1995 γα-

299 2004 478 2080 στρὸς,
510 2002 679 2080 ἤγουν
714 2008 825 2079 (79)
857 2005 915 2061 ἐκ
943 2014 1041 2076 τῆς
1077 2008 1440 2073 ὑποστάσεως,
1473 2008 1762 2083 ἀγὲννητόν
1811 2007 1942 2064 ἐστι·

299 2095 389 2149 καὶ
423 2094 467 2149 εἰ
497 2094 560 2150 τὸ
590 2097 816 2172 γενητὸν
850 2096 907 2151 ἐκ
934 2104 1033 2167 τῆς
1084 2097 1323 2168 ἐξουσίας
1377 2098 1486 2153 ἐστῖ
1535 2100 1651 2153 κατ’
1696 2098 1944 2168 ἐντολὴν,

293 2189 358 2242 τὸ
419 2187 675 2263 ἀγένητον
744 2187 807 2241 τὸ
864 2189 938 2260 μὴ
989 2189 1104 2242 κατ’
1152 2186 1373 2256 ἐντολὴν
1424 2189 1692 2264 ὑπάρχον,
1744 2188 1869 2244 ἀλλ’
1909 2190 1943 2257 ἢ

298 2274 536 2330 ἀναίτιον
570 2277 652 2346 ὃν,
679 2275 713 2343 ἢ
750 2274 808 2330 ἐκ
837 2283 937 2345 τῆς
974 2277 1314 2338 ὑποστάσεως
1354 2282 1449 2331 τοῦ
1483 2278 1801 2352 ἀγεννήτου.

2056 1925 2193 1975 sunt
2218 1938 2230 1975 :
2257 1918 2555 1974 mandavit
2577 1922 2632 1973 et
2658 1920 2849 1972 creata
2869 1919 3007 1970 sunt
3035 1915 3095 1969 '3.
3122 1937 3148 1962 υ
3177 1921 3374 1969 Anam.
3399 1913 3521 1968 Non
3546 1929 3700 1983 quae-

2056 2009 2164 2065 sivi
2190 2008 2330 2081 quid
2382 2008 2459 2062 sit
2500 2006 2764 2079 genitum
2812 2008 2869 2060 et
2900 2004 3037 2075 quid
3071 2004 3314 2067 factum,
3347 2002 3445 2056 sed
3479 2019 3551 2055 an
3586 2017 3700 2055 non

2057 2101 2276 2155 factum
2307 2097 2385 2152 sit
2409 2096 2588 2161 aliud,
2624 2112 2798 2166 quam
2849 2110 2962 2147 non
2995 2092 3281 2165 genitum.
3316 2090 3466 2144 Orth.
3502 2090 3561 2144 Si
3604 2104 3701 2161 ge-

2058 2189 2248 2243 nitum
2305 2185 2445 2240 illud
2495 2189 2604 2253 est,
2637 2184 2791 2255 quod
2839 2188 2926 2237 est
2973 2198 3040 2237 ex
3085 2181 3382 2253 hypostasi
3429 2185 3485 2234 et
3520 2184 3702 2245 utero,

2060 2293 2198 2334 sane
2232 2274 2375 2329 illud
2408 2278 2495 2329 est
2522 2290 2635 2327 non
2667 2270 2954 2344 genitum,
2988 2272 3141 2334 quod
3179 2286 3291 2325 non
3326 2285 3393 2323 ex
3428 2274 3589 2325 utero
3621 2267 3707 2322 vel

297 2376 599 2448 hypostasi
637 2393 649 2431 :
684 2379 741 2431 et
789 2376 839 2431 si
892 2377 1108 2431 factum
1160 2377 1304 2432 illud
1355 2382 1463 2445 est,
1498 2380 1650 2448 quod
1710 2384 1801 2433 est
1844 2394 1911 2431 ex
1970 2378 2252 2448 potestate
2300 2372 2627 2427 secundum
2677 2370 3041 2437 mandatum,
3076 2368 3279 2438 utique
3328 2384 3441 2421 non
3493 2366 3708 2421 factum

293 2464 441 2517 illud
487 2468 598 2534 est,
653 2463 805 2535 quod
863 2480 977 2519 non
1032 2464 1258 2520 exsistit
1302 2481 1370 2520 ex
1421 2466 1718 2533 mandato,
1749 2467 1848 2522 sed
1899 2465 1987 2521 vel
2035 2479 2275 2520 causam
2324 2477 2439 2517 non
2491 2460 2686 2524 habet,
2714 2458 2803 2514 vel
2853 2464 2942 2514 est
2987 2474 3055 2512 ex
3105 2457 3403 2529 hypostasi
3453 2472 3564 2509 non
3611 2472 3707 2524 ge-

298 2552 433 2607 niti.

372 2640 457 2694 19.
507 2637 696 2710 Ἀνόμ.
740 2637 843 2693 Δῦο
898 2638 990 2693 οῦν
1043 2639 1272 2715 ἀγένητα
1331 2639 1549 2717 λέγεις;
1596 2644 1747 2718 Ὀρθ.
1812 2643 1951 2719 Ἐγὼ

299 2728 389 2782 καὶ
438 2726 670 2801 Πατέρα,
719 2728 807 2782 καὶ
866 2729 1010 2797 Υἱὸν,
1069 2729 1158 2783 καὶ
1217 2732 1365 2804 ἅγιον
1429 2735 1645 2803 Πνεῦμα
1721 2730 1953 2808 ἀγένητα

305 2820 473 2894 Λέγω,
525 2817 651 2874 ἀλλ’
707 2819 805 2874 οῦκ
860 2819 1105 2892 ἀπάτορα
1160 2820 1305 2896 τρία,
1339 2819 1462 2876 οὐδὲ
1518 2822 1746 2877 ἀναίτια·
1808 2820 1954 2877 ἀλλὰ

300 2910 393 2963 τὸν
458 2908 552 2980 μὶν
585 2910 697 2981 (80)
747 2910 976 2984 Πατέρα,
1008 2910 1096 2963 καὶ
1143 2909 1406 2983 ἀπάτορα,
1438 2910 1527 2964 καὶ
1569 2911 1830 2982 ἀναίτιον,
1863 2912 1953 2966 καὶ

304 2996 589 3072 ἀγένητον.
624 2996 719 3051 Καὶ
768 2997 868 3072 γὰρ
919 2995 1043 3052 οὔτε
1092 2997 1299 3072 Πατέρα
1348 2997 1463 3074 ἔχει
1508 3001 1535 3053 6
1585 3002 1794 3075 Πατὴρ,
1833 2997 1955 3055 οὔτε

310 3085 712 3160 γενεσιουργὸν,
757 3082 878 3139 οὔτε
923 3083 1095 3139 αἶ’τιον
1137 3090 1233 3140 τοῦ
1293 3086 1425 3141 εἶναι
1480 3087 1554 3150 ὡς
1614 3087 1664 3159 ἐξ
1726 3088 1956 3144 ὑποστά-

2134 2641 2217 2696 19.
2250 2641 2440 2696 Anam.
2474 2638 2598 2694 Duo
2627 2636 2809 2710 igitur
2851 2636 2998 2691 dicis
3029 2652 3145 2690 non
3178 2633 3373 2688 facta?
3405 2634 3554 2688 Orth.
3591 2633 3706 2703 Ego

2061 2735 2119 2787 et
2147 2731 2378 2785 Patrem
2410 2732 2466 2783 et
2496 2726 2705 2783 Filium
2736 2730 2789 2781 et
2810 2725 3096 2797 Spiritum
3128 2728 3396 2778 sanctum
3429 2722 3557 2775 dico
3579 2738 3705 2775 esse

2063 2836 2178 2876 non
2229 2819 2401 2887 facta,
2433 2833 2802 2888 nequaquam
2853 2832 2985 2869 vero
3034 2813 3147 2868 tria
3190 2816 3348 2879 sunt,
3408 2812 3567 2865 Patre
3616 2807 3702 2864 vel

2063 2924 2242 2964 causa
2261 2906 2520 2962 carentia
2548 2924 2560 2960 :
2596 2905 2692 2959 sed
2729 2905 2951 2959 Patrem
2984 2902 3241 2973 quidem,
3266 2902 3486 2971 absque
3519 2903 3706 2967 Patre,

2065 3002 2122 3053 et
2150 2993 2371 3067 absque
2404 3011 2602 3061 causa,
2634 3002 2688 3049 et
2718 3010 2831 3048 non
2859 2993 3099 3048 factum.
3125 2990 3320 3060 Neque
3352 2988 3508 3043 enim
3542 2988 3711 3042 Pater

2064 3086 2241 3141 habet
2270 3084 2520 3151 Patrem,
2552 3099 2737 3155 neque
2765 3081 3053 3153 opiﬁcem,
3088 3080 3157 3135 ad
3195 3095 3368 3151 quem
3398 3082 3589 3132 ortum
3623 3092 3711 3130 re-

310 3195 467 3236 σεως.
512 3176 572 3231 Ὀ
622 3170 678 3230 δὲ
727 3175 849 3236 Υἱὸς
892 3174 1101 3249 Πατέρα
1156 3176 1250 3247 μὲν
1303 3173 1442 3253 ἔχει,
1472 3179 1843 3253 γενεσιουργὸν
1901 3176 1945 3234 δῖ

2069 3175 2232 3245 ierat,
2268 3189 2455 3245 neque
2490 3188 2848 3245 quemquam
2882 3175 3196 3237 auctorem,
3232 3186 3264 3224 a
3293 3185 3404 3238 quo
3439 3167 3516 3222 sit
3551 3172 3613 3220 ut
3643 3182 3709 3220 ex

309 3261 410 3317 οῦκ
467 3261 604 3339 ἔχει’
664 3263 725 3318 οῦ
796 3264 897 3339 γὰρ
964 3263 1190 3340 ἐγένετο,
1249 3264 1375 3320 ἀλλ’
1431 3266 1708 3341 ἐγεννήθη.
1770 3268 1847 3326 Τὸ
1897 3266 1967 3323 δὲ’

308 3356 525 3424 Πνεῦμα
572 3352 633 3406 τὸ
679 3353 827 3427 ἅγιον
880 3353 1091 3427 ΙΙατέρα
1139 3351 1237 3407 οὐκ
1269 3351 1407 3429 ἔχει,
1442 3353 1503 3408 οὐ
1534 3357 1636 3431 γὰρ
1669 3354 1949 3429 ἐγεννήθη·

302 3440 675 3516 γενεσιουργὸν
736 3440 834 3495 οῦκ
890 3439 1029 3516 ἔχει,
1090 3440 1150 3495 οῦ
1217 3443 1320 3516 γάρ
1383 3442 1608 3517 ἐγένετο’
1664 3443 1834 3499 αἶ’τιον
1895 3443 1952 3500 δὶ

303 3528 424 3604 ἔχει
480 3530 570 3584 τὸν
622 3531 768 3602 Θεὸν,
822 3531 884 3584 οὗ
936 3532 1157 3603 [Ινεῦμά
1207 3529 1339 3599 ἐστι,
1380 3532 1597 3607 παρ’οῦ
1645 3534 1734 3587 καὶ
1790 3534 1950 3589 ἐκπο-

304 3617 538 3694 ρεύεται.
573 3618 762 3691 Ἀνόμ.
796 3619 871 3672 Τὰ
902 3619 1003 3694 γὰρ
1055 3616 1200 3674 ἄλλα
1256 3620 1535 3693 πνεύματα
1575 3620 1635 3676 οῦ
1684 3625 1808 3698 παρ’
1856 3623 1948 3678 αῦ-

300 3711 399 3761 τοῦ
431 3706 814 3782 ἐκπορεύεταη
851 3708 1000 3782 Ὀρθ.
1036 3708 1133 3761 Καὶ
1165 3710 1328 3780 ἡμεῖς
1380 3708 1440 3764 ἐκ
1484 3714 1580 3764 τοῦ
1628 3716 1760 3766 Θεοῦ
1807 3713 1942 3787 ἐγεν-

301 3797 569 3867 νήθημεν,
606 3820 630 3846 (ι
672 3798 830 3852 ’Όσοι
887 3797 990 3871 γὰρ
1050 3795 1207 3850 αὑτὸν
1263 3793 1483 3867 ἔλαϐον,
1540 3823 1566 3849 ››
1625 3803 1947 3876 γέγραπται,

302 3880 502 3938 ἔδωκεν
589 3883 773 3945 αὐτοῖς
864 3884 1100 3954 ἐξουσέαν
1173 3885 1330 3939 τέκνα
1387 3892 1520 3941 Θεοῦ
1579 3892 1845 3963 γενέσθαι,
1896 3893 1948 3946 οἳ

302 3972 404 4026 οὐκ
451 3971 501 4041 ἐξ
544 3971 812 4044 αἱμάτων,
846 3969 975 4027 οὐδὲ
1023 3971 1082 4027 ἐκ
1131 3973 1441 4045 θελήμανος
1485 3977 1702 4048 σαρκὸς,
1736 3978 1862 4034 ἀλλ’
1892 3979 1951 4034 ἐκ

301 4058 437 4115 Θεοῦ
495 4059 877 4134 ἐγεννήθησαν.
933 4086 958 4110 ι)
1007 4060 1162 4117 Ἀλλ’
1224 4060 1404 4135 ὥσπερ
1461 4065 1645 4135 ἡμεῖς,
1702 4065 1761 4121 ἐκ
1815 4072 1948 4122 Θεοῦ

299 4150 671 4223 γεννηθέντες,
714 4149 814 4203 οῦκ
869 4148 928 4203 ἐκ
982 4151 1212 4225 γαστρὸς
1268 4158 1367 4219 τῆς
1426 4152 1766 4214 ὑποστάσεως
1808 4155 1946 4230 ἐγεν-

294 4239 566 4310 νήθημεν,
623 4237 766 4293 οὕτω
821 4238 908 4293 καὶ
956 4240 1024 4294 τὰ
1073 4238 1472 4315 ἐκπορευόμενα
1555 4242 1832 4315 πνεύματα
1890 4244 1949 4298 ἐκ

293 4332 395 4382 τοῦ
426 4332 580 4395 Θεοῦ,
612 4326 710 4382 οῦκ
767 4326 825 4382 ἐκ
874 4332 971 4383 τοῦ
1019 4330 1285 4401 στόματος
1318 4336 1418 4397 τῆς
1474 4328 1815 4393 ὑποστάσεως
1848 4330 1945 4385 αὑ-

292 4420 393 4471 τοῦ
426 4416 549 4472 εἶσι.
580 4417 650 4471 Τὸ
680 4413 738 4470 δὶ
769 4418 985 4489 Πνεῦμα
1020 4418 1082 4471 τὸ
1115 4419 1262 4493 ἅγιον
1297 4416 1355 4472 ἐκ
1391 4422 1487 4472 τοῦ
1538 4417 1807 4490 στόματος
1847 4427 1946 4489 τῆς

295 4507 644 4613 ὑποστάσεως
692 4505 801 4560 ἐστι
854 4508 1092 4579 Πνεῦμα·
1130 4532 1157 4559 ‹‹
1190 4511 1277 4579 Τῷ
1323 4508 1424 4583 γὰρ
1476 4506 1629 4582 λόγῳ
1661 4508 1862 4584 Κυρίου
1892 4512 1943 4563 οἱ
1980 4550 2024 4613 D

295 4594 518 4669 οὐραίοί
559 4594 980 4671 ἐστερεώθησαν,
1012 4596 1100 4650 καὶ
1148 4595 1227 4668 τῷ
1275 4596 1550 4670 Ιῐνεύματι
1599 4602 1694 4652 τοῦ
1746 4598 1944 4671 στόμα-

292 4705 388 4746 τος
418 4683 582 4739 αὑτοῦ
613 4689 757 4738 πᾶσι
783 4686 819 4753 ἡ
854 4681 1079 4757 δύναμις
1123 4686 1319 4742 αὑτῶν,
1357 4710 1383 4735 ››
1418 4685 1519 4741 Καὶ
1554 4686 1580 4740 ὁ
1616 4688 1801 4761 Πατήρ
1854 4687 1948 4742 λέ-

294 4791 399 4849 γει·
450 4797 475 4823 α
530 4769 670 4829 Ἰδοὺ
721 4774 749 4827 ὁ
806 4776 945 4835 Παῖς
1008 4794 1135 4846 μου,
1188 4775 1216 4828 6
1265 4774 1548 4849 ἀγαπητός
1609 4797 1733 4848 μου,
1769 4777 1845 4838 εἰς
1889 4778 1946 4833 ’ὀν

297 4856 587 4929 εὐδόκησεν
620 4868 654 4928 ή
688 4862 839 4935 ψυχή
878 4881 1001 4933 μου.
1036 4861 1195 4930 Θησὼ
1225 4860 1288 4914 16
1318 4860 1538 4933 Ιῐνεῦμά
1591 4882 1696 4934 μου
1742 4861 1823 4917 ἐπ’
1854 4864 1945 4916 αῦ-

296 4947 412 5004 τόν.
444 4971 470 4999 ιι
509 4948 698 5021 Ἀνόμ.
732 4948 795 5003 Εἰ
843 4950 932 5004 καὶ
964 4950 991 5003 6
1042 4950 1162 5011 Υἱὸς
1211 4948 1270 5005 ὲκ
1314 4957 1412 5019 τῆς
1465 4950 1825 5023 ὑποστάσεως,
1854 4952 1945 5006 καὶ

293 5038 359 5092 τὸ
392 5040 614 5111 Πνεῦμα
663 5037 722 5093 ἐκ
769 5042 868 5107 τῆς
920 5037 1279 5107 ὑποστάσεως,
1313 5038 1442 5093 εἷλσίν
1492 5037 1761 5117 ἀδελφοη
1794 5043 1942 5115 Ὀρθ.

296 5127 389 5194 Μὴ
422 5126 667 5200 γένοιτοέ
701 5124 878 5189 οὑδεὶς
917 5132 1077 5182 τοῦτο
1111 5125 1280 5202 λέγει,
1318 5131 1444 5190 ιΙῶς
1495 5130 1597 5202 γάρ
1653 5134 1946 5205 μονογενής

295 5216 325 5270 6
356 5216 502 5283 Υἱὸς,
537 5215 581 5269 εἷ
629 5213 724 5271 δύο
775 5215 905 5271 εἰσὶν
956 5213 1222 5293 ἀδελφοί;
1258 5216 1447 5290 Ἀνόμ.
1481 5219 1604 5280 Ιιῶς
1659 5216 1749 5272 οῦν
1797 5217 1883 5273 καί
1916 5221 1943 5274 6

296 5304 418 5365 Υἱὸς
464 5302 524 5359 ἐκ
566 5310 664 5373 τῆς
718 5303 1059 5366 ὑποστάσεως
1101 5305 1188 5359 καὶ
1237 5307 1299 5359 τὸ
1354 5310 1598 5379 Πνεῦμα,
1631 5308 1719 5362 καὶ
1751 5308 1813 5362 οὑ
1849 5305 1943 5363 δύο

371 5451 414 5486 ¹²
448 5451 600 5507 Psal.
634 5467 859 5519 cxxvxv,
890 5454 943 5507 6.
1025 5454 1069 5487 ‘3
1102 5452 1253 5508 Psal.
1285 5468 1513 5521 CXLVIII,
1544 5454 1598 5509 5.

518 5608 1186 5685 Eala_tinus,__&‘{evnqtay.

371 5679 486 5753 (79)
519 5682 797 5754 Felckm.,
832 5679 1260 5753 ἤτόυνζΡλΙαιη
1296 5679 1492 5737 εἷ’τουν.

1678 5455 1722 5489 ¹⁸
1749 5454 1917 5510 Joan.
1953 5472 1993 5522 ι,
2028 5456 2114 5526 12,
2150 5457 2234 5511 13.

2063 3264 2385 3337 hypostasi.
2422 3264 2493 3317 At
2523 3262 2705 3318 Filius
2739 3261 2965 3316 Patrem
3000 3259 3236 3331 quidem
3269 3258 3463 3326 habet,
3498 3258 3597 3311 sed
3632 3255 3703 3311 ab

2061 3353 2268 3425 opiﬁce
2299 3358 2490 3408 ortum
2542 3369 2658 3407 non
2700 3351 2874 3406 habet
2906 3367 2919 3404 :
2957 3366 3144 3420 neque
3190 3348 3345 3403 enim
3380 3349 3565 3401 factus
3597 3349 3708 3411 est,

2061 3444 2163 3499 sed
2192 3443 2427 3514 genitus
2462 3458 2475 3498 :
2509 3441 2765 3513 Spiritus
2794 3446 3031 3495 sanctus
3062 3442 3258 3493 autem
3293 3437 3516 3491 Patrem
3552 3435 3704 3489 419

2061 3549 2175 3588 non
2207 3532 2404 3600 habet,
2438 3531 2576 3603 quia
2607 3548 2719 3586 non
2752 3534 2840 3585 est
2869 3529 3122 3601 genitus,
3148 3544 3251 3581 uec
3282 3526 3355 3581 ab
3382 3526 3587 3596 opiﬁce
3608 3543 3706 3579 or-

2061 3628 2184 3677 tum
2216 3620 2409 3687 habet,
2443 3620 2581 3692 quia
2632 3636 2745 3675 non
2790 3625 2878 3674 est
2912 3620 3098 3674 factus
3134 3635 3145 3671 :
3178 3617 3277 3671 sed
3323 3622 3617 3669 auctorem
3652 3618 3707 3669 et

2060 3726 2298 3766 causam
2332 3710 2507 3766 habet
2558 3711 2760 3776 Deum,
2807 3708 2977 3776 cujus
3009 3706 3252 3776 spiritus
3299 3711 3409 3767 est,
3443 3707 3498 3757 et
3528 3719 3561 3755 a
3592 3719 3705 3771 quo

2059 3799 2336 3871 procedit.
2362 3800 2550 3854 Auom-
2574 3797 2682 3852 Alii
2715 3814 2846 3853 vero
2877 3794 3122 3867 Spiritus
3152 3810 3345 3848 annon
3378 3793 3450 3846 ab
3474 3808 3538 3845 eo
3571 3808 3703 3858 pro-

2058 3889 2319 3944 cedunt?
2350 3888 2500 3944 Orth.
2534 3888 2604 3941 Et
2633 3903 2740 3940 nos
2772 3899 3006 3955 quoque
3037 3885 3108 3938 ab
3141 3900 3205 3937 eo
3237 3880 3413 3953 geniti
3448 3896 3655 3934 sumus
3688 3896 3700 3933 ε

2058 3979 2354 4048 Quotquot
2382 3975 2538 4031 enim
2573 3977 2914 4044 receperunt
2944 3988 3101 4038 eum,
3125 3994 3152 4020 ››
3188 3975 3251 4025 ut
3281 3970 3561 4038 scriptum
3594 3974 3703 4034 est,

2057 4065 2214 4121 dedit
2260 4065 2344 4119 eis
2396 4066 2739 4135 potestatem
2792 4061 2945 4116 filios
2996 4059 3091 4114 Dei
3141 4057 3283 4123 ﬁeri,
3319 4058 3415 4127 qui
3472 4074 3587 4111 non
3636 4073 3702 4110 ex

2058 4153 2467 4225 sanguinibus,
2494 4168 2679 4222 neque
2709 4167 2777 4205 ex
2809 4149 3103 4204 voluntate
3133 4147 3347 4214 carnis,
3376 4147 3473 4201 sed
3500 4164 3566 4201 ex
3590 4152 3701 4200 Deo

2059 4242 2175 4296 nati
2211 4248 2351 4296 sunt
2379 4243 2438 4295 1⁸.
2479 4263 2507 4289 ››
2549 4240 2658 4295 Sed
2710 4240 2864 4296 sicut
2895 4255 3022 4303 nos,
3053 4237 3148 4307 qui
3197 4253 3265 4291 ex
3298 4240 3407 4290 Deo
3454 4236 3571 4289 nati
3604 4252 3702 4290 su-

2058 4348 2208 4396 mus,
2244 4348 2356 4385 non
2388 4346 2597 4385 sumus
2637 4346 2705 4384 ex
2741 4335 2901 4383 utero
2951 4327 3332 4399 hypostaseos
3366 4325 3542 4395 geniti
3578 4342 3589 4378 :
3630 4326 3709 4377 ita

2056 4425 2113 4475 et
2145 4420 2387 4491 spiritus
2421 4418 2521 4490 qui
2553 4436 2622 4474 ex
2670 4419 2785 4473 Deo
2838 4418 3161 4489 procedunt
3188 4432 3257 4469 ex
3305 4431 3399 4469 ore
3434 4415 3707 4485 hypesta-

2056 4525 2186 4565 secs
2212 4509 2338 4580 ejus
2363 4526 2475 4564 non
2506 4513 2664 4563 sunt.
2694 4510 2766 4562 At
2790 4506 3043 4577 Spiritus
3073 4514 3309 4561 sanctus
3338 4509 3426 4558 est
3454 4503 3708 4572 Spiritus

2059 4615 2127 4653 ex
2157 4614 2255 4654 ore
2304 4597 2684 4670 hypostaseos
2738 4596 2927 4668 ipsius
2960 4612 2973 4651 :
3008 4618 3034 4644 «
3068 4594 3213 4652 Nam
3264 4593 3437 4648 verbo
3481 4592 3706 4647 Domini

2059 4688 2187 4744 coeli
2234 4687 2450 4742 ﬁrmati
2501 4692 2661 4757 sunt,
2692 4691 2748 4741 et
2794 4684 3010 4756 Spiritu
3043 4682 3159 4739 oris
3210 4685 3337 4751 ejus
3370 4682 3560 4737 omnis
3591 4681 3706 4736 viro

2058 4781 2155 4833 tus
2185 4793 2385 4832 eorum
2408 4777 2467 4832 ¹⁸.
2500 4799 2527 4825 ››
2562 4776 2630 4831 Et
2662 4775 2829 4830 Pater
2861 4773 3002 4829 dicit
3035 4794 3048 4825 :
3090 4798 3109 4821 α
3139 4773 3280 4827 Ecce
3314 4771 3491 4826 Filius
3518 4788 3703 4838 meus,

2056 4865 2306 4922 dilectus
2339 4882 2528 4936 meus,
2558 4864 2616 4920 in
2665 4881 2780 4937 quo
2812 4861 3167 4935 complacuit
3196 4861 3392 4917 anima
3424 4879 3571 4926 mea,
3605 4878 3704 4930 po-

2056 4972 2191 5009 nam
2224 4954 2505 5026 Spiritum
2537 4970 2733 5010 meum
2759 4969 2937 5025 super
2966 4953 3163 5024 ipsum
3186 4953 3247 5006 1°.
3283 4976 3310 5003 ››
3345 4954 3538 5006 Anam.
3572 4949 3709 5004 Siet

2060 5043 2236 5099 Filius
2268 5049 2356 5099 est
2404 5061 2472 5098 ex
2519 5043 2843 5115 hypostasi,
2876 5046 2933 5098 et
2980 5041 3235 5114 Spiritus
3284 5057 3350 5095 ex
3383 5041 3707 5112 hypostasi,

2055 5133 2263 5188 fratres
2294 5138 2434 5188 sunt
2480 5131 2704 5205 igitur?
2737 5132 2890 5189 Orth.
2922 5132 3127 5188 Absit!
3176 5130 3377 5186 nullus
3408 5130 3515 5184 hoc
3546 5129 3706 5183 dicit.

2053 5223 2354 5285 Quomodo
2395 5222 2551 5277 enim
2596 5221 2778 5277 Filius
2810 5229 2898 5277 est
2929 5221 3289 5293 unigenitus,
3323 5220 3371 5274 si
3424 5220 3537 5273 duo
3569 5223 3709 5271 sunt

2055 5310 2306 5365 fratres?
2338 5312 2527 5366 Anam.
2561 5313 2860 5378 Quomodo
2890 5311 3067 5383 igitur
3089 5317 3145 5365 et
3181 5310 3356 5362 Filius
3389 5312 3476 5362 est
3509 5323 3573 5360 ex
3610 5307 3703 5376 hy-

2318 5457 2358 5491 ¹⁵
2392 5456 2535 5512 Psal.
2568 5474 2742 5523 xxx”,
2772 5458 2826 5511 6.
2908 5456 2951 5491 ¹⁶
2985 5460 3093 5510 lsa.
3128 5470 3261 5521 XLII,
3298 5454 3347 5505 1.

2131 5618 2242 5690 (80)
2272 5616 2574 5673 Palatinus
2603 5621 2662 5674 et
2696 5616 2971 5683 Felckm.,
3002 5612 3147 5669 ἀλλά
3174 5613 3236 5667 τὸ
3272 5612 3385 5683 μὲν.
