4092 6218
321 356 475 414 H47
1488 358 1550 417 S.
1599 356 2115 417 ATHANASIUS.
2148 388 2219 398 -——
2251 353 2563 415 SPURIA.
3580 354 3751 413 1148

323 488 544 562 postasi
575 492 633 543 et
660 487 933 560 Spiritus,
968 505 1155 562 neque
1184 493 1380 545 tamen
1405 496 1545 545 sunt
1574 492 1688 546 duo
1720 489 1972 545 fratres?

2096 484 2349 563 ὶὸελιροίς
2382 486 2534 560 Ὀρθ.
2570 485 2667 539 Διὰ
2719 489 2881 539 τοῦτο
2922 486 2950 538 ὁ
3003 485 3119 545 Υἱὸς
3177 484 3239 538 οὑ
3300 482 3461 555 μόνον
3514 486 3575 539 ἐκ
3627 494 3743 554 τῆς

322 580 476 636 ΟνίΙῑ.
510 580 819 649 Propterea
851 578 1031 633 Filius
1071 579 1264 634 dictus
1294 586 1389 635 est
1436 597 1564 635 esse
1598 596 1707 635 non
1738 584 1968 634 tantum

320 686 388 725 ex
430 667 753 740 liypostasi,
788 685 983 722 verum
1041 668 1215 723 etiam
1250 685 1319 723 ex
1370 674 1573 736 utero;
1624 673 1681 724 et
1718 668 1971 740 Spiritus

323 763 562 814 sanctus
594 774 705 811 non
730 762 957 811 tantum
996 774 1063 811 ex
1095 757 1417 830 hypostasi,
1452 759 1550 813 sed
1580 758 1753 813 etiam
1785 758 1971 830 Spiri-

326 853 421 902 tus
455 848 589 914 oris,
624 851 687 901 ut
717 847 1045 901 differentia
1087 848 1163 902 sit
1194 864 1305 902 non
1342 848 1538 903 habita
1569 849 1694 919 ejus
1727 848 1969 911 ratione,

328 937 478 1009 quod
515 936 632 990 sint
661 953 731 990 ex
778 936 1097 1007 hypostasi,
1131 938 1229 991 sed
1264 954 1515 1009 quorum
1550 955 1702 992 unus
1734 937 1968 1009 quidem

327 1044 393 1080 ex
427 1031 586 1080 utero
620 1026 714 1093 sit,
744 1026 890 1080 alter
917 1042 984 1079 ex
1016 1041 1132 1078 ore.

395 1117 484 1169 ‘20.
518 1116 707 1170 Anam.
754 1114 919 1167 Aliud
967 1130 1103 1184 ergo
1154 1119 1242 1169 est
1291 1131 1375 1180 os,
1412 1115 1569 1169 aliud
1616 1121 1705 1171 est
1746 1121 1970 1186 uterus,

325 1205 481 1259 aliud
517 1203 894 1275 hypostasis?
944 1202 1094 1257 Orth.
1127 1203 1251 1257 Non
1285 1203 1439 1258 aliud
1473 1210 1531 1259 et
1574 1204 1753 1270 aliud,
1786 1210 1850 1259 ut
1879 1222 1969 1260 res
2016 1260 2033 1271 ,

322 1299 422 1347 aut
452 1292 832 1363 tritonymum
887 1292 1211 1362 quidpiam.
1264 1293 1458 1349 Anam.
1508 1294 1579 1348 Ut
1619 1294 1758 1365 quid
1790 1297 1973 1364 ergo?

322 1381 473 1435 Orlh.
509 1380 583 1435 Ut
609 1380 766 1435 aliud
804 1381 1036 1451 quidem
1072 1380 1434 1449 signiﬁcante
1465 1384 1786 1454 hypostasi,
1810 1382 1967 1437 aliud

320 1478 500 1537 utero,
538 1475 593 1524 et
624 1469 778 1524 aliud
821 1486 938 1523 ore.
969 1470 1161 1524 Anam.
1191 1471 1335 1536 Quid
1371 1472 1663 1543 signiﬁcat
1694 1472 1970 1543 liyposta-

325 1559 431 1623 sis,
466 1558 605 1629 quid
638 1574 723 1628 os,
756 1558 894 1629 quid
932 1558 1174 1613 uterus?
1222 1561 1369 1615 Orth.
1404 1560 1748 1633 Hypostasis
1779 1560 1970 1616 decla-

321 1652 431 1714 rat,
480 1645 541 1699 τὸ
592 1650 744 1715 εἶναι,
800 1647 854 1701 id
908 1651 996 1701 est
1044 1669 1072 1696 ‹‹
1105 1664 1231 1701 esse
1268 1670 1293 1695 »ι
1339 1666 1351 1704 :
1404 1656 1604 1704 uterus
1653 1650 1969 1721 generandi

322 1736 441 1792 vim
469 1754 479 1792 :
507 1753 591 1803 os,
624 1736 814 1806 ipsam
848 1737 1088 1791 docendi
1126 1738 1480 1793 facultatem.
1507 1740 1806 1804 Quomodo
1836 1756 1969 1794 vero

2084 577 2446 643 ὑποστάσεως,
2502 573 2645 630 ἀλλὰ
2700 576 2790 629 καὶ
2845 575 2903 629 ὲκ
2955 574 3186 649 γαστρὸς
3237 573 3466 650 εἶ’ρηταιο
3516 576 3608 629 καὶ
3664 576 3743 630 τὸ

2082 667 2305 737 Πνεῦμα
2362 666 2424 719 οὑ
2485 664 2649 737 μόνον
2710 664 2768 719 ἐκ
2832 671 2928 733 τῆς
3012 664 3375 737 ὑποστάσεως,
3434 663 3580 721 ἀλλᾶ
3636 667 3738 720 καὶ

2084 757 2307 825 Πνεῦμα
2365 753 2634 826 στόματος
2692 751 2922 830 εἷ’ρηταισ
2967 752 3057 807 ’ἱνα
3106 755 3139 822 ἡ
3174 751 3407 831 διαφορά
3466 756 3540 826 μὴ
3594 756 3745 809 κατὰ

2079 843 2170 897 τὸν
2231 841 2288 896 ἐκ
2345 850 2443 911 τῆς
2505 842 2845 904 ὑποστάσεως
2896 841 3060 917 λόγον
3121 843 3363 918 γένηται,
3397 842 3539 899 ἀλλὰ
3594 844 3745 899 κατᾶ

2081 930 2171 984 τὸν
2206 933 2321 1003 (81)
2352 930 2410 985 ἐκ
2430 932 2659 1007 γαστρὸς
2690 932 2779 984 καὶ
2811 931 3101 1004 πόματος.

2151 1112 2239 1164 20·
2276 1110 2464 1183 Ἀνόμ.
2496 1108 2677 1165 ’Άλλο
2711 1108 2801 1163 οῦν
2834 1109 3030 1182 στόμα,
3062 1112 3153 1164 καὶ
3193 1109 3333 1165 ἄλλο
3378 1113 3607 1186 γαστὴρ,
3640 1112 3742 1166 καὶ

2083 1196 2222 1254 ἄλλο
2258 1198 2565 1267 ὑπόστασις,
2600 1200 2877 1273 Ὀρθ.οὑκ
2910 1199 3049 1255 ἄλλο
3081 1199 3169 1254 καὶ
3201 1198 3451 1270 ἆλλὸ,ὡς
3480 1208 3742 1275 πρᾶγμα,

2083 1288 2157 1349 ὡς
2187 1288 2527 1361 τριτώνυμόν
2558 1310 2631 1343 τι.
2659 1290 2853 1361 Ἀνόμ.
2890 1286 3051 1343 Ἀλλ’
3079 1289 3154 1351 ὡς
3182 1290 3235 1344 τί
3264 1308 3278 1358 ς
3311 1290 3440 1365 Opi).
3474 1290 3559 1351 Ὡς
3588 1290 3746 1346 ἄλλο

2079 1380 2274 1451 1:1.(82)
2306 1378 2676 1450 σημαινούσης
2733 1386 2834 1447 τῆς
2894 1378 3260 1447 ὑποστάσεως,
3292 1379 3380 1433 καὶ
3437 1376 3578 1434 ἄλλο
3634 1388 3747 1448 τῆς

2081 1467 2330 1541 γαστρὸς,
2363 1468 2452 1520 καὶ
2484 1466 2621 1523 ἄλλο
2666 1472 2761 1521 τοῦ
2812 1468 3099 1540 στόματος.
3134 1468 3320 1539 Ἀνόμ.
3363 1467 3422 1520 Τί
3474 1468 3745 1539 σημαίνει

2080 1557 2115 1625 ἡ
2151 1554 2461 1623 ὑπόστασις,
2492 1557 2581 1610 καὶ
2610 1554 2663 1610 τί
2692 1556 2753 1610 τὸ
2786 1556 2981 1629 στόμα,
3011 1555 3100 1610 καὶ
3129 1555 3182 1610 τί
3214 1559 3249 1625 ἡ
3297 1558 3500 1631 γαστήρ
3528 1576 3541 1623 ;
3576 1559 3742 1631 Ὀρϐ.

2080 1646 2143 1701 Ἠ
2175 1644 2464 1705 ὑπόστασις
2492 1645 2554 1699 τὸ
2598 1645 2731 1699 εἶναι
2783 1646 3057 1717 σημαίνει·
3102 1648 3135 1713 ἡ
3180 1646 3385 1721 γαστὴρ
3434 1647 3494 1699 τὸ
3536 1667 3740 1719 γεννη-

2078 1734 2257 1787 τικόν
2284 1734 2344 1787 τὸ
2375 1733 2551 1806 στόμα
2578 1733 2641 1788 τὸ
2674 1731 2999 1791 διδακτικόν.
3045 1737 3167 1796 ΙΙῶς
3202 1732 3260 1788 δὲ
3285 1739 3442 1808 γεννᾷ
3465 1735 3556 1788 τὸν
3603 1735 3737 1789 nev

322 1828 525 1899 gignat
547 1825 760 1880 Filium
793 1830 965 1888 Deus.
998 1830 1056 1880 et
1085 1828 1377 1896 quomodo
1407 1827 1684 1898 Spiritum
1718 1829 1966 1899 emittat,

2096 1825 2108 1876 ὦ
2166 1822 2317 1893 Θεὸς,
2376 1823 2438 1876 οὑ
2486 1822 2973 1897 πολυπραγμονῶ’
3024 1824 3113 1877 καὶ
3172 1828 3291 1885 πῶς
3348 1822 3609 1896 ἐκπέμπει
3663 1824 3738 1878 τὸ

2096 1911 2126 1926 VI
2192 1913 2219 1923 αι
2366 1911 2378 1926 Ρ
2478 1909 2488 1926 1
2665 1911 2679 1926 ο
2822 1908 2840 1926 κ
3158 1912 3185 1922 θ
3275 1910 3398 1926 '\\\
3635 1911 3648 1926 1

320 1915 548 1969 curiose
577 1931 690 1968 non
723 1914 1046 1985 pervestigo
1081 1930 1093 1967 :
1129 1916 1227 1969 sed
1261 1916 1430 1970 credo
1465 1915 1671 1971 Filium
1705 1917 1967 1989 genitum

321 2002 711 2073 inexplicabili
748 2003 919 2057 modo
948 2006 1003 2057 et
1043 2004 1263 2075 absque
1312 2004 1584 2075 passione
1633 2005 1770 2071 ulla,
1805 2009 1862 2061 et
1892 2006 1968 2062 si-

327 2092 543 2147 militer
585 2091 860 2162 Spiritum
918 2096 1185 2146 sanctum
1234 2094 1543 2163 procedere
1583 2094 1973 2166 inexplicabili

331 2181 503 2236 modo
529 2183 587 2235 et
617 2181 838 2251 absque
860 2181 1130 2252 passione
1156 2181 1294 2237 ulla.
1326 2184 1521 2239 Anam.
1554 2183 1660 2238 Ubi
1692 2189 1779 2239 est
1808 2202 1889 2252 os,
1922 2189 1981 2240 et

332 2275 557 2335 uterus,
588 2272 646 2324 et
686 2268 1037 2340 hypostasis,
1072 2271 1211 2341 quid
1264 2270 1443 2342 aliud,
1476 2289 1653 2343 quam
1687 2275 1977 2346 composi-

332 2358 550 2413 tionem
583 2357 789 2413 dicas?
821 2358 974 2414 Orth.
1025 2359 1521 2431 Compositionem
1574 2379 1689 2417 non
1720 2364 1983 2419 efficiunt

341 2448 461 2502 hinc
492 2446 750 2502 nomina.
774 2446 1023 2502 Omnino
1054 2449 1209 2503 enim
1232 2448 1344 2503 ista
1370 2467 1481 2505 non
1510 2451 1808 2522 dicuntur,
1828 2456 1894 2506 ut
1913 2453 1983 2507 de

344 2536 626 2592 membris
655 2535 864 2591 solent.
888 2539 1079 2592 Anam.
1113 2538 1409 2607 Os,nonne
1432 2543 1522 2595 est
1550 2541 1729 2595 os?et
1758 2546 1983 2607 uterus,

343 2642 534 2680 annon
568 2628 658 2681 est
686 2629 888 2681 uterus
910 2626 937 2679 ?
969 2627 1113 2681 Orth.
1148 2631 1269 2682 Non
1305 2644 1477 2683 omne
1508 2646 1571 2684 os
1602 2634 1691 2683 est
1718 2630 1871 2684 idem
1896 2647 1981 2697 os,

342 2730 531 2785 neque
560 2713 750 2769 omnis
794 2717 996 2769 uterus
1042 2719 1131 2770 est
1161 2714 1314 2771 idem
1349 2721 1551 2773 uterus
1585 2736 1597 2773 :
1629 2734 1765 2773 nam
1798 2734 1986 2790 neque

343 2820 516 2859 omne
552 2819 617 2859 os
648 2807 736 2858 est
765 2804 1118 2875 membrum,
1143 2822 1331 2876 neque
1362 2807 1555 2863 omnis
1587 2812 1790 2863 uterus
1821 2825 1984 2880 pror-

341 2910 443 2948 sus
474 2892 805 2947 membrum
846 2898 952 2949 est.
1003 2895 1194 2952 Anam.
1225 2896 1333 2959 Qui
1364 2912 1497 2951 vero
1544 2897 1646 2951 ﬁat
1677 2902 1743 2953 ut
1772 2915 1836 2953 os
1869 2915 1981 2953 non

340 2980 417 3035 sit
448 2996 532 3049 os,
566 2983 623 3034 et
669 2984 869 3035 uterus
921 2998 1033 3036 non
1086 2981 1162 3036 sit
1196 2986 1442 3038 uterus?
1489 2984 1636 3039 Orth.
1686 2985 1987 3056 Scriptura

343 3068 545 3123 multis
570 3067 715 3122 locis
745 3085 811 3123 os
841 3068 1018 3140 gladii
1063 3071 1408 3141 nominavit,
1440 3089 1546 3127 nec
1577 3074 1871 3145 quispiam
1905 3074 1987 3129 ita

339 3155 579 3223 insanit,
631 3161 695 3211 ut
738 3158 893 3211 dicat
934 3158 1191 3229 gladium
1248 3177 1314 3215 eo
1364 3162 1623 3218 membro
1676 3164 1983 3235 praeditum

340 3260 487 3311 esse,
534 3246 687 3315 quod
732 3262 796 3300 os
843 3252 1120 3315 vocatur;
1172 3251 1271 3304 sed
1321 3250 1624 3323 Scriptura
1651 3270 1715 3308 os
1762 3253 1987 3308 vocavit

342 3332 508 3400 illud,
542 3349 657 3404 quo
706 3333 939 3406 gladius
980 3337 1285 3393 absumit:
1320 3344 1537 3395 etcum
1590 3342 1732 3397 dicit
1773 3358 1842 3397 ex
1871 3360 1986 3413 quo

342 3427 505 3478 utero
555 3424 852 3494 proveniat
900 3424 1137 3497 glacies,
1197 3433 1423 3483 uterum
1477 3446 1817 3500 corporeum
1870 3449 1985 3487 non

344 3512 590 3584 requirit
650 3530 661 3567 ε
725 3518 783 3567 et
840 3529 969 3569 cum
1027 3516 1229 3571 faciem
1280 3516 1436 3589 ignis
1493 3519 1635 3574 dicit
1682 3537 1795 3575 non
1850 3522 1989 3576 dicit

345 3603 541 3674 ignem
569 3617 699 3659 esse
729 3602 991 3659 humana
1022 3604 1210 3661 forma
1239 3607 1572 3678 praeditum,
1603 3611 1773 3679 cujus
1803 3627 1987 3666 mem-

344 3692 517 3747 brum
548 3708 733 3747 unum
766 3693 841 3747 sit
890 3693 1085 3762 facies,
1119 3694 1367 3751 alterum
1399 3712 1532 3752 vero
1562 3698 1753 3769 ignis;
1798 3716 1989 3770 neque

344 3781 549 3836 faciem
602 3786 766 3837 terra:
815 3782 1035 3852 dicens,
1066 3788 1282 3840 terram
1327 3786 1469 3841 dicit
1518 3786 1835 3843 humanam
1871 3791 1988 3845 for—

347 3887 503 3925 mam
530 3870 760 3926 referre.

414 3961 502 4014 21.
538 3962 730 4017 Anam.
784 3964 857 4015 At
906 3962 1146 4017 ubinam
1196 3964 1413 4020 dictum
1468 3970 1558 4021 est
1605 3970 1821 4023 terram
1853 3969 1994 4039 {esse

350 4050 493 4104 facie
525 4050 827 4120 praeditam
850 4050 878 4104 ?
907 4052 1056 4106 Orlh.
1092 4053 1381 4125 Scriptum
1438 4059 1527 4110 est
1557 4057 1708 4128 apud
1745 4058 1990 4129 prophe-

349 4143 469 4192 tam
504 4154 516 4191 :
555 4139 717 4202 «Qui
752 4140 919 4210 fugit,
952 4140 1061 4195 erit
1091 4148 1155 4196 ut
1203 4144 1299 4213 qui
1334 4144 1486 4215 fugit
1515 4162 1548 4199 a
1580 4146 1722 4201 facie
1750 4146 1925 4219 ignis.
1963 4169 1989 4196 η

353 4227 417 4280 Et
468 4225 525 4279 in
577 4226 783 4280 Genesi
834 4227 968 4281 Cain
1020 4229 1213 4300 inquit
1246 4248 1257 4285 :
1290 4232 1348 4286 Si
1398 4234 1562 4303 eiicis
1616 4252 1708 4291 me
1752 4236 1922 4291 hodie
1962 4253 1994 4291 a

350 4314 494 4369 facie
514 4319 701 4380 terrea,
732 4316 905 4369 etiam
940 4334 973 4370 a
1004 4318 1145 4373 facie
1175 4322 1276 4374 tua
1306 4322 1631 4377 abscondar
1652 4325 1714 4376 1⁷.
1742 4347 1769 4374 ››
1801 4325 1990 4381 Anam.

350 4404 457 4458 Sed
506 4420 636 4457 cum
684 4404 756 4459 de
804 4405 1203 4463 animantibus
1252 4409 1368 4465 ista
1415 4412 1652 4468 nomina
1697 4413 1991 4484 dicuntur,

352 4494 616 4547 membra
648 4492 947 4549 declarant
978 4513 990 4549 :
1026 4496 1081 4549 in
1133 4498 1204 4553 iis
1233 4515 1385 4566 vero,
1421 4518 1545 4572 quis
1597 4518 1805 4557 sensus
1855 4507 1994 4558 sunt

2083 1911 2325 1982 Πνεῦμα,
2359 1909 2567 1981 ὁμοίως
2626 1911 2687 1965 οὑ
2745 1908 3215 1987 πολυπραγμονῶ·
3265 1910 3407 1966 ἀλλὰ
3462 1911 3733 1983 πιστεύω,

2083 1996 2165 2052 ὅτι
2196 2000 2285 2052 καὶ
2319 1999 2346 2051 ὁ
2378 2000 2500 2059 Υἱὸς
2550 2006 2795 2072 γεννᾶται
2830 1999 3080 2075 ἆῤῥήτως
3124 2000 3212 2054 καὶ
3259 2000 3499 2067 ἀπαθῶς,
3528 2002 3621 2054 καὶ
3666 2001 3739 2055 τὸ

2086 2090 2309 2159 Πνεῦμα
2366 2086 2710 2161 ἐκπορεύεται
2764 2087 3016 2163 ἀρρήτως
3086 2090 3174 2143 καὶ
3235 2089 3471 2153 ἀπαθῶς.
3531 2090 3737 2161 Ἀνόμ.

2086 2179 2256 2233 ’Ένθα
2312 2176 2626 2249 στόμα,καὶ
2686 2179 2915 2253 γαστὴρ,
2964 2178 3054 2232 καὶ
3114 2178 3425 2249 ὑπόστασις,
3476 2178 3527 2233 τί
3584 2176 3742 2232 ἄλλο

2088 2265 2294 2334 ἐστὶν-ἢ
2343 2264 2582 2320 σύνθεσιν
2644 2266 2851 2335 εἷπεῖνς
2885 2268 3034 2341 Ὀρθ.
3093 2267 3342 2321 Σῦνθεσιν
3401 2269 3464 2321 οὑ
3515 2271 3745 2321 ποιοῦσι

2090 2356 2156 2409 τὰ
2184 2354 2445 2428 ὀνόματα·
2481 2352 2606 2409 οὑδὲ
2663 2357 2767 2431 γὰρ
2825 2355 3039 2417 πάντως
3097 2355 3183 2410 ἐπὶ
3238 2356 3419 2429 μελῶν
3462 2357 3743 2431 Λέγονται.

2095 2446 2291 2517 Ἀνόμ.
2332 2444 2402 2498 Τὸ
2434 2443 2607 2517 στόμα
2646 2445 2745 2498 οὑκ
2793 2441 2902 2498 ἔστι
2935 2445 3138 2517 στόμας
3171 2445 3259 2499 καὶ
3393 2446 3602 2520 γαστὴρ
3639 2445 3747 2498 οὑκ

2095 2530 2205 2589 ἔστι
2259 2535 2506 2607 γαστήρ;
2542 2534 2690 2607 Ὀρθ,
2743 2532 2818 2587 Οά
2869 2538 2971 2587 πᾶν
3031 2533 3207 2605 στόμα
3250 2534 3310 2588 τὸ
3358 2534 3487 2588 αὑτὸ
3542 2534 3751 2606 στόμα,

2095 2620 2219 2677 οὑδὲ
2275 2628 2419 2676 πᾶσα
2475 2623 2684 2697 γαστὴρ
2742 2624 2775 2691 ἡ
2825 2622 2962 2690 αὑτὴ
3027 2620 3417 2697 γαστήροὍΰδὶ
3473 2622 3574 2696 γὰρ
3637 2627 3748 2675 πᾶν

2096 2712 2272 2784 στόμα
2326 2710 2437 2765 ἐστὶ
2500 2709 2688 2784 μέλος,
2741 2708 2865 2766 οὑδὲ
2920 2716 3063 2765 πᾶσα
3103 2713 3311 2787 γαστὴρ
3360 2711 3574 2773 πάντως
3632 2709 3749 2766 ἐστί

2100 2799 2286 2874 μέλος.
2321 2799 2510 2872 Ἀνόμ.
2549 2802 2642 2853 Καὶ
2674 2804 2791 2861 πῶς
2824 2796 3041 2853 δύναται
3083 2795 3259 2872 στόμα
3310 2802 3384 2873 μὴ
3433 2801 3563 2854 εἶναι
3615 2799 3745 2854 στό-

2099 2911 2191 2964 μα,
2223 2889 2313 2943 καὶ
2372 2889 2581 2962 γαστὴρ
2642 2889 2716 2961 μὴ
2776 2888 2910 2942 εἶναι
2961 2891 3204 2964 γαστήρ;
3240 2890 3385 2963 ὈρΟ.
3437 2890 3501 2944 Ἢ
3551 2890 3745 2967 Γραφὴ

2094 2978 2389 3053 πολλαχοῦ
2419 2979 2594 3050 στόμα
2625 2978 2897 3053 μαχαίρας
2923 2977 3194 3050 ὠνόμασε’
3228 2978 3317 3031 καὶ
3369 2974 3549 3038 οὑδεῖς
3595 2977 3746 3031 οὕτω

2099 3067 2361 3141 μέμηνεν⁹
2394 3065 2530 3121 ὥστε
2579 3065 2755 3139 λέγειν
2792 3066 2960 3140 μέλος
3017 3063 3163 3141 ἔχειν
3207 3067 3306 3135 τήν
3367 3064 3669 3141 μάχαιραν,
3714 3068 3746 3122 ’ὀ

2095 3157 2339 3213 καλεῖται
2401 3156 2593 3229 στόμα’
2628 3155 2772 3212 ἀλλὰ
2829 3156 2957 3211 αὑτὸ
3004 3156 3068 3210 τὸ
3116 3154 3447 3211 ἀναλωτικὸν
3475 3162 3578 3224 τῆς
3641 3176 3749 3228 μα-

2018 3223 2061 3290 C
2099 3246 2294 3323 χαίρας
2355 3244 2528 3318 στόμα
2584 3243 2852 3317 ὠνόμασε’
2898 3245 3011 3311 καὶ,
3061 3243 3120 3299 ἐκ
3178 3246 3338 3306 ποίας
3398 3241 3455 3299 δὲ
3512 3246 3750 3320 γαστρὸς

2096 3336 2441 3412 ἐκπορεύεται
2471 3332 2836 3410 κρύσταλλος,
2872 3334 3116 3401 εἰποῦσα,
3152 3334 3213 3388 οὑ
3271 3335 3592 3406 σωματικὴν
3648 3354 3749 3408 γα-

2095 3427 2255 3501 στέρα
2312 3424 2574 3494 ἐπιζητεῖ*
2625 3424 2713 3477 καὶ
2770 3422 3060 3497 πρόσωπον
3121 3423 3292 3497 πυρὸς
3354 3422 3597 3489 εἶ’ποῦσα,
3652 3422 3753 3475 οὑκ

2098 3511 2489 3591 ἀνθρωποειδές
2523 3511 2670 3588 λέγει
2703 3513 2764 3567 τὸ
2817 3516 2943 3587 πῦρ,
2977 3512 3065 3567 καὶ
3096 3513 3159 3567 τὸ
3206 3513 3299 3584 μὲν
3350 3512 3514 3566 αὑτοῦ
3578 3510 3751 3583 μέλος

2096 3605 2225 3659 εἶναι
2282 3602 2597 3677 πρόσωπον,
2630 3603 2690 3655 τὸ
2749 3598 2806 3656 δὲ
2862 3605 2990 3677 πῦρ·
3022 3601 3111 3655 καὶ
3167 3596 3465 3677 πρόσωπον
3513 3607 3619 3675 γῆς
3669 3601 3751 3655 εἰ-

2098 3698 2290 3765 ποῦσα,
2324 3692 2423 3747 οὑκ
2451 3688 2825 3767 ἀνθρωποειδῆ
2860 3690 3005 3767 λέγει
3036 3691 3135 3759 τὴν
3169 3698 3294 3765 γῆν.

2170 3963 2260 4016 21.
2320 3960 2514 4030 Ἀνόμ.
2590 3962 2702 4012 Ποῦ
2756 3958 2859 4033 γὰρ
2939 3956 3149 4032 εἷ’ρηται
3224 3956 3517 4029 πρόσωπον
3597 3955 3748 4032 ἔχειν

2099 4052 2197 4119 τήν
2230 4056 2372 4125 γῆνς
2406 4050 2555 4121 Ὀρθ.
2592 4071 2619 4097 ‹‹
2652 4048 2837 4103 Ἔσται
2871 4048 2898 4101 ὁ
2929 4045 3159 4124 φεύγων,
3192 4047 3266 4108 ὡς
3317 4047 3345 4100 ὁ
3380 4045 3591 4123 φεύγων
3645 4047 3752 4101 ἀπὸ

2102 4139 2401 4214 προσῶπου
2456 4136 2648 4211 πυρὸς,
2702 4160 2727 4185 ››
2780 4136 2925 4209 παρά
2977 4140 3056 4206 τῷ
3111 4136 3365 4211 προφήτῃ
3420 4134 3750 4209 γέγραπται.

2105 4228 2202 4282 Καὶ
2258 4226 2310 4281 ἐν
2363 4230 2431 4299 τῇ
2490 4225 2695 4280 Γενέσει
2738 4225 2765 4278 ὁ
2810 4223 2938 4277 Κάῖν
2970 4222 3137 4298 λέγει’
3172 4248 3199 4273 ‹‹
3234 4222 3295 4277 Εἰ
3350 4217 3623 4297 ἐκϐάλλῃς
3690 4244 3759 4295 με

2106 4320 2342 4392 σήμερον
2378 4316 2482 4369 ἀπὸ
2512 4315 2808 4388 προσώπου
2837 4320 2935 4381 τῆς
2990 4319 3110 4388 γῆς,
3142 4312 3231 4365 καὶ
3284 4311 3388 4366 ἀπὸ
3435 4316 3532 4365 τοῦ
3592 4332 3759 4387 προσ·

2106 4409 2257 4461 ώπου
2290 4426 2384 4459 σου
2416 4399 2783 4481 κρυϐήσομαι.
2820 4427 2846 4453 ››
2881 4402 3072 4475 Ἀνόμ.
3108 4400 3265 4456 Ἀλλ’
3296 4399 3417 4455 ὅταν
3460 4399 3545 4454 έπῖ
3602 4402 3759 4470 ζώων

2104 4496 2335 4572 λέγηται
2364 4499 2529 4549 ταῦτα
2558 4493 2622 4549 τὰ
2656 4493 2916 4566 ὀνόματα,
2952 4492 3092 4564 μέλα⁸
3144 4490 3526 4563 σημαίνουσιν·
3562 4489 3648 4544 ἐπὶ
3701 4489 3760 4545 δὲ

350 4580 628 4651 expertia,
663 4581 945 4638 abusione
998 4587 1252 4656 quadam
1288 4594 1669 4659 usurpentur.
1705 4591 1854 4646 Orth.
1886 4595 1983 4646 An-

2102 4591 2209 4641 τῶν
2264 4585 2601 4654 ἀναισθήτων
2636 4585 2746 4653 (83)
2774 4584 3246 4657 καταχρηστικῶς.
3284 4580 3429 4655 Ὀρθ.
3480 4580 3553 4633 Οὑ
3604 4577 3759 4634 δοκεῖ

353 4688 466 4725 non
500 4670 607 4725 tibi
648 4670 874 4726 videtur
903 4674 1100 4730 anima
1148 4692 1276 4732 esse
1306 4678 1525 4733 animal
1546 4678 1573 4732 ?
1603 4680 1791 4735 Anam.
1824 4682 1994 4736 Sane.

352 4763 495 4812 Nam
549 4764 604 4814 et
654 4759 898 4831 angelus
948 4763 1164 4819 animal
1216 4770 1326 4835 est,
1360 4770 1416 4820 et
1445 4783 1649 4822 omnes
1698 4768 1989 4840 spiritus:

349 4851 654 4918 propterea
699 4849 855 4903 enim
905 4851 1080 4907 etiam
1131 4870 1335 4910 omnes
1375 4856 1668 4927 seraphim
1720 4857 1998 4914 animalia

348 4936 671 4993 dicuntur:
705 4942 763 4993 et
793 4941 1078 5012 scriptum
1114 4947 1205 4997 est
1238 4959 1250 4999 :
1286 4965 1306 4993 α
1341 4949 1511 5012 Deus,
1548 4945 1604 5000 in
1638 4947 1829 5002 medio
1860 4948 1998 5002 duo-

348 5042 478 5079 rum
503 5026 845 5084 animalium
870 5032 1241 5100 cognosceris
1268 5033 1330 5087 ¹⁸.
1360 5057 1385 5083 ››
1418 5036 1566 5090 Orth.
1595 5035 1799 5091 Dicens
1822 5036 1999 5108 igitur

345 5115 497 5170 Deus
529 5132 541 5171 :
576 5138 603 5166 ‹‹
637 5119 810 5189 Aperi
842 5135 907 5174 os
940 5121 1095 5176 420
1127 5126 1292 5175 tuum
1328 5128 1384 5177 et
1418 5124 1671 5195 implebo
1704 5124 1844 5180 illud
1872 5127 1932 5195 η,
1969 5147 1996 5174 ››

341 5204 639 5275 quodnam
661 5170 727 5262 es
759 5206 1213 5265 dicit?EtDavid
1232 5211 1379 5282 psal.
1400 5170 1612 5269 cxvin:
1646 5232 1664 5261 ι
1690 5214 1766 5269 Os
1798 5170 1995 5269 malim

418 5414 461 5449 ίτ
490 5417 695 5470 Genes.
730 5432 805 5486 ιν,
841 5417 925 5472 14.
1005 5418 1044 5452 ¹⁸
1077 5419 1293 5475 Habac.
1329 5437 1407 5487 ιιι,
1437 5423 1490 5475 2.
1572 5420 1719 5477 Psal.
1755 5439 1916 5493 Lxxx,
1953 5423 2036 5477 11.

424 5611 536 5683 (81)
566 5609 889 5683 Palatinus,
912 5608 1067 5683 duo}
1094 5611 1184 5683 καὶ
1213 5612 1347 5666 κατὰ
1371 5614 1483 5668 τόν.

427 5612 508 5683 (81
566 5611 889 5679 Palatinus,
922 5611 1067 5666 ἀλλὰ
1095 5611 1184 5666 καὶ
1213 5632 1300 5666 κατ

427 5611 541 5755 (82g
569 5685 732 5754 Mss.,
764 5680 921 5738 Ἀλλ’
952 5682 1026 5744 ὡς
1056 5682 1195 5739 ἄλλο
1227 5705 1300 5742 τι.

2110 4696 2192 4730 σοι
2251 4678 2285 4743 ἡ
2320 4675 2471 4748 ψυχὴ
2527 4676 2663 4741 ζῶον
2715 4670 3105 4748 εἷναιᾙΑνόμ.
3141 4668 3241 4726 Καὶ
3303 4668 3461 4724 πάνυ.
3499 4668 3597 4722 Καὶ
3647 4669 3754 4743 γὰρ

2102 4765 2191 4819 καὶ
2225 4762 2454 4839 ἅγγελος
2490 4762 2626 4830 ζῶόν
2673 4759 2805 4831 ἐστι,
2846 4759 2933 4813 καὶ
2992 4759 3163 4812 πάντα
3210 4757 3275 4812 τὰ
3330 4756 3630 4830 πνεύματα·
3666 4756 3756 4812 διὰ

2103 4853 2207 4930 γὰρ
2242 4857 2402 4906 τοῦτο
2424 4851 2512 4905 καὶ
2543 4851 2608 4904 τὰ
2639 4849 2873 4926 σεραφὶμ
2908 4849 3018 4917 ζῶα
3048 4845 3439 4921 λέγονται·καὶ,
3461 4872 3488 4898 ι(
3512 4848 3576 4904 Ὀ
3598 4848 3752 4917 Θεὸς,

2106 4942 2156 4997 έν
2193 4944 2340 5015 μέσῳ
2373 4938 2466 4994 δύο
2503 4939 2654 5008 ζώων
2686 4940 2999 5014 γνωσθήσῃ,
3035 4936 3405 5023 ››γὲγραπται.
3442 4937 3593 5010 Ὀρθ.
3629 4936 3754 4991 Ἐὰν

2106 5030 2196 5087 οῦν
2230 5029 2366 5104 λέγῃ
2401 5031 2427 5083 ὁ
2459 5027 2605 5089 Θεός·
2624 5028 2915 5099 α”Ανοιξον
2938 5026 2998 5079 τὸ
3019 5022 3196 5096 στόμα
3226 5024 3446 5093 σου,καὶ
3469 5022 3757 5100 πληρώσω

2106 5121 2259 5189 αὑτὸ,
2295 5143 2319 5169 n
2353 5124 2511 5173 ποῖον
2546 5116 2691 5192 λέγει
2716 5116 2922 5188 στόμα;
2959 5116 3077 5169 Ἐὰν
3112 5112 3169 5168 δὲ
3199 5116 3227 5168 ὁ
3261 5108 3426 5168 Δαϐἰδ
3460 5113 3511 5167 ἐν
3539 5118 3621 5185 τῷ
3652 5122 3761 5189 ριη’

2107 5208 2331 5285 ψαλμῷ·
2368 5234 2393 5261 ‹‹
2426 5209 2497 5263 Τὸ
2530 5208 2707 5279 στόμα
2740 5227 2843 5279 μου
2885 5202 3096 5274 ἤνοιξα,
3131 5201 3352 5258 ε’ίλκυσα
3399 5206 3640 5275 Πνεῦμα,
3675 5204 3761 5258 ὅτι

2179 5618 2294 5689 (83)
2327 5616 2562 5688 Regius.
2595 5612 2776 5669 Palat.
2810 5614 2867 5668 et
2898 5608 3138 5675 Felcm.,
3168 5604 3461 5677 αἰσθητῶν.
