4092 6218
363 325 514 385 1151
1520 327 1583 386 S.
1637 325 2158 386 ATHANASIUS.
2184 359 2262 368 —
2296 325 2604 388 SPUBIA.
3623 328 3789 389 1152

365 459 496 513 dem
531 457 608 514 sit
657 457 898 514 rationis
947 461 1260 533 particeps,
1295 460 1392 516 ubi
1441 459 1584 527 vult,
1628 461 1803 515 etiam
1853 475 1920 514 ex
1951 475 2012 514 se

2141 453 2278 527 εἷ’πη.
2312 459 2387 514 Τὸ
2415 456 2471 513 δὲ
2505 464 2726 532 Ιῐνεῦμα
2757 459 2864 535 οὐχ
2895 459 3088 532 οὕτως,
3127 459 3256 517 ἀλλ’
3286 461 3360 524 ὡς
3385 464 3608 535 Πνεῦμα
3641 466 3784 516 Θεοῦ

367 547 648 620 loquitur,
684 549 1160 619 quandoquidem
1193 550 1369 604 etiam
1401 567 1506 605 sua
1537 548 1770 621 propria
1802 547 2008 620 praedi-

369 641 492 691 tum
526 642 615 692 est.
660 636 976 704 voluntate,
1011 640 1101 693 cui
1156 637 1454 693 silentium
1503 638 1772 710 imponit,
1808 642 1869 692 ut
1912 637 2012 692 Dei

369 725 724 780 voluntatem
777 725 950 783 dicat.
986 732 1057 782 At
1104 727 1354 798 Spiritus
1391 745 1504 782 non
1554 727 1632 782 ita
1663 731 1769 794 est,
1804 727 1904 782 sed
1953 730 2018 780 ut

373 815 466 870 Dei
503 814 756 886 Spiritus
786 816 1049 870 eamdem
1087 833 1261 888 quam
1297 822 1444 871 Deus
1463 816 1637 870 habet
1666 817 1790 888 ipse
1821 815 2020 871 volun-

371 908 545 958 tatem
574 920 586 958 :
619 909 670 958 et
725 904 831 960 hoc
863 910 972 970 est,
1004 927 1031 954 «
1062 909 1185 960 Non
1237 905 1511 976 loquetur
1537 923 1570 960 a
1613 905 1951 974 semetipso.
1990 925 2016 952 »

371 993 514 1048 Nam
547 997 602 1047 et
637 993 814 1048 Filius
843 995 912 1046 de.
947 1010 1007 1048 se
1029 994 1170 1048 dixit
1197 1012 1208 1048 :
1236 1017 1262 1044 «
1287 995 1366 1049 Ex
1398 994 1620 1066 meipso
1670 993 1813 1048 nihil
1849 993 2016 1058 facio,

374 1083 475 1138 sed
511 1089 569 1136 ut
617 1083 816 1137 docuit
845 1099 934 1136 me
971 1084 1152 1150 Pater,
1187 1084 1298 1138 ista
1329 1083 1539 1156 loquor
1568 1085 1630 1136 ’7.
1665 1105 1692 1134 »
1727 1086 1810 1138 An
1844 1083 2020 1155 igitur

372 1171 627 1226 Verbum
681 1170 824 1225 illud
858 1171 952 1226 Dei
1002 1177 1057 1227 et
1089 1171 1188 1226 illa
1219 1172 1318 1226 Dei
1369 1173 1664 1244 Sapientia
1703 1171 2017 1239 nesciebat,

376 1260 514 1330 quid
549 1259 813 1314 locutura
845 1261 1044 1314 esset?
1075 1260 1259 1328 Absit,
1295 1265 1355 1316 ut
1399 1261 1712 1333 quisquam
1745 1260 2017 1316 Christia-

375 1366 487 1403 nus
519 1348 627 1404 hoc
653 1349 978 1404 existimet!
1016 1351 1114 1404 sed
1144 1350 1255 1404 ista
1287 1367 1390 1406 nos
1424 1351 1720 1416 docemur,
1739 1355 1800 1404 ut
1829 1354 1886 1404 et
1918 1365 2018 1403 na-

371 1443 567 1491 turam
604 1438 910 1508 utriusque
941 1439 1206 1493 eamdem
1231 1455 1356 1494 esse
1389 1441 1729 1508 sciamus,et
1762 1438 2023 1492 volunta-

371 1532 508 1595 tem,
544 1542 670 1597 quae
719 1526 1062 1582 divisionem
1097 1527 1315 1582 nullam
1369 1527 1633 1600 patitur:
1671 1528 1761 1582 sin
1799 1527 2019 1593 minus,

2125 547 2288 600 ταυτὸ
2321 545 2535 620 θὲλημα
2566 544 2682 624 ἔχει
2711 554 2791 621 τῷ
2821 555 2955 622 Θεῷ·
2989 551 3078 604 καὶ
3118 552 3280 605 τοῦτό
3332 550 3442 605 ἐστι
3483 551 3572 618 τὸ,
3625 575 3652 602 α
3699 550 3784 608 Οὐ

2127 632 2358 705 λαλήσει
2392 636 2478 714 ἀφ’
2511 637 2724 693 ἓαυιοῦ.
2760 663 2787 688 ››
2823 638 2922 694 Καὶ
2953 639 3053 714 γὰρ
3085 640 3176 693 καὶ
3207 637 3327 713 περὶ
3363 639 3554 694 ἑαυτοῦ
3587 640 3616 692 6
3655 639 3786 700 Υἱὸς

2125 725 2293 790 εἶπεν,
2346 723 2427 778 ὅτι
2477 750 2503 775 ‹‹
2558 725 2678 779 Ἀπ’
2739 725 2974 799 ἐμαυτοῦ
3021 732 3164 781 ποιῶ
3213 724 3388 796 οὐδὲν,
3421 725 3565 782 ἀλλά
3596 729 3786 790 καθὼς

2124 807 2330 883 ἐδίδαξὲ
2362 831 2426 883 με
2458 811 2484 864 6
2519 812 2724 886 Πατὴρ,
2757 816 2924 866 ταῦτα
2952 811 3128 870 λαλῶ.
3167 837 3194 865 ››
3227 815 3369 887 Ἀρα
3401 812 3492 868 οῦν
3527 815 3555 868 6
3605 814 3789 888 Λόγος

2130 901 2158 954 6
2192 904 2290 954 τεῦ
2321 905 2476 968 Θεοῦ,
2511 902 2544 970 ἡ
2580 902 2739 979 σοφία
2771 904 2803 970 ἡ
2835 905 2930 956 τοῦ
2963 907 3120 974 Θεοῦ,
3155 901 3253 956 οὐκ
3282 898 3403 976 ᾔδει
3431 906 3483 957 τί
3506 901 3744 973 λαλήσει
3774 925 3788 971 ;

2129 991 2215 1058 Μὴ
2249 989 2458 1065 γένοιτο
2487 989 2648 1045 τοῦτο
2710 992 2992 1065 ἄνθρωπον
3051 993 3364 1066 Χριστιανὸν
3420 991 3787 1067 λογίσασθαιέ

2129 1076 2254 1133 ἀλλ’
2281 1075 2372 1131 ’ίνα
2399 1082 2607 1153 γνῶμεν
2653 1081 2814 1151 ἡμεῖς
2846 1079 2907 1134 τὸ
2938 1080 3100 1134 ταυτὸ
3143 1084 3244 1145 τῆς
3291 1081 3522 1158 φύσεως,
3575 1081 3668 1134 καὶ
3726 1084 3792 1135 τὸ

2129 1166 2430 1242 ἀδιαίρετον
2477 1172 2574 1222 τοῦ
2619 1167 2954 1241 θελήματος,
3002 1167 3168 1224 ταῦτα
3200 1167 3589 1242 διδασκόμεθα·
3633 1170 3678 1224 εἷ
3735 1167 3796 1225 δὲ

2135 1256 2210 1329 μή
2244 1255 2460 1318 Παῦλος
2494 1257 2588 1328 μὶν
2618 1256 2786 1331 λέγει·
2829 1283 2848 1307 α
2901 1258 3033 1332 Περὶ
3069 1255 3125 1312 δὲ
3152 1263 3258 1312 τῶν
3290 1258 3569 1335 παρθένων
3606 1258 3796 1313 ἐπιτα-

2129 1346 2228 1421 γὴν
2265 1343 2464 1420 Κυρίου
2495 1344 2594 1400 οὐκ
2649 1344 2785 1420 ἔχω,
2843 1347 3069 1420 γνώμην
3113 1344 3170 1401 δὲ
3201 1343 3400 1419 δίδωμι
3433 1349 3506 1408 ὡς
3536 1346 3794 1420 ἠλεημέ-

2133 1454 2246 1497 νος·
2285 1459 2313 1485 ››
2348 1436 2376 1488 6
2409 1431 2465 1488 δὲ
2496 1434 2616 1488 Υἱὸν
2652 1433 2878 1503 ἐντολὴν
2933 1429 3222 1507 λαμϐάνει,
3282 1435 3335 1490 τί
3379 1432 3527 1510 εἶ’πῃ,
3585 1435 3680 1490 καί
3739 1438 3796 1491 τί

2132 1522 2382 1594 λαλήσει,
2415 1528 2502 1578 καὶ
2527 1524 2590 1578 τὸ
2621 1527 2838 1597 Πνεῦμα
2867 1523 2928 1578 οὐ
2961 1523 3121 1579 λαλεῖ
3161 1525 3248 1602 ἀφ’
3280 1525 3490 1581 ἑαυτοῦ.

367 1615 585 1671 Paulus
617 1616 853 1686 quidem
905 1616 1090 1670 dicit:
1127 1640 1152 1666 «
1189 1617 1266 1672 De
1310 1617 1635 1688 virginibus
1686 1623 2036 1688 praceptum
2070 1614 2300 1670 Domini
2357 1632 2470 1670 non
2523 1615 2724 1682 habeo,
2760 1615 3070 1670 consilium
3122 1621 3318 1671 autem
3366 1617 3437 1671 do
3490 1621 3790 1686 tanquam

361 1704 821 1760 misericordiam
877 1711 1229 1762 consecutus
1258 1708 1321 1760 ’⁸.
1356 1729 1383 1755 ››
1416 1711 1486 1760 At
1520 1705 1697 1761 Filius
1749 1709 2100 1777 praeceptum
2133 1703 2343 1776 accipit
2391 1705 2461 1759 de
2491 1721 2556 1760 eo
2603 1705 2759 1776 quod
2813 1704 3078 1760 dicturus
3126 1709 3182 1760 et
3229 1704 3538 1761 locuturus
3584 1717 3700 1773 est,
3738 1711 3802 1760 et

362 1795 614 1867 Spiritus
645 1812 714 1850 ex
742 1796 1058 1867 semetipso
1092 1812 1204 1851 non
1239 1795 1515 1866 loquitur.

444 1886 587 1942 421
626 1885 713 1939 23.
741 1884 1062 1938 Anom.Non
1089 1884 1264 1940 habet
1287 1901 1422 1956 ergo
1443 1883 1694 1956 Spiritus
1723 1883 2017 1955 propriam
2051 1887 2099 1950 B

369 1975 731 2029 voluntatem
753 1973 780 2027 ?
809 1973 964 2029 Orth.
1015 1974 1201 2039 Absit,
1235 1991 1360 2043 quae
1393 1973 1626 2044 quidem
1682 1978 1793 2028 Deo
1824 1989 1890 2027 ex
1919 1972 1990 2027 ad

372 2080 539 2119 verso
592 2061 981 2135 respondeat!
1020 2078 1123 2117 nec
1172 2062 1328 2117 enim
1387 2063 1558 2117 modo
1607 2060 1731 2116 vult
1761 2078 1890 2134 quae
1927 2061 2021 2116 Dei

374 2158 534 2219 sunt,
569 2153 740 2207 modo
771 2167 903 2206 vero
954 2168 1082 2222 quae
1112 2152 1201 2206 sui
1235 2151 1421 2224 ipsius
1456 2167 1468 2205 :
1505 2151 1603 2207 sed
1637 2151 1687 2205 si
1719 2151 1859 2221 quid
1901 2149 2024 2206 vult

373 2242 624 2314 Spiritus
655 2245 918 2308 sanctus,
952 2240 1068 2295 haec
1096 2244 1184 2296 est
1214 2241 1314 2296 Dei
1363 2239 1632 2296 voluntas
1667 2257 1678 2294 :
1713 2245 1770 2296 et
1799 2241 1846 2296 si
1881 2239 2020 2311 quid

373 2331 501 2386 vult
531 2330 704 2397 Deus,
739 2329 860 2385 haec
892 2335 980 2385 est
1009 2329 1262 2401 Spiritus
1293 2328 1584 2385 voluntas.
1606 2331 1798 2384 Anom.
1832 2330 2024 2384 Enim-

368 2437 526 2487 vero,
559 2436 754 2475 annon
808 2419 963 2490 quod
1015 2418 1165 2474 Deus
1215 2419 1357 2484 vult,
1410 2417 1614 2474 volunt
1663 2418 1840 2474 etiam
1890 2434 2024 2490 pro-

373 2509 606 2581 phetae?
639 2507 786 2565 0th.
819 2507 941 2563 Non
998 2523 1267 2579 semper;
1301 2507 1595 2562 interdum
1644 2507 1798 2562 enim
1847 2507 2021 2562 etiam

377 2615 447 2654 ex
479 2598 688 2684 seipsjs
719 2596 1133 2669 loquebantur.
1155 2598 1296 2652 Cum
1332 2597 1548 2652 diceret
1578 2595 1733 2652 enim
1766 2596 2022 2668 primum

377 2689 566 2743 Moses
613 2704 626 2742 :
673 2709 700 2738 ‹‹
731 2686 1124 2759 Impeditieris
1177 2690 1234 2741 et
1279 2685 1554 2742 tardioris
1609 2685 1818 2758 linguae
1867 2701 2022 2758 sum,

378 2789 566 2848 neque
597 2775 794 2831 audiet
845 2791 936 2830 me
967 2775 1187 2830 Pharao
1216 2776 1260 2810 ²⁹
1292 2792 1304 2831 :
1341 2798 1368 2824 ››
1402 2779 1456 2830 et
1489 2773 1632 2829 illud
1669 2790 1681 2829 ε
1713 2799 1740 2824 α
1772 2774 2024 2831 Obsecro

375 2871 452 2934 te,
485 2865 631 2938 elige
663 2865 844 2920 alium
868 2865 912 2899 3°
937 2882 981 2932 ;-
1021 2865 1162 2936 quid
1194 2863 1351 2920 aliud
1385 2864 1878 2936 signiﬁcat,quam
1911 2863 2021 2919 sibi

377 2955 550 3010 aliam
583 2953 940 3010 voluntatem
977 2953 1384 3025 inesse,quam
1418 2957 1621 3024 postea
1653 2954 1930 3018 coercuit,
1965 2956 2026 3007 ut

377 3047 473 3100 Dei
505 3043 786 3100 voluntati
820 3044 1288 3115 obsequeretur?
1320 3046 1505 3100 Aaron
1555 3061 1788 3115 quoque
1817 3049 1874 3099 et
1905 3044 2022 3099 Ma-

379 3136 464 3189 ria
480 3152 509 3188 a
525 3133 732 3205 seipsis
748 3132 1022 3188 commoti
1042 3151 1093 3187 in
1106 3149 1268 3187 urmu
1281 3137 1484 3187 rarunt
1498 3132 2022 3200 adversusMoeem,

380 3240 495 3294 quo
528 3227 787 3293 tempore
818 3220 987 3276 etiam
1022 3220 1182 3292 lepra
1211 3220 1491 3276 laboravit
1522 3219 1721 3291 Maria,
1755 3219 2022 3292 indigua~

378 3317 594 3384 tneque
625 3315 714 3366 est
743 3309 1342 3365 D0minus.Jeremias
1371 3308 1772 3380 propheticum
1809 3323 2026 3362 munus

384 3399 964 3473 deprecans,dicebat
987 3417 1037 3453 :«
1065 3398 1352 3455 Jeremias
1383 3397 1786 3470 propheticum
1813 3414 2029 3452 munus

385 3489 730 3563 prophetare
762 3489 866 3542 31.»
899 3488 965 3542 Et
993 3489 1172 3543 Jonas
1205 3503 1270 3542 eo
1303 3504 1491 3558 usque
1526 3488 1579 3542 in
1615 3487 1721 3542 hoc
1751 3503 2027 3542 recusan-

382 3581 457 3635 do
503 3594 847 3651 progressus
897 3579 1004 3644 est,
1056 3582 1121 3632 ut
1169 3576 1343 3632 etiam
1389 3575 1706 3631 decreverit
1755 3575 1952 3647 fugere
1999 3592 2031 3628 a

383 3669 528 3725 facie
563 3667 815 3724 Domini.
854 3668 919 3722 Et
949 3666 1126 3722 David
1162 3681 1297 3721 cum
1331 3682 1447 3720 sua:
1475 3663 1756 3720 voluntati
1789 3665 2029 3718 obsecu-

383 3764 500 3827 tus,
531 3756 814 3830 p0pulum
866 3754 1276 3823 recensuisset,
1323 3754 1664 3826 castigatur.
1723 3753 1886 3810 Mitto
1935 3751 2030 3806 illa

387 3849 458 3903 de
489 3847 624 3904 Uiia
654 3847 926 3902 Chettaeo.
959 3845 1104 3900 Nam
1138 3860 1341 3900 omnes
1373 3858 1604 3915 quoque
1636 3842 1857 3898 ratione
1889 3858 2034 3913 pra:-

391 3938 522 3992 ditaa
573 3941 872 4005 creaturae,
907 3935 1196 3989 interdum
1244 3950 1372 4005 quae
1419 3949 1547 3998 sua,
1581 3931 1871 3987 interdum
1907 3947 2035 4000 quae

393 4026 494 4082 Dei
523 4030 684 4096 sunt,
718 4025 1058 4096 loquuntur.
1091 4026 1162 4077 At
1193 4039 1305 4078 non
1341 4022 1419 4077 ita
1448 4021 1730 4094 Spiritus:
1753 4037 1856 4076 nec
1878 4019 2032 4075 enim

396 4117 568 4172 modo
599 4133 724 4186 qua:
781 4117 872 4169 Dei
908 4118 1066 4178 sunt,
1119 4113 1288 4168 modo
1337 4129 1446 4167 sua
1490 4110 1771 4183 loquitur,
1804 4126 1934 4165 cum
1987 4109 2037 4162 ei

396 4223 512 4260 non
547 4204 687 4259 insit
740 4202 854 4258 alia
887 4203 1175 4275 qurpiam
1228 4201 1516 4269 voluntas;
1551 4206 1616 4256 ut
1669 4217 1740 4255 ne
1788 4199 1842 4254 in
1895 4197 2038 4254 Filio

396 4293 655 4365 quidem,
691 4293 788 4347 sed
827 4309 940 4346 una
969 4292 1044 4346 sit
1073 4290 1282 4358 Patris,
1318 4289 1530 4360 Filii,et
1571 4289 1820 4361 Spiritus
1854 4286 2038 4343 sancti

394 4383 684 4437 voluntas.
747 4380 965 4435 Idcirco
1011 4379 1234 4434 dictum
1283 4385 1372 4434 est
1417 4379 1488 4434 de
1534 4378 1750 4450 Spiritu
1790 4395 1802 4432 :
1839 4399 1865 4426 «
1914 4376 2039 4431 Non

397 4471 670 4541 loquetur
719 4487 752 4524 a
799 4469 1114 4540 semetipso
1143 4469 1210 4522 δί’.
1245 4491 1272 4517 »
1306 4468 1372 4522 Et
1421 4468 1490 4522 de
1538 4466 1678 4522 Filio
1713 4483 1724 4522 :
1759 4491 1785 4515 ‹‹
1820 4465 1975 4520 Nihil
2011 4481 2044 4518 a

399 4575 491 4612 me
523 4557 650 4628 ipso
684 4555 851 4625 facio,
883 4556 982 4611 sed
1016 4557 1168 4610 sicut
1219 4556 1417 4610 docuit
1448 4572 1538 4612 me
1579 4559 1766 4622 Pater,
1801 4555 1918 4608 haec
1953 4552 2039 4607 lo-

2203 1881 2291 1937 23.
2325 1881 2517 1953 Ἀνόμ.
2553 1879 2662 1934 Οὐκ
2692 1877 2807 1955 ἔχει
2841 1880 2932 1935 οὖν
2971 1877 3106 1934 ζ’διον
3155 1878 3374 1952 θέλημα
3425 1880 3488 1934 τὸ
3538 1882 3795 1953 Πνεῦμα.

2132 1971 2282 2045 ὈρΟ.
2319 1968 2590 2026 Ἐναντίον
2625 1967 2718 2022 τοῦ
2752 1973 2907 2042 Θεοῦ,
2945 1970 3021 2041 μή
3050 1968 3292 2043 γένοιτοί
3336 1967 3459 2024 οὐδὲ
3513 1971 3650 2025 ποτε
3681 1973 3795 2047 γὰρ

2135 2057 2282 2112 θέλει
2336 2059 2404 2112 τὰ
2460 2062 2556 2112 τοῦ
2617 2062 2772 2127 Θεοῦ,
2827 2059 2962 2113 ποτὲ
3018 2055 3075 2112 δὲ
3118 2059 3184 2112 τὰ
3227 2058 3438 2112 ἑαυτοῦ·
3500 2055 3627 2112 ἀλλ’
3658 2058 3702 2113 εἶ
3741 2081 3794 2112 τι

2131 2146 2275 2202 θέλει
2313 2151 2540 2220 Πνεῦμα
2569 2147 2630 2201 τὸ
2663 2149 2840 2221 ἅγιον,
2871 2152 3032 2202 τοῦτο
3062 2151 3160 2202 τοῦ
3192 2152 3326 2203 Θεοῦ
3371 2146 3480 2201 ἐστι
3542 2145 3792 2220 θέλημα·

2130 2236 2221 2291 καὶ
2254 2236 2306 2290 εἷ’
2329 2258 2381 2290 τι
2414 2233 2554 2299 θέλει
2589 2237 2616 2290 ὁ
2676 2237 2804 2298 Θεὸς
2863 2241 3024 2292 τοῦτο
3077 2235 3293 2309 θέλημά
3342 2235 3451 2291 ἐστι
3482 2241 3581 2291 τοῦ
3615 2238 3798 2292 Πνεῦ-

2137 2346 2325 2399 ματος.
2383 2326 2573 2398 ’Δνόμ.
2634 2327 2696 2380 Οἱ
2739 2326 2839 2401 γὰρ
2889 2330 3188 2404 προφῆται,
3241 2325 3338 2380 οὐκ
3385 2325 3438 2381 εἶ’
3476 2347 3531 2381 τι
3581 2325 3729 2381 θὲλει
3767 2328 3798 2381 6

2133 2415 2284 2484 Θεὸς,
2335 2414 2623 2484 θέλουσιν,
2683 2416 2826 2491 Ὀρο.
2881 2414 2952 2470 Οὐ
3013 2416 3263 2470 πάντοτε·
3301 2412 3408 2480 ἔσθ’
3439 2415 3530 2470 ὅτε
3558 2415 3665 2491 γὰρ
3697 2416 3798 2470 καὶ

2132 2503 2223 2582 ἀφ’
2278 2504 2478 2558 ἑαυτῶν
2536 2502 2788 2560 ἐλάλουν.
2860 2509 3064 2573 Μωσῆς
3135 2505 3238 2578 γὰρ
3297 2508 3512 2580 πρῶτος
3581 2501 3796 2579 ἔλεγεν·

2137 2617 2165 2646 (ι
2197 2594 2556 2671 Ἰσχνόιρωνος
2617 2593 2704 2648 καὶ
2767 2591 3186 2670 βραδύγλῳσσος
3235 2592 3339 2669 ἐγώ
3391 2593 3531 2665 εἰμι,
3566 2594 3660 2647 καὶ
3691 2592 3798 2648 οὐκ

2135 2683 2500 2738 εἷσακοόσετάι
2562 2703 2666 2755 μου
2715 2681 2940 2757 Φαραώ,
3005 2707 3032 2733 ››
3086 2681 3175 2736 καὶ
3224 2683 3310 2751 τὸ,
3372 2706 3399 2732 ‹‹
3433 2681 3640 2754 Δέομαί
3671 2703 3800 2746 σου,

2133 2770 2482 2848 προχείρισαι
2515 2767 2708 2836 ἄλλον,
2743 2794 2771 2821 ››
2803 2769 2855 2824 τί
2887 2769 3140 2842 σημαίνει
3185 2770 3219 2837 ἢ
3275 2766 3414 2824 ἄλλο
3461 2766 3684 2840 θέλημα
3743 2769 3798 2824 ἐν

2134 2860 2310 2932 ἑαυτῷ
2368 2859 2522 2932 εἶναι,
2581 2857 2611 2913 8
2667 2855 2946 2927 ἐκόλασεν,
2991 2856 3084 2912 τίνα
3125 2858 3189 2912 τὸ
3235 2862 3332 2912 τοῦ
3367 2861 3502 2912 Θεοῦ
3533 2858 3794 2930 ποιήσῃς

2134 2949 2232 3004 Καὶ
2265 2949 2470 3022 Ἀαρὼν
2503 2947 2593 3003 καὶ
2626 2947 2808 3022 Μαρία
2857 2948 2944 3024 ἀφ’
3003 2948 3204 3002 ἑαυτῶν
3256 2945 3574 3019 κινούμενοι
3635 2944 3787 3020 ἐγόγ-

2133 3059 2298 3113 γυσαν
2358 3037 2492 3092 κατὰ
2540 3037 2800 3103 Μωσέως,
2849 3035 2938 3091 ὅτε
2995 3033 3308 3110 ἐλεπρίασεν
3355 3037 3389 3104 ἡ
3441 3034 3649 3109 Μαρία,
3702 3035 3801 3088 καὶ

2135 3127 2376 3204 ὠργίσθη
2413 3125 2569 3200 θυμῷ
2602 3125 2817 3200 Κύριος.
2877 3125 3166 3200 Ἱερεμίας,
3219 3122 3662 3199 παραιτούμενοσ
3691 3124 3797 3191 τὴν

2141 3214 2498 3294 προφητείαν,
2577 3213 2746 3291 ἔλεγε·
2810 3239 2837 3266 ‹‹
2898 3213 3175 3288 Νεώτερός
3232 3212 3344 3285 εἰμι
3403 3211 3535 3287 ἐγὼ,
3593 3212 3688 3266 καὶ
3735 3211 3803 3266 οὗ

2141 3303 2371 3379 δύναμαι
2431 3303 2812 3382 προφητεύειν.
2879 3327 2905 3351 ιε
2961 3303 3060 3356 Καὶ
3111 3303 3139 3355 6
3199 3303 3380 3363 Ἰωνᾶς
3427 3300 3501 3363 εἷς
3533 3304 3800 3356 τοσοῦτον

2136 3396 2511 3470 παρῃτήσατο,
2569 3393 2644 3454 ὡς
2699 3392 2788 3446 καὶ
2851 3389 2995 3464 δόξαι
3057 3391 3267 3469 φεύγειν
3326 3389 3432 3444 ἀπὸ
3491 3391 3800 3465 προσώπου

2139 3483 2358 3559 Κυρίου.
2422 3482 2516 3539 Καὶ
2567 3483 2594 3536 6
2651 3476 2838 3551 Δαὸὶδ,
2870 3481 2932 3536 τὸ
2964 3479 3182 3554 θέλημα
3209 3481 3270 3534 τὸ
3303 3479 3494 3534 ἑαυτοῦ
3528 3481 3796 3548 ποιήσας,

2138 3574 2227 3628 καὶ
2260 3574 2502 3646 ἀριθμῶν
2567 3572 2656 3625 τὸν
2719 3568 2872 3638 λαὸν,
2928 3569 3264 3641 ἐπιτιμᾶται.
3325 3573 3531 3622 Σιωπῶ
3587 3568 3694 3640 γὰρ
3725 3568 3798 3620 τὰ

2140 3662 2274 3717 κατὰ
2330 3662 2422 3716 τὸν
2479 3659 2678 3733 Οὐρίαν
2734 3659 2826 3713 τὸν
2885 3662 3160 3715 Χετταῖον.
3219 3658 3316 3712 Καὶ
3375 3657 3548 3711 πάντα
3597 3657 3698 3730 γὰρ
3730 3656 3804 3710 τὰ

2143 3751 2342 3826 λογικὰ
2397 3749 2666 3822 κτίσματα
2720 3748 2854 3802 ποτε
2903 3747 2970 3801 τὰ
3027 3748 3228 3801 ἑαυτῶν
3283 3743 3535 3814 λαλοῦσι,
3569 3745 3704 3798 ποτε
3730 3746 3804 3799 τὰ

2141 3843 2239 3895 τοῦ
2271 3844 2424 3894 Θεοῦ”
2457 3839 2520 3892 τὸ
2553 3835 2610 3892 δὲ
2641 3839 2864 3909 Πνεῦμα
2895 3835 3001 3910 οὐχ
3032 3833 3226 3896 οὕτως·
3279 3834 3340 3888 οὐ
3388 3834 3491 3910 γὰρ
3540 3833 3677 3886 ποτὶ
3731 3834 3806 3886 τὰ

2143 3933 2241 3983 τοῦ
2298 3933 2456 3994 Θεοῦ,
2518 3926 2607 3982 καὶ
2662 3925 2799 3981 ποτὲ
2843 3926 2910 3979 τὰ
2957 3925 3170 3980 ἑαυτοῦ⁸
3223 3920 3348 3977 οὐδὲ
3376 3923 3474 3998 γάρ
3506 3919 3648 3975 ἐστιν
3683 3923 3804 3993 (87)

2148 4015 2289 4073 ἄλλο
2318 4039 2368 4071 τι
2402 4016 2452 4070 ἐν
2488 4014 2634 4088 αὐτῷ
2659 4013 2896 4087 θέλημα,
2933 4009 3118 4081 ἐπειδὴ
3153 4008 3279 4067 οὐδὲ
3311 4010 3362 4066 ἓν
3392 4015 3471 4082 τῷ
3501 4011 3633 4082 Γὶᾣ,
3668 4007 3806 4063 ἀλλ’

2145 4105 2198 4162 ’έν
2235 4106 2343 4161 ἐστι
2377 4103 2592 4176 θέλημα
2625 4102 2862 4177 Ματρὸς,
2891 4101 2980 4156 καὶ
3019 4101 3168 4172 Υἱοῦ,
3203 4100 3292 4154 καὶ
3342 4098 3500 4173 ἁγίου
3549 4098 3807 4170 Ilva-Spa-

2146 4217 2260 4258 τος.
2298 4195 2394 4250 Καὶ
2428 4191 2516 4248 διὰ
2544 4197 2704 4248 τοῦτο
2753 4188 2962 4266 εἷ’ρηται
2991 4191 3114 4266 περὶ
3145 4193 3242 4244 τοῦ
3285 4187 3620 4260 ΙΙνεύματος”
3662 4209 3690 4240 a
3719 4186 3803 4244 Οὐ

2150 4284 2379 4355 λαλήσει
2431 4282 2520 4352 ἀφ’
2552 4283 2762 4336 ἑαυτοῦ·
2801 4305 2826 4330 ι)
2869 4280 2958 4334 καὶ
3010 4279 3135 4354 περὶ
3165 4282 3260 4334 τοῦ
3295 4279 3445 4348 Υἳοῦ,
3479 4274 3567 4330 ὅτι
3605 4300 3634 4328 ι(
3685 4277 3808 4333 Ἀπ’

2151 4377 2384 4447 ἱμαυτοῦ
2416 4376 2559 4426 ποιῶ
2591 4368 2765 4438 οὐδὲν,
2800 4367 2945 4425 ἀλλά
2972 4369 3149 4430 καθὼς
3183 4365 3388 4437 ἐδίδαξέ
3423 4387 3489 4438 με
3518 4367 3548 4420 6
3581 4365 3808 4440 Πατὴρ,

2147 4468 2314 4519 ταῦτα
2369 4461 2544 4518 λαλῶ·
2598 4485 2625 4512 ››
2677 4458 2776 4514 οῦκ
2821 4457 3004 4526 ἐπειδή
3035 4460 3142 4530 (88)
3177 4456 3276 4512 οὐκ
3306 4453 3420 4510 οἶδε
3452 4453 3697 4523 λαλῆσαί
3726 4475 3814 4526 τι,

2150 4553 2276 4610 ἀλλ’
2307 4552 2389 4607 ὃτι
2422 4549 2521 4604 οὐκ
2559 4547 2700 4605 ἄλλο
2731 4547 2872 4602 θὲλει
2919 4548 2946 4601 ὁ
2978 4549 3190 4621 Πατὴρ,
3237 4545 3326 4600 καὶ
3381 4541 3522 4599 ἄλλο
3575 4542 3723 4607 θὲλει
3779 4546 3810 4598 6

403 4627 556 4718 quor
576 4647 622 4680 ³³
657 4663 669 4700 :
707 4668 734 4696 ››
766 4662 879 4701 non
911 4645 1061 4716 quod
1116 4643 1334 4700 nesciat
1365 4644 1687 4717 quidquam
1733 4643 1909 4714 loqui,
1943 4642 2028 4699 sec'

2155 4641 2300 4712 Υἱὸς,
2332 4639 2421 4694 καί
2454 4637 2593 4694 ἄλλο
2624 4637 2685 4692 τὸ
2720 4640 2963 4708 Πνεῦμα.

402 4736 544 4808 quia
576 4752 688 4791 non
721 4735 877 4792 aliud
914 4735 1036 4790 vult
1065 4732 1417 4804 Pater,aliud
1451 4733 1576 4790 vult
1599 4733 1776 4790 Filius
1801 4735 1858 4788 et
1885 4731 2043 4788 aliud

403 4826 654 4898 Spiritus
686 4828 944 4881 sanctus.

475 4917 562 4971 24.
597 4917 788 4972 Anam.
841 4912 1084 4970 Etiamsi
1133 4929 1246 4969 non
1287 4928 1516 4985 semper
1563 4929 1688 4984 quae
1738 4911 1836 4967 Dei
1885 4914 2047 4979 sunt,

403 5007 580 5062 locuti
614 5006 733 5063 sint
785 5005 1096 5078 prophetae,
1133 5009 1195 5060 ut
1224 5009 1284 5060 tu
1336 5004 1583 5060 dicendo
1613 5001 2045 5075 comprobasti;

402 5102 461 5152 at
491 5100 644 5152 certe
675 5095 922 5168 apostoli
955 5093 1095 5149 nihil
1128 5112 1196 5150 ex
1225 5094 1564 5166 seipsis,sed
1601 5111 1728 5165 qua:
1759 5096 1898 5148 sunt
1931 5090 2046 5159 Dei,

402 5203 634 5258 semper
682 5185 858 5241 locuti
914 5190 1068 5240 sunt.
1131 5183 1282 5240 Orth.
1346 5183 1523 5239 Docet
1578 5199 1682 5238 nes
1757 5182 2052 5253 Scriptura

2227 4910 2316 4965 24.
2374 4906 2564 4978 Ἀνόμ.
2622 4903 2682 4960 Εἰ
2739 4903 2828 4958 καὶ
2886 4903 2960 4976 μὴ
3021 4901 3252 4955 πάντοτε
3308 4901 3359 4954 οἱ
3416 4902 3699 4977 προφῆται
3745 4901 3818 4953 τὰ.

2157 5001 2254 5052 τοῦ
2278 5001 2410 5052 Θεοῦ
2443 4993 2650 5071 ἔλεγον,
2685 4993 2760 5054 ὡς
2791 4989 2980 5062 ἔδειξεν
3018 4991 3044 5044 6
3068 4989 3250 5064 λόγος,
3283 4986 3408 5043 ἀλλ’
3431 4989 3484 5042 οἱ
3505 4987 3818 5043 ἀπόστολοι

2160 5083 2286 5142 οὐδὲ
2309 5083 2539 5140 ἐλάλουν
2572 5083 2653 5137 ἀρ’
2681 5083 2907 5148 ἑαυτῶν,
2939 5077 3084 5133 ἀλλὰ
3109 5077 3334 5132 πάντοτε
3376 5077 3444 5130 τὰ
3489 5081 3588 5130 τοῦ
3647 5081 3813 5132 Θεοῦ.

2159 5177 2308 5250 Ὀρθ.
2345 5176 2402 5230 Ἠ
2435 5173 2618 5249 Γραφὴ
2655 5173 2799 5244 ἡμᾶς
2837 5165 3090 5238 ἐδίδαξεν,
3124 5165 3205 5220 ὅτι
3239 5166 3290 5220 οἱ
3332 5162 3632 5220 ἀπόστολοι
3685 5163 3820 5220 ἐλά-

479 5344 522 5378 ²⁷
553 5343 719 5406 Joan,
754 5357 876 5405 VIII,
904 5340 992 5396 28.
1070 5339 1113 5373 ²⁸
1146 5340 1167 5392 ῐ
1201 5337 1327 5392 Cor.
1379 5354 1480 5402 vn,
1531 5335 1619 5389 25.
1697 5334 1741 5368 η
1770 5334 1946 5389 Exod.
1999 5349 2028 5387 ιε

2141 5331 2194 5385 O.
2270 5330 2314 5364 ³ο
2345 5328 2486 5384 ibid.
2547 5326 2628 5382 l3.
2706 5324 2992 5380 “Jerem.
3047 5339 3086 5389 ι,
3115 5323 3169 5377 6.
3251 5321 3296 5355 ³³
3337 5319 3509 5375 Joan.
3559 5335 3676 5387 xw,
3732 5320 3824 5376 13.

405 5417 450 5450 ³³
477 5416 645 5473 Joan.
678 5431 798 5484 vui,
829 5413 918 5466 28.

484 5589 597 5661 (87)
626 5587 832 5656 Palat.,
862 5587 960 5639 τοῦ
991 5585 1144 5638 Θεοῦ’
1181 5576 1305 5634 οὐδὲ
1336 5577 1437 5653 γάρ
1471 5575 1634 5646 ἐστιν,
1667 5577 1906 5634 omissis
1936 5575 2062 5650 qui.

413 5662 688 5718 busdam.

2247 5574 2355 5644 ’88)
2388 5572 2567 5628 Ταῦτα
2598 5563 2756 5622 λαλῶ
2786 5562 2968 5622 λαλεῖ·
3001 5563 3101 5618 οὑκ
3129 5558 3340 5634 ἐπειδή.

4053 535 4070 672 l
