  <div class='ocr_page' id='page_1' title='image "/cluster/home/n/w/nwhite01/storage/ocr_20150623/28/hvd.32044052794351/582.png"; bbox 0 0 4092 6218; ppageno 0'>
   <div class='ocr_carea' id='block_1_1' title="bbox 316 378 468 445">
    <p class='ocr_par' dir='ltr' id='par_1_1' title="bbox 316 378 468 445">
     <span class='ocr_line' id='line_1_1' title="bbox 316 378 468 445; baseline 0 -1"><span class='ocrx_word' id='word_1_1' title='bbox 316 378 468 445; x_wconf 70' lang='grc'>1153</span> 
     </span>
    </p>
   </div>
   <div class='ocr_carea' id='block_1_2' title="bbox 1294 371 2734 444">
    <p class='ocr_par' dir='ltr' id='par_1_2' title="bbox 1294 371 2734 444">
     <span class='ocr_line' id='line_1_2' title="bbox 1294 371 2734 444; baseline -0.001 -2"><span class='ocrx_word' id='word_1_2' title='bbox 1294 373 1389 442; x_wconf 71' lang='lat' dir='ltr'>Dm</span> <span class='ocrx_word' id='word_1_3' title='bbox 1433 371 1730 442; x_wconf 76' lang='lat' dir='ltr'>SANCTA</span> <span class='ocrx_word' id='word_1_4' title='bbox 1777 374 2204 442; x_wconf 72' lang='lat' dir='ltr'>&#39;I‘IliNl&#39;l‘A&#39;l‘E</span> <span class='ocrx_word' id='word_1_5' title='bbox 2252 379 2639 444; x_wconf 66' lang='lat' dir='ltr'>DIALOGUS</span> <span class='ocrx_word' id='word_1_6' title='bbox 2686 385 2734 443; x_wconf 85' lang='grc' dir='ltr'>ι.</span> 
     </span>
    </p>
   </div>
   <div class='ocr_carea' id='block_1_3' title="bbox 3563 389 3720 456">
    <p class='ocr_par' dir='ltr' id='par_1_3' title="bbox 3563 389 3720 456">
     <span class='ocr_line' id='line_1_3' title="bbox 3563 389 3720 456; baseline 0.025 -4"><span class='ocrx_word' id='word_1_7' title='bbox 3563 389 3720 456; x_wconf 67' lang='grc'>1154</span> 
     </span>
    </p>
   </div>
   <div class='ocr_carea' id='block_1_4' title="bbox 313 503 1987 594">
    <p class='ocr_par' dir='ltr' id='par_1_4' title="bbox 313 511 1949 594">
     <span class='ocr_line' id='line_1_4' title="bbox 313 511 1949 594; baseline -0.004 -22"><span class='ocrx_word' id='word_1_8' title='bbox 313 517 444 572; x_wconf 87' lang='grc' dir='ltr'>λουν</span> <span class='ocrx_word' id='word_1_9' title='bbox 518 517 606 594; x_wconf 72' lang='grc' dir='ltr'>ἀφ’</span> <span class='ocrx_word' id='word_1_10' title='bbox 668 517 890 571; x_wconf 79' lang='grc' dir='ltr'>ὲαυτῶν.</span> <span class='ocrx_word' id='word_1_11' title='bbox 951 516 1138 588; x_wconf 87' lang='grc' dir='ltr'>Ἀνόμ.</span> <span class='ocrx_word' id='word_1_12' title='bbox 1203 520 1323 576; x_wconf 85' lang='grc' dir='ltr'>Πῶς</span> <span class='ocrx_word' id='word_1_13' title='bbox 1372 535 1384 584; x_wconf 88' lang='lat'>;</span> <span class='ocrx_word' id='word_1_14' title='bbox 1445 517 1597 589; x_wconf 66' lang='grc' dir='ltr'>Ὀρθ.</span> <span class='ocrx_word' id='word_1_15' title='bbox 1657 515 1780 568; x_wconf 74' lang='grc' dir='ltr'>Ἐὰν</span> <span class='ocrx_word' id='word_1_16' title='bbox 1861 511 1949 566; x_wconf 68' lang='grc' dir='ltr'>οὖν</span> 
     </span>
    </p>
   </div>
   <div class='ocr_carea' id='block_1_5' title="bbox 2097 503 3715 594">
    <p class='ocr_par' dir='ltr' id='par_1_5' title="bbox 2111 503 3715 589">
     <span class='ocr_line' id='line_1_5' title="bbox 2111 503 3715 589; baseline 0.009 -19"><span class='ocrx_word' id='word_1_17' title='bbox 2111 513 2368 584; x_wconf 77' lang='lat' dir='ltr'>paetulos</span> <span class='ocrx_word' id='word_1_18' title='bbox 2413 503 2705 570; x_wconf 77' lang='lat' dir='ltr'>interdum</span> <span class='ocrx_word' id='word_1_19' title='bbox 2742 535 2770 570; x_wconf 64' lang='grc' dir='ltr'>ιι</span> <span class='ocrx_word' id='word_1_20' title='bbox 2810 517 3019 589; x_wconf 77' lang='lat' dir='ltr'>seipsis</span> <span class='ocrx_word' id='word_1_21' title='bbox 3070 533 3197 577; x_wconf 82' lang='lat' dir='ltr'>esse</span> <span class='ocrx_word' id='word_1_22' title='bbox 3255 523 3479 581; x_wconf 85' lang='lat' dir='ltr'>locutos</span> <span class='ocrx_word' id='word_1_23' title='bbox 3525 532 3715 585; x_wconf 70' lang='lat' dir='ltr'>Amm.</span> 
     </span>
    </p>
   </div>
   <div class='ocr_carea' id='block_1_6' title="bbox 314 601 1958 680">
    <p class='ocr_par' dir='ltr' id='par_1_6' title="bbox 314 601 1958 680">
     <span class='ocr_line' id='line_1_6' title="bbox 314 601 1958 680; baseline -0.002 -20"><span class='ocrx_word' id='word_1_24' title='bbox 314 605 546 679; x_wconf 70' lang='grc' dir='ltr'>ἀκούσῃς</span> <span class='ocrx_word' id='word_1_25' title='bbox 605 604 822 660; x_wconf 65' lang='grc' dir='ltr'>Παύλου</span> <span class='ocrx_word' id='word_1_26' title='bbox 901 604 1158 680; x_wconf 71' lang='grc' dir='ltr'>λέγοντος</span> <span class='ocrx_word' id='word_1_27' title='bbox 1233 605 1355 680; x_wconf 74' lang='grc' dir='ltr'>περὶ</span> <span class='ocrx_word' id='word_1_28' title='bbox 1434 609 1541 657; x_wconf 89' lang='grc' dir='ltr'>τῶν</span> <span class='ocrx_word' id='word_1_29' title='bbox 1614 601 1958 674; x_wconf 79' lang='grc' dir='ltr'>ἀποστόλων,</span> 
     </span>
    </p>
   </div>
   <div class='ocr_carea' id='block_1_7' title="bbox 316 689 1958 768">
    <p class='ocr_par' dir='ltr' id='par_1_7' title="bbox 316 689 1958 768">
     <span class='ocr_line' id='line_1_7' title="bbox 316 689 1958 768; baseline 0 -23"><span class='ocrx_word' id='word_1_30' title='bbox 316 719 342 745; x_wconf 79' lang='grc' dir='ltr'>(ι</span> <span class='ocrx_word' id='word_1_31' title='bbox 378 694 534 750; x_wconf 80' lang='grc' dir='ltr'>Ἀλλ’</span> <span class='ocrx_word' id='word_1_32' title='bbox 564 693 652 749; x_wconf 80' lang='grc' dir='ltr'>ὅτε</span> <span class='ocrx_word' id='word_1_33' title='bbox 683 693 842 766; x_wconf 77' lang='grc' dir='ltr'>εἶδον,</span> <span class='ocrx_word' id='word_1_34' title='bbox 874 693 956 748; x_wconf 80' lang='grc' dir='ltr'>ὅτι</span> <span class='ocrx_word' id='word_1_35' title='bbox 991 693 1089 748; x_wconf 75' lang='grc' dir='ltr'>οὐκ</span> <span class='ocrx_word' id='word_1_36' title='bbox 1121 690 1484 768; x_wconf 81' lang='grc' dir='ltr'>ὀρθοποδοῦσι</span> <span class='ocrx_word' id='word_1_37' title='bbox 1516 692 1650 768; x_wconf 84' lang='grc' dir='ltr'>πρὸς</span> <span class='ocrx_word' id='word_1_38' title='bbox 1683 693 1781 760; x_wconf 77' lang='grc' dir='ltr'>τὴν</span> <span class='ocrx_word' id='word_1_39' title='bbox 1815 689 1958 761; x_wconf 75' lang='grc' dir='ltr'>ἀλή-</span> 
     </span>
    </p>
   </div>
   <div class='ocr_carea' id='block_1_8' title="bbox 315 776 1964 858">
    <p class='ocr_par' dir='ltr' id='par_1_8' title="bbox 315 776 1964 858">
     <span class='ocr_line' id='line_1_8' title="bbox 315 776 1964 858; baseline -0.004 -22"><span class='ocrx_word' id='word_1_40' title='bbox 315 785 458 837; x_wconf 75' lang='grc' dir='ltr'>θειαν</span> <span class='ocrx_word' id='word_1_41' title='bbox 485 787 582 836; x_wconf 89' lang='grc' dir='ltr'>τοῦ</span> <span class='ocrx_word' id='word_1_42' title='bbox 617 780 971 858; x_wconf 75' lang='grc' dir='ltr'>Εὖαγγελίου,</span> <span class='ocrx_word' id='word_1_43' title='bbox 1006 781 1153 836; x_wconf 73' lang='grc' dir='ltr'>εἶπον</span> <span class='ocrx_word' id='word_1_44' title='bbox 1184 787 1264 854; x_wconf 76' lang='grc' dir='ltr'>τῷ</span> <span class='ocrx_word' id='word_1_45' title='bbox 1305 786 1461 857; x_wconf 76' lang='grc' dir='ltr'>Κηφᾷ</span> <span class='ocrx_word' id='word_1_46' title='bbox 1491 776 1792 854; x_wconf 72' lang='grc' dir='ltr'>ἔμπροσθεν</span> <span class='ocrx_word' id='word_1_47' title='bbox 1824 780 1964 834; x_wconf 83' lang='grc' dir='ltr'>πάν-</span> 
     </span>
    </p>
   </div>
   <div class='ocr_carea' id='block_1_9' title="bbox 318 866 1963 946">
    <p class='ocr_par' dir='ltr' id='par_1_9' title="bbox 318 866 1963 946">
     <span class='ocr_line' id='line_1_9' title="bbox 318 866 1963 946; baseline -0.003 -20"><span class='ocrx_word' id='word_1_48' title='bbox 318 893 430 926; x_wconf 86' lang='grc' dir='ltr'>των</span> <span class='ocrx_word' id='word_1_49' title='bbox 473 895 500 923; x_wconf 84' lang='grc'><strong>››</strong></span> <span class='ocrx_word' id='word_1_50' title='bbox 555 871 642 940; x_wconf 86' lang='grc' dir='ltr'>(τά</span> <span class='ocrx_word' id='word_1_51' title='bbox 689 869 747 926; x_wconf 75' lang='grc' dir='ltr'>δὲ</span> <span class='ocrx_word' id='word_1_52' title='bbox 805 870 1040 944; x_wconf 76' lang='grc' dir='ltr'>ἑπόμενα</span> <span class='ocrx_word' id='word_1_53' title='bbox 1097 869 1264 939; x_wconf 76' lang='grc' dir='ltr'>οἶδας,</span> <span class='ocrx_word' id='word_1_54' title='bbox 1317 870 1362 924; x_wconf 76' lang='grc' dir='ltr'>εἰ</span> <span class='ocrx_word' id='word_1_55' title='bbox 1422 868 1722 946; x_wconf 78' lang='grc' dir='ltr'>φιλόλογος</span> <span class='ocrx_word' id='word_1_56' title='bbox 1775 869 1863 937; x_wconf 70' lang='grc' dir='ltr'>εἴ),</span> <span class='ocrx_word' id='word_1_57' title='bbox 1909 866 1963 922; x_wconf 80' lang='grc' dir='ltr'>τί</span> 
     </span>
    </p>
   </div>
   <div class='ocr_carea' id='block_1_10' title="bbox 322 956 1961 1042">
    <p class='ocr_par' dir='ltr' id='par_1_10' title="bbox 322 956 1961 1042">
     <span class='ocr_line' id='line_1_10' title="bbox 322 956 1961 1042; baseline -0.004 -27"><span class='ocrx_word' id='word_1_58' title='bbox 322 959 464 1015; x_wconf 77' lang='grc' dir='ltr'>ἄλλο</span> <span class='ocrx_word' id='word_1_59' title='bbox 498 959 711 1034; x_wconf 70' lang='grc' dir='ltr'>λογίζῃ,</span> <span class='ocrx_word' id='word_1_60' title='bbox 745 960 778 1028; x_wconf 74' lang='grc' dir='ltr'><strong>ἢ</strong></span> <span class='ocrx_word' id='word_1_61' title='bbox 813 961 875 1014; x_wconf 86' lang='grc' dir='ltr'>τὸ</span> <span class='ocrx_word' id='word_1_62' title='bbox 906 961 992 1037; x_wconf 79' lang='grc' dir='ltr'>ἀφ’</span> <span class='ocrx_word' id='word_1_63' title='bbox 1021 959 1221 1014; x_wconf 71' lang='grc' dir='ltr'>ἑαυτῶν</span> <span class='ocrx_word' id='word_1_64' title='bbox 1254 980 1302 1012; x_wconf 89' lang='grc' dir='ltr'>τι</span> <span class='ocrx_word' id='word_1_65' title='bbox 1337 956 1699 1028; x_wconf 78' lang='grc' dir='ltr'>λελαληκὲναι</span> <span class='ocrx_word' id='word_1_66' title='bbox 1730 957 1818 1042; x_wconf 51' lang='grc' dir='ltr'>καί</span> <span class='ocrx_word' id='word_1_67' title='bbox 1867 976 1961 1010; x_wconf 88' lang='grc' dir='ltr'>πε-</span> 
     </span>
    </p>
   </div>
   <div class='ocr_carea' id='block_1_11' title="bbox 321 1046 1965 1122">
    <p class='ocr_par' dir='ltr' id='par_1_11' title="bbox 321 1046 1965 1122">
     <span class='ocr_line' id='line_1_11' title="bbox 321 1046 1965 1122; baseline -0.003 -19"><span class='ocrx_word' id='word_1_68' title='bbox 321 1049 627 1120; x_wconf 68' lang='grc' dir='ltr'>ποιηκέναι,</span> <span class='ocrx_word' id='word_1_69' title='bbox 660 1047 790 1121; x_wconf 73' lang='grc' dir='ltr'>ὅπερ</span> <span class='ocrx_word' id='word_1_70' title='bbox 839 1048 938 1103; x_wconf 76' lang='grc' dir='ltr'>οὐκ</span> <span class='ocrx_word' id='word_1_71' title='bbox 980 1052 1043 1117; x_wconf 70' lang='grc' dir='ltr'>ἦν</span> <span class='ocrx_word' id='word_1_72' title='bbox 1095 1048 1486 1117; x_wconf 78' lang='grc' dir='ltr'>θεόπνευστον;</span> <span class='ocrx_word' id='word_1_73' title='bbox 1521 1047 1620 1103; x_wconf 77' lang='grc' dir='ltr'>Καὶ</span> <span class='ocrx_word' id='word_1_74' title='bbox 1671 1046 1794 1122; x_wconf 80' lang='grc' dir='ltr'>περὶ</span> <span class='ocrx_word' id='word_1_75' title='bbox 1846 1046 1965 1099; x_wconf 70' lang='grc' dir='ltr'>εαυ-</span> 
     </span>
    </p>
   </div>
   <div class='ocr_carea' id='block_1_12' title="bbox 320 1134 1970 1215">
    <p class='ocr_par' dir='ltr' id='par_1_12' title="bbox 320 1134 1970 1215">
     <span class='ocr_line' id='line_1_12' title="bbox 320 1134 1970 1215; baseline -0.002 -22"><span class='ocrx_word' id='word_1_76' title='bbox 320 1143 419 1194; x_wconf 89' lang='grc' dir='ltr'>τοῦ</span> <span class='ocrx_word' id='word_1_77' title='bbox 449 1137 512 1193; x_wconf 76' lang='grc' dir='ltr'>δὲ</span> <span class='ocrx_word' id='word_1_78' title='bbox 542 1139 710 1215; x_wconf 81' lang='grc' dir='ltr'>Λέγει·</span> <span class='ocrx_word' id='word_1_79' title='bbox 747 1164 772 1190; x_wconf 80' lang='grc' dir='ltr'>α</span> <span class='ocrx_word' id='word_1_80' title='bbox 806 1136 973 1196; x_wconf 74' lang='grc' dir='ltr'>Οὐδὲν</span> <span class='ocrx_word' id='word_1_81' title='bbox 1022 1139 1125 1214; x_wconf 80' lang='grc' dir='ltr'>γὰρ</span> <span class='ocrx_word' id='word_1_82' title='bbox 1180 1138 1398 1212; x_wconf 76' lang='grc' dir='ltr'>ἐμαυτῷ</span> <span class='ocrx_word' id='word_1_83' title='bbox 1446 1134 1684 1192; x_wconf 73' lang='grc' dir='ltr'>σύνοιδα·</span> <span class='ocrx_word' id='word_1_84' title='bbox 1714 1135 1840 1191; x_wconf 68' lang='grc' dir='ltr'>ἀλλ’</span> <span class='ocrx_word' id='word_1_85' title='bbox 1870 1134 1970 1190; x_wconf 72' lang='grc' dir='ltr'>οὐκ</span> 
     </span>
    </p>
   </div>
   <div class='ocr_carea' id='block_1_13' title="bbox 323 1224 1964 1302">
    <p class='ocr_par' dir='ltr' id='par_1_13' title="bbox 323 1224 1964 1302">
     <span class='ocr_line' id='line_1_13' title="bbox 323 1224 1964 1302; baseline -0.003 -20"><span class='ocrx_word' id='word_1_86' title='bbox 323 1227 375 1282; x_wconf 83' lang='grc' dir='ltr'>ἐν</span> <span class='ocrx_word' id='word_1_87' title='bbox 423 1227 607 1300; x_wconf 76' lang='grc' dir='ltr'>τούτῳ</span> <span class='ocrx_word' id='word_1_88' title='bbox 657 1225 1034 1302; x_wconf 76' lang='grc' dir='ltr'>δεδικαίωμαι.</span> <span class='ocrx_word' id='word_1_89' title='bbox 1068 1253 1088 1282; x_wconf 78' lang='grc' dir='ltr'>ι</span> <span class='ocrx_word' id='word_1_90' title='bbox 1127 1227 1206 1284; x_wconf 89' lang='grc' dir='ltr'>Τὸ</span> <span class='ocrx_word' id='word_1_91' title='bbox 1249 1224 1306 1281; x_wconf 76' lang='grc' dir='ltr'>δὶ</span> <span class='ocrx_word' id='word_1_92' title='bbox 1356 1231 1575 1302; x_wconf 38' lang='grc' dir='ltr'>Πνεῦλμα</span> <span class='ocrx_word' id='word_1_93' title='bbox 1615 1225 1722 1300; x_wconf 80' lang='grc' dir='ltr'>οὐχ</span> <span class='ocrx_word' id='word_1_94' title='bbox 1769 1224 1964 1285; x_wconf 70' lang='grc' dir='ltr'>οὕτως·</span> 
     </span>
    </p>
   </div>
   <div class='ocr_carea' id='block_1_14' title="bbox 322 1292 1966 1393">
    <p class='ocr_par' dir='ltr' id='par_1_14' title="bbox 322 1292 1966 1393">
     <span class='ocr_line' id='line_1_14' title="bbox 322 1292 1966 1393; baseline -0.005 -21"><span class='ocrx_word' id='word_1_95' title='bbox 322 1315 410 1372; x_wconf 81' lang='grc' dir='ltr'>καῖ</span> <span class='ocrx_word' id='word_1_96' title='bbox 446 1313 535 1370; x_wconf 75' lang='grc' dir='ltr'>διὰ</span> <span class='ocrx_word' id='word_1_97' title='bbox 561 1315 995 1393; x_wconf 83' lang='grc' dir='ltr'>τοῦτοέἱ’ρηται,</span> <span class='ocrx_word' id='word_1_98' title='bbox 1028 1315 1110 1372; x_wconf 80' lang='grc' dir='ltr'>ὅτι</span> <span class='ocrx_word' id='word_1_99' title='bbox 1143 1341 1172 1368; x_wconf 78' lang='grc' dir='ltr'>(ι</span> <span class='ocrx_word' id='word_1_100' title='bbox 1204 1315 1280 1373; x_wconf 80' lang='grc' dir='ltr'>Οὐ</span> <span class='ocrx_word' id='word_1_101' title='bbox 1314 1292 1543 1385; x_wconf 52' lang='grc' dir='ltr'>λαλήοίει</span> <span class='ocrx_word' id='word_1_102' title='bbox 1576 1314 1663 1392; x_wconf 81' lang='grc' dir='ltr'>ἀφ’</span> <span class='ocrx_word' id='word_1_103' title='bbox 1697 1315 1906 1370; x_wconf 73' lang='grc' dir='ltr'>ἑαυτοῦ.</span> <span class='ocrx_word' id='word_1_104' title='bbox 1941 1336 1966 1364; x_wconf 82' lang='grc'>››</span> 
     </span>
    </p>
   </div>
   <div class='ocr_carea' id='block_1_15' title="bbox 321 1401 1970 1479">
    <p class='ocr_par' dir='ltr' id='par_1_15' title="bbox 321 1401 1970 1479">
     <span class='ocr_line' id='line_1_15' title="bbox 321 1401 1970 1479; baseline -0.004 -17"><span class='ocrx_word' id='word_1_105' title='bbox 321 1405 512 1479; x_wconf 83' lang='grc' dir='ltr'>Ἀνόμ.</span> <span class='ocrx_word' id='word_1_106' title='bbox 574 1404 748 1462; x_wconf 84' lang='grc' dir='ltr'>Ἀλλά</span> <span class='ocrx_word' id='word_1_107' title='bbox 803 1406 892 1460; x_wconf 80' lang='grc' dir='ltr'>καὶ</span> <span class='ocrx_word' id='word_1_108' title='bbox 947 1405 1146 1467; x_wconf 84' lang='grc' dir='ltr'>πάντες</span> <span class='ocrx_word' id='word_1_109' title='bbox 1212 1401 1487 1478; x_wconf 74' lang='grc' dir='ltr'>ἅνθρωποι</span> <span class='ocrx_word' id='word_1_110' title='bbox 1562 1404 1695 1458; x_wconf 77' lang='grc' dir='ltr'>ποτὶ</span> <span class='ocrx_word' id='word_1_111' title='bbox 1755 1403 1848 1476; x_wconf 71' lang='grc' dir='ltr'>μὲν</span> <span class='ocrx_word' id='word_1_112' title='bbox 1903 1403 1970 1456; x_wconf 71' lang='grc' dir='ltr'>τὰ</span> 
     </span>
    </p>
   </div>
   <div class='ocr_carea' id='block_1_16' title="bbox 325 1490 1968 1570">
    <p class='ocr_par' dir='ltr' id='par_1_16' title="bbox 325 1490 1968 1570">
     <span class='ocr_line' id='line_1_16' title="bbox 325 1490 1968 1570; baseline -0.002 -21"><span class='ocrx_word' id='word_1_113' title='bbox 325 1495 525 1549; x_wconf 74' lang='grc' dir='ltr'>ἑαυτῶν</span> <span class='ocrx_word' id='word_1_114' title='bbox 578 1492 848 1570; x_wconf 71' lang='grc' dir='ltr'>λέγουσιν,</span> <span class='ocrx_word' id='word_1_115' title='bbox 895 1495 988 1550; x_wconf 83' lang='grc' dir='ltr'>καὶ</span> <span class='ocrx_word' id='word_1_116' title='bbox 1032 1495 1166 1550; x_wconf 75' lang='grc' dir='ltr'>ποτὲ</span> <span class='ocrx_word' id='word_1_117' title='bbox 1213 1491 1269 1548; x_wconf 76' lang='grc' dir='ltr'>δὲ</span> <span class='ocrx_word' id='word_1_118' title='bbox 1315 1493 1382 1548; x_wconf 86' lang='grc' dir='ltr'>τά</span> <span class='ocrx_word' id='word_1_119' title='bbox 1426 1497 1523 1548; x_wconf 87' lang='grc' dir='ltr'>τοῦ</span> <span class='ocrx_word' id='word_1_120' title='bbox 1570 1497 1724 1548; x_wconf 76' lang='grc' dir='ltr'>Θεοῦο</span> <span class='ocrx_word' id='word_1_121' title='bbox 1761 1490 1886 1546; x_wconf 83' lang='grc' dir='ltr'>ἀλλ’</span> <span class='ocrx_word' id='word_1_122' title='bbox 1918 1490 1968 1545; x_wconf 71' lang='grc' dir='ltr'>οἱ</span> 
     </span>
    </p>
   </div>
   <div class='ocr_carea' id='block_1_17' title="bbox 327 1578 1972 1660">
    <p class='ocr_par' dir='ltr' id='par_1_17' title="bbox 327 1578 1972 1660">
     <span class='ocr_line' id='line_1_17' title="bbox 327 1578 1972 1660; baseline -0.002 -22"><span class='ocrx_word' id='word_1_123' title='bbox 327 1583 556 1660; x_wconf 81' lang='grc' dir='ltr'>ἄγγελοι</span> <span class='ocrx_word' id='word_1_124' title='bbox 612 1585 840 1640; x_wconf 78' lang='grc' dir='ltr'>πάντοτε</span> <span class='ocrx_word' id='word_1_125' title='bbox 893 1584 961 1639; x_wconf 76' lang='grc' dir='ltr'>τὰ</span> <span class='ocrx_word' id='word_1_126' title='bbox 1005 1588 1102 1639; x_wconf 86' lang='grc' dir='ltr'>τοῦ</span> <span class='ocrx_word' id='word_1_127' title='bbox 1151 1587 1285 1638; x_wconf 88' lang='grc' dir='ltr'>Θεοῦ</span> <span class='ocrx_word' id='word_1_128' title='bbox 1339 1581 1611 1658; x_wconf 77' lang='grc' dir='ltr'>λέγουσιν.</span> <span class='ocrx_word' id='word_1_129' title='bbox 1657 1583 1799 1658; x_wconf 81' lang='grc' dir='ltr'>Ὀρθ.</span> <span class='ocrx_word' id='word_1_130' title='bbox 1834 1578 1972 1638; x_wconf 72' lang='grc' dir='ltr'><strong>Οὐδὲ</strong></span> 
     </span>
    </p>
   </div>
   <div class='ocr_carea' id='block_1_18' title="bbox 325 1669 1970 1748">
    <p class='ocr_par' dir='ltr' id='par_1_18' title="bbox 325 1669 1970 1748">
     <span class='ocr_line' id='line_1_18' title="bbox 325 1669 1970 1748; baseline -0.002 -21"><span class='ocrx_word' id='word_1_131' title='bbox 325 1678 491 1728; x_wconf 88' lang='grc' dir='ltr'>τοῦτο</span> <span class='ocrx_word' id='word_1_132' title='bbox 549 1671 772 1743; x_wconf 80' lang='grc' dir='ltr'>ἀληθές.</span> <span class='ocrx_word' id='word_1_133' title='bbox 807 1673 870 1728; x_wconf 86' lang='grc' dir='ltr'><strong>Εἰ</strong></span> <span class='ocrx_word' id='word_1_134' title='bbox 922 1676 1024 1748; x_wconf 76' lang='grc' dir='ltr'>γὰρ</span> <span class='ocrx_word' id='word_1_135' title='bbox 1075 1673 1304 1728; x_wconf 80' lang='grc' dir='ltr'>πάντοτε</span> <span class='ocrx_word' id='word_1_136' title='bbox 1349 1675 1416 1727; x_wconf 86' lang='grc' dir='ltr'>τά</span> <span class='ocrx_word' id='word_1_137' title='bbox 1458 1677 1554 1726; x_wconf 87' lang='grc' dir='ltr'>τοῦ</span> <span class='ocrx_word' id='word_1_138' title='bbox 1595 1675 1728 1726; x_wconf 88' lang='grc' dir='ltr'>Θεοῦ</span> <span class='ocrx_word' id='word_1_139' title='bbox 1759 1669 1970 1745; x_wconf 85' lang='grc' dir='ltr'>ἔλεγον,</span> 
     </span>
    </p>
   </div>
   <div class='ocr_carea' id='block_1_19' title="bbox 331 1758 1970 1837">
    <p class='ocr_par' dir='ltr' id='par_1_19' title="bbox 331 1758 1970 1837">
     <span class='ocr_line' id='line_1_19' title="bbox 331 1758 1970 1837; baseline -0.003 -21"><span class='ocrx_word' id='word_1_140' title='bbox 331 1761 431 1817; x_wconf 79' lang='grc' dir='ltr'>οὐκ</span> <span class='ocrx_word' id='word_1_141' title='bbox 479 1760 537 1816; x_wconf 72' lang='grc' dir='ltr'>ἂν</span> <span class='ocrx_word' id='word_1_142' title='bbox 583 1761 854 1837; x_wconf 76' lang='grc' dir='ltr'>ἥμαρτον,</span> <span class='ocrx_word' id='word_1_143' title='bbox 890 1762 1028 1818; x_wconf 83' lang='grc' dir='ltr'>ὥστε</span> <span class='ocrx_word' id='word_1_144' title='bbox 1077 1761 1350 1837; x_wconf 63' lang='grc' dir='ltr'>λέγεσθαγ</span> <span class='ocrx_word' id='word_1_145' title='bbox 1389 1786 1416 1812; x_wconf 91' lang='grc'>‹‹</span> <span class='ocrx_word' id='word_1_146' title='bbox 1451 1761 1514 1817; x_wconf 83' lang='lat' dir='ltr'>Ei</span> <span class='ocrx_word' id='word_1_147' title='bbox 1562 1760 1662 1837; x_wconf 76' lang='grc' dir='ltr'>γὰρ</span> <span class='ocrx_word' id='word_1_148' title='bbox 1720 1758 1970 1835; x_wconf 74' lang='grc' dir='ltr'>ἀγγέλων</span> 
     </span>
    </p>
   </div>
   <div class='ocr_carea' id='block_1_20' title="bbox 2071 604 3721 676">
    <p class='ocr_par' dir='ltr' id='par_1_20' title="bbox 2071 604 3721 676">
     <span class='ocr_line' id='line_1_20' title="bbox 2071 604 3721 676; baseline 0.012 -20"><span class='ocrx_word' id='word_1_149' title='bbox 2071 604 2418 670; x_wconf 86' lang='lat' dir='ltr'>Quomodo?</span> <span class='ocrx_word' id='word_1_150' title='bbox 2446 604 2595 660; x_wconf 81' lang='lat' dir='ltr'>Orth.</span> <span class='ocrx_word' id='word_1_151' title='bbox 2630 606 2769 660; x_wconf 88' lang='lat' dir='ltr'>Cum</span> <span class='ocrx_word' id='word_1_152' title='bbox 2822 611 2991 676; x_wconf 81' lang='lat' dir='ltr'>audis</span> <span class='ocrx_word' id='word_1_153' title='bbox 3040 610 3286 667; x_wconf 81' lang='lat' dir='ltr'>Paulum</span> <span class='ocrx_word' id='word_1_154' title='bbox 3328 615 3615 672; x_wconf 75' lang='lat' dir='ltr'>dicentem</span> <span class='ocrx_word' id='word_1_155' title='bbox 3651 621 3721 676; x_wconf 87' lang='lat' dir='ltr'>de</span> 
     </span>
    </p>
   </div>
   <div class='ocr_carea' id='block_1_21' title="bbox 2071 693 3722 778">
    <p class='ocr_par' dir='ltr' id='par_1_21' title="bbox 2071 693 3722 778">
     <span class='ocr_line' id='line_1_21' title="bbox 2071 693 3722 778; baseline 0.01 -30"><span class='ocrx_word' id='word_1_156' title='bbox 2071 693 2355 765; x_wconf 76' lang='lat' dir='ltr'>apostolis</span> <span class='ocrx_word' id='word_1_157' title='bbox 2393 711 2404 747; x_wconf 94' lang='lat'>:</span> <span class='ocrx_word' id='word_1_158' title='bbox 2439 717 2466 743; x_wconf 82' lang='lat'><strong>«</strong></span> <span class='ocrx_word' id='word_1_159' title='bbox 2501 695 2606 748; x_wconf 81' lang='lat' dir='ltr'>Sed</span> <span class='ocrx_word' id='word_1_160' title='bbox 2642 712 2772 749; x_wconf 92' lang='lat' dir='ltr'>cum</span> <span class='ocrx_word' id='word_1_161' title='bbox 2809 697 3063 754; x_wconf 88' lang='lat' dir='ltr'>viderem</span> <span class='ocrx_word' id='word_1_162' title='bbox 3105 717 3203 756; x_wconf 85' lang='lat' dir='ltr'>eos</span> <span class='ocrx_word' id='word_1_163' title='bbox 3237 721 3346 758; x_wconf 91' lang='lat' dir='ltr'>non</span> <span class='ocrx_word' id='word_1_164' title='bbox 3393 710 3546 761; x_wconf 91' lang='lat' dir='ltr'>recto</span> <span class='ocrx_word' id='word_1_165' title='bbox 3581 710 3722 778; x_wconf 86' lang='lat' dir='ltr'>pede</span> 
     </span>
    </p>
   </div>
   <div class='ocr_carea' id='block_1_22' title="bbox 2073 782 3722 861">
    <p class='ocr_par' dir='ltr' id='par_1_22' title="bbox 2073 782 3722 861">
     <span class='ocr_line' id='line_1_22' title="bbox 2073 782 3722 861; baseline 0.01 -26"><span class='ocrx_word' id='word_1_166' title='bbox 2073 782 2339 836; x_wconf 83' lang='lat' dir='ltr'>incedere</span> <span class='ocrx_word' id='word_1_167' title='bbox 2389 784 2711 838; x_wconf 83' lang='lat' dir='ltr'>secundum</span> <span class='ocrx_word' id='word_1_168' title='bbox 2763 785 3058 843; x_wconf 78' lang='lat' dir='ltr'>veritatem</span> <span class='ocrx_word' id='word_1_169' title='bbox 3115 790 3430 861; x_wconf 73' lang='lat' dir='ltr'>Evangelii,</span> <span class='ocrx_word' id='word_1_170' title='bbox 3465 794 3578 848; x_wconf 83' lang='lat' dir='ltr'>dixi</span> <span class='ocrx_word' id='word_1_171' title='bbox 3614 797 3722 850; x_wconf 80' lang='lat' dir='ltr'>Ce-</span> 
     </span>
    </p>
   </div>
   <div class='ocr_carea' id='block_1_23' title="bbox 2075 871 3718 950">
    <p class='ocr_par' dir='ltr' id='par_1_23' title="bbox 2075 871 3718 950">
     <span class='ocr_line' id='line_1_23' title="bbox 2075 871 3718 950; baseline 0.01 -27"><span class='ocrx_word' id='word_1_172' title='bbox 2075 871 2200 942; x_wconf 76' lang='lat' dir='ltr'>pbae</span> <span class='ocrx_word' id='word_1_173' title='bbox 2233 887 2425 926; x_wconf 80' lang='lat' dir='ltr'>coram</span> <span class='ocrx_word' id='word_1_174' title='bbox 2484 873 2758 929; x_wconf 87' lang='lat' dir='ltr'>omnibus</span> <span class='ocrx_word' id='word_1_175' title='bbox 2784 874 2829 908; x_wconf 73' lang='lat'><strong>3‘</strong></span> <span class='ocrx_word' id='word_1_176' title='bbox 2871 899 2892 927; x_wconf 76' lang='grc' dir='ltr'>ι</span> <span class='ocrx_word' id='word_1_177' title='bbox 2947 881 3093 947; x_wconf 64' lang='lat' dir='ltr'>(quae</span> <span class='ocrx_word' id='word_1_178' title='bbox 3141 890 3473 950; x_wconf 84' lang='lat' dir='ltr'>sequuntur</span> <span class='ocrx_word' id='word_1_179' title='bbox 3521 889 3718 941; x_wconf 89' lang='lat' dir='ltr'>autem</span> 
     </span>
    </p>
   </div>
   <div class='ocr_carea' id='block_1_24' title="bbox 2075 961 3720 1032">
    <p class='ocr_par' dir='ltr' id='par_1_24' title="bbox 2075 961 3720 1032">
     <span class='ocr_line' id='line_1_24' title="bbox 2075 961 3720 1032; baseline 0.01 -18"><span class='ocrx_word' id='word_1_180' title='bbox 2075 962 2247 1027; x_wconf 81' lang='lat' dir='ltr'>nosti,</span> <span class='ocrx_word' id='word_1_181' title='bbox 2282 961 2328 1014; x_wconf 91' lang='lat' dir='ltr'>si</span> <span class='ocrx_word' id='word_1_182' title='bbox 2365 961 2600 1032; x_wconf 82' lang='lat' dir='ltr'>quidem</span> <span class='ocrx_word' id='word_1_183' title='bbox 2643 979 2704 1018; x_wconf 85' lang='lat' dir='ltr'>es</span> <span class='ocrx_word' id='word_1_184' title='bbox 2753 981 3051 1021; x_wconf 87' lang='lat' dir='ltr'>sacrarum</span> <span class='ocrx_word' id='word_1_185' title='bbox 3103 985 3438 1025; x_wconf 83' lang='lat' dir='ltr'>sermonum</span> <span class='ocrx_word' id='word_1_186' title='bbox 3494 973 3720 1029; x_wconf 88' lang='lat' dir='ltr'>studio-</span> 
     </span>
    </p>
   </div>
   <div class='ocr_carea' id='block_1_25' title="bbox 2074 1048 3720 1126">
    <p class='ocr_par' dir='ltr' id='par_1_25' title="bbox 2074 1048 3720 1126">
     <span class='ocr_line' id='line_1_25' title="bbox 2074 1048 3720 1126; baseline 0.009 -23"><span class='ocrx_word' id='word_1_187' title='bbox 2074 1053 2222 1119; x_wconf 92' lang='lat' dir='ltr'>sus),</span> <span class='ocrx_word' id='word_1_188' title='bbox 2257 1049 2394 1120; x_wconf 89' lang='lat' dir='ltr'>quid</span> <span class='ocrx_word' id='word_1_189' title='bbox 2430 1048 2586 1105; x_wconf 92' lang='lat' dir='ltr'>aliud</span> <span class='ocrx_word' id='word_1_190' title='bbox 2634 1052 2955 1124; x_wconf 80' lang='lat' dir='ltr'>existimas,</span> <span class='ocrx_word' id='word_1_191' title='bbox 2997 1073 3173 1126; x_wconf 87' lang='lat' dir='ltr'>quam</span> <span class='ocrx_word' id='word_1_192' title='bbox 3226 1076 3322 1113; x_wconf 86' lang='lat' dir='ltr'>eos</span> <span class='ocrx_word' id='word_1_193' title='bbox 3365 1059 3521 1115; x_wconf 87' lang='lat' dir='ltr'>aliud</span> <span class='ocrx_word' id='word_1_194' title='bbox 3557 1061 3720 1117; x_wconf 85' lang='lat' dir='ltr'>locu-</span> 
     </span>
    </p>
   </div>
   <div class='ocr_carea' id='block_1_26' title="bbox 2076 1139 3722 1220">
    <p class='ocr_par' dir='ltr' id='par_1_26' title="bbox 2076 1139 3722 1220">
     <span class='ocr_line' id='line_1_26' title="bbox 2076 1139 3722 1220; baseline 0.008 -26"><span class='ocrx_word' id='word_1_195' title='bbox 2076 1143 2166 1194; x_wconf 88' lang='lat' dir='ltr'>tos</span> <span class='ocrx_word' id='word_1_196' title='bbox 2207 1155 2334 1195; x_wconf 86' lang='lat' dir='ltr'>esse</span> <span class='ocrx_word' id='word_1_197' title='bbox 2365 1144 2466 1194; x_wconf 90' lang='lat' dir='ltr'>aut</span> <span class='ocrx_word' id='word_1_198' title='bbox 2496 1139 2720 1207; x_wconf 84' lang='lat' dir='ltr'>fecisse,</span> <span class='ocrx_word' id='word_1_199' title='bbox 2767 1144 2919 1212; x_wconf 86' lang='lat' dir='ltr'>quod</span> <span class='ocrx_word' id='word_1_200' title='bbox 2971 1161 3038 1198; x_wconf 82' lang='lat' dir='ltr'>ex</span> <span class='ocrx_word' id='word_1_201' title='bbox 3093 1145 3288 1201; x_wconf 77' lang='lat' dir='ltr'>divina</span> <span class='ocrx_word' id='word_1_202' title='bbox 3339 1148 3722 1220; x_wconf 83' lang='lat' dir='ltr'>inspiratione</span> 
     </span>
    </p>
   </div>
   <div class='ocr_carea' id='block_1_27' title="bbox 2077 1228 3722 1306">
    <p class='ocr_par' dir='ltr' id='par_1_27' title="bbox 2077 1228 3722 1306">
     <span class='ocr_line' id='line_1_27' title="bbox 2077 1228 3722 1306; baseline 0.006 -22"><span class='ocrx_word' id='word_1_203' title='bbox 2077 1245 2191 1284; x_wconf 89' lang='lat' dir='ltr'>non</span> <span class='ocrx_word' id='word_1_204' title='bbox 2225 1228 2785 1300; x_wconf 79' lang='lat' dir='ltr'>profisciscebatur‘?</span> <span class='ocrx_word' id='word_1_205' title='bbox 2819 1232 2975 1286; x_wconf 88' lang='lat' dir='ltr'>Idem</span> <span class='ocrx_word' id='word_1_206' title='bbox 3001 1234 3070 1288; x_wconf 90' lang='lat' dir='ltr'>de</span> <span class='ocrx_word' id='word_1_207' title='bbox 3092 1235 3287 1306; x_wconf 89' lang='lat' dir='ltr'>seipso</span> <span class='ocrx_word' id='word_1_208' title='bbox 3309 1236 3482 1292; x_wconf 82' lang='lat' dir='ltr'>dicit:</span> <span class='ocrx_word' id='word_1_209' title='bbox 3510 1239 3722 1294; x_wconf 87' lang='lat' dir='ltr'>«Nihil</span> 
     </span>
    </p>
   </div>
   <div class='ocr_carea' id='block_1_28' title="bbox 2076 1315 3722 1394">
    <p class='ocr_par' dir='ltr' id='par_1_28' title="bbox 2076 1315 3722 1394">
     <span class='ocr_line' id='line_1_28' title="bbox 2076 1315 3722 1394; baseline 0.007 -22"><span class='ocrx_word' id='word_1_210' title='bbox 2076 1316 2216 1372; x_wconf 91' lang='lat' dir='ltr'>mihi</span> <span class='ocrx_word' id='word_1_211' title='bbox 2266 1315 2535 1371; x_wconf 90' lang='lat' dir='ltr'>conscius</span> <span class='ocrx_word' id='word_1_212' title='bbox 2585 1335 2738 1383; x_wconf 89' lang='lat' dir='ltr'>sum,</span> <span class='ocrx_word' id='word_1_213' title='bbox 2787 1320 2884 1374; x_wconf 89' lang='lat' dir='ltr'>sed</span> <span class='ocrx_word' id='word_1_214' title='bbox 2936 1337 3050 1376; x_wconf 91' lang='lat' dir='ltr'>non</span> <span class='ocrx_word' id='word_1_215' title='bbox 3101 1322 3158 1377; x_wconf 89' lang='lat' dir='ltr'>in</span> <span class='ocrx_word' id='word_1_216' title='bbox 3209 1323 3316 1379; x_wconf 87' lang='lat' dir='ltr'>hoc</span> <span class='ocrx_word' id='word_1_217' title='bbox 3357 1325 3722 1394; x_wconf 82' lang='lat' dir='ltr'>justiﬁeatus</span> 
     </span>
    </p>
   </div>
   <div class='ocr_carea' id='block_1_29' title="bbox 2077 1407 3718 1479">
    <p class='ocr_par' dir='ltr' id='par_1_29' title="bbox 2077 1407 3718 1479">
     <span class='ocr_line' id='line_1_29' title="bbox 2077 1407 3718 1479; baseline 0.006 -16"><span class='ocrx_word' id='word_1_218' title='bbox 2077 1422 2210 1463; x_wconf 83' lang='lat' dir='ltr'>sum</span> <span class='ocrx_word' id='word_1_219' title='bbox 2242 1407 2306 1459; x_wconf 83' lang='grc'>³⁵.</span> <span class='ocrx_word' id='word_1_220' title='bbox 2343 1428 2368 1455; x_wconf 89' lang='grc'>››</span> <span class='ocrx_word' id='word_1_221' title='bbox 2424 1409 2496 1460; x_wconf 86' lang='lat' dir='ltr'>At</span> <span class='ocrx_word' id='word_1_222' title='bbox 2545 1424 2656 1461; x_wconf 90' lang='lat' dir='ltr'>non</span> <span class='ocrx_word' id='word_1_223' title='bbox 2710 1408 2788 1462; x_wconf 70' lang='lat' dir='ltr'>ita</span> <span class='ocrx_word' id='word_1_224' title='bbox 2833 1409 3083 1479; x_wconf 82' lang='lat' dir='ltr'>Spiritus</span> <span class='ocrx_word' id='word_1_225' title='bbox 3117 1433 3130 1474; x_wconf 82' lang='lat'><strong>;</strong></span> <span class='ocrx_word' id='word_1_226' title='bbox 3166 1413 3293 1468; x_wconf 89' lang='lat' dir='ltr'>ideo</span> <span class='ocrx_word' id='word_1_227' title='bbox 3327 1415 3547 1469; x_wconf 85' lang='lat' dir='ltr'>dictum</span> <span class='ocrx_word' id='word_1_228' title='bbox 3582 1422 3671 1472; x_wconf 89' lang='lat' dir='ltr'>est</span> <span class='ocrx_word' id='word_1_229' title='bbox 3705 1434 3718 1472; x_wconf 90' lang='lat'>:</span> 
     </span>
    </p>
   </div>
   <div class='ocr_carea' id='block_1_30' title="bbox 2079 1495 3724 1578">
    <p class='ocr_par' dir='ltr' id='par_1_30' title="bbox 2079 1495 3724 1578">
     <span class='ocr_line' id='line_1_30' title="bbox 2079 1495 3724 1578; baseline 0.009 -30"><span class='ocrx_word' id='word_1_230' title='bbox 2079 1520 2105 1545; x_wconf 91' lang='grc'>‹‹</span> <span class='ocrx_word' id='word_1_231' title='bbox 2143 1499 2261 1551; x_wconf 67' lang='lat' dir='ltr'>Non</span> <span class='ocrx_word' id='word_1_232' title='bbox 2294 1495 2569 1567; x_wconf 81' lang='lat' dir='ltr'>loquetur</span> <span class='ocrx_word' id='word_1_233' title='bbox 2598 1514 2630 1550; x_wconf 89' lang='lat' dir='ltr'>a</span> <span class='ocrx_word' id='word_1_234' title='bbox 2663 1499 2998 1570; x_wconf 87' lang='lat' dir='ltr'>semetipso.</span> <span class='ocrx_word' id='word_1_235' title='bbox 3027 1524 3052 1548; x_wconf 86' lang='grc'><strong>››</strong></span> <span class='ocrx_word' id='word_1_236' title='bbox 3079 1503 3266 1556; x_wconf 78' lang='lat' dir='ltr'>Anam.</span> <span class='ocrx_word' id='word_1_237' title='bbox 3301 1502 3516 1560; x_wconf 84' lang='lat' dir='ltr'>Omnes</span> <span class='ocrx_word' id='word_1_238' title='bbox 3545 1506 3724 1578; x_wconf 84' lang='lat' dir='ltr'>igitur</span> 
     </span>
    </p>
   </div>
   <div class='ocr_carea' id='block_1_31' title="bbox 2081 1585 3728 1665">
    <p class='ocr_par' dir='ltr' id='par_1_31' title="bbox 2081 1585 3728 1665">
     <span class='ocr_line' id='line_1_31' title="bbox 2081 1585 3728 1665; baseline 0.006 -25"><span class='ocrx_word' id='word_1_239' title='bbox 2081 1585 2348 1640; x_wconf 89' lang='lat' dir='ltr'>homines</span> <span class='ocrx_word' id='word_1_240' title='bbox 2383 1586 2555 1640; x_wconf 88' lang='lat' dir='ltr'>modo</span> <span class='ocrx_word' id='word_1_241' title='bbox 2613 1585 2847 1657; x_wconf 89' lang='lat' dir='ltr'>quidem</span> <span class='ocrx_word' id='word_1_242' title='bbox 2899 1606 3028 1653; x_wconf 87' lang='lat' dir='ltr'>sua,</span> <span class='ocrx_word' id='word_1_243' title='bbox 3064 1593 3233 1646; x_wconf 92' lang='lat' dir='ltr'>modo</span> <span class='ocrx_word' id='word_1_244' title='bbox 3285 1609 3413 1648; x_wconf 85' lang='lat' dir='ltr'>vero</span> <span class='ocrx_word' id='word_1_245' title='bbox 3464 1612 3591 1665; x_wconf 67' lang='lat' dir='ltr'>quae</span> <span class='ocrx_word' id='word_1_246' title='bbox 3623 1595 3728 1652; x_wconf 90' lang='lat' dir='ltr'>Dei</span> 
     </span>
    </p>
   </div>
   <div class='ocr_carea' id='block_1_32' title="bbox 2083 1673 3731 1756">
    <p class='ocr_par' dir='ltr' id='par_1_32' title="bbox 2083 1673 3731 1756">
     <span class='ocr_line' id='line_1_32' title="bbox 2083 1673 3731 1756; baseline 0.006 -26"><span class='ocrx_word' id='word_1_247' title='bbox 2083 1679 2239 1740; x_wconf 84' lang='lat' dir='ltr'>sunt,</span> <span class='ocrx_word' id='word_1_248' title='bbox 2271 1673 2593 1746; x_wconf 87' lang='lat' dir='ltr'>loquuntur</span> <span class='ocrx_word' id='word_1_249' title='bbox 2626 1693 2638 1730; x_wconf 90' lang='lat'>:</span> <span class='ocrx_word' id='word_1_250' title='bbox 2675 1681 2734 1731; x_wconf 88' lang='lat' dir='ltr'>at</span> <span class='ocrx_word' id='word_1_251' title='bbox 2763 1676 2975 1749; x_wconf 80' lang='lat' dir='ltr'>angeli,</span> <span class='ocrx_word' id='word_1_252' title='bbox 3011 1697 3136 1750; x_wconf 70' lang='lat' dir='ltr'>qua:</span> <span class='ocrx_word' id='word_1_253' title='bbox 3183 1681 3275 1736; x_wconf 92' lang='lat' dir='ltr'>Dei</span> <span class='ocrx_word' id='word_1_254' title='bbox 3326 1687 3467 1737; x_wconf 87' lang='lat' dir='ltr'>sunt</span> <span class='ocrx_word' id='word_1_255' title='bbox 3497 1701 3731 1756; x_wconf 89' lang='lat' dir='ltr'>semper</span> 
     </span>
    </p>
   </div>
   <div class='ocr_carea' id='block_1_33' title="bbox 2082 1763 3731 1836">
    <p class='ocr_par' dir='ltr' id='par_1_33' title="bbox 2082 1763 3731 1836">
     <span class='ocr_line' id='line_1_33' title="bbox 2082 1763 3731 1836; baseline 0.008 -21"><span class='ocrx_word' id='word_1_256' title='bbox 2082 1763 2424 1834; x_wconf 89' lang='lat' dir='ltr'>loquuntur.</span> <span class='ocrx_word' id='word_1_257' title='bbox 2460 1763 2610 1819; x_wconf 83' lang='lat' dir='ltr'>Orlh.</span> <span class='ocrx_word' id='word_1_258' title='bbox 2647 1765 2725 1819; x_wconf 87' lang='lat' dir='ltr'>Ne</span> <span class='ocrx_word' id='word_1_259' title='bbox 2751 1765 2860 1820; x_wconf 89' lang='lat' dir='ltr'>hoc</span> <span class='ocrx_word' id='word_1_260' title='bbox 2889 1767 3119 1836; x_wconf 80' lang='lat' dir='ltr'>quidem</span> <span class='ocrx_word' id='word_1_261' title='bbox 3153 1787 3350 1824; x_wconf 73' lang='lat' dir='ltr'>verum</span> <span class='ocrx_word' id='word_1_262' title='bbox 3384 1775 3656 1829; x_wconf 88' lang='lat' dir='ltr'>est.Nam</span> <span class='ocrx_word' id='word_1_263' title='bbox 3681 1773 3731 1830; x_wconf 90' lang='lat' dir='ltr'>si</span> 
     </span>
    </p>
   </div>
   <div class='ocr_carea' id='block_1_34' title="bbox 334 1847 1987 1951">
    <p class='ocr_par' dir='ltr' id='par_1_34' title="bbox 334 1847 1978 1929">
     <span class='ocr_line' id='line_1_34' title="bbox 334 1847 1978 1929; baseline -0.002 -25"><span class='ocrx_word' id='word_1_264' title='bbox 334 1852 758 1925; x_wconf 75' lang='grc' dir='ltr'>ἁμαρτησάντων</span> <span class='ocrx_word' id='word_1_265' title='bbox 806 1849 905 1905; x_wconf 85' lang='grc' dir='ltr'>οὐκ</span> <span class='ocrx_word' id='word_1_266' title='bbox 952 1850 1213 1929; x_wconf 69' lang='grc' dir='ltr'>ἐφείσατο.</span> <span class='ocrx_word' id='word_1_267' title='bbox 1254 1875 1281 1901; x_wconf 87' lang='grc'><strong>››</strong></span> <span class='ocrx_word' id='word_1_268' title='bbox 1331 1849 1522 1922; x_wconf 84' lang='grc' dir='ltr'>Ἀνόμ.</span> <span class='ocrx_word' id='word_1_269' title='bbox 1572 1847 1744 1905; x_wconf 84' lang='grc' dir='ltr'>Ἀλλά</span> <span class='ocrx_word' id='word_1_270' title='bbox 1792 1848 1881 1903; x_wconf 82' lang='grc' dir='ltr'>καὶ</span> <span class='ocrx_word' id='word_1_271' title='bbox 1929 1847 1978 1901; x_wconf 80' lang='grc' dir='ltr'>εἴ</span> 
     </span>
    </p>
   </div>
   <div class='ocr_carea' id='block_1_35' title="bbox 2097 1847 3730 1951">
    <p class='ocr_par' dir='ltr' id='par_1_35' title="bbox 2097 1853 3730 1934">
     <span class='ocr_line' id='line_1_35' title="bbox 2097 1853 3730 1934; baseline 0.007 -28"><span class='ocrx_word' id='word_1_272' title='bbox 2097 1867 2336 1923; x_wconf 75' lang='lat' dir='ltr'>semper,</span> <span class='ocrx_word' id='word_1_273' title='bbox 2359 1870 2485 1924; x_wconf 74' lang='lat' dir='ltr'>quae</span> <span class='ocrx_word' id='word_1_274' title='bbox 2511 1853 2599 1908; x_wconf 48' lang='lat' dir='ltr'>I&#39;ei</span> <span class='ocrx_word' id='word_1_275' title='bbox 2625 1859 2781 1919; x_wconf 88' lang='lat' dir='ltr'>sunt,</span> <span class='ocrx_word' id='word_1_276' title='bbox 2805 1853 3204 1927; x_wconf 85' lang='lat' dir='ltr'>loquerentur,</span> <span class='ocrx_word' id='word_1_277' title='bbox 3231 1877 3342 1914; x_wconf 87' lang='lat' dir='ltr'>non</span> <span class='ocrx_word' id='word_1_278' title='bbox 3370 1868 3730 1934; x_wconf 80' lang='lat' dir='ltr'>peccassent,</span> 
     </span>
    </p>
   </div>
   <div class='ocr_carea' id='block_1_36' title="bbox 332 1936 1980 2015">
    <p class='ocr_par' dir='ltr' id='par_1_36' title="bbox 332 1936 1980 2015">
     <span class='ocr_line' id='line_1_36' title="bbox 332 1936 1980 2015; baseline -0.001 -22"><span class='ocrx_word' id='word_1_279' title='bbox 332 1959 464 1994; x_wconf 75' lang='grc' dir='ltr'>ποτε</span> <span class='ocrx_word' id='word_1_280' title='bbox 494 1939 738 2015; x_wconf 75' lang='grc' dir='ltr'>ἥμαρτόν</span> <span class='ocrx_word' id='word_1_281' title='bbox 766 1961 904 2001; x_wconf 84' lang='grc' dir='ltr'>τινες</span> <span class='ocrx_word' id='word_1_282' title='bbox 933 1944 1040 1994; x_wconf 87' lang='grc' dir='ltr'>τῶν</span> <span class='ocrx_word' id='word_1_283' title='bbox 1064 1937 1619 2015; x_wconf 70' lang='grc' dir='ltr'>ἀγγέλων,ἀλλέίσῖν</span> <span class='ocrx_word' id='word_1_284' title='bbox 1646 1936 1872 2013; x_wconf 77' lang='grc' dir='ltr'>ἄγγελοι</span> <span class='ocrx_word' id='word_1_285' title='bbox 1893 1937 1980 1992; x_wconf 84' lang='grc' dir='ltr'>ἀν-</span> 
     </span>
    </p>
   </div>
   <div class='ocr_carea' id='block_1_37' title="bbox 336 2026 1981 2104">
    <p class='ocr_par' dir='ltr' id='par_1_37' title="bbox 336 2026 1981 2104">
     <span class='ocr_line' id='line_1_37' title="bbox 336 2026 1981 2104; baseline -0.001 -22"><span class='ocrx_word' id='word_1_286' title='bbox 336 2030 663 2103; x_wconf 73' lang='grc' dir='ltr'>αμάρτητοι.</span> <span class='ocrx_word' id='word_1_287' title='bbox 682 2029 824 2104; x_wconf 64' lang='grc' dir='ltr'>Ὀρθ.</span> <span class='ocrx_word' id='word_1_288' title='bbox 844 2028 921 2086; x_wconf 76' lang='grc' dir='ltr'>Οὐ</span> <span class='ocrx_word' id='word_1_289' title='bbox 956 2033 1244 2100; x_wconf 80' lang='grc' dir='ltr'>ζητοῦμεν,</span> <span class='ocrx_word' id='word_1_290' title='bbox 1261 2027 1314 2083; x_wconf 78' lang='grc' dir='ltr'>εἷ’</span> <span class='ocrx_word' id='word_1_291' title='bbox 1340 2027 1470 2082; x_wconf 75' lang='lat' dir='ltr'>siew</span> <span class='ocrx_word' id='word_1_292' title='bbox 1501 2026 1721 2102; x_wconf 75' lang='grc' dir='ltr'>ἄγγελοι</span> <span class='ocrx_word' id='word_1_293' title='bbox 1745 2027 1981 2103; x_wconf 74' lang='grc' dir='ltr'>ἀναμάρ-</span> 
     </span>
    </p>
   </div>
   <div class='ocr_carea' id='block_1_38' title="bbox 335 2115 1976 2192">
    <p class='ocr_par' dir='ltr' id='par_1_38' title="bbox 335 2115 1976 2192">
     <span class='ocr_line' id='line_1_38' title="bbox 335 2115 1976 2192; baseline -0.002 -21"><span class='ocrx_word' id='word_1_294' title='bbox 335 2137 513 2187; x_wconf 81' lang='grc' dir='ltr'>τητοι,</span> <span class='ocrx_word' id='word_1_295' title='bbox 548 2115 675 2172; x_wconf 84' lang='grc' dir='ltr'>ἀλλ’</span> <span class='ocrx_word' id='word_1_296' title='bbox 706 2117 751 2171; x_wconf 80' lang='grc' dir='ltr'>εἷ’</span> <span class='ocrx_word' id='word_1_297' title='bbox 782 2115 1030 2172; x_wconf 62' lang='grc' dir='ltr'>δῦνανται</span> <span class='ocrx_word' id='word_1_298' title='bbox 1064 2119 1392 2192; x_wconf 83' lang='grc' dir='ltr'>ἀμαρτῆσαι.</span> <span class='ocrx_word' id='word_1_299' title='bbox 1427 2116 1523 2170; x_wconf 85' lang='grc' dir='ltr'>Καὶ</span> <span class='ocrx_word' id='word_1_300' title='bbox 1554 2117 1653 2192; x_wconf 64' lang='grc' dir='ltr'>γὰρ</span> <span class='ocrx_word' id='word_1_301' title='bbox 1685 2115 1773 2170; x_wconf 82' lang='grc' dir='ltr'>καὶ</span> <span class='ocrx_word' id='word_1_302' title='bbox 1813 2118 1976 2188; x_wconf 81' lang='grc' dir='ltr'>ἡμεῖς</span> 
     </span>
    </p>
   </div>
   <div class='ocr_carea' id='block_1_39' title="bbox 336 2202 1981 2278">
    <p class='ocr_par' dir='ltr' id='par_1_39' title="bbox 336 2202 1981 2278">
     <span class='ocr_line' id='line_1_39' title="bbox 336 2202 1981 2278; baseline -0.003 -15"><span class='ocrx_word' id='word_1_303' title='bbox 336 2207 452 2278; x_wconf 86' lang='grc'>(89)</span> <span class='ocrx_word' id='word_1_304' title='bbox 481 2202 586 2267; x_wconf 72' lang='grc' dir='ltr'>ἕως</span> <span class='ocrx_word' id='word_1_305' title='bbox 642 2209 734 2258; x_wconf 88' lang='grc' dir='ltr'>νῦν</span> <span class='ocrx_word' id='word_1_306' title='bbox 785 2205 884 2259; x_wconf 73' lang='grc' dir='ltr'>οὐκ</span> <span class='ocrx_word' id='word_1_307' title='bbox 932 2205 1292 2277; x_wconf 82' lang='grc' dir='ltr'>ἀπεθάνομεν,</span> <span class='ocrx_word' id='word_1_308' title='bbox 1325 2205 1415 2259; x_wconf 83' lang='grc' dir='ltr'>καὶ</span> <span class='ocrx_word' id='word_1_309' title='bbox 1465 2203 1621 2278; x_wconf 72' lang='grc' dir='ltr'>ἐσμὲν</span> <span class='ocrx_word' id='word_1_310' title='bbox 1668 2204 1854 2275; x_wconf 77' lang='grc' dir='ltr'>θνητοὶ</span> <span class='ocrx_word' id='word_1_311' title='bbox 1903 2208 1981 2275; x_wconf 77' lang='grc' dir='ltr'>τῷ</span> 
     </span>
    </p>
   </div>
   <div class='ocr_carea' id='block_1_40' title="bbox 339 2291 1979 2368">
    <p class='ocr_par' dir='ltr' id='par_1_40' title="bbox 339 2291 1979 2368">
     <span class='ocr_line' id='line_1_40' title="bbox 339 2291 1979 2368; baseline -0.001 -20"><span class='ocrx_word' id='word_1_312' title='bbox 339 2291 592 2357; x_wconf 78' lang='grc' dir='ltr'>δύνασθαι</span> <span class='ocrx_word' id='word_1_313' title='bbox 622 2293 933 2362; x_wconf 82' lang='grc' dir='ltr'>ἀποθανεῖν,</span> <span class='ocrx_word' id='word_1_314' title='bbox 964 2293 1029 2348; x_wconf 77' lang='grc' dir='ltr'>οὐ</span> <span class='ocrx_word' id='word_1_315' title='bbox 1057 2298 1138 2366; x_wconf 79' lang='grc' dir='ltr'>τῶ</span> <span class='ocrx_word' id='word_1_316' title='bbox 1173 2291 1282 2362; x_wconf 69' lang='grc' dir='ltr'>ἤδη</span> <span class='ocrx_word' id='word_1_317' title='bbox 1328 2292 1768 2363; x_wconf 64' lang='grc' dir='ltr'>ἀποτεθνηκέναιο</span> <span class='ocrx_word' id='word_1_318' title='bbox 1803 2293 1979 2368; x_wconf 79' lang='grc' dir='ltr'>ἐγχω-</span> 
     </span>
    </p>
   </div>
   <div class='ocr_carea' id='block_1_41' title="bbox 341 2381 1978 2458">
    <p class='ocr_par' dir='ltr' id='par_1_41' title="bbox 341 2381 1978 2458">
     <span class='ocr_line' id='line_1_41' title="bbox 341 2381 1978 2458; baseline 0.001 -21"><span class='ocrx_word' id='word_1_319' title='bbox 341 2389 424 2458; x_wconf 84' lang='grc' dir='ltr'>ρεῖ</span> <span class='ocrx_word' id='word_1_320' title='bbox 463 2383 568 2458; x_wconf 77' lang='grc' dir='ltr'>γὰρ</span> <span class='ocrx_word' id='word_1_321' title='bbox 609 2383 698 2437; x_wconf 79' lang='grc' dir='ltr'>καὶ</span> <span class='ocrx_word' id='word_1_322' title='bbox 745 2384 821 2455; x_wconf 83' lang='grc' dir='ltr'>μὴ</span> <span class='ocrx_word' id='word_1_323' title='bbox 872 2383 1154 2438; x_wconf 80' lang='grc' dir='ltr'>ἀποθανεῖν</span> <span class='ocrx_word' id='word_1_324' title='bbox 1182 2404 1301 2438; x_wconf 88' lang='grc' dir='ltr'>τινα</span> <span class='ocrx_word' id='word_1_325' title='bbox 1325 2385 1508 2455; x_wconf 71' lang='grc' dir='ltr'>ἡμῶν⁹</span> <span class='ocrx_word' id='word_1_326' title='bbox 1539 2383 1611 2444; x_wconf 85' lang='grc' dir='ltr'>ὡς</span> <span class='ocrx_word' id='word_1_327' title='bbox 1642 2382 1733 2437; x_wconf 87' lang='grc' dir='ltr'>τὸν</span> <span class='ocrx_word' id='word_1_328' title='bbox 1768 2381 1978 2438; x_wconf 88' lang='grc' dir='ltr'>Ἠλίαν.</span> 
     </span>
    </p>
   </div>
   <div class='ocr_carea' id='block_1_42' title="bbox 341 2469 1978 2549">
    <p class='ocr_par' dir='ltr' id='par_1_42' title="bbox 341 2469 1978 2549">
     <span class='ocr_line' id='line_1_42' title="bbox 341 2469 1978 2549; baseline -0.001 -23"><span class='ocrx_word' id='word_1_329' title='bbox 341 2472 446 2526; x_wconf 73' lang='grc' dir='ltr'>Κᾶν</span> <span class='ocrx_word' id='word_1_330' title='bbox 510 2474 585 2545; x_wconf 77' lang='grc' dir='ltr'>μή</span> <span class='ocrx_word' id='word_1_331' title='bbox 644 2493 728 2533; x_wconf 89' lang='grc' dir='ltr'>τις</span> <span class='ocrx_word' id='word_1_332' title='bbox 789 2469 845 2527; x_wconf 73' lang='grc' dir='ltr'>δὲ</span> <span class='ocrx_word' id='word_1_333' title='bbox 903 2475 1058 2545; x_wconf 79' lang='grc' dir='ltr'>ἡμῶν</span> <span class='ocrx_word' id='word_1_334' title='bbox 1110 2472 1372 2546; x_wconf 73' lang='grc' dir='ltr'>ἀποθάνῃ,</span> <span class='ocrx_word' id='word_1_335' title='bbox 1407 2469 1597 2541; x_wconf 75' lang='grc' dir='ltr'>ἀλλ’ἢ</span> <span class='ocrx_word' id='word_1_336' title='bbox 1632 2470 1788 2549; x_wconf 65' lang='grc' dir='ltr'>φύσις</span> <span class='ocrx_word' id='word_1_337' title='bbox 1846 2470 1978 2539; x_wconf 77' lang='grc' dir='ltr'>αὐτὴ</span> 
     </span>
    </p>
   </div>
   <div class='ocr_carea' id='block_1_43' title="bbox 342 2557 1985 2637">
    <p class='ocr_par' dir='ltr' id='par_1_43' title="bbox 342 2557 1985 2637">
     <span class='ocr_line' id='line_1_43' title="bbox 342 2557 1985 2637; baseline 0 -23"><span class='ocrx_word' id='word_1_338' title='bbox 342 2563 510 2630; x_wconf 68' lang='grc' dir='ltr'>θνητή</span> <span class='ocrx_word' id='word_1_339' title='bbox 546 2560 708 2616; x_wconf 68' lang='grc' dir='ltr'>ἐστιν.</span> <span class='ocrx_word' id='word_1_340' title='bbox 743 2563 902 2615; x_wconf 75' lang='grc' dir='ltr'>Ὥστε</span> <span class='ocrx_word' id='word_1_341' title='bbox 929 2561 1018 2614; x_wconf 81' lang='grc' dir='ltr'>καὶ</span> <span class='ocrx_word' id='word_1_342' title='bbox 1049 2565 1155 2615; x_wconf 88' lang='grc' dir='ltr'>τῶν</span> <span class='ocrx_word' id='word_1_343' title='bbox 1188 2560 1433 2637; x_wconf 70' lang='grc' dir='ltr'>ἀγγέλων</span> <span class='ocrx_word' id='word_1_344' title='bbox 1479 2562 1533 2614; x_wconf 78' lang='grc' dir='ltr'>αἱ</span> <span class='ocrx_word' id='word_1_345' title='bbox 1583 2557 1837 2634; x_wconf 76' lang='grc' dir='ltr'>μυριάδες</span> <span class='ocrx_word' id='word_1_346' title='bbox 1887 2559 1985 2614; x_wconf 76' lang='grc' dir='ltr'>οὐκ</span> 
     </span>
    </p>
   </div>
   <div class='ocr_carea' id='block_1_44' title="bbox 341 2647 1984 2728">
    <p class='ocr_par' dir='ltr' id='par_1_44' title="bbox 341 2647 1984 2728">
     <span class='ocr_line' id='line_1_44' title="bbox 341 2647 1984 2728; baseline 0 -24"><span class='ocrx_word' id='word_1_347' title='bbox 341 2650 652 2722; x_wconf 73' lang='grc' dir='ltr'>ἐψεύσαντο,</span> <span class='ocrx_word' id='word_1_348' title='bbox 684 2648 812 2704; x_wconf 84' lang='grc' dir='ltr'>ἀλλ’</span> <span class='ocrx_word' id='word_1_349' title='bbox 841 2647 1105 2728; x_wconf 65' lang='grc' dir='ltr'>ἐφύλαξαν</span> <span class='ocrx_word' id='word_1_350' title='bbox 1163 2651 1230 2705; x_wconf 82' lang='grc' dir='ltr'>τά</span> <span class='ocrx_word' id='word_1_351' title='bbox 1284 2654 1380 2704; x_wconf 88' lang='grc' dir='ltr'>τοῦ</span> <span class='ocrx_word' id='word_1_352' title='bbox 1439 2653 1571 2704; x_wconf 88' lang='grc' dir='ltr'>Θεοῦ</span> <span class='ocrx_word' id='word_1_353' title='bbox 1630 2648 1811 2724; x_wconf 80' lang='grc' dir='ltr'>λόγια’</span> <span class='ocrx_word' id='word_1_354' title='bbox 1857 2649 1984 2704; x_wconf 86' lang='grc' dir='ltr'>ἀλλ’</span> 
     </span>
    </p>
   </div>
   <div class='ocr_carea' id='block_1_45' title="bbox 343 2736 1986 2816">
    <p class='ocr_par' dir='ltr' id='par_1_45' title="bbox 343 2736 1986 2816">
     <span class='ocr_line' id='line_1_45' title="bbox 343 2736 1986 2816; baseline -0.001 -23"><span class='ocrx_word' id='word_1_355' title='bbox 343 2736 565 2813; x_wconf 76' lang='grc' dir='ltr'>ἐδείχθη</span> <span class='ocrx_word' id='word_1_356' title='bbox 634 2737 808 2793; x_wconf 83' lang='grc' dir='ltr'>αὐτῶν</span> <span class='ocrx_word' id='word_1_357' title='bbox 865 2741 900 2807; x_wconf 80' lang='grc' dir='ltr'>ἡ</span> <span class='ocrx_word' id='word_1_358' title='bbox 961 2739 1117 2814; x_wconf 66' lang='grc' dir='ltr'>φύσις</span> <span class='ocrx_word' id='word_1_359' title='bbox 1171 2739 1398 2811; x_wconf 81' lang='grc' dir='ltr'>τρεπτή,</span> <span class='ocrx_word' id='word_1_360' title='bbox 1456 2739 1542 2792; x_wconf 78' lang='grc' dir='ltr'>καὶ</span> <span class='ocrx_word' id='word_1_361' title='bbox 1603 2737 1846 2792; x_wconf 89' lang='grc' dir='ltr'>λαλοῦσα</span> <span class='ocrx_word' id='word_1_362' title='bbox 1897 2738 1986 2816; x_wconf 73' lang='grc' dir='ltr'>ἀφ’</span> 
     </span>
    </p>
   </div>
   <div class='ocr_carea' id='block_1_46' title="bbox 344 2824 1984 2902">
    <p class='ocr_par' dir='ltr' id='par_1_46' title="bbox 344 2824 1984 2902">
     <span class='ocr_line' id='line_1_46' title="bbox 344 2824 1984 2902; baseline 0 -22"><span class='ocrx_word' id='word_1_363' title='bbox 344 2827 562 2896; x_wconf 72' lang='grc' dir='ltr'>ἑαυτῆς,</span> <span class='ocrx_word' id='word_1_364' title='bbox 592 2827 654 2881; x_wconf 87' lang='grc' dir='ltr'>τό</span> <span class='ocrx_word' id='word_1_365' title='bbox 679 2848 827 2889; x_wconf 88' lang='grc' dir='ltr'>τινας</span> <span class='ocrx_word' id='word_1_366' title='bbox 857 2829 967 2900; x_wconf 87' lang='grc'>(90)</span> <span class='ocrx_word' id='word_1_367' title='bbox 997 2825 1171 2881; x_wconf 79' lang='grc' dir='ltr'>αὐτῶν</span> <span class='ocrx_word' id='word_1_368' title='bbox 1216 2834 1483 2899; x_wconf 71' lang='grc' dir='ltr'>τραπῆναι</span> <span class='ocrx_word' id='word_1_369' title='bbox 1530 2827 1618 2880; x_wconf 82' lang='grc' dir='ltr'>καὶ</span> <span class='ocrx_word' id='word_1_370' title='bbox 1669 2824 1854 2882; x_wconf 84' lang='grc' dir='ltr'>λαλεῖν</span> <span class='ocrx_word' id='word_1_371' title='bbox 1897 2826 1984 2902; x_wconf 73' lang='grc' dir='ltr'>ἀφ’</span> 
     </span>
    </p>
   </div>
   <div class='ocr_carea' id='block_1_47' title="bbox 341 2913 1984 2993">
    <p class='ocr_par' dir='ltr' id='par_1_47' title="bbox 341 2913 1984 2993">
     <span class='ocr_line' id='line_1_47' title="bbox 341 2913 1984 2993; baseline -0.002 -23"><span class='ocrx_word' id='word_1_372' title='bbox 341 2918 568 2971; x_wconf 75' lang='grc' dir='ltr'>ἑαυτῶν.</span> <span class='ocrx_word' id='word_1_373' title='bbox 601 2916 670 2970; x_wconf 84' lang='grc' dir='ltr'>Τὸ</span> <span class='ocrx_word' id='word_1_374' title='bbox 703 2913 758 2970; x_wconf 78' lang='grc' dir='ltr'>δὲ</span> <span class='ocrx_word' id='word_1_375' title='bbox 801 2918 1020 2988; x_wconf 78' lang='grc' dir='ltr'>Πνεῦμα</span> <span class='ocrx_word' id='word_1_376' title='bbox 1065 2917 1128 2970; x_wconf 86' lang='grc' dir='ltr'>τὸ</span> <span class='ocrx_word' id='word_1_377' title='bbox 1177 2918 1325 2991; x_wconf 78' lang='grc' dir='ltr'>ἅγιον</span> <span class='ocrx_word' id='word_1_378' title='bbox 1373 2915 1434 2970; x_wconf 77' lang='grc' dir='ltr'>οὐ</span> <span class='ocrx_word' id='word_1_379' title='bbox 1469 2915 1628 2970; x_wconf 86' lang='grc' dir='ltr'>λαλεῖ</span> <span class='ocrx_word' id='word_1_380' title='bbox 1655 2916 1743 2993; x_wconf 73' lang='grc' dir='ltr'>ἀφ’</span> <span class='ocrx_word' id='word_1_381' title='bbox 1772 2915 1984 2974; x_wconf 75' lang='grc' dir='ltr'>ἑαυτοῦ,</span> 
     </span>
    </p>
   </div>
   <div class='ocr_carea' id='block_1_48' title="bbox 341 3001 1987 3083">
    <p class='ocr_par' dir='ltr' id='par_1_48' title="bbox 341 3001 1987 3083">
     <span class='ocr_line' id='line_1_48' title="bbox 341 3001 1987 3083; baseline -0.001 -23"><span class='ocrx_word' id='word_1_382' title='bbox 341 3006 416 3060; x_wconf 70' lang='grc' dir='ltr'>Οὐ</span> <span class='ocrx_word' id='word_1_383' title='bbox 473 3007 574 3082; x_wconf 77' lang='grc' dir='ltr'>γάρ</span> <span class='ocrx_word' id='word_1_384' title='bbox 651 3004 761 3059; x_wconf 84' lang='grc' dir='ltr'>ἐστι</span> <span class='ocrx_word' id='word_1_385' title='bbox 817 3011 1046 3080; x_wconf 75' lang='grc' dir='ltr'>γενητῆς</span> <span class='ocrx_word' id='word_1_386' title='bbox 1103 3005 1337 3083; x_wconf 73' lang='grc' dir='ltr'>φύσεως,</span> <span class='ocrx_word' id='word_1_387' title='bbox 1397 3003 1534 3060; x_wconf 82' lang='grc' dir='ltr'>ὥστε</span> <span class='ocrx_word' id='word_1_388' title='bbox 1587 3005 1676 3058; x_wconf 84' lang='grc' dir='ltr'>καὶ</span> <span class='ocrx_word' id='word_1_389' title='bbox 1735 3001 1987 3067; x_wconf 71' lang='grc' dir='ltr'>δύνασθαι</span> 
     </span>
    </p>
   </div>
   <div class='ocr_carea' id='block_1_49' title="bbox 342 3101 633 3168">
    <p class='ocr_par' dir='ltr' id='par_1_49' title="bbox 342 3101 633 3168">
     <span class='ocr_line' id='line_1_49' title="bbox 342 3101 633 3168; baseline 0.003 -20"><span class='ocrx_word' id='word_1_390' title='bbox 342 3101 633 3168; x_wconf 73' lang='grc' dir='ltr'>τραπῆναι.</span> 
     </span>
    </p>
   </div>
   <div class='ocr_carea' id='block_1_50' title="bbox 2089 1942 3731 2022">
    <p class='ocr_par' dir='ltr' id='par_1_50' title="bbox 2089 1942 3731 2022">
     <span class='ocr_line' id='line_1_50' title="bbox 2089 1942 3731 2022; baseline 0.007 -27"><span class='ocrx_word' id='word_1_391' title='bbox 2089 1942 2232 1995; x_wconf 88' lang='lat' dir='ltr'>adeo</span> <span class='ocrx_word' id='word_1_392' title='bbox 2265 1946 2328 1996; x_wconf 91' lang='lat' dir='ltr'>ut</span> <span class='ocrx_word' id='word_1_393' title='bbox 2362 1942 2646 2012; x_wconf 89' lang='lat' dir='ltr'>scriptum</span> <span class='ocrx_word' id='word_1_394' title='bbox 2681 1944 2757 1998; x_wconf 89' lang='lat' dir='ltr'>sit</span> <span class='ocrx_word' id='word_1_395' title='bbox 2791 1961 2803 1998; x_wconf 90' lang='lat'>:</span> <span class='ocrx_word' id='word_1_396' title='bbox 2840 1968 2865 1994; x_wconf 89' lang='grc'>‹‹</span> <span class='ocrx_word' id='word_1_397' title='bbox 2900 1950 3044 2000; x_wconf 86' lang='lat' dir='ltr'>Nam</span> <span class='ocrx_word' id='word_1_398' title='bbox 3098 1946 3146 2002; x_wconf 92' lang='lat' dir='ltr'>si</span> <span class='ocrx_word' id='word_1_399' title='bbox 3197 1949 3441 2020; x_wconf 80' lang='lat' dir='ltr'>angelis,</span> <span class='ocrx_word' id='word_1_400' title='bbox 3471 1951 3568 2021; x_wconf 90' lang='lat' dir='ltr'>qui</span> <span class='ocrx_word' id='word_1_401' title='bbox 3601 1967 3731 2022; x_wconf 86' lang='lat' dir='ltr'>pec-</span> 
     </span>
    </p>
   </div>
   <div class='ocr_carea' id='block_1_51' title="bbox 2089 2033 3732 2103">
    <p class='ocr_par' dir='ltr' id='par_1_51' title="bbox 2089 2033 3732 2103">
     <span class='ocr_line' id='line_1_51' title="bbox 2089 2033 3732 2103; baseline 0.006 -19"><span class='ocrx_word' id='word_1_402' title='bbox 2089 2033 2376 2098; x_wconf 80' lang='lat' dir='ltr'>caverant,</span> <span class='ocrx_word' id='word_1_403' title='bbox 2414 2047 2523 2086; x_wconf 91' lang='lat' dir='ltr'>non</span> <span class='ocrx_word' id='word_1_404' title='bbox 2559 2033 2815 2102; x_wconf 87' lang='lat' dir='ltr'>pepercit</span> <span class='ocrx_word' id='word_1_405' title='bbox 2845 2035 2908 2103; x_wconf 68' lang='lat'>3“,</span> <span class='ocrx_word' id='word_1_406' title='bbox 2948 2057 2972 2082; x_wconf 78' lang='grc' dir='ltr'>υ</span> <span class='ocrx_word' id='word_1_407' title='bbox 3006 2039 3114 2090; x_wconf 87' lang='lat' dir='ltr'>etc.</span> <span class='ocrx_word' id='word_1_408' title='bbox 3148 2038 3336 2092; x_wconf 88' lang='lat' dir='ltr'>Anam.</span> <span class='ocrx_word' id='word_1_409' title='bbox 3363 2039 3470 2093; x_wconf 88' lang='lat' dir='ltr'>Sed</span> <span class='ocrx_word' id='word_1_410' title='bbox 3501 2040 3732 2096; x_wconf 87' lang='lat' dir='ltr'>etiamsi</span> 
     </span>
    </p>
   </div>
   <div class='ocr_carea' id='block_1_52' title="bbox 2091 2117 3733 2195">
    <p class='ocr_par' dir='ltr' id='par_1_52' title="bbox 2091 2117 3733 2195">
     <span class='ocr_line' id='line_1_52' title="bbox 2091 2117 3733 2195; baseline 0.008 -24"><span class='ocrx_word' id='word_1_411' title='bbox 2091 2117 2357 2173; x_wconf 90' lang='lat' dir='ltr'>nonnulli</span> <span class='ocrx_word' id='word_1_412' title='bbox 2403 2119 2744 2190; x_wconf 87' lang='lat' dir='ltr'>angelorum</span> <span class='ocrx_word' id='word_1_413' title='bbox 2790 2119 2926 2176; x_wconf 88' lang='lat' dir='ltr'>olim</span> <span class='ocrx_word' id='word_1_414' title='bbox 2980 2131 3314 2195; x_wconf 87' lang='lat' dir='ltr'>peccarunt,</span> <span class='ocrx_word' id='word_1_415' title='bbox 3349 2131 3488 2182; x_wconf 89' lang='lat' dir='ltr'>sunt</span> <span class='ocrx_word' id='word_1_416' title='bbox 3539 2133 3733 2184; x_wconf 90' lang='lat' dir='ltr'>tamen</span> 
     </span>
    </p>
   </div>
   <div class='ocr_carea' id='block_1_53' title="bbox 2090 2207 3732 2288">
    <p class='ocr_par' dir='ltr' id='par_1_53' title="bbox 2090 2207 3732 2288">
     <span class='ocr_line' id='line_1_53' title="bbox 2090 2207 3732 2288; baseline 0.008 -27"><span class='ocrx_word' id='word_1_417' title='bbox 2090 2207 2278 2278; x_wconf 85' lang='lat' dir='ltr'>angeli</span> <span class='ocrx_word' id='word_1_418' title='bbox 2343 2207 2558 2278; x_wconf 83' lang='lat' dir='ltr'>peccati</span> <span class='ocrx_word' id='word_1_419' title='bbox 2631 2215 2914 2280; x_wconf 84' lang='lat' dir='ltr'>expertes.</span> <span class='ocrx_word' id='word_1_420' title='bbox 2991 2213 3138 2267; x_wconf 84' lang='lat' dir='ltr'>0rlh.</span> <span class='ocrx_word' id='word_1_421' title='bbox 3212 2215 3334 2269; x_wconf 83' lang='lat' dir='ltr'>Non</span> <span class='ocrx_word' id='word_1_422' title='bbox 3394 2218 3732 2288; x_wconf 74' lang='lat' dir='ltr'>quaerimus,</span> 
     </span>
    </p>
   </div>
   <div class='ocr_carea' id='block_1_54' title="bbox 2091 2295 3736 2378">
    <p class='ocr_par' dir='ltr' id='par_1_54' title="bbox 2091 2295 3736 2378">
     <span class='ocr_line' id='line_1_54' title="bbox 2091 2295 3736 2378; baseline 0.007 -28"><span class='ocrx_word' id='word_1_423' title='bbox 2091 2313 2164 2350; x_wconf 89' lang='lat' dir='ltr'>an</span> <span class='ocrx_word' id='word_1_424' title='bbox 2222 2295 2340 2350; x_wconf 90' lang='lat' dir='ltr'>sint</span> <span class='ocrx_word' id='word_1_425' title='bbox 2397 2295 2586 2367; x_wconf 85' lang='lat' dir='ltr'>angeli</span> <span class='ocrx_word' id='word_1_426' title='bbox 2648 2299 2870 2369; x_wconf 86' lang='lat' dir='ltr'>absque</span> <span class='ocrx_word' id='word_1_427' title='bbox 2920 2307 3177 2372; x_wconf 88' lang='lat' dir='ltr'>peccato,</span> <span class='ocrx_word' id='word_1_428' title='bbox 3223 2305 3323 2358; x_wconf 89' lang='lat' dir='ltr'>sed</span> <span class='ocrx_word' id='word_1_429' title='bbox 3377 2323 3448 2359; x_wconf 91' lang='lat' dir='ltr'>an</span> <span class='ocrx_word' id='word_1_430' title='bbox 3506 2307 3736 2378; x_wconf 87' lang='lat' dir='ltr'>possint</span> 
     </span>
    </p>
   </div>
   <div class='ocr_carea' id='block_1_55' title="bbox 2094 2382 3738 2464">
    <p class='ocr_par' dir='ltr' id='par_1_55' title="bbox 2094 2382 3738 2464">
     <span class='ocr_line' id='line_1_55' title="bbox 2094 2382 3738 2464; baseline 0.007 -26"><span class='ocrx_word' id='word_1_431' title='bbox 2094 2399 2350 2454; x_wconf 86' lang='lat' dir='ltr'>peccare.</span> <span class='ocrx_word' id='word_1_432' title='bbox 2386 2382 2608 2439; x_wconf 86' lang='lat' dir='ltr'>Etenim</span> <span class='ocrx_word' id='word_1_433' title='bbox 2653 2402 2756 2441; x_wconf 91' lang='lat' dir='ltr'>nos</span> <span class='ocrx_word' id='word_1_434' title='bbox 2805 2403 3038 2460; x_wconf 89' lang='lat' dir='ltr'>quoque</span> <span class='ocrx_word' id='word_1_435' title='bbox 3087 2408 3271 2464; x_wconf 85' lang='lat' dir='ltr'>usque</span> <span class='ocrx_word' id='word_1_436' title='bbox 3316 2411 3472 2450; x_wconf 88' lang='lat' dir='ltr'>nunc</span> <span class='ocrx_word' id='word_1_437' title='bbox 3522 2396 3738 2452; x_wconf 89' lang='lat' dir='ltr'>mortui</span> 
     </span>
    </p>
   </div>
   <div class='ocr_carea' id='block_1_56' title="bbox 2095 2476 3738 2554">
    <p class='ocr_par' dir='ltr' id='par_1_56' title="bbox 2095 2476 3738 2554">
     <span class='ocr_line' id='line_1_56' title="bbox 2095 2476 3738 2554; baseline 0.01 -30"><span class='ocrx_word' id='word_1_438' title='bbox 2095 2488 2208 2526; x_wconf 88' lang='lat' dir='ltr'>non</span> <span class='ocrx_word' id='word_1_439' title='bbox 2239 2487 2467 2536; x_wconf 90' lang='lat' dir='ltr'>sumus,</span> <span class='ocrx_word' id='word_1_440' title='bbox 2500 2477 2556 2527; x_wconf 92' lang='lat' dir='ltr'>et</span> <span class='ocrx_word' id='word_1_441' title='bbox 2585 2489 2789 2529; x_wconf 89' lang='lat' dir='ltr'>sumus</span> <span class='ocrx_word' id='word_1_442' title='bbox 2821 2476 3120 2544; x_wconf 89' lang='lat' dir='ltr'>mortales,</span> <span class='ocrx_word' id='word_1_443' title='bbox 3158 2496 3224 2535; x_wconf 91' lang='lat' dir='ltr'>eo</span> <span class='ocrx_word' id='word_1_444' title='bbox 3254 2484 3407 2551; x_wconf 87' lang='lat' dir='ltr'>quod</span> <span class='ocrx_word' id='word_1_445' title='bbox 3444 2484 3738 2554; x_wconf 87' lang='lat' dir='ltr'>possimus</span> 
     </span>
    </p>
   </div>
   <div class='ocr_carea' id='block_1_57' title="bbox 2096 2561 3744 2641">
    <p class='ocr_par' dir='ltr' id='par_1_57' title="bbox 2096 2561 3744 2641">
     <span class='ocr_line' id='line_1_57' title="bbox 2096 2561 3744 2641; baseline 0.01 -28"><span class='ocrx_word' id='word_1_446' title='bbox 2096 2561 2263 2625; x_wconf 87' lang='lat' dir='ltr'>mori,</span> <span class='ocrx_word' id='word_1_447' title='bbox 2299 2577 2411 2615; x_wconf 89' lang='lat' dir='ltr'>non</span> <span class='ocrx_word' id='word_1_448' title='bbox 2445 2562 2598 2632; x_wconf 72' lang='lat' dir='ltr'>quod</span> <span class='ocrx_word' id='word_1_449' title='bbox 2629 2563 2748 2631; x_wconf 88' lang='lat' dir='ltr'>jam</span> <span class='ocrx_word' id='word_1_450' title='bbox 2783 2565 2995 2620; x_wconf 89' lang='lat' dir='ltr'>mortui</span> <span class='ocrx_word' id='word_1_451' title='bbox 3029 2585 3254 2637; x_wconf 74' lang='lat' dir='ltr'>sumus,</span> <span class='ocrx_word' id='word_1_452' title='bbox 3293 2570 3583 2641; x_wconf 81' lang='lat' dir='ltr'>siquidem</span> <span class='ocrx_word' id='word_1_453' title='bbox 3617 2574 3744 2631; x_wconf 82' lang='lat' dir='ltr'>ﬁeri</span> 
     </span>
    </p>
   </div>
   <div class='ocr_carea' id='block_1_58' title="bbox 2097 2649 3741 2730">
    <p class='ocr_par' dir='ltr' id='par_1_58' title="bbox 2097 2649 3741 2730">
     <span class='ocr_line' id='line_1_58' title="bbox 2097 2649 3741 2730; baseline 0.01 -29"><span class='ocrx_word' id='word_1_454' title='bbox 2097 2653 2285 2720; x_wconf 87' lang='lat' dir='ltr'>potest</span> <span class='ocrx_word' id='word_1_455' title='bbox 2342 2656 2406 2704; x_wconf 92' lang='lat' dir='ltr'>ut</span> <span class='ocrx_word' id='word_1_456' title='bbox 2454 2649 2636 2721; x_wconf 84' lang='lat' dir='ltr'>aliqui</span> <span class='ocrx_word' id='word_1_457' title='bbox 2700 2657 2964 2708; x_wconf 87' lang='lat' dir='ltr'>nostrum</span> <span class='ocrx_word' id='word_1_458' title='bbox 3025 2673 3140 2711; x_wconf 89' lang='lat' dir='ltr'>non</span> <span class='ocrx_word' id='word_1_459' title='bbox 3201 2659 3548 2730; x_wconf 84' lang='lat' dir='ltr'>moriantur,</span> <span class='ocrx_word' id='word_1_460' title='bbox 3610 2661 3741 2716; x_wconf 70' lang='lat' dir='ltr'>Elize</span> 
     </span>
    </p>
   </div>
   <div class='ocr_carea' id='block_1_59' title="bbox 2095 2736 3743 2814">
    <p class='ocr_par' dir='ltr' id='par_1_59' title="bbox 2095 2736 3743 2814">
     <span class='ocr_line' id='line_1_59' title="bbox 2095 2736 3743 2814; baseline 0.008 -22"><span class='ocrx_word' id='word_1_461' title='bbox 2095 2736 2378 2809; x_wconf 84' lang='lat' dir='ltr'>exemplo.</span> <span class='ocrx_word' id='word_1_462' title='bbox 2415 2738 2656 2794; x_wconf 86' lang='lat' dir='ltr'>Etiamsi</span> <span class='ocrx_word' id='word_1_463' title='bbox 2691 2756 2822 2795; x_wconf 89' lang='lat' dir='ltr'>vero</span> <span class='ocrx_word' id='word_1_464' title='bbox 2852 2743 3144 2814; x_wconf 88' lang='lat' dir='ltr'>quispiam</span> <span class='ocrx_word' id='word_1_465' title='bbox 3177 2752 3442 2802; x_wconf 77' lang='lat' dir='ltr'>nostrum</span> <span class='ocrx_word' id='word_1_466' title='bbox 3479 2766 3591 2802; x_wconf 89' lang='lat' dir='ltr'>non</span> <span class='ocrx_word' id='word_1_467' title='bbox 3626 2767 3743 2806; x_wconf 90' lang='lat' dir='ltr'>mo-</span> 
     </span>
    </p>
   </div>
   <div class='ocr_carea' id='block_1_60' title="bbox 2098 2825 3741 2910">
    <p class='ocr_par' dir='ltr' id='par_1_60' title="bbox 2098 2825 3741 2910">
     <span class='ocr_line' id='line_1_60' title="bbox 2098 2825 3741 2910; baseline 0.009 -31"><span class='ocrx_word' id='word_1_468' title='bbox 2098 2825 2299 2894; x_wconf 89' lang='lat' dir='ltr'>riatur,</span> <span class='ocrx_word' id='word_1_469' title='bbox 2335 2832 2394 2880; x_wconf 88' lang='lat' dir='ltr'>at</span> <span class='ocrx_word' id='word_1_470' title='bbox 2433 2827 2560 2898; x_wconf 87' lang='lat' dir='ltr'>ipsa</span> <span class='ocrx_word' id='word_1_471' title='bbox 2607 2834 2760 2885; x_wconf 86' lang='lat' dir='ltr'>certe</span> <span class='ocrx_word' id='word_1_472' title='bbox 2812 2836 3018 2887; x_wconf 85' lang='lat' dir='ltr'>natura</span> <span class='ocrx_word' id='word_1_473' title='bbox 3068 2839 3157 2888; x_wconf 89' lang='lat' dir='ltr'>est</span> <span class='ocrx_word' id='word_1_474' title='bbox 3205 2836 3486 2891; x_wconf 84' lang='lat' dir='ltr'>mortalis.</span> <span class='ocrx_word' id='word_1_475' title='bbox 3541 2839 3741 2910; x_wconf 85' lang='lat' dir='ltr'>Itaque</span> 
     </span>
    </p>
   </div>
   <div class='ocr_carea' id='block_1_61' title="bbox 2098 2914 3739 2995">
    <p class='ocr_par' dir='ltr' id='par_1_61' title="bbox 2098 2914 3739 2995">
     <span class='ocr_line' id='line_1_61' title="bbox 2098 2914 3739 2995; baseline 0.009 -28"><span class='ocrx_word' id='word_1_476' title='bbox 2098 2914 2364 2986; x_wconf 86' lang='lat' dir='ltr'>quamvis</span> <span class='ocrx_word' id='word_1_477' title='bbox 2398 2916 2685 2988; x_wconf 86' lang='lat' dir='ltr'>myriades</span> <span class='ocrx_word' id='word_1_478' title='bbox 2707 2919 3048 2991; x_wconf 88' lang='lat' dir='ltr'>angelorum</span> <span class='ocrx_word' id='word_1_479' title='bbox 3077 2939 3187 2977; x_wconf 90' lang='lat' dir='ltr'>non</span> <span class='ocrx_word' id='word_1_480' title='bbox 3217 2925 3469 2979; x_wconf 71' lang='lat' dir='ltr'>rneiititze</span> <span class='ocrx_word' id='word_1_481' title='bbox 3493 2927 3739 2995; x_wconf 90' lang='lat' dir='ltr'>sint,sed</span> 
     </span>
    </p>
   </div>
   <div class='ocr_carea' id='block_1_62' title="bbox 2101 3004 3747 3086">
    <p class='ocr_par' dir='ltr' id='par_1_62' title="bbox 2101 3004 3747 3086">
     <span class='ocr_line' id='line_1_62' title="bbox 2101 3004 3747 3086; baseline 0.009 -30"><span class='ocrx_word' id='word_1_482' title='bbox 2101 3004 2195 3058; x_wconf 88' lang='lat' dir='ltr'>Dei</span> <span class='ocrx_word' id='word_1_483' title='bbox 2228 3020 2555 3059; x_wconf 87' lang='lat' dir='ltr'>sermonem</span> <span class='ocrx_word' id='word_1_484' title='bbox 2590 3007 2993 3075; x_wconf 88' lang='lat' dir='ltr'>custodierint,</span> <span class='ocrx_word' id='word_1_485' title='bbox 3029 3011 3218 3083; x_wconf 89' lang='lat' dir='ltr'>reipsa</span> <span class='ocrx_word' id='word_1_486' title='bbox 3250 3018 3440 3069; x_wconf 88' lang='lat' dir='ltr'>tamen</span> <span class='ocrx_word' id='word_1_487' title='bbox 3473 3015 3747 3086; x_wconf 82' lang='lat' dir='ltr'>apparuit</span> 
     </span>
    </p>
   </div>
   <div class='ocr_carea' id='block_1_63' title="bbox 2098 3092 3744 3174">
    <p class='ocr_par' dir='ltr' id='par_1_63' title="bbox 2098 3092 3744 3174">
     <span class='ocr_line' id='line_1_63' title="bbox 2098 3092 3744 3174; baseline 0.009 -28"><span class='ocrx_word' id='word_1_488' title='bbox 2098 3092 2441 3148; x_wconf 89' lang='lat' dir='ltr'>mutabilem</span> <span class='ocrx_word' id='word_1_489' title='bbox 2465 3109 2592 3149; x_wconf 88' lang='lat' dir='ltr'>esse</span> <span class='ocrx_word' id='word_1_490' title='bbox 2623 3095 2885 3165; x_wconf 89' lang='lat' dir='ltr'>ipsorum</span> <span class='ocrx_word' id='word_1_491' title='bbox 2921 3105 3302 3168; x_wconf 87' lang='lat' dir='ltr'>naturam,ac</span> <span class='ocrx_word' id='word_1_492' title='bbox 3329 3102 3484 3174; x_wconf 89' lang='lat' dir='ltr'>loqui</span> <span class='ocrx_word' id='word_1_493' title='bbox 3516 3121 3644 3159; x_wconf 90' lang='lat' dir='ltr'>eam</span> <span class='ocrx_word' id='word_1_494' title='bbox 3677 3121 3744 3160; x_wconf 84' lang='lat' dir='ltr'>ex</span> 
     </span>
    </p>
   </div>
   <div class='ocr_carea' id='block_1_64' title="bbox 344 3181 3750 3262">
    <p class='ocr_par' dir='ltr' id='par_1_64' title="bbox 344 3181 3750 3262">
     <span class='ocr_line' id='line_1_64' title="bbox 344 3181 3750 3262; baseline 0.003 -24"><span class='ocrx_word' id='word_1_495' title='bbox 344 3184 684 3252; x_wconf 57' lang='lat' dir='ltr'>semetipsa,</span> <span class='ocrx_word' id='word_1_496' title='bbox 741 3183 1220 3255; x_wconf 80' lang='lat' dir='ltr'>quandoquidem</span> <span class='ocrx_word' id='word_1_497' title='bbox 1281 3198 1480 3237; x_wconf 85' lang='lat' dir='ltr'>eorum</span> <span class='ocrx_word' id='word_1_498' title='bbox 1552 3181 1727 3252; x_wconf 88' lang='lat' dir='ltr'>aliqui</span> <span class='ocrx_word' id='word_1_499' title='bbox 1780 3181 1987 3236; x_wconf 84' lang='lat' dir='ltr'>mutati</span> <span class='ocrx_word' id='word_1_500' title='bbox 2021 3185 2179 3248; x_wconf 87' lang='lat' dir='ltr'>sunt,</span> <span class='ocrx_word' id='word_1_501' title='bbox 2239 3197 2305 3236; x_wconf 92' lang='lat' dir='ltr'>ac</span> <span class='ocrx_word' id='word_1_502' title='bbox 2336 3181 2512 3236; x_wconf 89' lang='lat' dir='ltr'>locuti</span> <span class='ocrx_word' id='word_1_503' title='bbox 2569 3200 2601 3237; x_wconf 90' lang='lat' dir='ltr'>a</span> <span class='ocrx_word' id='word_1_504' title='bbox 2659 3185 3014 3257; x_wconf 84' lang='lat' dir='ltr'>semetipsis.</span> <span class='ocrx_word' id='word_1_505' title='bbox 3071 3189 3140 3242; x_wconf 83' lang='lat' dir='ltr'>At</span> <span class='ocrx_word' id='word_1_506' title='bbox 3197 3190 3452 3262; x_wconf 78' lang='lat' dir='ltr'>Spiritus</span> <span class='ocrx_word' id='word_1_507' title='bbox 3510 3198 3750 3248; x_wconf 80' lang='lat' dir='ltr'>sanctus</span> 
     </span>
    </p>
   </div>
   <div class='ocr_carea' id='block_1_65' title="bbox 346 3271 3756 3354">
    <p class='ocr_par' dir='ltr' id='par_1_65' title="bbox 346 3271 3756 3354">
     <span class='ocr_line' id='line_1_65' title="bbox 346 3271 3756 3354; baseline 0.003 -26"><span class='ocrx_word' id='word_1_508' title='bbox 346 3290 460 3328; x_wconf 86' lang='lat' dir='ltr'>non</span> <span class='ocrx_word' id='word_1_509' title='bbox 494 3273 756 3344; x_wconf 87' lang='lat' dir='ltr'>loquitur</span> <span class='ocrx_word' id='word_1_510' title='bbox 785 3290 818 3328; x_wconf 89' lang='lat' dir='ltr'>a</span> <span class='ocrx_word' id='word_1_511' title='bbox 847 3273 1183 3346; x_wconf 88' lang='lat' dir='ltr'>semetipso.</span> <span class='ocrx_word' id='word_1_512' title='bbox 1219 3273 1344 3327; x_wconf 87' lang='lat' dir='ltr'>Non</span> <span class='ocrx_word' id='word_1_513' title='bbox 1395 3271 1550 3326; x_wconf 89' lang='lat' dir='ltr'>enim</span> <span class='ocrx_word' id='word_1_514' title='bbox 1605 3276 1694 3326; x_wconf 89' lang='lat' dir='ltr'>est</span> <span class='ocrx_word' id='word_1_515' title='bbox 1741 3287 1808 3326; x_wconf 90' lang='lat' dir='ltr'>ea</span> <span class='ocrx_word' id='word_1_516' title='bbox 1856 3276 2065 3326; x_wconf 85' lang='lat' dir='ltr'>natura</span> <span class='ocrx_word' id='word_1_517' title='bbox 2095 3271 2391 3342; x_wconf 64' lang='lat' dir='ltr'>praeditus,</span> <span class='ocrx_word' id='word_1_518' title='bbox 2433 3287 2565 3342; x_wconf 71' lang='lat' dir='ltr'>qua:</span> <span class='ocrx_word' id='word_1_519' title='bbox 2613 3273 2765 3328; x_wconf 75' lang='lat' dir='ltr'>facta</span> <span class='ocrx_word' id='word_1_520' title='bbox 2815 3274 2915 3341; x_wconf 87' lang='lat' dir='ltr'>sit,</span> <span class='ocrx_word' id='word_1_521' title='bbox 2948 3293 3012 3330; x_wconf 89' lang='lat' dir='ltr'>ac</span> <span class='ocrx_word' id='word_1_522' title='bbox 3045 3277 3288 3348; x_wconf 74' lang='lat' dir='ltr'>prcinde</span> <span class='ocrx_word' id='word_1_523' title='bbox 3319 3279 3532 3335; x_wconf 77' lang='lat' dir='ltr'>mutari</span> <span class='ocrx_word' id='word_1_524' title='bbox 3566 3283 3756 3354; x_wconf 78' lang='lat' dir='ltr'>possit</span> 
     </span>
    </p>
   </div>
   <div class='ocr_carea' id='block_1_66' title="bbox 415 3356 2059 3436">
    <p class='ocr_par' dir='ltr' id='par_1_66' title="bbox 415 3356 2059 3436">
     <span class='ocr_line' id='line_1_66' title="bbox 415 3356 2059 3436; baseline -0.004 -19"><span class='ocrx_word' id='word_1_525' title='bbox 415 3365 504 3417; x_wconf 84' lang='lat'>25.</span> <span class='ocrx_word' id='word_1_526' title='bbox 558 3361 748 3432; x_wconf 82' lang='grc' dir='ltr'>Ἀνὸμ.</span> <span class='ocrx_word' id='word_1_527' title='bbox 813 3360 978 3415; x_wconf 79' lang='grc' dir='ltr'>Πόθεν</span> <span class='ocrx_word' id='word_1_528' title='bbox 1033 3361 1155 3436; x_wconf 66' lang='grc' dir='ltr'>γὰρ,</span> <span class='ocrx_word' id='word_1_529' title='bbox 1217 3359 1299 3414; x_wconf 80' lang='grc' dir='ltr'>ὅτι</span> <span class='ocrx_word' id='word_1_530' title='bbox 1349 3359 1410 3414; x_wconf 81' lang='grc' dir='ltr'>οὗ</span> <span class='ocrx_word' id='word_1_531' title='bbox 1443 3356 1660 3414; x_wconf 79' lang='grc' dir='ltr'>δύναται</span> <span class='ocrx_word' id='word_1_532' title='bbox 1710 3365 1981 3434; x_wconf 78' lang='grc' dir='ltr'>τραπῆναι</span> <span class='ocrx_word' id='word_1_533' title='bbox 2018 3363 2059 3428; x_wconf 74' lang='grc' dir='ltr'>ρ</span> 
     </span>
    </p>
   </div>
   <div class='ocr_carea' id='block_1_67' title="bbox 336 3446 1990 3526">
    <p class='ocr_par' dir='ltr' id='par_1_67' title="bbox 336 3446 1990 3526">
     <span class='ocr_line' id='line_1_67' title="bbox 336 3446 1990 3526; baseline -0.001 -22"><span class='ocrx_word' id='word_1_534' title='bbox 336 3451 404 3504; x_wconf 84' lang='grc' dir='ltr'>τὸ</span> <span class='ocrx_word' id='word_1_535' title='bbox 435 3454 655 3522; x_wconf 89' lang='grc' dir='ltr'>Πνεῦμα</span> <span class='ocrx_word' id='word_1_536' title='bbox 682 3469 694 3516; x_wconf 90' lang='grc'>;</span> <span class='ocrx_word' id='word_1_537' title='bbox 726 3452 870 3523; x_wconf 80' lang='grc' dir='ltr'>Ὀρθ.</span> <span class='ocrx_word' id='word_1_538' title='bbox 913 3450 990 3506; x_wconf 87' lang='grc' dir='ltr'>Τὸ</span> <span class='ocrx_word' id='word_1_539' title='bbox 1032 3450 1274 3526; x_wconf 74' lang='grc' dir='ltr'>παρέχον</span> <span class='ocrx_word' id='word_1_540' title='bbox 1322 3446 1518 3509; x_wconf 77' lang='grc' dir='ltr'>ἄλλοις</span> <span class='ocrx_word' id='word_1_541' title='bbox 1564 3448 1662 3516; x_wconf 83' lang='grc' dir='ltr'>τήν</span> <span class='ocrx_word' id='word_1_542' title='bbox 1713 3448 1990 3522; x_wconf 75' lang='grc' dir='ltr'>ἀτρεψίαν,</span> 
     </span>
    </p>
   </div>
   <div class='ocr_carea' id='block_1_68' title="bbox 343 3535 1991 3615">
    <p class='ocr_par' dir='ltr' id='par_1_68' title="bbox 343 3535 1991 3615">
     <span class='ocr_line' id='line_1_68' title="bbox 343 3535 1991 3615; baseline -0.002 -22"><span class='ocrx_word' id='word_1_543' title='bbox 343 3536 547 3613; x_wconf 71' lang='grc' dir='ltr'>ἀνάγκη</span> <span class='ocrx_word' id='word_1_544' title='bbox 607 3536 870 3613; x_wconf 77' lang='grc' dir='ltr'>ἄτρεπτον</span> <span class='ocrx_word' id='word_1_545' title='bbox 929 3538 1061 3592; x_wconf 72' lang='grc' dir='ltr'>εἶναι</span> <span class='ocrx_word' id='word_1_546' title='bbox 1243 3535 1416 3615; x_wconf 72' lang='grc' dir='ltr'>φύσει.</span> <span class='ocrx_word' id='word_1_547' title='bbox 1469 3536 1662 3609; x_wconf 81' lang='grc' dir='ltr'>’Δνὸμ.</span> <span class='ocrx_word' id='word_1_548' title='bbox 1711 3536 1829 3591; x_wconf 79' lang='grc' dir='ltr'>Εἷσὶ</span> <span class='ocrx_word' id='word_1_549' title='bbox 1888 3539 1991 3612; x_wconf 78' lang='grc' dir='ltr'>γὰρ</span> 
     </span>
    </p>
   </div>
   <div class='ocr_carea' id='block_1_69' title="bbox 349 3625 1991 3703">
    <p class='ocr_par' dir='ltr' id='par_1_69' title="bbox 349 3625 1991 3703">
     <span class='ocr_line' id='line_1_69' title="bbox 349 3625 1991 3703; baseline -0.001 -21"><span class='ocrx_word' id='word_1_550' title='bbox 349 3626 442 3682; x_wconf 75' lang='grc' dir='ltr'>οὖν</span> <span class='ocrx_word' id='word_1_551' title='bbox 488 3627 576 3682; x_wconf 77' lang='grc' dir='ltr'>καὶ</span> <span class='ocrx_word' id='word_1_552' title='bbox 626 3625 770 3682; x_wconf 79' lang='grc' dir='ltr'>ἄλλα</span> <span class='ocrx_word' id='word_1_553' title='bbox 814 3625 1066 3703; x_wconf 75' lang='grc' dir='ltr'>ἄτρεπτα.</span> <span class='ocrx_word' id='word_1_554' title='bbox 1119 3626 1182 3681; x_wconf 81' lang='grc' dir='ltr'>Εἰ</span> <span class='ocrx_word' id='word_1_555' title='bbox 1234 3627 1335 3702; x_wconf 76' lang='grc' dir='ltr'>γὰρ</span> <span class='ocrx_word' id='word_1_556' title='bbox 1384 3628 1613 3702; x_wconf 69' lang='grc' dir='ltr'>παρέχει</span> <span class='ocrx_word' id='word_1_557' title='bbox 1681 3625 1874 3687; x_wconf 81' lang='grc' dir='ltr'>ἄλλοις</span> <span class='ocrx_word' id='word_1_558' title='bbox 1930 3627 1991 3680; x_wconf 81' lang='grc' dir='ltr'>τὸ</span> 
     </span>
    </p>
   </div>
   <div class='ocr_carea' id='block_1_70' title="bbox 353 3715 1993 3792">
    <p class='ocr_par' dir='ltr' id='par_1_70' title="bbox 353 3715 1993 3792">
     <span class='ocr_line' id='line_1_70' title="bbox 353 3715 1993 3792; baseline -0.002 -20"><span class='ocrx_word' id='word_1_559' title='bbox 353 3722 568 3789; x_wconf 87' lang='grc' dir='ltr'>Πνεῦμα</span> <span class='ocrx_word' id='word_1_560' title='bbox 614 3719 712 3785; x_wconf 73' lang='grc' dir='ltr'>’ἠν</span> <span class='ocrx_word' id='word_1_561' title='bbox 766 3717 1042 3792; x_wconf 78' lang='grc' dir='ltr'>ἀτρεψίαν,</span> <span class='ocrx_word' id='word_1_562' title='bbox 1091 3715 1226 3770; x_wconf 71' lang='grc' dir='ltr'>αὐτὰ</span> <span class='ocrx_word' id='word_1_563' title='bbox 1270 3715 1464 3787; x_wconf 83' lang='grc' dir='ltr'>ἐκεῖνα,</span> <span class='ocrx_word' id='word_1_564' title='bbox 1515 3717 1596 3777; x_wconf 83' lang='grc' dir='ltr'>οἷς</span> <span class='ocrx_word' id='word_1_565' title='bbox 1646 3716 1872 3789; x_wconf 69' lang='grc' dir='ltr'>παρᾶχει</span> <span class='ocrx_word' id='word_1_566' title='bbox 1932 3715 1993 3769; x_wconf 88' lang='grc' dir='ltr'>τὸ</span> 
     </span>
    </p>
   </div>
   <div class='ocr_carea' id='block_1_71' title="bbox 357 3804 1992 3881">
    <p class='ocr_par' dir='ltr' id='par_1_71' title="bbox 357 3804 1992 3881">
     <span class='ocr_line' id='line_1_71' title="bbox 357 3804 1992 3881; baseline 0.001 -21"><span class='ocrx_word' id='word_1_567' title='bbox 357 3810 572 3878; x_wconf 83' lang='grc' dir='ltr'>Πνεῦμα</span> <span class='ocrx_word' id='word_1_568' title='bbox 641 3807 738 3874; x_wconf 83' lang='grc' dir='ltr'>τήν</span> <span class='ocrx_word' id='word_1_569' title='bbox 816 3805 1090 3881; x_wconf 81' lang='grc' dir='ltr'>ἀτρεψίαν,</span> <span class='ocrx_word' id='word_1_570' title='bbox 1152 3804 1385 3877; x_wconf 80' lang='grc' dir='ltr'>ἅτρεπτά</span> <span class='ocrx_word' id='word_1_571' title='bbox 1460 3805 1590 3859; x_wconf 76' lang='grc' dir='ltr'>εἰσιν</span> <span class='ocrx_word' id='word_1_572' title='bbox 1650 3806 1781 3877; x_wconf 86' lang='grc'>(91).</span> <span class='ocrx_word' id='word_1_573' title='bbox 1843 3805 1992 3878; x_wconf 79' lang='grc' dir='ltr'>Ὀρθ.</span> 
     </span>
    </p>
   </div>
   <div class='ocr_carea' id='block_1_72' title="bbox 349 3890 1997 3968">
    <p class='ocr_par' dir='ltr' id='par_1_72' title="bbox 349 3890 1997 3968">
     <span class='ocr_line' id='line_1_72' title="bbox 349 3890 1997 3968; baseline -0.002 -19"><span class='ocrx_word' id='word_1_574' title='bbox 349 3893 526 3949; x_wconf 78' lang='grc' dir='ltr'>Ἀλλᾶ</span> <span class='ocrx_word' id='word_1_575' title='bbox 555 3894 620 3948; x_wconf 77' lang='grc' dir='ltr'>τά</span> <span class='ocrx_word' id='word_1_576' title='bbox 653 3894 746 3965; x_wconf 77' lang='grc' dir='ltr'>μὲν</span> <span class='ocrx_word' id='word_1_577' title='bbox 781 3893 880 3948; x_wconf 72' lang='lat' dir='ltr'>siet</span> <span class='ocrx_word' id='word_1_578' title='bbox 917 3897 1129 3968; x_wconf 83' lang='grc' dir='ltr'>μετοχῇ</span> <span class='ocrx_word' id='word_1_579' title='bbox 1163 3892 1414 3966; x_wconf 73' lang='grc' dir='ltr'>ἄτρεπτα,</span> <span class='ocrx_word' id='word_1_580' title='bbox 1445 3895 1512 3947; x_wconf 75' lang='grc' dir='ltr'>τὰ</span> <span class='ocrx_word' id='word_1_581' title='bbox 1535 3890 1590 3947; x_wconf 77' lang='grc' dir='ltr'>δὲ</span> <span class='ocrx_word' id='word_1_582' title='bbox 1618 3895 1686 3966; x_wconf 80' lang='grc' dir='ltr'>τῇ</span> <span class='ocrx_word' id='word_1_583' title='bbox 1716 3891 1889 3964; x_wconf 69' lang='grc' dir='ltr'>φύσει,</span> <span class='ocrx_word' id='word_1_584' title='bbox 1923 3892 1997 3953; x_wconf 83' lang='grc' dir='ltr'>ὡς</span> 
     </span>
    </p>
   </div>
   <div class='ocr_carea' id='block_1_73' title="bbox 351 3980 1997 4060">
    <p class='ocr_par' dir='ltr' id='par_1_73' title="bbox 351 3980 1997 4060">
     <span class='ocr_line' id='line_1_73' title="bbox 351 3980 1997 4060; baseline -0.001 -23"><span class='ocrx_word' id='word_1_585' title='bbox 351 3985 415 4038; x_wconf 77' lang='grc' dir='ltr'>τὸ</span> <span class='ocrx_word' id='word_1_586' title='bbox 447 3984 551 4059; x_wconf 64' lang='lat'>7:3,:</span> <span class='ocrx_word' id='word_1_587' title='bbox 583 3984 734 4060; x_wconf 67' lang='grc' dir='ltr'>φῦσει</span> <span class='ocrx_word' id='word_1_588' title='bbox 767 3982 876 4037; x_wconf 80' lang='grc' dir='ltr'>ἐστὶ</span> <span class='ocrx_word' id='word_1_589' title='bbox 907 3983 1214 4049; x_wconf 79' lang='grc' dir='ltr'>καυστικὸν,</span> <span class='ocrx_word' id='word_1_590' title='bbox 1246 3983 1306 4036; x_wconf 89' lang='grc' dir='ltr'>τὸ</span> <span class='ocrx_word' id='word_1_591' title='bbox 1339 3980 1398 4036; x_wconf 77' lang='grc' dir='ltr'>δὲ</span> <span class='ocrx_word' id='word_1_592' title='bbox 1427 3980 1573 4058; x_wconf 80' lang='grc' dir='ltr'>ὕδωρ</span> <span class='ocrx_word' id='word_1_593' title='bbox 1605 3982 1740 4036; x_wconf 83' lang='grc' dir='ltr'>κατὰ</span> <span class='ocrx_word' id='word_1_594' title='bbox 1768 3983 1997 4058; x_wconf 77' lang='grc' dir='ltr'>παράθε-</span> 
     </span>
    </p>
   </div>
   <div class='ocr_carea' id='block_1_74' title="bbox 354 4071 2000 4147">
    <p class='ocr_par' dir='ltr' id='par_1_74' title="bbox 354 4071 2000 4147">
     <span class='ocr_line' id='line_1_74' title="bbox 354 4071 2000 4147; baseline -0.001 -21"><span class='ocrx_word' id='word_1_595' title='bbox 354 4093 434 4126; x_wconf 87' lang='grc' dir='ltr'>σιν</span> <span class='ocrx_word' id='word_1_596' title='bbox 469 4077 563 4126; x_wconf 87' lang='grc' dir='ltr'>τοῦ</span> <span class='ocrx_word' id='word_1_597' title='bbox 595 4073 761 4147; x_wconf 65' lang='grc' dir='ltr'>πυρὸς</span> <span class='ocrx_word' id='word_1_598' title='bbox 791 4073 1074 4126; x_wconf 74' lang='grc' dir='ltr'>καυστικὸν</span> <span class='ocrx_word' id='word_1_599' title='bbox 1103 4072 1322 4146; x_wconf 82' lang='grc' dir='ltr'>γίνεται.</span> <span class='ocrx_word' id='word_1_600' title='bbox 1357 4071 1538 4132; x_wconf 69' lang='grc' dir='ltr'>Οὕτως</span> <span class='ocrx_word' id='word_1_601' title='bbox 1565 4071 1628 4125; x_wconf 86' lang='grc' dir='ltr'>τὸ</span> <span class='ocrx_word' id='word_1_602' title='bbox 1665 4071 1755 4143; x_wconf 80' lang='grc' dir='ltr'>μὲν</span> <span class='ocrx_word' id='word_1_603' title='bbox 1781 4075 2000 4142; x_wconf 85' lang='grc' dir='ltr'>Πνεῦμα</span> 
     </span>
    </p>
   </div>
   <div class='ocr_carea' id='block_1_75' title="bbox 358 4157 2001 4238">
    <p class='ocr_par' dir='ltr' id='par_1_75' title="bbox 358 4157 2001 4238">
     <span class='ocr_line' id='line_1_75' title="bbox 358 4157 2001 4238; baseline -0.001 -25"><span class='ocrx_word' id='word_1_604' title='bbox 358 4160 510 4238; x_wconf 62' lang='grc' dir='ltr'>φύσει</span> <span class='ocrx_word' id='word_1_605' title='bbox 542 4161 678 4215; x_wconf 74' lang='grc' dir='ltr'>ἐστὶν</span> <span class='ocrx_word' id='word_1_606' title='bbox 713 4158 1062 4234; x_wconf 69' lang='grc' dir='ltr'>ἄτρεπτον,οῖ</span> <span class='ocrx_word' id='word_1_607' title='bbox 1095 4157 1151 4214; x_wconf 74' lang='grc' dir='ltr'>δὲ</span> <span class='ocrx_word' id='word_1_608' title='bbox 1185 4161 1503 4235; x_wconf 72' lang='grc' dir='ltr'>μετέχοντες</span> <span class='ocrx_word' id='word_1_609' title='bbox 1535 4158 1700 4213; x_wconf 80' lang='grc' dir='ltr'>αὐτοῦ</span> <span class='ocrx_word' id='word_1_610' title='bbox 1723 4159 1857 4214; x_wconf 82' lang='grc' dir='ltr'>κατά</span> <span class='ocrx_word' id='word_1_611' title='bbox 1881 4179 2001 4231; x_wconf 69' lang='grc' dir='ltr'>μετα</span> 
     </span>
    </p>
   </div>
   <div class='ocr_carea' id='block_1_76' title="bbox 358 4247 2000 4325">
    <p class='ocr_par' dir='ltr' id='par_1_76' title="bbox 358 4247 2000 4325">
     <span class='ocr_line' id='line_1_76' title="bbox 358 4247 2000 4325; baseline -0.001 -21"><span class='ocrx_word' id='word_1_612' title='bbox 358 4251 502 4324; x_wconf 78' lang='grc' dir='ltr'>οχὴν</span> <span class='ocrx_word' id='word_1_613' title='bbox 537 4251 811 4325; x_wconf 77' lang='grc' dir='ltr'>ἅτρεπτοι.</span> <span class='ocrx_word' id='word_1_614' title='bbox 847 4248 1037 4321; x_wconf 69' lang='grc' dir='ltr'>ἰἰνόμ.</span> <span class='ocrx_word' id='word_1_615' title='bbox 1073 4249 1160 4317; x_wconf 75' lang='grc' dir='ltr'>Μή</span> <span class='ocrx_word' id='word_1_616' title='bbox 1194 4247 1368 4310; x_wconf 67' lang='grc' dir='ltr'>θέλεις</span> <span class='ocrx_word' id='word_1_617' title='bbox 1402 4248 1568 4303; x_wconf 80' lang='grc' dir='ltr'>εἰπεῖν</span> <span class='ocrx_word' id='word_1_618' title='bbox 1611 4247 1695 4302; x_wconf 79' lang='grc' dir='ltr'>ὅτι</span> <span class='ocrx_word' id='word_1_619' title='bbox 1737 4248 1826 4302; x_wconf 75' lang='grc' dir='ltr'>καὶ</span> <span class='ocrx_word' id='word_1_620' title='bbox 1870 4247 2000 4302; x_wconf 79' lang='grc' dir='ltr'>αὐτὸ</span> 
     </span>
    </p>
   </div>
   <div class='ocr_carea' id='block_1_77' title="bbox 356 4336 1998 4412">
    <p class='ocr_par' dir='ltr' id='par_1_77' title="bbox 356 4336 1998 4412">
     <span class='ocr_line' id='line_1_77' title="bbox 356 4336 1998 4412; baseline -0.001 -18"><span class='ocrx_word' id='word_1_621' title='bbox 356 4340 420 4394; x_wconf 86' lang='grc' dir='ltr'>τὸ</span> <span class='ocrx_word' id='word_1_622' title='bbox 466 4343 681 4410; x_wconf 86' lang='grc' dir='ltr'>Πνεῦμα</span> <span class='ocrx_word' id='word_1_623' title='bbox 735 4340 918 4412; x_wconf 67' lang='grc' dir='ltr'>Πατήρ</span> <span class='ocrx_word' id='word_1_624' title='bbox 967 4336 1152 4405; x_wconf 58' lang='lat' dir='ltr'>saw;</span> <span class='ocrx_word' id='word_1_625' title='bbox 1201 4339 1348 4412; x_wconf 84' lang='grc' dir='ltr'>Ὀρθ.</span> <span class='ocrx_word' id='word_1_626' title='bbox 1399 4338 1485 4406; x_wconf 81' lang='grc' dir='ltr'>Μή</span> <span class='ocrx_word' id='word_1_627' title='bbox 1534 4336 1769 4412; x_wconf 68' lang='grc' dir='ltr'>γένοιτοὶ</span> <span class='ocrx_word' id='word_1_628' title='bbox 1805 4336 1998 4408; x_wconf 85' lang='grc' dir='ltr'>Ἀνόμ.</span> 
     </span>
    </p>
   </div>
   <div class='ocr_carea' id='block_1_78' title="bbox 361 4425 2000 4500">
    <p class='ocr_par' dir='ltr' id='par_1_78' title="bbox 361 4425 2000 4500">
     <span class='ocr_line' id='line_1_78' title="bbox 361 4425 2000 4500; baseline 0.004 -18"><span class='ocrx_word' id='word_1_629' title='bbox 361 4427 423 4485; x_wconf 69' lang='grc' dir='ltr'>Εἴ</span> <span class='ocrx_word' id='word_1_630' title='bbox 454 4427 626 4482; x_wconf 69' lang='grc' dir='ltr'>πάντα</span> <span class='ocrx_word' id='word_1_631' title='bbox 653 4428 721 4480; x_wconf 73' lang='grc' dir='ltr'>τὰ</span> <span class='ocrx_word' id='word_1_632' title='bbox 750 4425 860 4480; x_wconf 69' lang='grc' dir='ltr'>ξ’δια</span> <span class='ocrx_word' id='word_1_633' title='bbox 889 4431 983 4480; x_wconf 81' lang='grc' dir='ltr'>τοῦ</span> <span class='ocrx_word' id='word_1_634' title='bbox 1017 4426 1246 4500; x_wconf 74' lang='grc' dir='ltr'>Πανρός.</span> <span class='ocrx_word' id='word_1_635' title='bbox 1275 4425 1361 4480; x_wconf 76' lang='grc' dir='ltr'>καὶ</span> <span class='ocrx_word' id='word_1_636' title='bbox 1393 4430 1488 4479; x_wconf 74' lang='grc' dir='ltr'>τοῦ</span> <span class='ocrx_word' id='word_1_637' title='bbox 1539 4425 1849 4497; x_wconf 70' lang='grc' dir='ltr'>Πνεῦματός</span> <span class='ocrx_word' id='word_1_638' title='bbox 1899 4425 2000 4480; x_wconf 77' lang='grc' dir='ltr'>ε’τι</span> 
     </span>
    </p>
   </div>
   <div class='ocr_carea' id='block_1_79' title="bbox 357 4513 2002 4593">
    <p class='ocr_par' dir='ltr' id='par_1_79' title="bbox 357 4513 2002 4593">
     <span class='ocr_line' id='line_1_79' title="bbox 357 4513 2002 4593; baseline -0.001 -22"><span class='ocrx_word' id='word_1_639' title='bbox 357 4517 449 4572; x_wconf 80' lang='grc' dir='ltr'>καὶ</span> <span class='ocrx_word' id='word_1_640' title='bbox 504 4521 601 4570; x_wconf 86' lang='grc' dir='ltr'>τοῦ</span> <span class='ocrx_word' id='word_1_641' title='bbox 659 4515 786 4569; x_wconf 70' lang='grc' dir='ltr'>Υἱοῦ</span> <span class='ocrx_word' id='word_1_642' title='bbox 858 4515 1028 4580; x_wconf 82' lang='grc' dir='ltr'>κοινά,</span> <span class='ocrx_word' id='word_1_643' title='bbox 1093 4513 1300 4593; x_wconf 72' lang='grc' dir='ltr'>ὀφείλει</span> <span class='ocrx_word' id='word_1_644' title='bbox 1358 4515 1446 4569; x_wconf 82' lang='grc' dir='ltr'>καὶ</span> <span class='ocrx_word' id='word_1_645' title='bbox 1509 4515 1693 4590; x_wconf 70' lang='grc' dir='ltr'>Πατὴρ</span> <span class='ocrx_word' id='word_1_646' title='bbox 1751 4515 1883 4569; x_wconf 76' lang='grc' dir='ltr'>εἶναι</span> <span class='ocrx_word' id='word_1_647' title='bbox 1940 4515 2002 4570; x_wconf 80' lang='grc' dir='ltr'>τὸ</span> 
     </span>
    </p>
   </div>
   <div class='ocr_carea' id='block_1_80' title="bbox 363 4602 2003 4681">
    <p class='ocr_par' dir='ltr' id='par_1_80' title="bbox 363 4602 2003 4681">
     <span class='ocr_line' id='line_1_80' title="bbox 363 4602 2003 4681; baseline -0.001 -21"><span class='ocrx_word' id='word_1_648' title='bbox 363 4610 581 4678; x_wconf 83' lang='grc' dir='ltr'>Πνεῦμα</span> <span class='ocrx_word' id='word_1_649' title='bbox 610 4607 723 4678; x_wconf 83' lang='grc'>(92)</span> <span class='ocrx_word' id='word_1_650' title='bbox 753 4604 843 4659; x_wconf 77' lang='grc' dir='ltr'>καὶ</span> <span class='ocrx_word' id='word_1_651' title='bbox 893 4604 1037 4666; x_wconf 78' lang='grc' dir='ltr'>Υἱός.</span> <span class='ocrx_word' id='word_1_652' title='bbox 1073 4606 1222 4681; x_wconf 82' lang='grc' dir='ltr'>ὈρΘ.</span> <span class='ocrx_word' id='word_1_653' title='bbox 1255 4603 1368 4661; x_wconf 81' lang='grc' dir='ltr'>Οὐκ</span> <span class='ocrx_word' id='word_1_654' title='bbox 1400 4604 1568 4659; x_wconf 82' lang='grc' dir='ltr'>εἶπον.</span> <span class='ocrx_word' id='word_1_655' title='bbox 1603 4604 1683 4659; x_wconf 60' lang='lat' dir='ltr'>Td</span> <span class='ocrx_word' id='word_1_656' title='bbox 1739 4602 1847 4659; x_wconf 65' lang='grc' dir='ltr'>ἴδια</span> <span class='ocrx_word' id='word_1_657' title='bbox 1902 4609 2003 4658; x_wconf 87' lang='grc' dir='ltr'>τοῦ</span> 
     </span>
    </p>
   </div>
   <div class='ocr_carea' id='block_1_81' title="bbox 365 4692 1996 4771">
    <p class='ocr_par' dir='ltr' id='par_1_81' title="bbox 365 4692 1996 4771">
     <span class='ocr_line' id='line_1_81' title="bbox 365 4692 1996 4771; baseline -0.002 -21"><span class='ocrx_word' id='word_1_658' title='bbox 365 4696 590 4771; x_wconf 82' lang='grc' dir='ltr'>Πατρὸς,</span> <span class='ocrx_word' id='word_1_659' title='bbox 632 4694 721 4748; x_wconf 82' lang='grc' dir='ltr'>καὶ</span> <span class='ocrx_word' id='word_1_660' title='bbox 766 4697 864 4748; x_wconf 88' lang='grc' dir='ltr'>τοῦ</span> <span class='ocrx_word' id='word_1_661' title='bbox 913 4695 1039 4748; x_wconf 73' lang='grc' dir='ltr'>Υὶοῦ</span> <span class='ocrx_word' id='word_1_662' title='bbox 1085 4693 1173 4748; x_wconf 76' lang='grc' dir='ltr'>καὶ</span> <span class='ocrx_word' id='word_1_663' title='bbox 1222 4699 1318 4749; x_wconf 88' lang='grc' dir='ltr'>τοῦ</span> <span class='ocrx_word' id='word_1_664' title='bbox 1351 4693 1662 4767; x_wconf 72' lang='grc' dir='ltr'>Πνεῦματὸς</span> <span class='ocrx_word' id='word_1_665' title='bbox 1693 4695 1795 4748; x_wconf 71' lang='grc' dir='ltr'>εἶ’σι</span> <span class='ocrx_word' id='word_1_666' title='bbox 1823 4692 1996 4748; x_wconf 81' lang='grc' dir='ltr'>κοινά·</span> 
     </span>
    </p>
   </div>
   <div class='ocr_carea' id='block_1_82' title="bbox 361 4779 2004 4854">
    <p class='ocr_par' dir='ltr' id='par_1_82' title="bbox 361 4779 2004 4854">
     <span class='ocr_line' id='line_1_82' title="bbox 361 4779 2004 4854; baseline -0.001 -16"><span class='ocrx_word' id='word_1_667' title='bbox 361 4782 526 4852; x_wconf 85' lang='grc' dir='ltr'>ἀλλά,</span> <span class='ocrx_word' id='word_1_668' title='bbox 555 4779 777 4838; x_wconf 67' lang='grc' dir='ltr'>Τάῗδια</span> <span class='ocrx_word' id='word_1_669' title='bbox 827 4788 926 4851; x_wconf 78' lang='grc' dir='ltr'>τῆς</span> <span class='ocrx_word' id='word_1_670' title='bbox 979 4781 1159 4843; x_wconf 77' lang='grc' dir='ltr'>οὐσίας</span> <span class='ocrx_word' id='word_1_671' title='bbox 1203 4786 1300 4836; x_wconf 86' lang='grc' dir='ltr'>τοῦ</span> <span class='ocrx_word' id='word_1_672' title='bbox 1332 4787 1486 4849; x_wconf 88' lang='grc' dir='ltr'>Θεοῦ,</span> <span class='ocrx_word' id='word_1_673' title='bbox 1517 4787 1613 4838; x_wconf 84' lang='grc' dir='ltr'>τοῦ</span> <span class='ocrx_word' id='word_1_674' title='bbox 1661 4784 1872 4854; x_wconf 74' lang='grc' dir='ltr'>Πατρὸς</span> <span class='ocrx_word' id='word_1_675' title='bbox 1915 4783 2004 4836; x_wconf 85' lang='grc' dir='ltr'>καὶ</span> 
     </span>
    </p>
   </div>
   <div class='ocr_carea' id='block_1_83' title="bbox 360 4871 2002 4944">
    <p class='ocr_par' dir='ltr' id='par_1_83' title="bbox 360 4871 2002 4944">
     <span class='ocr_line' id='line_1_83' title="bbox 360 4871 2002 4944; baseline -0.002 -17"><span class='ocrx_word' id='word_1_676' title='bbox 360 4878 458 4928; x_wconf 83' lang='grc' dir='ltr'>τοῦ</span> <span class='ocrx_word' id='word_1_677' title='bbox 507 4873 633 4927; x_wconf 71' lang='grc' dir='ltr'>Υἱοῦ</span> <span class='ocrx_word' id='word_1_678' title='bbox 682 4873 770 4926; x_wconf 77' lang='grc' dir='ltr'>καὶ</span> <span class='ocrx_word' id='word_1_679' title='bbox 817 4876 914 4926; x_wconf 88' lang='grc' dir='ltr'>τοῦ</span> <span class='ocrx_word' id='word_1_680' title='bbox 963 4871 1120 4944; x_wconf 82' lang='grc' dir='ltr'>ἁγίου</span> <span class='ocrx_word' id='word_1_681' title='bbox 1153 4871 1476 4944; x_wconf 78' lang='grc' dir='ltr'>-ΙΙνεύματὸς</span> <span class='ocrx_word' id='word_1_682' title='bbox 1523 4871 1622 4925; x_wconf 81' lang='grc' dir='ltr'>εἶσι</span> <span class='ocrx_word' id='word_1_683' title='bbox 1673 4872 1845 4925; x_wconf 77' lang='grc' dir='ltr'>κοινά·</span> <span class='ocrx_word' id='word_1_684' title='bbox 1889 4873 2002 4925; x_wconf 79' lang='grc' dir='ltr'>οἷον</span> 
     </span>
    </p>
   </div>
   <div class='ocr_carea' id='block_1_84' title="bbox 361 4959 2006 5038">
    <p class='ocr_par' dir='ltr' id='par_1_84' title="bbox 361 4959 2006 5038">
     <span class='ocr_line' id='line_1_84' title="bbox 361 4959 2006 5038; baseline -0.001 -23"><span class='ocrx_word' id='word_1_685' title='bbox 361 4961 426 5016; x_wconf 86' lang='grc' dir='ltr'>τὸ</span> <span class='ocrx_word' id='word_1_686' title='bbox 467 4962 756 5038; x_wconf 74' lang='grc' dir='ltr'>ἄφθαρτον,</span> <span class='ocrx_word' id='word_1_687' title='bbox 788 4961 850 5014; x_wconf 85' lang='grc' dir='ltr'>τὸ</span> <span class='ocrx_word' id='word_1_688' title='bbox 900 4959 1175 5027; x_wconf 71' lang='grc' dir='ltr'>ἀθάνατον,</span> <span class='ocrx_word' id='word_1_689' title='bbox 1207 4961 1268 5014; x_wconf 82' lang='grc' dir='ltr'>τὸ</span> <span class='ocrx_word' id='word_1_690' title='bbox 1312 4959 1710 5028; x_wconf 80' lang='grc' dir='ltr'>ἀναλλοίωτον,</span> <span class='ocrx_word' id='word_1_691' title='bbox 1739 4960 1802 5015; x_wconf 88' lang='grc' dir='ltr'>τὸ</span> <span class='ocrx_word' id='word_1_692' title='bbox 1844 4960 2006 5033; x_wconf 68' lang='grc' dir='ltr'>ἀψει-</span> 
     </span>
    </p>
   </div>
   <div class='ocr_carea' id='block_1_85' title="bbox 365 5046 2008 5120">
    <p class='ocr_par' dir='ltr' id='par_1_85' title="bbox 365 5046 2008 5120">
     <span class='ocr_line' id='line_1_85' title="bbox 365 5046 2008 5120; baseline 0 -16"><span class='ocrx_word' id='word_1_693' title='bbox 365 5047 474 5116; x_wconf 64' lang='lat' dir='ltr'>asc,</span> <span class='ocrx_word' id='word_1_694' title='bbox 528 5050 616 5104; x_wconf 82' lang='grc' dir='ltr'>καὶ</span> <span class='ocrx_word' id='word_1_695' title='bbox 676 5050 775 5103; x_wconf 82' lang='grc' dir='ltr'>ὅσα</span> <span class='ocrx_word' id='word_1_696' title='bbox 829 5052 1072 5104; x_wconf 87' lang='grc' dir='ltr'>τοιαῦτα.</span> <span class='ocrx_word' id='word_1_697' title='bbox 1132 5049 1322 5120; x_wconf 78' lang='grc' dir='ltr'>Ἀνόμ.</span> <span class='ocrx_word' id='word_1_698' title='bbox 1367 5047 1574 5110; x_wconf 77' lang='grc' dir='ltr'>’Ἄλλος</span> <span class='ocrx_word' id='word_1_699' title='bbox 1633 5046 1724 5103; x_wconf 80' lang='grc' dir='ltr'>οὖν</span> <span class='ocrx_word' id='word_1_700' title='bbox 1785 5049 1924 5103; x_wconf 78' lang='grc' dir='ltr'>ἐστιν</span> <span class='ocrx_word' id='word_1_701' title='bbox 1979 5050 2008 5104; x_wconf 76' lang='grc' dir='ltr'>ὁ</span> 
     </span>
    </p>
   </div>
   <div class='ocr_carea' id='block_1_86' title="bbox 363 5135 2010 5214">
    <p class='ocr_par' dir='ltr' id='par_1_86' title="bbox 363 5135 2010 5214">
     <span class='ocr_line' id='line_1_86' title="bbox 363 5135 2010 5214; baseline -0.003 -18"><span class='ocrx_word' id='word_1_702' title='bbox 363 5140 514 5208; x_wconf 84' lang='grc' dir='ltr'>Θεὸς,</span> <span class='ocrx_word' id='word_1_703' title='bbox 548 5137 637 5193; x_wconf 72' lang='grc' dir='ltr'>καὶ</span> <span class='ocrx_word' id='word_1_704' title='bbox 697 5137 867 5199; x_wconf 69' lang='grc' dir='ltr'>ἄλλος</span> <span class='ocrx_word' id='word_1_705' title='bbox 925 5138 952 5191; x_wconf 88' lang='grc' dir='ltr'>ὁ</span> <span class='ocrx_word' id='word_1_706' title='bbox 1003 5140 1188 5212; x_wconf 73' lang='grc' dir='ltr'>Πατήρ</span> <span class='ocrx_word' id='word_1_707' title='bbox 1214 5140 1404 5212; x_wconf 61' lang='grc' dir='ltr'>γὈρΘ.</span> <span class='ocrx_word' id='word_1_708' title='bbox 1441 5139 1532 5205; x_wconf 76' lang='grc' dir='ltr'>Μὴ</span> <span class='ocrx_word' id='word_1_709' title='bbox 1586 5139 1828 5214; x_wconf 76' lang='grc' dir='ltr'>γὲνοιτοί</span> <span class='ocrx_word' id='word_1_710' title='bbox 1864 5135 2010 5191; x_wconf 80' lang='grc' dir='ltr'>ἀλλὰ</span> 
     </span>
    </p>
   </div>
   <div class='ocr_carea' id='block_1_87' title="bbox 362 5223 2005 5305">
    <p class='ocr_par' dir='ltr' id='par_1_87' title="bbox 362 5223 2005 5305">
     <span class='ocr_line' id='line_1_87' title="bbox 362 5223 2005 5305; baseline -0.002 -21"><span class='ocrx_word' id='word_1_711' title='bbox 362 5230 446 5296; x_wconf 85' lang='grc' dir='ltr'>τὸ,</span> <span class='ocrx_word' id='word_1_712' title='bbox 479 5228 632 5291; x_wconf 83' lang='grc' dir='ltr'>Θεὸς.</span> <span class='ocrx_word' id='word_1_713' title='bbox 664 5229 764 5296; x_wconf 77' lang='grc' dir='ltr'>τήν</span> <span class='ocrx_word' id='word_1_714' title='bbox 792 5225 948 5305; x_wconf 77' lang='grc' dir='ltr'>φύσιν</span> <span class='ocrx_word' id='word_1_715' title='bbox 1000 5224 1185 5297; x_wconf 84' lang='grc' dir='ltr'>δηλοῖ,</span> <span class='ocrx_word' id='word_1_716' title='bbox 1217 5228 1279 5282; x_wconf 85' lang='grc' dir='ltr'>τὸ</span> <span class='ocrx_word' id='word_1_717' title='bbox 1329 5223 1387 5282; x_wconf 68' lang='grc' dir='ltr'>δὲ</span> <span class='ocrx_word' id='word_1_718' title='bbox 1437 5227 1645 5301; x_wconf 79' lang='grc' dir='ltr'>Πατὴρ,</span> <span class='ocrx_word' id='word_1_719' title='bbox 1675 5227 1774 5295; x_wconf 79' lang='grc' dir='ltr'>τήν</span> <span class='ocrx_word' id='word_1_720' title='bbox 1822 5227 2005 5302; x_wconf 74' lang='grc' dir='ltr'>σχέσιν</span> 
     </span>
    </p>
   </div>
   <div class='ocr_carea' id='block_1_88' title="bbox 435 5379 2002 5451">
    <p class='ocr_par' dir='ltr' id='par_1_88' title="bbox 435 5379 2002 5451">
     <span class='ocr_line' id='line_1_88' title="bbox 435 5379 2002 5451; baseline -0.003 -12"><span class='ocrx_word' id='word_1_721' title='bbox 435 5383 482 5418; x_wconf 76' lang='grc'><strong>²⁴</strong></span> <span class='ocrx_word' id='word_1_722' title='bbox 511 5381 698 5439; x_wconf 86' lang='lat' dir='ltr'>Galat.</span> <span class='ocrx_word' id='word_1_723' title='bbox 734 5397 796 5451; x_wconf 89' lang='grc' dir='ltr'>ιι,</span> <span class='ocrx_word' id='word_1_724' title='bbox 831 5381 916 5437; x_wconf 85' lang='grc'>14.</span> <span class='ocrx_word' id='word_1_725' title='bbox 993 5381 1038 5415; x_wconf 80' lang='grc'>³⁸</span> <span class='ocrx_word' id='word_1_726' title='bbox 1071 5381 1089 5436; x_wconf 90' lang='lat' dir='ltr'>l</span> <span class='ocrx_word' id='word_1_727' title='bbox 1119 5383 1243 5436; x_wconf 89' lang='lat' dir='ltr'>Cor.</span> <span class='ocrx_word' id='word_1_728' title='bbox 1277 5396 1354 5448; x_wconf 85' lang='lat' dir='ltr'>1v,</span> <span class='ocrx_word' id='word_1_729' title='bbox 1381 5381 1434 5435; x_wconf 81' lang='grc'>4.</span> <span class='ocrx_word' id='word_1_730' title='bbox 1514 5380 1559 5415; x_wconf 80' lang='grc'>³⁸</span> <span class='ocrx_word' id='word_1_731' title='bbox 1591 5380 1640 5435; x_wconf 86' lang='grc' dir='ltr'>Π</span> <span class='ocrx_word' id='word_1_732' title='bbox 1672 5379 1820 5438; x_wconf 89' lang='lat' dir='ltr'>Petr.</span> <span class='ocrx_word' id='word_1_733' title='bbox 1851 5397 1915 5449; x_wconf 83' lang='grc' dir='ltr'>ιι,</span> <span class='ocrx_word' id='word_1_734' title='bbox 1950 5381 2002 5436; x_wconf 84' lang='grc'>4.</span> 
     </span>
    </p>
   </div>
   <div class='ocr_carea' id='block_1_89' title="bbox 436 5545 1274 5622">
    <p class='ocr_par' dir='ltr' id='par_1_89' title="bbox 436 5545 1274 5622">
     <span class='ocr_line' id='line_1_89' title="bbox 436 5545 1274 5622; baseline -0.005 -16"><span class='ocrx_word' id='word_1_735' title='bbox 436 5551 550 5622; x_wconf 88' lang='grc'>(89)</span> <span class='ocrx_word' id='word_1_736' title='bbox 581 5549 785 5618; x_wconf 59' lang='lat' dir='ltr'>Palat,</span> <span class='ocrx_word' id='word_1_737' title='bbox 820 5546 921 5605; x_wconf 82' lang='grc' dir='ltr'>Καὶ</span> <span class='ocrx_word' id='word_1_738' title='bbox 954 5545 1056 5622; x_wconf 75' lang='grc' dir='ltr'>γὰρ</span> <span class='ocrx_word' id='word_1_739' title='bbox 1087 5547 1274 5620; x_wconf 82' lang='grc' dir='ltr'>ἡμεῖς.</span> 
     </span>
    </p>
   </div>
   <div class='ocr_carea' id='block_1_90' title="bbox 442 5622 1608 5700">
    <p class='ocr_par' dir='ltr' id='par_1_90' title="bbox 442 5622 1608 5700">
     <span class='ocr_line' id='line_1_90' title="bbox 442 5622 1608 5700; baseline 0 0"><span class='ocrx_word' id='word_1_740' title='bbox 442 5622 549 5700; x_wconf 62' lang='lat'>(.99)</span> <span class='ocrx_word' id='word_1_741' title='bbox 581 5622 767 5700; x_wconf 69' lang='grc' dir='ltr'>Ερνιθρ</span> <span class='ocrx_word' id='word_1_742' title='bbox 799 5624 1106 5700; x_wconf 43' lang='lat' dir='ltr'>“time-</span> <span class='ocrx_word' id='word_1_743' title='bbox 1289 5688 1301 5700; x_wconf 91' lang='lat'>.</span> <span class='ocrx_word' id='word_1_744' title='bbox 1385 5688 1398 5700; x_wconf 93' lang='lat'>.</span> <span class='ocrx_word' id='word_1_745' title='bbox 1552 5690 1608 5700; x_wconf 72' lang='lat'>-.</span> 
     </span>
    </p>
   </div>
   <div class='ocr_carea' id='block_1_91' title="bbox 437 5686 2016 5768">
    <p class='ocr_par' dir='ltr' id='par_1_91' title="bbox 437 5686 2016 5768">
     <span class='ocr_line' id='line_1_91' title="bbox 437 5686 2016 5768; baseline -0.003 -20"><span class='ocrx_word' id='word_1_746' title='bbox 437 5686 554 5768; x_wconf 84' lang='grc'>(91)</span> <span class='ocrx_word' id='word_1_747' title='bbox 583 5693 696 5762; x_wconf 79' lang='grc' dir='ltr'>Τὴν</span> <span class='ocrx_word' id='word_1_748' title='bbox 737 5686 1013 5768; x_wconf 78' lang='grc' dir='ltr'>ἀτρεψίαν,</span> <span class='ocrx_word' id='word_1_749' title='bbox 1074 5688 1307 5768; x_wconf 75' lang='grc' dir='ltr'>ἅτρεπτά</span> <span class='ocrx_word' id='word_1_750' title='bbox 1356 5688 1511 5747; x_wconf 75' lang='grc' dir='ltr'>εἰσιν.</span> <span class='ocrx_word' id='word_1_751' title='bbox 1551 5690 1644 5746; x_wconf 86' lang='lat' dir='ltr'>Sic</span> <span class='ocrx_word' id='word_1_752' title='bbox 1696 5690 1900 5762; x_wconf 84' lang='lat' dir='ltr'>Palat.,</span> <span class='ocrx_word' id='word_1_753' title='bbox 1946 5686 2016 5745; x_wconf 86' lang='grc' dir='ltr'>δι’</span> 
     </span>
    </p>
   </div>
   <div class='ocr_carea' id='block_1_92' title="bbox 2167 3359 3752 3440">
    <p class='ocr_par' dir='ltr' id='par_1_92' title="bbox 2167 3359 3752 3440">
     <span class='ocr_line' id='line_1_92' title="bbox 2167 3359 3752 3440; baseline 0.007 -26"><span class='ocrx_word' id='word_1_754' title='bbox 2167 3361 2257 3415; x_wconf 82' lang='grc'>25.</span> <span class='ocrx_word' id='word_1_755' title='bbox 2286 3365 2480 3416; x_wconf 80' lang='lat' dir='ltr'>Anam.</span> <span class='ocrx_word' id='word_1_756' title='bbox 2512 3359 2840 3418; x_wconf 88' lang='lat' dir='ltr'>Enimvero.</span> <span class='ocrx_word' id='word_1_757' title='bbox 2874 3365 3030 3420; x_wconf 89' lang='lat' dir='ltr'>unde</span> <span class='ocrx_word' id='word_1_758' title='bbox 3059 3365 3204 3421; x_wconf 89' lang='lat' dir='ltr'>illud</span> <span class='ocrx_word' id='word_1_759' title='bbox 3255 3367 3429 3424; x_wconf 89' lang='lat' dir='ltr'>habet</span> <span class='ocrx_word' id='word_1_760' title='bbox 3475 3370 3752 3440; x_wconf 64' lang='lat' dir='ltr'>Spiritus.</span> 
     </span>
    </p>
   </div>
   <div class='ocr_carea' id='block_1_93' title="bbox 2105 3449 3754 3529">
    <p class='ocr_par' dir='ltr' id='par_1_93' title="bbox 2105 3449 3754 3529">
     <span class='ocr_line' id='line_1_93' title="bbox 2105 3449 3754 3529; baseline 0.007 -26"><span class='ocrx_word' id='word_1_761' title='bbox 2105 3453 2164 3503; x_wconf 85' lang='lat' dir='ltr'>ut</span> <span class='ocrx_word' id='word_1_762' title='bbox 2195 3449 2408 3504; x_wconf 89' lang='lat' dir='ltr'>mutari</span> <span class='ocrx_word' id='word_1_763' title='bbox 2443 3466 2554 3505; x_wconf 94' lang='lat' dir='ltr'>non</span> <span class='ocrx_word' id='word_1_764' title='bbox 2588 3450 2815 3522; x_wconf 83' lang='lat' dir='ltr'>possit?</span> <span class='ocrx_word' id='word_1_765' title='bbox 2846 3453 2994 3508; x_wconf 80' lang='lat' dir='ltr'>Orth.</span> <span class='ocrx_word' id='word_1_766' title='bbox 3027 3454 3187 3517; x_wconf 88' lang='lat' dir='ltr'>Quod</span> <span class='ocrx_word' id='word_1_767' title='bbox 3221 3455 3351 3511; x_wconf 87' lang='lat' dir='ltr'>aliis</span> <span class='ocrx_word' id='word_1_768' title='bbox 3394 3461 3608 3529; x_wconf 59' lang='lat' dir='ltr'>prabet</span> <span class='ocrx_word' id='word_1_769' title='bbox 3638 3461 3754 3515; x_wconf 91' lang='lat' dir='ltr'>im-</span> 
     </span>
    </p>
   </div>
   <div class='ocr_carea' id='block_1_94' title="bbox 2105 3537 3753 3604">
    <p class='ocr_par' dir='ltr' id='par_1_94' title="bbox 2105 3537 3753 3604">
     <span class='ocr_line' id='line_1_94' title="bbox 2105 3537 3753 3604; baseline 0.007 -12"><span class='ocrx_word' id='word_1_770' title='bbox 2105 3537 2580 3604; x_wconf 81' lang='lat' dir='ltr'>mutabilitatem,</span> <span class='ocrx_word' id='word_1_771' title='bbox 2622 3557 2858 3596; x_wconf 86' lang='lat' dir='ltr'>necesse</span> <span class='ocrx_word' id='word_1_772' title='bbox 2905 3548 2994 3597; x_wconf 88' lang='lat' dir='ltr'>est</span> <span class='ocrx_word' id='word_1_773' title='bbox 3042 3549 3251 3600; x_wconf 88' lang='lat' dir='ltr'>natura</span> <span class='ocrx_word' id='word_1_774' title='bbox 3299 3563 3425 3601; x_wconf 79' lang='lat' dir='ltr'>esse</span> <span class='ocrx_word' id='word_1_775' title='bbox 3475 3548 3753 3603; x_wconf 87' lang='lat' dir='ltr'>immuta-</span> 
     </span>
    </p>
   </div>
   <div class='ocr_carea' id='block_1_95' title="bbox 2104 3626 3750 3705">
    <p class='ocr_par' dir='ltr' id='par_1_95' title="bbox 2104 3626 3750 3705">
     <span class='ocr_line' id='line_1_95' title="bbox 2104 3626 3750 3705; baseline 0.007 -25"><span class='ocrx_word' id='word_1_776' title='bbox 2104 3626 2235 3680; x_wconf 61' lang='lat' dir='ltr'>bile.</span> <span class='ocrx_word' id='word_1_777' title='bbox 2271 3629 2463 3682; x_wconf 84' lang='lat' dir='ltr'>Anam.</span> <span class='ocrx_word' id='word_1_778' title='bbox 2498 3632 2644 3682; x_wconf 89' lang='lat' dir='ltr'>Sunt</span> <span class='ocrx_word' id='word_1_779' title='bbox 2675 3629 2854 3700; x_wconf 81' lang='lat' dir='ltr'>igitur</span> <span class='ocrx_word' id='word_1_780' title='bbox 2892 3633 3045 3687; x_wconf 70' lang='lat'>422</span> <span class='ocrx_word' id='word_1_781' title='bbox 3096 3633 3210 3688; x_wconf 89' lang='lat' dir='ltr'>alia</span> <span class='ocrx_word' id='word_1_782' title='bbox 3261 3652 3494 3705; x_wconf 85' lang='lat' dir='ltr'>quoque</span> <span class='ocrx_word' id='word_1_783' title='bbox 3527 3636 3750 3691; x_wconf 89' lang='lat' dir='ltr'>immu-</span> 
     </span>
    </p>
   </div>
   <div class='ocr_carea' id='block_1_96' title="bbox 2103 3717 3754 3792">
    <p class='ocr_par' dir='ltr' id='par_1_96' title="bbox 2103 3717 3754 3792">
     <span class='ocr_line' id='line_1_96' title="bbox 2103 3717 3754 3792; baseline 0.005 -22"><span class='ocrx_word' id='word_1_784' title='bbox 2103 3717 2324 3770; x_wconf 86' lang='lat' dir='ltr'>tabilia.</span> <span class='ocrx_word' id='word_1_785' title='bbox 2358 3717 2502 3771; x_wconf 85' lang='lat' dir='ltr'>Nam</span> <span class='ocrx_word' id='word_1_786' title='bbox 2536 3717 2583 3772; x_wconf 92' lang='lat' dir='ltr'>si</span> <span class='ocrx_word' id='word_1_787' title='bbox 2625 3718 2754 3774; x_wconf 89' lang='lat' dir='ltr'>aliis</span> <span class='ocrx_word' id='word_1_788' title='bbox 2788 3725 3026 3790; x_wconf 58' lang='lat' dir='ltr'>prastat</span> <span class='ocrx_word' id='word_1_789' title='bbox 3055 3721 3308 3792; x_wconf 86' lang='lat' dir='ltr'>Spiritus</span> <span class='ocrx_word' id='word_1_790' title='bbox 3340 3723 3500 3777; x_wconf 86' lang='lat' dir='ltr'>illam</span> <span class='ocrx_word' id='word_1_791' title='bbox 3533 3725 3754 3779; x_wconf 90' lang='lat' dir='ltr'>immu-</span> 
     </span>
    </p>
   </div>
   <div class='ocr_carea' id='block_1_97' title="bbox 2105 3803 3753 3878">
    <p class='ocr_par' dir='ltr' id='par_1_97' title="bbox 2105 3803 3753 3878">
     <span class='ocr_line' id='line_1_97' title="bbox 2105 3803 3753 3878; baseline 0.007 -21"><span class='ocrx_word' id='word_1_792' title='bbox 2105 3803 2474 3871; x_wconf 87' lang='lat' dir='ltr'>tabilitatem,</span> <span class='ocrx_word' id='word_1_793' title='bbox 2519 3821 2728 3877; x_wconf 89' lang='lat' dir='ltr'>nempe</span> <span class='ocrx_word' id='word_1_794' title='bbox 2775 3807 2894 3873; x_wconf 90' lang='lat' dir='ltr'>illa,</span> <span class='ocrx_word' id='word_1_795' title='bbox 2945 3808 3162 3878; x_wconf 83' lang='lat' dir='ltr'>quibus</span> <span class='ocrx_word' id='word_1_796' title='bbox 3213 3810 3753 3868; x_wconf 88' lang='lat' dir='ltr'>immulabilitatem</span> 
     </span>
    </p>
   </div>
   <div class='ocr_carea' id='block_1_98' title="bbox 2106 3893 3756 3963">
    <p class='ocr_par' dir='ltr' id='par_1_98' title="bbox 2106 3893 3756 3963">
     <span class='ocr_line' id='line_1_98' title="bbox 2106 3893 3756 3963; baseline 0.006 -17"><span class='ocrx_word' id='word_1_797' title='bbox 2106 3893 2265 3948; x_wconf 87' lang='lat' dir='ltr'>illam</span> <span class='ocrx_word' id='word_1_798' title='bbox 2326 3893 2544 3963; x_wconf 65' lang='lat' dir='ltr'>praebet</span> <span class='ocrx_word' id='word_1_799' title='bbox 2601 3893 2876 3962; x_wconf 90' lang='lat' dir='ltr'>Spiritus,</span> <span class='ocrx_word' id='word_1_800' title='bbox 2935 3896 3109 3951; x_wconf 86' lang='lat' dir='ltr'>etiam</span> <span class='ocrx_word' id='word_1_801' title='bbox 3172 3904 3312 3952; x_wconf 89' lang='lat' dir='ltr'>sunt</span> <span class='ocrx_word' id='word_1_802' title='bbox 3359 3900 3756 3957; x_wconf 86' lang='lat' dir='ltr'>immutabilia</span> 
     </span>
    </p>
   </div>
   <div class='ocr_carea' id='block_1_99' title="bbox 2109 3981 3760 4059">
    <p class='ocr_par' dir='ltr' id='par_1_99' title="bbox 2109 3981 3760 4059">
     <span class='ocr_line' id='line_1_99' title="bbox 2109 3981 3760 4059; baseline 0.005 -23"><span class='ocrx_word' id='word_1_803' title='bbox 2109 3981 2258 4036; x_wconf 82' lang='lat' dir='ltr'>Orth.</span> <span class='ocrx_word' id='word_1_804' title='bbox 2291 3981 2397 4036; x_wconf 85' lang='lat' dir='ltr'>Sed</span> <span class='ocrx_word' id='word_1_805' title='bbox 2431 3984 2696 4052; x_wconf 66' lang='lat' dir='ltr'>quaedam</span> <span class='ocrx_word' id='word_1_806' title='bbox 2731 3989 2871 4038; x_wconf 90' lang='lat' dir='ltr'>sunt</span> <span class='ocrx_word' id='word_1_807' title='bbox 2895 3985 3289 4040; x_wconf 82' lang='lat' dir='ltr'>immutabilia</span> <span class='ocrx_word' id='word_1_808' title='bbox 3317 3989 3760 4059; x_wconf 85' lang='lat' dir='ltr'>participatione</span> 
     </span>
    </p>
   </div>
   <div class='ocr_carea' id='block_1_100' title="bbox 2108 4071 3760 4146">
    <p class='ocr_par' dir='ltr' id='par_1_100' title="bbox 2108 4071 3760 4146">
     <span class='ocr_line' id='line_1_100' title="bbox 2108 4071 3760 4146; baseline 0.005 -22"><span class='ocrx_word' id='word_1_809' title='bbox 2108 4071 2374 4142; x_wconf 64' lang='lat' dir='ltr'>quaedam</span> <span class='ocrx_word' id='word_1_810' title='bbox 2411 4074 2636 4137; x_wconf 88' lang='lat' dir='ltr'>natura,</span> <span class='ocrx_word' id='word_1_811' title='bbox 2673 4076 2736 4126; x_wconf 89' lang='lat' dir='ltr'>ut</span> <span class='ocrx_word' id='word_1_812' title='bbox 2768 4073 2920 4143; x_wconf 87' lang='lat' dir='ltr'>ignis</span> <span class='ocrx_word' id='word_1_813' title='bbox 2952 4079 3162 4128; x_wconf 88' lang='lat' dir='ltr'>natura</span> <span class='ocrx_word' id='word_1_814' title='bbox 3192 4074 3428 4146; x_wconf 89' lang='lat' dir='ltr'>quidem</span> <span class='ocrx_word' id='word_1_815' title='bbox 3463 4081 3552 4132; x_wconf 84' lang='lat' dir='ltr'>est</span> <span class='ocrx_word' id='word_1_816' title='bbox 3583 4093 3760 4134; x_wconf 88' lang='lat' dir='ltr'>urens</span> 
     </span>
    </p>
   </div>
   <div class='ocr_carea' id='block_1_101' title="bbox 2109 4160 3763 4236">
    <p class='ocr_par' dir='ltr' id='par_1_101' title="bbox 2109 4160 3763 4236">
     <span class='ocr_line' id='line_1_101' title="bbox 2109 4160 3763 4236; baseline 0.005 -23"><span class='ocrx_word' id='word_1_817' title='bbox 2109 4175 2257 4230; x_wconf 87' lang='lat' dir='ltr'>aqua</span> <span class='ocrx_word' id='word_1_818' title='bbox 2287 4175 2418 4214; x_wconf 91' lang='lat' dir='ltr'>vero</span> <span class='ocrx_word' id='word_1_819' title='bbox 2449 4161 2716 4230; x_wconf 87' lang='lat' dir='ltr'>apposito</span> <span class='ocrx_word' id='word_1_820' title='bbox 2755 4160 2888 4231; x_wconf 88' lang='lat' dir='ltr'>igne</span> <span class='ocrx_word' id='word_1_821' title='bbox 2937 4161 3001 4216; x_wconf 87' lang='lat' dir='ltr'>ﬁt</span> <span class='ocrx_word' id='word_1_822' title='bbox 3031 4179 3227 4218; x_wconf 91' lang='lat' dir='ltr'>urens.</span> <span class='ocrx_word' id='word_1_823' title='bbox 3263 4165 3346 4219; x_wconf 88' lang='lat' dir='ltr'>Ita</span> <span class='ocrx_word' id='word_1_824' title='bbox 3391 4165 3642 4236; x_wconf 91' lang='lat' dir='ltr'>Spiritus</span> <span class='ocrx_word' id='word_1_825' title='bbox 3673 4171 3763 4222; x_wconf 87' lang='lat' dir='ltr'>est</span> 
     </span>
    </p>
   </div>
   <div class='ocr_carea' id='block_1_102' title="bbox 2112 4246 3766 4326">
    <p class='ocr_par' dir='ltr' id='par_1_102' title="bbox 2112 4246 3766 4326">
     <span class='ocr_line' id='line_1_102' title="bbox 2112 4246 3766 4326; baseline 0.006 -26"><span class='ocrx_word' id='word_1_826' title='bbox 2112 4254 2318 4302; x_wconf 87' lang='lat' dir='ltr'>natura</span> <span class='ocrx_word' id='word_1_827' title='bbox 2350 4246 2736 4302; x_wconf 85' lang='lat' dir='ltr'>immutabilis</span> <span class='ocrx_word' id='word_1_828' title='bbox 2771 4265 2782 4302; x_wconf 92' lang='lat'>:</span> <span class='ocrx_word' id='word_1_829' title='bbox 2814 4249 2913 4320; x_wconf 90' lang='lat' dir='ltr'>qui</span> <span class='ocrx_word' id='word_1_830' title='bbox 2962 4267 3093 4306; x_wconf 90' lang='lat' dir='ltr'>vero</span> <span class='ocrx_word' id='word_1_831' title='bbox 3140 4251 3274 4307; x_wconf 84' lang='lat' dir='ltr'>facti</span> <span class='ocrx_word' id='word_1_832' title='bbox 3308 4259 3448 4308; x_wconf 89' lang='lat' dir='ltr'>sunt</span> <span class='ocrx_word' id='word_1_833' title='bbox 3476 4255 3603 4324; x_wconf 85' lang='lat' dir='ltr'>ejus</span> <span class='ocrx_word' id='word_1_834' title='bbox 3637 4271 3766 4326; x_wconf 87' lang='lat' dir='ltr'>par-</span> 
     </span>
    </p>
   </div>
   <div class='ocr_carea' id='block_1_103' title="bbox 2109 4336 3760 4409">
    <p class='ocr_par' dir='ltr' id='par_1_103' title="bbox 2109 4336 3760 4409">
     <span class='ocr_line' id='line_1_103' title="bbox 2109 4336 3760 4409; baseline 0.005 -19"><span class='ocrx_word' id='word_1_835' title='bbox 2109 4337 2337 4407; x_wconf 85' lang='lat' dir='ltr'>ticipes,</span> <span class='ocrx_word' id='word_1_836' title='bbox 2408 4336 2516 4390; x_wconf 89' lang='lat' dir='ltr'>hac</span> <span class='ocrx_word' id='word_1_837' title='bbox 2593 4337 3036 4409; x_wconf 87' lang='lat' dir='ltr'>participatione</span> <span class='ocrx_word' id='word_1_838' title='bbox 3121 4341 3269 4396; x_wconf 84' lang='lat' dir='ltr'>ﬁunt</span> <span class='ocrx_word' id='word_1_839' title='bbox 3357 4343 3760 4400; x_wconf 85' lang='lat' dir='ltr'>immutabiles</span> 
     </span>
    </p>
   </div>
   <div class='ocr_carea' id='block_1_104' title="bbox 2110 4424 3762 4502">
    <p class='ocr_par' dir='ltr' id='par_1_104' title="bbox 2110 4424 3762 4502">
     <span class='ocr_line' id='line_1_104' title="bbox 2110 4424 3762 4502; baseline 0.004 -22"><span class='ocrx_word' id='word_1_840' title='bbox 2110 4427 2300 4481; x_wconf 87' lang='lat' dir='ltr'>Anam.</span> <span class='ocrx_word' id='word_1_841' title='bbox 2361 4431 2446 4479; x_wconf 78' lang='lat' dir='ltr'>An</span> <span class='ocrx_word' id='word_1_842' title='bbox 2505 4424 2590 4479; x_wconf 86' lang='lat' dir='ltr'>vis</span> <span class='ocrx_word' id='word_1_843' title='bbox 2641 4427 2830 4482; x_wconf 87' lang='lat' dir='ltr'>dicere</span> <span class='ocrx_word' id='word_1_844' title='bbox 2887 4427 3052 4482; x_wconf 77' lang='lat' dir='ltr'>illun</span> <span class='ocrx_word' id='word_1_845' title='bbox 3103 4429 3294 4500; x_wconf 90' lang='lat' dir='ltr'>ipsum</span> <span class='ocrx_word' id='word_1_846' title='bbox 3335 4431 3612 4502; x_wconf 88' lang='lat' dir='ltr'>Spiritum</span> <span class='ocrx_word' id='word_1_847' title='bbox 3656 4432 3762 4488; x_wconf 89' lang='lat' dir='ltr'>Pa-</span> 
     </span>
    </p>
   </div>
   <div class='ocr_carea' id='block_1_105' title="bbox 2112 4513 3764 4592">
    <p class='ocr_par' dir='ltr' id='par_1_105' title="bbox 2112 4513 3764 4592">
     <span class='ocr_line' id='line_1_105' title="bbox 2112 4513 3764 4592; baseline 0.005 -23"><span class='ocrx_word' id='word_1_848' title='bbox 2112 4521 2260 4569; x_wconf 89' lang='lat' dir='ltr'>trem</span> <span class='ocrx_word' id='word_1_849' title='bbox 2291 4513 2648 4571; x_wconf 78' lang='lat' dir='ltr'>esse?0rth.</span> <span class='ocrx_word' id='word_1_850' title='bbox 2687 4515 3106 4572; x_wconf 78' lang='lat' dir='ltr'>Absit!‘Anom.</span> <span class='ocrx_word' id='word_1_851' title='bbox 3156 4520 3333 4590; x_wconf 82' lang='lat' dir='ltr'>Atqui</span> <span class='ocrx_word' id='word_1_852' title='bbox 3383 4521 3432 4575; x_wconf 89' lang='lat' dir='ltr'>si</span> <span class='ocrx_word' id='word_1_853' title='bbox 3491 4537 3764 4592; x_wconf 68' lang='lat' dir='ltr'>quaicun-</span> 
     </span>
    </p>
   </div>
   <div class='ocr_carea' id='block_1_106' title="bbox 2114 4603 3768 4681">
    <p class='ocr_par' dir='ltr' id='par_1_106' title="bbox 2114 4603 3768 4681">
     <span class='ocr_line' id='line_1_106' title="bbox 2114 4603 3768 4681; baseline 0.004 -23"><span class='ocrx_word' id='word_1_854' title='bbox 2114 4620 2226 4674; x_wconf 88' lang='lat' dir='ltr'>que</span> <span class='ocrx_word' id='word_1_855' title='bbox 2251 4607 2391 4658; x_wconf 89' lang='lat' dir='ltr'>sunt</span> <span class='ocrx_word' id='word_1_856' title='bbox 2421 4603 2572 4658; x_wconf 82' lang='lat' dir='ltr'>Patri</span> <span class='ocrx_word' id='word_1_857' title='bbox 2610 4605 2860 4675; x_wconf 86' lang='lat' dir='ltr'>pr0pria,</span> <span class='ocrx_word' id='word_1_858' title='bbox 2891 4611 3028 4660; x_wconf 90' lang='lat' dir='ltr'>sunt</span> <span class='ocrx_word' id='word_1_859' title='bbox 3057 4624 3288 4679; x_wconf 88' lang='lat' dir='ltr'>quoque</span> <span class='ocrx_word' id='word_1_860' title='bbox 3323 4609 3466 4664; x_wconf 83' lang='lat' dir='ltr'>Filio</span> <span class='ocrx_word' id='word_1_861' title='bbox 3498 4616 3555 4664; x_wconf 88' lang='lat' dir='ltr'>et</span> <span class='ocrx_word' id='word_1_862' title='bbox 3583 4609 3768 4681; x_wconf 87' lang='lat' dir='ltr'>Spiri-</span> 
     </span>
    </p>
   </div>
   <div class='ocr_carea' id='block_1_107' title="bbox 2115 4693 3766 4770">
    <p class='ocr_par' dir='ltr' id='par_1_107' title="bbox 2115 4693 3766 4770">
     <span class='ocr_line' id='line_1_107' title="bbox 2115 4693 3766 4770; baseline 0.005 -24"><span class='ocrx_word' id='word_1_863' title='bbox 2115 4693 2199 4746; x_wconf 92' lang='lat' dir='ltr'>tui</span> <span class='ocrx_word' id='word_1_864' title='bbox 2231 4693 2584 4758; x_wconf 89' lang='lat' dir='ltr'>communia,</span> <span class='ocrx_word' id='word_1_865' title='bbox 2611 4699 2836 4764; x_wconf 85' lang='lat' dir='ltr'>oportet</span> <span class='ocrx_word' id='word_1_866' title='bbox 2871 4701 2930 4748; x_wconf 92' lang='lat' dir='ltr'>ut</span> <span class='ocrx_word' id='word_1_867' title='bbox 2963 4695 3128 4750; x_wconf 83' lang='lat' dir='ltr'>Pater</span> <span class='ocrx_word' id='word_1_868' title='bbox 3156 4695 3234 4752; x_wconf 88' lang='lat' dir='ltr'>sit</span> <span class='ocrx_word' id='word_1_869' title='bbox 3263 4697 3387 4768; x_wconf 89' lang='lat' dir='ltr'>ipse</span> <span class='ocrx_word' id='word_1_870' title='bbox 3418 4699 3674 4770; x_wconf 86' lang='lat' dir='ltr'>Spiritus</span> <span class='ocrx_word' id='word_1_871' title='bbox 3705 4701 3766 4754; x_wconf 88' lang='lat' dir='ltr'>et</span> 
     </span>
    </p>
   </div>
   <div class='ocr_carea' id='block_1_108' title="bbox 2114 4781 3764 4856">
    <p class='ocr_par' dir='ltr' id='par_1_108' title="bbox 2114 4781 3764 4856">
     <span class='ocr_line' id='line_1_108' title="bbox 2114 4781 3764 4856; baseline 0.005 -21"><span class='ocrx_word' id='word_1_872' title='bbox 2114 4781 2318 4836; x_wconf 89' lang='lat' dir='ltr'>Filius.</span> <span class='ocrx_word' id='word_1_873' title='bbox 2371 4781 2522 4836; x_wconf 80' lang='lat' dir='ltr'>Orth.</span> <span class='ocrx_word' id='word_1_874' title='bbox 2570 4781 2692 4836; x_wconf 88' lang='lat' dir='ltr'>Non</span> <span class='ocrx_word' id='word_1_875' title='bbox 2734 4783 2873 4852; x_wconf 83' lang='lat' dir='ltr'>dixi,</span> <span class='ocrx_word' id='word_1_876' title='bbox 2925 4799 3050 4854; x_wconf 67' lang='lat' dir='ltr'>quae</span> <span class='ocrx_word' id='word_1_877' title='bbox 3098 4787 3330 4856; x_wconf 83' lang='lat' dir='ltr'>propria</span> <span class='ocrx_word' id='word_1_878' title='bbox 3377 4794 3514 4842; x_wconf 91' lang='lat' dir='ltr'>sunt</span> <span class='ocrx_word' id='word_1_879' title='bbox 3555 4788 3764 4844; x_wconf 90' lang='lat' dir='ltr'>Patris.</span> 
     </span>
    </p>
   </div>
   <div class='ocr_carea' id='block_1_109' title="bbox 2117 4870 3763 4942">
    <p class='ocr_par' dir='ltr' id='par_1_109' title="bbox 2117 4870 3763 4942">
     <span class='ocr_line' id='line_1_109' title="bbox 2117 4870 3763 4942; baseline 0.005 -18"><span class='ocrx_word' id='word_1_880' title='bbox 2117 4886 2244 4925; x_wconf 86' lang='lat' dir='ltr'>esse</span> <span class='ocrx_word' id='word_1_881' title='bbox 2275 4886 2506 4941; x_wconf 88' lang='lat' dir='ltr'>quoque</span> <span class='ocrx_word' id='word_1_882' title='bbox 2540 4870 2679 4924; x_wconf 78' lang='lat' dir='ltr'>Filio</span> <span class='ocrx_word' id='word_1_883' title='bbox 2724 4878 2779 4925; x_wconf 87' lang='lat' dir='ltr'>et</span> <span class='ocrx_word' id='word_1_884' title='bbox 2811 4872 3050 4942; x_wconf 88' lang='lat' dir='ltr'>Spiritui</span> <span class='ocrx_word' id='word_1_885' title='bbox 3074 4877 3404 4930; x_wconf 73' lang='lat' dir='ltr'>communir</span> <span class='ocrx_word' id='word_1_886' title='bbox 3448 4894 3460 4930; x_wconf 88' lang='lat'><strong>:</strong></span> <span class='ocrx_word' id='word_1_887' title='bbox 3497 4877 3596 4931; x_wconf 76' lang='lat' dir='ltr'>sed</span> <span class='ocrx_word' id='word_1_888' title='bbox 3642 4877 3763 4932; x_wconf 85' lang='lat' dir='ltr'>dixi</span> 
     </span>
    </p>
   </div>
   <div class='ocr_carea' id='block_1_110' title="bbox 2118 4962 3767 5032">
    <p class='ocr_par' dir='ltr' id='par_1_110' title="bbox 2118 4962 3767 5032">
     <span class='ocr_line' id='line_1_110' title="bbox 2118 4962 3767 5032; baseline 0.005 -18"><span class='ocrx_word' id='word_1_889' title='bbox 2118 4977 2204 5032; x_wconf 85' lang='lat' dir='ltr'>ea,</span> <span class='ocrx_word' id='word_1_890' title='bbox 2237 4977 2363 5032; x_wconf 70' lang='lat' dir='ltr'>quae</span> <span class='ocrx_word' id='word_1_891' title='bbox 2400 4962 2631 5032; x_wconf 89' lang='lat' dir='ltr'>propria</span> <span class='ocrx_word' id='word_1_892' title='bbox 2663 4968 2801 5017; x_wconf 85' lang='lat' dir='ltr'>sunt</span> <span class='ocrx_word' id='word_1_893' title='bbox 2853 4965 3196 5020; x_wconf 62' lang='lat' dir='ltr'>substantia;</span> <span class='ocrx_word' id='word_1_894' title='bbox 3233 4968 3350 5032; x_wconf 83' lang='lat' dir='ltr'>Dei,</span> <span class='ocrx_word' id='word_1_895' title='bbox 3385 4984 3510 5023; x_wconf 89' lang='lat' dir='ltr'>esse</span> <span class='ocrx_word' id='word_1_896' title='bbox 3541 4973 3595 5022; x_wconf 84' lang='lat' dir='ltr'>et</span> <span class='ocrx_word' id='word_1_897' title='bbox 3630 4968 3767 5023; x_wconf 73' lang='lat' dir='ltr'>Filio</span> 
     </span>
    </p>
   </div>
   <div class='ocr_carea' id='block_1_111' title="bbox 2118 5049 3767 5130">
    <p class='ocr_par' dir='ltr' id='par_1_111' title="bbox 2118 5049 3767 5130">
     <span class='ocr_line' id='line_1_111' title="bbox 2118 5049 3767 5130; baseline 0.005 -26"><span class='ocrx_word' id='word_1_898' title='bbox 2118 5053 2175 5104; x_wconf 90' lang='lat' dir='ltr'>et</span> <span class='ocrx_word' id='word_1_899' title='bbox 2214 5049 2452 5119; x_wconf 82' lang='lat' dir='ltr'>Spiritui</span> <span class='ocrx_word' id='word_1_900' title='bbox 2505 5055 2704 5105; x_wconf 90' lang='lat' dir='ltr'>sancto</span> <span class='ocrx_word' id='word_1_901' title='bbox 2747 5054 3104 5120; x_wconf 83' lang='lat' dir='ltr'>communia,</span> <span class='ocrx_word' id='word_1_902' title='bbox 3151 5060 3214 5108; x_wconf 89' lang='lat' dir='ltr'>ut</span> <span class='ocrx_word' id='word_1_903' title='bbox 3262 5056 3767 5130; x_wconf 87' lang='lat' dir='ltr'>incorruptibilem</span> 
     </span>
    </p>
   </div>
   <div class='ocr_carea' id='block_1_112' title="bbox 2118 5138 3769 5219">
    <p class='ocr_par' dir='ltr' id='par_1_112' title="bbox 2118 5138 3769 5219">
     <span class='ocr_line' id='line_1_112' title="bbox 2118 5138 3769 5219; baseline 0.007 -27"><span class='ocrx_word' id='word_1_904' title='bbox 2118 5138 2532 5208; x_wconf 87' lang='lat' dir='ltr'>immortalem,</span> <span class='ocrx_word' id='word_1_905' title='bbox 2556 5140 2984 5197; x_wconf 85' lang='lat' dir='ltr'>immutabilem</span> <span class='ocrx_word' id='word_1_906' title='bbox 3018 5159 3166 5210; x_wconf 88' lang='lat' dir='ltr'>esse,</span> <span class='ocrx_word' id='word_1_907' title='bbox 3187 5146 3421 5200; x_wconf 88' lang='lat' dir='ltr'>mentiri</span> <span class='ocrx_word' id='word_1_908' title='bbox 3454 5165 3566 5203; x_wconf 91' lang='lat' dir='ltr'>non</span> <span class='ocrx_word' id='word_1_909' title='bbox 3598 5163 3769 5219; x_wconf 86' lang='lat' dir='ltr'>posse</span> 
     </span>
    </p>
   </div>
   <div class='ocr_carea' id='block_1_113' title="bbox 2119 5227 3770 5306">
    <p class='ocr_par' dir='ltr' id='par_1_113' title="bbox 2119 5227 3770 5306">
     <span class='ocr_line' id='line_1_113' title="bbox 2119 5227 3770 5306; baseline 0.005 -25"><span class='ocrx_word' id='word_1_910' title='bbox 2119 5232 2176 5282; x_wconf 91' lang='lat' dir='ltr'>et</span> <span class='ocrx_word' id='word_1_911' title='bbox 2206 5243 2570 5298; x_wconf 69' lang='lat' dir='ltr'>quaecunque</span> <span class='ocrx_word' id='word_1_912' title='bbox 2602 5234 2741 5283; x_wconf 78' lang='lat' dir='ltr'>sunt</span> <span class='ocrx_word' id='word_1_913' title='bbox 2763 5227 3126 5301; x_wconf 88' lang='lat' dir='ltr'>hujusmodi.</span> <span class='ocrx_word' id='word_1_914' title='bbox 3147 5234 3338 5289; x_wconf 87' lang='lat' dir='ltr'>Anam.</span> <span class='ocrx_word' id='word_1_915' title='bbox 3375 5235 3596 5306; x_wconf 80' lang='lat' dir='ltr'>Ergone</span> <span class='ocrx_word' id='word_1_916' title='bbox 3619 5235 3770 5290; x_wconf 88' lang='lat' dir='ltr'>alius</span> 
     </span>
    </p>
   </div>
   <div class='ocr_carea' id='block_1_114' title="bbox 2124 5545 2562 5619">
    <p class='ocr_par' dir='ltr' id='par_1_114' title="bbox 2124 5545 2562 5619">
     <span class='ocr_line' id='line_1_114' title="bbox 2124 5545 2562 5619; baseline 0.007 -17"><span class='ocrx_word' id='word_1_917' title='bbox 2124 5545 2562 5619; x_wconf 74' lang='grc' dir='ltr'>ὁμοιοτὲλευτον.</span> 
     </span>
    </p>
   </div>
   <div class='ocr_carea' id='block_1_115' title="bbox 2195 5619 3532 5698">
    <p class='ocr_par' dir='ltr' id='par_1_115' title="bbox 2195 5619 3532 5698">
     <span class='ocr_line' id='line_1_115' title="bbox 2195 5619 3532 5698; baseline 0.005 -23"><span class='ocrx_word' id='word_1_918' title='bbox 2195 5621 2308 5692; x_wconf 78' lang='grc'>(92)</span> <span class='ocrx_word' id='word_1_919' title='bbox 2338 5621 2524 5697; x_wconf 73' lang='grc' dir='ltr'>Πατήρ</span> <span class='ocrx_word' id='word_1_920' title='bbox 2557 5619 2686 5675; x_wconf 74' lang='grc' dir='ltr'>εἶναι</span> <span class='ocrx_word' id='word_1_921' title='bbox 2718 5621 2846 5678; x_wconf 83' lang='grc' dir='ltr'>αὐτὸ</span> <span class='ocrx_word' id='word_1_922' title='bbox 2876 5625 3117 5698; x_wconf 80' lang='grc' dir='ltr'>Πνεῦμα.</span> <span class='ocrx_word' id='word_1_923' title='bbox 3152 5625 3302 5681; x_wconf 81' lang='lat' dir='ltr'>Edit.</span> <span class='ocrx_word' id='word_1_924' title='bbox 3337 5625 3532 5698; x_wconf 83' lang='lat' dir='ltr'>Steph.</span> 
     </span>
    </p>
   </div>
  </div>
