4092 6218
426 353 572 408 H5!)

422 571 723 643 posterior,
756 575 807 624 et
842 573 997 623 extra
1035 571 1256 640 patrem
1293 582 1485 620 meum
1524 584 1536 620 :
1570 565 1670 619 lux
1693 581 1826 620 vero
1857 581 1923 619 ex
1957 563 2076 618 sole

419 668 724 730 est,neque
759 665 947 712 tamen
986 655 1272 728 posterior
1302 659 1390 708 est
1421 654 1759 725 sole,neque
1789 658 1950 707 extra
1981 670 2075 708 so-

420 751 555 816 lem,
593 751 688 802 sed
725 747 898 802 simul
934 755 1108 818 atque
1141 745 1246 802 sol.
1282 750 1336 799 et
1365 744 1420 798 in
1457 743 1598 813 sole,
1633 749 1690 798 et
1720 759 1851 797 cum
1904 741 2024 796 sole
2060 757 2071 796 :

427 839 742 908 fragrantia
776 851 1006 907 quoque.
1038 852 1102 887 ex
1139 837 1435 904 unguento
1465 838 1690 898 est,nec
1719 835 1910 885 tamen
1947 834 2078 900 post

423 932 1005 998 unguentummeque
1023 928 1184 976 extra
1200 920 1692 992 unguentum,sed
1710 918 1880 974 simul
1901 924 2074 989 atque

424 1018 876 1083 unguentum,et
901 1013 958 1066 in
980 1016 1358 1082 unguento,el
1382 1025 1512 1063 cum
1541 1015 1841 1079 unguento
1867 1025 1880 1062 :
1905 1013 1962 1062 et
1983 1007 2074 1061 in-

421 1107 699 1175 tolligere,
717 1120 782 1158 ex
805 1105 1001 1156 mente
1025 1105 1132 1166 est,
1150 1104 1208 1153 at
1231 1115 1418 1169 neque
1441 1101 1571 1170 post
1594 1101 2075 1167 mentem,neque

422 1202 580 1249 extra
609 1196 879 1260 mentem,
902 1189 999 1245 sed
1025 1187 1198 1261 simul
1223 1194 1397 1258 atque
1420 1203 1608 1253 mens,
1629 1190 1686 1240 et
1708 1186 1762 1240 in
1787 1189 1999 1256 mente,
2019 1189 2076 1240 et

425 1301 554 1337 Cum
585 1285 774 1336 mente
793 1298 804 1337 :
822 1284 878 1332 et
898 1277 1040 1332 velle
1063 1294 1130 1331 ex
1153 1275 1377 1331 volente
1399 1279 1571 1344 est,et
1592 1290 1781 1346 neque
1802 1278 1959 1329 extra
1982 1291 2074 1330 vo-

424 1372 662 1436 lentem,
699 1383 886 1439 neque
919 1370 1048 1438 post
1077 1365 1387 1431 volentem,
1421 1364 1518 1419 sed
1553 1363 1726 1419 simul
1757 1368 1930 1434 atque
1974 1380 2072 1419 vo-

423 1461 570 1528 lens,
603 1464 659 1513 et
689 1457 747 1511 in
781 1455 1007 1510 volente
1038 1459 1094 1509 et
1124 1471 1256 1509 cum
1290 1453 1520 1508 volente
1554 1469 1566 1507 :
1602 1457 1657 1507 et
1689 1452 1976 1524 sapientia
2005 1469 2073 1508 ex

421 1549 682 1619 sapiente
714 1550 820 1611 est,
852 1550 910 1600 et
942 1559 1131 1614 neque
1162 1546 1292 1614 post
1324 1541 1670 1614 sapientem,
1697 1557 1885 1612 neque
1913 1545 2074 1598 extra

421 1639 767 1709 sapientem,
788 1633 888 1688 sed
923 1630 1098 1687 simul
1132 1636 1306 1702 atque
1337 1629 1664 1702 sapiens,et
1696 1631 1751 1684 in
1787 1629 2069 1701 sapiente,

419 1735 474 1780 et
509 1744 639 1779 cum
674 1723 1033 1795 sapientezet
1064 1719 1323 1792 potentia
1353 1735 1420 1774 ex
1450 1722 1682 1790 potente
1711 1719 1982 1785 est,424
2014 1723 2073 1774 at

417 1831 601 1885 neque
631 1817 760 1884 post
790 1815 1108 1883 potentem,
1143 1824 1329 1879 neque
1371 1813 1530 1862 extra
1588 1811 1906 1878 potentem,
1967 1808 2067 1862 sed

416 1907 469 1958 in
509 1909 757 1976 potente,
791 1905 847 1955 et
878 1897 1052 1954 simul
1087 1902 1262 1968 atque
1296 1901 1522 1968 potens,
1557 1900 1612 1950 et
1643 1911 1774 1950 cum
1810 1900 2064 1967 potente.

411 1997 501 2048 Sic
535 1995 711 2063 igitur
743 1990 950 2044 Filium
985 2003 1218 2059 quoque
1250 1985 1349 2040 Dei
1380 2003 1447 2041 ex
1483 1987 1592 2040 Deo
1626 2001 1755 2042 esse
1787 1985 2063 2058 intelligi-

411 2101 564 2150 mus,
600 2088 656 2134 at
689 2097 800 2134 non
836 2083 969 2150 post
1005 2078 1206 2146 Deum,
1241 2091 1427 2146 neque
1476 2079 1636 2129 extra
1697 2075 1902 2142 Deum,
1961 2076 2062 2131 sed

552 2128 564 2150 )

413 2171 586 2226 simul
619 2176 790 2240 atque
826 2169 994 2232 Deus,
1028 2170 1085 2220 et
1114 2165 1169 2219 in
1210 2169 1339 2232 Deo,
1373 2168 1430 2218 et
1460 2180 1590 2219 cum
1630 2167 1739 2218 Deo

1591 348 1654 404 Β.
1703 337 2223 406 ATHANASIUS.
2251 380 2327 389 —
2357 340 2664 408 SPURIA.

421 485 564 537 Urt/z.
612 484 722 551 Ego
755 478 989 552 quidem
1025 493 1153 534 sum
1190 491 1256 532 ex
1290 481 1453 549 patre
1483 493 1632 540 meo,
1657 480 1713 530 et
1754 480 1916 546 patre
1948 493 2075 531 meo
2110 483 2159 547 Α
2191 497 2284 529 σου
2319 494 2332 542 ;

3685 343 3854 410 “60

2367 478 2516 551 Ὀρθ.
2554 477 2697 551 Ἐγὼ
2750 480 2843 551 μὲν
2895 479 2955 534 ἐκ
2997 479 3093 534 τοῦ
3147 477 3349 555 πατρός
3403 501 3508 550 μου
3559 477 3700 553 εῗμὶ,
3750 479 3851 534 καὶ

2190 565 2322 636 μετὰ
2349 565 2440 618 τὸν
2474 566 2677 638 πατέρα
2729 588 2833 639 μου
2882 567 3017 642 ε”μὶ,
3051 569 3139 624 καὶ
3182 568 3334 630 ἐκτὸς
3365 573 3460 623 τοῦ
3493 569 3700 643 πατρὸς
3739 590 3854 640 μου

2187 651 2322 726 εἰμί’
2354 655 2416 708 τὸ
2448 651 2504 708 δὲ
2535 659 2648 726 φῶς
2681 653 2740 708 ἐκ
2791 661 2886 710 τοῦ
2936 657 3100 726 ἡλίου
3133 657 3265 728 ἐστὶ,
3299 657 3388 710 καὶ
3421 655 3547 711 οὐδὲ
3584 658 3720 730 μετὰ
3749 657 3848 711 τὸν

2183 740 2345 810 ἥλιόν
2380 741 2542 806 ἐστιν,
2587 740 2708 796 οὐδὲ
2757 743 2906 806 ἐκτὸς
2955 750 3050 799 τοῦ
3092 743 3256 814 ἡλίου
3309 744 3474 809 ἐστὶν,
3507 744 3656 800 ἀλλᾶ
3708 745 3850 817 μετὰ

2182 835 2278 884 τοῦ
2309 830 2491 902 ἡλίου,
2524 831 2612 886 καὶ
2645 831 2696 886 ἐν
2745 838 2825 904 τῷ
2870 832 3040 906 ἡλίῳ,
3074 835 3163 888 καὶ
3214 834 3305 888 σὺκ.⁸
3349 840 3428 906 τῷ
3472 831 3645 906 ἡλίῳ·
3679 837 3775 889 καὶ
3805 838 3844 904 ἡ

2185 917 2383 974 εὐωδία
2412 919 2470 974 ἐκ
2498 925 2595 974 τοῦ
2647 922 2818 997 μύρου
2870 921 2977 976 ἐστῖ
3031 926 3131 996 (3),
3163 923 3251 977 καὶ
3284 920 3406 977 οῦτε
3460 925 3596 996 μετᾶ
3639 925 3705 977 τὸ
3743 925 3850 996 μύ-

2184 1027 2298 1082 ρον,
2333 1005 2454 1063 οὕτε
2503 1007 2654 1070 ἐκτὸς
2701 1014 2798 1063 τοῦ
2860 1009 3052 1084 μύρου,
3103 1010 3251 1066 ἀλλὰ
3303 1012 3434 1084 μετὰ
3475 1015 3578 1066 τοῦ
3637 1012 3844 1085 μύρου,

2181 1097 2268 1152 καὶ
2301 1096 2352 1150 ἐν
2400 1102 2481 1169 τῷ
2533 1098 2710 1172 μύρῳ,
2744 1099 2832 1152 καὶ
2883 1098 2974 1152 σὺν
3019 1104 3100 1171 τῷ
3133 1099 3290 1176 μύρῳ
3332 1120 3344 1132 ·
3379 1100 3467 1154 καὶ
3497 1100 3560 1154 τὸ
3600 1106 3751 1154 νοεῖν
3784 1100 3850 1154 ἐκ

2180 1190 2276 1241 τοῦ
2308 1190 2402 1240 νοῦ
2435 1185 2566 1255 ἐστι,
2609 1186 2699 1240 καὶ
2746 1185 2867 1242 οὔτε
2920 1188 3052 1261 μετὰ
3079 1189 3171 1243 τὸν
3227 1193 3378 1258 νοῦν,
3401 1187 3521 1244 οῦτι
3555 1189 3716 1252 ἐκτὸς
3745 1193 3845 1244 τοῦ

2181 1280 2295 1344 νοῦ,
2329 1274 2472 1330 ἀλλὰ
2504 1276 2637 1348 μετὰ
2663 1280 2759 1330 τοῦ
2798 1276 2916 1346 νοῦ,
2959 1277 3048 1331 καὶ
3098 1277 3149 1332 ἐν
3197 1283 3276 1350 τῷ
3324 1283 3422 1350 νῷ,
3469 1277 3558 1332 καὶ
3612 1276 3709 1332 σὺν
3759 1283 3844 1350 τῷ

2181 1370 2281 1437 νῴ⁸
2315 1363 2403 1419 καὶ
2455 1364 2516 1418 τὸ
2565 1363 2736 1419 θέλειν
2797 1364 2856 1419 ἐκ
2903 1370 3002 1420 τοῦ
3061 1365 3316 1430 θέλοντός
3375 1366 3506 1439 ἐστι,
3556 1368 3649 1421 καὶ
3713 1364 3846 1422 οῦτε

2183 1453 2333 1516 ἐκτὸς
2390 1457 2486 1508 τοῦ
2545 1450 2818 1522 θέλοντος,
2878 1451 3000 1509 οὔτε
3060 1455 3193 1527 μετᾶ
3239 1456 3330 1509 τὸν
3382 1454 3634 1527 θέλοντα,
3686 1453 3844 1510 ἀλλᾶ

2186 1542 2318 1615 μετὰ
2371 1545 2468 1596 τοῦ
2515 1540 2787 1611 Θέλοντος,
2817 1543 2904 1597 καὶ
2964 1542 3013 1598 ἐν
3071 1547 3150 1615 τῷ
3207 1543 3440 1612 Θὲλοντι,
3472 1545 3562 1598 καὶ
3625 1545 3724 1597 σὺν
3755 1549 3842 1616 τῷ

2187 1630 2458 1693 θέλοντι·
2541 1629 2629 1684 καὶ
2705 1633 2739 1699 ἡ
2816 1633 2937 1686 σοία
3005 1632 3064 1687 ἐκ
3119 1637 3217 1686 τοῦ
3291 1637 3459 1710 σοφοῦ
3520 1631 3681 1703 ἔστι,
3747 1633 3842 1687 καὶ

2181 1717 2303 1774 οὕτε
2336 1718 2470 1791 μετὰ
2526 1720 2616 1773 τὸν
2679 1719 2867 1796 σοφὸν,
2898 1718 3024 1776 οὔτε
3081 1720 3231 1783 ἐκτὸς
3287 1725 3382 1776 τοῦ
3426 1726 3637 1800 σοφοῦ,
3689 1720 3844 1777 ἀλλὰ

2183 1807 2315 1880 μετὰ
2343 1812 2440 1861 τοῦ
2473 1812 2640 1885 σοφοῦ
2699 1810 2856 1881 (4-5),
2898 1809 2988 1863 καὶ
3032 1809 3082 1864 ἐν
3128 1814 3207 1882 τῷ
3257 1815 3431 1888 σοφῷ,
3478 1810 3568 1865 καὶ
3626 1810 3720 1864 σῦν
3756 1815 3839 1882 τῷ

2179 1901 2347 1973 σοφῖξν
2393 1897 2483 1951 καὶ
2533 1899 2566 1966 ἡ
2621 1895 2847 1970 δύναμις
2895 1897 2954 1952 ἐκ
2982 1897 3076 1952 τοῦ
3138 1896 3388 1968 δυνατοῦ,
3418 1899 3509 1954 καὶ
3542 1897 3668 1954 οὗτε
3697 1901 3840 1970 μετὰ

2173 1986 2264 2038 τὸν
2299 1983 2545 2055 δυνατὸν,
2605 1983 2726 2040 οῦτε
2785 1987 2937 2049 ἐκτὸς
2991 1991 3089 2042 τοῦ
3149 1985 3396 2054 δυνατοῦ,
3454 1986 3582 2043 ἀλλ’
3645 1987 3698 2043 ὲν
3753 1993 3837 2060 τῷ

2175 2071 2405 2146 δυνατῷ,
2436 2073 2524 2128 καὶ
2560 2075 2693 2146 μετᾶ
2732 2078 2830 2129 τοῦ
2880 2073 3133 2143 δυνατοῦ,
3182 2076 3272 2130 καὶ
3325 2076 3418 2130 σὺν
3468 2082 3548 2149 τῷ
3587 2074 3832 2149 δυνατῷ.

2175 2163 2334 2218 Οὕτω
2379 2161 2560 2217 τοίνυν
2607 2165 2694 2217 καὶ
2743 2165 2834 2218 τὸν
2895 2165 3018 2219 Υἱὸν
3075 2169 3173 2219 τοῦ
3230 2170 3364 2221 Θεοῦ
3425 2165 3483 2220 ἐκ
3536 2171 3638 2220 τοῦ
3697 2171 3837 2221 Θεοῦ

413 2264 663 2329 νοοῦμεν,
722 2256 811 2309 καὶ
871 2253 932 2308 ού
995 2253 1128 2325 μετᾶ
1181 2252 1274 2306 τὸν
1331 2252 1482 2321 Θεὸν,
1537 2250 1659 2305 οὔτε
1718 2251 1868 2306 ἐκτὸς
1925 2256 2019 2305 τοῦ
2080 2257 2234 2319 Θεοῦ,
2293 2251 2440 2306 ἀλλὰ
2501 2253 2635 2326 μετὰ
2691 2259 2787 2307 τοῦ
2839 2259 2993 2325 Θεοῦ,
3050 2255 3138 2308 καὶ
3200 2255 3252 2310 ἐν
3307 2259 3384 2327 τῷ
3437 2254 3571 2328 Θεῷ,
3614 2257 3704 2310 καὶ
3740 2257 3835 2310 σὺν

410 2355 486 2402 τῶ
517 2354 649 2402 Θεῖν’).

475 2463 526 2510 2.
564 2458 752 2510 Anam.
786 2456 856 2507 At
886 2450 1184 2522 splendor,
1217 2453 1273 2504 et
1302 2447 1646 2521 intelligere,
1681 2456 1733 2504 et
1787 2447 1952 2520 velle,
2009 2453 2068 2505 et

407 2546 734 2617 sapientia,
796 2545 853 2596 et
910 2539 1204 2612 potentia,
1261 2555 1375 2593 non
1434 2541 1572 2593 sunt
1625 2538 1954 2593 substantia
2002 2538 2059 2593 in

409 2651 534 2687 sese
592 2629 942 2684 subsistens.
1008 2624 1188 2681 Filius
1224 2625 1320 2679 Dei
1353 2642 1485 2679 vero
1517 2629 1604 2680 est
1636 2625 1972 2680 substantia
2000 2625 2058 2680 in

409 2740 515 2777 sua
550 2717 781 2792 propria
807 2713 1287 2789 hypostasi.0rlh.
1315 2714 1377 2767 In
1409 2713 1518 2768 hoc
1548 2729 1779 2784 quoque
1811 2711 2061 2768 conferri

409 2829 540 2866 cum
576 2810 701 2880 ipso
736 2807 1028 2877 nequeunt
1059 2803 1318 2874 corporei
1349 2800 1474 2869 ﬁlii,
1501 2801 1654 2873 quod
1713 2800 1868 2857 {ilius
1927 2801 2057 2873 qui-

410 2903 538 2955 dem
575 2916 703 2953 sum
736 2912 841 2967 ego
874 2894 1058 2966 patris
1091 2891 1334 2957 mei,sed
1369 2906 1482 2945 non
1515 2907 1646 2945 sum
1679 2890 1806 2961 ejus
1830 2891 2056 2962 sapien-

409 2991 507 3055 tia,
547 3003 733 3058 neque
763 3000 895 3039 sum
926 2983 1050 3053 ejus
1079 2980 1358 3052 potentia,
1392 2996 1581 3051 neque
1611 2996 1740 3034 sum
1770 2981 1898 3050 ejus
1956 2997 2051 3036 vo-

411 3081 625 3142 luntas,
683 3089 868 3144 neque
924 3087 1054 3126 sum
1087 3070 1214 3140 ejus
1243 3069 1507 3136 verbum,
1541 3085 1727 3141 neque
1759 3086 1888 3124 sum
1921 3069 2052 3140 ejus

410 3167 709 3236 splendor,
734 3176 921 3230 neque
953 3175 1083 3212 sum
1145 3158 1202 3211 in
1262 3157 1391 3229 ipso
1451 3157 1616 3212 Patre
1677 3173 1825 3213 meo.
1888 3159 2126 3264 PaterC

408 3256 530 3325 ipse
590 3269 702 3305 non
761 3254 848 3304 est
877 3248 935 3302 in
970 3264 1080 3310 me,
1113 3262 1215 3300 nec
1247 3247 1401 3301 sicut
1427 3251 1701 3317 operatur
1731 3246 1916 3313 Pater,
1947 3263 2053 3319 ego

411 3359 615 3412 operor
649 3357 660 3393 :
701 3337 878 3392 Filius
908 3334 1007 3389 Dei
1037 3351 1167 3389 vero
1201 3351 1312 3387 non
1346 3338 1576 3388 tantum
1608 3340 1696 3388 est
1717 3334 1916 3402 Filius,
1951 3336 2052 3391 sed

416 3432 586 3484 etiam
625 3425 903 3499 potentia,
936 3429 994 3478 et
1050 3421 1359 3494 sapientia,
1417 3428 1473 3476 et
1531 3422 1786 3477 Verbum
1844 3429 1901 3478 et
1959 3441 2054 3480 vo-

412 3525 628 3590 luntas,
661 3524 717 3575 et
746 3515 1039 3589 splendor,
1075 3518 1138 3569 ut
1166 3530 1233 3569 ex
1263 3530 1350 3580 eo,
1385 3514 1538 3584 quod
1571 3514 1648 3568 sit
1680 3513 2055 3583 Filius,intel-

414 3615 629 3682 ligatur
659 3607 812 3680 quod
845 3605 919 3661 sit
950 3603 1228 3676 quiddam
1262 3602 1320 3656 in
1355 3617 1484 3656 sese
1513 3602 1842 3657 subsistens
1868 3620 1880 3657 :
1904 3607 1962 3657 et
1989 3619 2056 3657 ex

412 3719 497 3768 eo,
535 3699 685 3771 quod
721 3700 807 3752 est
836 3691 1143 3766 sapientia,
1175 3697 1234 3746 et
1264 3691 1537 3763 potentia,
1574 3695 1630 3746 et
1679 3691 1950 3759 Verbum,
1998 3696 2057 3746 et

408 3791 698 3855 voluntas,
719 3792 774 3841 et
804 3783 1097 3856 splendor,
1123 3780 1481 3850 intelligatur
1511 3779 1656 3834 illud
1692 3780 1844 3851 quod
1877 3779 2054 3834 simul

409 3885 580 3950 atque
613 3878 799 3941 Pater,
815 3878 870 3927 et
895 3872 952 3925 in
985 3871 1242 3935 Patre,et
1271 3885 1403 3923 cum
1438 3869 1602 3923 Patre
1633 3868 1934 3939 sit,neque
1965 3884 2054 3922 se-

410 3969 658 4031 cundus,
693 3965 748 4018 id
781 3966 872 4018 est
919 3975 1107 4031 neque
1164 3962 1289 4030 post
1346 3961 1596 4027 Patrem,
1649 3973 1836 4028 neque
1893 3962 2057 4013 extra

409 4059 657 4118 Pam-ni,
702 4054 1008 4122 Propterea
1038 4047 1193 4103 enim
1227 4045 1443 4101 clamat
1473 4046 1774 4118 propheta,
1803 4045 2002 4101 dicens
2037 4063 2050 4100 :

418 4168 442 4196 «ι
477 4143 738 4206 Domine,
774 4140 926 4194 Deus
960 4142 1177 4203 noster,
1210 4137 1283 4190 da
1314 4135 1481 4190 nobis
1519 4150 1722 4206 pacem
1785 4151 1796 4190 :
1858 4135 2056 4190 omnia

410 4235 562 4288 enim
626 4227 834 4284 dedisti
899 4226 1087 4281 nobis.
1145 4224 1407 4294 Domine,
1445 4225 1592 4278 Deus
1627 4228 1840 4291 noster,
1873 4223 2054 4279 alium

409 4326 566 4375 extra
598 4325 649 4370 te
684 4331 797 4370 non
829 4313 1098 4368 novimus
1132 4313 1194 4367 ‘9.
1229 4335 1257 4362 ››
1294 4312 1406 4367 Nec
1437 4311 1592 4365 enim
1621 4316 1782 4367 extra
1827 4311 2052 4368 Patrem

413 4408 591 4461 Filius
641 4403 1028 4476 cognoscitur,
1083 4401 1182 4456 sed
1216 4401 1272 4455 in
1306 4404 1496 4464 Patre,
1529 4405 1586 4454 et
1613 4416 1746 4454 cum
1776 4403 1963 4466 Patre,
1997 4404 2054 4455 et

407 4497 581 4550 simul
613 4499 788 4564 atque
821 4495 1090 4560 Pater,ut
1119 4488 1397 4560 splendor
1426 4487 1644 4560 gloria},
1664 4493 1726 4542 ut
1755 4487 2057 4544 character

2243 2451 2295 2504 2.
2332 2449 2540 2521 Ἀνόμ.
2597 2448 2776 2506 Ἀλλὰ
2831 2451 2892 2504 τὸ
2950 2450 3298 2525 ἀπαύγασμα,
3357 2451 3446 2506 καὶ
3504 2453 3568 2506 τὸ
3630 2459 3780 2506 νοεῖν
3815 2500 3831 2524 ,

2171 2538 2259 2591 καὶ
2283 2538 2346 2592 τὸ
2373 2537 2568 2609 θέλειν,
2613 2539 2700 2592 καὶ
2752 2541 2786 2608 ἡ
2836 2540 3018 2608 σοφία,
3053 2540 3143 2594 καὶ
3175 2542 3209 2609 ἡ
3245 2539 3491 2612 δύναμις,
3535 2539 3637 2595 οὐκ
3685 2539 3828 2595 ἔστιν

2171 2622 2325 2678 οὐσία
2374 2623 2746 2686 ἐνυπόστατος·
2799 2627 2827 2680 6
2877 2623 2934 2680 δὲ
2989 2627 3113 2689 Υἱὸς
3151 2632 3247 2682 τοῦ
3294 2633 3427 2683 Θεοῦ
3477 2627 3637 2682 οὐσία
3685 2628 3830 2684 ἐστὶν

2169 2709 2221 2766 ἐν
2259 2709 2368 2783 ἰδίᾳ
2423 2713 2732 2771 ὑποστάσει.
2791 2715 2939 2788 Ὀρθ.
2992 2716 3092 2771 Καὶ
3143 2715 3193 2770 ἐν
3243 2716 3421 2788 τούτῳ
3467 2719 3576 2771 τῶν
3631 2737 3826 2790 ccupa-

2165 2805 2328 2855 τικῶν
2363 2802 2493 2855 υἱῶν
2525 2803 2586 2856 τὸ
2631 2801 2949 2878 ἀσύγκριτον
2985 2800 3122 2878 ἔχει,
3155 2803 3236 2858 ὅτι
3288 2803 3396 2878 ἐγὼ
3432 2804 3551 2877 μὲν,
3597 2806 3716 2866 υἱὸς
3749 2804 3824 2860 ὢν

2162 2892 2259 2942 τοῦ
2303 2889 2503 2962 πατρός
2563 2910 2667 2961 μου
2701 2933 2714 2958 ,
2777 2889 2875 2944 οὐκ
2933 2889 3046 2962 είμί
3109 2890 3275 2946 αὐτοῦ
3331 2891 3513 2968 σοφία,
3568 2892 3679 2946 οὐκ
3708 2892 3825 2963 εἰμὶ

2164 2976 2326 3032 αὐτοῦ
2387 2975 2636 3050 δύναμις,
2697 2977 2796 3032 οὐκ
2852 2978 2965 3051 εἰμὶ
3025 2978 3189 3033 αὐτοῦ
3247 2977 3484 3052 θέλημα,
3550 2979 3652 3034 οὐκ
3705 2980 3824 3053 εἷμί

2160 3065 2322 3120 αὐτοῦ
2381 3063 2567 3139 λόγος,
2627 3065 2726 3120 οὐκ
2782 3065 2893 3138 εἰμὶ
2954 3066 3115 3121 αὐτοῦ
3160 3066 3504 3144 ἀπαύγασμα,
3555 3068 3658 3122 οὐκ
3699 3067 3818 3141 εἰμί

2162 3153 2213 3207 ἐν
2273 3153 2418 3225 αὐτῷ
2478 3159 2555 3225 τῷ
2609 3153 2772 3230 πατρί
2836 3176 2961 3227 μου.
3024 3155 3139 3212 Οὐκ
3191 3155 3350 3217 αὐτὸς
3395 3157 3421 3210 ὁ
3470 3159 3654 3230 πατήρ
3710 3179 3820 3230 μου

2166 3241 2215 3296 ἐν
2251 3241 2396 3315 ἐμοὶ,
2432 3242 2492 3296 ού
2524 3243 2702 3304 καθὼς
2735 3244 2762 3297 ὁ
2805 3245 2983 3317 πατήρ
3037 3266 3142 3316 μου
3191 3243 3492 3320 ἐργάζεται,
3525 3246 3681 3319 κάγὼ
3729 3247 3817 3321 ἐρ-

2164 3332 2455 3405 γάζομαιὸ
2489 3328 2545 3385 δὲ
2599 3336 2696 3386 τοῦ
2754 3336 2886 3386 Θεοῦ
2945 3333 3066 3394 Υἱὸς
3121 3333 3184 3388 ού
3249 3334 3415 3406 μόνον
3465 3333 3607 3388 ἐστὶν
3671 3335 3816 3403 Υἱὸς,

2164 3420 2309 3476 ἀλλᾶ
2337 3419 2425 3474 καὶ
2458 3417 2704 3492 δύναμις,
2733 3420 2822 3474 καὶ
2856 3421 3036 3496 σοφία,
3068 3422 3157 3475 καὶ
3191 3422 3388 3498 Λόγος,
3428 3424 3519 3477 καὶ
3571 3422 3818 3497 θέλημα,

2164 3510 2254 3565 καὶ
2285 3509 2626 3584 ἀπαύγασμα,
2679 3507 2770 3563 τίνα
2818 3510 2922 3564 ἀπὸ
2969 3514 3065 3564 τοῦ
3112 3511 3244 3565 εἶναι
3301 3512 3458 3578 Υἱὸς,
3509 3512 3574 3567 τὸ
3627 3511 3821 3567 ἔνυπό-

2165 3619 2355 3652 στατον
2397 3599 2586 3671 νοηθῇ·
2620 3599 2708 3652 καὶ
2743 3599 2847 3652 ἀπὸ
2878 3603 2973 3652 τοῦ
3019 3599 3152 3654 εἶναι
3207 3601 3388 3678 σοφία,
3421 3601 3510 3655 καὶ
3563 3598 3818 3674 δύναμις,

2164 3687 2254 3741 καὶ
2314 3686 2504 3761 Λόγος,
2561 3686 2648 3740 καὶ
2709 3685 2946 3760 θέλημα,
3005 3688 3094 3742 καὶ
3153 3687 3500 3764 ἀπαύγασμα,
3555 3691 3618 3744 τὸ
3680 3691 3818 3762 μετὰ

2162 3779 2259 3830 τοῦ
2319 3776 2546 3850 Πατρὸς,
2597 3776 2685 3831 καὶ
2747 3776 2799 3830 ἐν
2856 3782 2936 3848 τῷ
2997 3777 3185 3850 Πατρῗ,
3219 3779 3307 3832 καὶ
3367 3779 3457 3833 σῦν
3508 3785 3590 3852 τῷ
3643 3779 3816 3856 Πκτρὶ

2163 3867 2359 3938 νοηθῇ,
2418 3863 2506 3918 καῖ
2563 3865 2624 3918 οὐ
2683 3861 2968 3940 δεύτερος,
3024 3863 3147 3921 οὐδὲ
3211 3867 3345 3938 μετὰ
3399 3868 3490 3921 τὸν
3559 3868 3816 3944 Πατέρα,

2165 3949 2289 4006 οὐδὲ
2319 3951 2470 4012 ἐκτὸς
2514 3956 2611 4006 τοῦ
2665 3953 2892 4027 Πατρός.
2941 3954 3037 4007 Διὰ
3085 3956 3186 4028 γὰρ
3239 3959 3400 4009 τοῦτο
3454 3955 3556 4030 βοᾷ
3587 3956 3614 4008 ὁ
3668 3976 3814 4031 προ-

2165 4042 2361 4118 φήτης,
2419 4037 2611 4114 λέγων·
2648 4066 2674 4091 ‹‹
2711 4041 2891 4114 Κύριε,
2946 4042 3132 4102 ὁΘεὸς
3189 4044 3374 4114 ἡμῶν,
3436 4043 3662 4119 εἰρήνην
3723 4041 3815 4104 δὸς

2164 4131 2321 4202 ἡμῖν·
2358 4129 2528 4182 πάντα
2557 4128 2656 4204 γὰρ
2690 4127 2970 4190 ἀπέδωκας
3000 4133 3158 4203 ἡμῖν.
3183 4129 3364 4206 Κύριε,
3399 4133 3426 4186 ὁ
3459 4133 3590 4193 Θεὸς
3621 4135 3816 4204 ἡμῶν,

2165 4217 2318 4278 ἐκτὸς
2375 4220 2470 4269 σοῦ
2518 4215 2689 4271 ἄλλον
2738 4216 2837 4270 οὐκ
2895 4215 3140 4291 οἴδαμεν.
3177 4242 3203 4268 n
3238 4218 3310 4272 Ού
3357 4220 3460 4293 γὰρ
3513 4217 3670 4281 ἐκτὸς
3722 4223 3821 4273 τοῦ

2164 4306 2374 4382 Πατρὸς
2427 4305 2547 4366 Υἱὸς
2596 4305 2938 4379 γνωρίζεται,
2970 4305 3095 4361 ἀλλ’
3140 4305 3191 4360 ἐν
3241 4311 3321 4378 τῷ
3375 4307 3569 4383 ΙΙατρὶ,
3601 4307 3696 4361 καὶ
3724 4308 3818 4361 σὺν

2160 4399 2241 4467 τῷ
2271 4392 2461 4468 [Ia-cpi,
2492 4393 2580 4447 καὶ
2615 4394 2726 4466 ἅμα
2771 4398 2849 4465 τῷ
2905 4393 3094 4470 Πατρὶ,
3131 4395 3204 4456 ὡς
3257 4395 3585 4470 ἀπαύγασμα
3629 4392 3820 4467 δόξης,

2164 4483 2237 4545 ὡς
2270 4482 2552 4558 χαρακτὴρ
2607 4482 2967 4554 ὑποστάσεως,
2999 4483 3072 4543 ὡς
3129 4481 3291 4560 σοφία
3319 4487 3510 4560 σοφοῦ,
3545 4483 3621 4544 ὡς
3654 4482 3817 4537 δύνα-

407 4587 800 4657 bypostaseos,
837 4585 901 4636 ut
929 4577 1217 4651 sapientia
1247 4576 1547 4648 sapientis,
1579 4581 1636 4632 et
1667 4575 1925 4647 potentia
1957 4593 2055 4646 po-

2172 4593 2261 4645 μις
2294 4570 2540 4641 δυνατοῦ,
2575 4570 2649 4632 ὡς
2699 4571 2872 4646 Λόγος
2931 4575 3045 4628 νοῦ.
3099 4571 3292 4644 ’Δνόμ·
3324 4569 3499 4626 ’Δλλὰ
3545 4573 3609 4626 τὸ
3641 4571 3820 4626 ἀπαύ-

405 4674 602 4739 tentis,
640 4676 701 4726 ut
729 4670 982 4725 Verbum
1031 4667 1267 4722 montis.
1332 4674 1530 4720 Anam.
1591 4665 1698 4718 Sed
1760 4664 2055 4735 splendor,

404 4764 548 4816 lucis
610 4778 722 4816 non
783 4763 872 4814 est
927 4757 1122 4822 lilius;
1179 4755 1497 4824 character,
1531 4753 1910 4824 bypostaseos
1942 4770 2056 4808 non

404 4857 491 4908 est
560 4847 1104 4920 lilius:sapientia,
1175 4845 1455 4915 sapientis
1525 4859 1638 4896 non
1707 4848 1797 4897 est
1865 4841 2053 4908 ﬁlius;

406 4942 685 5012 potentia,
713 4937 968 5010 potentis
1019 4951 1134 4990 non
1193 4939 1282 4990 est
1338 4932 1515 4988 filius.
1577 4930 1736 4989 Orth.
1794 4931 2055 4986 Potentia

406 5030 639 5100 quidem
705 5026 984 5099 potentia,
1023 5041 1134 5078 non
1167 5027 1257 5078 est
1287 5023 1414 5093 ejus
1447 5021 1604 5076 filius
1635 5038 1648 5087 ;
1682 5035 1788 5075 nec
1818 5019 2052 5091 sapien-

404 5119 478 5174 tis
510 5115 841 5189 sapiientia,
870 5120 955 5170 est
985 5114 1111 5184 ejus
1143 5112 1338 5179 ﬁlius;
1374 5127 1559 5182 neque
1591 5111 1828 5165 verbum
1891 5125 2052 5163 men-

403 5209 498 5273 tis,
560 5218 648 5262 est
703 5206 832 5276 ejus
888 5202 1088 5269 illius;
1149 5216 1336 5270 neque
1394 5198 1672 5271 splendor
1716 5196 1935 5269 glorizs,
1966 5200 2056 5253 est

477 5445 520 5477 ⁴²
549 5444 656 5497 Isa.
691 5452 844 5504 xxvr,
876 5437 964 5504 12,
999 5435 1085 5491 13.

484 5676 561 5751 (3)
592 5672 688 5729 Sic
719 5685 862 5727 mss.
897 5667 961 5724 In
991 5665 1166 5724 editis
1199 5680 1332 5721 vero
1365 5659 1476 5718 ἐστί
1506 5661 1686 5722 deest.

2167 4681 2350 4736 γασμα
2404 4663 2500 4714 τοῦ
2559 4659 2738 4736 φωτὸς
2799 4660 2912 4722 υἱὸς
2972 4660 3071 4714 οὐκ
3100 4658 3265 4714 ἔστιν·
3321 4661 3349 4715 6
3397 4662 3688 4736 χαρακτὴρ
3720 4668 3822 4729 τῆς

2170 4749 2512 4809 ὑποστάσεως
2571 4748 2686 4808 υἱὸς
2729 4747 2828 4804 οὐκ
2875 4745 3036 4803 ἔστιν·
3088 4750 3123 4817 ἡ
3157 4748 3316 4826 σοφία
3363 4753 3459 4803 νοῦ
3499 4747 3671 4826 σοφοῦ
3703 4750 3822 4810 υἱὸς

2168 4839 2267 4892 ούκ
2324 4836 2484 4892 ἔστιν·
2538 4839 2572 4906 ἡ
2623 4835 2849 4909 δύναμις
2903 4840 2999 4890 τοῦ
3049 4835 3278 4892 δυνατοῦ
3328 4838 3444 4900 υἱὸς
3496 4837 3594 4892 οῦκ
3653 4835 3818 4894 ἔστιν.

2166 4927 2308 5000 Ὀρθ.
2345 4929 2454 4982 Τοῦ
2509 4927 2602 4998 μὲν
2657 4922 2886 4979 δυνατοῦ
2935 4927 2969 4995 ἡ
3023 4923 3247 4998 δύναμις
3299 4924 3398 4980 οὐκ
3452 4921 3593 4980 ἔστιν
3653 4925 3819 4981 αὐτοῦ

2165 5015 2302 5077 υἱός
2337 5013 2425 5068 καὶ
2480 5016 2514 5083 ἡ
2567 5013 2728 5091 σοφία
2781 5018 2876 5068 τοῦ
2927 5018 3095 5072 σοφοῦ
3145 5014 3245 5068 οὐκ
3291 5011 3429 5069 ἔστιν
3478 5014 3644 5070 αὐτοῦ
3678 5015 3814 5076 υἱός·

2164 5104 2254 5158 καὶ
2286 5105 2313 5158 6
2357 5102 2518 5179 λόγος
2575 5107 2669 5156 τοῦ
2719 5107 2814 5156 νοῦ
2871 5101 2969 5156 οὐκ
3021 5101 3161 5157 ἔστιν
3219 5102 3384 5157 αὐτοῦ
3429 5104 3566 5165 υἱός·
3622 5103 3714 5158 καὶ
3755 5105 3817 5158 τὸ

2165 5193 2494 5267 ἀπαύγασμα
2520 5198 2620 5262 τῆς
2651 5188 2812 5261 δόξης
2862 5191 2963 5246 οὐκ
3003 5187 3142 5246 ἔστιν
3191 5191 3360 5261 αὐτῆς
3391 5192 3529 5254 υἱός·
3563 5195 3592 5248 6
3631 5191 3692 5248 δὲ
3719 5197 3818 5248 τοῦ

2237 5661 2384 5736 (4-5)
2417 5661 2584 5733 Mss.,
2618 5653 2746 5715 ἀλλ’
2774 5657 2834 5715 ἐκ
2859 5659 2957 5716 τοῦ
2986 5663 3177 5743 σοφοῦ.
