4092 6218
312 388 463 448 1161

1262 386 1363 447 DE
1408 385 1715 448 SANCTA
1759 380 2182 444 TIthlTATE
2230 379 2613 443 DIALOGUS
2658 380 2736 443 Il.

3565 386 3720 446 1162

313 522 452 574 Θεοῦ
482 518 611 580 Υἱὸς
641 519 730 572 καὶ
762 514 885 580 Υἱός
916 515 1022 573 ἐστι
1073 522 1169 572 τοῦ
1214 521 1347 573 Θεοῦ
1397 518 1487 571 καὶ
1546 512 1717 592 Λόγος
1768 511 1953 581 αὐτοῦ,

2077 515 2201 584 ejus
2233 513 2420 569 filius:
2458 514 2556 568 sed
2608 513 2710 569 Dei
2759 514 2959 586 Filius,
3019 519 3076 571 et
3125 514 3306 571 Filius
3361 520 3451 571 est
3506 516 3607 572 Dei
3659 523 3717 574 et

311 608 403 662 καὶ
434 607 561 669 Υἱός
615 606 724 661 ἐστι
780 611 875 661 τοῦ
933 610 1101 684 σοφοῦ
1157 605 1246 660 καὶ
1296 604 1455 683 σοφία
1503 603 1686 677 αὐτοῦ,
1716 603 1805 658 καὶ
1844 598 1960 664 ι’ἱός

315 696 428 750 ἔστι
484 700 583 750 τοῦ
640 692 888 766 δυνατοῦ,
920 695 1008 749 καὶ
1070 692 1299 767 δύναμις
1349 694 1513 748 αὐτοῦ
1558 692 1690 750 ἐστι.
1723 692 1820 746 Καὶ
1876 688 1965 745 διὰ

312 789 501 857 τοῦτο,
531 783 652 838 Υἱὸν
712 783 1017 852 ἀκούοντες,
1049 785 1112 838 τὸ
1167 779 1521 837 ένυπόστατον
1573 786 1821 853 νοοῦμεν·
1876 778 1962 834 καί

316 871 547 945 δύναμιν
598 870 906 942 ἀκούοντες,
936 871 1025 926 καὶ
1088 871 1280 947 Λόγον,
1310 870 1399 925 καὶ
1440 870 1649 947 σοφίαν,
1698 869 1760 923 τὸ
1809 868 1959 942 ἀχώ-

318 982 500 1038 ριστον
534 961 622 1016 καὶ
654 958 923 1016 συναίδιον
959 958 1377 1033 ἐπαιδεύθημεν.

389 1143 443 1197 3.
478 1138 670 1211 Ἀνόμ.
706 1145 859 1212 ’Ἅμα
915 1137 1005 1194 οῦν
1065 1137 1244 1213 λέγεις
1303 1136 1566 1213 ὑπάρχειν
1614 1136 1821 1206 Πατέρα
1873 1134 1962 1189 καὶ

314 1229 483 1298 Υἱόν;
538 1230 688 1304 Ὀρθ.
741 1234 893 1301 ’Ἅμα
949 1227 1118 1302 λέγω.
1180 1226 1369 1300 Ἀνόμ.
1430 1225 1535 1281 Δύό
1593 1224 1682 1280 οὖν
1733 1224 1965 1301 ἀγένητα

314 1317 534 1395 λέγεις;
586 1318 731 1391 Ὀρθ.
793 1318 932 1392 Ἐγὼ
989 1314 1199 1391 Πατέρα
1254 1316 1342 1370 καὶ
1399 1315 1519 1375 Υἱὸν
1579 1313 1740 1389 λέγω’
1796 1314 1848 1369 τί
1909 1311 1963 1367 δέ

312 1406 453 1462 ἐστιν
488 1406 768 1481 ἀγένητον,
802 1405 902 1460 οὐκ
930 1402 1224 1480 ἐδιδάχθην
1253 1404 1359 1459 ἀπὸ
1383 1407 1490 1458 τῶν
1524 1402 1682 1457 θείων
1716 1405 1960 1477 Γραφῶν.

314 1493 510 1567 ’Δνόμ.
544 1495 654 1549 Οῦοι
703 1490 842 1550 ἔστιν
900 1494 988 1548 οὗν
1053 1492 1523 1569 ὁμολογούμενον,
1557 1490 1639 1546 ὅτι
1699 1492 1727 1544 6
1778 1492 1961 1564 Πατὴρ

308 1589 409 1640 τοῦ
468 1589 704 1660 Χριστοῦ
761 1583 861 1638 οὐκ
918 1579 1027 1637 ἔστι
1085 1582 1348 1658 γενητός;
1387 1583 1535 1656 Ὀρθ.
1588 1570 1961 1655 Ὡμολόγηται

308 1673 403 1729 καὶ
433 1674 557 1743 παρ’
586 1672 743 1745 ἐμοῦ.
779 1670 972 1744 ’Δνόμ.
1003 1672 1066 1728 Ὀ
1122 1668 1179 1725 δὶ
1234 1671 1309 1743 μὴ
1360 1672 1597 1745 γεγονὼς
1652 1668 1738 1723 καὶ
1792 1667 1960 1741 ὑπάρ-

310 1783 433 1838 χων
490 1763 763 1837 ἀγενήτως
826 1762 1077 1835 ὑπάρχει’
1140 1760 1406 1834 ἀγένητος
1468 1757 1590 1835 ἄρα.
1653 1760 1803 1832 Ὀρθ.
1836 1760 1959 1813 ’Ότι

314 1853 414 1925 μὲν
447 1850 545 1905 οὐκ
574 1850 804 1924 ἐγένετο,
838 1847 974 1904 οίδα’
1010 1849 1265 1922 ἀγένητον
1321 1844 1379 1901 δὲ
1424 1846 1579 1901 αὐτὸν
1633 1846 1833 1921 λέγειν,
1864 1845 1962 1900 οὐκ

312 1937 612 2014 ἐδιδάχθην
642 1938 744 1993 ὑπὸ
772 1941 871 2007 τῆς
903 1938 1047 2001 θείας
1083 1939 1318 2013 Γραφῆς,
1340 1934 1485 1991 ἀλλὰ
1514 1938 1741 2011 Πατέρα.
1764 1935 1956 2007 Ἀνόμ.

311 2028 377 2083 Εἰ
413 2027 511 2083 οὐκ
540 2028 745 2102 ἐγένετο
777 2028 806 2079 6
839 2027 1097 2102 ὑπάρχων
1128 2026 1234 2100 πρὸ
1262 2030 1368 2079 τῶν
1412 2024 1647 2097 αἰώνων,
1679 2024 1957 2099 ἀγενήτως

310 2117 568 2192 ὑπάρχειο
603 2118 631 2170 6
690 2113 747 2170 δὲ
804 2114 1080 2190 ἀγενήτως
1142 2114 1405 2189 ὑπάρχων
1461 2113 1723 2187 ἀγένητός
1792 2112 1955 2167 ἐστιν⁵

311 2208 466 2281 Ὀρθ.
502 2204 656 2262 Ἀλλ’
687 2205 786 2259 οὐχ
844 2204 984 2259 εἶπεν
1018 2206 1051 2272 ἡ
1108 2203 1289 2279 Γραφή
1342 2203 1405 2257 τὸ
1463 2203 1749 2276 ἀγένητον,
1780 2202 1842 2255 τὸ
1902 2198 1959 2254 δὲ

312 2294 524 2371 Πατέρα
581 2294 738 2349 αὐτὸν
781 2295 914 2348 εἶναι
975 2293 1103 2348 εἶπε.
1142 2292 1363 2345 Κάκεῖνο
1422 2290 1586 2367 λέγω,
1620 2292 1647 2344 ὃ
1679 2293 1713 2359 ἡ
1770 2291 1954 2367 Γραφὴ

313 2386 451 2455 εἶπε,
482 2385 569 2438 καὶ
603 2383 731 2459 οὐχὶ
762 2383 792 2437 ’ὀ
820 2386 888 2456 τῇ
920 2381 1093 2452 ἐννοίᾳ
1118 2385 1225 2436 τῶν
1284 2380 1578 2455 ἀνθρώπων
1640 2378 1955 2435 ὑποπίπτει.

314 2475 415 2528 Καὶ
446 2474 548 2548 γάρ
579 2474 655 2546 (ὃ)
686 2469 830 2527 ἄλλα
864 2468 1049 2525 πολλά
1096 2469 1259 2540 ἐστιν,
1291 2469 1324 2522 ’ὰ
1353 2474 1469 2529 ταῖς
1522 2467 1748 2528 ἐννοίαις
1800 2470 1959 2538 ἡμῶν

312 2563 626 2631 ὑποπίπτει,
676 2561 765 2614 καὶ
828 2560 901 2621 ὡς
957 2560 1174 2634 ἀπρεπῆ
1228 2556 1401 2632 λέγειν
1454 2556 1588 2611 αὐτὰ
1644 2557 1766 2629 περὶ
1825 2560 1958 2610 Θεοῦ

312 2648 748 2726 παραιτούμεθα,
792 2645 978 2716 ἐπειδὴ
1041 2644 1165 2701 οὐδὲ
1219 2649 1253 2716 ἡ
1314 2647 1501 2724 Γραφὴ
1562 2646 1726 2699 εἶπεν.
1764 2640 1955 2717 Ἀνόμ.

314 2741 489 2807 Οἴον;
522 2738 596 2800 ὡς
626 2737 680 2792 τί
711 2736 845 2792 εἰπέ.
882 2738 1030 2811 Ὀρθ.
1080 2739 1205 2792 ’Ότι
1262 2737 1428 2808 ἡμεῖς
1490 2733 1762 2810 εὐχόμεθα
1817 2754 1958 2809 προ-

312 2828 533 2884 κόπτειν
593 2826 679 2881 ἐπί
734 2848 786 2881 τι
845 2823 1082 2901 βέλτιον,
1115 2822 1282 2893 δῆλόν
1344 2823 1504 2877 ἆστινο
1539 2825 1566 2877 ὁ
1607 2821 1663 2877 δὲ
1720 2824 1844 2884 Θεὸς
1895 2822 1956 2877 οὐ

315 2916 654 2993 προκόπτει’
719 2912 873 2969 οὐδὲν
925 2915 1026 2989 γὰρ
1100 2912 1245 2984 αὐτῷ
1300 2910 1495 2968 λείπει.
1550 2912 1737 2985 Ἀνόμ.
1793 2908 1960 2968 Οὐδὲν

311 3007 459 3077 αὐτῷ
516 3003 713 3060 λείπει.
772 3004 913 3076 Ὀρθ.
975 3000 1049 3058 Οὐ
1108 2999 1296 3076 χρείαν
1356 2999 1446 3054 οῦν
1498 2996 1612 3076 ἔχει
1670 3004 1768 3055 τοῦ
1823 3020 1958 3076 προ-

309 3095 552 3149 κόπτειν.
586 3091 779 3164 Ἀνόμ.
813 3090 891 3149 Οὐ
941 3090 1125 3166 χρείαν
1177 3088 1314 3164 ἔχει.
1349 3090 1497 3164 Ὀρθ.
1532 3088 1725 3150 Οὐδεὶς
1771 3092 1958 3162 ἡμῶν,

310 3182 486 3239 διὰτὸ
519 3183 594 3255 μή
627 3179 953 3257 προκόπτειν
986 3180 1167 3245 αὑτὸν,
1200 3178 1545 3253 ἀπρόκοπτον
1577 3177 1720 3253 λέγει
1776 3177 1955 3244 αὐτὸν,

2070 603 2198 671 ejus
2220 602 2494 671 Verbum,
2527 606 2584 657 et
2607 602 2788 657 Filius
2815 611 2900 658 est
2932 603 3215 675 sapientis
3247 608 3303 659 et
3325 605 3451 675 ejus
3485 606 3715 676 sapien-

2072 695 2175 754 tia,
2207 696 2264 746 et
2296 691 2473 745 Filius
2497 696 2585 746 est
2617 691 2869 761 potentis
2901 697 2955 747 et
2984 694 3111 763 ejus
3143 694 3422 764 potentia.
3462 694 3709 763 [deoque

2074 797 2205 834 cum
2239 779 2449 835 Filium
2474 780 2774 846 audimus,
2796 798 2929 835 eum
2964 780 3020 835 in
3055 798 3181 837 sese
3203 782 3525 837 subsistere
3548 781 3719 836 intel-

2074 867 2344 939 ligimus:
2377 885 2508 923 cum
2543 875 2735 923 autem
2760 870 3102 941 potentiam,
3153 870 3425 939 Verbum,
3480 872 3715 942 sapien-

2073 964 2215 1021 tiam
2249 966 2562 1033 audimus;
2587 966 2672 1021 sic
2702 967 2986 1022 ducemur
3025 967 3475 1039 inseparabilem
3510 985 3638 1023 esse
3659 973 3717 1024 et

2074 1060 2357 1110 coazternu
2369 1072 2422 1109 m
2434 1098 2446 1111 .

2149 1143 2201 1197 3.
2227 1146 2416 1197 Anam.
2436 1142 2622 1198 Simul
2642 1143 2821 1216 igitur
2834 1143 2979 1198 dicis
3010 1160 3139 1199 esse
3155 1148 3381 1199 Patrem
3399 1149 3455 1199 et
3468 1145 3676 1199 Filium
3690 1145 3717 1200 ?

2074 1231 2239 1289 Orth.
2275 1232 2461 1287 Simul
2493 1249 2622 1287 esse
2654 1232 2803 1286 dico.
2836 1234 3026 1288 Anam.
3062 1233 3185 1287 Duo
3216 1233 3396 1304 igitur
3427 1250 3539 1287 non
3565 1234 3725 1289 facta

2072 1320 2219 1375 dicis
2249 1320 2277 1375 ?
2310 1319 2461 1375 Orth.
2498 1320 2612 1392 Ego
2640 1320 2870 1375 Patrem
2911 1326 2968 1376 et
3000 1320 3245 1376 Filium:
3278 1320 3405 1375 dico
3438 1322 3579 1392 quid
3640 1322 3718 1376 sit

2079 1414 2276 1464 autem
2311 1427 2425 1464 non
2457 1410 2667 1474 lactus,
2712 1425 2889 1463 sacras
2922 1408 3145 1463 Litterae
3181 1426 3271 1464 me
3321 1426 3432 1465 non
3485 1411 3716 1465 docent.

2073 1486 2269 1553 Anam.
2304 1506 2387 1551 An
2422 1514 2549 1552 vero
2583 1514 2695 1552 non
2731 1503 2819 1553 est
2852 1497 2911 1551 in
2944 1499 3210 1553 confesso
3238 1503 3469 1553 Patrem
3502 1498 3716 1554 Christi

2072 1604 2187 1642 non
2222 1604 2352 1642 esse
2386 1586 2645 1641 factum?
2674 1586 2826 1642 Orth.
2862 1586 2978 1642 Hoc
3009 1592 3064 1641 et
3121 1604 3224 1659 ego
3286 1588 3486 1643 fateor.
3522 1590 3715 1643 Anam.

2073 1675 2271 1745 Itaque
2295 1674 2391 1747 qui
2427 1691 2539 1729 non
2568 1681 2657 1729 est
2688 1676 2895 1741 factus,
2928 1680 3115 1741 etest,
3150 1675 3230 1729 ita
3258 1681 3366 1745 est,
3402 1682 3465 1730 ut
3496 1677 3571 1731 sit
3601 1694 3716 1732 non

2070 1764 2281 1819 factus.
2318 1764 2418 1818 Est
2476 1764 2656 1836 igitur
2687 1781 2800 1819 non
2842 1764 3049 1818 factus.
3083 1762 3234 1819 Orth.
3270 1765 3413 1819 Eum
3474 1766 3715 1836 quidem

2071 1852 2202 1907 novi
2234 1868 2347 1907 non
2383 1852 2562 1907 fuisse
2596 1853 2851 1906 factum:
2888 1853 3082 1923 ipsum
3107 1859 3302 1907 autem
3335 1870 3538 1908 vocare
3597 1872 3713 1909 non

2069 1940 2286 1995 factum
2311 1957 2426 1996 non
2458 1940 2665 1995 docent
2688 1957 2779 1995 me
2810 1957 2986 1996 sacra:
3020 1942 3269 2012 Litteras,
3322 1944 3423 1997 sed
3456 1948 3709 1998 Patrem.

2069 2030 2264 2084 Anum.
2299 2029 2359 2084 Si
2393 2044 2505 2084 non
2538 2034 2625 2083 est
2665 2028 2850 2084 factus
2874 2030 2973 2099 qui
3008 2034 3142 2085 ante
3190 2029 3401 2085 saecula
3460 2037 3564 2098 est,
3624 2039 3715 2088 est

2071 2134 2185 2171 non
2219 2117 2441 2172 factus:
2477 2117 2575 2187 qui
2605 2133 2735 2172 vero
2767 2117 2849 2171 sic
2870 2121 2980 2184 est,
3018 2123 3081 2172 ut
3111 2135 3226 2173 non
3259 2119 3335 2173 sit
3365 2120 3573 2187 factus,
3625 2127 3715 2175 est

2070 2222 2185 2260 non
2221 2205 2424 2260 factus.
2461 2205 2613 2260 Orth.
2650 2209 2863 2260 Verum
2897 2206 3198 2278 Scriptura
3231 2224 3345 2262 non
3388 2215 3551 2263 vocat
3579 2227 3713 2265 eum

2069 2311 2182 2348 non
2229 2294 2476 2363 factum,
2504 2294 2601 2348 sed
2636 2310 2771 2348 eum
2794 2311 2922 2350 esse
2953 2299 3184 2351 Patrem
3216 2296 3376 2351 dicit.
3416 2299 3577 2361 Quod
3612 2316 3714 2353 au-

2074 2388 2190 2437 tem
2222 2382 2361 2436 dicit
2383 2382 2703 2453 Scriptura,
2737 2382 2921 2438 hocet
2950 2400 3055 2455 ego
3086 2385 3368 2453 dico,non
3402 2393 3598 2442 autem
3634 2390 3713 2459 id,

2069 2471 2221 2542 quod
2258 2470 2312 2524 in
2348 2471 2653 2525 hominum
2686 2472 3096 2542 cogitationem
3127 2473 3301 2528 cadit.
3336 2475 3479 2529 Nam
3516 2481 3571 2530 et
3602 2476 3717 2530 alia

2073 2558 2251 2613 multa
2282 2560 2338 2613 in
2373 2564 2631 2614 nostram
2655 2561 3063 2630 cogitationem
3088 2562 3327 2628 cadunt,
3356 2580 3479 2634 qua:
3515 2569 3709 2618 tamen

2072 2646 2477 2717 repudiamus,
2512 2652 2575 2702 ut
2596 2664 2722 2718 que
2754 2648 3162 2704 convenienter
3191 2650 3261 2705 de
3296 2654 3408 2705 Deo
3442 2652 3556 2705 dici
3590 2668 3704 2706 non

2073 2736 2325 2807 possint,
2359 2736 2834 2808 quandoquidem
2869 2736 2927 2791 in
2975 2737 3292 2808 Scripturis
3335 2740 3384 2792 ei
3424 2756 3537 2793 non
3601 2742 3703 2794 tri-

2071 2827 2351 2879 buuntur.
2385 2826 2575 2880 Anam.
2598 2825 3091 2897 Cedoexemplum
3117 2843 3130 2880 :
3155 2831 3217 2881 ut
3242 2827 3405 2898 quid,
3431 2829 3714 2884 obsecro?

2070 2913 2220 2968 Orth.
2265 2918 2501 2968 Constat
2552 2930 2656 2969 nos
2686 2921 2907 2984 optare,
2939 2920 3005 2969 ut
3061 2914 3120 2969 in
3177 2915 3386 2971 melius
3438 2918 3708 2985 proficia-

2072 3019 2203 3057 mus
2225 3008 2285 3057 at
2314 3002 2467 3057 Deus
2502 3019 2613 3057 non
2659 3001 2908 3073 proficit,
2935 3003 3215 3073 quoniam
3250 3003 3393 3059 nihil
3424 3006 3473 3060 ei
3524 3006 3707 3061 deest.

2069 3091 2260 3145 Anam.
2297 3089 2453 3148 Nihil
2486 3107 2724 3162 prorsus
2747 3091 2854 3161 ipsi
2886 3092 3068 3146 deest.
3123 3091 3274 3148 Orth.
3320 3092 3406 3149 Illi
3440 3111 3576 3166 ergo
3622 3097 3710 3149 ni-

2071 3178 2152 3233 hi1
2174 3196 2321 3251 opus
2353 3184 2462 3249 cst,
2497 3185 2560 3234 ut
2591 3178 2872 3250 proﬁciat.
2908 3184 3099 3235 Anam.
3135 3181 3311 3237 Nihil.
3348 3184 3501 3238 Orth.
3535 3183 3715 3238 Nemo
3818 3174 3831 3181 ’

306 3271 437 3328 ἀλλ’
467 3253 541 3333 ὡς
568 3253 782 3340 ἀναξίαν
816 3273 912 3323 τοῦ
944 3273 1077 3323 Θεοῦ
1122 3270 1220 3337 τὴν
1279 3268 1466 3344 φωνὴν
1525 3266 1954 3341 παραιτούμεθα.

2077 3272 2266 3322 tamen
2300 3274 2566 3323 nostrum
2597 3273 2706 3334 est,
2731 3269 2829 3339 qui
2863 3270 3015 3339 quod
3051 3286 3165 3324 non
3217 3270 3501 3341 proﬁciat,
3558 3272 3717 3326 dicat

309 3360 500 3422 Οὕτως
533 3356 659 3414 οὐδὲ
684 3358 748 3413 τὸ
777 3357 1033 3432 ἀγένητον
1068 3353 1209 3427 ἄξιον
1245 3355 1375 3410 εἶναι
1406 3360 1503 3409 τοῦ
1548 3359 1683 3409 Θεοῦ
1728 3352 1959 3429 λέγομεν

310 3449 356 3505 εἰ
387 3448 489 3524 γὰρ
518 3448 584 3517 ἦν
617 3447 791 3517 ἄξιον,
823 3448 967 3501 εἶπεν
1003 3444 1061 3499 ἂν
1094 3443 1222 3499 αὐτὸ
1255 3447 1289 3514 ἡ
1324 3444 1439 3499 θεία
1468 3446 1676 3521 Γραφή.

2071 3372 2228 3426 eum,
2262 3354 2630 3429 ἀπρόκοπτον.
2664 3372 2788 3424 seu,
2822 3374 2936 3411 non
2972 3357 3368 3428 proﬁcientem
3396 3377 3409 3425 ;
3442 3359 3580 3429 quin
3615 3376 3716 3431 po-

2075 3444 2194 3499 tius
2225 3443 2374 3500 banc
2405 3461 2621 3514 vocem,
2659 3450 2722 3500 ut
2753 3461 2879 3517 qua
2903 3451 3083 3501 Deum
3108 3463 3221 3501 non
3262 3448 3484 3518 deceat,
3545 3466 3718 3520 repu-

308 3542 566 3597 diamus.
598 3544 682 3594 Ita
711 3538 887 3594 etiam
911 3537 1061 3593 illud
1086 3535 1373 3610 ἀγένητον,
1407 3552 1511 3592 seu
1530 3553 1642 3590 non
1677 3537 1892 3591 factum
1926 3551 2211 3608 negamus
2266 3535 2383 3591 Dea
2414 3534 2658 3609 dignum
2697 3552 2847 3605 esse,
2884 3553 3016 3591 nam
3049 3537 3100 3592 si
3132 3537 3380 3609 dignum
3422 3544 3599 3605 esset,
3655 3540 3712 3594 id

310 3632 574 3686 dicerent
624 3644 802 3684 sacra:
857 3626 1105 3681 Littera.

387 3719 437 3772 4.
473 3715 658 3788 Ἀνόμ.
695 3714 933 3789 Ἐγένετο
965 3711 1055 3768 οὖν
1089 3715 1118 3768 6
1149 3712 1315 3781 Θεός;
1359 3711 1495 3780 εἰπὲ,
1526 3714 1615 3767 καὶ
1659 3710 1763 3766 ὐπὸ
1811 3711 1955 3773 τίνος

314 3808 556 3885 ἑγένετος
616 3808 765 3881 Ὀρθ.
825 3805 887 3861 Εἰ
947 3802 1036 3859 διὰ
1100 3809 1260 3859 τοῦτο
1336 3804 1592 3879 ἀγένητον
1660 3802 1817 3857 αὐτὸν
1878 3800 1960 3857 δεῖ

316 3896 521 3971 λέγειν,
550 3892 739 3963 ἐπειδὴ
797 3893 886 3947 ὐπ’
944 3891 1158 3954 οὐδενὸς
1221 3890 1446 3967 ἐγένετο,
1481 3891 1597 3946 εἷπε
1654 3890 1810 3946 αὐτὸν
1869 3891 1958 3946 καὶ

316 3988 566 4052 ἄπιστον,
599 3980 785 4052 ἐπειδὴ
818 3984 894 4045 εἷς
922 3980 1107 4037 οὐδένα
1137 3980 1393 4036 πιστεύει·
1452 3979 1569 4035 εἰπὲ
1625 3979 1713 4034 καί
1767 3975 1957 4049 ἀσεϐῆ,

316 4070 506 4141 ἐπειδὴ
567 4069 755 4127 οὐδένα
812 4065 1040 4126 σέϐεται.
1075 4069 1140 4126 Εἰ
1208 4067 1265 4124 δὶ
1317 4074 1483 4124 ταῦτα
1540 4072 1573 4138 ἡ
1634 4070 1727 4141 μὲν
1786 4064 1962 4122 ἔννοια

317 4157 649 4228 ὑποϐάλλει,
679 4164 713 4230 ἠ
748 4158 805 4215 δὲ
835 4155 1075 4215 εὐσέϐεια
1106 4158 1205 4213 οὐκ
1251 4158 1522 4233 ἐπιτρέπει
1571 4158 1766 4233 λέγειν’
1819 4156 1961 4211 οὕτω

315 4250 409 4305 καὶ
451 4250 514 4305 τὸ
556 4250 840 4325 ἀγένητον,
872 4248 966 4302 κᾶν
1018 4244 1153 4321 δοκῇ
1202 4252 1320 4308 ταῖς
1380 4244 1606 4306 ἐννοίαις
1638 4248 1794 4317 ἡμῶν
1828 4244 1961 4299 ὐπο-

318 4339 559 4401 πίπτειν,
593 4337 718 4393 ἀλλ’
748 4340 782 4407 ἡ
814 4331 1056 4391 εὐσέϐεια
1100 4335 1197 4391 οὐκ
1243 4335 1514 4408 ἐπιτρέπει
1566 4332 1760 4408 λέγειν.
1794 4332 1857 4389 Εἰ
1907 4330 1965 4386 δὲ

323 4434 430 4502 μή,
461 4430 604 4482 εἶπεν
659 4426 788 4481 αὐτὸ
842 4425 1055 4486 πάντως
1102 4427 1137 4494 ἡ
1179 4425 1388 4501 Γραφή.
1423 4422 1607 4495 Ἀνόμ.
1659 4421 1735 4479 Οὐ
1794 4420 1966 4497 λέγεις

322 4516 418 4572 οῦν
469 4516 732 4590 ἀγένητον
783 4514 875 4569 τὸν
926 4514 1012 4569 ἐπὶ
1062 4515 1277 4567 πάντων
1307 4513 1475 4581 Θεόν;
1510 4513 1651 4584 Ὀρθ.
1688 4510 1750 4565 Εἰ
1780 4512 1971 4587 γέγρα-

322 4626 475 4673 πται,
508 4603 670 4679 λέγω·
731 4603 775 4657 εί
836 4600 893 4657 δὲ
949 4602 1009 4657 οὐ
1068 4602 1389 4677 γέγραπται,
1414 4599 1511 4654 οὐκ
1570 4596 1684 4675 ἔχω
1730 4599 1967 4673 ἀνάγκην

325 4694 514 4750 εἷπεῖν.
553 4693 657 4749 Καὶ
721 4691 803 4747 ὅτι
861 4690 921 4746 οὐ
979 4691 1192 4751 πάντως
1249 4690 1316 4743 τὰ
1369 4695 1489 4750 ταῖς
1536 4687 1762 4748 ἐννοίαις
1811 4690 1971 4761 ἡμῶν

325 4783 698 4838 ὖποπίπτοντα
759 4779 839 4835 δεῖ
896 4777 1092 4854 λέγειν,
1132 4776 1302 4848 ’έξεστι
1358 4778 1448 4833 καὶ
1508 4776 1693 4839 ἄλλως
1749 4782 1971 4852 γνῶναι.

328 4872 482 4946 Παρὰ
511 4871 723 4925 πάντων
752 4872 914 4943 ἡμῶν
943 4867 1330 4943 ὡμολόγηται,
1362 4866 1445 4921 ὅτι
1475 4867 1503 4919 6
1555 4867 1684 4927 Θεὸς
1744 4865 1973 4939 ἀόρατός

328 4960 461 5031 ἔστι,
492 4965 589 5016 τοῦ
618 4961 773 5036 ἁγίου
814 4956 1033 5015 Παύλου
1063 4956 1317 5033 λέγοντος
1360 4981 1386 5009 ι(
1410 4956 1712 5033 Ἀφθάρτῳ,
1733 4956 1972 5031 ἀοράτῳ,

332 5051 481 5123 μόνῳ
533 5056 684 5130 σοφῷ
734 5055 870 5121 Θεῷ.
909 5075 935 5100 ››
966 5050 1027 5105 Ὀ
1078 5045 1137 5101 δὶ
1183 5048 1449 5124 ἄφθαρτος
1502 5045 1610 5121 οὐχ
1656 5046 1830 5117 ἑαυτῷ
1880 5046 1973 5118 μὶν

329 5141 563 5219 φθαρτός
615 5140 775 5209 ἐστιν,
810 5138 1003 5199 ἄλλοις
1063 5134 1122 5192 δὲ
1172 5138 1463 5214 ἄφθαρτος,
1498 5134 1643 5190 ἀλλά
1696 5135 1786 5190 καὶ
1845 5140 1973 5188 πᾶσι

328 5230 418 5285 καὶ
479 5230 654 5302 ἑαυτῷ
713 5227 982 5307 ἄφθαρτός
1037 5226 1201 5282 ἐστιν.
1236 5224 1421 5298 Ἀνόμ.
1456 5222 1553 5279 Καὶ
1612 5225 1772 5279 πάνυ.
1827 5225 1971 5298 Ὀρθ.

331 5318 566 5391 Οὐκοῦν,
598 5315 786 5388 ἐπειδὴ
846 5323 1111 5387 συνῆπται
1166 5319 1247 5386 τῷ
1303 5311 1557 5392 ἀφθάρτῳ
1602 5312 1665 5367 τὸ
1723 5313 1973 5386 ἀόρατον,

405 5521 449 5555 ιι
480 5520 501 5576 1
531 5519 685 5576 Tim.
718 5535 760 5588 ι,
792 5518 878 5572 17.

409 5697 482 5769 (6)
512 5695 698 5753 Palat.
730 5693 828 5748 Καὶ
859 5691 963 5769 γὰρ
993 5691 1104 5750 καί.

654 5826 913 5889 Panos.
964 5824 1072 5887 Gs.
1121 5820 1395 5886 XXVIII.

2141 3718 2292 3774 425
2329 3716 2379 3770 4.
2403 3716 2594 3770 Anam.
2629 3714 2728 3768 Dic
2758 3714 2956 3785 igitur,
2994 3716 3255 3771 factusne
3284 3721 3370 3771 est
3414 3717 3605 3771 Deus?
3654 3722 3711 3773 et

2068 3828 2099 3864 a
2122 3826 2236 3881 quo
2261 3808 2448 3861 factus
2478 3802 2608 3859 est?
2638 3803 2786 3859 Orth.
2836 3802 2891 3856 Si
2922 3808 3229 3873 propterea
3251 3812 3474 3875 oportet
3510 3805 3704 3875 ipsum

2068 3898 2183 3954 dici
2215 3913 2329 3951 non
2361 3894 2602 3962 factum,
2635 3891 2910 3961 quoniam
2944 3893 3000 3945 in
3034 3892 3194 3947 nullo
3224 3898 3313 3947 est
3363 3895 3572 3958 factus,
3618 3894 3712 3949 die

2067 3987 2244 4042 etiam
2262 4000 2393 4039 eum
2429 3998 2541 4037 non
2573 3980 3217 4051 credentem,quoniam
3250 3980 3308 4035 in
3341 3982 3567 4037 nullum
3593 3998 3715 4037 cre-

2070 4076 2181 4129 dit:
2216 4079 2271 4127 et
2304 4069 2873 4140 impium,quoniam
2908 4068 3138 4123 nullum
3170 4068 3328 4124 colit.
3354 4070 3515 4133 Quod
3550 4070 3597 4125 si
3623 4088 3717 4127 co-

2070 4163 2275 4234 gitatio
2306 4158 2542 4230 quidem
2579 4162 2780 4211 nostra
2807 4151 2976 4211 nobis
3006 4155 3145 4212 talia
3169 4159 3448 4229 suggerit,
3514 4159 3717 4231 religio

2072 4268 2203 4306 vero
2234 4249 2426 4304 dicere
2458 4262 2562 4300 nos
2614 4260 2727 4299 non
2760 4246 3012 4316 patitur:
3047 4246 3130 4299 ita
3186 4247 3349 4302 etiam
3407 4248 3548 4302 illud
3604 4264 3723 4303 non

2074 4341 2311 4403 factum,
2344 4334 2575 4390 etiarnsi
2604 4334 2773 4388 nobis
2804 4333 3080 4404 cogitatio
3114 4340 3313 4389 nostra
3343 4336 3399 4390 id
3418 4340 3721 4407 suggerat,

2076 4445 2190 4484 non
2214 4425 2355 4481 sinit
2384 4430 2582 4478 tamen
2617 4421 2817 4494 religio
2852 4438 2955 4477 nos
2978 4422 3188 4479 dicere.
3226 4424 3286 4478 ld
3317 4426 3473 4479 enim
3496 4425 3722 4496 alioqui

2076 4516 2374 4587 Scriptura
2405 4512 2604 4583 utique
2634 4516 2999 4582 usurpasset.
3061 4516 3252 4568 Anam.
3290 4516 3375 4568 An
3432 4531 3545 4568 non
3587 4530 3721 4570 vero

2084 4603 2617 4674 Deum,quisupra
2658 4599 2855 4654 omnia
2915 4605 3025 4668 est,
3090 4602 3235 4657 dicis
3294 4619 3406 4657 non
3471 4603 3730 4657 factum?

2085 4694 2244 4750 Orth.
2278 4691 2552 4759 Dixerim,
2577 4689 2625 4744 si
2658 4689 2942 4759 scriptum
2976 4694 3155 4759 esset,
3191 4692 3412 4763 quodsi
3446 4692 3730 4764 scriptum

2085 4800 2198 4838 non
2220 4785 2328 4846 est,
2366 4796 2479 4833 non
2513 4794 2688 4848 cogor
2716 4777 2929 4831 dicere.
2964 4777 3077 4833 Sed
3108 4783 3165 4833 et
3231 4779 3449 4849 alioqui
3505 4780 3731 4836 intelli-

2085 4891 2218 4946 gere
2249 4873 2400 4939 licet,
2433 4888 2545 4926 non
2586 4888 2712 4927 esse
2744 4870 3082 4937 dicendum,
3114 4870 3399 4942 quidquid
3452 4875 3510 4928 in
3574 4873 3732 4945 cogi-

2086 4964 2365 5018 tationem
2401 4966 2661 5014 nostram
2686 4959 2859 5013 cadit.
2884 4959 3156 5014 Fatemur
3171 4976 3374 5015 omnes
3406 4961 3589 5016 Deum
3607 4979 3737 5017 esse

2086 5048 2461 5115 invisibilem,
2495 5064 2629 5101 cum
2681 5048 2838 5101 dicat
2897 5047 3152 5103 Paulus:
3184 5072 3209 5097 (ι
3279 5052 3735 5119 lncorruptibili,

2086 5135 2389 5200 invisibili,
2423 5135 2533 5190 soli
2567 5136 2814 5207 sapienti
2853 5136 3050 5191 Deo“.
3082 5160 3109 5187 »
3164 5138 3446 5193 Caeterum
3498 5140 3596 5210 qui
3646 5139 3734 5193 in-

2086 5223 2491 5296 corruptibilis
2521 5229 2628 5293 est,
2665 5241 2776 5278 non
2808 5229 2897 5279 est
2917 5225 3028 5279 sibi
3048 5226 3286 5296 quidem
3310 5227 3728 5298 corruptibilis,

2086 5314 2220 5370 aliis
2241 5328 2376 5369 vero
2406 5311 2874 5384 incorruptibiiis
2902 5331 2914 5369 :
2950 5316 3051 5369 sed
3084 5320 3141 5370 et
3178 5315 3455 5371 omnibus
3512 5319 3568 5370 et
3620 5313 3736 5369 sibi

3336 5819 3414 5878 37
