4092 6218
418 358 574 416 1163
1578 342 1620 407 S
1688 340 2051 404 A'l‘HANAS

2166 338 2207 401 ὃ.
2240 375 2317 387 -
2347 341 2657 405 SPURIA.
3680 340 3843 404 1164

418 483 988 559 cstincorruptibilis
1010 484 1200 539 Anam.
1235 481 1323 536 Ita
1351 482 1442 536 est
1473 492 1737 550 prorsus.
1771 473 1923 530 Orth.
1960 472 2052 543 lgi-

2187 467 2426 542 si’mopev
2472 474 2561 526 καί
2609 472 2766 528 αὐτὸν
2813 475 2987 547 ἑαυτῷ
3028 472 3254 550 ἀόρατον
3285 473 3422 528 εἶναι
3449 474 3542 528 τὸν
3572 473 3703 529 Θιόν
3734 477 3835 547 (7).

432 586 545 643 tur,
581 576 859 647 quoniam
894 566 1436 643 incorrUptibilitati
1467 563 1778 637 copulatur
1805 560 2052 617 invisibi‘

2190 559 2287 615 Καὶ
2345 560 2635 636 ἐψεύσαντο
2693 566 2754 619 τὰ
2811 563 3116 642 Εὐαγγὲλια
3170 565 3287 620 καθ’
3341 565 3505 639 ὑμᾶς,
3564 563 3795 640 λέγοντα
3818 584 3832 596 ·

432 667 587 731 lites,
621 666 888 720 dicamus
928 666 1109 716 Deum
1141 659 1255 714 sibi
1276 657 1393 730 ipsi
1422 669 1655 727 quoque
1686 650 2052 719 invisibilem,

2177 672 2206 702 ιι
2260 649 2317 703 ‘0
2366 673 2439 706 ων
2491 653 2636 727 παρὰ
2678 656 2776 709 τοῦ
2830 654 3062 730 Πατρὸς,
3115 653 3272 715 αὐτὸς
3315 653 3522 730 ἑώρακε
3566 654 3661 708 τὸν
3718 658 3829 708 Πα-

420 763 476 811 et
502 758 579 809 ita
614 754 923 808 mentitum
958 750 1069 805 erit
1094 748 1314 821 (vestro
1347 744 1585 815 quidem
1610 740 1858 814 judicio)
1888 739 2052 794 Evan-

2183 738 2333 814 τέρα.
2368 764 2397 791 ››
2429 739 2495 797 Εἴ
2526 737 2583 795 δὲ
2614 742 2643 795 6
2673 737 2748 797 ὣν
2778 744 2923 819 παρᾶ
2951 746 3049 797 τοῦ
3076 742 3283 819 Πατρὸς
3315 742 3416 816 ὁρᾷ
3468 744 3563 798 τὸν
3598 742 3830 815 Πατέρα,

422 844 662 917 gelium,
702 857 836 895 cum
864 838 1080 910 inquit,
1112 835 1268 900 «Qui
1300 839 1390 892 est
1418 849 1452 888 a
1481 831 1670 900 Patre,
1695 830 1766 900 is,
1796 827 1941 884 vidit
1963 827 2052 883 Pa-

2185 827 2273 917 m‘i
2306 828 2335 882 6
2366 830 2553 904 Πατὴρ
2602 830 2762 894 αὐτὸς
2812 831 2997 887 ἑαυτὸν
3050 831 3172 909 ὁρᾷ,
3205 830 3236 885 ὅ
3280 830 3414 904 ἐστι,
3449 831 3539 886 καὶ
3584 829 3831 906 λέγεται,

420 915 652 987 trem“.
692 954 717 978 ››
753 930 914 996 Quod
948 927 998 983 si
1044 926 1118 990 is,
1178 924 1278 997 qui
1312 940 1346 977 a
1404 921 1573 976 Patre
1621 923 1732 988 est,
1766 916 1918 972 videt
1955 915 2052 971 Pa«

2174 915 2265 969 καὶ
2298 917 2601 974 πιστεύεται
2640 918 2770 974 εἶναι
2802 918 3054 994 ἀόρατος,
3085 919 3196 996 οὐχ
3250 920 3447 993 ἑαυτῷ,
3479 916 3608 975 οὐδὲ
3648 924 3729 992 τῷ
3782 918 3833 990 ἐξ

420 1027 593 1089 trem,
629 1036 772 1074 sane
805 1018 931 1089 ipse
960 1015 1132 1070 Pater
1160 1013 1420 1084 seipsum
1450 1009 1633 1064 videt:
1676 1006 1832 1078 quod
1891 1009 1979 1062 est
2007 1009 2065 1060 et

418 1112 633 1166 dicitur
664 1113 719 1163 et
747 1105 1006 1163 creditur
1032 1118 1163 1159 esse
1193 1097 1528 1165 invisibilis,
1550 1094 1918 1152 referendum
1948 1098 2060 1162 est,

2181 1002 2345 1059 αὐτοῦ
2374 1006 2502 1079 Υἱῷ,
2535 1004 2662 1063 οὐδε
2687 1012 2766 1081 τῷ
2803 1010 2928 1084 παρ’
2956 1008 3123 1064 αὐτοῦ
3169 1009 3310 1084 ἁγίῳ
3356 1007 3656 1083 Πνεῦματι,
3686 1007 3834 1065 ἀλλὰ

2178 1092 2320 1169 πάσῃ
2344 1097 2415 1170 τῇ
2443 1095 2635 1154 κτίσει.

416 1216 533 1253 non
566 1198 635 1251 ad
670 1196 837 1250 illum
868 1193 1087 1266 ipsum,
1122 1206 1312 1263 neque
1336 1188 1411 1244 ad
1442 1185 1678 1255 Filium,
1711 1184 1897 1257 quiex
1926 1183 2055 1256 ipso
2083 1186 2194 1254 est,
2227 1198 2418 1257 neque
2446 1186 2520 1243 ad
2541 1185 2828 1260 Spiritum
2869 1193 3168 1260 sanctum,
3227 1189 3330 1262 qui
3389 1188 3460 1244 ab
3516 1188 3650 1261 ipso
3710 1193 3829 1257 est;

416 1289 515 1343 sed
541 1288 609 1340 ad
644 1299 848 1339 omnes
869 1284 1191 1339 creaturas.

482 1395 535 1447 5.
571 1394 761 1445 Anam.
794 1389 961 1445 Nunc
990 1386 1175 1455 disco,
1204 1400 1309 1440 vos
1338 1383 1396 1439 id
1429 1399 1544 1439 non
1591 1381 1850 1444 credere,
1898 1378 2056 1450 quod

415 1482 686 1535 omnibus
719 1479 777 1532 in
804 1477 1070 1533 confesso
1095 1478 1204 1530 est.
1239 1471 1394 1530 Orth.
1456 1470 1748 1534 Quidnam
1779 1469 1808 1523 ‘I
1860 1468 2055 1523 Anam.

2235 1379 2292 1435 5.
2336 1378 2529 1453 Ἀνόμ.
2580 1382 2691 1438 Νῦν
2756 1383 3032 1453 μανθάνω,
3081 1380 3168 1437 ὅτι
3215 1382 3246 1437 ὃ
3302 1386 3462 1439 πᾶσιν
3511 1380 3833 1457 ἀνθρώποις

2166 1465 2308 1522 ἐστὶν
2340 1467 2804 1543 ὡμολογημένον,
2834 1475 2996 1525 τοῦτο
3047 1471 3203 1544 ὑμεῖς
3245 1470 3307 1525 οὗ
3337 1469 3635 1526 πιστεύετε.
3671 1471 3829 1547 Ὀρθ.

414 1571 595 1625 Deum
628 1585 755 1623 esse
784 1583 900 1622 non
949 1565 1168 1620 factum
1200 1578 1404 1618 omnes
1434 1574 1579 1616 sana
1608 1563 1803 1614 mente
1833 1555 2052 1629 prsiditi

2170 1552 2375 1626 Ποῖον’;
2423 1557 2616 1631 Ἀνόμ.
2677 1560 2800 1616 Ὅτι
2854 1559 3115 1636 ἆγένητός
3153 1558 3293 1614 ἐστιν
3354 1561 3383 1615 6
3440 1558 3829 1627 Θεὸς,“πάντες

416 1660 788 1721 confitentur,
810 1671 913 1711 vos
942 1658 1138 1709 autem
1170 1668 1285 1707 non
1326 1648 1661 1706 admittitis.
1724 1646 1879 1702 Orth.
1934 1645 2052 1701 Non

2166 1644 2466 1713 ἂνθρωποι,
2499 1647 2552 1701 οἱ
2582 1651 2706 1701 νοῦν
2757 1647 2914 1723 ὀρθὸν
2964 1644 3209 1724 ἔχοντες,
3241 1646 3633 1724 ὁμολογοῦσιν,
3668 1648 3829 1721 ὑμεῖς

417 1750 542 1803 dico
578 1764 685 1800 non
723 1760 893 1817 posse
924 1759 957 1798 a
978 1742 1149 1799 nobis
1179 1738 1432 1804 admitti,
1467 1742 1536 1792 ut
1565 1736 1748 1791 Deum
1770 1736 2052 1789 fateamur

2166 1733 2225 1787 δὲ
2253 1732 2316 1788 οὐ
2348 1731 2593 1811 δέχεσθε.
2629 1737 2775 1811 Ὀρθ.
2807 1736 2886 1793 Οὐ
2917 1734 3085 1813 λέγω,
3117 1736 3203 1791 δτι
3230 1737 3295 1792 τὸ
3340 1736 3605 1812 ἀγένητον
3659 1737 3824 1793 αὐτὸν

419 1855 531 1892 non
567 1838 811 1891 factum:
837 1833 939 1889 sed
971 1829 1239 1903 quamvis
1266 1827 1529 1883 idcadat
1554 1825 1614 1880 in
1642 1828 1907 1879 nostram
1956 1837 2052 1877 co-

2166 1806 2459 1898 ὁμολογείν
2487 1806 2853 1901 ἆπαράέεκτὸν
2884 1806 3025 1881 ἐστιν
3051 1828 3209 1898 ἡμῖν·
3241 1824 3370 1882 ἀλλ’
3389 1806 3501 1881 *ὅτι
3531 1827 3631 1882 κᾶν
3683 1824 3823 1901 δοκῇ

416 1926 758 1998 gitationem
790 1927 987 1976 tamen
1021 1915 1418 1974 necessarium
1462 1931 1577 1969 non
1610 1928 1760 1975 esse,
1807 1917 1872 1965 ut
1921 1925 2052 1965 voce

2169 1915 2289 1973 ταῖς
2319 1910 2546 1975 ἐννοίαις
2578 1914 2738 1986 ἡμῶν
2771 1912 3259 1984 ὑποπίπτειν,ἆλλ’
3280 1914 3435 1987 ὅμως
3465 1914 3541 1978 ὡς
3572 1911 3824 1988 οὐδαμοῦ

418 2021 671 2077 utamur,
706 2027 830 2081 quas
860 2009 920 2064 in
952 2006 1138 2063 sacris
1173 2004 1403 2061 Litteris
1433 1999 2057 2072 nusquaminvenitur.

416 2105 558 2158 Nam
586 2102 629 2156 si
684 2102 791 2155 hoc
822 2099 968 2154 foret
1004 2093 1425 2155 necessarium,
1461 2106 1573 2146 non
1608 2089 1939 2145 reticuisset
1967 2103 2062 2142 sa-

415 2210 514 2247 cra
562 2191 882 2259 Scriptura.
914 2189 1104 2243 Anam.
1138 2182 1322 2254 Igitur
1364 2182 1583 2235 factum
1634 2177 1832 2250 ipsum
1887 2176 2061 2232 dica-

418 2284 586 2338 mus?
612 2280 765 2335 Orth.
797 2277 903 2344 Qui
936 2274 1155 2331 factum
1186 2288 1320 2328 eum
1336 2269 1494 2338 dicit,
1528 2269 1710 2340 impie
1733 2265 2061 2324 facit.Tra-

417 2373 564 2426 didit
594 2372 750 2425 enim
782 2365 953 2423 nobis
980 2363 1304 2434 Scriptura,
1336 2374 1603 2431 quasnam
1635 2363 1779 2412 sunt
1803 2357 1974 2421 facta,
2004 2361 2062 2410 et

420 2461 549 2531 quis
574 2460 650 2512 sit
681 2471 882 2512 norum
907 2452 1120 2526 opifex.
1152 2450 1259 2516 Qui
1291 2464 1426 2504 vero
1458 2447 1605 2502 dicit
1634 2461 1769 2501 eum
1813 2461 1927 2500 non
1973 2445 2058 2500 fa-

419 2555 579 2603 ctum
613 2545 791 2617 (quod
824 2544 1128 2615 Scriptura
1157 2554 1275 2594 non
1307 2536 1505 2608 tradit)
1558 2548 2058 2606 supervacaneum

419 2639 699 2710 quiddam
734 2632 1013 2704 loquitur.
1057 2630 1249 2684 Anam.
1282 2626 1343 2682 Si
1403 2641 1519 2681 non
1549 2629 1641 2679 est
1696 2624 1910 2685 factus,
1969 2628 2060 2677 est

418 2708 533 2781 non
561 2728 765 2780 factus.
792 2720 948 2778 Orth.
983 2718 1169 2774 Etiam
1203 2716 1253 2770 si
1286 2715 1550 2770 humana
1577 2711 1853 2784 cogitatio
1884 2708 2055 2766 nobis

419 2818 521 2872 hoc
556 2812 842 2885 suggerit,
874 2825 987 2866 non
1021 2808 1104 2861 ita
1129 2821 1252 2875 ,nos
1284 2809 1480 2859 tamen
1513 2805 1721 2857 sancta
1750 2799 2058 2870 Scriptura

414 2905 636 2963 docuit;
664 2902 763 2956 sed
787 2897 1160 2969 audisipsam
1182 2893 1470 2949 dicentem
1497 2907 1555 2945 τοι
1578 2889 1871 2954 Quantum
1890 2890 2059 2943 abest

413 2997 605 3051 oriens
639 2995 708 3045 ab
759 2988 1074 3049 occidente,
1130 2987 1361 3039 tantum
1402 2982 1622 3036 absunt
1668 2977 2055 3049 cogitationes

410 3088 611 3137 vestrae
644 3098 676 3134 ιι
698 3074 1155 3150 cogitationibus
1177 3070 1325 3126 meis
1345 3070 1408 3124 ⁸⁸.
1436 3090 1465 3118 ››
1495 3067 1654 3131 Quod
1675 3066 1727 3121 si
1757 3065 2055 3122 existimat

2168 2006 2271 2068 τῆς
2294 1999 2438 2064 θείας
2470 2007 2688 2080 Γραφῆς
2719 2002 2974 2075 κειμένην
3004 2004 3105 2072 τήν
3139 2004 3325 2080 φωνήν
3375 2003 3475 2059 οὐκ
3520 2002 3819 2078 ἀναγκαῖον

2170 2085 2367 2164 λέγειν.
2402 2090 2466 2144 Εἰ
2521 2091 2626 2167 γὰρ
2672 2092 2741 2160 ἦν
2792 2092 3106 2166 ἀναγκαῖον,
3140 2091 3283 2147 εἶπεν
3337 2090 3397 2146 ἃν
3454 2091 3589 2148 αὐτὸ
3638 2095 3676 2162 ἡ
3706 2093 3823 2148 θεία

2170 2181 2377 2254 Γραφή.
2428 2179 2614 2252 Ἀνόμ.
2676 2186 2713 2235 Γ
2717 2182 2907 2251 ενητὸν
2968 2179 3059 2235 οὖν
3121 2176 3361 2254 εἴπωμεν
3418 2181 3622 2251 αὐτόν;
3667 2183 3819 2257 Ὀρθ.

2167 2265 2229 2322 Ὁ
2260 2264 2433 2343 λέγων
2487 2267 2646 2323 αὐτὸν
2709 2270 2927 2343 γενητὸν
2958 2271 3037 2343 (8)
3080 2260 3285 2325 ἀσεϐεῖ.
3335 2268 3467 2324 Εἶπε
3521 2270 3627 2345 γὰρ
3686 2272 3825 2343 ἡμῖν

2167 2355 2203 2423 ἠ
2238 2356 2447 2433 Γραφή,
2492 2356 2613 2412 τίνα
2669 2355 2781 2412 ἐστὶ
2836 2358 2903 2412 τὰ
2958 2360 3177 2433 γενητὰ,
3236 2358 3327 2413 καὶ
3381 2358 3464 2420 τίς
3525 2361 3554 2413 6
3610 2359 3821 2415 τούτων

2167 2444 2566 2520 γενεσιουργός.
2616 2446 2678 2502 Ὁ
2732 2442 2790 2501 δὲ
2846 2444 3023 2521 λέγων
3084 2446 3242 2502 αὐτὸν
3302 2446 3588 2523 ἀγένητον,
3639 2450 3671 2503 ὂ
3724 2448 3824 2505 οὐκ

2169 2531 2313 2587 εἶπεν
2370 2535 2406 2602 ἡ
2466 2535 2674 2612 Γραφή,
2731 2534 3128 2611 περιπολογεῖ.
3184 2535 3377 2609 ’Δνόμ.
3438 2535 3500 2593 Εἴ
3551 2536 3656 2592 οὐκ
3706 2535 3820 2592 ἔστι

2166 2622 2417 2695 γενητὸς,
2464 2621 2723 2697 ἀγένητός
2769 2622 2932 2680 ἐστιν.
2988 2625 3134 2696 Ὀρθ.
3186 2622 3290 2679 Κᾶν
3337 2623 3653 2699 ἀνθρωπίνη
3707 2622 3821 2680 διά·

2164 2728 2282 2763 νοια
2309 2714 2470 2764 τοῦτο
2500 2716 2641 2765 νοεῖν
2673 2712 2827 2783 ποιῇ,
2862 2710 2987 2767 ἀλλ’
3012 2712 3122 2788 οὐχ
3168 2712 3343 2774 οὕτως
3381 2715 3416 2782 ἡ
3456 2713 3578 2769 θεία
3627 2716 3815 2793 Γραφή

2165 2794 2419 2869 ἐδίδαξενο
2467 2797 2593 2855 ἀλλ’
2641 2799 2855 2861 ἀκούεις
2902 2800 3070 2870 αὐτῆς
3116 2799 3402 2877 λεγούσης·
3452 2802 3543 2856 καὶ
3593 2826 3625 2854 ‹‹
3669 2805 3818 2858 Καθ-

2164 2886 2288 2942 όσον
2369 2887 2667 2963 ἀπέχουσιν
2741 2887 3000 2945 ἀνατολαὶ
3068 2889 3175 2945 ἀπὸ
3250 2887 3491 2964 δυσμῶν,
3546 2897 3809 2948 τοσοῦτον

2163 2974 2428 3051 ἀπέχουσι
2456 2976 2524 3031 τὰ
2554 2973 2893 3049 διανοήματα
2923 2979 3074 3051 ὑμῶν
3116 2978 3222 3033 ἀπὸ
3266 2984 3374 3034 τῶν
3420 2976 3805 3053 διανοημάτων

2165 3084 2292 3137 μου.
2324 3088 2353 3117 ι)
2388 3064 2451 3121 Ei
2483 3061 2541 3121 δὶ
2569 3066 2780 3137 νομίζει
2812 3066 3083 3139 Εὐνόμιος
3123 3066 3432 3143 εὑρηκέναι,
3462 3068 3526 3123 τὸ
3566 3068 3623 3123 τί
3672 3070 3813 3125 ἐστιν

413 3170 733 3226 Eunomius
760 3182 823 3222 se
852 3163 1233 3235 comperisse,
1266 3158 1407 3232 quid
1429 3158 1508 3213 sit
1530 3157 1867 3221 Deus,exeo
1895 3154 2050 3225 quod

2166 3153 2193 3208 6
2225 3153 2377 3221 Θεὸς,
2404 3152 2464 3208 ἐκ
2506 3158 2606 3209 τοῦ
2658 3154 2735 3225 μή
2785 3154 2919 3209 εἶναι
2958 3154 3116 3210 αὐτὸν
3175 3156 3425 3230 γενητὸν,
3460 3153 3605 3229 μηδὲ
3666 3154 3816 3233 ἔχειν

414 3276 526 3313 non
560 3258 637 3309 sit
670 3257 877 3321 factus,
908 3267 1016 3307 nec
1045 3249 1259 3305 habeat
1286 3262 1461 3303 suum
1495 3260 1626 3302 esse
1648 3259 1715 3299 ex
1748 3244 1945 3312 aliquo
1974 3244 2057 3299 fa-

412 3352 586 3409 ctore,
621 3344 776 3397 dicat
789 3356 924 3398 eum
954 3339 1131 3394 etiam
1155 3333 1334 3405 ἄθεον,
1358 3335 1415 3389 id
1434 3338 1544 3401 est,
1562 3354 1590 3384 ‹‹
1625 3333 1847 3403 absque
1865 3332 2005 3399 Deo,
2030 3353 2060 3381 »

417 3442 480 3489 ut
514 3434 607 3505 qui
646 3433 828 3486 Deum
847 3444 962 3484 non
992 3427 1227 3482 habeat.
1258 3422 1422 3490 Quod
1454 3422 1504 3478 si
1532 3438 1647 3476 non
1683 3421 1821 3475 licet
1849 3420 1934 3475 ita
1976 3420 2060 3475 lo-

421 3526 544 3595 qui,
577 3520 845 3593 quzimvis
875 3515 1285 3588 cogitationem
1318 3516 1579 3569 nostram
1613 3510 1845 3575 subeat,
1877 3525 1949 3564 ne
1970 3509 2058 3564 di-

418 3620 587 3667 catur
609 3611 781 3664 etiam
800 3624 911 3663 non
936 3606 1147 3672 factus,
1165 3600 1434 3673 quamvis
1453 3599 1630 3654 bocin
1648 3599 2058 3669 cogitationem

422 3706 679 3755 nostram
705 3697 893 3752 cadat.
926 3699 1118 3750 Anam.
1145 3690 1351 3745 Factus
1377 3693 1467 3743 est
1486 3686 1666 3758 igitur
1678 3686 1830 3741 Deus
1849 3685 1877 3739 ?
1898 3685 2056 3741 Orth.

418 3793 537 3847 Non
575 3794 763 3842 factus
784 3788 894 3841 est.
931 3789 1124 3840 Anam.
1160 3780 1306 3850 Ergo
1336 3782 1427 3833 est
1452 3792 1567 3832 non
1606 3777 1845 3831 factus?
1893 3773 2054 3831 Orth.

416 3884 595 3935 Habet
634 3895 699 3931 ne
732 3882 879 3932 Deus
909 3869 1129 3927 Deum?
1152 3869 1342 3924 Anam.
1386 3865 1627 3921 Minime
1684 3864 1920 3935 quidem
1978 3864 2051 3931 is,

410 3971 509 4041 qui
561 3976 647 4021 est
699 3982 811 4020 non
880 3963 1092 4018 factus.
1140 3957 1294 4013 Orth.
1355 3956 1456 4010 Est
1512 3954 1691 4026 igitur
1759 3952 1937 4021 ἄθεος,
1991 3953 2051 4007 id

409 4066 515 4119 est.
554 4081 578 4105 ‹‹
617 4059 840 4125 absque
871 4056 1006 4107 Deo.
1040 4070 1069 4099 ››
1101 4045 1466 4116 Viden'ergo,
1497 4059 1675 4113 quam
1719 4042 1969 4114 puerilia
1997 4044 2054 4095 et

400 4146 706 4203 illiberalia
750 4141 871 4196 sint
910 4143 1105 4194 vestra
1133 4134 1385 4203 cogitata
1411 4132 1439 4187 ?
1467 4131 1857 4195 Quamobrem
1878 4135 2048 4188 vesti-

396 4234 505 4301 giis
530 4238 742 4285 sancire
776 4228 1094 4298 Scripturee
1130 4223 1495 4289 insistentes,
1529 4219 1796 4274 dicamus
1847 4220 2043 4290 potius

398 4322 641 4381 Patrem,
674 4325 731 4372 et
775 4315 1088 4379 Filium,et
1141 4310 1425 4381 Spiritum
1474 4313 1769 4377 sanctum,
1827 4309 2036 4366 Deum:

395 4427 581 4481 neque
607 4406 969 4470 timebimus,
1004 4417 1078 4458 ne
1097 4401 1252 4455 circa
1268 4399 1442 4453 fidem
1466 4396 1839 4468 naufragium
1868 4396 2036 4453 facia-

397 4514 544 4550 mus.
581 4496 722 4549 Nam
758 4492 899 4548 illud
924 4506 1039 4545 non
1064 4488 1305 4550 factum,
1338 4490 1428 4539 est
1475 4484 1779 4540 inventum
1819 4484 2029 4554 aquilas

387 4586 657 4649 volantis,
695 4579 1010 4654 quaerentis
1030 4575 1432 4643 escam,cujus
1464 4573 1699 4627 firmum
1720 4573 2029 4643 vestigium

384 4673 629 4728 inveniri
668 4670 897 4743 nequit:
934 4684 1039 4724 nec
1072 4665 1229 4721 enim
1261 4663 1436 4719 habet
1467 4661 1526 4716 in
1574 4660 1897 4732 Scriptura,
1931 4663 2029 4717 ubi

384 4763 557 4831 pedes
592 4765 791 4833 ponat,
825 4759 1013 4815 Anam.
1039 4759 1347 4826 Acceptam
1369 4748 1678 4822 epistolam
1703 4751 1850 4806 Aetii
1882 4750 2028 4824 lege,

2165 3243 2564 3318 γενεσιουργὸν,
2615 3241 2820 3317 λεγέτω
2866 3242 3026 3299 αὐλὸν
3074 3243 3165 3299 καὶ
3219 3244 3398 3313 αθεον,
3444 3243 3635 3315 ἐπειδὴ
3686 3248 3814 3303 Θεὸν

2168 3331 2268 3386 οὐκ
2298 3329 2436 3407 ἔχει.
2470 3330 2624 3388 Ἀλλ’
2655 3331 2700 3386 εί
2733 3336 2810 3401 (9)
2840 3331 2902 3386 οὗ
2935 3329 3016 3387 δεῖ
3047 3330 3227 3409 λέγειν
3254 3337 3436 3401 τοῦτο,
3467 3333 3563 3389 κᾶν
3610 3335 3813 3391 ὑποπί-

2167 3439 2276 3494 πτῃ
2333 3425 2452 3482 ταῖς
2502 3418 2724 3483 ἑννοίαις
2755 3423 2935 3493 ἡμῶν·
2970 3418 3113 3494 μηδέ
3138 3422 3202 3477 τὸ
3229 3421 3488 3498 ἀγένητον
3548 3421 3817 3498 λεγέσθω,

2167 3508 2263 3564 κᾶν
2297 3509 2575 3583 ὑποπίπτῃ
2598 3515 2717 3572 ταῖς
2748 3508 2977 3573 ἐννοίαις
3009 3512 3188 3584 ἡμῶν.
3223 3511 3419 3583 Ἀνόμ.
3451 3510 3693 3587 Ἐγένετο
3724 3512 3812 3569 οὖν

2170 3597 2200 3651 6
2245 3598 2407 3668 Θεός;
2461 3600 2613 3675 Ὀρθ.
2670 3597 2779 3653 Οὐκ
2836 3598 3066 3674 ἐγένετο.
3128 3599 3322 3672 ’Δνόμ.
3369 3599 3663 3675 Ἀγένητος
3722 3600 3814 3657 οὗν

2169 3684 2348 3755 estw;
2396 3688 2545 3762 Ὀρθ.
2595 3689 2754 3762 Ἔχει
2800 3689 2928 3743 Θεὸν
2978 3688 3007 3743 6
3054 3688 3221 3756 Θεός;
3263 3688 3455 3762 Ἀνόμ.
3504 3690 3564 3747 Ὀ
3614 3691 3812 3767 ἀγένη-

2163 3795 2258 3838 τος
2315 3772 2399 3831 οὕ.
2448 3776 2598 3851 Ὀρθ.
2631 3777 2817 3836 ¹⁹Λθεος
2873 3774 2964 3831 οῦι
3018 3775 3150 3833 ἐστι.
3184 3775 3281 3831 Καὶ
3341 3777 3470 3852 ὁρᾷς
3523 3781 3664 3851 (10),
3696 3784 3813 3843 πῶς

2168 3860 2504 3938 μειρακιώδη
2534 3863 2623 3918 καὶ
2654 3861 3049 3940 ἀνδραποδώδη
3100 3864 3231 3919 εἰσὶν
3265 3865 3417 3938 ὑμῶν
3465 3865 3535 3921 τὰ
3580 3863 3807 3938 διανοή-

2166 3971 2344 4026 ματας
2396 3952 2489 4007 Διὸ
2550 3951 2762 4025 μᾶλλον
2817 3952 3238 4016 ἀκολουθοῦντες
3291 3961 3359 4023 τῆ
3420 3952 3539 4025 θείᾳ
3594 3958 3809 4035 Γραφῇ,

2159 4036 2398 4113 ετεπωμεν
2435 4042 2662 4117 υατὲρα,
2692 4041 2783 4096 καὶ
2841 4043 2981 4110 Υἱὸν,
3013 4047 3102 4097 καί
3160 4043 3309 4118 ἅγιον
3359 4047 3599 4116 Πνεῦμα,
3650 4045 3805 4101 Θεόν·

2154 4129 2244 4183 καὶ
2277 4130 2338 4183 οὐ
2369 4124 2687 4208 φοϐούμεθα
2714 4132 2839 4206 περὶ
2866 4133 2967 4200 τήν
3003 4130 3180 4185 πίστιν
3220 4138 3545 4206 ναυαγῆσαι.
3576 4133 3650 4188 Τὸ
3702 4135 3805 4210 γὰρ

2152 4217 2409 4293 ἀγένητον
2469 4218 2673 4296 εὕρεσίς
2731 4219 2872 4274 ἐστιν
2930 4221 3088 4275 ἀετοῦ
3136 4221 3460 4293 πετομένου,
3507 4226 3805 4290 ζητοῦντος

2154 4307 2318 4382 βορὰν
2372 4310 2508 4381 (11),
2535 4307 2598 4362 οὗ
2659 4306 2811 4383 ἴχνος
2872 4307 3256 4385 ἐρηρεισμένον
3311 4308 3418 4385 οὐχ
3474 4311 3803 4386 εὑρίσκεται·

2147 4395 2210 4450 οὐ
2265 4396 2367 4472 γὰρ
2407 4391 2524 4472 ἔχει
2582 4395 2634 4451 ιν
2690 4400 2760 4471 τῇ
2820 4400 3028 4475 Γραφῇ,
3075 4397 3137 4451 οὗ
3200 4400 3388 4468 στήσει
3433 4398 3563 4460 τοὺς
3604 4398 3801 4463 πόδας.

2142 4479 2339 4556 Ἀνόμ.
2390 4479 2555 4555 Λάϐε,
2609 4484 2876 4560 ἀνάγνωθι
2921 4486 3023 4554 τὴν
3077 4484 3372 4555 ἐπιστολὴν
3425 4486 3662 4555 Ἀετίου,
3709 4489 3800 4544 καὶ

2142 4572 2257 4628 εὶπὶ
2308 4572 2444 4648 πρὸς
2490 4572 2681 4644 αὐτήν.
2716 4575 2864 4650 Ὀρθ.
2899 4573 3066 4636 Αὐτὸς
3118 4573 3409 4651 ἀνάγνωθι,
3444 4576 3642 4649 Ἀνόμ.
3676 4578 3798 4633 Εἰσὶ

2144 4663 2257 4734 μετ’
2300 4661 2468 4731 αὐτῆς
2515 4662 2607 4716 καὶ
2655 4661 2880 4737 σχόλια,
2935 4661 3246 4736 Ἐὐνομίου.
3300 4664 3445 4741 Ὀρθ.
3502 4666 3601 4720 Καὶ
3660 4667 3799 4723 αὖτᾶ

2141 4752 2201 4805 ἀν
2210 4751 2436 4825 άγνωθι.

380 4857 437 4905 et
484 4850 723 4922 loquere
767 4849 1051 4904 adversus
1091 4842 1272 4899 illam.
1295 4839 1449 4897 ΟνιΙι.
1473 4838 1560 4894 Tu
1597 4838 1722 4910 ipse
1743 4836 1886 4911 lege.
1918 4844 2120 4896 Anam.
2152 4841 2300 4897 Sunt
2325 4857 2457 4905 una,
2480 4858 2617 4898 cum
2646 4858 2717 4899 ea
2766 4843 3038 4899 Eunomii
3085 4859 3323 4918 quoque
3351 4845 3601 4903 scholia.
3636 4848 3795 4906 Orib.

383 4941 530 5011 Ergo
563 4945 619 4994 et
654 4938 753 4993 illa
801 4936 998 4993 recita.

453 5196 499 5229 “
528 5194 803 5260 Joan,v1,
834 5189 921 5245 46.
981 5188 1028 5223 ⁴⁸
1058 5188 1170 5245 Isa.
1206 5202 1296 5256 ιν,
1323 5185 1377 5241 8.

444 5456 516 5525 (7)
548 5452 698 5508 Edit.
734 5447 938 5525 Steph.
969 5444 1057 5500 καὶ
1071 5441 1315 5525 ,ἀόρατον
1349 5441 1521 5513 εαυτῷ
1550 5439 1671 5514 ἆορ.

438 5512 514 5599 (ὃ)
550 5527 695 5599 Εςίὶὶᾼ.
734 5512 935 5599 steph.
970 5512 1452 5599 male,'&x§vptpv.

2335 5440 2490 5570 183d“.
2520 5442 2722 5514 Steph.
2755 5438 2846 5497 καὶ
2877 5442 3043 5518 ὁρῶν.

2258 5583 2271 5585 _
2332 5582 2341 5585 Α
2371 5530 2434 5585 _ic
2461 5514 2555 5572 ed.
2588 5518 2763 5573 recte.
2793 5515 2976 5574 Palat.
3008 5533 3042 5572 v

2220 5513 2307 5599 11)
2331 5513 2434 5599 Sic
2461 5514 2555 5572 ed.
2588 5513 2763 5573 recte.
2793 5513 2976 5574 Palat.
3008 5531 3168 5590 vero,
3190 5515 3515 5590 πειθομένου,
3541 5516 3780 5599 φητοῦν·

442 5579 513 5725 Ῐ9ἓ
546 5579 605 5649 ιξὶ
639 5596 803 5651 abest
828 5579 863 5649 ὃ,
893 5607 1032 5648 mss.
1063 5579 1193 5646 Mox
1222 5579 1406 5645 Palat.
1456 5585 1548 5642 bis
1596 5579 1882 5652 διανοίαις,
1910 5599 2015 5658 pro

442 5690 487 5723 Ιο
514 5688 616 5725 αις.

2166 5579 2216 5646 »ξ
2250 5579 2473 5661 βορῥᾶν.

371 5668 616 5729 ἐννοίαις.
