2046 3109
176 188 254 220 1165

255 257 283 284 6.
300 255 409 293 Σχόλια
420 253 626 324 Εὔνομίοιδιιὲεέζῖ
641 254 709 291 πρὸς
725 253 791 280 αὐτὰ
815 253 911 290 Ὀρθο-

587 300 626 317 ου.

211 345 272 374 ’Ότι
287 346 306 380 ἠ
319 344 428 379 θὲλησις
443 344 487 372 καὶ
503 345 520 379 ἡ
540 342 672 381 βούλησις
687 342 717 370 οὐ
736 343 832 370 ταυτὸν
856 344 891 378 τῇ
921 340 999 377 οὐσίᾳ

176 392 224 417 τοῦ
238 391 316 417 Θεοῦ*
332 390 350 424 ἡ
369 389 415 425 μὲν
444 389 496 426 γὰρ
521 387 631 422 θὲλησις
655 388 700 415 καὶ
726 387 840 425 ἆρχε-παὶ
855 386 900 413 καὶ
916 385 997 413 παύε-

175 444 229 462 ται·
259 435 277 469 ἡ
303 432 332 461 δὶ
356 433 432 461 οὐσία
457 432 518 460 οὔτε
546 431 670 470 ἄρχεται,
701 430 762 459 οὔτε
785 430 908 459 παῦεται·
924 431 954 458 τὸ
970 429 999 457 δὲ

177 479 331 517 ἀρχόμενον
357 478 402 505 καὶ
426 478 579 514 παυόμενον
604 479 643 512 τῷ
668 477 738 513 μήτε
762 475 910 514 ἀρχομένῳ
929 475 999 511 μήτι

176 523 322 560 παυομένῳ
350 523 381 550 τὸ
410 522 474 550 αὐτὸ
498 523 564 549 εἶναι
591 522 621 549 οὐ
648 521 768 549 δύναται,
789 521 838 548 Καὶ
853 518 958 554 ἄλλως,
975 519 998 546 εἰ

175 567 272 595 ταυτὸν
286 567 319 602 ἧν
334 569 369 604 τῇ
384 566 462 603 οὐσίᾳ
475 569 523 594 τοῦ
538 568 605 594 Θεοῦ
619 567 637 601 ὴ
655 565 799 604 βούλησις,
825 564 910 602 ἐχρῆν
935 566 997 601 μιᾶς

176 612 268 643 οὐσίας
294 611 357 649 μίαν
384 612 451 639 εἶναι
476 611 522 638 καὶ
544 612 595 646 τήν
618 609 739 645 θέλησιν·
773 609 941 646 εὑρίσκονται
970 607 999 636 δὶ

174 657 244 684 κατὰ
270 657 319 690 τὴν
349 654 523 683 διδασκαλίαν
551 657 605 683 τῶν
631 654 709 682 θείων
739 656 863 693 Γραφῶν,
894 652 924 680 οὗ
950 652 1000 689 μία

176 700 298 737 θέλησις,
326 700 400 728 ἀλλὰ
426 698 530 727 πολλαὶ
553 699 686 734 θελήσεις·
714 702 764 733 τῆς
780 701 888 735 Γραφῆς
903 696 999 736 λεγού-

175 755 236 781 σης
253 746 386 780 «Πάντα,
412 744 461 772 ὅσα
483 743 627 780 ἠθέλησεν,
654 743 774 778 ἐποίησε·
803 755 816 768 n
844 741 937 770 πολλὰ
952 741 998 768 οὗν

175 789 296 825 ἠθέλησε
310 789 355 817 καὶ
371 788 425 826 οὐχ
437 787 476 817 ἓν.
493 787 701 826 Ἐναργέστερον
723 789 779 823 (12)
804 785 833 814 δὲ
858 785 925 814 ἒδεῖν
955 785 999 813 ἐπὶ

174 838 225 869 τῆς
241 833 433 870 κοσμοποιίας.
450 832 583 867 Ἠθέλησε
593 832 643 870 γὰρ
658 833 726 859 εἴναι
745 832 791 859 τὸν
815 831 929 867 κόσμον,
954 829 999 857 καὶ

177 878 278 914 ὑπέστη
307 877 375 905 κατὰ
397 878 447 912 τήν
476 876 558 904 αὐτοῦ
587 876 709 911 θέλησιν,
738 876 782 903 καὶ
822 874 939 911 διαμένει
968 874 999 901 τὸ

177 923 336 961 γινόμενον.
351 921 443 950 ’Ἀλλο
459 920 488 949 δὲ
503 921 573 949 ἐστιν
589 922 607 956 ἡ
632 919 749 957 διαμονή
775 920 831 956 (13)
856 919 930 957 παρὰ
949 919 998 952 τήν

178 967 289 1002 Θὶλησιν
317 970 367 1001 τῆς
390 964 579 1004 δημιουργίας
611 963 793 1003 ἐπηγγείλατο
816 962 845 991 δὲ
856 963 901 991 καὶ
920 973 999 999 μετα-

177 1011 348 1050 σχηματίσαι
371 1012 416 1038 τὸν
445 1011 559 1046 κόσμον.
588 1009 710 1045 Θελήσας
739 1009 790 1046 ἄρα
820 1017 1000 1045 μετασχημα-

175 1056 255 1092 τίζει.
272 1055 310 1086 Οὐ
329 1055 410 1092 μόνον
425 1054 453 1082 δὲ
469 1053 583 1087 πολλαὶ,
599 1052 672 1081 ἀλλὰ
686 1053 731 1080 καὶ
754 1051 880 1092 διάφοροι
905 1052 932 1079 αἱ
957 1052 998 1079 Θε-

175 1101 282 1136 λήσεις.
299 1100 433 1135 Ἠθέλησε
447 1099 498 1137 γὰρ
514 1098 558 1126 καὶ
575 1097 699 1135 οὐρανὸν,
714 1097 832 1132 ἠθέλησε
846 1096 891 1124 καὶ
907 1095 998 1132 ἥλιον,

175 1145 295 1181 ἠθέλησε
309 1144 353 1172 καὶ
369 1147 432 1182 γῆν.
449 1145 508 1171 Τῶν
525 1141 553 1170 δὲ
568 1141 731 1178 θελημάτων
749 1139 885 1180 διαφόρων
902 1138 998 1175 ὄντων,

175 1190 277 1228 ἀνάγκη
294 1187 428 1227 διαφέρειν
459 1187 504 1215 καὶ
527 1187 575 1218 τὰς
599 1186 661 1224 περὶ
687 1185 774 1213 αὐτῶν
790 1184 923 1220 θελήσεις·
954 1184 999 1212 καὶ

175 1235 220 1262 ἐπὶ
234 1237 288 1261 τῶν
303 1235 410 1268 νοητῶν
425 1231 454 1259 ὃὶ
468 1231 609 1262 ὡσαύτως.
625 1232 701 1267 Ὀρθ.
722 1230 753 1257 Εἰ
768 1229 858 1257 τοίνυν
871 1229 916 1256 καὶ
931 1229 1000 1256 κατὰ

176 1279 251 1307 σὶοῦ
266 1278 362 1306 ταυτόν
378 1277 433 1305 ἐστι
461 1278 495 1313 τῇ
521 1275 598 1311 οὐσίᾳ
621 1276 638 1310 ἡ
667 1274 812 1313 βούλησις,
836 1272 919 1311 ἤγουν
943 1274 999 1309 (14)

176 1325 196 1359 ἡ
213 1322 334 1357 θὲλησις,
348 1321 433 1350 πάντα
449 1320 477 1348 δὲ
492 1321 524 1348 τὰ
538 1319 666 1358 γεγονότα
680 1321 728 1347 τοῦ
744 1318 902 1355 θελήματος
917 1317 1000 1345 αὐτοῦ

177 1368 244 1395 εἰσιν
261 1365 335 1404 ἔργα,
365 1365 496 1403 ὁμολόγει
522 1364 567 1392 τὸν
596 1364 657 1391 Υίὸν
682 1363 711 1391 ἐκ
734 1367 784 1398 τῆς
801 1362 901 1393 οὐσίας·
929 1361 999 1389 οὕτω

175 1412 227 1450 γὰρ
243 1410 323 1439 αὐτὸν
338 1410 383 1438 καὶ
401 1412 533 1447 μονογενῆ
562 1408 747 1446 ὁμολογήσεις
762 1408 793 1435 τὸ
810 1407 890 1444 μόνον
908 1406 938 1434 ἐκ
950 1409 999 1441 τῆς

176 1457 234 1492 (15)
250 1455 342 1486 οὐσίας
357 1454 529 1492 γεγενῆσθαι.
545 1453 578 1491 Εἰ
592 1453 642 1490 γὰρ
661 1451 706 1480 καὶ
730 1452 810 1483 αὐτὸς
841 1450 998 1489 βουλήσεως

175 1501 222 1528 καὶ
248 1500 384 1535 θελήσεώς
401 1498 471 1526 ἐστιν
487 1498 558 1534 Υἱὸς,
575 1497 623 1525 οὐκ
638 1496 694 1524 ἔστι
711 1497 869 1534 μονογενὴς,
885 1494 998 1522 πολλῶν

175 1543 262 1572 ὄντων
277 1546 332 1571 τῶν
355 1543 423 1571 κατὰ
449 1542 581 1581 βούλησιν
607 1541 823 1576 ἀποκυηθέντων.
849 1540 999 1577 Γέγραπται

174 1590 238 1627 γάρ’
257 1600 270 1615 (‹
287 1587 436 1623 Βουληθεὶς
452 1586 600 1621 ἀπεκύησεν
624 1587 698 1622 ἡμᾶς
724 1584 800 1623 λόγῳ
826 1583 966 1627 ἀληθείας.
984 1595 998 1609 υ

176 1626 284 1661 Πολλοὶ
308 1631 338 1659 δὲ
361 1631 487 1666 θελήσεις
516 1629 566 1657 οὐκ
589 1629 667 1663 εἷσὶν,
683 1629 720 1659 ὡς
735 1627 873 1664 ἐνόμισαςυ
891 1626 921 1654 οὐ
936 1627 998 1664 γὰρ,

175 1676 271 1711 ἐπειδή
289 1675 404 1715 διάφορα
417 1675 450 1703 τὰ
475 1673 716 1711 δημιουργήματα,
741 1672 848 1703 πάντως
873 1670 997 1709 διάφοροι

173 1722 222 1750 καὶ
251 1722 279 1749 αἱ
305 1720 440 1756 θελήσεις·
464 1718 529 1747 ἀλλ’
551 1717 640 1755 ὥσπερ
667 1717 705 1745 ἐνὶ
732 1716 866 1752 θελήματι
881 1716 999 1750 ποιήσας

174 1767 223 1795 τὸν
248 1766 387 1803 ἄνθρωπον
414 1764 444 1792 ὲκ
472 1762 608 1802 διαφόρων
637 1761 728 1798 μελῶν
757 1761 802 1788 καὶ
833 1762 921 1798 μερῶν
951 1770 998 1787 πε-

178 1811 304 1846 ποίηκεν,
320 1808 491 1848 ὀφθαλμοὺς,
518 1807 584 1842 ὦτα,
602 1807 688 1845 ῥῖνας,
703 1805 810 1843 τρίχας,
835 1803 938 1841 ἔντερα,
954 1804 998 1832 καὶ

178 1855 317 1894 διαφόρως
331 1854 382 1889 τὴν
396 1855 450 1881 τῶν
473 1852 584 1889 ἐντέρων
609 1850 739 1883 σύνθεσιν,
767 1850 885 1884 σπλῆνα,
913 1851 1000 1886 ἧπαρ,

175 1899 302 1939 νεφροὺς,
326 1899 372 1926 καὶ
387 1898 436 1925 ὅσοι
451 1897 477 1924 ἐν
492 1898 572 1933 ἡμῖν’
589 1894 661 1923 οὕτω
676 1895 720 1922 καὶ
736 1894 822 1922 πάντα
836 1895 881 1922 τὸν
897 1893 999 1930 κόσμον

176 1945 217 1973 ἐνὶ
234 1943 369 1980 θελήματι
381 1941 414 1978 δη
420 1944 555 1979 μιουργεῖ.

213 2079 241 2107 7.
257 2077 354 2114 ’Δνόμη
384 2075 416 2105 El
447 2074 546 2112 μείζων
576 2074 590 2101 ὁ
620 2073 712 2111 Πατήρ
741 2074 789 2099 τοῦ
818 2071 961 2105 Υἱοῦςκαὶ
978 2071 1000 2099 εἰ

180 2122 292 2159 μείζων,
309 2120 376 2149 κατᾶ
389 2120 415 2148 τί
447 2119 556 2156 μείζων,
585 2118 699 2155 πότερον
730 2116 828 2153 μείζων
853 2117 910 2152 (16)
925 2114 1001 2153 ὅγκῳ

180 2168 320 2203 σώματος,
334 2166 352 2200 ἢ
368 2165 436 2193 κατὰ
458 2165 508 2199 τήν
534 2163 611 2203 φύσιν
626 2163 676 2196 τῆς
690 2160 847 2198 ἀγιννησίας
860 2170 867 2194 ;
890 2160 935 2187 καὶ
951 2160 1000 2187 πό-

177 2221 256 2249 τερον
285 2211 316 2238 τὸ
346 2209 491 2247 ἀγέννητον
516 2208 573 2244 (17)
597 2205 674 2234 οὐσία
690 2204 772 2241 ἐστὶν,
787 2205 804 2239 ἢ
819 2203 895 2231 οὐδέν
910 2204 979 2232 ἐστιν
994 2214 1001 2239 ;

179 2247 258 2294 Ὀρθ.
273 2255 377 2289 Μείζων
392 2255 407 2281 ὁ
423 2253 518 2291 Παχήρ
542 2253 591 2279 τοῦ
613 2252 677 2278 Υὶοῦ
700 2248 858 2294 γέγραπται,
889 2249 950 2277 οὕτε
973 2247 1003 2276 δὶ

659 185 710 217 DE
732 187 886 218 SANCTA
908 182 1119 217 'l‘RlNlTA'l‘E
1143 185 1336 218 DIALOGL'S
1358 186 1397 217 Il.

1012 253 1038 286 Α
1055 253 1131 282 426
1157 255 1183 282 6.
1211 254 1324 283 Scholia
1346 255 1490 292 Ειιηοηιίίἶ
1513 260 1538 283 el
1566 258 1706 292 responsio
1728 256 1879 284 Orthodoxz'

1619 0 1706 18 ὀλιειι
1716 0 1805 20 v31-
1817 0 1826 20 γ

1798 188 1877 220 Ηϐϐ

1409 291 1444 318 ad
1458 291 1519 319 illa.

1088 342 1230 371 Voluntas
1242 351 1299 371 non
1311 344 1387 371 idem
1397 346 1441 371 est
1450 346 1537 380 atque
1547 344 1712 372 substantia
1724 345 1774 372 Dei
1787 354 1794 372 :
1807 354 1874 373 nam

1052 387 1187 415 voluntas
1201 387 1306 424 incipit
1320 391 1348 416 et
1363 389 1487 417 desinit:
1504 389 1670 417 substantia
1681 398 1746 417 vero
1763 398 1813 417 nec
1829 389 1874 417 in-

1053 432 1133 469 cipit,
1151 441 1203 461 nec
1218 433 1334 461 desinit.
1352 434 1383 461 id
1399 435 1507 468 autem,
1529 435 1606 470 quod
1636 435 1739 470 incipit
1755 437 1782 462 et
1797 435 1873 463 desi-

1054 477 1105 511 nit,
1124 486 1181 505 non
1205 480 1300 513 potest
1322 478 1399 506 idem
1421 487 1485 506 esse
1501 481 1587 514 atque
1604 480 1642 512 id,
1663 480 1741 514 quod
1757 488 1809 507 nec
1830 479 1874 506 in-

1052 522 1123 558 cipit
1138 530 1190 550 nec
1204 522 1322 550 desinit.
1340 523 1490 556 Praeterea,
1506 523 1531 550 si
1547 524 1681 551 voluntas
1705 525 1782 551 idem
1799 525 1876 551 esset

1053 570 1140 602 atque
1155 567 1319 595 substantia
1334 567 1395 599 Dei,
1418 570 1573 603 oporteret.
1598 577 1664 595 cum
1680 577 1737 595 una
1752 569 1789 596 sit
1805 568 1876 595 sub-

1053 611 1172 645 stantia,
1190 620 1276 639 unain
1293 620 1357 639 esse
1371 611 1550 639 voluntatem
1564 620 1570 640 :
1583 621 1615 639 ac
1626 613 1710 647 juxta
1725 621 1876 640 sacrarum

1054 656 1230 684 Litterarum
1245 656 1421 692 doctrinam,
1438 665 1495 684 non
1526 657 1622 689 unica,
1640 658 1688 684 sed
1714 657 1812 684 multa:
1827 665 1876 685 vo-

1053 699 1180 728 luntates
1205 700 1394 728 inveniuntur
1411 709 1417 728 :
1435 709 1501 728 cum
1526 701 1633 735 dicunt,
1648 712 1661 725 ι(
1680 701 1785 728 Omnia
1800 709 1879 736 quae-

1054 753 1168 780 cunque
1184 744 1283 778 voluit,
1302 745 1369 772 fecit
1385 746 1407 762 *5
1423 753 1430 772 :
1447 756 1461 770 »
1478 745 1571 773 multa
1591 745 1681 781 igitur
1704 745 1803 779 voluit,
1821 753 1878 773 non

1054 791 1152 816 autem
1163 797 1253 816 unum
1263 789 1412 823 quiddam.
1427 789 1509 821 Quod
1520 789 1608 817 etiam
1620 790 1714 825 magis
1726 790 1879 825 perspicue

1053 833 1150 860 videre
1166 833 1234 860 licet
1250 834 1277 860 in
1303 834 1404 860 mundi
1435 833 1590 861 creatione.
1608 834 1707 861 Voluit
1722 835 1799 862 enim
1815 842 1879 862 esse

1055 877 1211 912 mundum,
1226 881 1256 905 et
1270 877 1295 905 is
1310 877 1421 905 exstitit
1441 880 1528 913 prout
1547 878 1648 912 voluit,
1675 882 1761 914 atque
1785 879 1878 907 factus
1902 873 1903 878 ¹

1016 937 1039 969 Β
1055 924 1215 969 permanet.
1228 921 1309 949 Aliud
1322 924 1367 949 cst
1380 925 1478 969 autem
1494 922 1545 950 illa
1560 924 1876 959 perseverantia,quam

1054 966 1188 994 voluntas
1216 967 1360 994 condendi
1391 966 1471 995 illius
1494 975 1501 995 :
1528 967 1710 995 denuntiavit
1733 976 1799 995 vero
1818 968 1878 995 fore

1055 1010 1153 1044 etiam,
1170 1013 1203 1038 ut
1228 1011 1371 1039 mundum
1395 1008 1595 1039 trans’formet.
1613 1013 1686 1047 Ergo
1702 1012 1770 1048 quia
1789 1012 1880 1040 voluit

1055 1055 1256 1083 transformat.
1276 1055 1374 1091 Neque
1398 1063 1465 1083 vero
1491 1055 1589 1083 multis
1614 1057 1763 1089 duntaxat,
1778 1065 1878 1084 verum

1054 1100 1145 1127 etiam
1162 1099 1282 1127 diversae
1299 1103 1369 1127 sunt
1380 1100 1553 1127 voluntates.
1566 1100 1664 1128 Voluit
1674 1101 1750 1128 enim
1763 1100 1878 1135 omium,

1053 1144 1145 1171 voluit
1161 1146 1190 1171 et
1205 1143 1308 1176 solem,
1325 1143 1418 1171 voluit
1434 1147 1463 1171 et
1477 1146 1595 1172 terram.
1610 1145 1681 1171 Cum
1698 1148 1795 1172 autem
1811 1145 1878 1180 ista,

1053 1197 1116 1224 qua
1132 1188 1204 1223 vult,
1221 1188 1335 1216 diversa
1350 1188 1420 1221 sint,
1436 1196 1556 1216 necesse
1571 1192 1615 1216 est
1631 1189 1746 1216 dill‘erre
1762 1198 1877 1226 quoque

1053 1232 1219 1260 voluntates
1235 1232 1350 1260 illorum
1367 1233 1579 1261 creandorum:
1594 1234 1670 1269 quod
1688 1235 1775 1261 etiam
1792 1243 1877 1269 opor-

1053 1280 1095 1304 tet
1115 1277 1152 1304 de
1176 1276 1273 1309 rebus,
1296 1285 1360 1312 quas
1389 1279 1486 1305 mente
1508 1278 1716 1313 concipiuntur
1736 1279 1876 1314 accipere,

1055 1321 1131 1349 Orth.
1150 1321 1233 1357 Ergo,
1249 1320 1285 1354 si,
1302 1324 1333 1348 ut
1359 1323 1389 1348 tu
1414 1330 1530 1357 quoque
1551 1322 1652 1354 sentis,
1669 1322 1804 1350 voluntas
1820 1331 1877 1350 non

1054 1366 1132 1394 idem
1161 1368 1206 1393 est
1234 1366 1310 1401 quod
1341 1365 1517 1401 substantia,
1542 1368 1571 1393 et
1595 1375 1774 1402 quascunque
1802 1367 1878 1395 facta

1054 1415 1132 1443 sunt,
1162 1417 1249 1445 opera
1277 1411 1347 1436 sunt
1373 1408 1531 1437 voluntatis
1556 1409 1632 1444 ejus,
1662 1410 1751 1437 fatere
1771 1409 1876 1437 Filium

1054 1463 1119 1483 esse
1133 1463 1168 1482 ex
1183 1455 1247 1489 ejus
1262 1453 1446 1486 substantia;
1462 1453 1504 1481 sic
1520 1454 1597 1481 enim
1615 1462 1679 1481 eum
1697 1454 1785 1481 etiam
1808 1454 1875 1481 uni-

1054 1499 1185 1535 genitum
1202 1506 1265 1526 essc
1279 1498 1399 1531 fateare,
1414 1498 1491 1534 quod
1509 1497 1589 1526 solus
1606 1506 1639 1525 ex
1654 1499 1820 1526 substantia
1831 1506 1877 1534 ge-

1055 1543 1135 1571 nitus
1151 1543 1197 1570 sit.
1210 1542 1283 1570 Nam
1299 1542 1323 1570 si
1337 1544 1366 1569 et
1381 1542 1443 1577 ipse
1457 1542 1612 1570 voluntatis
1638 1543 1727 1570 Filius
1752 1546 1795 1570 est
1818 1551 1875 1570 non

1055 1589 1100 1615 est
1125 1587 1303 1623 unigenitus,
1328 1595 1396 1614 cum
1421 1586 1506 1614 multi
1529 1587 1588 1615 sint
1612 1587 1701 1622 geniti
1718 1587 1876 1614 voluntate.

1055 1631 1202 1667 Scriptum
1219 1633 1264 1658 est
1279 1631 1357 1658 enim
1374 1640 1380 1659 :
1400 1642 1412 1656 u
1425 1630 1533 1659 Volens
1547 1632 1647 1667 genuit
1665 1640 1716 1658 nos
1733 1632 1818 1659 verbo
1834 1640 1880 1659 ve-

1053 1675 1147 1703 ritatis
1162 1676 1193 1701 ιτ.
1212 1686 1226 1700 ››
1239 1675 1302 1702 Νοο
1318 1678 1390 1703 sunt
1404 1678 1503 1703 autem
1519 1675 1617 1703 multae
1637 1675 1683 1703 Dei
1702 1676 1878 1708 voluntates,

1054 1723 1087 1748 ut
1102 1723 1132 1747 tu
1149 1720 1311 1747 existimas.
1329 1719 1391 1748 Non
1406 1720 1484 1747 enim
1512 1720 1582 1755 quia
1597 1720 1711 1747 diversa
1730 1723 1801 1748 sunt
1815 1721 1877 1756 opi-

1054 1765 1129 1797 ﬁcia,
1146 1764 1265 1792 diversis
1281 1772 1399 1799 quoque
1414 1767 1484 1792 sunt
1504 1764 1667 1791 voluntates
1693 1773 1699 1791 :
1725 1765 1775 1791 sed
1800 1764 1878 1792 sicut

1054 1809 1130 1837 Deus
1143 1809 1291 1836 hominem
1304 1809 1390 1836 unica
1401 1808 1548 1836 voluntate
1557 1817 1591 1836 ex
1601 1809 1723 1836 diversis
1735 1809 1875 1836 membris

1054 1856 1083 1881 et
1111 1853 1242 1889 partibus
1263 1853 1402 1886 condens,
1431 1853 1498 1880 fecit
1518 1853 1628 1887 oculos,
1654 1861 1749 1885 aures,
1778 1861 1875 1886 nares,

1055 1906 1180 1930 comam,
1212 1897 1359 1930 intestina,
1389 1899 1418 1924 et
1450 1897 1528 1925 varie
1555 1897 1693 1924 intestina
1722 1897 1877 1932 disposuit,

1055 1942 1199 1978 splenem,
1228 1941 1328 1977 hcpar,
1359 1949 1454 1976 renes,
1483 1945 1510 1968 et
1534 1949 1715 1976 quascunque
1740 1941 1768 1967 in
1794 1941 1878 1969 nobis

1056 1989 1127 2014 sunt
1142 1994 1149 2014 :
1166 1985 1209 2013 sic
1224 1986 1312 2013 etiam
1327 1986 1497 2013 universum
1514 1985 1657 2012 mundum
1674 1985 1760 2012 unica
1775 1985 1879 2013 volun-

1055 2033 1115 2058 tate
1129 2031 1217 2057 creat.

1089 2075 1116 2102 7.
1134 2075 1228 2101 Anom.
1239 2073 1313 2101 Num
1331 2074 1424 2108 major
1433 2075 1479 2101 est
1490 2073 1574 2101 Pater
1585 2073 1655 2101 Filio
1667 2074 1680 2100 ?
1694 2076 1722 2101 et
1737 2074 1761 2101 si
1772 2074 1876 2109 major,

1056 2119 1085 2146 in
1102 2126 1159 2154 quo
1176 2118 1270 2153 major
1284 2121 1348 2151 est;
1366 2120 1463 2145 utrum
1475 2117 1552 2146 mole
1567 2118 1697 2153 corporis
1713 2118 1816 2153 major,
1827 2121 1878 2146 aut

1056 2165 1160 2190 natura
1174 2160 1341 2198 ἀγεννησίας,
1357 2162 1418 2189 sive
1431 2162 1509 2197 quod
1525 2162 1564 2189 sit
1579 2162 1736 2190 nativitatis
1752 2170 1854 2198 expers
1865 2162 1878 2189 ‘I

1055 2210 1084 2235 et
1099 2210 1198 2234 utrum
1215 2214 1272 2233 non
1287 2206 1418 2242 genitum
1433 2214 1498 2234 esse
1512 2209 1558 2235 est
1571 2206 1748 2239 substantia,
1761 2215 1797 2233 an
1814 2215 1880 2234 vero

1057 2251 1129 2279 nihil
1145 2251 1213 2279 est?
1230 2251 1313 2279 Orth.
1339 2251 1483 2278 Scribitur
1496 2251 1581 2278 Pater
1597 2252 1690 2286 major
1706 2259 1769 2279 csse
1786 2250 1856 2279 Filio
1873 2259 1880 2278 :

180 2293 266 2337 ὄγκῳ,
283 2298 345 2326 οὔτε
368 2298 472 2336 χρόνῳ,
498 2295 559 2324 οὔτε
584 2295 672 2334 φύσει,
695 2293 758 2322 ἀλλ’
779 2294 816 2324 ὡς
832 2294 924 2331 Πατὴρ
941 2295 999 2322 fici

1059 2298 1089 2323 at
1103 2303 1195 2331 neque
1212 2296 1299 2330 mole,
1316 2303 1409 2331 neque
1426 2298 1567 2331 tempore,
1585 2304 1679 2330 neque
1703 2299 1808 2323 natura
1831 2296 1882 2323 sed

180 2344 452 2382 ἐνανθρωπήσαντος.
478 2341 527 2369 Διὰ
550 2339 579 2368 δὶ
604 2340 653 2374 τὴν
670 2339 873 2376 ἐνανθρώπησιν
889 2338 1002 2366 καὶτῶν

180 2388 307 2426 ἀγγέλων
324 2387 497 2423 ἠλαττῶσθαι
522 2385 600 2412 αὐτὸν
626 2383 701 2421 λέγει
713 2384 727 2410 ὁ
744 2382 922 2419 Ἀπόστολος,
937 2383 1004 2421 γρά-

181 2442 250 2472 φων·
271 2444 284 2460 ε
298 2432 349 2459 Τὸν
364 2429 393 2458 δὶ
411 2429 502 2468 βραχύ
516 2440 542 2456 τι
558 2429 620 2466 παρ’
647 2426 780 2465 ἀγγέλους
808 2426 1003 2464 ἠλαττωμένον

184 2476 321 2514 βλέπομεν
337 2477 442 2510 Ἰησοῦν
458 2473 502 2501 διὰ
515 2473 546 2501 τὸ
561 2473 675 2508 πάθημα
691 2474 739 2499 τοῦ
763 2472 888 2503 θανάτου.
915 2484 929 2498 ››
957 2473 1005 2500 Διὰ

182 2519 212 2548 δί
227 2521 328 2555 tandem
357 2520 407 2554 τὴν
436 2518 642 2556 ἑνανθρώπησιν
667 2516 711 2543 καὶ
735 2518 768 2552 τῇ
793 2515 884 2554 Μαρίᾳ
897 2516 942 2544 καὶ
966 2519 1005 2553 τῷ

183 2566 287 2604 Ἰωο-ἠφ
303 2565 476 2593 ὑπετάσσιτο.
492 2575 506 2589 ‹‹
521 2563 571 2590 Ἠν
586 2561 636 2599 γὰρ
652 2560 869 2597 ὑποτασσόμενος
884 2560 1003 2596 αὐτοῖς,-

221 2659 244 2678 ⁴⁸
257 2658 334 2688 Psal.
351 2666 430 2692 exui,
445 2658 472 2692 3,
510 2656 532 2675 ιτ
546 2655 608 2684 Jac.
624 2663 644 2689 ι,
661 2654 704 2682 18.
742 2654 764 2671 ⁵³
779 2653 866 2682 Hebr.
882 2662 914 2689 Ii,
929 2655 957 2682 9.

221 2747 279 2784 (12)
295 2743 509 2785 Ἐνεργὲστερον.
524 2746 594 2774 Mss.
609 2745 638 2773 et
652 2743 748 2772 Felck.
764 2742 882 2771 emend.
909 2741 1017 2780 ἐναργέ-

188 2793 283 2821 στιρον
289 2804 296 2811 .

298 2818 396 2882 Ξὲςιοις.
412 2815 480 2882 ii":
495 2817 514 2851 ἡ
531 2815 608 2853 διαμ.
623 2814 716 2844 Palat.
732 2811 761 2841 δὲ
775 2822 817 2840 σοι
832 2813 850 2848 ἡ
867 2811 891 2840 δ.

335 2864 398 2882 τουν
478 2874 485 2882 .

335 2864 398 2882 τουν
412 2864 485 2882 mss.

1058 2342 1205 2376 quatenus
1220 2342 1305 2367 Pater
1319 2342 1364 2367 est
1383 2339 1458 2373 Filii,
1470 2340 1520 2375 qui
1536 2339 1750 2368 humanitatem
1768 2348 1883 2368 assum-

1059 2385 1127 2420 psit.
1135 2386 1258 2420 Propter
1265 2384 1341 2411 hanc
1351 2386 1447 2411 autem
1456 2384 1585 2412 hominis
1597 2385 1828 2420 assumptionen
1840 2384 1885 2411 di~

1059 2428 1098 2456 cit
1112 2428 1271 2465 Apostolus
1286 2436 1353 2455 eum
1377 2428 1543 2456 inferiorem
1561 2429 1670 2456 factum
1689 2430 1778 2457 fuisse
1797 2429 1885 2457 etiam

1059 2473 1182 2509 angelis,
1200 2473 1243 2500 sic
1258 2472 1390 2500 scribens
1407 2480 1413 2500 :
1433 2482 1446 2499 ι
1462 2473 1532 2500 Eum
1550 2476 1648 2501 autem
1665 2474 1714 2509 qui
1733 2473 1818 2509 paulo
1832 2472 1885 2500 mi-

1060 2526 1114 2545 nor
1138 2518 1232 2545 factus
1245 2517 1357 2553 angelis
1371 2519 1425 2550 est,
1438 2517 1584 2546 cernimus
1600 2519 1700 2546 Jesuin
1718 2527 1769 2554 per
1783 2518 1886 2546 mortis

1062 2562 1229 2599 passionem
1246 2562 1278 2589 ⁸⁸.
1297 2574 1309 2586 ι.
1327 2561 1448 2597 Propter
1471 2561 1546 2590 hanc
1562 2572 1677 2599 quoque
1693 2563 1821 2590 hominis
1837 2571 1887 2590 as-

1120 2744 1163 2781 15)
1179 2744 1241 2781 Pal.
1256 2745 1296 2780 τῷ
1312 2742 1394 2780 μόνον
1410 2742 1440 2771 ἐκ
1457 2754 1481 2772 τ.
1500 2744 1568 2781 Reg.
1585 2745 1615 2770 τὸ
1632 2745 1670 2780 μὴ
1688 2742 1781 2780 μόνον.

1118 2779 1161 2813 16)
1178 2779 1283 2813 Mettum
1298 2780 1380 2808 deest
1394 2781 1423 2807 in
1440 2789 1513 2808 mss.

1107 2813 1162 2852 (17)
1179 2815 1306 2844 Dubium
1324 2824 1359 2844 an
1376 2816 1414 2843 sit
1427 2815 1584 2852 legendum
1595 2814 1705 2851 γενητόν
1714 2817 1742 2843 et
1751 2813 1890 2851 ἀγένητον.
