  <div class='ocr_page' id='page_1' title='image "/cluster/home/n/w/nwhite01/storage/ocr_20150623/28/hvd.32044052794351/589.png"; bbox 0 0 4092 6218; ppageno 0'>
   <div class='ocr_carea' id='block_1_1' title="bbox 359 363 513 425">
    <p class='ocr_par' dir='ltr' id='par_1_1' title="bbox 359 363 513 425">
     <span class='ocr_line' id='line_1_1' title="bbox 359 363 513 425; baseline -0.006 0"><span class='ocrx_word' id='word_1_1' title='bbox 359 363 513 425; x_wconf 81' lang='grc'>1167</span> 
     </span>
    </p>
   </div>
   <div class='ocr_carea' id='block_1_2' title="bbox 353 581 2000 652">
    <p class='ocr_par' dir='ltr' id='par_1_2' title="bbox 353 581 2000 652">
     <span class='ocr_line' id='line_1_2' title="bbox 353 581 2000 652; baseline -0.004 -12"><span class='ocrx_word' id='word_1_2' title='bbox 353 589 509 642; x_wconf 87' lang='lat' dir='ltr'><strong>enim</strong></span> <span class='ocrx_word' id='word_1_3' title='bbox 541 587 812 641; x_wconf 89' lang='lat' dir='ltr'><strong>subditus</strong></span> <span class='ocrx_word' id='word_1_4' title='bbox 843 585 960 640; x_wconf 86' lang='lat' dir='ltr'>illis</span> <span class='ocrx_word' id='word_1_5' title='bbox 991 587 1054 651; x_wconf 77' lang='lat'><strong>‘9,</strong></span> <span class='ocrx_word' id='word_1_6' title='bbox 1087 608 1113 633; x_wconf 88' lang='grc'><strong>››</strong></span> <span class='ocrx_word' id='word_1_7' title='bbox 1169 591 1231 638; x_wconf 93' lang='lat' dir='ltr'><strong>ut</strong></span> <span class='ocrx_word' id='word_1_8' title='bbox 1261 584 1316 636; x_wconf 93' lang='lat' dir='ltr'><strong>in</strong></span> <span class='ocrx_word' id='word_1_9' title='bbox 1359 581 1666 652; x_wconf 87' lang='lat' dir='ltr'><strong>Evangelio</strong></span> <span class='ocrx_word' id='word_1_10' title='bbox 1717 583 2000 652; x_wconf 84' lang='lat' dir='ltr'><strong>scriptum</strong></span> 
     </span>
    </p>
   </div>
   <div class='ocr_carea' id='block_1_3' title="bbox 355 670 2006 742">
    <p class='ocr_par' dir='ltr' id='par_1_3' title="bbox 355 670 2006 742">
     <span class='ocr_line' id='line_1_3' title="bbox 355 670 2006 742; baseline -0.005 -11"><span class='ocrx_word' id='word_1_11' title='bbox 355 681 464 731; x_wconf 88' lang='lat' dir='ltr'><strong>est.</strong></span> <span class='ocrx_word' id='word_1_12' title='bbox 513 677 704 732; x_wconf 82' lang='lat' dir='ltr'><strong>Anam.</strong></span> <span class='ocrx_word' id='word_1_13' title='bbox 746 675 853 729; x_wconf 78' lang='lat' dir='ltr'><strong>Sed</strong></span> <span class='ocrx_word' id='word_1_14' title='bbox 923 681 1129 728; x_wconf 87' lang='lat' dir='ltr'><strong>natura</strong></span> <span class='ocrx_word' id='word_1_15' title='bbox 1179 674 1386 742; x_wconf 88' lang='lat' dir='ltr'><strong>major,</strong></span> <span class='ocrx_word' id='word_1_16' title='bbox 1449 670 1664 725; x_wconf 89' lang='lat' dir='ltr'><strong>idcirco</strong></span> <span class='ocrx_word' id='word_1_17' title='bbox 1720 671 1873 740; x_wconf 91' lang='lat' dir='ltr'><strong>quod</strong></span> <span class='ocrx_word' id='word_1_18' title='bbox 1929 670 2006 724; x_wconf 90' lang='lat' dir='ltr'><strong>sit</strong></span> 
     </span>
    </p>
   </div>
   <div class='ocr_carea' id='block_1_4' title="bbox 355 759 2002 838">
    <p class='ocr_par' dir='ltr' id='par_1_4' title="bbox 355 759 2002 838">
     <span class='ocr_line' id='line_1_4' title="bbox 355 759 2002 838; baseline -0.002 -20"><span class='ocrx_word' id='word_1_19' title='bbox 355 763 778 838; x_wconf 76' lang='grc' dir='ltr'>ἀγέννητοςεὶνο</span> <span class='ocrx_word' id='word_1_20' title='bbox 824 765 942 819; x_wconf 85' lang='lat' dir='ltr'><strong>sive</strong></span> <span class='ocrx_word' id='word_1_21' title='bbox 993 780 1108 817; x_wconf 90' lang='lat' dir='ltr'><strong>non</strong></span> <span class='ocrx_word' id='word_1_22' title='bbox 1162 761 1415 834; x_wconf 82' lang='lat' dir='ltr'><strong>genitus,</strong></span> <span class='ocrx_word' id='word_1_23' title='bbox 1462 767 1626 815; x_wconf 89' lang='lat' dir='ltr'><strong>estne</strong></span> <span class='ocrx_word' id='word_1_24' title='bbox 1655 759 1895 830; x_wconf 84' lang='lat' dir='ltr'><strong>aliquid,</strong></span> <span class='ocrx_word' id='word_1_25' title='bbox 1930 776 2002 814; x_wconf 89' lang='lat' dir='ltr'><strong>an</strong></span> 
     </span>
    </p>
   </div>
   <div class='ocr_carea' id='block_1_5' title="bbox 245 847 2000 922">
    <p class='ocr_par' dir='ltr' id='par_1_5' title="bbox 245 847 2000 922">
     <span class='ocr_line' id='line_1_5' title="bbox 245 847 2000 922; baseline -0.007 -9"><span class='ocrx_word' id='word_1_26' title='bbox 245 873 250 876; x_wconf 85' lang='lat'>&#39;</span> <span class='ocrx_word' id='word_1_27' title='bbox 354 875 484 912; x_wconf 90' lang='lat' dir='ltr'><strong>vero</strong></span> <span class='ocrx_word' id='word_1_28' title='bbox 519 855 662 911; x_wconf 83' lang='lat' dir='ltr'><strong>nihil</strong></span> <span class='ocrx_word' id='word_1_29' title='bbox 693 860 801 918; x_wconf 91' lang='lat' dir='ltr'><strong>est,</strong></span> <span class='ocrx_word' id='word_1_30' title='bbox 835 853 986 908; x_wconf 82' lang='lat' dir='ltr'><strong>sicut</strong></span> <span class='ocrx_word' id='word_1_31' title='bbox 1019 851 1180 922; x_wconf 88' lang='lat' dir='ltr'><strong>prius</strong></span> <span class='ocrx_word' id='word_1_32' title='bbox 1223 850 1563 904; x_wconf 83' lang='lat' dir='ltr'><strong>dicebamus</strong></span> <span class='ocrx_word' id='word_1_33' title='bbox 1592 852 1614 902; x_wconf 73' lang='grc' dir='ltr'><strong>ξ’</strong></span> <span class='ocrx_word' id='word_1_34' title='bbox 1659 848 1812 903; x_wconf 77' lang='lat' dir='ltr'><strong>Orth.</strong></span> <span class='ocrx_word' id='word_1_35' title='bbox 1845 847 2000 902; x_wconf 87' lang='lat' dir='ltr'><strong>Nihil</strong></span> 
     </span>
    </p>
   </div>
   <div class='ocr_carea' id='block_1_6' title="bbox 353 937 2001 1007">
    <p class='ocr_par' dir='ltr' id='par_1_6' title="bbox 353 937 2001 1007">
     <span class='ocr_line' id='line_1_6' title="bbox 353 937 2001 1007; baseline -0.007 -5"><span class='ocrx_word' id='word_1_36' title='bbox 353 955 438 1003; x_wconf 88' lang='lat' dir='ltr'><strong>est</strong></span> <span class='ocrx_word' id='word_1_37' title='bbox 497 951 707 1000; x_wconf 88' lang='lat' dir='ltr'><strong>natura</strong></span> <span class='ocrx_word' id='word_1_38' title='bbox 765 960 778 997; x_wconf 90' lang='lat'><strong>:</strong></span> <span class='ocrx_word' id='word_1_39' title='bbox 831 958 938 997; x_wconf 89' lang='lat' dir='ltr'><strong>nec</strong></span> <span class='ocrx_word' id='word_1_40' title='bbox 995 943 1150 994; x_wconf 90' lang='lat' dir='ltr'><strong>enim</strong></span> <span class='ocrx_word' id='word_1_41' title='bbox 1201 938 1531 994; x_wconf 75' lang='lat' dir='ltr'><strong>substantia</strong></span> <span class='ocrx_word' id='word_1_42' title='bbox 1570 943 1676 991; x_wconf 89' lang='lat' dir='ltr'><strong>est.</strong></span> <span class='ocrx_word' id='word_1_43' title='bbox 1722 939 1922 1007; x_wconf 79' lang='lat' dir='ltr'><strong>Itaque</strong></span> <span class='ocrx_word' id='word_1_44' title='bbox 1952 937 2001 991; x_wconf 82' lang='lat' dir='ltr'><strong>si</strong></span> 
     </span>
    </p>
   </div>
   <div class='ocr_carea' id='block_1_7' title="bbox 353 1026 1998 1106">
    <p class='ocr_par' dir='ltr' id='par_1_7' title="bbox 353 1026 1998 1106">
     <span class='ocr_line' id='line_1_7' title="bbox 353 1026 1998 1106; baseline -0.007 -15"><span class='ocrx_word' id='word_1_45' title='bbox 353 1036 544 1106; x_wconf 81' lang='lat' dir='ltr'><strong>major</strong></span> <span class='ocrx_word' id='word_1_46' title='bbox 571 1039 660 1089; x_wconf 89' lang='lat' dir='ltr'><strong>est</strong></span> <span class='ocrx_word' id='word_1_47' title='bbox 692 1038 856 1103; x_wconf 85' lang='lat' dir='ltr'><strong>pater</strong></span> <span class='ocrx_word' id='word_1_48' title='bbox 885 1047 950 1084; x_wconf 91' lang='lat' dir='ltr'><strong>eo</strong></span> <span class='ocrx_word' id='word_1_49' title='bbox 979 1029 1132 1100; x_wconf 92' lang='lat' dir='ltr'><strong>quod</strong></span> <span class='ocrx_word' id='word_1_50' title='bbox 1165 1028 1244 1082; x_wconf 87' lang='lat' dir='ltr'><strong>sit</strong></span> <span class='ocrx_word' id='word_1_51' title='bbox 1276 1043 1389 1081; x_wconf 91' lang='lat' dir='ltr'><strong>non</strong></span> <span class='ocrx_word' id='word_1_52' title='bbox 1447 1026 1703 1097; x_wconf 79' lang='lat' dir='ltr'><strong>genitus,</strong></span> <span class='ocrx_word' id='word_1_53' title='bbox 1765 1031 1823 1080; x_wconf 88' lang='lat' dir='ltr'><strong>et</strong></span> <span class='ocrx_word' id='word_1_54' title='bbox 1883 1041 1998 1080; x_wconf 92' lang='lat' dir='ltr'><strong>non</strong></span> 
     </span>
    </p>
   </div>
   <div class='ocr_carea' id='block_1_8' title="bbox 349 1113 2001 1196">
    <p class='ocr_par' dir='ltr' id='par_1_8' title="bbox 349 1113 2001 1196">
     <span class='ocr_line' id='line_1_8' title="bbox 349 1113 2001 1196; baseline -0.006 -16"><span class='ocrx_word' id='word_1_55' title='bbox 349 1125 616 1196; x_wconf 86' lang='lat' dir='ltr'><strong>genitum</strong></span> <span class='ocrx_word' id='word_1_56' title='bbox 657 1138 784 1177; x_wconf 89' lang='lat' dir='ltr'><strong>esse</strong></span> <span class='ocrx_word' id='word_1_57' title='bbox 835 1118 976 1174; x_wconf 87' lang='lat' dir='ltr'><strong>nihil</strong></span> <span class='ocrx_word' id='word_1_58' title='bbox 1026 1123 1134 1183; x_wconf 88' lang='lat' dir='ltr'><strong>est,</strong></span> <span class='ocrx_word' id='word_1_59' title='bbox 1185 1114 1584 1187; x_wconf 75' lang='lat' dir='ltr'><strong>consequitur,</strong></span> <span class='ocrx_word' id='word_1_60' title='bbox 1638 1113 1821 1170; x_wconf 87' lang='lat' dir='ltr'><strong>nihilo</strong></span> <span class='ocrx_word' id='word_1_61' title='bbox 1873 1131 2001 1170; x_wconf 87' lang='lat' dir='ltr'><strong>esse</strong></span> 
     </span>
    </p>
   </div>
   <div class='ocr_carea' id='block_1_9' title="bbox 353 1203 2000 1284">
    <p class='ocr_par' dir='ltr' id='par_1_9' title="bbox 353 1203 2000 1284">
     <span class='ocr_line' id='line_1_9' title="bbox 353 1203 2000 1284; baseline -0.007 -14"><span class='ocrx_word' id='word_1_62' title='bbox 353 1215 655 1284; x_wconf 82' lang='lat' dir='ltr'><strong>majorem.</strong></span> <span class='ocrx_word' id='word_1_63' title='bbox 689 1210 794 1275; x_wconf 85' lang='lat' dir='ltr'><strong>Qui</strong></span> <span class='ocrx_word' id='word_1_64' title='bbox 826 1225 958 1264; x_wconf 91' lang='lat' dir='ltr'><strong>vero</strong></span> <span class='ocrx_word' id='word_1_65' title='bbox 1001 1207 1182 1261; x_wconf 89' lang='lat' dir='ltr'><strong>nihilo</strong></span> <span class='ocrx_word' id='word_1_66' title='bbox 1224 1205 1411 1275; x_wconf 85' lang='lat' dir='ltr'><strong>major</strong></span> <span class='ocrx_word' id='word_1_67' title='bbox 1459 1211 1566 1269; x_wconf 89' lang='lat' dir='ltr'><strong>est,</strong></span> <span class='ocrx_word' id='word_1_68' title='bbox 1620 1204 1678 1257; x_wconf 93' lang='lat' dir='ltr'><strong>in</strong></span> <span class='ocrx_word' id='word_1_69' title='bbox 1725 1203 2000 1258; x_wconf 87' lang='lat' dir='ltr'><strong>omnibus</strong></span> 
     </span>
    </p>
   </div>
   <div class='ocr_carea' id='block_1_10' title="bbox 347 1291 1994 1372">
    <p class='ocr_par' dir='ltr' id='par_1_10' title="bbox 347 1291 1994 1372">
     <span class='ocr_line' id='line_1_10' title="bbox 347 1291 1994 1372; baseline -0.007 -14"><span class='ocrx_word' id='word_1_70' title='bbox 347 1308 438 1358; x_wconf 86' lang='lat' dir='ltr'><strong>est</strong></span> <span class='ocrx_word' id='word_1_71' title='bbox 466 1300 726 1372; x_wconf 69' lang='lat' dir='ltr'><strong>aequalis.</strong></span> <span class='ocrx_word' id='word_1_72' title='bbox 749 1298 863 1352; x_wconf 91' lang='lat' dir='ltr'><strong>Nec</strong></span> <span class='ocrx_word' id='word_1_73' title='bbox 894 1296 1049 1351; x_wconf 91' lang='lat' dir='ltr'><strong>enim</strong></span> <span class='ocrx_word' id='word_1_74' title='bbox 1083 1311 1224 1350; x_wconf 90' lang='lat' dir='ltr'><strong>sane</strong></span> <span class='ocrx_word' id='word_1_75' title='bbox 1241 1299 1410 1348; x_wconf 84' lang='lat' dir='ltr'><strong>Pater</strong></span> <span class='ocrx_word' id='word_1_76' title='bbox 1439 1298 1528 1348; x_wconf 88' lang='lat' dir='ltr'><strong>est</strong></span> <span class='ocrx_word' id='word_1_77' title='bbox 1562 1291 1703 1346; x_wconf 87' lang='lat' dir='ltr'><strong>Filio</strong></span> <span class='ocrx_word' id='word_1_78' title='bbox 1735 1292 1994 1346; x_wconf 76' lang='lat' dir='ltr'><strong>inferior.</strong></span> 
     </span>
    </p>
   </div>
   <div class='ocr_carea' id='block_1_11' title="bbox 345 1381 1994 1459">
    <p class='ocr_par' dir='ltr' id='par_1_11' title="bbox 345 1381 1994 1459">
     <span class='ocr_line' id='line_1_11' title="bbox 345 1381 1994 1459; baseline -0.008 -11"><span class='ocrx_word' id='word_1_79' title='bbox 345 1393 540 1448; x_wconf 39' lang='lat' dir='ltr'><strong>Anam.</strong></span> <span class='ocrx_word' id='word_1_80' title='bbox 579 1387 815 1459; x_wconf 67' lang='lat' dir='ltr'><strong>Aiquale</strong></span> <span class='ocrx_word' id='word_1_81' title='bbox 859 1387 1038 1457; x_wconf 78' lang='lat' dir='ltr'><strong>igitur</strong></span> <span class='ocrx_word' id='word_1_82' title='bbox 1085 1399 1212 1439; x_wconf 73' lang='lat' dir='ltr'><strong>esse</strong></span> <span class='ocrx_word' id='word_1_83' title='bbox 1263 1383 1410 1437; x_wconf 83' lang='lat' dir='ltr'><strong>dicis</strong></span> <span class='ocrx_word' id='word_1_84' title='bbox 1462 1398 1573 1436; x_wconf 88' lang='lat' dir='ltr'><strong>non</strong></span> <span class='ocrx_word' id='word_1_85' title='bbox 1625 1381 1913 1452; x_wconf 86' lang='lat' dir='ltr'><strong>genitum,</strong></span> <span class='ocrx_word' id='word_1_86' title='bbox 1944 1381 1994 1435; x_wconf 89' lang='lat' dir='ltr'><strong>ei</strong></span> 
     </span>
    </p>
   </div>
   <div class='ocr_carea' id='block_1_12' title="bbox 347 1471 1993 1552">
    <p class='ocr_par' dir='ltr' id='par_1_12' title="bbox 347 1471 1993 1552">
     <span class='ocr_line' id='line_1_12' title="bbox 347 1471 1993 1552; baseline -0.007 -15"><span class='ocrx_word' id='word_1_87' title='bbox 347 1482 501 1552; x_wconf 91' lang='lat' dir='ltr'><strong>quod</strong></span> <span class='ocrx_word' id='word_1_88' title='bbox 542 1479 803 1552; x_wconf 80' lang='lat' dir='ltr'><strong>genitum</strong></span> <span class='ocrx_word' id='word_1_89' title='bbox 836 1483 957 1532; x_wconf 86' lang='lat' dir='ltr'><strong>est:</strong></span> <span class='ocrx_word' id='word_1_90' title='bbox 993 1480 1050 1529; x_wconf 91' lang='lat' dir='ltr'><strong>et</strong></span> <span class='ocrx_word' id='word_1_91' title='bbox 1081 1473 1370 1545; x_wconf 89' lang='lat' dir='ltr'><strong>quomodo</strong></span> <span class='ocrx_word' id='word_1_92' title='bbox 1426 1487 1598 1526; x_wconf 83' lang='lat' dir='ltr'><strong>verax</strong></span> <span class='ocrx_word' id='word_1_93' title='bbox 1650 1472 1842 1539; x_wconf 87' lang='lat' dir='ltr'><strong>fuerit,</strong></span> <span class='ocrx_word' id='word_1_94' title='bbox 1894 1471 1993 1542; x_wconf 92' lang='lat' dir='ltr'><strong>qui</strong></span> 
     </span>
    </p>
   </div>
   <div class='ocr_carea' id='block_1_13' title="bbox 345 1560 1992 1637">
    <p class='ocr_par' dir='ltr' id='par_1_13' title="bbox 345 1560 1992 1637">
     <span class='ocr_line' id='line_1_13' title="bbox 345 1560 1992 1637; baseline -0.009 -11"><span class='ocrx_word' id='word_1_95' title='bbox 345 1571 507 1637; x_wconf 88' lang='lat' dir='ltr'><strong>dicit,</strong></span> <span class='ocrx_word' id='word_1_96' title='bbox 542 1593 566 1619; x_wconf 83' lang='grc' dir='ltr'>(ι</span> <span class='ocrx_word' id='word_1_97' title='bbox 605 1570 790 1636; x_wconf 88' lang='lat' dir='ltr'><strong>Pater,</strong></span> <span class='ocrx_word' id='word_1_98' title='bbox 825 1566 923 1637; x_wconf 90' lang='lat' dir='ltr'><strong>qui</strong></span> <span class='ocrx_word' id='word_1_99' title='bbox 959 1564 1120 1619; x_wconf 83' lang='lat' dir='ltr'><strong>misit</strong></span> <span class='ocrx_word' id='word_1_100' title='bbox 1165 1578 1276 1626; x_wconf 90' lang='lat' dir='ltr'><strong>me,</strong></span> <span class='ocrx_word' id='word_1_101' title='bbox 1330 1563 1519 1631; x_wconf 86' lang='lat' dir='ltr'><strong>major</strong></span> <span class='ocrx_word' id='word_1_102' title='bbox 1575 1576 1666 1614; x_wconf 91' lang='lat' dir='ltr'><strong>me</strong></span> <span class='ocrx_word' id='word_1_103' title='bbox 1715 1565 1804 1615; x_wconf 91' lang='lat' dir='ltr'><strong>est</strong></span> <span class='ocrx_word' id='word_1_104' title='bbox 1833 1561 1877 1594; x_wconf 75' lang='grc' dir='ltr'><strong>⁵ο</strong></span> <span class='ocrx_word' id='word_1_105' title='bbox 1904 1560 1932 1614; x_wconf 82' lang='lat'><strong>?</strong></span> <span class='ocrx_word' id='word_1_106' title='bbox 1965 1583 1992 1608; x_wconf 90' lang='grc'><strong>››</strong></span> 
     </span>
    </p>
   </div>
   <div class='ocr_carea' id='block_1_14' title="bbox 347 1649 1992 1728">
    <p class='ocr_par' dir='ltr' id='par_1_14' title="bbox 347 1649 1992 1728">
     <span class='ocr_line' id='line_1_14' title="bbox 347 1649 1992 1728; baseline -0.008 -13"><span class='ocrx_word' id='word_1_107' title='bbox 347 1659 506 1715; x_wconf 76' lang='lat' dir='ltr'><strong>Orrh.</strong></span> <span class='ocrx_word' id='word_1_108' title='bbox 540 1659 662 1712; x_wconf 90' lang='lat' dir='ltr'><strong>Non</strong></span> <span class='ocrx_word' id='word_1_109' title='bbox 698 1656 958 1728; x_wconf 84' lang='lat' dir='ltr'><strong>genitum</strong></span> <span class='ocrx_word' id='word_1_110' title='bbox 993 1669 1143 1716; x_wconf 87' lang='lat' dir='ltr'><strong>esse,</strong></span> <span class='ocrx_word' id='word_1_111' title='bbox 1168 1667 1279 1705; x_wconf 91' lang='lat' dir='ltr'><strong>non</strong></span> <span class='ocrx_word' id='word_1_112' title='bbox 1313 1656 1402 1704; x_wconf 88' lang='lat' dir='ltr'><strong>est</strong></span> <span class='ocrx_word' id='word_1_113' title='bbox 1431 1650 1763 1703; x_wconf 73' lang='lat' dir='ltr'><strong>substantia</strong></span> <span class='ocrx_word' id='word_1_114' title='bbox 1787 1649 1843 1702; x_wconf 92' lang='lat' dir='ltr'><strong>in</strong></span> <span class='ocrx_word' id='word_1_115' title='bbox 1882 1650 1992 1702; x_wconf 89' lang='lat' dir='ltr'><strong>Deo</strong></span> 
     </span>
    </p>
   </div>
   <div class='ocr_carea' id='block_1_15' title="bbox 343 1738 1986 1813">
    <p class='ocr_par' dir='ltr' id='par_1_15' title="bbox 343 1738 1986 1813">
     <span class='ocr_line' id='line_1_15' title="bbox 343 1738 1986 1813; baseline -0.009 -8"><span class='ocrx_word' id='word_1_116' title='bbox 343 1755 401 1805; x_wconf 89' lang='lat' dir='ltr'><strong>et</strong></span> <span class='ocrx_word' id='word_1_117' title='bbox 447 1753 634 1813; x_wconf 86' lang='lat' dir='ltr'><strong>Patre,</strong></span> <span class='ocrx_word' id='word_1_118' title='bbox 685 1745 784 1800; x_wconf 90' lang='lat' dir='ltr'><strong>sed</strong></span> <span class='ocrx_word' id='word_1_119' title='bbox 835 1743 1063 1797; x_wconf 92' lang='lat' dir='ltr'><strong>nullum</strong></span> <span class='ocrx_word' id='word_1_120' title='bbox 1113 1755 1240 1795; x_wconf 86' lang='lat' dir='ltr'><strong>esse</strong></span> <span class='ocrx_word' id='word_1_121' title='bbox 1289 1738 1379 1792; x_wconf 79' lang='lat' dir='ltr'><strong>Dei</strong></span> <span class='ocrx_word' id='word_1_122' title='bbox 1440 1739 1664 1791; x_wconf 82' lang='lat' dir='ltr'><strong>Patrem</strong></span> <span class='ocrx_word' id='word_1_123' title='bbox 1713 1738 1986 1791; x_wconf 83' lang='lat' dir='ltr'><strong>ostendit.</strong></span> 
     </span>
    </p>
   </div>
   <div class='ocr_carea' id='block_1_16' title="bbox 345 1826 1988 1900">
    <p class='ocr_par' dir='ltr' id='par_1_16' title="bbox 345 1826 1988 1900">
     <span class='ocr_line' id='line_1_16' title="bbox 345 1826 1988 1900; baseline -0.009 -7"><span class='ocrx_word' id='word_1_124' title='bbox 345 1837 554 1894; x_wconf 90' lang='lat' dir='ltr'><strong>Nullus</strong></span> <span class='ocrx_word' id='word_1_125' title='bbox 585 1843 780 1891; x_wconf 88' lang='lat' dir='ltr'><strong>autem</strong></span> <span class='ocrx_word' id='word_1_126' title='bbox 811 1833 940 1886; x_wconf 89' lang='lat' dir='ltr'><strong>ideo</strong></span> <span class='ocrx_word' id='word_1_127' title='bbox 987 1831 1174 1900; x_wconf 86' lang='lat' dir='ltr'><strong>major</strong></span> <span class='ocrx_word' id='word_1_128' title='bbox 1219 1832 1307 1883; x_wconf 90' lang='lat' dir='ltr'><strong>est</strong></span> <span class='ocrx_word' id='word_1_129' title='bbox 1354 1826 1655 1897; x_wconf 85' lang='lat' dir='ltr'><strong>quopiam,</strong></span> <span class='ocrx_word' id='word_1_130' title='bbox 1687 1826 1840 1895; x_wconf 93' lang='lat' dir='ltr'><strong>quod</strong></span> <span class='ocrx_word' id='word_1_131' title='bbox 1884 1826 1988 1879; x_wconf 82' lang='lat' dir='ltr'><strong>Pa-</strong></span> 
     </span>
    </p>
   </div>
   <div class='ocr_carea' id='block_1_17' title="bbox 341 1914 1984 1988">
    <p class='ocr_par' dir='ltr' id='par_1_17' title="bbox 341 1914 1984 1988">
     <span class='ocr_line' id='line_1_17' title="bbox 341 1914 1984 1988; baseline -0.01 -6"><span class='ocrx_word' id='word_1_132' title='bbox 341 1937 486 1984; x_wconf 89' lang='lat' dir='ltr'><strong>trem</strong></span> <span class='ocrx_word' id='word_1_133' title='bbox 523 1944 635 1982; x_wconf 92' lang='lat' dir='ltr'><strong>non</strong></span> <span class='ocrx_word' id='word_1_134' title='bbox 665 1925 894 1980; x_wconf 86' lang='lat' dir='ltr'><strong>habeat.</strong></span> <span class='ocrx_word' id='word_1_135' title='bbox 922 1922 1064 1977; x_wconf 83' lang='lat' dir='ltr'><strong>Nam</strong></span> <span class='ocrx_word' id='word_1_136' title='bbox 1091 1933 1275 1988; x_wconf 89' lang='lat' dir='ltr'><strong>neque</strong></span> <span class='ocrx_word' id='word_1_137' title='bbox 1300 1917 1477 1968; x_wconf 85' lang='lat' dir='ltr'><strong>Adam</strong></span> <span class='ocrx_word' id='word_1_138' title='bbox 1507 1921 1726 1985; x_wconf 85' lang='lat' dir='ltr'><strong>patrem</strong></span> <span class='ocrx_word' id='word_1_139' title='bbox 1762 1914 1984 1979; x_wconf 89' lang='lat' dir='ltr'><strong>habuit,</strong></span> 
     </span>
    </p>
   </div>
   <div class='ocr_carea' id='block_1_18' title="bbox 341 2003 1983 2088">
    <p class='ocr_par' dir='ltr' id='par_1_18' title="bbox 341 2003 1983 2088">
     <span class='ocr_line' id='line_1_18' title="bbox 341 2003 1983 2088; baseline -0.01 -16"><span class='ocrx_word' id='word_1_140' title='bbox 341 2033 528 2088; x_wconf 89' lang='lat' dir='ltr'><strong>neque</strong></span> <span class='ocrx_word' id='word_1_141' title='bbox 557 2016 692 2075; x_wconf 84' lang='lat' dir='ltr'><strong>Eva,</strong></span> <span class='ocrx_word' id='word_1_142' title='bbox 726 2019 782 2068; x_wconf 89' lang='lat' dir='ltr'><strong>et</strong></span> <span class='ocrx_word' id='word_1_143' title='bbox 822 2018 1016 2066; x_wconf 89' lang='lat' dir='ltr'><strong>tamen</strong></span> <span class='ocrx_word' id='word_1_144' title='bbox 1050 2013 1190 2063; x_wconf 92' lang='lat' dir='ltr'><strong>sunt</strong></span> <span class='ocrx_word' id='word_1_145' title='bbox 1220 2005 1389 2060; x_wconf 92' lang='lat' dir='ltr'><strong>nobis</strong></span> <span class='ocrx_word' id='word_1_146' title='bbox 1429 2003 1983 2058; x_wconf 86' lang='lat' dir='ltr'><strong>consubstantiales.</strong></span> 
     </span>
    </p>
   </div>
   <div class='ocr_carea' id='block_1_19' title="bbox 337 2091 1985 2176">
    <p class='ocr_par' dir='ltr' id='par_1_19' title="bbox 337 2091 1985 2176">
     <span class='ocr_line' id='line_1_19' title="bbox 337 2091 1985 2176; baseline -0.012 -14"><span class='ocrx_word' id='word_1_147' title='bbox 337 2107 442 2163; x_wconf 86' lang='lat' dir='ltr'><strong>Sed</strong></span> <span class='ocrx_word' id='word_1_148' title='bbox 477 2103 770 2176; x_wconf 86' lang='lat' dir='ltr'><strong>quomodo</strong></span> <span class='ocrx_word' id='word_1_149' title='bbox 797 2102 951 2155; x_wconf 87' lang='lat' dir='ltr'><strong>inter</strong></span> <span class='ocrx_word' id='word_1_150' title='bbox 977 2094 1510 2170; x_wconf 85' lang='lat' dir='ltr'><strong>philosophandum</strong></span> <span class='ocrx_word' id='word_1_151' title='bbox 1543 2092 1613 2145; x_wconf 91' lang='lat' dir='ltr'><strong>de</strong></span> <span class='ocrx_word' id='word_1_152' title='bbox 1646 2107 1757 2145; x_wconf 93' lang='lat' dir='ltr'><strong>non</strong></span> <span class='ocrx_word' id='word_1_153' title='bbox 1790 2091 1985 2162; x_wconf 84' lang='lat' dir='ltr'><strong>genito</strong></span> 
     </span>
    </p>
   </div>
   <div class='ocr_carea' id='block_1_20' title="bbox 335 2179 1976 2268">
    <p class='ocr_par' dir='ltr' id='par_1_20' title="bbox 335 2179 1976 2268">
     <span class='ocr_line' id='line_1_20' title="bbox 335 2179 1976 2268; baseline -0.012 -17"><span class='ocrx_word' id='word_1_154' title='bbox 335 2203 390 2252; x_wconf 90' lang='lat' dir='ltr'><strong>et</strong></span> <span class='ocrx_word' id='word_1_155' title='bbox 421 2194 638 2268; x_wconf 85' lang='lat' dir='ltr'><strong>genito,</strong></span> <span class='ocrx_word' id='word_1_156' title='bbox 670 2190 842 2246; x_wconf 90' lang='lat' dir='ltr'><strong>veluti</strong></span> <span class='ocrx_word' id='word_1_157' title='bbox 875 2188 960 2243; x_wconf 90' lang='lat' dir='ltr'><strong>tui</strong></span> <span class='ocrx_word' id='word_1_158' title='bbox 992 2186 1178 2257; x_wconf 83' lang='lat' dir='ltr'><strong>ipsius</strong></span> <span class='ocrx_word' id='word_1_159' title='bbox 1209 2183 1427 2238; x_wconf 91' lang='lat' dir='ltr'><strong>oblitus</strong></span> <span class='ocrx_word' id='word_1_160' title='bbox 1459 2179 1761 2250; x_wconf 89' lang='lat' dir='ltr'><strong>subjecisti</strong></span> <span class='ocrx_word' id='word_1_161' title='bbox 1788 2195 1801 2232; x_wconf 88' lang='lat'>:</span> <span class='ocrx_word' id='word_1_162' title='bbox 1831 2180 1976 2234; x_wconf 70' lang='lat'><strong>427</strong></span> 
     </span>
    </p>
   </div>
   <div class='ocr_carea' id='block_1_21' title="bbox 337 2268 1980 2348">
    <p class='ocr_par' dir='ltr' id='par_1_21' title="bbox 337 2268 1980 2348">
     <span class='ocr_line' id='line_1_21' title="bbox 337 2268 1980 2348; baseline -0.009 -12"><span class='ocrx_word' id='word_1_163' title='bbox 337 2309 363 2336; x_wconf 79' lang='grc' dir='ltr'>(ι</span> <span class='ocrx_word' id='word_1_164' title='bbox 394 2285 575 2346; x_wconf 82' lang='lat' dir='ltr'><strong>Pater,</strong></span> <span class='ocrx_word' id='word_1_165' title='bbox 611 2282 704 2348; x_wconf 70' lang='lat' dir='ltr'><strong>qui</strong></span> <span class='ocrx_word' id='word_1_166' title='bbox 766 2279 927 2334; x_wconf 90' lang='lat' dir='ltr'><strong>misit</strong></span> <span class='ocrx_word' id='word_1_167' title='bbox 976 2292 1088 2341; x_wconf 89' lang='lat' dir='ltr'><strong>me,</strong></span> <span class='ocrx_word' id='word_1_168' title='bbox 1124 2275 1310 2340; x_wconf 87' lang='lat' dir='ltr'><strong>major</strong></span> <span class='ocrx_word' id='word_1_169' title='bbox 1349 2287 1442 2324; x_wconf 89' lang='lat' dir='ltr'><strong>me</strong></span> <span class='ocrx_word' id='word_1_170' title='bbox 1486 2270 1620 2324; x_wconf 74' lang='lat' dir='ltr'><strong>est?</strong></span> <span class='ocrx_word' id='word_1_171' title='bbox 1663 2289 1683 2317; x_wconf 78' lang='grc' dir='ltr'><strong>ι</strong></span> <span class='ocrx_word' id='word_1_172' title='bbox 1740 2268 1980 2339; x_wconf 84' lang='lat' dir='ltr'><strong>Oporte-</strong></span> 
     </span>
    </p>
   </div>
   <div class='ocr_carea' id='block_1_22' title="bbox 335 2358 1979 2440">
    <p class='ocr_par' dir='ltr' id='par_1_22' title="bbox 335 2358 1979 2440">
     <span class='ocr_line' id='line_1_22' title="bbox 335 2358 1979 2440; baseline -0.01 -11"><span class='ocrx_word' id='word_1_173' title='bbox 335 2379 431 2430; x_wconf 77' lang='lat' dir='ltr'><strong>bat</strong></span> <span class='ocrx_word' id='word_1_174' title='bbox 477 2373 631 2428; x_wconf 88' lang='lat' dir='ltr'><strong>enim</strong></span> <span class='ocrx_word' id='word_1_175' title='bbox 682 2377 736 2425; x_wconf 92' lang='lat' dir='ltr'><strong>te</strong></span> <span class='ocrx_word' id='word_1_176' title='bbox 781 2367 998 2440; x_wconf 87' lang='lat' dir='ltr'><strong>potius,</strong></span> <span class='ocrx_word' id='word_1_177' title='bbox 1057 2369 1122 2417; x_wconf 93' lang='lat' dir='ltr'><strong>ut</strong></span> <span class='ocrx_word' id='word_1_178' title='bbox 1171 2367 1364 2416; x_wconf 83' lang='lat' dir='ltr'><strong>tecum</strong></span> <span class='ocrx_word' id='word_1_179' title='bbox 1421 2359 1545 2430; x_wconf 89' lang='lat' dir='ltr'><strong>ipse</strong></span> <span class='ocrx_word' id='word_1_180' title='bbox 1595 2358 1979 2427; x_wconf 88' lang='lat' dir='ltr'><strong>consentires,</strong></span> 
     </span>
    </p>
   </div>
   <div class='ocr_carea' id='block_1_23' title="bbox 331 2447 1976 2530">
    <p class='ocr_par' dir='ltr' id='par_1_23' title="bbox 331 2447 1976 2530">
     <span class='ocr_line' id='line_1_23' title="bbox 331 2447 1976 2530; baseline -0.012 -12"><span class='ocrx_word' id='word_1_181' title='bbox 331 2464 544 2525; x_wconf 85' lang='lat' dir='ltr'><strong>dicere,</strong></span> <span class='ocrx_word' id='word_1_182' title='bbox 575 2461 699 2515; x_wconf 88' lang='lat' dir='ltr'><strong>Non</strong></span> <span class='ocrx_word' id='word_1_183' title='bbox 733 2456 989 2530; x_wconf 82' lang='lat' dir='ltr'><strong>genitus,</strong></span> <span class='ocrx_word' id='word_1_184' title='bbox 1023 2452 1122 2524; x_wconf 91' lang='lat' dir='ltr'><strong>qui</strong></span> <span class='ocrx_word' id='word_1_185' title='bbox 1173 2449 1331 2504; x_wconf 88' lang='lat' dir='ltr'><strong>misit</strong></span> <span class='ocrx_word' id='word_1_186' title='bbox 1381 2464 1470 2502; x_wconf 90' lang='lat' dir='ltr'><strong>me</strong></span> <span class='ocrx_word' id='word_1_187' title='bbox 1504 2447 1690 2516; x_wconf 87' lang='lat' dir='ltr'><strong>major</strong></span> <span class='ocrx_word' id='word_1_188' title='bbox 1721 2462 1813 2500; x_wconf 91' lang='lat' dir='ltr'><strong>me</strong></span> <span class='ocrx_word' id='word_1_189' title='bbox 1865 2451 1976 2500; x_wconf 90' lang='lat' dir='ltr'><strong>est.</strong></span> 
     </span>
    </p>
   </div>
   <div class='ocr_carea' id='block_1_24' title="bbox 1527 357 2592 420">
    <p class='ocr_par' dir='ltr' id='par_1_24' title="bbox 1527 357 2592 420">
     <span class='ocr_line' id='line_1_24' title="bbox 1527 357 2592 420; baseline -0.002 0"><span class='ocrx_word' id='word_1_190' title='bbox 1527 361 1590 420; x_wconf 86' lang='lat' dir='ltr'><strong>S.</strong></span> <span class='ocrx_word' id='word_1_191' title='bbox 1639 359 2029 420; x_wconf 64' lang='lat' dir='ltr'><strong>A&#39;l‘llANASl</strong></span> <span class='ocrx_word' id='word_1_192' title='bbox 2050 363 2162 419; x_wconf 62' lang='lat'><strong>[38.</strong></span> <span class='ocrx_word' id='word_1_193' title='bbox 2191 395 2262 402; x_wconf 93' lang='lat'><strong>——</strong></span> <span class='ocrx_word' id='word_1_194' title='bbox 2289 357 2592 420; x_wconf 72' lang='lat' dir='ltr'><strong>SPUIHA.</strong></span> 
     </span>
    </p>
   </div>
   <div class='ocr_carea' id='block_1_25' title="bbox 3618 359 3782 424">
    <p class='ocr_par' dir='ltr' id='par_1_25' title="bbox 3618 359 3782 424">
     <span class='ocr_line' id='line_1_25' title="bbox 3618 359 3782 424; baseline 0.012 -2"><span class='ocrx_word' id='word_1_195' title='bbox 3618 359 3782 424; x_wconf 78' lang='grc'>1168</span> 
     </span>
    </p>
   </div>
   <div class='ocr_carea' id='block_1_26' title="bbox 353 490 1973 569">
    <p class='ocr_par' dir='ltr' id='par_1_26' title="bbox 353 493 1973 568">
     <span class='ocr_line' id='line_1_26' title="bbox 353 493 1973 568; baseline -0.005 -15"><span class='ocrx_word' id='word_1_196' title='bbox 353 497 750 568; x_wconf 91' lang='lat' dir='ltr'><strong>sumptionem</strong></span> <span class='ocrx_word' id='word_1_197' title='bbox 772 497 1072 566; x_wconf 78' lang='lat' dir='ltr'><strong>subjectus</strong></span> <span class='ocrx_word' id='word_1_198' title='bbox 1098 493 1752 563; x_wconf 69' lang='lat' dir='ltr'><strong>fuitMariaaetJosepho</strong></span> <span class='ocrx_word' id='word_1_199' title='bbox 1779 510 1792 546; x_wconf 90' lang='lat'>:</span> <span class='ocrx_word' id='word_1_200' title='bbox 1820 516 1847 541; x_wconf 86' lang='grc'><strong>‹‹</strong></span> <span class='ocrx_word' id='word_1_201' title='bbox 1875 493 1973 545; x_wconf 79' lang='lat' dir='ltr'><strong>Era</strong></span> 
     </span>
    </p>
   </div>
   <div class='ocr_carea' id='block_1_27' title="bbox 2086 490 3772 569">
    <p class='ocr_par' dir='ltr' id='par_1_27' title="bbox 2120 490 3772 569">
     <span class='ocr_line' id='line_1_27' title="bbox 2120 490 3772 569; baseline 0.004 -28"><span class='ocrx_word' id='word_1_202' title='bbox 2120 491 2192 550; x_wconf 80' lang='grc' dir='ltr'>ὡς</span> <span class='ocrx_word' id='word_1_203' title='bbox 2228 490 2277 543; x_wconf 77' lang='grc' dir='ltr'>ἐν</span> <span class='ocrx_word' id='word_1_204' title='bbox 2313 490 2628 565; x_wconf 74' lang='grc' dir='ltr'>Εὐαγγελίῳ</span> <span class='ocrx_word' id='word_1_205' title='bbox 2655 493 2968 568; x_wconf 66' lang='grc' dir='ltr'>γέγραπται.</span> <span class='ocrx_word' id='word_1_206' title='bbox 3017 491 3205 566; x_wconf 85' lang='grc' dir='ltr'>Ἀνόμ.</span> <span class='ocrx_word' id='word_1_207' title='bbox 3243 491 3421 548; x_wconf 82' lang='grc' dir='ltr'><strong>Ἀλλά</strong></span> <span class='ocrx_word' id='word_1_208' title='bbox 3451 492 3608 569; x_wconf 72' lang='grc' dir='ltr'>φύσει</span> <span class='ocrx_word' id='word_1_209' title='bbox 3657 495 3772 562; x_wconf 82' lang='grc'>(18)</span> 
     </span>
    </p>
   </div>
   <div class='ocr_carea' id='block_1_28' title="bbox 2116 578 3770 655">
    <p class='ocr_par' dir='ltr' id='par_1_28' title="bbox 2116 578 3770 655">
     <span class='ocr_line' id='line_1_28' title="bbox 2116 578 3770 655; baseline 0.002 -24"><span class='ocrx_word' id='word_1_210' title='bbox 2116 579 2310 650; x_wconf 81' lang='grc' dir='ltr'>μείζων</span> <span class='ocrx_word' id='word_1_211' title='bbox 2373 581 2507 634; x_wconf 78' lang='grc' dir='ltr'>κατὰ</span> <span class='ocrx_word' id='word_1_212' title='bbox 2560 581 2623 635; x_wconf 88' lang='grc' dir='ltr'>τὸ</span> <span class='ocrx_word' id='word_1_213' title='bbox 2681 582 2988 655; x_wconf 70' lang='grc' dir='ltr'><strong>ἀγέννητον,</strong></span> <span class='ocrx_word' id='word_1_214' title='bbox 3042 579 3150 636; x_wconf 78' lang='grc' dir='ltr'>ἔστι</span> <span class='ocrx_word' id='word_1_215' title='bbox 3208 603 3284 648; x_wconf 92' lang='grc' dir='ltr'><strong>τι,</strong></span> <span class='ocrx_word' id='word_1_216' title='bbox 3343 583 3376 649; x_wconf 81' lang='grc' dir='ltr'>ἦ</span> <span class='ocrx_word' id='word_1_217' title='bbox 3421 578 3770 654; x_wconf 31' lang='lat'>066636012,</span> 
     </span>
    </p>
   </div>
   <div class='ocr_carea' id='block_1_29' title="bbox 2111 667 3769 748">
    <p class='ocr_par' dir='ltr' id='par_1_29' title="bbox 2111 667 3769 748">
     <span class='ocr_line' id='line_1_29' title="bbox 2111 667 3769 748; baseline 0.001 -28"><span class='ocrx_word' id='word_1_218' title='bbox 2111 667 2286 730; x_wconf 86' lang='grc' dir='ltr'>καθὼς</span> <span class='ocrx_word' id='word_1_219' title='bbox 2343 669 2710 744; x_wconf 64' lang='grc' dir='ltr'>προείπομενς</span> <span class='ocrx_word' id='word_1_220' title='bbox 2772 672 2918 743; x_wconf 87' lang='grc' dir='ltr'>Ὀρθ.</span> <span class='ocrx_word' id='word_1_221' title='bbox 2974 668 3137 724; x_wconf 77' lang='grc' dir='ltr'>Οὐδέν</span> <span class='ocrx_word' id='word_1_222' title='bbox 3191 669 3299 724; x_wconf 80' lang='grc' dir='ltr'>ἐστι</span> <span class='ocrx_word' id='word_1_223' title='bbox 3351 669 3526 748; x_wconf 70' lang='grc' dir='ltr'>φύσειο</span> <span class='ocrx_word' id='word_1_224' title='bbox 3571 669 3635 723; x_wconf 74' lang='grc' dir='ltr'>οὗ</span> <span class='ocrx_word' id='word_1_225' title='bbox 3665 671 3769 744; x_wconf 70' lang='grc' dir='ltr'><strong>γὰρ</strong></span> 
     </span>
    </p>
   </div>
   <div class='ocr_carea' id='block_1_30' title="bbox 2113 755 3764 833">
    <p class='ocr_par' dir='ltr' id='par_1_30' title="bbox 2113 755 3764 833">
     <span class='ocr_line' id='line_1_30' title="bbox 2113 755 3764 833; baseline 0.002 -25"><span class='ocrx_word' id='word_1_226' title='bbox 2113 755 2266 810; x_wconf 81' lang='grc' dir='ltr'>οὐσια</span> <span class='ocrx_word' id='word_1_227' title='bbox 2297 756 2458 814; x_wconf 81' lang='grc' dir='ltr'>ἐστίν.</span> <span class='ocrx_word' id='word_1_228' title='bbox 2495 759 2553 812; x_wconf 87' lang='grc' dir='ltr'><strong>Εἰ</strong></span> <span class='ocrx_word' id='word_1_229' title='bbox 2585 758 2758 812; x_wconf 75' lang='grc' dir='ltr'>τοίνυν</span> <span class='ocrx_word' id='word_1_230' title='bbox 2793 761 2928 814; x_wconf 84' lang='grc' dir='ltr'><strong>κατά</strong></span> <span class='ocrx_word' id='word_1_231' title='bbox 2957 757 3019 812; x_wconf 74' lang='grc' dir='ltr'>τὰ</span> <span class='ocrx_word' id='word_1_232' title='bbox 3069 759 3358 833; x_wconf 86' lang='grc' dir='ltr'>ἀγέννητόν</span> <span class='ocrx_word' id='word_1_233' title='bbox 3392 756 3501 813; x_wconf 75' lang='grc' dir='ltr'>ἔστι</span> <span class='ocrx_word' id='word_1_234' title='bbox 3537 759 3764 830; x_wconf 80' lang='grc' dir='ltr'>μείζων,</span> 
     </span>
    </p>
   </div>
   <div class='ocr_carea' id='block_1_31' title="bbox 2109 843 3761 920">
    <p class='ocr_par' dir='ltr' id='par_1_31' title="bbox 2109 843 3761 920">
     <span class='ocr_line' id='line_1_31' title="bbox 2109 843 3761 920; baseline 0.001 -22"><span class='ocrx_word' id='word_1_235' title='bbox 2109 845 2170 899; x_wconf 85' lang='grc' dir='ltr'>τὸ</span> <span class='ocrx_word' id='word_1_236' title='bbox 2201 843 2257 900; x_wconf 75' lang='grc' dir='ltr'><strong>δὲ</strong></span> <span class='ocrx_word' id='word_1_237' title='bbox 2290 847 2577 920; x_wconf 75' lang='grc' dir='ltr'><strong>ἀγέννητον</strong></span> <span class='ocrx_word' id='word_1_238' title='bbox 2611 845 2762 902; x_wconf 80' lang='grc' dir='ltr'>οὐδέν</span> <span class='ocrx_word' id='word_1_239' title='bbox 2798 847 2931 914; x_wconf 82' lang='grc' dir='ltr'>ἐστι,</span> <span class='ocrx_word' id='word_1_240' title='bbox 2982 850 3097 902; x_wconf 89' lang='grc' dir='ltr'>κατ’</span> <span class='ocrx_word' id='word_1_241' title='bbox 3147 845 3300 902; x_wconf 79' lang='grc' dir='ltr'>οὐδέν</span> <span class='ocrx_word' id='word_1_242' title='bbox 3361 846 3469 902; x_wconf 76' lang='grc' dir='ltr'>ἐστι</span> <span class='ocrx_word' id='word_1_243' title='bbox 3533 848 3761 919; x_wconf 79' lang='grc' dir='ltr'>μείζων.</span> 
     </span>
    </p>
   </div>
   <div class='ocr_carea' id='block_1_32' title="bbox 2110 931 3761 1010">
    <p class='ocr_par' dir='ltr' id='par_1_32' title="bbox 2110 931 3761 1010">
     <span class='ocr_line' id='line_1_32' title="bbox 2110 931 3761 1010; baseline 0 -20"><span class='ocrx_word' id='word_1_244' title='bbox 2110 935 2168 990; x_wconf 91' lang='grc' dir='ltr'>Ὁ</span> <span class='ocrx_word' id='word_1_245' title='bbox 2201 931 2257 988; x_wconf 72' lang='grc' dir='ltr'><em>δὲ</em></span> <span class='ocrx_word' id='word_1_246' title='bbox 2311 935 2363 989; x_wconf 72' lang='grc' dir='ltr'>ἐν</span> <span class='ocrx_word' id='word_1_247' title='bbox 2400 934 2594 1008; x_wconf 80' lang='grc' dir='ltr'>μηδενὶ</span> <span class='ocrx_word' id='word_1_248' title='bbox 2629 937 2824 1008; x_wconf 79' lang='grc' dir='ltr'>μείζων</span> <span class='ocrx_word' id='word_1_249' title='bbox 2853 937 2987 991; x_wconf 78' lang='grc' dir='ltr'>κατὰ</span> <span class='ocrx_word' id='word_1_250' title='bbox 3017 938 3186 991; x_wconf 80' lang='grc' dir='ltr'>πάντα</span> <span class='ocrx_word' id='word_1_251' title='bbox 3218 935 3354 998; x_wconf 65' lang='grc' dir='ltr'>ἴσος.</span> <span class='ocrx_word' id='word_1_252' title='bbox 3404 937 3480 994; x_wconf 81' lang='grc' dir='ltr'><strong>Οὐ</strong></span> <span class='ocrx_word' id='word_1_253' title='bbox 3529 937 3630 1010; x_wconf 76' lang='grc' dir='ltr'><strong>γὰρ</strong></span> <span class='ocrx_word' id='word_1_254' title='bbox 3690 934 3761 1006; x_wconf 77' lang='grc' dir='ltr'><strong>δή</strong></span> 
     </span>
    </p>
   </div>
   <div class='ocr_carea' id='block_1_33' title="bbox 2110 1023 3764 1100">
    <p class='ocr_par' dir='ltr' id='par_1_33' title="bbox 2110 1023 3764 1100">
     <span class='ocr_line' id='line_1_33' title="bbox 2110 1023 3764 1100; baseline 0.001 -24"><span class='ocrx_word' id='word_1_255' title='bbox 2110 1024 2137 1076; x_wconf 99' lang='lat'><strong>6</strong></span> <span class='ocrx_word' id='word_1_256' title='bbox 2173 1024 2355 1100; x_wconf 78' lang='grc' dir='ltr'>Πατὴρ</span> <span class='ocrx_word' id='word_1_257' title='bbox 2387 1024 2624 1079; x_wconf 74' lang='grc' dir='ltr'>ἐλάττων</span> <span class='ocrx_word' id='word_1_258' title='bbox 2656 1030 2751 1079; x_wconf 88' lang='grc' dir='ltr'><strong>τοῦ</strong></span> <span class='ocrx_word' id='word_1_259' title='bbox 2778 1026 2925 1082; x_wconf 81' lang='grc' dir='ltr'>Υἱοῦ.</span> <span class='ocrx_word' id='word_1_260' title='bbox 2963 1025 3150 1098; x_wconf 82' lang='grc' dir='ltr'>Ἀνόμ.</span> <span class='ocrx_word' id='word_1_261' title='bbox 3185 1024 3393 1082; x_wconf 82' lang='grc' dir='ltr'>Οὐκοῦν</span> <span class='ocrx_word' id='word_1_262' title='bbox 3428 1023 3541 1079; x_wconf 68' lang='grc' dir='ltr'>ἴσον</span> <span class='ocrx_word' id='word_1_263' title='bbox 3577 1023 3764 1098; x_wconf 84' lang='grc' dir='ltr'>λέγεις</span> 
     </span>
    </p>
   </div>
   <div class='ocr_carea' id='block_1_34' title="bbox 2106 1112 3765 1188">
    <p class='ocr_par' dir='ltr' id='par_1_34' title="bbox 2106 1112 3765 1188">
     <span class='ocr_line' id='line_1_34' title="bbox 2106 1112 3765 1188; baseline 0.001 -22"><span class='ocrx_word' id='word_1_264' title='bbox 2106 1113 2168 1166; x_wconf 88' lang='grc' dir='ltr'>τὸ</span> <span class='ocrx_word' id='word_1_265' title='bbox 2201 1112 2491 1186; x_wconf 72' lang='grc' dir='ltr'><strong>ἀγέννητον</strong></span> <span class='ocrx_word' id='word_1_266' title='bbox 2543 1116 2656 1184; x_wconf 80' lang='grc'>(19)</span> <span class='ocrx_word' id='word_1_267' title='bbox 2709 1119 2790 1187; x_wconf 83' lang='grc' dir='ltr'>τῷ</span> <span class='ocrx_word' id='word_1_268' title='bbox 2845 1117 3168 1188; x_wconf 72' lang='grc' dir='ltr'>γιννήματι·</span> <span class='ocrx_word' id='word_1_269' title='bbox 3216 1115 3306 1169; x_wconf 84' lang='grc' dir='ltr'><strong>καὶ</strong></span> <span class='ocrx_word' id='word_1_270' title='bbox 3355 1118 3470 1175; x_wconf 91' lang='grc' dir='ltr'><strong>πῶς</strong></span> <span class='ocrx_word' id='word_1_271' title='bbox 3503 1113 3765 1182; x_wconf 81' lang='grc' dir='ltr'><strong>ἀληθεύει</strong></span> 
     </span>
    </p>
   </div>
   <div class='ocr_carea' id='block_1_35' title="bbox 2107 1199 3766 1277">
    <p class='ocr_par' dir='ltr' id='par_1_35' title="bbox 2107 1199 3766 1277">
     <span class='ocr_line' id='line_1_35' title="bbox 2107 1199 3766 1277; baseline 0.001 -23"><span class='ocrx_word' id='word_1_272' title='bbox 2107 1202 2135 1254; x_wconf 93' lang='lat'><strong>6</strong></span> <span class='ocrx_word' id='word_1_273' title='bbox 2193 1199 2386 1276; x_wconf 87' lang='grc' dir='ltr'>λέγων’</span> <span class='ocrx_word' id='word_1_274' title='bbox 2457 1227 2484 1254; x_wconf 85' lang='grc' dir='ltr'>ι(</span> <span class='ocrx_word' id='word_1_275' title='bbox 2537 1203 2598 1260; x_wconf 89' lang='grc' dir='ltr'>Ὁ</span> <span class='ocrx_word' id='word_1_276' title='bbox 2659 1205 2842 1277; x_wconf 74' lang='grc' dir='ltr'>Πατὴρ</span> <span class='ocrx_word' id='word_1_277' title='bbox 2899 1205 2926 1258; x_wconf 90' lang='lat'><strong>6</strong></span> <span class='ocrx_word' id='word_1_278' title='bbox 2982 1203 3203 1277; x_wconf 79' lang='grc' dir='ltr'>πέμψας</span> <span class='ocrx_word' id='word_1_279' title='bbox 3266 1224 3333 1276; x_wconf 84' lang='grc' dir='ltr'><strong>με</strong></span> <span class='ocrx_word' id='word_1_280' title='bbox 3395 1202 3594 1274; x_wconf 77' lang='grc' dir='ltr'>μείζων</span> <span class='ocrx_word' id='word_1_281' title='bbox 3656 1203 3766 1274; x_wconf 77' lang='grc' dir='ltr'>μού</span> 
     </span>
    </p>
   </div>
   <div class='ocr_carea' id='block_1_36' title="bbox 2107 1290 3769 1367">
    <p class='ocr_par' dir='ltr' id='par_1_36' title="bbox 2107 1290 3769 1367">
     <span class='ocr_line' id='line_1_36' title="bbox 2107 1290 3769 1367; baseline 0.001 -23"><span class='ocrx_word' id='word_1_282' title='bbox 2107 1291 2286 1358; x_wconf 84' lang='grc' dir='ltr'>ἐστιν;</span> <span class='ocrx_word' id='word_1_283' title='bbox 2349 1315 2376 1341; x_wconf 79' lang='grc' dir='ltr'><strong>υ</strong></span> <span class='ocrx_word' id='word_1_284' title='bbox 2431 1292 2576 1365; x_wconf 85' lang='grc' dir='ltr'>Ὁρθ.</span> <span class='ocrx_word' id='word_1_285' title='bbox 2627 1292 2706 1348; x_wconf 87' lang='grc' dir='ltr'>Τὸ</span> <span class='ocrx_word' id='word_1_286' title='bbox 2761 1291 3049 1367; x_wconf 87' lang='grc' dir='ltr'>ἀγέννητον</span> <span class='ocrx_word' id='word_1_287' title='bbox 3101 1290 3188 1346; x_wconf 82' lang='grc' dir='ltr'>ἐπὶ</span> <span class='ocrx_word' id='word_1_288' title='bbox 3239 1295 3374 1346; x_wconf 88' lang='grc' dir='ltr'>Θεοῦ</span> <span class='ocrx_word' id='word_1_289' title='bbox 3424 1291 3514 1345; x_wconf 84' lang='grc' dir='ltr'>καὶ</span> <span class='ocrx_word' id='word_1_290' title='bbox 3549 1292 3769 1366; x_wconf 65' lang='lat' dir='ltr'><strong>Ila-:96:</strong></span> 
     </span>
    </p>
   </div>
   <div class='ocr_carea' id='block_1_37' title="bbox 2105 1377 3761 1455">
    <p class='ocr_par' dir='ltr' id='par_1_37' title="bbox 2105 1377 3761 1455">
     <span class='ocr_line' id='line_1_37' title="bbox 2105 1377 3761 1455; baseline 0.001 -23"><span class='ocrx_word' id='word_1_291' title='bbox 2105 1378 2257 1433; x_wconf 80' lang='grc' dir='ltr'>οὐσία</span> <span class='ocrx_word' id='word_1_292' title='bbox 2310 1380 2407 1434; x_wconf 82' lang='grc' dir='ltr'>οὐκ</span> <span class='ocrx_word' id='word_1_293' title='bbox 2473 1378 2634 1446; x_wconf 82' lang='grc' dir='ltr'>ἔστιν,</span> <span class='ocrx_word' id='word_1_294' title='bbox 2697 1378 2840 1435; x_wconf 75' lang='grc' dir='ltr'>ἀλλὰ</span> <span class='ocrx_word' id='word_1_295' title='bbox 2893 1385 2990 1434; x_wconf 85' lang='grc' dir='ltr'><strong>τοῦ</strong></span> <span class='ocrx_word' id='word_1_296' title='bbox 3055 1381 3130 1452; x_wconf 77' lang='grc' dir='ltr'>μή</span> <span class='ocrx_word' id='word_1_297' title='bbox 3197 1379 3406 1455; x_wconf 77' lang='grc' dir='ltr'>Πατέρα</span> <span class='ocrx_word' id='word_1_298' title='bbox 3463 1377 3614 1454; x_wconf 70' lang='grc' dir='ltr'>ἔχειν</span> <span class='ocrx_word' id='word_1_299' title='bbox 3663 1381 3761 1434; x_wconf 87' lang='grc' dir='ltr'><strong>τὸν</strong></span> 
     </span>
    </p>
   </div>
   <div class='ocr_carea' id='block_1_38' title="bbox 2103 1465 3758 1542">
    <p class='ocr_par' dir='ltr' id='par_1_38' title="bbox 2103 1465 3758 1542">
     <span class='ocr_line' id='line_1_38' title="bbox 2103 1465 3758 1542; baseline 0.001 -20"><span class='ocrx_word' id='word_1_300' title='bbox 2103 1469 2230 1522; x_wconf 88' lang='grc' dir='ltr'><strong>Θεὸν</strong></span> <span class='ocrx_word' id='word_1_301' title='bbox 2264 1465 2595 1538; x_wconf 78' lang='grc' dir='ltr'>δηλωτικόν.</span> <span class='ocrx_word' id='word_1_302' title='bbox 2627 1467 2818 1531; x_wconf 75' lang='grc' dir='ltr'>Οὖόεἲς</span> <span class='ocrx_word' id='word_1_303' title='bbox 2851 1467 2907 1524; x_wconf 79' lang='grc' dir='ltr'><strong>δὲ</strong></span> <span class='ocrx_word' id='word_1_304' title='bbox 2961 1467 3050 1523; x_wconf 70' lang='grc' dir='ltr'><strong>διὰ</strong></span> <span class='ocrx_word' id='word_1_305' title='bbox 3099 1467 3262 1524; x_wconf 86' lang='grc' dir='ltr'>τοῦτο</span> <span class='ocrx_word' id='word_1_306' title='bbox 3324 1467 3522 1542; x_wconf 76' lang='grc' dir='ltr'>μείζων</span> <span class='ocrx_word' id='word_1_307' title='bbox 3578 1469 3758 1540; x_wconf 85' lang='grc' dir='ltr'>τινὸς,</span> 
     </span>
    </p>
   </div>
   <div class='ocr_carea' id='block_1_39' title="bbox 2103 1554 3762 1633">
    <p class='ocr_par' dir='ltr' id='par_1_39' title="bbox 2103 1554 3762 1633">
     <span class='ocr_line' id='line_1_39' title="bbox 2103 1554 3762 1633; baseline 0.001 -23"><span class='ocrx_word' id='word_1_308' title='bbox 2103 1554 2192 1611; x_wconf 73' lang='grc' dir='ltr'>διὰ</span> <span class='ocrx_word' id='word_1_309' title='bbox 2219 1557 2280 1611; x_wconf 88' lang='grc' dir='ltr'>τὸ</span> <span class='ocrx_word' id='word_1_310' title='bbox 2313 1558 2520 1631; x_wconf 80' lang='grc' dir='ltr'>Πατέρα</span> <span class='ocrx_word' id='word_1_311' title='bbox 2556 1559 2631 1629; x_wconf 80' lang='grc' dir='ltr'>μὴ</span> <span class='ocrx_word' id='word_1_312' title='bbox 2665 1554 2832 1633; x_wconf 84' lang='grc' dir='ltr'>ἔχειν.</span> <span class='ocrx_word' id='word_1_313' title='bbox 2880 1555 3024 1614; x_wconf 68' lang='grc' dir='ltr'><strong>Οὐδὲ</strong></span> <span class='ocrx_word' id='word_1_314' title='bbox 3079 1558 3180 1633; x_wconf 73' lang='grc' dir='ltr'><strong>γὰρ</strong></span> <span class='ocrx_word' id='word_1_315' title='bbox 3241 1559 3269 1612; x_wconf 94' lang='lat'><strong>6</strong></span> <span class='ocrx_word' id='word_1_316' title='bbox 3329 1555 3510 1629; x_wconf 82' lang='grc' dir='ltr'>Ἀδὰμ.</span> <span class='ocrx_word' id='word_1_317' title='bbox 3549 1556 3762 1631; x_wconf 73' lang='grc' dir='ltr'>πατέρα</span> 
     </span>
    </p>
   </div>
   <div class='ocr_carea' id='block_1_40' title="bbox 2102 1643 3756 1721">
    <p class='ocr_par' dir='ltr' id='par_1_40' title="bbox 2102 1643 3756 1721">
     <span class='ocr_line' id='line_1_40' title="bbox 2102 1643 3756 1721; baseline 0.002 -22"><span class='ocrx_word' id='word_1_318' title='bbox 2102 1643 2277 1721; x_wconf 82' lang='grc' dir='ltr'>ἔσχεν,</span> <span class='ocrx_word' id='word_1_319' title='bbox 2311 1643 2431 1700; x_wconf 73' lang='grc' dir='ltr'>οὔτε</span> <span class='ocrx_word' id='word_1_320' title='bbox 2463 1649 2496 1714; x_wconf 80' lang='grc' dir='ltr'>ἡ</span> <span class='ocrx_word' id='word_1_321' title='bbox 2531 1646 2659 1701; x_wconf 80' lang='grc' dir='ltr'>Εὕα·</span> <span class='ocrx_word' id='word_1_322' title='bbox 2694 1645 2820 1700; x_wconf 85' lang='grc' dir='ltr'>ἀλλ’</span> <span class='ocrx_word' id='word_1_323' title='bbox 2853 1646 3006 1718; x_wconf 80' lang='grc' dir='ltr'>ὄμῶς</span> <span class='ocrx_word' id='word_1_324' title='bbox 3057 1646 3188 1700; x_wconf 82' lang='grc' dir='ltr'>εἰσὶν</span> <span class='ocrx_word' id='word_1_325' title='bbox 3248 1649 3382 1719; x_wconf 80' lang='grc' dir='ltr'>ἡμῖν</span> <span class='ocrx_word' id='word_1_326' title='bbox 3438 1647 3756 1719; x_wconf 75' lang='grc' dir='ltr'>ὁμοούσιοι.</span> 
     </span>
    </p>
   </div>
   <div class='ocr_carea' id='block_1_41' title="bbox 2103 1733 3757 1812">
    <p class='ocr_par' dir='ltr' id='par_1_41' title="bbox 2103 1733 3757 1812">
     <span class='ocr_line' id='line_1_41' title="bbox 2103 1733 3757 1812; baseline 0 -24"><span class='ocrx_word' id='word_1_327' title='bbox 2103 1740 2223 1795; x_wconf 83' lang='grc' dir='ltr'><strong>Πῶς</strong></span> <span class='ocrx_word' id='word_1_328' title='bbox 2249 1733 2306 1788; x_wconf 78' lang='grc' dir='ltr'>δὶ</span> <span class='ocrx_word' id='word_1_329' title='bbox 2329 1734 2439 1803; x_wconf 88' lang='grc' dir='ltr'>καὶ,</span> <span class='ocrx_word' id='word_1_330' title='bbox 2473 1736 2594 1808; x_wconf 87' lang='grc' dir='ltr'>περὶ</span> <span class='ocrx_word' id='word_1_331' title='bbox 2626 1735 2914 1808; x_wconf 76' lang='grc' dir='ltr'>ἀγεννήτου</span> <span class='ocrx_word' id='word_1_332' title='bbox 2957 1735 3044 1789; x_wconf 85' lang='grc' dir='ltr'><strong>καὶ</strong></span> <span class='ocrx_word' id='word_1_333' title='bbox 3094 1741 3356 1809; x_wconf 80' lang='grc' dir='ltr'>γεννητοῦ</span> <span class='ocrx_word' id='word_1_334' title='bbox 3406 1733 3757 1812; x_wconf 66' lang='grc' dir='ltr'>φιλοσοφῶν,</span> 
     </span>
    </p>
   </div>
   <div class='ocr_carea' id='block_1_42' title="bbox 2099 1822 3751 1899">
    <p class='ocr_par' dir='ltr' id='par_1_42' title="bbox 2099 1822 3751 1899">
     <span class='ocr_line' id='line_1_42' title="bbox 2099 1822 3751 1899; baseline 0.001 -23"><span class='ocrx_word' id='word_1_335' title='bbox 2099 1823 2280 1896; x_wconf 85' lang='grc' dir='ltr'>ὥσπερ</span> <span class='ocrx_word' id='word_1_336' title='bbox 2311 1822 2796 1896; x_wconf 81' lang='grc' dir='ltr'><strong>ἐπιλανθανόμενος</strong></span> <span class='ocrx_word' id='word_1_337' title='bbox 2831 1828 3028 1878; x_wconf 77' lang='grc' dir='ltr'>σαυτοῦ</span> <span class='ocrx_word' id='word_1_338' title='bbox 3079 1823 3348 1899; x_wconf 74' lang='grc' dir='ltr'><strong>ἐπήγαγες</strong></span> <span class='ocrx_word' id='word_1_339' title='bbox 3391 1823 3470 1878; x_wconf 87' lang='grc' dir='ltr'>τό·</span> <span class='ocrx_word' id='word_1_340' title='bbox 3523 1825 3584 1881; x_wconf 89' lang='grc' dir='ltr'>Ὁ</span> <span class='ocrx_word' id='word_1_341' title='bbox 3640 1830 3751 1878; x_wconf 76' lang='grc' dir='ltr'><strong>[Ια-</strong></span> 
     </span>
    </p>
   </div>
   <div class='ocr_carea' id='block_1_43' title="bbox 2096 1911 3756 1987">
    <p class='ocr_par' dir='ltr' id='par_1_43' title="bbox 2096 1911 3756 1987">
     <span class='ocr_line' id='line_1_43' title="bbox 2096 1911 3756 1987; baseline 0.001 -22"><span class='ocrx_word' id='word_1_342' title='bbox 2096 1913 2198 1984; x_wconf 78' lang='grc' dir='ltr'><strong>τήρ</strong></span> <span class='ocrx_word' id='word_1_343' title='bbox 2232 1913 2259 1965; x_wconf 88' lang='lat'><strong>6</strong></span> <span class='ocrx_word' id='word_1_344' title='bbox 2291 1912 2506 1985; x_wconf 75' lang='grc' dir='ltr'>πέμψας</span> <span class='ocrx_word' id='word_1_345' title='bbox 2542 1933 2607 1984; x_wconf 90' lang='grc' dir='ltr'><strong>με</strong></span> <span class='ocrx_word' id='word_1_346' title='bbox 2641 1912 2839 1984; x_wconf 82' lang='grc' dir='ltr'>μείζων</span> <span class='ocrx_word' id='word_1_347' title='bbox 2893 1911 2998 1984; x_wconf 78' lang='grc' dir='ltr'><strong>μού</strong></span> <span class='ocrx_word' id='word_1_348' title='bbox 3050 1912 3232 1980; x_wconf 74' lang='grc' dir='ltr'>έστινς</span> <span class='ocrx_word' id='word_1_349' title='bbox 3265 1937 3291 1962; x_wconf 82' lang='lat' dir='ltr'><strong>n</strong></span> <span class='ocrx_word' id='word_1_350' title='bbox 3344 1911 3491 1969; x_wconf 77' lang='grc' dir='ltr'>Ἔδει</span> <span class='ocrx_word' id='word_1_351' title='bbox 3540 1911 3643 1987; x_wconf 83' lang='grc' dir='ltr'><strong>γάρ</strong></span> <span class='ocrx_word' id='word_1_352' title='bbox 3694 1932 3756 1966; x_wconf 84' lang='grc' dir='ltr'><strong>σε</strong></span> 
     </span>
    </p>
   </div>
   <div class='ocr_carea' id='block_1_44' title="bbox 2100 1999 3752 2075">
    <p class='ocr_par' dir='ltr' id='par_1_44' title="bbox 2100 1999 3752 2075">
     <span class='ocr_line' id='line_1_44' title="bbox 2100 1999 3752 2075; baseline -0.001 -20"><span class='ocrx_word' id='word_1_353' title='bbox 2100 1999 2312 2071; x_wconf 73' lang='grc' dir='ltr'>μᾶλλον</span> <span class='ocrx_word' id='word_1_354' title='bbox 2374 1999 2547 2072; x_wconf 79' lang='grc' dir='ltr'>ἑαυτῴ</span> <span class='ocrx_word' id='word_1_355' title='bbox 2594 1999 3000 2063; x_wconf 77' lang='grc' dir='ltr'>ἀκολουθοῦντα</span> <span class='ocrx_word' id='word_1_356' title='bbox 3055 2001 3246 2056; x_wconf 66' lang='grc' dir='ltr'>εἷ’πεῖν·</span> <span class='ocrx_word' id='word_1_357' title='bbox 3298 2003 3359 2058; x_wconf 87' lang='grc' dir='ltr'>Ὁ</span> <span class='ocrx_word' id='word_1_358' title='bbox 3391 2001 3692 2075; x_wconf 85' lang='grc' dir='ltr'>ἀγέννητος</span> <span class='ocrx_word' id='word_1_359' title='bbox 3723 2001 3752 2054; x_wconf 97' lang='lat'><strong>6</strong></span> 
     </span>
    </p>
   </div>
   <div class='ocr_carea' id='block_1_45' title="bbox 2095 2088 3753 2165">
    <p class='ocr_par' dir='ltr' id='par_1_45' title="bbox 2095 2088 3753 2165">
     <span class='ocr_line' id='line_1_45' title="bbox 2095 2088 3753 2165; baseline 0.001 -23"><span class='ocrx_word' id='word_1_360' title='bbox 2095 2090 2312 2162; x_wconf 78' lang='grc' dir='ltr'>πέμψας</span> <span class='ocrx_word' id='word_1_361' title='bbox 2347 2110 2413 2162; x_wconf 75' lang='grc' dir='ltr'><strong>με</strong></span> <span class='ocrx_word' id='word_1_362' title='bbox 2474 2088 2671 2162; x_wconf 84' lang='grc' dir='ltr'>μείζων</span> <span class='ocrx_word' id='word_1_363' title='bbox 2737 2089 2840 2162; x_wconf 80' lang='grc' dir='ltr'>μού</span> <span class='ocrx_word' id='word_1_364' title='bbox 2895 2090 3056 2145; x_wconf 82' lang='grc' dir='ltr'>ἐστιν.</span> <span class='ocrx_word' id='word_1_365' title='bbox 3108 2089 3260 2147; x_wconf 80' lang='grc' dir='ltr'>Ἀλλ’</span> <span class='ocrx_word' id='word_1_366' title='bbox 3315 2089 3376 2144; x_wconf 82' lang='grc' dir='ltr'>οὐ</span> <span class='ocrx_word' id='word_1_367' title='bbox 3428 2091 3753 2165; x_wconf 78' lang='grc' dir='ltr'>γέγραπται’</span> 
     </span>
    </p>
   </div>
   <div class='ocr_carea' id='block_1_46' title="bbox 2097 2175 3754 2257">
    <p class='ocr_par' dir='ltr' id='par_1_46' title="bbox 2097 2175 3754 2257">
     <span class='ocr_line' id='line_1_46' title="bbox 2097 2175 3754 2257; baseline 0 -25"><span class='ocrx_word' id='word_1_368' title='bbox 2097 2175 2184 2232; x_wconf 80' lang='grc' dir='ltr'>διὰ</span> <span class='ocrx_word' id='word_1_369' title='bbox 2213 2182 2372 2232; x_wconf 91' lang='grc' dir='ltr'>τοῦτο</span> <span class='ocrx_word' id='word_1_370' title='bbox 2408 2178 2469 2234; x_wconf 79' lang='grc' dir='ltr'>οὐ</span> <span class='ocrx_word' id='word_1_371' title='bbox 2502 2177 2678 2252; x_wconf 81' lang='grc' dir='ltr'>λέγεις</span> <span class='ocrx_word' id='word_1_372' title='bbox 2708 2177 2912 2240; x_wconf 85' lang='grc' dir='ltr'>καλῶς.</span> <span class='ocrx_word' id='word_1_373' title='bbox 2950 2205 2976 2230; x_wconf 78' lang='grc' dir='ltr'><strong>ιι</strong></span> <span class='ocrx_word' id='word_1_374' title='bbox 3012 2181 3101 2248; x_wconf 75' lang='grc' dir='ltr'><strong>Μὴ</strong></span> <span class='ocrx_word' id='word_1_375' title='bbox 3153 2179 3377 2257; x_wconf 77' lang='grc' dir='ltr'>σοφίζου</span> <span class='ocrx_word' id='word_1_376' title='bbox 3425 2175 3635 2250; x_wconf 75' lang='grc' dir='ltr'>πολλὰ,</span> <span class='ocrx_word' id='word_1_377' title='bbox 3662 2177 3754 2232; x_wconf 70' lang='grc' dir='ltr'>’ἱνα</span> 
     </span>
    </p>
   </div>
   <div class='ocr_carea' id='block_1_47' title="bbox 2098 2264 3752 2344">
    <p class='ocr_par' dir='ltr' id='par_1_47' title="bbox 2098 2264 3752 2344">
     <span class='ocr_line' id='line_1_47' title="bbox 2098 2264 3752 2344; baseline -0.001 -24"><span class='ocrx_word' id='word_1_378' title='bbox 2098 2267 2173 2338; x_wconf 77' lang='grc' dir='ltr'>μὴ</span> <span class='ocrx_word' id='word_1_379' title='bbox 2206 2264 2502 2341; x_wconf 81' lang='grc' dir='ltr'>ἐκπλαγῇς.</span> <span class='ocrx_word' id='word_1_380' title='bbox 2538 2292 2564 2316; x_wconf 76' lang='grc' dir='ltr'><strong>η</strong></span> <span class='ocrx_word' id='word_1_381' title='bbox 2597 2266 2674 2323; x_wconf 77' lang='lat' dir='ltr'>O6</span> <span class='ocrx_word' id='word_1_382' title='bbox 2704 2267 2804 2341; x_wconf 72' lang='grc' dir='ltr'><strong>γὰρ</strong></span> <span class='ocrx_word' id='word_1_383' title='bbox 2837 2267 2884 2320; x_wconf 82' lang='grc' dir='ltr'>εἴ</span> <span class='ocrx_word' id='word_1_384' title='bbox 2915 2267 3220 2344; x_wconf 67' lang='grc' dir='ltr'>σοφώτερος</span> <span class='ocrx_word' id='word_1_385' title='bbox 3249 2271 3346 2322; x_wconf 84' lang='grc' dir='ltr'><strong>τοῦ</strong></span> <span class='ocrx_word' id='word_1_386' title='bbox 3377 2265 3603 2334; x_wconf 76' lang='grc' dir='ltr'>Δανιὴλ,</span> <span class='ocrx_word' id='word_1_387' title='bbox 3640 2268 3752 2338; x_wconf 74' lang='grc' dir='ltr'><strong>μή·</strong></span> 
     </span>
    </p>
   </div>
   <div class='ocr_carea' id='block_1_48' title="bbox 2089 2352 3749 2431">
    <p class='ocr_par' dir='ltr' id='par_1_48' title="bbox 2089 2352 3749 2431">
     <span class='ocr_line' id='line_1_48' title="bbox 2089 2352 3749 2431; baseline -0.001 -22"><span class='ocrx_word' id='word_1_388' title='bbox 2089 2376 2174 2409; x_wconf 91' lang='grc' dir='ltr'><strong>τοι</strong></span> <span class='ocrx_word' id='word_1_389' title='bbox 2200 2375 2259 2429; x_wconf 82' lang='grc' dir='ltr'><strong>γε</strong></span> <span class='ocrx_word' id='word_1_390' title='bbox 2300 2359 2398 2410; x_wconf 91' lang='grc' dir='ltr'><strong>τοῦ</strong></span> <span class='ocrx_word' id='word_1_391' title='bbox 2458 2354 2784 2428; x_wconf 75' lang='grc' dir='ltr'>[Ινεύματος,</span> <span class='ocrx_word' id='word_1_392' title='bbox 2840 2360 2937 2410; x_wconf 91' lang='grc' dir='ltr'><strong>τοῦ</strong></span> <span class='ocrx_word' id='word_1_393' title='bbox 2997 2355 3207 2431; x_wconf 80' lang='grc' dir='ltr'>Πατέρα</span> <span class='ocrx_word' id='word_1_394' title='bbox 3260 2357 3354 2429; x_wconf 79' lang='grc' dir='ltr'>μὶν</span> <span class='ocrx_word' id='word_1_395' title='bbox 3409 2352 3749 2424; x_wconf 73' lang='grc' dir='ltr'>διδάξαντος,</span> 
     </span>
    </p>
   </div>
   <div class='ocr_carea' id='block_1_49' title="bbox 2090 2440 2599 2516">
    <p class='ocr_par' dir='ltr' id='par_1_49' title="bbox 2090 2440 2599 2516">
     <span class='ocr_line' id='line_1_49' title="bbox 2090 2440 2599 2516; baseline 0.006 -20"><span class='ocrx_word' id='word_1_396' title='bbox 2090 2443 2382 2516; x_wconf 87' lang='grc' dir='ltr'>ἀγέννητον</span> <span class='ocrx_word' id='word_1_397' title='bbox 2409 2440 2466 2497; x_wconf 77' lang='grc' dir='ltr'><strong>δὲ</strong></span> <span class='ocrx_word' id='word_1_398' title='bbox 2501 2445 2576 2515; x_wconf 67' lang='grc' dir='ltr'><strong>μή</strong></span> <span class='ocrx_word' id='word_1_399' title='bbox 2589 2487 2599 2499; x_wconf 94' lang='grc'><strong>.</strong></span> 
     </span>
    </p>
   </div>
   <div class='ocr_carea' id='block_1_50' title="bbox 325 2533 3744 2619">
    <p class='ocr_par' dir='ltr' id='par_1_50' title="bbox 325 2533 3744 2619">
     <span class='ocr_line' id='line_1_50' title="bbox 325 2533 3744 2619; baseline -0.012 -11"><span class='ocrx_word' id='word_1_400' title='bbox 325 2553 434 2608; x_wconf 83' lang='lat' dir='ltr'><strong>Sed</strong></span> <span class='ocrx_word' id='word_1_401' title='bbox 469 2553 574 2608; x_wconf 89' lang='lat' dir='ltr'><strong>hoc</strong></span> <span class='ocrx_word' id='word_1_402' title='bbox 607 2549 886 2619; x_wconf 89' lang='lat' dir='ltr'><strong>scriptum</strong></span> <span class='ocrx_word' id='word_1_403' title='bbox 921 2559 1037 2598; x_wconf 90' lang='lat' dir='ltr'><strong>non</strong></span> <span class='ocrx_word' id='word_1_404' title='bbox 1064 2551 1171 2603; x_wconf 82' lang='lat' dir='ltr'><strong>est,</strong></span> <span class='ocrx_word' id='word_1_405' title='bbox 1204 2539 1448 2608; x_wconf 87' lang='lat' dir='ltr'><strong>ideoque</strong></span> <span class='ocrx_word' id='word_1_406' title='bbox 1480 2541 1632 2590; x_wconf 89' lang='lat' dir='ltr'><strong>recte</strong></span> <span class='ocrx_word' id='word_1_407' title='bbox 1666 2551 1778 2588; x_wconf 90' lang='lat' dir='ltr'><strong>non</strong></span> <span class='ocrx_word' id='word_1_408' title='bbox 1805 2535 1952 2588; x_wconf 89' lang='lat' dir='ltr'><strong>dicis</strong></span> <span class='ocrx_word' id='word_1_409' title='bbox 1983 2551 1996 2589; x_wconf 92' lang='lat'><strong>:</strong></span> <span class='ocrx_word' id='word_1_410' title='bbox 2034 2555 2062 2583; x_wconf 86' lang='lat'><strong>«</strong></span> <span class='ocrx_word' id='word_1_411' title='bbox 2084 2533 2209 2589; x_wconf 88' lang='lat' dir='ltr'><strong>Noli</strong></span> <span class='ocrx_word' id='word_1_412' title='bbox 2245 2534 2498 2588; x_wconf 72' lang='lat' dir='ltr'><strong>multum</strong></span> <span class='ocrx_word' id='word_1_413' title='bbox 2530 2541 2820 2605; x_wconf 54' lang='lat' dir='ltr'><strong>argutam,</strong></span> <span class='ocrx_word' id='word_1_414' title='bbox 2855 2536 3162 2604; x_wconf 59' lang='lat' dir='ltr'><strong>nequando</strong></span> <span class='ocrx_word' id='word_1_415' title='bbox 3194 2534 3594 2591; x_wconf 58' lang='grc' dir='ltr'><strong>οοηειθτηετίε</strong></span> <span class='ocrx_word' id='word_1_416' title='bbox 3624 2536 3670 2570; x_wconf 75' lang='grc' dir='ltr'>ει</span> <span class='ocrx_word' id='word_1_417' title='bbox 3716 2558 3744 2583; x_wconf 85' lang='lat'><strong>,,</strong></span> 
     </span>
    </p>
   </div>
   <div class='ocr_carea' id='block_1_51' title="bbox 325 2622 3740 2714">
    <p class='ocr_par' dir='ltr' id='par_1_51' title="bbox 325 2622 3740 2714">
     <span class='ocr_line' id='line_1_51' title="bbox 325 2622 3740 2714; baseline -0.006 -16"><span class='ocrx_word' id='word_1_418' title='bbox 325 2641 525 2714; x_wconf 83' lang='lat' dir='ltr'><strong>Neque</strong></span> <span class='ocrx_word' id='word_1_419' title='bbox 576 2640 731 2694; x_wconf 90' lang='lat' dir='ltr'><strong>enim</strong></span> <span class='ocrx_word' id='word_1_420' title='bbox 781 2651 842 2690; x_wconf 89' lang='lat' dir='ltr'><strong>es</strong></span> <span class='ocrx_word' id='word_1_421' title='bbox 889 2630 1208 2704; x_wconf 86' lang='lat' dir='ltr'><strong>sapientior</strong></span> <span class='ocrx_word' id='word_1_422' title='bbox 1253 2624 1510 2690; x_wconf 88' lang='lat' dir='ltr'><strong>Daniele,</strong></span> <span class='ocrx_word' id='word_1_423' title='bbox 1541 2624 1758 2679; x_wconf 89' lang='lat' dir='ltr'><strong>nedum</strong></span> <span class='ocrx_word' id='word_1_424' title='bbox 1807 2623 1935 2694; x_wconf 90' lang='lat' dir='ltr'><strong>ipso</strong></span> <span class='ocrx_word' id='word_1_425' title='bbox 1989 2622 2234 2694; x_wconf 88' lang='lat' dir='ltr'><strong>Spiritu,</strong></span> <span class='ocrx_word' id='word_1_426' title='bbox 2267 2623 2366 2694; x_wconf 87' lang='lat' dir='ltr'><strong>qui</strong></span> <span class='ocrx_word' id='word_1_427' title='bbox 2399 2626 2627 2677; x_wconf 86' lang='lat' dir='ltr'><strong>Patrem</strong></span> <span class='ocrx_word' id='word_1_428' title='bbox 2663 2624 2900 2692; x_wconf 91' lang='lat' dir='ltr'><strong>quidem</strong></span> <span class='ocrx_word' id='word_1_429' title='bbox 2935 2641 3038 2678; x_wconf 89' lang='lat' dir='ltr'><strong>nos</strong></span> <span class='ocrx_word' id='word_1_430' title='bbox 3070 2624 3284 2694; x_wconf 86' lang='lat' dir='ltr'><strong>docuit,</strong></span> <span class='ocrx_word' id='word_1_431' title='bbox 3319 2641 3434 2678; x_wconf 91' lang='lat' dir='ltr'><strong>non</strong></span> <span class='ocrx_word' id='word_1_432' title='bbox 3467 2625 3740 2696; x_wconf 85' lang='lat' dir='ltr'><strong>genitum</strong></span> 
     </span>
    </p>
   </div>
   <div class='ocr_carea' id='block_1_52' title="bbox 327 2740 876 2798">
    <p class='ocr_par' dir='ltr' id='par_1_52' title="bbox 327 2740 876 2798">
     <span class='ocr_line' id='line_1_52' title="bbox 327 2740 876 2798; baseline -0.015 -12"><span class='ocrx_word' id='word_1_433' title='bbox 327 2747 460 2786; x_wconf 91' lang='lat' dir='ltr'><strong>vero</strong></span> <span class='ocrx_word' id='word_1_434' title='bbox 491 2740 876 2798; x_wconf 82' lang='lat' dir='ltr'><strong>nequaquam.</strong></span> 
     </span>
    </p>
   </div>
   <div class='ocr_carea' id='block_1_53' title="bbox 394 2802 1970 2875">
    <p class='ocr_par' dir='ltr' id='par_1_53' title="bbox 394 2802 1970 2875">
     <span class='ocr_line' id='line_1_53' title="bbox 394 2802 1970 2875; baseline -0.015 0"><span class='ocrx_word' id='word_1_435' title='bbox 394 2820 448 2875; x_wconf 90' lang='lat'><strong>8.</strong></span> <span class='ocrx_word' id='word_1_436' title='bbox 489 2823 679 2874; x_wconf 81' lang='lat' dir='ltr'><strong>Anam.</strong></span> <span class='ocrx_word' id='word_1_437' title='bbox 739 2817 810 2869; x_wconf 88' lang='lat' dir='ltr'><strong>At</strong></span> <span class='ocrx_word' id='word_1_438' title='bbox 866 2811 914 2866; x_wconf 88' lang='lat' dir='ltr'><strong>si</strong></span> <span class='ocrx_word' id='word_1_439' title='bbox 977 2808 1128 2864; x_wconf 91' lang='lat' dir='ltr'><strong>mole</strong></span> <span class='ocrx_word' id='word_1_440' title='bbox 1183 2806 1353 2861; x_wconf 88' lang='lat' dir='ltr'><strong>Pater</strong></span> <span class='ocrx_word' id='word_1_441' title='bbox 1400 2807 1490 2858; x_wconf 89' lang='lat' dir='ltr'><strong>est</strong></span> <span class='ocrx_word' id='word_1_442' title='bbox 1547 2802 1751 2871; x_wconf 83' lang='lat' dir='ltr'><strong>major,</strong></span> <span class='ocrx_word' id='word_1_443' title='bbox 1812 2816 1970 2855; x_wconf 85' lang='lat' dir='ltr'><strong>com-</strong></span> 
     </span>
    </p>
   </div>
   <div class='ocr_carea' id='block_1_54' title="bbox 327 2890 1970 2980">
    <p class='ocr_par' dir='ltr' id='par_1_54' title="bbox 327 2890 1970 2980">
     <span class='ocr_line' id='line_1_54' title="bbox 327 2890 1970 2980; baseline -0.013 -18"><span class='ocrx_word' id='word_1_444' title='bbox 327 2908 550 2980; x_wconf 85' lang='lat' dir='ltr'><strong>positus</strong></span> <span class='ocrx_word' id='word_1_445' title='bbox 583 2904 754 2959; x_wconf 81' lang='lat' dir='ltr'><strong>fuerit</strong></span> <span class='ocrx_word' id='word_1_446' title='bbox 783 2902 907 2972; x_wconf 88' lang='lat' dir='ltr'><strong>ipse</strong></span> <span class='ocrx_word' id='word_1_447' title='bbox 957 2915 1070 2953; x_wconf 92' lang='lat' dir='ltr'><strong>non</strong></span> <span class='ocrx_word' id='word_1_448' title='bbox 1119 2898 1370 2967; x_wconf 79' lang='lat' dir='ltr'><strong>genitus,</strong></span> <span class='ocrx_word' id='word_1_449' title='bbox 1403 2891 1673 2980; x_wconf 85' lang='lat' dir='ltr'><strong>quamvis</strong></span> <span class='ocrx_word' id='word_1_450' title='bbox 1721 2890 1970 2960; x_wconf 84' lang='lat' dir='ltr'><strong>simplex</strong></span> 
     </span>
    </p>
   </div>
   <div class='ocr_carea' id='block_1_55' title="bbox 325 2979 1968 3065">
    <p class='ocr_par' dir='ltr' id='par_1_55' title="bbox 325 2979 1968 3065">
     <span class='ocr_line' id='line_1_55' title="bbox 325 2979 1968 3065; baseline -0.013 -13"><span class='ocrx_word' id='word_1_451' title='bbox 325 2979 400 3052; x_wconf 81' lang='lat' dir='ltr'><strong>sit</strong></span> <span class='ocrx_word' id='word_1_452' title='bbox 429 3013 496 3051; x_wconf 91' lang='lat' dir='ltr'><strong>ac</strong></span> <span class='ocrx_word' id='word_1_453' title='bbox 547 2997 745 3065; x_wconf 68' lang='lat' dir='ltr'><strong>figurae</strong></span> <span class='ocrx_word' id='word_1_454' title='bbox 798 3004 1036 3060; x_wconf 85' lang='lat' dir='ltr'><strong>expers:</strong></span> <span class='ocrx_word' id='word_1_455' title='bbox 1071 2984 1366 3055; x_wconf 83' lang='lat' dir='ltr'><strong>siquidem</strong></span> <span class='ocrx_word' id='word_1_456' title='bbox 1401 2979 1583 3034; x_wconf 82' lang='lat' dir='ltr'><strong>moles</strong></span> <span class='ocrx_word' id='word_1_457' title='bbox 1613 2986 1703 3033; x_wconf 89' lang='lat' dir='ltr'><strong>est</strong></span> <span class='ocrx_word' id='word_1_458' title='bbox 1735 2994 1968 3046; x_wconf 85' lang='lat' dir='ltr'><strong>compo-</strong></span> 
     </span>
    </p>
   </div>
   <div class='ocr_carea' id='block_1_56' title="bbox 328 3067 1969 3146">
    <p class='ocr_par' dir='ltr' id='par_1_56' title="bbox 328 3067 1969 3146">
     <span class='ocr_line' id='line_1_56' title="bbox 328 3067 1969 3146; baseline -0.013 -6"><span class='ocrx_word' id='word_1_459' title='bbox 328 3086 509 3140; x_wconf 87' lang='lat' dir='ltr'><strong>situm</strong></span> <span class='ocrx_word' id='word_1_460' title='bbox 543 3089 597 3137; x_wconf 87' lang='lat' dir='ltr'><strong>et</strong></span> <span class='ocrx_word' id='word_1_461' title='bbox 632 3080 934 3135; x_wconf 84' lang='lat' dir='ltr'><strong>dividuum</strong></span> <span class='ocrx_word' id='word_1_462' title='bbox 969 3074 1249 3146; x_wconf 85' lang='lat' dir='ltr'><strong>quiddam</strong></span> <span class='ocrx_word' id='word_1_463' title='bbox 1288 3068 1602 3140; x_wconf 88' lang='lat' dir='ltr'><strong>:quoniam</strong></span> <span class='ocrx_word' id='word_1_464' title='bbox 1631 3067 1825 3122; x_wconf 90' lang='lat' dir='ltr'><strong>omnis</strong></span> <span class='ocrx_word' id='word_1_465' title='bbox 1850 3083 1969 3120; x_wconf 88' lang='lat' dir='ltr'><strong>mo-</strong></span> 
     </span>
    </p>
   </div>
   <div class='ocr_carea' id='block_1_57' title="bbox 321 3154 1967 3240">
    <p class='ocr_par' dir='ltr' id='par_1_57' title="bbox 321 3154 1967 3240">
     <span class='ocr_line' id='line_1_57' title="bbox 321 3154 1967 3240; baseline -0.01 -16"><span class='ocrx_word' id='word_1_466' title='bbox 321 3172 405 3227; x_wconf 87' lang='lat' dir='ltr'><strong>les</strong></span> <span class='ocrx_word' id='word_1_467' title='bbox 435 3188 503 3226; x_wconf 86' lang='lat' dir='ltr'><strong>ex</strong></span> <span class='ocrx_word' id='word_1_468' title='bbox 535 3169 797 3240; x_wconf 71' lang='lat' dir='ltr'><strong>partibus</strong></span> <span class='ocrx_word' id='word_1_469' title='bbox 829 3168 1076 3229; x_wconf 90' lang='lat' dir='ltr'><strong>constat,</strong></span> <span class='ocrx_word' id='word_1_470' title='bbox 1108 3167 1166 3215; x_wconf 89' lang='lat' dir='ltr'><strong>et</strong></span> <span class='ocrx_word' id='word_1_471' title='bbox 1197 3159 1446 3231; x_wconf 89' lang='lat' dir='ltr'><strong>partium</strong></span> <span class='ocrx_word' id='word_1_472' title='bbox 1482 3154 1967 3227; x_wconf 89' lang='lat' dir='ltr'><strong>compositionem</strong></span> 
     </span>
    </p>
   </div>
   <div class='ocr_carea' id='block_1_58' title="bbox 319 3242 1966 3323">
    <p class='ocr_par' dir='ltr' id='par_1_58' title="bbox 319 3242 1966 3323">
     <span class='ocr_line' id='line_1_58' title="bbox 319 3242 1966 3323; baseline -0.01 -8"><span class='ocrx_word' id='word_1_473' title='bbox 319 3261 536 3314; x_wconf 88' lang='lat' dir='ltr'><strong>habet:</strong></span> <span class='ocrx_word' id='word_1_474' title='bbox 573 3256 725 3323; x_wconf 88' lang='lat' dir='ltr'><strong>quod</strong></span> <span class='ocrx_word' id='word_1_475' title='bbox 770 3256 838 3308; x_wconf 91' lang='lat' dir='ltr'><strong>de</strong></span> <span class='ocrx_word' id='word_1_476' title='bbox 889 3258 998 3306; x_wconf 91' lang='lat' dir='ltr'><strong>Deo</strong></span> <span class='ocrx_word' id='word_1_477' title='bbox 1049 3251 1239 3304; x_wconf 90' lang='lat' dir='ltr'><strong>dicere</strong></span> <span class='ocrx_word' id='word_1_478' title='bbox 1288 3245 1609 3300; x_wconf 89' lang='lat' dir='ltr'><strong>absurdum</strong></span> <span class='ocrx_word' id='word_1_479' title='bbox 1657 3251 1762 3298; x_wconf 86' lang='lat' dir='ltr'><strong>est.</strong></span> <span class='ocrx_word' id='word_1_480' title='bbox 1814 3242 1966 3298; x_wconf 82' lang='lat' dir='ltr'><strong>Orth.</strong></span> 
     </span>
    </p>
   </div>
   <div class='ocr_carea' id='block_1_59' title="bbox 2149 2795 3736 2874">
    <p class='ocr_par' dir='ltr' id='par_1_59' title="bbox 2149 2795 3736 2874">
     <span class='ocr_line' id='line_1_59' title="bbox 2149 2795 3736 2874; baseline -0.001 -21"><span class='ocrx_word' id='word_1_481' title='bbox 2149 2801 2201 2853; x_wconf 92' lang='lat'><strong>8.</strong></span> <span class='ocrx_word' id='word_1_482' title='bbox 2257 2797 2448 2868; x_wconf 90' lang='grc' dir='ltr'>Ἀνόμ.</span> <span class='ocrx_word' id='word_1_483' title='bbox 2527 2797 2590 2853; x_wconf 78' lang='lat' dir='ltr'><strong>Ei</strong></span> <span class='ocrx_word' id='word_1_484' title='bbox 2649 2795 2707 2853; x_wconf 69' lang='grc' dir='ltr'><strong>δὲ</strong></span> <span class='ocrx_word' id='word_1_485' title='bbox 2767 2800 2883 2853; x_wconf 70' lang='grc' dir='ltr'>κατ’</span> <span class='ocrx_word' id='word_1_486' title='bbox 2939 2796 3104 2873; x_wconf 90' lang='grc' dir='ltr'>ὄγκον</span> <span class='ocrx_word' id='word_1_487' title='bbox 3164 2799 3192 2853; x_wconf 91' lang='lat'><strong>6</strong></span> <span class='ocrx_word' id='word_1_488' title='bbox 3254 2801 3440 2874; x_wconf 78' lang='grc' dir='ltr'>Πατὴρ</span> <span class='ocrx_word' id='word_1_489' title='bbox 3503 2800 3736 2872; x_wconf 77' lang='grc' dir='ltr'>μείζων,</span> 
     </span>
    </p>
   </div>
   <div class='ocr_carea' id='block_1_60' title="bbox 2081 2885 3734 2963">
    <p class='ocr_par' dir='ltr' id='par_1_60' title="bbox 2081 2885 3734 2963">
     <span class='ocr_line' id='line_1_60' title="bbox 2081 2885 3734 2963; baseline 0.002 -24"><span class='ocrx_word' id='word_1_490' title='bbox 2081 2887 2325 2947; x_wconf 63' lang='grc' dir='ltr'>σόνθετος</span> <span class='ocrx_word' id='word_1_491' title='bbox 2384 2885 2529 2940; x_wconf 80' lang='grc' dir='ltr'>ἔσται</span> <span class='ocrx_word' id='word_1_492' title='bbox 2581 2889 2608 2941; x_wconf 90' lang='lat'><strong>6</strong></span> <span class='ocrx_word' id='word_1_493' title='bbox 2661 2888 2972 2961; x_wconf 85' lang='grc' dir='ltr'>ἀγέννητος.</span> <span class='ocrx_word' id='word_1_494' title='bbox 3024 2888 3215 2963; x_wconf 82' lang='grc' dir='ltr'>καίπερ</span> <span class='ocrx_word' id='word_1_495' title='bbox 3250 2886 3458 2950; x_wconf 78' lang='grc' dir='ltr'>ἁπλοῦς</span> <span class='ocrx_word' id='word_1_496' title='bbox 3511 2887 3585 2942; x_wconf 82' lang='grc' dir='ltr'>ὥν</span> <span class='ocrx_word' id='word_1_497' title='bbox 3639 2889 3734 2942; x_wconf 80' lang='grc' dir='ltr'><strong>καὶ</strong></span> 
     </span>
    </p>
   </div>
   <div class='ocr_carea' id='block_1_61' title="bbox 2079 2973 3736 3050">
    <p class='ocr_par' dir='ltr' id='par_1_61' title="bbox 2079 2973 3736 3050">
     <span class='ocr_line' id='line_1_61' title="bbox 2079 2973 3736 3050; baseline 0 -20"><span class='ocrx_word' id='word_1_498' title='bbox 2079 2976 2514 3050; x_wconf 76' lang='grc' dir='ltr'>ἀσχημάτιστος·</span> <span class='ocrx_word' id='word_1_499' title='bbox 2575 2975 2686 3050; x_wconf 57' lang='grc' dir='ltr'>ε’ίγε</span> <span class='ocrx_word' id='word_1_500' title='bbox 2745 2977 2773 3030; x_wconf 98' lang='lat'><strong>6</strong></span> <span class='ocrx_word' id='word_1_501' title='bbox 2831 2973 2992 3050; x_wconf 83' lang='grc' dir='ltr'>ὄγκος</span> <span class='ocrx_word' id='word_1_502' title='bbox 3051 2976 3295 3031; x_wconf 62' lang='grc' dir='ltr'>σύνθετον</span> <span class='ocrx_word' id='word_1_503' title='bbox 3337 2976 3426 3030; x_wconf 83' lang='grc' dir='ltr'><strong>καὶ</strong></span> <span class='ocrx_word' id='word_1_504' title='bbox 3457 2977 3736 3050; x_wconf 67' lang='grc' dir='ltr'>μεριστόν</span> 
     </span>
    </p>
   </div>
   <div class='ocr_carea' id='block_1_62' title="bbox 2077 3061 3740 3140">
    <p class='ocr_par' dir='ltr' id='par_1_62' title="bbox 2077 3061 3740 3140">
     <span class='ocr_line' id='line_1_62' title="bbox 2077 3061 3740 3140; baseline 0 -22"><span class='ocrx_word' id='word_1_505' title='bbox 2077 3071 2181 3126; x_wconf 80' lang='grc' dir='ltr'><strong>πᾶς</strong></span> <span class='ocrx_word' id='word_1_506' title='bbox 2239 3064 2338 3138; x_wconf 77' lang='grc' dir='ltr'><strong>γὰρ</strong></span> <span class='ocrx_word' id='word_1_507' title='bbox 2397 3061 2555 3137; x_wconf 85' lang='grc' dir='ltr'>ὄγκος</span> <span class='ocrx_word' id='word_1_508' title='bbox 2613 3063 2670 3118; x_wconf 76' lang='grc' dir='ltr'>ἐκ</span> <span class='ocrx_word' id='word_1_509' title='bbox 2732 3070 2908 3140; x_wconf 81' lang='grc' dir='ltr'>μερῶν</span> <span class='ocrx_word' id='word_1_510' title='bbox 2973 3065 3268 3140; x_wconf 79' lang='grc' dir='ltr'>σύγκειται,</span> <span class='ocrx_word' id='word_1_511' title='bbox 3345 3066 3434 3119; x_wconf 82' lang='grc' dir='ltr'><strong>καὶ</strong></span> <span class='ocrx_word' id='word_1_512' title='bbox 3487 3065 3740 3129; x_wconf 75' lang='grc' dir='ltr'>σύνθεσιν</span> 
     </span>
    </p>
   </div>
   <div class='ocr_carea' id='block_1_63' title="bbox 2081 3149 3735 3229">
    <p class='ocr_par' dir='ltr' id='par_1_63' title="bbox 2081 3149 3735 3229">
     <span class='ocr_line' id='line_1_63' title="bbox 2081 3149 3735 3229; baseline 0.001 -23"><span class='ocrx_word' id='word_1_513' title='bbox 2081 3157 2258 3225; x_wconf 90' lang='grc' dir='ltr'>μερῶν</span> <span class='ocrx_word' id='word_1_514' title='bbox 2293 3149 2428 3228; x_wconf 77' lang='grc' dir='ltr'>ἔχει’</span> <span class='ocrx_word' id='word_1_515' title='bbox 2473 3153 2603 3224; x_wconf 76' lang='grc' dir='ltr'>ὅπερ</span> <span class='ocrx_word' id='word_1_516' title='bbox 2637 3152 2724 3208; x_wconf 82' lang='grc' dir='ltr'><strong>ἐπὶ</strong></span> <span class='ocrx_word' id='word_1_517' title='bbox 2758 3158 2894 3209; x_wconf 73' lang='grc' dir='ltr'>Θεοῦ</span> <span class='ocrx_word' id='word_1_518' title='bbox 2926 3152 3068 3229; x_wconf 88' lang='grc' dir='ltr'>λέγει</span> <span class='ocrx_word' id='word_1_519' title='bbox 3121 3153 3344 3209; x_wconf 72' lang='grc' dir='ltr'>ἄτοπον.</span> <span class='ocrx_word' id='word_1_520' title='bbox 3408 3155 3556 3228; x_wconf 81' lang='grc' dir='ltr'>Ὀρθ.</span> <span class='ocrx_word' id='word_1_521' title='bbox 3611 3155 3735 3209; x_wconf 82' lang='grc' dir='ltr'><strong>Ἐπὶ</strong></span> 
     </span>
    </p>
   </div>
   <div class='ocr_carea' id='block_1_64' title="bbox 2078 3238 3738 3318">
    <p class='ocr_par' dir='ltr' id='par_1_64' title="bbox 2078 3238 3738 3318">
     <span class='ocr_line' id='line_1_64' title="bbox 2078 3238 3738 3318; baseline 0.002 -22"><span class='ocrx_word' id='word_1_522' title='bbox 2078 3246 2211 3296; x_wconf 88' lang='grc' dir='ltr'>Θεοῦ</span> <span class='ocrx_word' id='word_1_523' title='bbox 2243 3244 2354 3313; x_wconf 84' lang='grc'>(20)</span> <span class='ocrx_word' id='word_1_524' title='bbox 2404 3240 2582 3316; x_wconf 86' lang='grc' dir='ltr'>λέγειν</span> <span class='ocrx_word' id='word_1_525' title='bbox 2634 3243 2872 3296; x_wconf 62' lang='grc' dir='ltr'>σύνθεσιν</span> <span class='ocrx_word' id='word_1_526' title='bbox 2924 3242 3013 3296; x_wconf 84' lang='grc' dir='ltr'><strong>καὶ</strong></span> <span class='ocrx_word' id='word_1_527' title='bbox 3053 3238 3214 3318; x_wconf 87' lang='grc' dir='ltr'>ὄγκον</span> <span class='ocrx_word' id='word_1_528' title='bbox 3247 3243 3467 3309; x_wconf 77' lang='grc' dir='ltr'>ἄτοπον,</span> <span class='ocrx_word' id='word_1_529' title='bbox 3504 3243 3738 3313; x_wconf 87' lang='grc' dir='ltr'>ἀληθῶς</span> 
     </span>
    </p>
   </div>
   <div class='ocr_carea' id='block_1_65' title="bbox 319 3328 1973 3417">
    <p class='ocr_par' dir='ltr' id='par_1_65' title="bbox 319 3333 1959 3417">
     <span class='ocr_line' id='line_1_65' title="bbox 319 3333 1959 3417; baseline -0.012 -12"><span class='ocrx_word' id='word_1_530' title='bbox 319 3350 434 3406; x_wconf 92' lang='lat' dir='ltr'><strong>Deo</strong></span> <span class='ocrx_word' id='word_1_531' title='bbox 465 3343 948 3417; x_wconf 89' lang='lat' dir='ltr'><strong>compositionem</strong></span> <span class='ocrx_word' id='word_1_532' title='bbox 981 3345 1039 3395; x_wconf 85' lang='lat' dir='ltr'><strong>et</strong></span> <span class='ocrx_word' id='word_1_533' title='bbox 1079 3337 1288 3392; x_wconf 90' lang='lat' dir='ltr'><strong>molem</strong></span> <span class='ocrx_word' id='word_1_534' title='bbox 1340 3334 1597 3388; x_wconf 90' lang='lat' dir='ltr'><strong>tribuere</strong></span> <span class='ocrx_word' id='word_1_535' title='bbox 1639 3333 1959 3387; x_wconf 90' lang='lat' dir='ltr'><strong>absurdum</strong></span> 
     </span>
    </p>
   </div>
   <div class='ocr_carea' id='block_1_66' title="bbox 2086 3328 3735 3417">
    <p class='ocr_par' dir='ltr' id='par_1_66' title="bbox 2086 3328 3735 3406">
     <span class='ocr_line' id='line_1_66' title="bbox 2086 3328 3735 3406; baseline 0.002 -22"><span class='ocrx_word' id='word_1_536' title='bbox 2086 3328 2140 3399; x_wconf 67' lang='grc' dir='ltr'>Ξή</span> <span class='ocrx_word' id='word_1_537' title='bbox 2177 3332 2393 3385; x_wconf 80' lang='grc' dir='ltr'>ἄτοπον.</span> <span class='ocrx_word' id='word_1_538' title='bbox 2429 3332 2556 3392; x_wconf 87' lang='grc' dir='ltr'>Θεὸς</span> <span class='ocrx_word' id='word_1_539' title='bbox 2589 3329 2666 3394; x_wconf 79' lang='grc' dir='ltr'><strong>δὶ,</strong></span> <span class='ocrx_word' id='word_1_540' title='bbox 2699 3332 2793 3385; x_wconf 65' lang='grc' dir='ltr'><strong>κᾶν</strong></span> <span class='ocrx_word' id='word_1_541' title='bbox 2831 3333 2908 3404; x_wconf 73' lang='grc' dir='ltr'>μὴ</span> <span class='ocrx_word' id='word_1_542' title='bbox 2941 3330 3128 3406; x_wconf 82' lang='grc' dir='ltr'>θέλῃς,</span> <span class='ocrx_word' id='word_1_543' title='bbox 3163 3334 3191 3386; x_wconf 94' lang='lat'><strong>6</strong></span> <span class='ocrx_word' id='word_1_544' title='bbox 3241 3333 3388 3402; x_wconf 78' lang='grc' dir='ltr'>Υἱὸς,</span> <span class='ocrx_word' id='word_1_545' title='bbox 3439 3331 3735 3394; x_wconf 71' lang='grc' dir='ltr'>ἀσύνδετος</span> 
     </span>
    </p>
   </div>
   <div class='ocr_carea' id='block_1_67' title="bbox 317 3419 1966 3503">
    <p class='ocr_par' dir='ltr' id='par_1_67' title="bbox 317 3419 1966 3503">
     <span class='ocr_line' id='line_1_67' title="bbox 317 3419 1966 3503; baseline -0.013 -10"><span class='ocrx_word' id='word_1_546' title='bbox 317 3442 428 3500; x_wconf 84' lang='lat' dir='ltr'><strong>est,</strong></span> <span class='ocrx_word' id='word_1_547' title='bbox 472 3452 622 3500; x_wconf 88' lang='lat' dir='ltr'><strong>vere,</strong></span> <span class='ocrx_word' id='word_1_548' title='bbox 670 3433 936 3503; x_wconf 88' lang='lat' dir='ltr'><strong>inquam,</strong></span> <span class='ocrx_word' id='word_1_549' title='bbox 991 3426 1333 3482; x_wconf 85' lang='lat' dir='ltr'><strong>absurdum.</strong></span> <span class='ocrx_word' id='word_1_550' title='bbox 1385 3422 1481 3475; x_wconf 87' lang='lat' dir='ltr'><strong>Est</strong></span> <span class='ocrx_word' id='word_1_551' title='bbox 1534 3427 1727 3475; x_wconf 86' lang='lat' dir='ltr'><strong>autem</strong></span> <span class='ocrx_word' id='word_1_552' title='bbox 1791 3419 1966 3474; x_wconf 79' lang='lat' dir='ltr'><strong>Filius</strong></span> 
     </span>
    </p>
   </div>
   <div class='ocr_carea' id='block_1_68' title="bbox 318 3509 1965 3599">
    <p class='ocr_par' dir='ltr' id='par_1_68' title="bbox 318 3509 1965 3599">
     <span class='ocr_line' id='line_1_68' title="bbox 318 3509 1965 3599; baseline -0.012 -16"><span class='ocrx_word' id='word_1_553' title='bbox 318 3542 570 3599; x_wconf 91' lang='lat' dir='ltr'><strong>quoque,</strong></span> <span class='ocrx_word' id='word_1_554' title='bbox 625 3522 709 3578; x_wconf 77' lang='lat' dir='ltr'><strong>vel</strong></span> <span class='ocrx_word' id='word_1_555' title='bbox 760 3531 811 3575; x_wconf 86' lang='lat' dir='ltr'>Ie</span> <span class='ocrx_word' id='word_1_556' title='bbox 855 3518 1054 3585; x_wconf 89' lang='lat' dir='ltr'><strong>invito,</strong></span> <span class='ocrx_word' id='word_1_557' title='bbox 1092 3520 1240 3568; x_wconf 89' lang='lat' dir='ltr'><strong>Deus</strong></span> <span class='ocrx_word' id='word_1_558' title='bbox 1281 3529 1393 3566; x_wconf 91' lang='lat' dir='ltr'><strong>non</strong></span> <span class='ocrx_word' id='word_1_559' title='bbox 1437 3509 1820 3580; x_wconf 87' lang='lat' dir='ltr'><strong>compositus,</strong></span> <span class='ocrx_word' id='word_1_560' title='bbox 1865 3511 1965 3564; x_wconf 90' lang='lat' dir='ltr'><strong>sed</strong></span> 
     </span>
    </p>
   </div>
   <div class='ocr_carea' id='block_1_69' title="bbox 317 3598 1962 3686">
    <p class='ocr_par' dir='ltr' id='par_1_69' title="bbox 317 3598 1962 3686">
     <span class='ocr_line' id='line_1_69' title="bbox 317 3598 1962 3686; baseline -0.015 -15"><span class='ocrx_word' id='word_1_561' title='bbox 317 3598 565 3686; x_wconf 83' lang='lat' dir='ltr'><strong>simplex</strong></span> <span class='ocrx_word' id='word_1_562' title='bbox 595 3617 648 3667; x_wconf 87' lang='lat' dir='ltr'><strong>et</strong></span> <span class='ocrx_word' id='word_1_563' title='bbox 680 3623 884 3681; x_wconf 82' lang='lat' dir='ltr'><strong>expers</strong></span> <span class='ocrx_word' id='word_1_564' title='bbox 917 3607 1114 3677; x_wconf 74' lang='lat' dir='ltr'><strong>figuris</strong></span> <span class='ocrx_word' id='word_1_565' title='bbox 1162 3618 1173 3656; x_wconf 92' lang='lat'>:</span> <span class='ocrx_word' id='word_1_566' title='bbox 1223 3606 1287 3654; x_wconf 93' lang='lat' dir='ltr'><strong>ut</strong></span> <span class='ocrx_word' id='word_1_567' title='bbox 1333 3599 1653 3653; x_wconf 86' lang='lat' dir='ltr'><strong>absurdum</strong></span> <span class='ocrx_word' id='word_1_568' title='bbox 1701 3598 1777 3651; x_wconf 91' lang='lat' dir='ltr'><strong>sit</strong></span> <span class='ocrx_word' id='word_1_569' title='bbox 1805 3613 1962 3650; x_wconf 88' lang='lat' dir='ltr'><strong>com-</strong></span> 
     </span>
    </p>
   </div>
   <div class='ocr_carea' id='block_1_70' title="bbox 314 3687 1964 3778">
    <p class='ocr_par' dir='ltr' id='par_1_70' title="bbox 314 3687 1964 3778">
     <span class='ocr_line' id='line_1_70' title="bbox 314 3687 1964 3778; baseline -0.012 -18"><span class='ocrx_word' id='word_1_570' title='bbox 314 3704 663 3778; x_wconf 88' lang='lat' dir='ltr'><strong>positionem</strong></span> <span class='ocrx_word' id='word_1_571' title='bbox 709 3704 812 3754; x_wconf 90' lang='lat' dir='ltr'><strong>aut</strong></span> <span class='ocrx_word' id='word_1_572' title='bbox 842 3695 1054 3750; x_wconf 88' lang='lat' dir='ltr'><strong>molem</strong></span> <span class='ocrx_word' id='word_1_573' title='bbox 1089 3692 1197 3763; x_wconf 88' lang='lat' dir='ltr'><strong>ipsi</strong></span> <span class='ocrx_word' id='word_1_574' title='bbox 1232 3689 1567 3778; x_wconf 87' lang='lat' dir='ltr'><strong>attribuere.</strong></span> <span class='ocrx_word' id='word_1_575' title='bbox 1601 3687 1762 3778; x_wconf 83' lang='lat' dir='ltr'><strong>Quod</strong></span> <span class='ocrx_word' id='word_1_576' title='bbox 1809 3687 1857 3740; x_wconf 90' lang='lat' dir='ltr'><strong>si</strong></span> <span class='ocrx_word' id='word_1_577' title='bbox 1885 3687 1964 3741; x_wconf 90' lang='lat' dir='ltr'><strong>ita</strong></span> 
     </span>
    </p>
   </div>
   <div class='ocr_carea' id='block_1_71' title="bbox 318 3775 1960 3861">
    <p class='ocr_par' dir='ltr' id='par_1_71' title="bbox 318 3775 1960 3861">
     <span class='ocr_line' id='line_1_71' title="bbox 318 3775 1960 3861; baseline -0.013 -11"><span class='ocrx_word' id='word_1_578' title='bbox 318 3775 426 3860; x_wconf 80' lang='lat' dir='ltr'><strong>est,</strong></span> <span class='ocrx_word' id='word_1_579' title='bbox 460 3793 652 3861; x_wconf 78' lang='lat' dir='ltr'><strong>majus</strong></span> <span class='ocrx_word' id='word_1_580' title='bbox 685 3803 826 3844; x_wconf 84' lang='lat' dir='ltr'><strong>sane</strong></span> <span class='ocrx_word' id='word_1_581' title='bbox 854 3785 911 3838; x_wconf 92' lang='lat' dir='ltr'><strong>in</strong></span> <span class='ocrx_word' id='word_1_582' title='bbox 946 3783 1039 3837; x_wconf 87' lang='lat' dir='ltr'><strong>his</strong></span> <span class='ocrx_word' id='word_1_583' title='bbox 1072 3798 1185 3835; x_wconf 91' lang='lat' dir='ltr'><strong>non</strong></span> <span class='ocrx_word' id='word_1_584' title='bbox 1217 3777 1623 3848; x_wconf 79' lang='lat' dir='ltr'><strong>comperietur.</strong></span> <span class='ocrx_word' id='word_1_585' title='bbox 1651 3775 1779 3846; x_wconf 89' lang='lat' dir='ltr'><strong>Ipse</strong></span> <span class='ocrx_word' id='word_1_586' title='bbox 1808 3791 1960 3840; x_wconf 78' lang='lat' dir='ltr'><strong>Vrro,</strong></span> 
     </span>
    </p>
   </div>
   <div class='ocr_carea' id='block_1_72' title="bbox 320 3865 1961 3955">
    <p class='ocr_par' dir='ltr' id='par_1_72' title="bbox 320 3865 1961 3955">
     <span class='ocr_line' id='line_1_72' title="bbox 320 3865 1961 3955; baseline -0.012 -19"><span class='ocrx_word' id='word_1_587' title='bbox 320 3900 491 3955; x_wconf 67' lang='lat' dir='ltr'><strong>quem</strong></span> <span class='ocrx_word' id='word_1_588' title='bbox 531 3881 590 3934; x_wconf 92' lang='lat' dir='ltr'><strong>in</strong></span> <span class='ocrx_word' id='word_1_589' title='bbox 625 3878 888 3932; x_wconf 81' lang='lat' dir='ltr'><strong>confesso</strong></span> <span class='ocrx_word' id='word_1_590' title='bbox 919 3876 1010 3927; x_wconf 90' lang='lat' dir='ltr'><strong>est</strong></span> <span class='ocrx_word' id='word_1_591' title='bbox 1048 3867 1422 3940; x_wconf 86' lang='lat' dir='ltr'><strong>simplicitate</strong></span> <span class='ocrx_word' id='word_1_592' title='bbox 1465 3873 1518 3919; x_wconf 87' lang='lat' dir='ltr'><strong>et</strong></span> <span class='ocrx_word' id='word_1_593' title='bbox 1564 3880 1630 3918; x_wconf 89' lang='lat' dir='ltr'><strong>eo</strong></span> <span class='ocrx_word' id='word_1_594' title='bbox 1673 3865 1834 3955; x_wconf 86' lang='lat' dir='ltr'><strong>quod</strong></span> <span class='ocrx_word' id='word_1_595' title='bbox 1865 3881 1961 3918; x_wconf 86' lang='lat' dir='ltr'><strong>ne-</strong></span> 
     </span>
    </p>
   </div>
   <div class='ocr_carea' id='block_1_73' title="bbox 317 3953 1962 4045">
    <p class='ocr_par' dir='ltr' id='par_1_73' title="bbox 317 3953 1962 4045">
     <span class='ocr_line' id='line_1_73' title="bbox 317 3953 1962 4045; baseline -0.015 -16"><span class='ocrx_word' id='word_1_596' title='bbox 317 3953 428 4045; x_wconf 78' lang='lat' dir='ltr'><strong>que</strong></span> <span class='ocrx_word' id='word_1_597' title='bbox 458 3968 817 4039; x_wconf 85' lang='lat' dir='ltr'><strong>compositus</strong></span> <span class='ocrx_word' id='word_1_598' title='bbox 868 3968 978 4028; x_wconf 76' lang='lat' dir='ltr'><strong>est,</strong></span> <span class='ocrx_word' id='word_1_599' title='bbox 1013 3974 1197 4027; x_wconf 71' lang='lat' dir='ltr'><strong>neque</strong></span> <span class='ocrx_word' id='word_1_600' title='bbox 1239 3959 1484 4045; x_wconf 78' lang='lat' dir='ltr'><strong>ﬁguram</strong></span> <span class='ocrx_word' id='word_1_601' title='bbox 1535 3953 1962 4045; x_wconf 71' lang='lat' dir='ltr'><strong>habetdeitate</strong></span> 
     </span>
    </p>
   </div>
   <div class='ocr_carea' id='block_1_74' title="bbox 317 4041 1960 4131">
    <p class='ocr_par' dir='ltr' id='par_1_74' title="bbox 317 4041 1960 4131">
     <span class='ocr_line' id='line_1_74' title="bbox 317 4041 1960 4131; baseline -0.013 -15"><span class='ocrx_word' id='word_1_602' title='bbox 317 4041 569 4131; x_wconf 80' lang='lat' dir='ltr'><strong>denique</strong></span> <span class='ocrx_word' id='word_1_603' title='bbox 604 4057 754 4111; x_wconf 82' lang='lat' dir='ltr'><strong>Patri</strong></span> <span class='ocrx_word' id='word_1_604' title='bbox 799 4050 1082 4124; x_wconf 67' lang='lat' dir='ltr'><strong>aequalem</strong></span> <span class='ocrx_word' id='word_1_605' title='bbox 1126 4061 1293 4110; x_wconf 75' lang='lat' dir='ltr'><strong>esse;</strong></span> <span class='ocrx_word' id='word_1_606' title='bbox 1345 4044 1622 4131; x_wconf 85' lang='lat' dir='ltr'><strong>majorem</strong></span> <span class='ocrx_word' id='word_1_607' title='bbox 1671 4041 1808 4094; x_wconf 89' lang='lat' dir='ltr'><strong>dicit</strong></span> <span class='ocrx_word' id='word_1_608' title='bbox 1859 4042 1960 4095; x_wconf 84' lang='lat' dir='ltr'><strong>Pa-</strong></span> 
     </span>
    </p>
   </div>
   <div class='ocr_carea' id='block_1_75' title="bbox 313 4129 1958 4216">
    <p class='ocr_par' dir='ltr' id='par_1_75' title="bbox 313 4129 1958 4216">
     <span class='ocr_line' id='line_1_75' title="bbox 313 4129 1958 4216; baseline -0.014 -9"><span class='ocrx_word' id='word_1_609' title='bbox 313 4129 556 4214; x_wconf 16' lang='lat' dir='ltr'><strong>trem,ieo</strong></span> <span class='ocrx_word' id='word_1_610' title='bbox 587 4144 740 4216; x_wconf 89' lang='lat' dir='ltr'><strong>quod</strong></span> <span class='ocrx_word' id='word_1_611' title='bbox 766 4141 912 4196; x_wconf 86' lang='lat' dir='ltr'><strong>servi</strong></span> <span class='ocrx_word' id='word_1_612' title='bbox 948 4141 1197 4192; x_wconf 75' lang='lat' dir='ltr'><strong>formam</strong></span> <span class='ocrx_word' id='word_1_613' title='bbox 1231 4129 1702 4202; x_wconf 87' lang='lat' dir='ltr'><strong>assumpseril,et</strong></span> <span class='ocrx_word' id='word_1_614' title='bbox 1731 4132 1958 4184; x_wconf 84' lang='lat' dir='ltr'><strong>Patrem</strong></span> 
     </span>
    </p>
   </div>
   <div class='ocr_carea' id='block_1_76' title="bbox 312 4219 1959 4303">
    <p class='ocr_par' dir='ltr' id='par_1_76' title="bbox 312 4219 1959 4303">
     <span class='ocr_line' id='line_1_76' title="bbox 312 4219 1959 4303; baseline -0.015 -8"><span class='ocrx_word' id='word_1_615' title='bbox 312 4242 580 4295; x_wconf 88' lang='lat' dir='ltr'><strong>honorat.</strong></span> <span class='ocrx_word' id='word_1_616' title='bbox 613 4234 818 4303; x_wconf 90' lang='lat' dir='ltr'><strong>Itaque</strong></span> <span class='ocrx_word' id='word_1_617' title='bbox 848 4228 1019 4284; x_wconf 89' lang='lat' dir='ltr'><strong>audis</strong></span> <span class='ocrx_word' id='word_1_618' title='bbox 1045 4242 1178 4281; x_wconf 90' lang='lat' dir='ltr'><strong>eum</strong></span> <span class='ocrx_word' id='word_1_619' title='bbox 1206 4224 1498 4277; x_wconf 89' lang='lat' dir='ltr'><strong>dicentem</strong></span> <span class='ocrx_word' id='word_1_620' title='bbox 1525 4236 1536 4274; x_wconf 90' lang='lat'>:</span> <span class='ocrx_word' id='word_1_621' title='bbox 1569 4242 1588 4267; x_wconf 76' lang='grc' dir='ltr'><strong>ι</strong></span> <span class='ocrx_word' id='word_1_622' title='bbox 1638 4219 1959 4272; x_wconf 81' lang='lat' dir='ltr'><strong>Honoriﬁco</strong></span> 
     </span>
    </p>
   </div>
   <div class='ocr_carea' id='block_1_77' title="bbox 315 4307 1958 4388">
    <p class='ocr_par' dir='ltr' id='par_1_77' title="bbox 315 4307 1958 4388">
     <span class='ocr_line' id='line_1_77' title="bbox 315 4307 1958 4388; baseline -0.014 -4"><span class='ocrx_word' id='word_1_623' title='bbox 315 4331 560 4388; x_wconf 84' lang='lat' dir='ltr'><strong>Patrem,</strong></span> <span class='ocrx_word' id='word_1_624' title='bbox 593 4327 649 4377; x_wconf 93' lang='lat' dir='ltr'><strong>et</strong></span> <span class='ocrx_word' id='word_1_625' title='bbox 677 4336 779 4374; x_wconf 89' lang='lat' dir='ltr'><strong>vos</strong></span> <span class='ocrx_word' id='word_1_626' title='bbox 811 4313 1206 4372; x_wconf 91' lang='lat' dir='ltr'><strong>inhonorastis</strong></span> <span class='ocrx_word' id='word_1_627' title='bbox 1240 4327 1332 4365; x_wconf 92' lang='lat' dir='ltr'><strong>me</strong></span> <span class='ocrx_word' id='word_1_628' title='bbox 1361 4311 1407 4344; x_wconf 70' lang='grc'><strong>⁵³</strong></span> <span class='ocrx_word' id='word_1_629' title='bbox 1441 4325 1452 4362; x_wconf 94' lang='lat'>:</span> <span class='ocrx_word' id='word_1_630' title='bbox 1488 4327 1517 4360; x_wconf 74' lang='grc' dir='ltr'>ι</span> <span class='ocrx_word' id='word_1_631' title='bbox 1549 4313 1607 4362; x_wconf 91' lang='lat' dir='ltr'><strong>et</strong></span> <span class='ocrx_word' id='word_1_632' title='bbox 1637 4311 1806 4362; x_wconf 88' lang='lat' dir='ltr'><strong>Pater</strong></span> <span class='ocrx_word' id='word_1_633' title='bbox 1856 4307 1958 4362; x_wconf 84' lang='lat' dir='ltr'><strong>ho-</strong></span> 
     </span>
    </p>
   </div>
   <div class='ocr_carea' id='block_1_78' title="bbox 309 4394 1956 4478">
    <p class='ocr_par' dir='ltr' id='par_1_78' title="bbox 309 4394 1956 4478">
     <span class='ocr_line' id='line_1_78' title="bbox 309 4394 1956 4478; baseline -0.016 -4"><span class='ocrx_word' id='word_1_634' title='bbox 309 4420 478 4474; x_wconf 88' lang='lat' dir='ltr'><strong>norat</strong></span> <span class='ocrx_word' id='word_1_635' title='bbox 509 4412 740 4476; x_wconf 85' lang='lat' dir='ltr'><strong>Filium,</strong></span> <span class='ocrx_word' id='word_1_636' title='bbox 776 4421 948 4478; x_wconf 89' lang='lat' dir='ltr'><strong>quem</strong></span> <span class='ocrx_word' id='word_1_637' title='bbox 982 4402 1049 4458; x_wconf 89' lang='lat' dir='ltr'><strong>ad</strong></span> <span class='ocrx_word' id='word_1_638' title='bbox 1085 4402 1380 4456; x_wconf 81' lang='lat' dir='ltr'><strong>dexteram</strong></span> <span class='ocrx_word' id='word_1_639' title='bbox 1429 4410 1596 4451; x_wconf 89' lang='lat' dir='ltr'><strong>suam</strong></span> <span class='ocrx_word' id='word_1_640' title='bbox 1631 4394 1956 4462; x_wconf 86' lang='lat' dir='ltr'><strong>collocavit,</strong></span> 
     </span>
    </p>
   </div>
   <div class='ocr_carea' id='block_1_79' title="bbox 2076 3419 3788 3495">
    <p class='ocr_par' dir='ltr' id='par_1_79' title="bbox 2076 3419 3788 3495">
     <span class='ocr_line' id='line_1_79' title="bbox 2076 3419 3788 3495; baseline 0.003 -23"><span class='ocrx_word' id='word_1_641' title='bbox 2076 3420 2165 3472; x_wconf 80' lang='grc' dir='ltr'><strong>καὶ</strong></span> <span class='ocrx_word' id='word_1_642' title='bbox 2197 3419 2404 3480; x_wconf 83' lang='grc' dir='ltr'>ἁπλοῦς</span> <span class='ocrx_word' id='word_1_643' title='bbox 2457 3419 2546 3474; x_wconf 80' lang='grc' dir='ltr'><strong>καὶ</strong></span> <span class='ocrx_word' id='word_1_644' title='bbox 2593 3421 3005 3495; x_wconf 75' lang='grc' dir='ltr'>ἀσχημάτιστος</span> <span class='ocrx_word' id='word_1_645' title='bbox 3056 3420 3146 3474; x_wconf 84' lang='grc' dir='ltr'><strong>καὶ</strong></span> <span class='ocrx_word' id='word_1_646' title='bbox 3195 3419 3374 3483; x_wconf 74' lang='grc' dir='ltr'>αὐτός’</span> <span class='ocrx_word' id='word_1_647' title='bbox 3426 3421 3514 3475; x_wconf 83' lang='grc' dir='ltr'><strong>καὶ</strong></span> <span class='ocrx_word' id='word_1_648' title='bbox 3547 3423 3735 3486; x_wconf 63' lang='grc' dir='ltr'>σῦνθε-</span> <span class='ocrx_word' id='word_1_649' title='bbox 3769 3485 3788 3492; x_wconf 88' lang='lat'>_</span> 
     </span>
    </p>
   </div>
   <div class='ocr_carea' id='block_1_80' title="bbox 2077 3505 3729 3582">
    <p class='ocr_par' dir='ltr' id='par_1_80' title="bbox 2077 3505 3729 3582">
     <span class='ocr_line' id='line_1_80' title="bbox 2077 3505 3729 3582; baseline 0.004 -22"><span class='ocrx_word' id='word_1_650' title='bbox 2077 3528 2158 3560; x_wconf 93' lang='grc' dir='ltr'><strong>σιν</strong></span> <span class='ocrx_word' id='word_1_651' title='bbox 2193 3506 2369 3581; x_wconf 87' lang='grc' dir='ltr'>λέγειν</span> <span class='ocrx_word' id='word_1_652' title='bbox 2403 3508 2491 3562; x_wconf 84' lang='grc' dir='ltr'><strong>καὶ</strong></span> <span class='ocrx_word' id='word_1_653' title='bbox 2545 3505 2708 3582; x_wconf 81' lang='grc' dir='ltr'>ὄγκον</span> <span class='ocrx_word' id='word_1_654' title='bbox 2759 3507 2843 3562; x_wconf 81' lang='grc' dir='ltr'><strong>ἐπ’</strong></span> <span class='ocrx_word' id='word_1_655' title='bbox 2885 3507 3050 3562; x_wconf 83' lang='grc' dir='ltr'>αὐτοῦ</span> <span class='ocrx_word' id='word_1_656' title='bbox 3096 3509 3320 3566; x_wconf 71' lang='grc' dir='ltr'>ἄτοπον.</span> <span class='ocrx_word' id='word_1_657' title='bbox 3357 3509 3419 3566; x_wconf 87' lang='lat' dir='ltr'><strong>Ei</strong></span> <span class='ocrx_word' id='word_1_658' title='bbox 3453 3507 3511 3564; x_wconf 75' lang='grc' dir='ltr'><strong>δὲ</strong></span> <span class='ocrx_word' id='word_1_659' title='bbox 3538 3516 3729 3580; x_wconf 85' lang='grc' dir='ltr'>τοῦτο,</span> 
     </span>
    </p>
   </div>
   <div class='ocr_carea' id='block_1_81' title="bbox 2072 3595 3726 3672">
    <p class='ocr_par' dir='ltr' id='par_1_81' title="bbox 2072 3595 3726 3672">
     <span class='ocr_line' id='line_1_81' title="bbox 2072 3595 3726 3672; baseline 0.004 -24"><span class='ocrx_word' id='word_1_660' title='bbox 2072 3597 2134 3648; x_wconf 91' lang='lat'><strong>16</strong></span> <span class='ocrx_word' id='word_1_661' title='bbox 2169 3602 2352 3666; x_wconf 85' lang='grc' dir='ltr'>μεῖζον</span> <span class='ocrx_word' id='word_1_662' title='bbox 2386 3599 2487 3668; x_wconf 77' lang='grc' dir='ltr'>ἄρα</span> <span class='ocrx_word' id='word_1_663' title='bbox 2519 3597 2570 3651; x_wconf 85' lang='grc' dir='ltr'>ὲν</span> <span class='ocrx_word' id='word_1_664' title='bbox 2599 3595 2814 3659; x_wconf 69' lang='grc' dir='ltr'>τούτοις</span> <span class='ocrx_word' id='word_1_665' title='bbox 2847 3597 2953 3672; x_wconf 84' lang='grc' dir='ltr'>οὐχ</span> <span class='ocrx_word' id='word_1_666' title='bbox 2983 3598 3352 3672; x_wconf 78' lang='grc' dir='ltr'>εὑρεθήσεται.</span> <span class='ocrx_word' id='word_1_667' title='bbox 3395 3599 3481 3652; x_wconf 88' lang='grc' dir='ltr'><strong>Ἐν</strong></span> <span class='ocrx_word' id='word_1_668' title='bbox 3534 3597 3593 3653; x_wconf 73' lang='grc' dir='ltr'><strong>δὲ</strong></span> <span class='ocrx_word' id='word_1_669' title='bbox 3644 3605 3726 3671; x_wconf 81' lang='grc' dir='ltr'>τῷ</span> 
     </span>
    </p>
   </div>
   <div class='ocr_carea' id='block_1_82' title="bbox 2075 3683 3727 3761">
    <p class='ocr_par' dir='ltr' id='par_1_82' title="bbox 2075 3683 3727 3761">
     <span class='ocr_line' id='line_1_82' title="bbox 2075 3683 3727 3761; baseline 0.005 -26"><span class='ocrx_word' id='word_1_670' title='bbox 2075 3683 2234 3753; x_wconf 84' lang='grc' dir='ltr'>ἁπΛῷ</span> <span class='ocrx_word' id='word_1_671' title='bbox 2279 3684 2368 3738; x_wconf 81' lang='grc' dir='ltr'><strong>καὶ</strong></span> <span class='ocrx_word' id='word_1_672' title='bbox 2413 3684 2683 3757; x_wconf 84' lang='grc' dir='ltr'>ἀσυνθέτῳ</span> <span class='ocrx_word' id='word_1_673' title='bbox 2730 3686 2818 3740; x_wconf 78' lang='grc' dir='ltr'><strong>καὶ</strong></span> <span class='ocrx_word' id='word_1_674' title='bbox 2869 3685 3267 3761; x_wconf 82' lang='grc' dir='ltr'>ἀσχηματίστῳ</span> <span class='ocrx_word' id='word_1_675' title='bbox 3311 3687 3398 3740; x_wconf 78' lang='grc' dir='ltr'><strong>καὶ</strong></span> <span class='ocrx_word' id='word_1_676' title='bbox 3443 3687 3572 3759; x_wconf 78' lang='grc' dir='ltr'>θείῳ</span> <span class='ocrx_word' id='word_1_677' title='bbox 3607 3688 3727 3751; x_wconf 65' lang='grc' dir='ltr'>ἴσος</span> 
     </span>
    </p>
   </div>
   <div class='ocr_carea' id='block_1_83' title="bbox 2072 3771 3727 3852">
    <p class='ocr_par' dir='ltr' id='par_1_83' title="bbox 2072 3771 3727 3852">
     <span class='ocr_line' id='line_1_83' title="bbox 2072 3771 3727 3852; baseline 0.005 -28"><span class='ocrx_word' id='word_1_678' title='bbox 2072 3771 2467 3846; x_wconf 75' lang='grc' dir='ltr'>ὁμολογηθεὶς,</span> <span class='ocrx_word' id='word_1_679' title='bbox 2503 3772 2721 3846; x_wconf 76' lang='grc' dir='ltr'>μείζονα</span> <span class='ocrx_word' id='word_1_680' title='bbox 2749 3775 2844 3829; x_wconf 78' lang='grc' dir='ltr'><strong>τὸν</strong></span> <span class='ocrx_word' id='word_1_681' title='bbox 2877 3775 3088 3849; x_wconf 79' lang='grc' dir='ltr'>Πατέρα</span> <span class='ocrx_word' id='word_1_682' title='bbox 3119 3774 3284 3849; x_wconf 83' lang='grc' dir='ltr'>λέγει,</span> <span class='ocrx_word' id='word_1_683' title='bbox 3320 3778 3536 3852; x_wconf 65' lang='grc' dir='ltr'>μορφὴν</span> <span class='ocrx_word' id='word_1_684' title='bbox 3600 3775 3727 3833; x_wconf 64' lang='grc' dir='ltr'>δού-</span> 
     </span>
    </p>
   </div>
   <div class='ocr_carea' id='block_1_84' title="bbox 2073 3857 3723 3938">
    <p class='ocr_par' dir='ltr' id='par_1_84' title="bbox 2073 3857 3723 3938">
     <span class='ocr_line' id='line_1_84' title="bbox 2073 3857 3723 3938; baseline 0.004 -25"><span class='ocrx_word' id='word_1_685' title='bbox 2073 3857 2174 3914; x_wconf 83' lang='grc' dir='ltr'><strong>λου</strong></span> <span class='ocrx_word' id='word_1_686' title='bbox 2207 3857 2410 3930; x_wconf 80' lang='grc' dir='ltr'>λαϐὼν,</span> <span class='ocrx_word' id='word_1_687' title='bbox 2443 3863 2531 3916; x_wconf 81' lang='grc' dir='ltr'><strong>καὶ</strong></span> <span class='ocrx_word' id='word_1_688' title='bbox 2561 3869 2736 3935; x_wconf 80' lang='grc' dir='ltr'>τιμῶν</span> <span class='ocrx_word' id='word_1_689' title='bbox 2775 3865 2866 3917; x_wconf 79' lang='grc' dir='ltr'><strong>τὸν</strong></span> <span class='ocrx_word' id='word_1_690' title='bbox 2918 3865 3110 3918; x_wconf 69' lang='grc' dir='ltr'>ἑαυτοῦ</span> <span class='ocrx_word' id='word_1_691' title='bbox 3178 3865 3406 3938; x_wconf 77' lang='grc' dir='ltr'>Πατέρα.</span> <span class='ocrx_word' id='word_1_692' title='bbox 3471 3866 3723 3930; x_wconf 68' lang='grc' dir='ltr'>Ἀκούεις</span> 
     </span>
    </p>
   </div>
   <div class='ocr_carea' id='block_1_85' title="bbox 2071 3949 3720 4027">
    <p class='ocr_par' dir='ltr' id='par_1_85' title="bbox 2071 3949 3720 4027">
     <span class='ocr_line' id='line_1_85' title="bbox 2071 3949 3720 4027; baseline 0.006 -26"><span class='ocrx_word' id='word_1_693' title='bbox 2071 3954 2198 4022; x_wconf 90' lang='grc' dir='ltr'>γοῦν</span> <span class='ocrx_word' id='word_1_694' title='bbox 2234 3950 2398 4004; x_wconf 80' lang='grc' dir='ltr'>αὐτοῦ</span> <span class='ocrx_word' id='word_1_695' title='bbox 2429 3949 2704 4027; x_wconf 88' lang='grc' dir='ltr'>λέγοντος·</span> <span class='ocrx_word' id='word_1_696' title='bbox 2740 3977 2766 4002; x_wconf 93' lang='grc'><strong>‹‹</strong></span> <span class='ocrx_word' id='word_1_697' title='bbox 2803 3950 2958 4007; x_wconf 84' lang='grc' dir='ltr'>Ἀλλ’</span> <span class='ocrx_word' id='word_1_698' title='bbox 2991 3951 3100 4026; x_wconf 85' lang='grc' dir='ltr'><strong>ἐγὼ</strong></span> <span class='ocrx_word' id='word_1_699' title='bbox 3133 3955 3245 4026; x_wconf 84' lang='grc'>(21)</span> <span class='ocrx_word' id='word_1_700' title='bbox 3271 3957 3419 4024; x_wconf 84' lang='grc' dir='ltr'>τιμῶ</span> <span class='ocrx_word' id='word_1_701' title='bbox 3467 3953 3560 4007; x_wconf 86' lang='grc' dir='ltr'><strong>τὸν</strong></span> <span class='ocrx_word' id='word_1_702' title='bbox 3609 3960 3720 4010; x_wconf 79' lang='lat' dir='ltr'><strong>lla-</strong></span> 
     </span>
    </p>
   </div>
   <div class='ocr_carea' id='block_1_86' title="bbox 2068 4037 3724 4117">
    <p class='ocr_par' dir='ltr' id='par_1_86' title="bbox 2068 4037 3724 4117">
     <span class='ocr_line' id='line_1_86' title="bbox 2068 4037 3724 4117; baseline 0.004 -27"><span class='ocrx_word' id='word_1_703' title='bbox 2068 4039 2214 4111; x_wconf 74' lang='grc' dir='ltr'>τέρα,</span> <span class='ocrx_word' id='word_1_704' title='bbox 2251 4039 2402 4109; x_wconf 81' lang='grc' dir='ltr'>ὑμεῖς</span> <span class='ocrx_word' id='word_1_705' title='bbox 2437 4037 2494 4092; x_wconf 65' lang='grc' dir='ltr'><strong>δὲ</strong></span> <span class='ocrx_word' id='word_1_706' title='bbox 2545 4039 2830 4111; x_wconf 79' lang='grc' dir='ltr'>ἀτιμάζετέ</span> <span class='ocrx_word' id='word_1_707' title='bbox 2894 4060 2979 4110; x_wconf 86' lang='grc' dir='ltr'>με·</span> <span class='ocrx_word' id='word_1_708' title='bbox 3045 4066 3070 4091; x_wconf 87' lang='grc'><strong>››</strong></span> <span class='ocrx_word' id='word_1_709' title='bbox 3112 4041 3222 4108; x_wconf 83' lang='grc' dir='ltr'>καὶ,</span> <span class='ocrx_word' id='word_1_710' title='bbox 3281 4047 3334 4094; x_wconf 82' lang='lat'><strong>‘0</strong></span> <span class='ocrx_word' id='word_1_711' title='bbox 3368 4044 3554 4117; x_wconf 74' lang='grc' dir='ltr'>Πατὴρ</span> <span class='ocrx_word' id='word_1_712' title='bbox 3582 4050 3724 4116; x_wconf 76' lang='grc' dir='ltr'>τιμᾷ</span> 
     </span>
    </p>
   </div>
   <div class='ocr_carea' id='block_1_87' title="bbox 2066 4128 3718 4198">
    <p class='ocr_par' dir='ltr' id='par_1_87' title="bbox 2066 4128 3718 4198">
     <span class='ocr_line' id='line_1_87' title="bbox 2066 4128 3718 4198; baseline 0.004 -18"><span class='ocrx_word' id='word_1_713' title='bbox 2066 4128 2157 4180; x_wconf 84' lang='grc' dir='ltr'>τὸν</span> <span class='ocrx_word' id='word_1_714' title='bbox 2189 4128 2331 4194; x_wconf 76' lang='grc' dir='ltr'>Υἱὸν,</span> <span class='ocrx_word' id='word_1_715' title='bbox 2363 4128 2584 4191; x_wconf 81' lang='grc' dir='ltr'>καθίσας</span> <span class='ocrx_word' id='word_1_716' title='bbox 2615 4129 2774 4183; x_wconf 70' lang='grc' dir='ltr'>αὐτὸν</span> <span class='ocrx_word' id='word_1_717' title='bbox 2805 4129 2863 4183; x_wconf 85' lang='grc' dir='ltr'>ἐκ</span> <span class='ocrx_word' id='word_1_718' title='bbox 2900 4128 3109 4198; x_wconf 79' lang='grc' dir='ltr'>δεξιῶν,</span> <span class='ocrx_word' id='word_1_719' title='bbox 3148 4130 3236 4184; x_wconf 79' lang='grc' dir='ltr'><strong>καὶ</strong></span> <span class='ocrx_word' id='word_1_720' title='bbox 3287 4131 3490 4192; x_wconf 80' lang='grc' dir='ltr'>πάντας</span> <span class='ocrx_word' id='word_1_721' title='bbox 3539 4131 3718 4188; x_wconf 80' lang='grc' dir='ltr'>ἕλκων</span> 
     </span>
    </p>
   </div>
   <div class='ocr_carea' id='block_1_88' title="bbox 2067 4215 3722 4297">
    <p class='ocr_par' dir='ltr' id='par_1_88' title="bbox 2067 4215 3722 4297">
     <span class='ocr_line' id='line_1_88' title="bbox 2067 4215 3722 4297; baseline 0.005 -29"><span class='ocrx_word' id='word_1_722' title='bbox 2067 4215 2200 4290; x_wconf 82' lang='grc' dir='ltr'>πρὸς</span> <span class='ocrx_word' id='word_1_723' title='bbox 2233 4215 2410 4273; x_wconf 82' lang='grc' dir='ltr'>αὐτόν.</span> <span class='ocrx_word' id='word_1_724' title='bbox 2473 4217 2622 4293; x_wconf 80' lang='grc' dir='ltr'>Λέγει</span> <span class='ocrx_word' id='word_1_725' title='bbox 2681 4219 2781 4294; x_wconf 71' lang='grc' dir='ltr'><strong>γὰρ</strong></span> <span class='ocrx_word' id='word_1_726' title='bbox 2823 4219 2979 4280; x_wconf 82' lang='grc' dir='ltr'>αὐτὸς</span> <span class='ocrx_word' id='word_1_727' title='bbox 3031 4221 3059 4274; x_wconf 89' lang='lat'><strong>6</strong></span> <span class='ocrx_word' id='word_1_728' title='bbox 3103 4219 3246 4281; x_wconf 67' lang='grc' dir='ltr'>Υἱός·</span> <span class='ocrx_word' id='word_1_729' title='bbox 3283 4244 3312 4273; x_wconf 88' lang='grc'><em>‹‹</em></span> <span class='ocrx_word' id='word_1_730' title='bbox 3338 4218 3529 4282; x_wconf 74' lang='grc' dir='ltr'>Οὐδεὶς</span> <span class='ocrx_word' id='word_1_731' title='bbox 3559 4220 3722 4297; x_wconf 78' lang='grc' dir='ltr'>ἔρχε-</span> 
     </span>
    </p>
   </div>
   <div class='ocr_carea' id='block_1_89' title="bbox 2063 4306 3720 4385">
    <p class='ocr_par' dir='ltr' id='par_1_89' title="bbox 2063 4306 3720 4385">
     <span class='ocr_line' id='line_1_89' title="bbox 2063 4306 3720 4385; baseline 0.005 -26"><span class='ocrx_word' id='word_1_732' title='bbox 2063 4326 2150 4360; x_wconf 87' lang='grc' dir='ltr'><strong>ται</strong></span> <span class='ocrx_word' id='word_1_733' title='bbox 2182 4307 2316 4379; x_wconf 84' lang='grc' dir='ltr'>πρὸς</span> <span class='ocrx_word' id='word_1_734' title='bbox 2354 4310 2438 4379; x_wconf 75' lang='grc' dir='ltr'>μὲ,</span> <span class='ocrx_word' id='word_1_735' title='bbox 2473 4306 2560 4362; x_wconf 76' lang='grc' dir='ltr'><strong>ἐὰν</strong></span> <span class='ocrx_word' id='word_1_736' title='bbox 2594 4310 2668 4380; x_wconf 86' lang='grc' dir='ltr'><strong>μή</strong></span> <span class='ocrx_word' id='word_1_737' title='bbox 2704 4311 2732 4364; x_wconf 89' lang='lat'><strong>6</strong></span> <span class='ocrx_word' id='word_1_738' title='bbox 2768 4310 2951 4383; x_wconf 75' lang='grc' dir='ltr'>Πατήρ</span> <span class='ocrx_word' id='word_1_739' title='bbox 2987 4310 3015 4362; x_wconf 92' lang='lat'><strong>6</strong></span> <span class='ocrx_word' id='word_1_740' title='bbox 3043 4309 3294 4383; x_wconf 81' lang='grc' dir='ltr'>οὐράνιος</span> <span class='ocrx_word' id='word_1_741' title='bbox 3326 4309 3526 4385; x_wconf 77' lang='grc' dir='ltr'>ἐλκύσῃ</span> <span class='ocrx_word' id='word_1_742' title='bbox 3554 4311 3720 4367; x_wconf 85' lang='grc' dir='ltr'>αὐτὸν</span> 
     </span>
    </p>
   </div>
   <div class='ocr_carea' id='block_1_90' title="bbox 2067 4395 2384 4468">
    <p class='ocr_par' dir='ltr' id='par_1_90' title="bbox 2067 4395 2384 4468">
     <span class='ocr_line' id='line_1_90' title="bbox 2067 4395 2384 4468; baseline 0 -22"><span class='ocrx_word' id='word_1_743' title='bbox 2067 4395 2203 4468; x_wconf 83' lang='grc' dir='ltr'>πρὸς</span> <span class='ocrx_word' id='word_1_744' title='bbox 2241 4396 2323 4467; x_wconf 87' lang='grc' dir='ltr'><strong>μέ.</strong></span> <span class='ocrx_word' id='word_1_745' title='bbox 2365 4421 2384 4446; x_wconf 77' lang='grc'><strong>1</strong></span> 
     </span>
    </p>
   </div>
   <div class='ocr_carea' id='block_1_91' title="bbox 306 4483 3716 4572">
    <p class='ocr_par' dir='ltr' id='par_1_91' title="bbox 306 4483 3716 4572">
     <span class='ocr_line' id='line_1_91' title="bbox 306 4483 3716 4572; baseline -0.005 -9"><span class='ocrx_word' id='word_1_746' title='bbox 306 4513 362 4563; x_wconf 82' lang='lat' dir='ltr'><strong>et</strong></span> <span class='ocrx_word' id='word_1_747' title='bbox 413 4507 481 4561; x_wconf 82' lang='lat' dir='ltr'><strong>ad</strong></span> <span class='ocrx_word' id='word_1_748' title='bbox 537 4514 707 4572; x_wconf 91' lang='lat' dir='ltr'><strong>quem</strong></span> <span class='ocrx_word' id='word_1_749' title='bbox 757 4510 963 4551; x_wconf 85' lang='lat' dir='ltr'><strong>omnes</strong></span> <span class='ocrx_word' id='word_1_750' title='bbox 993 4490 1189 4546; x_wconf 88' lang='lat' dir='ltr'><strong>trahit.</strong></span> <span class='ocrx_word' id='word_1_751' title='bbox 1229 4487 1373 4542; x_wconf 83' lang='lat' dir='ltr'><strong>Dicit</strong></span> <span class='ocrx_word' id='word_1_752' title='bbox 1402 4485 1554 4540; x_wconf 90' lang='lat' dir='ltr'><strong>enim</strong></span> <span class='ocrx_word' id='word_1_753' title='bbox 1593 4483 1773 4538; x_wconf 86' lang='lat' dir='ltr'><strong>Filius</strong></span> <span class='ocrx_word' id='word_1_754' title='bbox 1808 4501 1820 4538; x_wconf 93' lang='lat'><strong>:</strong></span> <span class='ocrx_word' id='word_1_755' title='bbox 1853 4505 1882 4533; x_wconf 88' lang='grc'><strong>‹‹</strong></span> <span class='ocrx_word' id='word_1_756' title='bbox 1913 4483 2094 4540; x_wconf 89' lang='lat' dir='ltr'><strong>Nemo</strong></span> <span class='ocrx_word' id='word_1_757' title='bbox 2123 4487 2277 4540; x_wconf 88' lang='lat' dir='ltr'><strong>venit</strong></span> <span class='ocrx_word' id='word_1_758' title='bbox 2308 4487 2378 4540; x_wconf 81' lang='lat' dir='ltr'><strong>ad</strong></span> <span class='ocrx_word' id='word_1_759' title='bbox 2432 4503 2523 4541; x_wconf 90' lang='lat' dir='ltr'><strong>me</strong></span> <span class='ocrx_word' id='word_1_760' title='bbox 2586 4489 2698 4542; x_wconf 90' lang='lat' dir='ltr'><strong>nisi</strong></span> <span class='ocrx_word' id='word_1_761' title='bbox 2748 4489 2910 4544; x_wconf 88' lang='lat' dir='ltr'><strong>Pater</strong></span> <span class='ocrx_word' id='word_1_762' title='bbox 2959 4503 3125 4544; x_wconf 85' lang='lat' dir='ltr'><strong>meus</strong></span> <span class='ocrx_word' id='word_1_763' title='bbox 3170 4489 3413 4545; x_wconf 85' lang='lat' dir='ltr'><strong>traxerit</strong></span> <span class='ocrx_word' id='word_1_764' title='bbox 3459 4506 3596 4546; x_wconf 90' lang='lat' dir='ltr'><strong>eum</strong></span> <span class='ocrx_word' id='word_1_765' title='bbox 3643 4495 3716 4547; x_wconf 88' lang='lat' dir='ltr'><strong>ad</strong></span> 
     </span>
    </p>
   </div>
   <div class='ocr_carea' id='block_1_92' title="bbox 307 4597 547 4654">
    <p class='ocr_par' dir='ltr' id='par_1_92' title="bbox 307 4597 547 4654">
     <span class='ocr_line' id='line_1_92' title="bbox 307 4597 547 4654; baseline -0.021 0"><span class='ocrx_word' id='word_1_766' title='bbox 307 4615 398 4654; x_wconf 90' lang='lat' dir='ltr'><strong>me</strong></span> <span class='ocrx_word' id='word_1_767' title='bbox 427 4597 489 4649; x_wconf 79' lang='grc'><strong>⁵³.</strong></span> <span class='ocrx_word' id='word_1_768' title='bbox 524 4613 547 4642; x_wconf 76' lang='grc' dir='ltr'><strong><em>ο</em></strong></span> 
     </span>
    </p>
   </div>
   <div class='ocr_carea' id='block_1_93' title="bbox 373 4658 1973 4740">
    <p class='ocr_par' dir='ltr' id='par_1_93' title="bbox 373 4661 1947 4740">
     <span class='ocr_line' id='line_1_93' title="bbox 373 4661 1947 4740; baseline -0.017 0"><span class='ocrx_word' id='word_1_769' title='bbox 373 4687 426 4740; x_wconf 83' lang='grc'>9.</span> <span class='ocrx_word' id='word_1_770' title='bbox 459 4686 649 4738; x_wconf 82' lang='lat' dir='ltr'><strong>Anam.</strong></span> <span class='ocrx_word' id='word_1_771' title='bbox 683 4678 985 4736; x_wconf 67' lang='lat' dir='ltr'><strong>Praeterea,</strong></span> <span class='ocrx_word' id='word_1_772' title='bbox 1037 4669 1084 4724; x_wconf 92' lang='lat' dir='ltr'><strong>si</strong></span> <span class='ocrx_word' id='word_1_773' title='bbox 1137 4683 1248 4721; x_wconf 93' lang='lat' dir='ltr'><strong>non</strong></span> <span class='ocrx_word' id='word_1_774' title='bbox 1283 4663 1545 4734; x_wconf 87' lang='lat' dir='ltr'><strong>genitum</strong></span> <span class='ocrx_word' id='word_1_775' title='bbox 1579 4665 1666 4715; x_wconf 89' lang='lat' dir='ltr'><strong>est</strong></span> <span class='ocrx_word' id='word_1_776' title='bbox 1703 4661 1947 4732; x_wconf 83' lang='lat' dir='ltr'><strong>aliquid,</strong></span> 
     </span>
    </p>
   </div>
   <div class='ocr_carea' id='block_1_94' title="bbox 2086 4658 3716 4740">
    <p class='ocr_par' dir='ltr' id='par_1_94' title="bbox 2131 4658 3716 4740">
     <span class='ocr_line' id='line_1_94' title="bbox 2131 4658 3716 4740; baseline 0.002 -23"><span class='ocrx_word' id='word_1_777' title='bbox 2131 4665 2184 4717; x_wconf 84' lang='lat'><strong>9.</strong></span> <span class='ocrx_word' id='word_1_778' title='bbox 2216 4663 2408 4734; x_wconf 72' lang='grc' dir='ltr'>Ἀνομ.</span> <span class='ocrx_word' id='word_1_779' title='bbox 2464 4661 2691 4724; x_wconf 81' lang='grc' dir='ltr'>Ἀλλως</span> <span class='ocrx_word' id='word_1_780' title='bbox 2746 4660 2824 4728; x_wconf 75' lang='grc' dir='ltr'><strong>δὲ,</strong></span> <span class='ocrx_word' id='word_1_781' title='bbox 2884 4663 2928 4717; x_wconf 81' lang='grc' dir='ltr'><strong>εἷ</strong></span> <span class='ocrx_word' id='word_1_782' title='bbox 2989 4658 3098 4718; x_wconf 73' lang='grc' dir='ltr'>ἔστι</span> <span class='ocrx_word' id='word_1_783' title='bbox 3156 4684 3206 4718; x_wconf 90' lang='grc' dir='ltr'><strong>τι</strong></span> <span class='ocrx_word' id='word_1_784' title='bbox 3238 4664 3300 4719; x_wconf 87' lang='grc' dir='ltr'>τὸ</span> <span class='ocrx_word' id='word_1_785' title='bbox 3331 4663 3649 4740; x_wconf 74' lang='grc' dir='ltr'>ἀγέννητον,</span> <span class='ocrx_word' id='word_1_786' title='bbox 3682 4669 3716 4737; x_wconf 80' lang='grc' dir='ltr'><strong>ἢ</strong></span> 
     </span>
    </p>
   </div>
   <div class='ocr_carea' id='block_1_95' title="bbox 301 4750 1945 4831">
    <p class='ocr_par' dir='ltr' id='par_1_95' title="bbox 301 4750 1945 4831">
     <span class='ocr_line' id='line_1_95' title="bbox 301 4750 1945 4831; baseline -0.017 1"><span class='ocrx_word' id='word_1_787' title='bbox 301 4777 411 4831; x_wconf 90' lang='lat' dir='ltr'><strong>hoc</strong></span> <span class='ocrx_word' id='word_1_788' title='bbox 440 4772 526 4828; x_wconf 83' lang='lat' dir='ltr'><strong>vel</strong></span> <span class='ocrx_word' id='word_1_789' title='bbox 558 4773 646 4825; x_wconf 79' lang='lat' dir='ltr'><strong>est</strong></span> <span class='ocrx_word' id='word_1_790' title='bbox 676 4771 860 4821; x_wconf 85' lang='lat' dir='ltr'><strong>totum</strong></span> <span class='ocrx_word' id='word_1_791' title='bbox 893 4759 976 4815; x_wconf 91' lang='lat' dir='ltr'><strong>vel</strong></span> <span class='ocrx_word' id='word_1_792' title='bbox 1011 4773 1144 4830; x_wconf 88' lang='lat' dir='ltr'><strong>pars</strong></span> <span class='ocrx_word' id='word_1_793' title='bbox 1177 4772 1189 4808; x_wconf 92' lang='lat'>:</span> <span class='ocrx_word' id='word_1_794' title='bbox 1225 4754 1270 4808; x_wconf 89' lang='lat' dir='ltr'><strong>si</strong></span> <span class='ocrx_word' id='word_1_795' title='bbox 1323 4769 1455 4823; x_wconf 87' lang='lat' dir='ltr'><strong>pars</strong></span> <span class='ocrx_word' id='word_1_796' title='bbox 1488 4754 1596 4814; x_wconf 87' lang='lat' dir='ltr'><strong>est,</strong></span> <span class='ocrx_word' id='word_1_797' title='bbox 1638 4750 1790 4804; x_wconf 84' lang='lat' dir='ltr'><strong>Deus</strong></span> <span class='ocrx_word' id='word_1_798' title='bbox 1835 4751 1945 4804; x_wconf 88' lang='lat' dir='ltr'><strong>erit</strong></span> 
     </span>
    </p>
   </div>
   <div class='ocr_carea' id='block_1_96' title="bbox 302 4841 1951 4933">
    <p class='ocr_par' dir='ltr' id='par_1_96' title="bbox 302 4841 1951 4933">
     <span class='ocr_line' id='line_1_96' title="bbox 302 4841 1951 4933; baseline -0.018 -12"><span class='ocrx_word' id='word_1_799' title='bbox 302 4865 413 4920; x_wconf 88' lang='lat' dir='ltr'><strong>sibi</strong></span> <span class='ocrx_word' id='word_1_800' title='bbox 457 4862 566 4933; x_wconf 89' lang='lat' dir='ltr'><strong>ipsi</strong></span> <span class='ocrx_word' id='word_1_801' title='bbox 600 4852 939 4916; x_wconf 80' lang='lat' dir='ltr'><strong>dissimilis;</strong></span> <span class='ocrx_word' id='word_1_802' title='bbox 989 4845 1282 4918; x_wconf 80' lang='lat' dir='ltr'><strong>siquidem</strong></span> <span class='ocrx_word' id='word_1_803' title='bbox 1335 4857 1452 4896; x_wconf 88' lang='lat' dir='ltr'><strong>una</strong></span> <span class='ocrx_word' id='word_1_804' title='bbox 1497 4841 1628 4909; x_wconf 88' lang='lat' dir='ltr'><strong>ejus</strong></span> <span class='ocrx_word' id='word_1_805' title='bbox 1679 4856 1812 4910; x_wconf 89' lang='lat' dir='ltr'><strong>pars</strong></span> <span class='ocrx_word' id='word_1_806' title='bbox 1863 4843 1951 4893; x_wconf 89' lang='lat' dir='ltr'><strong>est</strong></span> 
     </span>
    </p>
   </div>
   <div class='ocr_carea' id='block_1_97' title="bbox 301 4929 1948 5021">
    <p class='ocr_par' dir='ltr' id='par_1_97' title="bbox 301 4929 1948 5021">
     <span class='ocr_line' id='line_1_97' title="bbox 301 4929 1948 5021; baseline -0.016 -13"><span class='ocrx_word' id='word_1_807' title='bbox 301 4970 410 5008; x_wconf 89' lang='lat' dir='ltr'><strong>non</strong></span> <span class='ocrx_word' id='word_1_808' title='bbox 447 4929 657 5021; x_wconf 79' lang='lat' dir='ltr'><strong>genita,</strong></span> <span class='ocrx_word' id='word_1_809' title='bbox 688 4943 866 4998; x_wconf 80' lang='lat' dir='ltr'><strong>altera</strong></span> <span class='ocrx_word' id='word_1_810' title='bbox 896 4953 1027 4992; x_wconf 89' lang='lat' dir='ltr'><strong>vero</strong></span> <span class='ocrx_word' id='word_1_811' title='bbox 1059 4933 1273 5006; x_wconf 84' lang='lat' dir='ltr'><strong>genita.</strong></span> <span class='ocrx_word' id='word_1_812' title='bbox 1309 4933 1380 4984; x_wconf 79' lang='lat' dir='ltr'><strong>At</strong></span> <span class='ocrx_word' id='word_1_813' title='bbox 1427 4929 1474 5021; x_wconf 84' lang='lat' dir='ltr'><strong>si</strong></span> <span class='ocrx_word' id='word_1_814' title='bbox 1523 4934 1647 4982; x_wconf 89' lang='lat' dir='ltr'><strong>tota</strong></span> <span class='ocrx_word' id='word_1_815' title='bbox 1676 4929 1809 5021; x_wconf 74' lang='lat' dir='ltr'><strong>ejus</strong></span> <span class='ocrx_word' id='word_1_816' title='bbox 1843 4944 1948 4982; x_wconf 84' lang='lat' dir='ltr'><strong>na-</strong></span> 
     </span>
    </p>
   </div>
   <div class='ocr_carea' id='block_1_98' title="bbox 301 5018 1948 5101">
    <p class='ocr_par' dir='ltr' id='par_1_98' title="bbox 301 5018 1948 5101">
     <span class='ocr_line' id='line_1_98' title="bbox 301 5018 1948 5101; baseline -0.019 -4"><span class='ocrx_word' id='word_1_817' title='bbox 301 5048 435 5096; x_wconf 88' lang='lat' dir='ltr'><strong>tura</strong></span> <span class='ocrx_word' id='word_1_818' title='bbox 459 5018 550 5093; x_wconf 84' lang='lat' dir='ltr'><strong>est</strong></span> <span class='ocrx_word' id='word_1_819' title='bbox 600 5050 712 5088; x_wconf 89' lang='lat' dir='ltr'><strong>non</strong></span> <span class='ocrx_word' id='word_1_820' title='bbox 768 5027 982 5101; x_wconf 80' lang='lat' dir='ltr'><strong>genita,</strong></span> <span class='ocrx_word' id='word_1_821' title='bbox 1034 5029 1089 5078; x_wconf 90' lang='lat' dir='ltr'><strong>et</strong></span> <span class='ocrx_word' id='word_1_822' title='bbox 1123 5026 1287 5076; x_wconf 86' lang='lat' dir='ltr'><strong>Pater</strong></span> <span class='ocrx_word' id='word_1_823' title='bbox 1315 5018 1554 5074; x_wconf 90' lang='lat' dir='ltr'><strong>omnino</strong></span> <span class='ocrx_word' id='word_1_824' title='bbox 1588 5018 1794 5086; x_wconf 87' lang='lat' dir='ltr'><strong>major,</strong></span> <span class='ocrx_word' id='word_1_825' title='bbox 1828 5025 1948 5070; x_wconf 82' lang='lat' dir='ltr'><strong>sta-</strong></span> 
     </span>
    </p>
   </div>
   <div class='ocr_carea' id='block_1_99' title="bbox 298 5105 1945 5185">
    <p class='ocr_par' dir='ltr' id='par_1_99' title="bbox 298 5105 1945 5185">
     <span class='ocr_line' id='line_1_99' title="bbox 298 5105 1945 5185; baseline -0.016 0"><span class='ocrx_word' id='word_1_826' title='bbox 298 5129 404 5185; x_wconf 90' lang='lat' dir='ltr'><strong>tim</strong></span> <span class='ocrx_word' id='word_1_827' title='bbox 437 5143 502 5181; x_wconf 89' lang='lat' dir='ltr'><strong>eo</strong></span> <span class='ocrx_word' id='word_1_828' title='bbox 535 5120 740 5178; x_wconf 89' lang='lat' dir='ltr'><strong>recidit</strong></span> <span class='ocrx_word' id='word_1_829' title='bbox 769 5134 880 5185; x_wconf 89' lang='lat' dir='ltr'><strong>res,</strong></span> <span class='ocrx_word' id='word_1_830' title='bbox 916 5119 979 5168; x_wconf 88' lang='lat' dir='ltr'><strong>ut</strong></span> <span class='ocrx_word' id='word_1_831' title='bbox 1007 5110 1246 5166; x_wconf 86' lang='lat' dir='ltr'><strong>alterius</strong></span> <span class='ocrx_word' id='word_1_832' title='bbox 1299 5123 1364 5160; x_wconf 88' lang='lat' dir='ltr'><strong>ac</strong></span> <span class='ocrx_word' id='word_1_833' title='bbox 1414 5106 1653 5159; x_wconf 68' lang='lat' dir='ltr'><strong>diversis</strong></span> <span class='ocrx_word' id='word_1_834' title='bbox 1685 5105 1761 5158; x_wconf 90' lang='lat' dir='ltr'><strong>sit</strong></span> <span class='ocrx_word' id='word_1_835' title='bbox 1808 5105 1945 5159; x_wconf 85' lang='lat' dir='ltr'><strong>sub-</strong></span> 
     </span>
    </p>
   </div>
   <div class='ocr_carea' id='block_1_100' title="bbox 299 5194 1945 5276">
    <p class='ocr_par' dir='ltr' id='par_1_100' title="bbox 299 5194 1945 5276">
     <span class='ocr_line' id='line_1_100' title="bbox 299 5194 1945 5276; baseline -0.02 0"><span class='ocrx_word' id='word_1_836' title='bbox 299 5215 547 5276; x_wconf 75' lang='lat' dir='ltr'><strong>stantiae.</strong></span> <span class='ocrx_word' id='word_1_837' title='bbox 573 5211 738 5274; x_wconf 87' lang='lat' dir='ltr'><strong>Nam,</strong></span> <span class='ocrx_word' id='word_1_838' title='bbox 776 5207 825 5262; x_wconf 86' lang='lat' dir='ltr'><strong>si</strong></span> <span class='ocrx_word' id='word_1_839' title='bbox 854 5210 976 5259; x_wconf 90' lang='lat' dir='ltr'><strong>tota</strong></span> <span class='ocrx_word' id='word_1_840' title='bbox 1000 5199 1187 5256; x_wconf 89' lang='lat' dir='ltr'><strong>Patris</strong></span> <span class='ocrx_word' id='word_1_841' title='bbox 1218 5194 1553 5252; x_wconf 85' lang='lat' dir='ltr'><strong>substantia</strong></span> <span class='ocrx_word' id='word_1_842' title='bbox 1582 5197 1671 5248; x_wconf 89' lang='lat' dir='ltr'><strong>est</strong></span> <span class='ocrx_word' id='word_1_843' title='bbox 1702 5209 1815 5247; x_wconf 92' lang='lat' dir='ltr'><strong>non</strong></span> <span class='ocrx_word' id='word_1_844' title='bbox 1847 5208 1945 5265; x_wconf 83' lang='lat' dir='ltr'><strong>ge-</strong></span> 
     </span>
    </p>
   </div>
   <div class='ocr_carea' id='block_1_101' title="bbox 2055 4747 3716 4827">
    <p class='ocr_par' dir='ltr' id='par_1_101' title="bbox 2055 4747 3716 4827">
     <span class='ocr_line' id='line_1_101' title="bbox 2055 4747 3716 4827; baseline 0.003 -24"><span class='ocrx_word' id='word_1_845' title='bbox 2055 4747 2183 4804; x_wconf 86' lang='grc' dir='ltr'>ὄλον</span> <span class='ocrx_word' id='word_1_846' title='bbox 2219 4749 2328 4804; x_wconf 78' lang='grc' dir='ltr'><strong>ἐπὶ</strong></span> <span class='ocrx_word' id='word_1_847' title='bbox 2382 4755 2543 4805; x_wconf 82' lang='grc' dir='ltr'>τοῦτο</span> <span class='ocrx_word' id='word_1_848' title='bbox 2688 4752 2869 4825; x_wconf 84' lang='grc' dir='ltr'>μέρος·</span> <span class='ocrx_word' id='word_1_849' title='bbox 2929 4750 3054 4807; x_wconf 82' lang='grc' dir='ltr'>ἀλλ’</span> <span class='ocrx_word' id='word_1_850' title='bbox 3110 4752 3155 4805; x_wconf 82' lang='grc' dir='ltr'><strong>εἰ</strong></span> <span class='ocrx_word' id='word_1_851' title='bbox 3191 4753 3284 4824; x_wconf 72' lang='grc' dir='ltr'>μὶν</span> <span class='ocrx_word' id='word_1_852' title='bbox 3321 4755 3508 4827; x_wconf 86' lang='grc' dir='ltr'>μέρος,</span> <span class='ocrx_word' id='word_1_853' title='bbox 3543 4754 3716 4810; x_wconf 70' lang='grc' dir='ltr'>πάλιν</span> 
     </span>
    </p>
   </div>
   <div class='ocr_carea' id='block_1_102' title="bbox 2060 4838 3713 4915">
    <p class='ocr_par' dir='ltr' id='par_1_102' title="bbox 2060 4838 3713 4915">
     <span class='ocr_line' id='line_1_102' title="bbox 2060 4838 3713 4915; baseline 0.004 -23"><span class='ocrx_word' id='word_1_854' title='bbox 2060 4838 2248 4892; x_wconf 67' lang='grc' dir='ltr'>ἑαυτοῦ</span> <span class='ocrx_word' id='word_1_855' title='bbox 2310 4838 2449 4894; x_wconf 73' lang='grc' dir='ltr'>ἔστιν</span> <span class='ocrx_word' id='word_1_856' title='bbox 2509 4839 2793 4911; x_wconf 82' lang='grc' dir='ltr'>ἀνόμοιος·</span> <span class='ocrx_word' id='word_1_857' title='bbox 2862 4839 2968 4912; x_wconf 63' lang='grc' dir='ltr'>εῗγε</span> <span class='ocrx_word' id='word_1_858' title='bbox 3025 4841 3088 4894; x_wconf 88' lang='grc' dir='ltr'><strong>τὸ</strong></span> <span class='ocrx_word' id='word_1_859' title='bbox 3151 4842 3244 4912; x_wconf 78' lang='grc' dir='ltr'>μὶν</span> <span class='ocrx_word' id='word_1_860' title='bbox 3326 4843 3490 4915; x_wconf 88' lang='grc' dir='ltr'>μέρος</span> <span class='ocrx_word' id='word_1_861' title='bbox 3543 4843 3713 4898; x_wconf 81' lang='grc' dir='ltr'>αὐτοῦ</span> 
     </span>
    </p>
   </div>
   <div class='ocr_carea' id='block_1_103' title="bbox 2058 4925 3711 5005">
    <p class='ocr_par' dir='ltr' id='par_1_103' title="bbox 2058 4925 3711 5005">
     <span class='ocr_line' id='line_1_103' title="bbox 2058 4925 3711 5005; baseline 0.004 -25"><span class='ocrx_word' id='word_1_862' title='bbox 2058 4927 2371 5002; x_wconf 84' lang='grc' dir='ltr'>ἀγέννητον,</span> <span class='ocrx_word' id='word_1_863' title='bbox 2400 4928 2463 4982; x_wconf 83' lang='grc' dir='ltr'>τὸ</span> <span class='ocrx_word' id='word_1_864' title='bbox 2497 4925 2563 4981; x_wconf 69' lang='grc' dir='ltr'><strong>δὲ</strong></span> <span class='ocrx_word' id='word_1_865' title='bbox 2594 4926 2734 4982; x_wconf 74' lang='grc' dir='ltr'>ἄλλο</span> <span class='ocrx_word' id='word_1_866' title='bbox 2772 4930 2870 5000; x_wconf 77' lang='grc' dir='ltr'><strong>μή.</strong></span> <span class='ocrx_word' id='word_1_867' title='bbox 2907 4928 2964 4982; x_wconf 86' lang='lat' dir='ltr'><strong>Ei</strong></span> <span class='ocrx_word' id='word_1_868' title='bbox 2997 4925 3054 4983; x_wconf 77' lang='grc' dir='ltr'><strong>δὲ</strong></span> <span class='ocrx_word' id='word_1_869' title='bbox 3084 4927 3188 4998; x_wconf 78' lang='grc' dir='ltr'><strong>ὄλη</strong></span> <span class='ocrx_word' id='word_1_870' title='bbox 3251 4931 3284 4997; x_wconf 82' lang='grc' dir='ltr'><strong>ἡ</strong></span> <span class='ocrx_word' id='word_1_871' title='bbox 3336 4929 3493 5005; x_wconf 69' lang='grc' dir='ltr'>φύσις</span> <span class='ocrx_word' id='word_1_872' title='bbox 3551 4933 3711 5005; x_wconf 81' lang='grc' dir='ltr'>ἀγέν-</span> 
     </span>
    </p>
   </div>
   <div class='ocr_carea' id='block_1_104' title="bbox 2057 5013 3711 5090">
    <p class='ocr_par' dir='ltr' id='par_1_104' title="bbox 2057 5013 3711 5090">
     <span class='ocr_line' id='line_1_104' title="bbox 2057 5013 3711 5090; baseline 0.002 -22"><span class='ocrx_word' id='word_1_873' title='bbox 2057 5037 2239 5085; x_wconf 88' lang='grc' dir='ltr'>νητος,</span> <span class='ocrx_word' id='word_1_874' title='bbox 2293 5015 2532 5080; x_wconf 83' lang='grc' dir='ltr'>καθόλου</span> <span class='ocrx_word' id='word_1_875' title='bbox 2591 5013 2648 5070; x_wconf 73' lang='grc' dir='ltr'><strong>δὲ</strong></span> <span class='ocrx_word' id='word_1_876' title='bbox 2707 5016 2904 5088; x_wconf 78' lang='grc' dir='ltr'>μείζων</span> <span class='ocrx_word' id='word_1_877' title='bbox 2961 5018 2988 5071; x_wconf 91' lang='grc' dir='ltr'>ὁ</span> <span class='ocrx_word' id='word_1_878' title='bbox 3041 5017 3251 5090; x_wconf 71' lang='grc' dir='ltr'>Πατὴρ,</span> <span class='ocrx_word' id='word_1_879' title='bbox 3303 5017 3456 5079; x_wconf 66' lang='grc' dir='ltr'>εὐθὺς</span> <span class='ocrx_word' id='word_1_880' title='bbox 3488 5017 3578 5072; x_wconf 78' lang='grc' dir='ltr'>ἐπὶ</span> <span class='ocrx_word' id='word_1_881' title='bbox 3609 5021 3711 5088; x_wconf 76' lang='grc' dir='ltr'>τὴν</span> 
     </span>
    </p>
   </div>
   <div class='ocr_carea' id='block_1_105' title="bbox 2057 5101 3714 5180">
    <p class='ocr_par' dir='ltr' id='par_1_105' title="bbox 2057 5101 3714 5180">
     <span class='ocr_line' id='line_1_105' title="bbox 2057 5101 3714 5180; baseline 0.004 -24"><span class='ocrx_word' id='word_1_882' title='bbox 2057 5102 2414 5180; x_wconf 79' lang='grc' dir='ltr'>παραλλαγὴν</span> <span class='ocrx_word' id='word_1_883' title='bbox 2446 5107 2545 5172; x_wconf 77' lang='grc' dir='ltr'><strong>τῆς</strong></span> <span class='ocrx_word' id='word_1_884' title='bbox 2578 5103 2759 5165; x_wconf 84' lang='grc' dir='ltr'>οὐσίας</span> <span class='ocrx_word' id='word_1_885' title='bbox 2792 5101 2936 5166; x_wconf 87' lang='grc' dir='ltr'>ὄλως</span> <span class='ocrx_word' id='word_1_886' title='bbox 2970 5103 3236 5160; x_wconf 72' lang='grc' dir='ltr'>έκπίπτει.</span> <span class='ocrx_word' id='word_1_887' title='bbox 3289 5103 3360 5159; x_wconf 72' lang='grc' dir='ltr'><strong>Εἴ</strong></span> <span class='ocrx_word' id='word_1_888' title='bbox 3383 5107 3486 5179; x_wconf 77' lang='grc' dir='ltr'>γὰρ</span> <span class='ocrx_word' id='word_1_889' title='bbox 3548 5109 3583 5175; x_wconf 76' lang='grc' dir='ltr'>ἡ</span> <span class='ocrx_word' id='word_1_890' title='bbox 3620 5108 3714 5162; x_wconf 85' lang='grc' dir='ltr'><strong>οὐ·</strong></span> 
     </span>
    </p>
   </div>
   <div class='ocr_carea' id='block_1_106' title="bbox 2056 5190 3711 5269">
    <p class='ocr_par' dir='ltr' id='par_1_106' title="bbox 2056 5190 3711 5269">
     <span class='ocr_line' id='line_1_106' title="bbox 2056 5190 3711 5269; baseline 0.002 -23"><span class='ocrx_word' id='word_1_891' title='bbox 2056 5193 2143 5247; x_wconf 84' lang='grc' dir='ltr'>σία</span> <span class='ocrx_word' id='word_1_892' title='bbox 2173 5191 2276 5263; x_wconf 83' lang='grc' dir='ltr'><strong>ὅλη</strong></span> <span class='ocrx_word' id='word_1_893' title='bbox 2312 5193 2618 5268; x_wconf 86' lang='grc' dir='ltr'>ἀγέννητος,</span> <span class='ocrx_word' id='word_1_894' title='bbox 2675 5193 2765 5247; x_wconf 85' lang='grc' dir='ltr'><strong>καὶ</strong></span> <span class='ocrx_word' id='word_1_895' title='bbox 2821 5190 2974 5248; x_wconf 77' lang='grc' dir='ltr'>οὐδὲν</span> <span class='ocrx_word' id='word_1_896' title='bbox 3025 5192 3108 5248; x_wconf 78' lang='grc' dir='ltr'><strong>ἐπ’</strong></span> <span class='ocrx_word' id='word_1_897' title='bbox 3136 5193 3273 5268; x_wconf 78' lang='grc' dir='ltr'>αὐτῇ</span> <span class='ocrx_word' id='word_1_898' title='bbox 3309 5196 3474 5269; x_wconf 88' lang='grc' dir='ltr'>μέρος</span> <span class='ocrx_word' id='word_1_899' title='bbox 3513 5216 3711 5269; x_wconf 79' lang='grc' dir='ltr'>γεννη-</span> 
     </span>
    </p>
   </div>
   <div class='ocr_carea' id='block_1_107' title="bbox 364 5343 1973 5432">
    <p class='ocr_par' dir='ltr' id='par_1_107' title="bbox 364 5343 1948 5432">
     <span class='ocr_line' id='line_1_107' title="bbox 364 5343 1948 5432; baseline -0.016 -7"><span class='ocrx_word' id='word_1_900' title='bbox 364 5372 409 5408; x_wconf 77' lang='grc'>⁴⁹</span> <span class='ocrx_word' id='word_1_901' title='bbox 443 5370 572 5426; x_wconf 87' lang='lat' dir='ltr'><strong>Luc.</strong></span> <span class='ocrx_word' id='word_1_902' title='bbox 607 5381 667 5432; x_wconf 85' lang='grc' dir='ltr'><strong>ιι,</strong></span> <span class='ocrx_word' id='word_1_903' title='bbox 699 5361 790 5416; x_wconf 88' lang='grc'><strong>51.</strong></span> <span class='ocrx_word' id='word_1_904' title='bbox 865 5357 908 5392; x_wconf 76' lang='grc' dir='ltr'><strong>⁸ο</strong></span> <span class='ocrx_word' id='word_1_905' title='bbox 932 5354 1099 5410; x_wconf 87' lang='lat' dir='ltr'><strong>Joan.</strong></span> <span class='ocrx_word' id='word_1_906' title='bbox 1131 5365 1248 5415; x_wconf 73' lang='lat' dir='ltr'><strong>xxx,</strong></span> <span class='ocrx_word' id='word_1_907' title='bbox 1276 5347 1365 5400; x_wconf 85' lang='lat'><strong>28.</strong></span> <span class='ocrx_word' id='word_1_908' title='bbox 1443 5345 1484 5380; x_wconf 76' lang='grc'>⁸¹</span> <span class='ocrx_word' id='word_1_909' title='bbox 1511 5343 1696 5400; x_wconf 85' lang='lat' dir='ltr'><strong>Eccle.</strong></span> <span class='ocrx_word' id='word_1_910' title='bbox 1731 5361 1827 5416; x_wconf 81' lang='lat' dir='ltr'><strong>vn,</strong></span> <span class='ocrx_word' id='word_1_911' title='bbox 1863 5345 1948 5400; x_wconf 87' lang='grc'><strong>17.</strong></span> 
     </span>
    </p>
   </div>
   <div class='ocr_carea' id='block_1_108' title="bbox 2086 5343 3093 5432">
    <p class='ocr_par' dir='ltr' id='par_1_108' title="bbox 2101 5346 3093 5418">
     <span class='ocr_line' id='line_1_108' title="bbox 2101 5346 3093 5418; baseline 0 -16"><span class='ocrx_word' id='word_1_912' title='bbox 2101 5346 2268 5402; x_wconf 88' lang='lat' dir='ltr'><strong>Joan.</strong></span> <span class='ocrx_word' id='word_1_913' title='bbox 2301 5363 2424 5414; x_wconf 85' lang='lat' dir='ltr'><strong>vm,</strong></span> <span class='ocrx_word' id='word_1_914' title='bbox 2457 5346 2545 5401; x_wconf 82' lang='grc'>49.</span> <span class='ocrx_word' id='word_1_915' title='bbox 2623 5347 2668 5383; x_wconf 81' lang='grc'><strong>⁸³</strong></span> <span class='ocrx_word' id='word_1_916' title='bbox 2695 5346 2862 5403; x_wconf 87' lang='lat' dir='ltr'><strong>Joan.</strong></span> <span class='ocrx_word' id='word_1_917' title='bbox 2894 5364 2971 5418; x_wconf 86' lang='lat' dir='ltr'><strong>v1,</strong></span> <span class='ocrx_word' id='word_1_918' title='bbox 3006 5347 3093 5402; x_wconf 77' lang='grc'>44.</span> 
     </span>
    </p>
   </div>
   <div class='ocr_carea' id='block_1_109' title="bbox 343 5512 1942 5630">
    <p class='ocr_par' dir='ltr' id='par_1_109' title="bbox 343 5512 1942 5630">
     <span class='ocr_line' id='line_1_109' title="bbox 343 5512 1942 5630; baseline -0.018 -33"><span class='ocrx_word' id='word_1_919' title='bbox 343 5540 474 5630; x_wconf 54' lang='grc'>,(18)</span> <span class='ocrx_word' id='word_1_920' title='bbox 507 5536 621 5591; x_wconf 83' lang='lat' dir='ltr'><strong>Pal.</strong></span> <span class='ocrx_word' id='word_1_921' title='bbox 676 5528 833 5587; x_wconf 80' lang='grc' dir='ltr'>Ἀλλ’</span> <span class='ocrx_word' id='word_1_922' title='bbox 869 5525 913 5581; x_wconf 79' lang='grc' dir='ltr'><strong>εἰ</strong></span> <span class='ocrx_word' id='word_1_923' title='bbox 972 5523 1144 5602; x_wconf 65' lang='grc' dir='ltr'>φύσει.</span> <span class='ocrx_word' id='word_1_924' title='bbox 1204 5519 1344 5590; x_wconf 77' lang='lat' dir='ltr'><strong>Reg.</strong></span> <span class='ocrx_word' id='word_1_925' title='bbox 1400 5519 1457 5571; x_wconf 88' lang='lat' dir='ltr'><strong>et</strong></span> <span class='ocrx_word' id='word_1_926' title='bbox 1513 5513 1708 5572; x_wconf 84' lang='lat' dir='ltr'><strong>Felck.</strong></span> <span class='ocrx_word' id='word_1_927' title='bbox 1768 5512 1942 5572; x_wconf 83' lang='grc' dir='ltr'><strong>Ἀλλᾶ</strong></span> 
     </span>
    </p>
   </div>
   <div class='ocr_carea' id='block_1_110' title="bbox 291 5633 471 5692">
    <p class='ocr_par' dir='ltr' id='par_1_110' title="bbox 291 5633 471 5692">
     <span class='ocr_line' id='line_1_110' title="bbox 291 5633 471 5692; baseline 0 0"><span class='ocrx_word' id='word_1_928' title='bbox 291 5633 471 5692; x_wconf 56' lang='grc' dir='ltr'><strong>φνῖεὲῖ</strong></span> 
     </span>
    </p>
   </div>
   <div class='ocr_carea' id='block_1_111' title="bbox 365 5665 1150 5758">
    <p class='ocr_par' dir='ltr' id='par_1_111' title="bbox 365 5665 1150 5758">
     <span class='ocr_line' id='line_1_111' title="bbox 365 5665 1150 5758; baseline -0.027 -18"><span class='ocrx_word' id='word_1_929' title='bbox 365 5684 470 5758; x_wconf 84' lang='grc'>(19)</span> <span class='ocrx_word' id='word_1_930' title='bbox 499 5680 639 5736; x_wconf 81' lang='lat' dir='ltr'><strong>Mss.</strong></span> <span class='ocrx_word' id='word_1_931' title='bbox 667 5672 757 5730; x_wconf 85' lang='grc' dir='ltr'><strong>τὸν</strong></span> <span class='ocrx_word' id='word_1_932' title='bbox 789 5665 1069 5748; x_wconf 82' lang='grc' dir='ltr'>γεννητόν.</span> <span class='ocrx_word' id='word_1_933' title='bbox 1137 5687 1150 5697; x_wconf 92' lang='grc'><strong>·</strong></span> 
     </span>
    </p>
   </div>
   <div class='ocr_carea' id='block_1_112' title="bbox 2051 5514 3699 5649">
    <p class='ocr_par' dir='ltr' id='par_1_112' title="bbox 2051 5514 3699 5649">
     <span class='ocr_line' id='line_1_112' title="bbox 2124 5514 3699 5593; baseline 0.004 -22"><span class='ocrx_word' id='word_1_934' title='bbox 2124 5519 2232 5590; x_wconf 88' lang='grc'>(20)</span> <span class='ocrx_word' id='word_1_935' title='bbox 2264 5516 2378 5573; x_wconf 88' lang='lat' dir='ltr'><strong>Pal.</strong></span> <span class='ocrx_word' id='word_1_936' title='bbox 2417 5514 2476 5571; x_wconf 76' lang='grc' dir='ltr'>Εἰ</span> <span class='ocrx_word' id='word_1_937' title='bbox 2507 5514 2594 5570; x_wconf 77' lang='grc' dir='ltr'>ἐπὶ</span> <span class='ocrx_word' id='word_1_938' title='bbox 2631 5520 2786 5572; x_wconf 80' lang='grc' dir='ltr'>Θεοῦ.</span> <span class='ocrx_word' id='word_1_939' title='bbox 2824 5519 2953 5575; x_wconf 82' lang='lat' dir='ltr'><strong>Mox</strong></span> <span class='ocrx_word' id='word_1_940' title='bbox 2981 5517 3171 5576; x_wconf 81' lang='lat' dir='ltr'><strong>Felck.</strong></span> <span class='ocrx_word' id='word_1_941' title='bbox 3205 5523 3262 5576; x_wconf 89' lang='lat' dir='ltr'><strong>et</strong></span> <span class='ocrx_word' id='word_1_942' title='bbox 3289 5519 3430 5576; x_wconf 88' lang='lat' dir='ltr'><strong>edit.</strong></span> <span class='ocrx_word' id='word_1_943' title='bbox 3492 5519 3699 5593; x_wconf 85' lang='lat' dir='ltr'><strong>Steph.</strong></span> 
     </span>
     <span class='ocr_line' id='line_1_113' title="bbox 2051 5584 2380 5649; baseline 0.012 -10"><span class='ocrx_word' id='word_1_944' title='bbox 2051 5585 2273 5649; x_wconf 82' lang='grc' dir='ltr'>ἀληθῶς</span> <span class='ocrx_word' id='word_1_945' title='bbox 2304 5584 2380 5644; x_wconf 78' lang='grc' dir='ltr'>δέ.</span> 
     </span>
    </p>
   </div>
   <div class='ocr_carea' id='block_1_113' title="bbox 2119 5629 3059 5738">
    <p class='ocr_par' dir='ltr' id='par_1_113' title="bbox 2119 5629 3059 5738">
     <span class='ocr_line' id='line_1_114' title="bbox 2119 5629 3059 5738; baseline -0.014 -15"><span class='ocrx_word' id='word_1_946' title='bbox 2119 5629 2444 5734; x_wconf 32' lang='grc' dir='ltr'>ἆλῑῖΡάῑάι.</span> <span class='ocrx_word' id='word_1_947' title='bbox 2477 5657 2746 5738; x_wconf 87' lang='grc' dir='ltr'>λέγοντος·</span> <span class='ocrx_word' id='word_1_948' title='bbox 2783 5660 2903 5718; x_wconf 80' lang='grc' dir='ltr'><strong>Ἐὰν</strong></span> <span class='ocrx_word' id='word_1_949' title='bbox 2929 5656 3059 5738; x_wconf 69' lang='grc' dir='ltr'>ἐγώ,</span> 
     </span>
    </p>
   </div>
   <div class='ocr_carea' id='block_1_114' title="bbox 4042 4183 4060 5219">
    <p class='ocr_par' dir='ltr' id='par_1_114' title="bbox 4042 4253 4057 5219">
     <span class='ocr_line' id='line_1_115' title="bbox 4055 4253 4057 4347; baseline 0 0"><span class='ocrx_word' id='word_1_950' title='bbox 4055 4253 4057 4347; x_wconf 80' lang='lat' dir='ltr'><strong>l</strong></span> 
     </span>
     <span class='ocr_line' id='line_1_116' title="bbox 4051 4355 4055 4514; baseline 0 -29"><span class='ocrx_word' id='word_1_951' title='bbox 4051 4355 4055 4514; x_wconf 17' lang='grc' dir='ltr'><strong>,Ι</strong></span> 
     </span>
     <span class='ocr_line' id='line_1_117' title="bbox 4049 4521 4053 4658; baseline 0 0"><span class='ocrx_word' id='word_1_952' title='bbox 4049 4521 4053 4658; x_wconf 68' lang='lat' dir='ltr'><strong>l</strong></span> 
     </span>
     <span class='ocr_line' id='line_1_118' title="bbox 4045 4659 4051 4763; baseline 0 0"><span class='ocrx_word' id='word_1_953' title='bbox 4045 4659 4051 4763; x_wconf 77' lang='lat' dir='ltr'><strong>l</strong></span> 
     </span>
     <span class='ocr_line' id='line_1_119' title="bbox 4045 4781 4049 4934; baseline 0 0"><span class='ocrx_word' id='word_1_954' title='bbox 4045 4781 4049 4934; x_wconf 72' lang='lat' dir='ltr'><strong>l</strong></span> 
     </span>
     <span class='ocr_line' id='line_1_120' title="bbox 4042 4935 4047 5068; baseline 0 0"><span class='ocrx_word' id='word_1_955' title='bbox 4042 4935 4047 5068; x_wconf 75' lang='lat' dir='ltr'><strong>l</strong></span> 
     </span>
     <span class='ocr_line' id='line_1_121' title="bbox 4042 5075 4045 5219; baseline 0 0"><span class='ocrx_word' id='word_1_956' title='bbox 4042 5075 4045 5177; x_wconf 69' lang='lat' dir='ltr'><strong>l</strong></span> 
     </span>
    </p>
   </div>
  </div>
