4092 6218
317 360 465 419 1171

1481 364 1541 420 S.
1590 360 2108 422 ATHANASIUS.
2139 394 2211 404 -—
2245 361 2555 423 SPUltlA.

3586 4 4073 337 νῆν]

3585 363 3744 423 1172

312 491 451 547 tatis
484 492 698 563 imago,
736 509 924 548 nonne
955 492 1128 548 etiam
1164 497 1253 549 est
1284 493 1619 550 substantia
1651 492 1810 549 nullo
1844 509 1965 547 mo-

2083 498 2179 560 τῆς
2238 492 2420 554 οὐσίας
2481 493 2619 548 ἐστὶν
2674 493 3130 569 ἀπαράλλακτος;
3318 494 3412 566 μὶν
3474 495 3584 564 (26)
3638 491 3736 548 οὖν

313 582 387 636 do
412 581 673 636 diversus
692 582 718 634 ἱ)
752 584 976 652 Itaque,
993 582 1041 637 si
1067 586 1177 637 tua:
1202 583 1506 639 sententiae
1540 584 1795 639 fautores
1817 599 1971 638 ever-

316 673 436 725 tere
481 671 735 734 conaris,
788 672 946 742 ipsos
995 671 1308 727 confutssti
1341 690 1354 727 :
1391 672 1481 728 sin
1529 676 1725 728 autem
1777 688 1970 727 veram

314 758 504 829 ipsam
558 760 909 825 doctrinam,
946 758 1108 815 illum
1163 778 1233 815 ne
1266 761 1559 817 audivisse
1591 762 1828 833 quidem
1864 779 1973 817 un-

318 864 493 919 quam
531 848 765 901 videris.
803 848 1006 903 Filium
1062 849 1216 903 enim
1251 866 1378 905 esse
1410 850 1597 922 ipsius
1629 850 1973 906 substantia:

318 937 631 1007 imaginem
664 937 808 990 dixit
839 937 1152 1009 Apostolus
1181 956 1192 993 :
1219 962 1245 987 ‹‹
1282 938 1388 1002 Qui
1422 956 1554 994 cum
1589 940 1662 994 sit
1696 939 1975 1005 splendor

320 1024 519 1096 gloriae
550 1031 603 1079 et
641 1028 823 1092 figura
855 1027 1196 1082 substantiae
1219 1028 1311 1098 ἥδ’,
1348 1051 1375 1076 ››
1410 1045 1511 1083 seu
1546 1028 1849 1085 character
1877 1029 1976 1101 hy-

321 1119 643 1185 postaseos.
678 1116 823 1169 Nam
876 1115 1175 1171 character
1228 1117 1609 1189 hypostaseos
1641 1118 1786 1174 nihil
1818 1118 1975 1174 aliud

321 1208 429 1273 est,
464 1220 637 1273 quam
671 1203 1035 1274 {subslantine
1085 1204 1296 1277 imago.
1332 1206 1617 1262 Caeterum
1674 1225 1786 1262 non
1819 1207 1975 1263 idem

323 1308 450 1347 esse
479 1290 837 1346 voluntatem
862 1296 1036 1364 atque
1068 1296 1406 1363 essentiam,
1431 1313 1538 1351 nos
1568 1313 1801 1368 quoque
1832 1297 1975 1351 dici-

325 1397 477 1434 mus.
514 1381 643 1434 Ideo
676 1381 831 1435 enim
865 1381 1072 1437 Filium
1102 1383 1335 1451 quidem
1360 1401 1429 1440 ex
1460 1386 1791 1440 substantia
1821 1384 1977 1457 geni-

323 1473 473 1537 tum,
507 1486 611 1524 nos
642 1487 773 1524 vero
819 1486 888 1525 ex
918 1470 1213 1528 voluntate
1258 1474 1546 1544 prodiisse
1591 1474 1864 1530 dicimus.
1903 1476 1979 1530 Ex

324 1562 425 1613 tua
458 1575 627 1629 porro
679 1560 968 1615 sententia
1008 1560 1162 1617 idem
1216 1578 1331 1617 non
1364 1568 1455 1618 est
1504 1563 1771 1618 voluntas
1822 1564 1977 1635 quod

327 1648 679 1712 substantia,
714 1653 769 1703 et
820 1649 1154 1706 substantia
1203 1668 1391 1723 neque
1423 1653 1616 1723 coepit,
1660 1669 1849 1724 neque
1879 1654 1976 1708 de-

328 1736 485 1791 sinit.
521 1736 649 1791 Haac
680 1737 857 1806 igitur
887 1737 1081 1810 imago
1115 1755 1302 1810 neque
1331 1741 1523 1811 coepit,
1559 1757 1748 1813 neque
1779 1742 1974 1796 desiit.

332 1825 613 1932 .Volunta's
641 1832 860 1932 autem
912 1832 969 1882 et
996 1827 1230 1932 initium
1286 1833 1342 1883 et
1390 1830 1561 1932 finem
1618 1830 1809 1932 habet:
1845 1830 1978 1885 Illos
2013 1869 2058 1932 Β

326 1914 508 1985 igitur
548 1914 651 1968 tibi
704 1915 937 1981 habeto,
972 1916 1068 1986 qui
1117 1916 1270 1971 idem
1322 1934 1451 1973 esse
1482 1917 1685 1972 dicunt
1715 1918 1979 1974 volunta-

331 2008 449 2059 tem
482 2008 658 2075 atque
687 2004 1024 2059 essentiam.
1058 2005 1173 2061 Nos
1204 2005 1360 2061 enim
1393 2011 1449 2061 et
1480 2006 1770 2073 volumus,
1804 2014 1860 2063 et
1892 2009 1979 2063 fa-

330 2096 544 2160 temur,
581 2098 635 2146 et
667 2092 962 2148 credimus
996 2093 1207 2148 Filium
1239 2111 1368 2150 esse
1400 2096 1551 2150 Patri
1584 2099 1975 2152 consubstan-

328 2180 549 2235 tialem.
586 2182 729 2236 Nam
767 2186 1072 2254 propterea
1101 2184 1276 2238 etiam
1313 2185 1677 2255 unigenitum
1705 2202 1832 2241 esse
1854 2203 1975 2242 cre-

334 2270 845 2342 dimus,quiaipse
863 2271 1043 2341 solus,
1068 2277 1131 2327 ut
1161 2277 1332 2329 antea
1361 2274 1581 2329 dictum
1615 2281 1721 2343 est,
1749 2293 1815 2331 ex
1838 2278 1976 2332 sub-

332 2360 553 2415 stantia
581 2360 815 2431 genitus
862 2365 974 2428 est,
1004 2360 1211 2433 reliqui
1259 2379 1390 2417 vero
1439 2381 1642 2420 omnes
1672 2382 1739 2420 ex
1772 2365 1974 2422 volun-

332 2453 448 2503 tate
496 2454 651 2504 sunt.
687 2449 827 2504 Cum
878 2454 1074 2505 autem
1125 2451 1377 2507 dicimus
1425 2452 1632 2508 Filium
1679 2470 1807 2509 esse
1837 2472 1972 2511 con-

329 2538 776 2593 substantialem
809 2538 983 2609 Patri,
1018 2537 1257 2595 minime
1286 2541 1538 2596 dicimus
1568 2559 1702 2597 eum
1739 2559 1866 2598 esse
1893 2545 1970 2600 si-

326 2626 383 2681 bi
424 2627 535 2697 ipsi
585 2627 1162 2696 consubstantialem,
1196 2646 1329 2685 cum
1374 2630 1485 2686 sibi
1534 2631 1641 2703 ipsi
1696 2649 1863 2687 nemo
1894 2634 1972 2688 sit

324 2715 863 2771 consubstantialis.
913 2720 983 2771 At
1015 2725 1094 2787 tu,
1130 2717 1178 2773 si
1211 2735 1408 2775 revera
1438 2720 1637 2775 fateris
1672 2722 1871 2776 omnia
1902 2738 1970 2776 ex

321 2804 507 2860 Patris
536 2804 833 2860 voluntate
864 2823 966 2878 per
995 2806 1204 2862 Filium
1238 2824 1366 2864 esse
1399 2809 1568 2876 facta,
1600 2815 1657 2864 et
1686 2827 1801 2864 una
1832 2828 1965 2865 cum

322 2892 452 2948 aliis
489 2893 699 2948 Filium
751 2911 985 2966 quoque
1034 2896 1249 2952 factum
1301 2914 1429 2952 esse
1478 2898 1646 2964 dicis,
1678 2899 1967 2955 concedas

319 2983 493 3037 etiam
525 2988 751 3054 oportet
781 3000 812 3038 a
837 2984 1028 3056 seipse
1052 2985 1268 3040 factum
1300 3002 1428 3042 esse
1452 3003 1465 3041 :
1491 2987 1644 3058 quod
1678 2988 1726 3043 si
1758 2989 1965 3043 absur-

321 3071 459 3124 dum
494 3071 550 3123 id
600 3077 708 3135 est,
745 3089 885 3126 sane
916 3090 1030 3127 non
1082 3079 1171 3128 est
1215 3073 1527 3130 voluntatis
1558 3075 1784 3132 'Filius.
1818 3077 1963 3132 Nam

320 3159 368 3213 si
403 3183 429 3208 «
462 3160 832 3230 Qumcunque
884 3163 1019 3215 facit
1069 3162 1255 3231 Pater,
1291 3164 1407 3219 haec
1438 3168 1497 3219 et
1548 3164 1723 3220 Filius
1754 3165 1962 3221 simili-

2080 580 2207 643 τοὺς
2269 582 2459 636 ἑαυτοῦ
2514 580 2814 658 διατρέπειν
2873 580 3172 656 ὁμοδόξους
3230 582 3549 658 ἐπιχειρεῖς,
3612 604 3738 637 συν-

2084 670 2300 745 ήγαγες·
2338 670 2382 723 εί
2430 669 2486 724 δὲ
2524 672 2616 725 τὸν
2665 672 2846 742 ἀληθῆ
2909 671 3099 746 λόγον⁵
3135 669 3259 726 οὑδὶ
3318 673 3589 747 ἀκροατὴς
3643 692 3739 747 γε-

2083 760 2341 832 γενῆσθαι
2371 758 2568 814 τούτου
2601 760 2762 838 φαίνῃ
2809 782 2925 833 μοι.
2962 763 3080 815 Ὅτι
3126 760 3226 836 γὰρ
3269 762 3370 829 τῆς
3410 761 3597 822 οὐσίας
3658 761 3738 816 εἷ-

2083 848 2191 901 κὼν
2248 847 2275 901 ὁ
2335 848 2479 913 Υἱὸς,
2514 851 2542 903 6
2588 847 2922 911 Ἀπόστολος
2983 850 3150 903 εἶπεν*
3189 873 3216 899 ‹‹
3274 851 3369 911 θος
3426 849 3500 902 ὣν
3562 850 3739 905 ἀπαύ-

2083 957 2266 1011 γασμα
2315 940 2414 1005 τῆς
2458 935 2640 1008 δόξης,
2672 938 2762 992 καὶ
2809 939 3093 1013 χαρακτὴρ
3139 944 3239 1006 τῆς
3302 937 3670 999 ὑποστάσεως.
3708 961 3739 990 ιι

2083 1026 2157 1083 Τὸ
2188 1027 2287 1102 γὰρ
2321 1027 2605 1102 χαρακτὴρ
2642 1034 2743 1096 τῆς
2796 1028 3139 1088 ὑποστάσεως
3186 1024 3339 1081 οὐδὲν
3387 1026 3531 1082 ἄλλο
3594 1027 3753 1081 ἐστὶν

2082 1113 2209 1170 ἀλλ’
2240 1118 2275 1185 ἡ
2305 1115 2459 1169 εἰκὼν
2493 1122 2591 1184 τῆς
2633 1116 2839 1177 οὑσίας.
2874 1116 2971 1169 Καὶ
3022 1115 3105 1169 ὅτι
3159 1116 3260 1171 οὑκ
3298 1112 3407 1170 ἔστι
3450 1118 3646 1171 ταυτὸν
3703 1119 3740 1185 ἡ

2085 1203 2305 1274 Θέλησις
2364 1192 2451 1258 xui
2483 1206 2516 1273 ἡ
2551 1204 2725 1269 οὐσία,
2758 1207 2918 1276 ἡμῶν
2982 1203 3139 1266 οὗτος
3190 1206 3219 1259 6
3260 1203 3445 1280 λόγος.
3480 1207 3577 1261 Διά
3634 1206 3745 1281 γὰρ

2081 1298 2242 1347 τοῦτο
2274 1294 2363 1348 τὸν
2401 1294 2494 1366 μὲν
2528 1294 2645 1348 Υἱὸν
2697 1294 2935 1369 γέννημα
2983 1300 3084 1362 τῆς
3137 1293 3317 1355 οὖσίας
3361 1293 3592 1368 λέγομεν
3654 1297 3745 1349 εῖ-

2084 1404 2193 1450 ναι,
2227 1382 2446 1444 ἑαυτοὺς
2481 1380 2537 1437 δὲ
2565 1389 2664 1451 τῆς
2698 1381 2994 1452 Οελήσεως.
3026 1384 3210 1437 Ἔστιν
3262 1380 3317 1437 δὲ
3355 1383 3445 1437 καὶ
3494 1384 3634 1439 κατὰ
3683 1386 3746 1439 σὶ

2087 1472 2149 1525 οὑ
2203 1472 2393 1526 ταυτὸν
2447 1476 2515 1544 τῇ
2575 1471 2732 1542 οὐσίᾳ
2788 1474 2822 1541 ἡ
2884 1470 3145 1541 θέΛησις·
3204 1474 3238 1541 ἡ
3291 1469 3347 1526 δὲ
3403 1471 3558 1527 οὗσία
3614 1471 3744 1528 οὔτε

2086 1557 2309 1634 ἤρξατο,
2368 1557 2491 1615 οὔτε
2548 1561 2791 1615 παύεται.
2845 1555 2979 1613 Οὔτε
3037 1560 3139 1632 ἅρα
3195 1557 3396 1636 ἤρξατο
3453 1563 3488 1630 ἡ
3550 1560 3739 1630 εἰκὼν,

2088 1646 2212 1704 οὔτε
2242 1649 2528 1707 ἐπαύσατο.
2560 1652 2623 1707 Ἤ
2658 1647 2716 1703 δὲ
2745 1648 2968 1718 θέλησις
2998 1650 3088 1702 καὶ
3133 1650 3359 1725 ἄρχεται
3420 1651 3509 1704 καὶ
3570 1651 3741 1704 παύε-

2088 1761 2194 1796 ται.
2224 1740 2359 1802 Τοὺς
2391 1742 2569 1794 τοίνυν
2606 1738 2856 1813 λέγοντας
2887 1738 3078 1793 ταυτὸν
3123 1740 3259 1793 εἶναι
3308 1743 3374 1811 τῇ
3424 1739 3581 1809 οὐσίᾳ
3635 1742 3741 1808 τὴν

2089 1828 2335 1900 θέλησιν,
2394 1829 2627 1890 ἐκείνους
2687 1827 2800 1904 ἔχε.
2857 1833 3045 1901 Ἡμεῖς
3100 1828 3201 1904 γὰρ
3249 1828 3338 1882 καὶ
3399 1827 3743 1904 βουλόμεθα,

2090 1919 2178 1972 καὶ
2210 1918 2620 1991 ὁμολογοῦμεν,
2648 1919 2735 1973 καὶ
2767 1919 3091 1991 πιστεύομεν
3124 1919 3418 1991 ὁμοούσιον
3469 1918 3601 1971 εἶναι
3660 1922 3744 1989 τῷ

2091 2007 2256 2083 Πατρῖ
2315 2009 2405 2062 τὸν
2466 2008 2609 2064 Υἱόν.
2643 2009 2740 2063 Διά
2766 2011 2869 2085 γὰρ
2902 2008 3061 2063 τοῦτο
3109 2007 3200 2061 καὶ
3254 2013 3519 2081 μονογενῆ
3576 2006 3741 2061 αὑτὸν

2089 2098 2224 2151 εἶναι
2255 2097 2595 2170 πιστεύομεν·
2631 2097 2712 2152 ὅτι
2748 2098 2914 2170 μόνος
2946 2098 3105 2159 αὐτὸς
3152 2095 3210 2151 ἐκ
3256 2103 3354 2165 τῆς
3404 2096 3591 2157 οὐσίας
3649 2117 3745 2170 γε·

2087 2185 2359 2259 γέννηται,
2391 2188 2571 2247 καθὼς
2604 2187 2946 2260 προείρηται·
2996 2186 3046 2241 οἱ
3094 2182 3150 2239 δὲ
3211 2184 3374 2241 ἄλλοι
3429 2183 3625 2246 πάντες
3681 2183 3745 2239 ἐκ

2084 2280 2183 2343 τῆς
2214 2272 2510 2344 Θελήσεως.
2541 2273 2862 2346 ’ομοοῦσιον
2894 2272 2952 2330 δὲ
2982 2272 3235 2347 λέγοντες
3286 2277 3367 2345 τῷ
3416 2272 3585 2348 Πατρὶ
3644 2273 3740 2327 τὸν

2084 2364 2230 2436 Υίὸν,
2289 2363 2388 2417 οὑκ
2435 2363 2592 2418 αὑτὸν
2652 2364 2822 2435 ἑαυτῷ
2881 2362 3112 2438 λέγομεν
3172 2362 3488 2434 ὁμοούσιον·
3549 2359 3735 2424 οὐδεὶς

2080 2454 2179 2528 γὰρ
2209 2451 2368 2514 αὐτὸς
2403 2453 2575 2524 ἑαυτῷ
2615 2452 2938 2525 ὁμοούσιος.
2985 2451 3046 2508 Ei
3079 2449 3136 2506 δὲ
3168 2449 3387 2521 ἀληθῶς
3434 2449 3738 2526 ὁμολογεῖς

2078 2543 2145 2596 τὰ
2170 2544 2343 2596 πάντα
2372 2541 2429 2596 ἐκ
2455 2543 2555 2610 τῆς
2590 2539 2909 2617 βουλήσεως
2938 2546 3035 2595 τοῦ
3072 2541 3279 2614 Πατρὸς
3315 2538 3404 2594 διὰ
3446 2544 3545 2595 τοῦ
3594 2541 3726 2594 Υῖοῦ

2079 2630 2377 2704 γεγονέναι,
2415 2628 2547 2701 μετὰ
2577 2625 2634 2683 δὲ
2661 2630 2875 2682 πάντων
2909 2627 3082 2703 λέγεις
3111 2629 3201 2683 τὸν
3265 2628 3384 2683 Υἱὸν
3426 2628 3727 2705 γεγονέναι,

2078 2719 2166 2773 καὶ
2200 2718 2357 2773 αὑτὸν
2417 2717 2486 2772 δι’
2518 2719 2708 2772 ἑαυτοῦ
2765 2716 2955 2780 δώσεις
3006 2717 3305 2792 γεγονέναι·
3342 2717 3387 2771 si
3446 2714 3503 2772 δὲ
3559 2722 3728 2773 τοῦτο

2078 2809 2301 2876 ἄτοπον,
2351 2808 2450 2862 οὑκ
2507 2808 2610 2883 ἄρα
2672 2804 2989 2880 βουλήσεως
3041 2806 3180 2861 ἐστιν
3232 2808 3260 2861 6
3318 2805 3461 2868 Υἱός.
3514 2806 3577 2861 Ei
3627 2808 3730 2881 γὰρ

2081 2922 2107 2949 ι(
2138 2899 2270 2950 Ὅσα
2319 2894 2377 2950 ἃν
2438 2901 2583 2950 ποιεῖ
2613 2897 2641 2950 6
2678 2897 2882 2970 Πατὴρ,
2913 2899 3079 2950 ταῦτα
3121 2896 3210 2950 καὶ
3259 2896 3287 2949 6
3336 2896 3457 2957 Υἱὸς
3513 2895 3729 2968 ὁμοίως

2076 2991 2243 3054 ποιεῖ,
2282 3009 2307 3036 ››
2344 2988 2561 3055 ποιήσει
2584 2986 2679 3040 διαὶ
2713 2987 2740 3040 6
2774 2986 2895 3047 Υἱὸς
2928 2985 3098 3041 ἄλλον
3133 2985 3267 3055 υἱὸν,
3294 2983 3387 3039 ’ίνα
3440 2986 3617 3041 πάντα
3646 2992 3729 3058 τῷ

2077 3074 2245 3149 Πατρὶ
2303 3072 2512 3145 ὁμοίως
2571 3075 2794 3147 ποιήσῃ.
2852 3072 2914 3129 Ei
2973 3070 3032 3127 δὲ
3108 3073 3206 3127 οὑκ
3264 3071 3540 3143 ἐποίησεν,
3602 3072 3730 3128 οὐδὲ

2074 3167 2240 3231 ποιεῖ,
2274 3163 2372 3216 οὐκ
2421 3158 2529 3217 ἔστι
2580 3162 2793 3234 ποίημα
2838 3161 3016 3223 αὑτός,
3046 3160 3334 3232 Ἀληθεύει
3385 3162 3489 3237 γὰρ
3551 3161 3728 3237 λέγων

318 3251 408 3301 ter
439 3248 656 3313 facit“,
696 3272 720 3293 η
755 3249 924 3304 faciet
970 3250 1145 3304 etiam
1200 3251 1381 3307 Filius
1410 3252 1589 3308 alium
1638 3255 1868 3317 Filium,
1905 3261 1969 3310 ut

2083 3250 2185 3306 ὅτι·
2221 3275 2248 3301 ‹‹
2278 3252 2455 3305 Πάντα
2485 3250 2583 3304 ὅσα
2614 3248 2672 3305 ἂν
2726 3256 2873 3304 ποιεῖ
2902 3252 2929 3304 ὁ
2963 3250 3167 3324 Ηατήρ,
3200 3255 3364 3305 ταῦτα
3417 3250 3505 3304 καὶ
3541 3252 3569 3305 6
3598 3251 3732 3313 Υἱὸς

220 3376 223 3377 ν
321 3335 519 3389 omnia
565 3338 841 3390 similiter
892 3338 1063 3392 faciat
1109 3356 1236 3409 quae
1291 3341 1476 3395 Pater.
1509 3343 1666 3407 Quod
1703 3343 1749 3398 si
1784 3344 1964 3399 alium

318 3424 526 3478 Filium
563 3442 673 3478 non
724 3424 855 3479 fecit
890 3443 1075 3496 neque
1128 3428 1281 3498 facit,
1316 3429 1441 3499 ipse
1472 3447 1704 3502 quoque
1736 3450 1849 3488 non
1880 3438 1970 3489 est

314 3511 633 3583 opificium.
661 3513 958 3568 Veraciter
987 3515 1143 3569 enim
1168 3516 1398 3573 locutus
1422 3524 1511 3573 est
1542 3536 1673 3575 cum
1710 3522 1963 3577 diceret:

313 3624 341 3651 (ι
376 3603 748 3673 Quaecunque
800 3603 937 3658 facit
989 3607 1177 3671 Pater,
1210 3606 1329 3661 haec
1381 3612 1439 3663 et
1484 3607 1667 3664 Filius
1698 3610 1970 3665 similiter

312 3690 467 3745 facit.
499 3710 524 3740 ι
566 3691 687 3745 Non
736 3690 871 3747 facit
905 3697 1099 3748 autem
1155 3695 1416 3767 seipsum
1469 3697 1651 3753 Filius
1686 3717 1698 3754 :
1735 3715 1845 3753 non
1879 3705 1968 3754 est

311 3778 490 3849 igitur
549 3781 1150 3854 factumlquidpiam.
1214 3789 1286 3839 At
1340 3784 1516 3855 dices,
1571 3804 1684 3842 non
1747 3788 1967 3844 dixisse

310 3868 629 3933 Christum,
680 3870 892 3925 Omnia
940 3887 1063 3943 quis
1098 3873 1252 3939 fecit,
1297 3875 1395 3929 sed
1430 3892 1556 3946 quas
1608 3876 1783 3931 facit:
1820 3877 1967 3933 scito

314 3974 536 4012 morem
571 3976 697 4013 esse
715 3960 1026 4032 Scriptura:
1049 3962 1119 4017 de
1138 3963 1311 4017 rebus
1342 3963 1648 4034 praeteritis
1672 3965 1967 4036 loquentis

2077 3340 2282 3413 ὁμοίως
2336 3346 2501 3398 ποιεῖ,
2537 3365 2562 3390 ››
2595 3340 2671 3396 O6
2731 3345 2875 3394 ποιεῖ
2913 3336 2969 3394 δὲ
3027 3339 3230 3393 ὲαυτόν“
3263 3341 3362 3393 οὐκ
3419 3337 3561 3394 ἔστιν
3628 3342 3733 3415 ἂρα

2076 3431 2311 3502 ποίημα.
2346 3428 2501 3484 Ἀλλ’
2535 3428 2691 3503 ἐρεῖς·
2735 3429 2848 3485 Οὐκ
2872 3430 3038 3499 εἶπεν,
3073 3428 3254 3484 Πάντα
3286 3428 3384 3482 ὅσα
3445 3428 3727 3500 ἐποίησεπισ⁷

2078 3518 2202 3575 ἀλλ’
2232 3518 2328 3573 ὅσα
2356 3523 2504 3572 ποιεῖ
2553 3517 2807 3593 γίνωσκε,
2838 3515 2919 3572 ὅτι
2962 3515 3084 3581 ἔθος
3129 3521 3198 3590 τῇ
3244 3521 3427 3594 Γραφῇ
3473 3519 3538 3571 τὸ
3586 3538 3729 3594 παρ-

2077 3610 2300 3683 ῳχηκὸς
2359 3609 2431 3669 ὡς
2490 3606 2575 3661 ἐπὶ
2629 3606 2918 3668 ἐνεστῶτος
2976 3606 3181 3682 χρόνου
3241 3606 3444 3682 λέγειν·
3505 3608 3583 3668 ὡς
3643 3609 3728 3675 τὸ,

2084 3725 2102 3748 ι
2138 3700 2199 3753 Ὀ
2255 3702 2428 3751 ποιὼν
2484 3696 2610 3758 τοὺς
2671 3694 2940 3771 ἀγγέλους
2996 3693 3160 3751 σώτοῦ
3213 3696 3516 3768 πνεύματαο
3555 3720 3581 3746 η
3638 3697 3730 3750 καὶ

2076 3786 2125 3839 ἐν
2160 3786 2344 3858 ἑτέρῳ·
2380 3811 2407 3836 ‹‹
2441 3787 2498 3841 Ὁ
2540 3784 2808 3857 Θεμελιῶν
2840 3786 2937 3853 τήν
2966 3787 3064 3861 γῆν
3129 3783 3217 3839 ἐπὶ
3274 3786 3371 3853 τὴν
3433 3784 3729 3863 ἀσφάλειαν

2078 3876 2264 3944 αὑτῆς·
2324 3900 2343 3924 ι»
2396 3874 2510 3947 καί,
2548 3898 2574 3925 ‹‹
2604 3876 2666 3931 Ὁ
2698 3878 2869 3929 ποιῶν
2920 3872 3176 3943 πλειάδα,
3208 3874 3296 3928 καὶ
3353 3871 3607 3949 ἕσπερον,
3638 3875 3731 3929 καὶ

2076 3966 2395 4039 ἀρκτοῦρον,
2425 3963 2514 4018 καὶ
2543 3968 2764 4035 ταμιεῖα
2792 3963 2970 4017 νότου.
3011 3988 3036 4013 ››

314 4065 571 4127 praesens
603 4054 836 4119 tempus
879 4066 1164 4123 usurpare
1199 4069 1211 4107 :
1246 4054 1576 4124 cujusmodi
1630 4054 1770 4111 illud
1822 4062 1949 4112 est:
1983 4079 2011 4105 ‹‹
2045 4055 2150 4119 Qui
2184 4055 2318 4110 facit
2350 4055 2589 4127 angelos
2637 4072 2777 4111 suos
2819 4055 3062 4127 spiritus
3084 4056 3147 4109 ⁸⁸.
3182 4076 3209 4105 ››
3244 4055 3311 4110 Et
3339 4054 3477 4110 alibi
3511 4072 3525 4110 :
3559 4079 3587 4103 ‹‹
3621 4053 3734 4119 Qui

314 4124 571 4189 fundasti
623 4143 838 4192 terram
871 4157 1047 4212 super
1092 4141 1471 4198 stabilitatem
1522 4160 1688 4199 suam
1713 4146 1794 4213 l‘9;
1850 4169 1872 4195 κ
1929 4150 1987 4200 et
2020 4164 2031 4200 :
2084 4167 2111 4195 ‹‹
2144 4146 2251 4210 Qui
2301 4124 2459 4199 facit"
2487 4144 2734 4217 pleiada,
2766 4149 2823 4199 et
2852 4124 3204 4216 vesperum,
3232 4148 3288 4200 et
3317 4148 3644 4209 arcturum,
3679 4147 3737 4199 et

315 4224 635 4293 penetralia
668 4227 785 4279 noti
808 4228 873 4281 6°.
909 4250 935 4277 »

390 4315 473 4367 10.
510 4314 695 4368 Anom.
731 4318 878 4369 Ante
926 4317 1126 4372 omnia
1171 4335 1307 4374 vero
1357 4324 1414 4375 et
1459 4320 1517 4375 in
1571 4322 1777 4393 primis
1810 4342 1968 4396 quaa-

318 4414 441 4452 rere
473 4413 540 4452 ex
571 4400 713 4470 ipsis
746 4406 997 4473 oportet,
1030 4404 1169 4476 quid
1204 4406 1496 4477 signiticet
1526 4426 1640 4465 non
1681 4411 1963 4482 genitum.

315 4487 484 4553 Nam,
507 4488 553 4541 si
588 4490 973 4547 substantiam
1006 4493 1282 4563 declarat,
1304 4498 1455 4566 quod
1489 4513 1686 4553 verum
1711 4505 1819 4570 est,
1841 4504 1967 4555 tan-

317 4580 376 4630 ta
407 4577 517 4629 erit
546 4579 957 4649 discrepantia.
986 4581 1140 4638 Orth.
1175 4586 1246 4639 At
1279 4602 1383 4640 nos
1415 4603 1646 4657 quoque
1677 4594 1810 4643 ante
1841 4604 1964 4643 om-

319 4663 416 4719 nia
468 4668 804 4735 quaerimus,
853 4670 988 4740 quid
1043 4672 1331 4744 signiﬁcet
1378 4674 1664 4746 genitum.
1717 4676 1884 4748 Nam,
1917 4678 1965 4733 si

2158 4324 2242 4378 10.
2277 4320 2465 4394 ’Δνόμ.
2500 4321 2612 4397 Πρὸ
2668 4319 2882 4375 πάντων
2932 4317 2990 4375 δὲ
3038 4320 3128 4374 καὶ
3173 4320 3301 4394 ὑπὲρ
3360 4322 3531 4374 πάντα
3589 4319 3733 4395 ἐρω-

2078 4416 2171 4481 τᾷν
2233 4407 2314 4465 δεῖ
2371 4408 2587 4477 αὐτοὺς,
2619 4409 2670 4463 τί
2724 4409 2974 4481 σημαίνει
3032 4410 3094 4464 τὸ
3154 4410 3472 4484 ἀγέννητον.
3505 4408 3570 4465 Ei
3634 4410 3731 4482 μὲν

2077 4500 2176 4575 γὰρ
2206 4501 2303 4567 τήν
2338 4498 2545 4569 οὐσίαν,
2578 4498 2710 4572 ὅπερ
2743 4498 2884 4553 ἐστὶν
2933 4496 3157 4568 ἀληθὲς,
3189 4498 3425 4567 τοσαύτη
3486 4494 3636 4553 ἔσται
3696 4501 3731 4567 ἠ

2076 4588 2426 4665 παραλλαγή.
2462 4590 2605 4664 Ὀρθ.
2643 4589 2737 4643 Καὶ
2780 4590 2942 4661 ἡμεῖς
2998 4584 3053 4642 δὲ
3098 4589 3203 4661 πρὸ
3245 4588 3455 4643 πάντων
3511 4588 3732 4663 ἔρωτῶ-

2080 4700 2199 4751 μεν,
2235 4678 2285 4732 τί
2318 4678 2573 4751 σημαίνει
2616 4679 2677 4732 τὸ
2724 4676 3000 4753 γεννητόν.
3036 4676 3099 4734 Ei
3162 4678 3256 4749 μὲν
3319 4678 3422 4753 γὰρ
3478 4679 3578 4745 τὴν
3638 4679 3730 4732 οὐ·

320 4754 711 4811 substantiam
748 4758 1024 4827 declarat,
1060 4763 1211 4832 quod
1256 4762 1470 4817 falsum
1503 4768 1611 4831 est,
1645 4764 1843 4820 omnia
1871 4782 1969 4837 ge-

2083 4765 2221 4832 σίαν,
2255 4765 2386 4842 ὅπερ
2419 4766 2528 4822 ἐστὶ
2578 4764 2792 4840 ψεῦδος,
2826 4764 2995 4820 πάντα
3036 4765 3102 4820 τὰ
3154 4766 3385 4841 γεννητά
3434 4766 3729 4838 ὁμοοῦσια·

324 4842 448 4897 nita
498 4854 669 4900 erunt
723 4850 1263 4905 consubstantialia.
1292 4854 1362 4907 At
1393 4852 1441 4906 si
1492 4869 1606 4908 non
1657 4862 1797 4910 sunt
1831 4872 1970 4912 con-

322 4933 711 4989 substantiala
761 4938 958 4992 omnia
1005 4940 1221 5009 genita,
1263 4942 1416 5012 quod
1468 4960 1668 5000 verum
1718 4948 1826 5016 est,
1873 4963 1969 5017 ge-

323 5020 511 5076 nitum
564 5023 740 5094 igitur
788 5043 902 5082 non
952 5034 1040 5083 est
1088 5030 1434 5087 substantia.
1487 5041 1565 5089 Ac
1615 5033 1662 5092 si
1707 5036 1968 5106 genitum

322 5127 437 5167 non
473 5118 559 5166 est
594 5116 945 5184 substantia,
978 5134 1091 5173 non
1138 5120 1405 5191 genitum
1437 5139 1669 5195 quoque
1703 5140 1815 5179 non
1851 5125 1969 5181 lue-

319 5198 397 5255 rit
426 5202 776 5259 substantia.
814 5206 972 5270 Quod
1011 5206 1058 5262 si
1111 5226 1222 5264 non
1275 5212 1538 5282 genitum
1571 5217 1660 5268 est
1690 5214 1970 5269 substan—

2082 4857 2126 4911 εί
2159 4855 2215 4911 δὲ
2246 4858 2307 4913 οὑ
2339 4856 2510 4911 πάντα
2538 4858 2605 4911 τὰ
2630 4855 2858 4933 γεννητά
2888 4854 3174 4926 ὁμοούσια,
3210 4854 3341 4927 ὅπερ
3392 4854 3532 4911 ἐστὶν
3585 4856 3736 4927 ἀλη-

2081 4948 2189 5015 θὲς,
2223 4946 2321 5002 οὐκ
2378 4948 2479 5020 ἄρα
2533 4945 2596 5001 τὸ
2653 4945 2906 5021 γεννητὸν
2954 4943 3126 4999 οὐσία.
3157 4943 3219 4999 Ei
3266 4942 3324 4999 δὲ
3354 4945 3415 4999 τὸ
3473 4948 3732 5021 γεννητὸν

2081 5036 2180 5091 οὐκ
2211 5034 2383 5101 οὐσία,
2416 5032 2630 5090 οὐδὲτὸ
2665 5035 2950 5110 ἀγέννητον
2985 5033 3159 5089 οὖσία.
3197 5032 3256 5087 Ei
3305 5031 3363 5088 δὲ
3408 5035 3471 5089 τὸ
3503 5035 3735 5109 ἀγέννη-

2079 5146 2169 5179 τον
2205 5123 2376 5194 οὑσία,
2408 5126 2469 5179 τὸ
2501 5121 2559 5179 δὶ
2585 5123 2840 5199 γεννητὸν
2888 5122 2988 5176 οὑκ
3034 5120 3205 5191 οὐσία,
3240 5122 3459 5177 ἀνοῦσια
3507 5125 3575 5178 τὰ
3620 5145 3737 5198 γεν-

2080 5215 2236 5283 νητά.
2269 5214 2331 5270 Τί
2391 5211 2481 5268 οὖν
2527 5215 2640 5286 (27)
2672 5210 2849 5288 λέγεις
2904 5209 3159 5284 ἀνόμοιον
3193 5230 3207 5280 ;
3240 5213 3315 5269 T6
3369 5212 3471 5288 γάρ
3532 5214 3609 5285 μὴ
3671 5210 3731 5266 ὃν

382 5400 426 5435 ⁸⁵
457 5399 628 5455 Hebr.
666 5418 700 5471 Ι,
734 5404 787 5457 3.
866 5403 909 5438 ⁵⁷
938 5405 1103 5460 Joan.
1138 5421 1191 5471 v,
1226 5406 1312 5461 19.
1388 5406 1433 5441 ⁵⁸
1466 5406 1619 5463 Psal.
1652 5424 1774 5476 cm,
1809 5411 1858 5464 4.
1936 5410 1970 5445 ³⁵

2083 5411 2150 5467 id.
2181 5413 2233 5467 5.
2313 5413 2357 5448 ⁸ο
2386 5412 2495 5469 Job
2529 5429 2605 5480 1x,
2631 5412 2685 5466 9.

388 5594 1219 5675 :Forivha'rxzjooi‘llarxymv
1285 5600 1432 5674 Ὀρθ.
1496 5601 1555 5658 Ei
1627 5604 1746 5675 μέν.
1816 5606 1957 5664 M88.

319 5664 492 5721 male.
530 5667 673 5722 Ibid.
714 5664 886 5724 Palati
922 5665 1244 5742 διατρέπειν.

2142 5608 2255 5682 (27)
2289 5604 2395 5664 Οὖν
2428 5608 2592 5665 deest
2620 5608 2679 5664 in
2713 5607 2889 5664 Palat.
