4092 6218
341 307 495 368 11⁸79

1508 311 1571 371 S.
1621 311 2144 372 A'l‘HANASlUS.
2172 343 2244 354 ——-
2277 311 2585 374 SPUHlA.

3609 307 3765 368 1180

344 439 522 495 dicit:
557 439 847 510 siquidem
884 445 1184 498 ostensum
1217 448 1526 515 est,ueque
1557 460 1667 499 non
1703 440 1989 516 genitum,

2122 440 2163 495 :6
2208 441 2401 509 εαυτῆς
2463 441 2660 496 οἰκεῖον
2713 439 2981 514 ἐπείγεται
3035 444 3176 493 πᾶσα
3235 437 3412 516 φύσις.
3472 439 3623 512 Ὀρθ.
3691 440 3762 492 Τὸ

345 545 534 600 neque
590 529 872 601 genitum,
933 547 1062 587 esse
1117 535 1534 589 substantiam.
1586 534 1774 587 Anam.
1821 532 1878 586 Si
1936 533 1993 587 id

346 619 495 690 quod
530 623 613 672 est
650 636 760 673 non
793 620 1075 688 genitum,
1107 622 1369 692 genitum
1412 627 1520 690 est,
1555 621 1692 692 quid
1728 620 1998 693 prohibet

345 707 686 780 quominus,
718 709 868 778 quod
904 709 1167 780 genitum
1204 715 1311 778 est,
1333 711 1509 765 fuerit
1542 728 1651 765 non
1682 709 1942 782 genitum
1969 710 1996 764 ’ἶ

346 796 549 852 Omnis
583 797 736 851 enim
788 802 997 852 natura
1029 799 1224 870 potius
1276 800 1346 854 ad
1380 801 1458 866 id,
1512 800 1665 871 quod
1718 799 1828 870 ipsi
1865 815 1995 870 pro-

346 886 536 957 prium
572 890 659 940 est
693 885 1231 957 impellitur,quam
1269 889 1338 942 ad
1368 888 1424 941 id
1459 889 1610 959 quod
1645 893 1733 942 est
1763 888 1835 942 ab
1867 888 1997 959 ipsa

347 975 625 1028 alienum.
663 974 794 1028 Orth
861 975 983 1030 Non
1017 976 1277 1047 genitum
1313 994 1502 1048 neque
1547 977 1771 1048 genuit,
1807 994 1996 1048 neque

349 1063 606 1135 genitum
661 1068 770 1130 est,
805 1079 934 1117 cum
989 1081 1100 1118 non
1154 1064 1229 1118 sit
1278 1065 1654 1120 substantia:
1688 1066 1786 1120 sed
1825 1069 1992 1131 Deus,

347 1151 573 1206 etiamsi
607 1151 788 1204 Judaei
819 1157 1008 1208 tecum
1044 1152 1100 1206 id
1136 1153 1343 1221 nolint,
1369 1153 1568 1225 genuit
1603 1171 1615 1207 :
1650 1153 1738 1208 sin
1773 1154 1993 1220 minus,

349 1256 779 1311 supervacanea
829 1240 975 1295 foret
1006 1241 1194 1296 Patris
1245 1241 1578 1314 appellatio.
1614 1242 1755 1297 Cum
1801 1247 1994 1297 autem

255 1393 262 1400 ,ι
347 1327 542 1382 dixisti
578 1334 842 1391 naturam
891 1330 1085 1400 potius
1121 1331 1189 1385 ad
1223 1332 1277 1385 id
1315 1331 1528 1402 urgeri,
1561 1332 1713 1403 quod
1748 1336 1837 1386 est
1884 1330 1997 1404 ipsi

348 1417 855 1488 proprium,simul
888 1418 1139 1474 docuisti
1169 1437 1281 1475 non
1303 1421 1566 1492 genitum
1601 1438 1716 1476 non
1753 1437 1879 1476 esse
1901 1438 1998 1475 na-

2106 529 2393 604 ἀγὲννητον
2430 528 2552 583 οὕτε
2611 528 2905 604 ἐγέννησεν,
2958 523 3082 583 οὔτε
3129 526 3409 604 ἐγεννήθη·
3462 526 3620 580 οὐσία
3659 527 3764 602 γὰρ

2106 618 2203 673 οὐκ
2233 617 2392 673 ἔστιν·
2428 620 2455 673 6
2489 616 2547 672 δὲ
2601 618 2729 678 Θεὸς
2778 617 3044 694 ἐγέννησε,
3095 615 3192 671 κᾶν
3244 618 3318 688 μή
3367 615 3567 680 θέλωσι
3633 618 3770 689 μετὰ

2106 705 2201 762 σοῦ
2233 710 2342 782 (51)
2401 709 2456 762 0i.
2511 705 2787 764 Ἰουδαῖον
2839 707 2884 761 si
2943 704 2999 762 δὲ
3059 706 3158 761 οὐκ
3213 705 3483 781 ἐγέννησε,
3530 707 3763 780 περιττή

2103 799 2192 851 καὶ
2225 799 2259 867 ἡ
2289 798 2384 852 τοῦ
2419 799 2630 872 Πατρὸς
2659 796 3023 874 προσηγορία.
3055 797 3127 850 Τὸ
3159 793 3237 862 δὲ,
3273 790 3487 868 μᾶλλον
3517 796 3622 871 γὰρ
3677 793 3764 849 ὲπῖ

2106 886 2165 939 τὸ
2217 887 2409 956 ἑαυτῆς
2465 885 2662 940 οἰκεῖον
2726 885 2991 960 ἐπείγεται
3051 890 3192 938 πᾶσα
3263 881 3440 949 φύσις,
3497 882 3765 958 εἰρηκὼς,

2108 973 2347 1046 ἐδίδαξας
2381 979 2513 1048 (52),
2545 977 2629 1030 ’ὁτι
2676 975 2737 1030 οὐ
2768 975 2828 1030 τὸ
2881 974 3170 1050 ἀγέννητον
3217 975 3252 1043 ἡ
3303 971 3481 1051 φύσις·
3542 974 3607 1027 τὸ
3657 973 3766 1046 γὰρ

2107 1063 2453 1139 ἐπειγόμενον
2515 1062 2655 1119 ἄλλο
2714 1064 2848 1137 πρὸς
2908 1061 3047 1117 ἄλλο
3081 1061 3372 1136 ἐπείγεται.
3421 1059 3486 1116 Ei
3544 1057 3604 1114 δὲ
3635 1057 3764 1114 οὕτε

2104 1157 2204 1207 τοῦ
2236 1153 2437 1208 οἰκείου
2500 1153 2638 1208 ἐστὶν
2699 1154 2842 1222 Υἱὸς,
2901 1149 3024 1206 οὔτε
3079 1158 3178 1221 τῆς
3239 1151 3448 1229 φύσεως
3491 1149 3610 1204 εἶπε
3643 1155 3768 1211 τοῖς

2107 1239 2417 1304 Ἰουδαίοιςσ
2451 1240 2642 1304 δώσεις
2672 1243 2772 1318 γὰρ
2806 1241 2988 1302 αὐτοῖς
3020 1240 3328 1316 εὐαγγελιαο
3363 1239 3444 1294 ὅτι
3473 1239 3567 1294 τὸν
3625 1241 3770 1311 μήτε

2105 1330 2202 1386 τοῦ
2235 1331 2434 1386 οῗκείου
2465 1326 2594 1386 ὅντα
2628 1332 2751 1385 Υἱὸν
2808 1332 2947 1403 μήτε
2988 1338 3085 1398 τῆς
3135 1328 3344 1407 φύσεως
3394 1327 3768 1403 ἐσταύρωσαν,

2109 1419 2338 1496 λεγοντα
2366 1421 2556 1475 ἑαυτοῦ
2589 1417 2727 1474 ἴδιον
2759 1420 2968 1491 Πατέρα
2994 1421 3084 1472 τὸν
3119 1419 3268 1474 Θεὸν.

346 1510 558 1560 turam.
594 1510 733 1560 Cum
767 1507 923 1560 enim
956 1508 1258 1580 quidpiam
1312 1514 1569 1581 urgetur,
1606 1509 1855 1564 alterum
1901 1510 1971 1564 ad
2007 1508 2254 1565 alterum
2309 1517 2569 1584 urgetur.
2604 1510 2764 1577 Quod
2820 1510 2866 1564 si
2901 1525 3092 1579 neque
3141 1508 3221 1562 rei
3270 1506 3518 1579 proprie
3571 1521 3771 1578 neque

349 1598 569 1648 naturae
604 1592 783 1650 Filius
813 1599 920 1662 est,
950 1595 1058 1650 hoc
1091 1597 1268 1651 dicito
1299 1598 1556 1664 Judmis;
1590 1598 1796 1652 afferes
1829 1598 1984 1652 enim
2018 1598 2102 1653 eis
2136 1597 2359 1654 felicem
2403 1599 2673 1654 nuntium
2710 1615 2722 1652 :
2759 1597 2910 1669 quod
2943 1597 3209 1651 videlicet
3248 1611 3404 1656 eum,
3438 1594 3538 1664 qui
3577 1610 3774 1666 neque

347 1681 427 1736 rei
463 1682 704 1752 propriae
737 1699 924 1754 neque
958 1689 1179 1739 naturae
1215 1685 1394 1740 Filius
1425 1690 1568 1751 erat,
1603 1685 2034 1754 cruciﬁxerunt,
2068 1687 2348 1758 quoniam
2386 1692 2562 1742 Deum
2603 1687 2823 1741 Patrem
2858 1702 2986 1741 esse
3015 1701 3190 1740 suum
3224 1683 3472 1738 dicebat.

421 1771 506 1826 14.
549 1777 747 1826 .4nom.
781 1773 1078 1844 Siquidem
1116 1791 1228 1828 non
1261 1779 1422 1830 totus
1459 1779 1606 1830 Deus
1633 1781 1721 1831 est
1751 1792 1865 1830 non
1899 1791 1998 1845 ge-

2180 1778 2266 1833 14.
2300 1773 2490 1846 ’Λνόμ.
2524 1773 2586 1829 Ei
2620 1775 2696 1846 μὴ
2729 1773 2860 1834 ὅλος
2893 1775 2919 1828 6
2953 1773 3081 1834 Θεός
3111 1771 3252 1827 ἐστιν
3301 1771 3614 1846 ἀγέννητὸς,
3668 1769 3763 1823 οὐ-

348 1859 682 1929 nitus,nihil
707 1861 951 1933 impedit
972 1862 1287 1932 quominus
1309 1865 1574 1934 genuerit
1595 1863 1996 1919 substantiali-

348 1953 453 2004 ter.
490 1953 562 2002 At
596 1950 642 2002 si
693 1955 848 2004 totus
882 1958 969 2004 est
1019 1967 1133 2005 non
1181 1951 1437 2023 genitus,
1474 1970 1585 2007 non
1638 1953 1860 2008 divisus
1909 1957 1998 2008 est

350 2038 818 2092 substantialiter
863 2039 933 2094 ad
967 2042 1386 2112 generandum,
1420 2042 1519 2096 sed
1564 2047 1846 2114 potestate
1893 2041 1995 2096 tri-

349 2128 476 2182 buit
506 2127 952 2182 subsistentiam
998 2129 1212 2201 genito.
1250 2129 1401 2185 Orth.
1436 2131 1494 2185 Si
1526 2135 1683 2186 totus
1729 2134 1880 2186 Deus
1911 2135 2000 2186 est

351 2218 605 2288 genitus,
642 2216 786 2272 nihil
837 2218 1128 2288 prohibet,
1181 2221 1498 2291 quominus
1547 2220 1812 2292 genuerit
1859 2221 2000 2275 sub-

351 2305 727 2361 stantialiter.
766 2308 838 2360 At
885 2306 1086 2376 Filius,
1119 2312 1184 2362 ut
1211 2311 1270 2362 tu
1305 2309 1429 2380 ipse
1479 2310 1685 2372 sentis,
1718 2313 1878 2365 totus
1909 2314 2001 2364 est

351 2394 604 2466 genitus.
639 2395 740 2450 Dic
771 2395 970 2467 igitur,
1005 2413 1178 2468 quem
1210 2397 1479 2468 genuerit
1509 2398 1998 2454 substantialiter.

353 2484 513 2547 Quod
549 2483 595 2538 si
633 2483 856 2539 nullum
910 2485 1115 2557 genuit
1159 2487 1648 2554 substantialiter,
1682 2492 1738 2542 et
1768 2488 2002 2559 genitus

353 2578 481 2640 est;
519 2589 632 2627 non
666 2572 846 2644 igitur
875 2574 1272 2646 consequitur,
1307 2577 1445 2647 quia
1474 2576 1706 2648 genitus
1737 2581 1844 2646 est,
1866 2593 1999 2631 eum

353 2677 630 2732 generare
679 2661 1162 2718 substantialiter.
1195 2667 1267 2718 At
1299 2663 1346 2718 si
1393 2664 1594 2730 Filius,
1629 2680 1692 2720 eo
1740 2666 1892 2737 quod
1926 2666 2002 2720 sit

359 2751 609 2822 genitus,
643 2768 756 2806 non
811 2751 1036 2825 gignit;
1071 2769 1142 2809 ne
1188 2754 1358 2809 Pater
1403 2753 1664 2825 quidem,
1697 2753 1838 2826 quia
1884 2771 2000 2810 non

356 2841 589 2913 genitus
619 2841 957 2914 est,gignit;
991 2843 1113 2911 sed,
1135 2842 1409 2914 quoniam
1448 2848 1596 2900 Deus
1627 2849 1734 2912 est,
1759 2844 2005 2916 ipsaque

357 2929 562 3002 gloria,
597 2929 969 3002 splendorem
997 2931 1192 2997 habet,
1226 2947 1357 2987 eum
1391 2931 1656 2989 videlicet
1700 2950 1873 3006 quem
1907 2949 2002 3006 ge-

360 3018 488 3073 nuit
521 3025 696 3073 Deum
727 3019 788 3073 in
823 3036 949 3074 sese
979 3020 1552 3078 subsistentem.Nisi
1585 3021 1740 3078 enim
1765 3039 1832 3077 ex
1862 3023 2004 3078 sub-

2109 1862 2193 1917 δέν
2227 1865 2337 1936 (53)
2369 1861 2572 1916 κωλύει
2602 1862 2662 1916 τὸ
2692 1862 3062 1937 γεγεννηκέναι
3098 1855 3400 1920 οὐσιωδῶς.
3435 1856 3498 1912 Ei
3544 1855 3605 1911 δὶ
3639 1856 3773 1918 ὃ).ος

2107 1950 2242 2006 ἐστΐν
2279 1951 2589 2026 ἀγὲννητος,
2625 1950 2724 2004 οὐκ
2751 1941 3030 2010 οὐσιωδῶς
3063 1948 3138 2010 εἷς
3173 1947 3377 2022 γένεσιν
3412 1943 3598 2014 διέστη
3622 1947 3758 2017 (54),

2107 2039 2318 2113 ἐξουσίᾳ
2377 2037 2434 2094 δὲ
2489 2038 2753 2108 ὑπέστησε
2807 2037 2870 2092 16
2926 2036 3189 2114 γέννημα.
3250 2036 3396 2111 Ὀρθ.
3459 2034 3581 2088 Ἐὰν
3625 2032 3762 2094 ὅλος

2105 2132 2220 2203 (55)
2251 2131 2278 2183 6
2319 2129 2448 2189 Θεὸς
2504 2128 2756 2204 γεννητὸς
2805 2129 2862 2198 ᾖ,
2923 2124 3076 2181 οὐδὲν
3125 2123 3328 2180 κωλύει
3379 2122 3763 2200 γεγεννηκέναι

2107 2217 2270 2273 αὐτὸν
2303 2214 2608 2278 οὐσιωδὼς’
2630 2214 2759 2276 ὅλος
2785 2213 2843 2270 δὲ
2861 2217 2889 2270 6
2917 2215 3038 2276 Υἱὸς
3061 2215 3196 2269 κατᾶ⁴
3228 2213 3286 2268 σὲ
3304 2211 3563 2288 γεννητὸς
3595 2212 3762 2268 ἐστιν’

2109 2306 2225 2362 εἰπὲ
2252 2304 2373 2360 τίνα
2430 2305 2701 2381 ἐγέννησεν
2753 2301 3054 2365 οὐσιωδῐὺς.
3103 2303 3162 2358 Εί
3207 2301 3264 2357 δὲ
3315 2299 3506 2358 οὐδένα
3537 2301 3766 2378 ἕγὲννη-

2111 2417 2195 2451 σεν
2246 2392 2525 2456 οὐσιωδῶς
2585 2397 2718 2468 (56),
2776 2392 2864 2448 καὶ
2897 2391 3156 2468 γεννητός
3216 2390 3385 2446 ἐστιν’
3426 2391 3526 2445 οὐκ
3559 2392 3684 2466 ἄρα,
3721 2391 3768 2446 εί

2109 2485 2363 2562 γεννητός
2431 2484 2565 2557 ἐστι,
2620 2489 2782 2560 γεννᾷ
2836 2481 3139 2544 οὐσιωδῶς.
3174 2482 3234 2536 Ei
3283 2479 3361 2554 δἐ,
3395 2480 3770 2558 ὅτιγεννητός

2111 2574 2251 2628 ἐστιν
2285 2575 2312 2629 6
2343 2574 2490 2643 Υἱὸς,
2531 2573 2594 2628 οὐ
2644 2578 2821 2648 γεννᾷ,
2874 2570 2999 2628 οὐδὲ
3048 2572 3075 2627 6
3127 2573 3336 2646 Πατὴρ,
3369 2571 3413 2626 εί
3462 2569 3766 2645 ἀγέννητὸν

2111 2663 2451 2740 ἐστι,γεννᾷ·
2503 2661 2649 2718 ἀλλὰ
2697 2662 2826 2724 Θεὸς
2886 2659 2983 2734 ὢν,
3041 2661 3129 2715 καὶ
3187 2658 3468 2732 αὐτοδόξα,
3529 2658 3771 2736 ἀπαύγα-

2112 2772 2223 2825 σμα
2253 2747 2367 2826 ἔχει
2419 2752 2661 2828 γέννημα
2708 2752 2820 2824 (57)
2850 2750 2977 2806 Θεὸν
3029 2748 3411 2804 ἐνυπόστατον.
3451 2748 3517 2805 Ei
3549 2750 3656 2824 γὰρ
3692 2750 3771 2821 μὴ

2113 2843 2171 2897 ἐκ
2197 2849 2296 2912 τῆς
2327 2841 2508 2904 οὐσίας
2568 2840 2868 2918 ἐγέννησεν,
2931 2838 3056 2896 οὐδὲ
3113 2842 3300 2917 Πατήρ
3359 2839 3470 2896 ἐστι
3519 2841 3640 2894 κατ’
3672 2839 3773 2894 οὐ-

2114 2931 2251 2986 σίαν.
2309 2930 2404 2985 Καὶ
2451 2928 2544 2985 τίνα
2590 2931 2643 2985 τί
2689 2930 2964 3006 βαπτίζεις
2991 2929 3069 2991 εἷς
3097 2928 3345 3002 τούνομα
3401 2932 3498 2982 τοῦ
3533 2933 3773 3003 Πατρος,

2113 3018 2210 3075 τοῦ
2247 3021 2321 3094 μὴ
2353 3021 2468 3075 κατ’
2501 3017 2682 3074 οὐσίαν
2719 3018 2962 3092 Πατρός;
2997 3020 3260 3088 Γεννήσας
3292 3015 3350 3072 δὶ
3407 3017 3466 3071 ἐκ
3520 3024 3621 3085 τῆς
3680 3017 3775 3072 οὐ·

359 3107 574 3161 stantia
609 3108 1013 3178 genuerit,non
1048 3115 1137 3165 est
1169 3110 1334 3165 Pater
1363 3113 1691 3167 secundum
1723 3113 2003 3168 substan-

2123 3110 2262 3178 σίας,
2321 3109 2386 3163 οὐ
2445 3106 2625 3179 διέστη
2690 3107 2764 3170 ὡς
2818 3106 3094 3180 ἒνόμισαςο
3130 3107 3192 3162 06
3224 3107 3327 3182 γὰρ
3370 3104 3530 3179 σῶμά
3558 3105 3702 3160 ἐστιν
3737 3108 3774 3175 ἡ

2164 3198 2177 3215 ἱ
2230 3199 2240 3215 1
2331 3200 2342 3215 Ι
2363 3205 2375 3215 Α
2440 3197 2453 3215 Ι
2557 3196 2623 3215 π),
2653 3195 2707 3215 HN
2821 3198 2932 3215 ΙΡΛὶ
2967 3195 2982 3215 9
3058 3196 3072 3214 \
3360 3196 3374 3212 ἱ
3470 3195 3485 3215 1
3552 3194 3565 3215 9
3625 3196 3636 3215 Ι

360 3196 527 3250 tiam.
563 3198 626 3250 Et
679 3213 958 3266 quorsum
992 3198 1252 3269 baptizas
1301 3200 1358 3254 in
1393 3201 1628 3256 nomine
1675 3201 1878 3272 Patris,
1912 3203 2006 3271 qui

360 3301 474 3338 non
535 3284 612 3338 sit
656 3286 978 3340 secundum
1032 3287 1424 3344 substantiam
1479 3290 2006 3346 Pater?Caeterum

361 3375 608 3448 gignens
640 3392 704 3430 ex
737 3392 846 3430 sua
876 3376 1208 3432 substantia
1240 3378 1549 3449 Pater,non
1582 3380 1804 3436 divisus
1836 3387 1922 3436 est
1946 3385 2011 3435 ut

362 3465 566 3529 sentis,
605 3463 884 3536 quoniam
942 3482 1010 3521 ea
1067 3467 1396 3522 substantia
1455 3485 1569 3522 non
1628 3474 1716 3524 est
1773 3486 2006 3542 corpus.

363 3555 555 3609 Anam.
593 3555 650 3608 Si
684 3553 837 3609 Deus
868 3569 983 3608 non
1016 3555 1252 3626 genitus
1302 3561 1392 3610 est
1422 3561 1579 3612 totus
1609 3560 1923 3629 generandi
1956 3559 2009 3614 vi

365 3643 665 3715 prmditus,
699 3642 756 3697 id
791 3643 939 3714 quod
974 3643 1233 3716 genitum
1267 3648 1355 3700 est
1387 3662 1498 3701 non
1535 3651 1622 3702 est
1652 3648 2010 3703 substantia-

364 3732 497 3787 liter
528 3733 816 3804 genitum,
851 3750 983 3788 cum
1016 3737 1140 3789 tota
1169 3733 1328 3790 illius
1375 3735 1704 3790 substantia
1737 3753 1860 3791 eum
1893 3738 2010 3793 vim

368 3821 597 3888 habeat,
635 3838 746 3893 qua
779 3822 1002 3895 gignat,
1037 3839 1150 3878 non
1184 3827 1380 3880 autem
1413 3841 1531 3896 qua
1559 3825 2010 3898 gignatur.0rth.

369 3911 450 3965 Ex
481 3915 578 3965 tua
629 3911 936 3984 sapientia,
971 3911 1019 3967 si
1068 3913 1340 3982 gignendi
1385 3914 1435 3967 vi
1487 3915 1730 3986 praedita
1777 3921 1866 3971 est
1919 3915 2015 3971 lux

372 4000 666 4066 universa,
699 4018 808 4055 non
861 4000 1048 4074 gignit
1079 4001 1447 4074 splendorem
1483 4020 1551 4059 ex
1597 4021 1704 4059 sua
1735 4005 2016 4074 essentia,

371 4091 469 4143 sed
505 4090 866 4144 extrinsecus
918 4089 1113 4161 ipsum
1159 4090 1384 4163 recipit,
1417 4093 1694 4163 quoniam
1749 4098 1869 4148 tota
1898 4094 2014 4149 vim

2123 3198 2294 3253 οὐσία.
2331 3197 2522 3271 Ἀνόμ.
2557 3196 2623 3254 Ei
2653 3195 2784 3258 ’ὀλος
2965 3195 3074 3251 ἐστῖ
3103 3196 3412 3272 γεννητικὸς
3463 3195 3492 3248 6
3541 3194 3778 3270 ἀγέννη-

2115 3309 2207 3348 τος
2237 3287 2385 3354 Θεὸς,
2420 3287 2518 3341 οὐκ
2547 3282 2827 3346 οὐσιωῖὦς
2866 3285 2930 3339 τὸ
2975 3285 3231 3359 γεννηθὲν
3290 3283 3580 3359 ἐγεννήθη,
3635 3282 3778 3352 ὅλης

2118 3375 2358 3452 ἐχούσης
2405 3382 2504 3445 τῆς
2546 3375 2727 3436 οὐσίας
2759 3373 2922 3428 αὐτοῦ
2951 3393 3014 3426 το
3045 3377 3254 3447 γεννᾷν,
3288 3369 3417 3426 ἀλλ’
3447 3370 3509 3425 οὐ
3546 3372 3612 3425 τὸ
3661 3392 3779 3446 γεν-

2117 3468 2324 3522 νᾶσθαι.
2356 3468 2510 3540 Ὀρο.
2547 3463 2690 3518 Κατᾶ
2716 3465 2814 3532 τήν
2847 3464 2944 3532 σὴν
2979 3463 3191 3541 σοφίαν,
3243 3461 3286 3516 εί
3322 3459 3453 3517 ὅλον
3491 3460 3602 3515 ἐστὶ
3651 3481 3777 3537 γεν-

2119 3556 2335 3625 νητικὸν
2367 3555 2430 3609 τὸ
2461 3558 2599 3631 φῶς,
2633 3553 2730 3608 οὐκ
2776 3549 3056 3613 οὐσιωδῶς
3113 3551 3176 3606 τὸ
3230 3549 3558 3626 ἀπαύγασμα
3586 3554 3774 3625 γεννᾷ,

2119 3643 2246 3701 ἀλλ’
2281 3641 2468 3715 ἔξωθεν
2505 3647 2614 3719 (59)
2667 3643 2797 3698 αὐτὸ
2845 3638 3279 3718 προσλαμϐάνει,
3333 3640 3471 3711 ὅλης
3529 3640 3775 3716 ἐχούσης

2118 3742 2218 3804 τῆς
2249 3733 2430 3792 οὐσίας
2465 3732 2628 3788 αὐτοῦ
2655 3733 2717 3788 τὸ
2748 3737 2960 3806 γεννᾷν,
2992 3730 3119 3787 ἀλλ’
3151 3730 3212 3785 οὐ
3255 3731 3318 3785 τὸ
3368 3735 3676 3805 γεννᾶσθαι·
3731 3729 3778 3784 εἷ

2123 3824 2181 3882 δὲ
2212 3826 2272 3880 οὐ
2298 3819 2708 3900 προσλαμϐάνει
2736 3824 2798 3878 τὸ
2829 3827 2944 3898 φῶς
2975 3820 3166 3893 ἔξωθεν
3191 3823 3254 3877 τὸ
3286 3823 3618 3896 ἀπαύγασμα
3650 3820 3779 3875 ἀλλ’

2124 3915 2183 3970 ἐκ
2211 3921 2311 3984 τῆς
2369 3913 2551 3975 οὐσίας
2612 3913 2742 3968 αὐτὸ
2788 3917 2968 3988 γεννὲίὶ⁹
3016 3909 3141 3966 οὐδὲ
3189 3911 3216 3965 6
3264 3911 3391 3971 Θεὸς
3441 3909 3778 3980 ἐπεκτήσατο

2126 4002 2314 4074 ἔξωθεν
2347 4003 2492 4074 Υἱὸν,
2523 4001 2650 4058 ἀλλ’
2682 4002 2741 4057 ἐκ
2767 4007 2867 4070 τῆς
2901 3999 3084 4062 οὐσίας
3140 4001 3399 4076 γεννήσας
3448 4001 3584 4072 (60),
3642 3999 3779 4071 ἆμέ-

2131 4113 2312 4166 ριστος
2357 4092 2524 4165 μένει·
2559 4091 2847 4164 ἀσώματος
2880 4089 3007 4166 γάρ.

375 4178 550 4231 habet
583 4195 696 4249 qua
729 4179 949 4249 gignat,
983 4177 1096 4233 non
1130 4185 1322 4235 autem
1375 4198 1492 4253 qua
1524 4183 1796 4256 gignatur
1829 4202 1842 4238 :
1877 4185 1967 4238 sin
1999 4201 2131 4240 vero
2182 4184 2279 4239 lux
2330 4201 2441 4238 non
2491 4183 2693 4256 recipit
2738 4181 3101 4238 extrinsecus
3147 4179 3542 4252 splendorem,
3575 4179 3681 4234 sed
3716 4195 3786 4232 ex

374 4283 480 4321 sua
510 4267 842 4322 substantia
871 4265 1034 4322 illum
1068 4268 1295 4341 gignit;
1326 4270 1480 4326 Deus
1512 4288 1738 4344 quoque
1786 4290 1900 4328 non
1935 4273 2171 4329 aliunde
2219 4272 2528 4344 acquisivit
2558 4271 2792 4340 Filium,
2824 4271 2922 4326 sed
2959 4285 3025 4325 eo
3055 4286 3124 4325 ex
3154 4286 3264 4325 sua
3309 4268 3648 4324 substantia
3677 4283 3784 4340 ge-

377 4356 521 4419 nito,
556 4355 893 4409 individuus
926 4363 1144 4423 manet,
1178 4358 1453 4430 quoniam
1482 4365 1571 4415 est
1598 4361 1996 4434 incorporeus.

450 4445 600 4499 482
637 4445 718 4497 15.
753 4445 940 4501 Anam.
975 4445 1030 4500 Si
1079 4462 1214 4501 vero
1254 4448 1642 4503 substantiam
1681 4449 1780 4504 Dei
1829 4453 2018 4505 trans-
2054 4458 2099 4522 ι)

376 4533 683 4586 formatam
718 4532 981 4588 dicamus
1012 4551 1140 4590 esse
1166 4535 1221 4589 id
1257 4536 1408 4605 quod
1443 4537 1705 4610 genitum
1738 4543 1847 4604 est,
1880 4539 2019 4594 sub-

377 4623 594 4676 stantia
627 4621 721 4676 Dei
756 4639 870 4677 nou
902 4627 990 4678 est
1021 4624 1578 4694 immutabilis,cum
1612 4627 1856 4684 mutatio
1889 4645 2017 4699 pro-

377 4710 499 4781 prie
553 4709 758 4764 Filium
792 4711 1142 4767 formaverit.
1178 4714 1332 4770 Orth.
1383 4714 1440 4770 Si
1491 4715 1588 4771 lux
1637 4718 2020 4773 transforma-

451 4836 559 4904 (51)
594 4835 773 4910 Iidem
808 4835 1122 4910 p'iléjmd‘t
1155 4838 1289 4910 μετὰ
1315 4843 1438 4894 σοῦ,

419 4911 562 4998 ((52)
597 4905 818 4977 Iidem,
857 4905 1080 4978 ἔδειξας.
1135 4905 1290 4966 ΓΠίίἮ
1341 4911 1542 4981 iidem,
1591 4912 1794 4967 οἷγείου
1821 4910 1960 4968 ἐστὶν
1995 4913 2022 4967 6

594 5049 771 5126 Palat.
807 5054 858 5117 1,
889 5053 924 5105 2
950 5057 1011 5126 et
1047 5058 1193 5126 Aug.
1229 5051 1293 5108 Ei
1331 5053 1423 5124 μὲν
1460 5049 1590 5116 ὅλος
1618 5053 1696 5126 (ὅ)
1713 5075 1785 5116 ως
1821 5055 1934 5110 Pal.
1972 5059 2024 5124 1)

380 5124 407 5177 ὁ
440 5119 566 5200 Θεὸς
598 5119 1000 5200 ἐστιλγεννητὸς
1033 5119 1208 5200 οὐδέν’
1246 5119 1433 5200 Felpk.
1458 5119 1686 5200 autem,
1731 5127 1794 5180 Ei
1847 5126 1941 5200 μὲν
1995 5119 2022 5181 6

378 5193 555 5268 Λόγος
649 5193 789 5271 Θεὸς
809 5194 920 5249 ἐστι
952 5197 1234 5271 γεννητὸς,
1268 5194 1384 5254 οὐδ.
1420 5199 1549 5254 Mox
1595 5193 1799 5255 omnes
1831 5193 2018 5256 Felck.

380 5264 520 5323 mss.
560 5266 621 5318 Ei
656 5264 713 5319 δὲ
742 5265 906 5328 ὅλως.

450 5339 710 5411 (511)7Pal.
773 5343 806 5394 2
856 5345 912 5394 et
957 5341 1101 5411 Aug.
1164 5338 1386 5407 ὑπέστη.
1432 5343 1555 5396 Mox
1619 5340 1731 5394 Pal.
1793 5341 2022 5411 l."E&v

378 5398 523 5471 ὅλως
549 5398 744 5498 ’γὸὶΘεηὸς
783 5398 1164 5484 γεννητὸςυεῖ.
1219 5398 1364 5466 Fulc:
1413 5411 1530 5464 Ἐὰν
1565 5412 1592 5464 6
1627 5411 1793 5485 Λόγος
1827 5398 2023 5474 δ’Θεὸς

376 5483 776 5624 γείέἒῖῗεῇίὲ
826 5558 882 5608 et
910 5555 1057 5626 Aug.
1093 5550 1154 5606 Ei
1189 5548 1320 5614 ὅλος
1352 5549 1410 5607 δὲ
1443 5553 1558 5609 Pal.
1595 5558 1619 5611 1
1653 5553 1712 5607 Ei
1747 5552 1892 5616 ὅλως
1945 5552 2023 5611 δέ.

378 5625 567 5681 Felck.
604 5621 750 5681 ὅλως
780 5619 856 5679 δὲ.
1567 5657 1576 5663 ~

423 5641 567 5681 010K.
604 5641 750 5685 οΛως
780 5641 856 5679 οε.
1567 5657 1576 5663 ·

2209 4449 2288 4504 15.
2326 4446 2516 4520 Ἀνόμ.
2575 4446 2639 4504 Ei
2699 4443 2756 4501 δὲ
2818 4447 3356 4522 μετασχηματιθεῖσα
3496 4443 3658 4497 οὐσία
3685 4447 3785 4497 τοῦ

2131 4541 2263 4592 Θεοῦ
2297 4538 2533 4612 γέννημα
2563 4535 2799 4610 λέγεται,
2833 4535 2932 4589 οὐκ
2983 4529 3362 4608 ἀμετάϐλητος
3392 4535 3426 4601 ἡ
3473 4532 3636 4587 οὐσία
3688 4532 3783 4586 αὐ-

2127 4630 2228 4681 τοῦ
2258 4633 2358 4696 τῆς
2395 4621 2705 4700 μεταϐολῆς
2747 4624 3119 4700 ἐργασαμένης
3166 4624 3265 4690 τήν
3291 4627 3393 4678 τοῦ
3449 4623 3578 4677 Υίοῦ
3639 4617 3784 4675 ἰδιο-

2128 4716 2346 4787 ποίησιν
2399 4719 2534 4787 (61).
2588 4717 2736 4790 ὈρΘ.
2779 4714 2850 4772 Ei’
2897 4713 3517 4790 μετασχηματισάμενον
3559 4713 3623 4766 16
3671 4715 3786 4789 φῶς

2201 4844 2313 4912 (56)
2349 4841 2462 4912 Pal.
2498 4845 2616 4912 1,2
2647 4848 2704 4897 et
2730 4843 2876 4912 Aug.
2911 4838 3186 4912 ἐγέννησεν
3219 4839 3248 4892 6
3297 4838 3418 4912 Υἱὸς
3467 4835 3582 4912 οὐσ.
3613 4839 3782 4912 _lbid_.

2136 4906 2328 4968 Fe'leli-
2355 4983 2361 4984 ί
2389 4909 2668 4984 οὐσιωὸὦς
2725 4906 2983 4984 γεννητός
3034 4906 3173 4964 ἐστιν
3217 4911 3398 4984 _Pal._1
3435 4906 3788 4984 οὐσιωὸῶς

2176 4983 2590 5054 εννητόςνέστιν.
2627 4978 2808 5054 Ροίξὲ
2858 4978 2911 5054 et
2969 4986 3116 5054 Aug.
3172 4978 3458 5054 0604036);
3517 4978 3782 5054 γεννητιξς

2176 5003 2396 5053 εννητος
2430 5003 2590 5039 εστιν.
2629 5003 2742 5038 I'ul.
2775 5003 2808 5037 Ζ
2858 5003 2911 5038 Θῐ
2969 5003 3116 5054 aug.
3172 5003 3458 5040 ουσιωοως
3517 5003 3782 5054 γεννητος

2135 5003 2232 5130 ἓν,
2267 5055 2366 5130 οὐκ
2386 5053 2487 5128 ἄρα
2515 5055 2551 5130 ᾖ
2579 5053 2832 5130 γενμνητός
2877 5053 2992 5130 ἐστι
3031 5057 3189 5127 γεννᾷ
3246 5049 3548 5112 οὐσιωδῶς.
3611 5053 3679 5108 El.
3727 5050 3787 5106 δὲ

2135 5123 2242 5200 οὐχ
2271 5126 2306 5200 ᾖ
2342 5123 2559 5200 γενν..ξ.
2655 5123 2942 5199 ἀγὲννητός
2972 5123 3106 5200 ἐστι.

2205 5147 2219 5160 κ
2271 5147 2304 5194 η
2342 5147 2559 5200 γενν....
2592 5147 2625 5194 η
2655 5147 2942 5199 αγεννητος
2977 5147 3106 5179 εστι.

2205 5147 2321 5271 (57')
2349 5190 2795 5271 I‘évvnpa'abest
2824 5217 2857 5253 a
2887 5197 3069 5254 Palat.
3102 5198 3137 5250 2
3167 5201 3220 5251 et
3239 5204 3382 5267 Aug.
3419 5196 3575 5249 Infra
3605 5196 3785 5250 iidem

2128 5265 2222 5325 'in
2250 5265 2309 5346 τί
2339 5265 2567 5346 βαπτίζῃ
2599 5269 2674 5346 είς
2708 5265 2897 5346 ὄνομα.

2208 5345 2318 5413 (58)
2339 5335 2599 5398 ἘἐιΙοίει
2625 5335 2816 5398 ΡοΙοῑξ
2840 5345 2875 5396 2
2903 5338 2968 5396 Ei
3001 5335 3168 5413 61mg.

2226 5405 2317 5486 59)
2351 5416 2443 5470 Sic
2474 5413 2591 5470 Pal.
2624 5416 2660 5467 2
2692 5418 2748 5468 et
2778 5415 2940 5486 Aug:
2958 5417 3142 5486 recte.
3163 5408 3337 5478 Editi,
3371 5405 3496 5461 ἀλλ’
3527 5405 3578 5476 ἐξ
3612 5407 3712 5463 ὢν.

2227 5482 2318 5556 60)
2351 5487 2615 5556 Γεννήσας
2651 5486 2816 5540 abest
2845 5482 2895 5556 at
2911 5482 3088 5556 Palat.
3121 5483 3173 5556 _1.

2206 5492 2298 5556 (60
2351 5492 2615 5556 Γεννήσας
2651 5492 2816 5540 abest
2845 5502 2879 5538 a
2911 5492 3088 5538 Palat.
3124 5492 3173 5536 1.

2206 5492 2318 5630 (61)
2351 5559 2464 5614 Pal.
2504 5563 2527 5613 1
2562 5563 2622 5616 et
2650 5559 2799 5630 Aug.
2835 5555 2932 5612 Sic
2961 5559 3018 5611 et
3049 5552 3220 5620 infra,
3254 5546 3620 5618 εἷδοπυίησιν.

2205 5417 2220 5556 ἓ
