4092 6218
375 271 526 332 1183
1529 275 1591 335 S.

1650 275 2158 337 ATHANASIUS.
2190 308 2265 320 -—
2296 277 2601 338 SPURIA.

3634 276 3791 336 “84

374 424 489 462 non
520 423 648 462 esse
684 426 695 462 τ
728 408 866 481 quia
897 411 1050 479 quod
1084 411 1343 482 genitum
1378 415 1486 473 est,
1521 411 1576 465 id
1610 411 1869 483 genitum
1906 427 2019 465 non

2147 409 2380 487 πιρημίας
2410 406 2561 484 ὕϐριν
2596 410 2909 486 ἐπέχοντος.
2944 411 3090 484 Ὀρθ.
3120 408 3185 466 Ei.
3234 406 3381 482 ᾔδεις
3422 411 3526 477 τήν
3576 408 3790 485 δωρεάν

373 502 528 551 esset
563 514 575 551 :
609 512 736 551 cum
779 499 1033 567 partium
1067 499 1490 554 dissimilitudo
1522 501 1592 554 de
1626 500 1739 554 Deo
1770 500 2024 569 cogitata

375 585 752 657 blasphemiae
786 587 1064 656 injuriam
1099 588 1412 644 contineat.
1447 588 1597 643 Orth.
1632 589 1688 644 Si
1721 589 1900 644 scires
1930 589 2026 643 d0-

376 691 515 728 num
552 674 669 741 Dei,
702 679 758 728 et
788 676 922 745 quis
955 677 1049 739 sit,
1085 678 1181 746 qui
1217 678 1486 748 praecepit
1518 677 1793 750 baptizari
1822 694 2025 731 omnes

374 769 576 835 gentos
600 763 656 816 in
686 764 919 817 nomine
949 765 1161 832 Patris,
1194 771 1251 819 et
1271 766 1417 835 Filii,
1451 770 1505 821 et
1535 767 1787 837 Spiritus
1818 766 2023 830 sancti,

375 868 488 907 non
526 854 727 923 utique
758 853 946 907 Patris
992 858 1049 907 et
1082 853 1205 907 Filii
1240 871 1446 909 nomen
1486 856 1842 926 repudiares.
1877 854 2028 907 arbi-

374 945 528 996 tratu
566 947 665 995 tuo
700 942 843 996 falsa
877 942 1153 1014 religione
1182 950 1399 998 temere
1450 944 1687 999 inﬂatus
1746 945 2026 999 adversus

373 1047 529 1097 eum,
596 1033 690 1101 qui
754 1037 967 1086 rectam
1033 1049 1138 1087 nos
1197 1034 1453 1112 docuit”
1491 1034 1619 1087 ﬁdei
1658 1034 2027 1088 nconl'essio-

375 1136 504 1175 nem
543 1139 554 1175 :
592 1120 828 1191 quando
860 1138 993 1175 vero
1026 1122 1369 1177 existimans
1402 1128 1455 1176 te
1504 1124 1823 1194 sapientem
1875 1138 2025 1187 esse,

371 1212 598 1266 Patrem
635 1226 747 1262 non
784 1209 929 1265 sinis
960 1228 1087 1266 esse
1120 1216 1375 1279 Patrem,
1435 1228 1540 1283 age
1598 1230 1668 1267 ne
1726 1212 1829 1266 tibi
1890 1229 2025 1284 pru-

376 1300 519 1353 dens
552 1315 680 1354 esse
714 1299 1006 1367 videare,a
1040 1300 1205 1356 nobis
1233 1301 1689 1373 audizperfectus
1722 1302 2029 1364 fuit.est.et

378 1388 488 1441 erit
525 1386 699 1441 Filius
732 1387 786 1440 in
813 1392 978 1442 Patre
1006 1389 1148 1443 Nam
1170 1391 1269 1443 «In
1304 1390 1589 1461 principio
1612 1392 2027 1457 eratVerbum,

380 1479 437 1529 et
458 1476 708 1530 Verbum
727 1479 1010 1548 eratapud
1038 1478 1305 1545 Deum,et
1327 1481 1479 1536 Deus
1501 1481 2029 1536 eratVerbumzboc

380 1566 533 1620 433
567 1567 774 1619 eratin
812 1566 1096 1639 principio
1141 1570 1293 1639 apud
1352 1575 1527 1624 Deum
1587 1571 1651 1635 ⁸⁸,
1715 1592 1741 1619 »ι
1799 1570 2025 1624 etiamsi

380 1653 556 1722 nolis,
602 1655 749 1709 Aeti.
785 1655 852 1709 Et
884 1672 997 1709 non
1032 1658 1196 1728 prius
1227 1663 1368 1723 erat,
1402 1665 1459 1712 et
1489 1663 1627 1712 tunc
1654 1659 1887 1731 genitus
1918 1664 2025 1724 est,

2131 502 2229 551 τοῦ
2262 504 2416 563 Θεοῦ,
2449 499 2537 553 καὶ
2586 500 2667 560 τίς
2726 499 2865 553 ἐστιν
2918 500 2945 553 6
2994 497 3371 570 ἐντειλάμενος
3430 497 3788 573 βαπτίζεσθαι

2134 586 2305 640 πάντα
2334 588 2400 642 τὰ
2431 586 2551 658 ἔθνη
2587 588 2662 650 εἰς
2692 588 2755 642 τὸ
2788 584 2962 660 ὄνομα
2990 592 3085 641 τοῦ
3114 588 3324 663 Πατρὸς
3355 587 3445 641 καὶ
3499 592 3598 641 τοῦ
3633 589 3787 649 Υἱοῦ,

2132 677 2349 730 καὶτοῦ
2398 677 2554 750 ἁγίου
2600 677 2934 750 Πνεύματος·
2971 677 3069 730 οὑκ
3115 675 3415 751 ἐπεχείρεις
3471 676 3789 751 παρακρού-

2135 766 2279 819 εσθαι
2311 766 2373 820 τὸ
2404 770 2497 820 τοῦ
2530 767 2736 838 Πατρὸς
2796 766 2887 820 καὶ
2933 762 3029 819 τοῦ
3083 766 3212 818 Υἱοῦ
3265 761 3458 837 ὄνομα,
3494 765 3546 819 ἐν
3600 764 3794 819 £0510.-

2138 854 2395 928 θρησκείᾳ
2428 856 2548 923 elici
2575 856 2933 931 φυσιούμενος
2986 853 3121 908 κατᾶ
3172 858 3266 907 τοῦ
3316 852 3634 924 διδάξαντος
3693 856 3791 921 τήν

2135 941 2308 1010 καλ-ἡν
2335 943 2653 1018 ὁμολογίαν·
2692 941 2878 1011 ἐπειδὴ
2913 940 2991 1007 δὲ,
3023 942 3274 1016 οίὸμενος
3306 946 3440 997 εἶναι
3470 943 3669 1021 σονρὸς,
3700 944 3791 996 τὸν

2140 1031 2348 1107 Πατέρα
2381 1032 2441 1086 οὑ
2477 1030 2649 1095 θέλεις
2700 1034 2835 1086 εἶναι
2886 1030 3229 1106 Ηατέρα,’ίνα
3292 1033 3366 1104 μή
3428 1029 3586 1105 δόξῃς
3650 1034 3797 1107 παρᾶ

2139 1126 2316 1191 σαυτῷ
2347 1123 2477 1175 εἶναι
2512 1120 2800 1199 φρόνιμος·
2842 1122 2968 1193 παρ’
3000 1124 3160 1193 ἡμῶν
3224 1122 3403 1185 ἄκουε,
3438 1120 3521 1174 ὅτι
3580 1120 3797 1181 τέλειος

2329 1210 2343 1228 ἢ
2405 1207 2428 1227 ν
2640 1210 2652 1229 ς
2716 1208 2740 1227 ν
3012 1211 3108 1245 εἴ,
3169 1210 3187 1240 2
3314 1214 3340 1225 α’
3644 1236 3657 1249 ⁸
3714 1211 3725 1229 9

2136 1214 2343 1279 ἦν,κοιι
2404 1232 2535 1279 εστι,
2567 1232 2655 1264 και
2714 1232 2862 1265 εσται
2910 1211 2937 1264 ὁ
2988 1212 3107 1271 ἴὶο,
3168 1230 3219 1263 ιν
3276 1231 3354 1282 τῳ
3410 1211 3602 1285 ΙΙατρί.
3660 1238 3671 1255 ι
3730 1216 3797 1266 εν

2140 1302 2287 1376 ἀρχῇ
2321 1322 2341 1350 ι
2379 1299 2479 1375 γὰρ
2515 1323 2541 1349 ‹‹
2572 1300 2638 1369 ἦν
2672 1301 2699 1353 6
2735 1299 2930 1373 Λόγος,
2963 1300 3051 1353 καὶ
3087 1300 3113 1352 ὸ
3148 1298 3317 1373 Ᾱὸγος
3377 1299 3443 1367 ἦν
3498 1299 3641 1372 πρὸς
3703 1299 3797 1352 τὸν

2140 1389 2291 1459 Θεὸν,
2323 1389 2412 1442 καὶ
2461 1388 2592 1449 Θεὸς
2640 1388 2705 1456 ἦν
2759 1390 2787 1442 ὁ
2841 1387 3031 1464 Λόγος·
3066 1388 3227 1448 οὗτος
3260 1388 3325 1455 ἦν
3361 1386 3411 1442 ἐν
3445 1389 3593 1462 ἀρχῇ
3659 1388 3802 1461 πρὸς

2138 1478 2229 1531 τὸν
2268 1478 2420 1547 Θεὸν,
2458 1501 2484 1527 ››
2536 1476 2631 1531 κᾶν
2696 1478 2771 1549 μή
2833 1475 3014 1549 θέλῃς,
3048 1477 3236 1531 Ἀέτιε.
3273 1477 3368 1529 Καί
3400 1478 3515 1549 (69)
3547 1478 3609 1530 οὑ
3661 1475 3801 1545 πρό-

2138 1587 2291 1639 τερον
2324 1569 2410 1635 ἦν,
2444 1566 2533 1620 καὶ
2566 1566 2685 1620 τότε
2718 1566 2997 1639 ἐγεννήθη·
3033 1562 3158 1619 οὐδὲ
3202 1566 3277 1637 μὴ
3329 1564 3402 1618 ὣν
3449 1566 3797 1639 γεγέννηται·

2140 1654 2286 1710 ἀΛλὰ
2331 1652 2599 1708 συναίδιὸν
2653 1654 2762 1709 ἐστι
2811 1656 3074 1728 γέννημα,
3108 1654 3185 1715 ὡς
3235 1652 3560 1729 ἀπαύγασμα
3610 1654 3801 1730 φωτὸς

377 1757 565 1812 neque
597 1742 769 1796 etiam
805 1761 935 1797 cum
973 1763 1085 1800 non
1120 1751 1291 1812 esset,
1323 1746 1554 1818 genitus
1584 1752 1692 1813 est,
1727 1748 1827 1803 sed
1885 1764 2030 1803 com-

2147 1742 2336 1801 Ξιϊδίου.
2371 1744 2606 1813 Γεννητή
2641 1740 2698 1798 δὲ
2729 1744 2884 1819 φύσις
2916 1743 3005 1797 καὶ
3040 1741 3329 1818 ἁγέννητος
3378 1742 3536 1820 φύσις
3589 1743 3697 1797 οὑκ
3745 1741 3797 1796 ἐν

2173 1837 2199 1847 ..
2314 1832 2327 1847 ,
2474 1829 2498 1847 ,ι
2681 1832 2694 1847 ε
2758 1829 2836 1847 μ.
3081 1830 3123 1847 ,κ
3182 1833 3193 1847 .
3231 1831 3244 1847 ς
3348 1836 3374 1846 η
3643 1833 3665 1846 ς
3711 1833 3737 1847 ι,

376 1839 610 1885 ternum
644 1837 734 1885 est
766 1832 871 1887 hoc
897 1834 1473 1907 genimen,tanquam
1501 1836 1721 1891 scilieet
1752 1836 2030 1909 splendor

379 1924 601 1974 aeternae
633 1920 780 1975 lucis
814 1938 827 1975 :
861 1923 1051 1977 differt
1082 1929 1277 1978 autem
1312 1929 1521 1979 natura
1547 1925 1743 1997 genita
1799 1932 1855 1979 et
1911 1942 2025 1979 non

380 2009 598 2080 genita,
633 2027 743 2063 non
778 2016 1064 2079 quatenus
1097 2017 1307 2067 natura
1340 2018 1447 2077 est,
1481 2014 1581 2068 sed
1612 2029 1678 2067 eo
1710 2013 1838 2084 ipso
1895 2018 2028 2068 tan-

381 2102 507 2151 tum
560 2099 709 2167 quod
746 2100 941 2170 genita
971 2106 1027 2154 et
1060 2118 1171 2156 non
1207 2102 1402 2174 genita
1432 2108 1537 2157 est.
1571 2103 1714 2158 Nam
1750 2119 1853 2158 nec
1883 2103 2032 2158 Ada-

384 2203 518 2240 mus
550 2191 723 2241 natus
753 2194 842 2243 est
871 2204 940 2243 ex
973 2190 1236 2255 muliere,
1268 2207 1375 2246 nos
1419 2208 1552 2247 vero
1607 2192 1728 2247 nati
1778 2209 1985 2247 sumus
2019 2207 2032 2247 :

2134 1837 2203 1907 τῇ
2262 1832 2415 1911 φύσει
2472 1829 2587 1908 ἔχει
2644 1832 2704 1887 τὸ
2755 1829 3035 1909 διάφορον,
3070 1830 3193 1886 ἁλλ’
3227 1831 3387 1902 ἐντῷ
3440 1833 3803 1907 γεγεννῆσθαι

2138 1922 2226 1977 καὶ
2282 1924 2356 1995 μή
2408 1923 2780 1998 γεγεννῆσθαι.
2819 1919 2958 1977 Ἰδοὺ
3006 1921 3107 1995 γὰρ
3156 1920 3247 1975 καὶ
3280 1922 3307 1974 6
3359 1917 3537 1993 Ἀδὰμ
3594 1920 3661 1973 οὐ
3714 1940 3804 1993 γε-

2140 2012 2391 2087 γέννηται
2449 2008 2538 2064 διὰ
2593 2009 2867 2085 γυναικός·
2928 2012 3093 2081 ἡμεῖς
3149 2006 3207 2063 δὲ
3260 2011 3645 2085 γεγεννήμεθα·
3708 2009 3799 2062 καὶ

2145 2100 2243 2155 οὐκ
2273 2099 2323 2154 ἐν
2354 2103 2423 2172 τῇ
2458 2099 2610 2177 φύσει
2644 2098 2844 2173 ἔχομεν
2880 2099 2942 2153 τὸ
2985 2096 3266 2175 διάφορον,
3302 2096 3425 2152 ἀλλ’
3475 2096 3528 2151 ἐν
3576 2098 3660 2169 τῷ
3713 2118 3803 2173 γε·

2147 2190 2431 2265 γεννῆσθαι
2463 2188 2550 2242 καὶ
2588 2190 2662 2261 μὴ
2705 2194 3046 2262 γεγεννῆσθαι
3083 2185 3172 2242 διὰ
3199 2187 3471 2263 γυναικός.

383 2291 487 2330 nec
522 2280 716 2330 tamen
752 2281 961 2332 natura
990 2278 1060 2333 ab
1092 2280 1314 2335 Adamn
1347 2281 1693 2347 differimus,
1713 2282 1809 2337 sed
1831 2299 1897 2336 eo
1915 2285 2147 2336 tantum
2172 2281 2325 2352 quod
2359 2296 2456 2335 nos
2489 2279 2605 2334 nati
2639 2278 2968 2345 simus,ille
2994 2283 3167 2333 natus
3200 2295 3311 2333 non
3335 2278 3409 2333 sit
3434 2295 3503 2333 ex
3525 2276 3806 2333 muliere.

458 2365 545 2417 17.
608 2366 799 2420 Αηονη.
843 2368 986 2420 Cum
1022 2372 1243 2422 natura:
1277 2386 1389 2424 non
1422 2370 1628 2441 genita:
1660 2370 2031 2441 omnipotens

384 2452 482 2508 ille
503 2453 789 2508 exsistens
815 2456 1250 2527 Deus,seipsum
1277 2475 1390 2513 non
1416 2460 1607 2513 norit«
1625 2475 1754 2515 esse
1770 2464 2029 2513 nnaturze

385 2542 613 2615 genitae,
650 2543 830 2598 Filius
858 2558 993 2599 vero
1023 2546 1230 2616 genitae
1263 2553 1483 2604 natura;
1510 2547 1817 2613 exsistens,
1880 2547 2034 2602 norit

387 2647 447 2686 se
470 2631 618 2685 hocu
637 2648 763 2686 esse
782 2653 803 2683 υ
822 2634 975 2704 quod
1010 2637 1419 2707 est,quomodo
1449 2642 1620 2692 erunt
1650 2638 2034 2692 consubstan—

387 2721 576 2789 tiales,
613 2738 743 2775 cum
780 2721 872 2776 ille
904 2740 963 2779 se
997 2741 1107 2778 non
1137 2725 1422 2796 genitum,
1456 2726 1564 2781 iste
1595 2731 1786 2781 autem
1821 2742 1881 2781 se
1929 2741 2026 2798 ge-

390 2808 580 2865 nitum
615 2815 767 2866 esset
799 2812 981 2867 norit?
999 2813 1211 2869 Orth.Si
1245 2832 1358 2870 non
1390 2818 1651 2888 genitum
1681 2821 1738 2871 et
1768 2816 2029 2887 genitum

394 2898 701 2953 existimas
736 2900 892 2970 ipsas
924 2917 1051 2957 esse
1084 2908 1325 2958 naturas
1358 2919 1369 2957 :
1405 2904 1557 2958 norit
1613 2921 1745 2959 vero
1804 2903 2030 2957 Gabriel

391 3004 451 3041 se
483 2989 690 3059 genitm
718 3006 845 3043 esse
876 2995 1118 3059 naturae,
1153 2992 1252 3063 qui
1288 2993 1351 3046 fit
1382 2994 1533 3065 quod
1568 3010 1681 3049 non
1714 2994 1889 3049 etiam
1923 2993 2033 3048 Ga-

386 3076 527 3130 briel
561 3077 637 3129 sit
685 3079 1203 3136 consubstantialis
1261 3081 1455 3137 Filio?
1510 3081 1566 3138 Si
1623 3098 1755 3138 vero
1816 3087 2033 3137 naturae

387 3165 598 3236 genitae
654 3182 786 3220 cum
833 3167 909 3222 sit
938 3168 1163 3223 Gabriel
1197 3186 1310 3225 non
1347 3170 1504 3226 novit
1532 3171 1815 3243 seipsum,
1849 3170 2037 3241 liquet

388 3252 537 3321 quod
573 3253 831 3322 genitum
866 3270 993 3309 esse
1024 3272 1136 3310 non
1173 3258 1249 3311 sit
1278 3258 1403 3327 ipsa
1434 3258 1684 3315 natura?
1724 3259 1779 3313 Si
1838 3264 2033 3315 autem

388 3356 504 3395 non
540 3340 686 3393 idem
722 3347 810 3395 est
844 3348 1048 3397 natura
1079 3346 1231 3415 quod
1267 3348 1526 3415 genitum
1560 3364 1709 3413 esse,
1740 3364 1844 3402 nec
1882 3348 2036 3402 idem

390 3434 561 3484 erunt
592 3446 705 3484 non
735 3431 997 3502 genitum
1033 3448 1162 3487 esse
1191 3440 1249 3488 et
1278 3440 1505 3490 natura.
1533 3437 1643 3492 Sed
1663 3453 1800 3491 cave
1817 3437 2033 3492 factum

389 3518 551 3573 dicas
583 3518 813 3582 Filium,
835 3535 1026 3575 rerum
1059 3523 1322 3578 omnium
1355 3524 1618 3595 opificem
1645 3541 1658 3580 :
1685 3530 1744 3580 at
1773 3525 2036 3597 genitum

391 3608 607 3679 apelles
638 3613 809 3679 prout
842 3610 1125 3681 scriptum
1159 3612 1544 3668 est.Genitum
1579 3614 1732 3669 enim
1767 3630 1894 3670 esse
1952 3618 2040 3668 est

393 3696 608 3752 habere
666 3698 928 3764 Patrem;
989 3704 1047 3754 at
1080 3701 1293 3757 factum
1327 3719 1475 3767 esse,
1506 3709 1591 3758 est
1624 3703 1835 3759 habere
1866 3703 2036 3775 opiﬁ—

396 3803 544 3842 cem.
576 3787 770 3842 Nostri
803 3789 1039 3860 quidem
1071 3792 1262 3862 opifex
1292 3796 1379 3847 est
1407 3792 1560 3848 Deus
1590 3797 1762 3848 Pater
1790 3809 1892 3865 per
1950 3794 2037 3847 Fi-

397 3875 578 3943 lium;
606 3882 661 3930 at
694 3877 816 3932 Filii
848 3879 938 3933 sui
973 3881 1310 3952 neutiquam
1347 3880 1556 3954 opifex,
1590 3883 1688 3937 sed
1726 3886 2038 3938 Paterzneo

399 3982 511 4036 que
567 3967 721 4020 enim
766 3968 1076 4038 quisquam
1111 3970 1200 4024 sui
1236 3970 1337 4024 ﬁlii
1370 3971 1560 4043 opifex
1592 3975 1682 4027 est
1714 3988 1725 4027 :
1761 3971 2038 4044 quoniam

400 4072 511 4107 non
547 4056 802 4125 amplius
833 4060 987 4112 esset
1020 4062 1200 4125 pater,
1235 4060 1332 4114 sed
1366 4059 1585 4130 opifex;
1628 4060 1820 4133 opifex
1876 4077 2040 4116 nam-

402 4160 513 4214 que
571 4150 677 4211 est,
741 4146 835 4216 qui
893 4163 1040 4218 npus
1079 4152 1243 4203 extra
1274 4166 1334 4203 se
1368 4150 1423 4203 in
1459 4155 1650 4205 ortum
1683 4151 1954 4216 adducit;
1988 4154 2046 4205 at

402 4237 568 4303 pater
599 4234 645 4285 is
676 4238 781 4299 cst,
813 4235 913 4306 qui
947 4252 1013 4289 ex
1045 4238 1236 4307 seipso
1266 4238 1468 4311 gignit.
1505 4244 1649 4294 Dum
1683 4244 1874 4296 autem
1920 4242 2043 4313 Opi-

403 4322 567 4375 ﬁcem
608 4327 781 4376 Deum
816 4324 984 4377 audis
1018 4325 1274 4396 apellari,
1304 4345 1671 4400 nequaquam
1702 4329 1804 4384 tibi
1838 4329 2043 4401 imagi-

402 4410 557 4465 ncris
608 4411 1077 4483 defatigationem
1112 4420 1213 4470 aut
1243 4416 1459 4473 laboris
1484 4418 1809 4474 molestiam
1847 4436 1858 4473 :
1893 4419 2048 4473 sicut

402 4508 457 4556 et
516 4518 646 4555 cum
708 4502 933 4557 Patrem
995 4504 1163 4558 audis
1195 4505 1332 4571 dici,
1367 4523 1438 4562 ne
1469 4523 1642 4578 quem
1683 4529 1708 4559 α
1739 4507 1982 4563 seminis
2018 4532 2043 4557 υ

2215 2370 2298 2422 17.
2334 2366 2647 2439 Ἀνόμοιος.
2709 2366 2775 2421 Ei
2832 2367 3124 2441 ἁγεννήτου
3179 2364 3388 2443 φύσεως
3452 2364 3723 2440 ὑπάρχων
3776 2367 3805 2419 ὁ

2142 2456 2270 2517 Θεὸς
2327 2457 2355 2508 6
2415 2454 2825 2530 παντοκράτωρ,
2875 2462 3142 2529 γεννητῆς
3218 2474 3426 2532 φ’)σεως
3488 2453 3591 2508 οὐκ
3651 2452 3801 2508 οἶδεν

2142 2546 2349 2600 ἑαυτόν·
2385 2547 2412 2599 6
2445 2543 2502 2599 δὲ
2561 2544 2709 2613 Υἱὸς,
2738 2552 2999 2620 γεννητῆς
3048 2543 3256 2621 φύσεως
3309 2542 3595 2619 ὑπάρχων,
3626 2548 3797 2597 τοῦτο

2139 2636 2391 2711 γινώσκει
2423 2633 2631 2705 ἒαυτὸν,
2664 2633 2795 2707 ὅπερ
2828 2632 2959 2687 ἐστί·
2991 2638 3108 2694 πῶς
3139 2632 3195 2687 ἂν
3231 2630 3412 2702 ε”ησαν
3475 2630 3798 2703 ὁμοοῦσιοι,

2140 2728 2237 2778 τοῦ
2292 2724 2386 2795 μὶν
2441 2724 2802 2798 γινώσκοντος
2850 2722 3035 2777 ἑαυτὸν
3082 2722 3518 2796 ἀγέννητον,τοῦ
3570 2717 3628 2774 δὲ
3678 2741 3798 2797 γεν-

2146 2814 2342 2882 νητόν;
2378 2815 2523 2888 Ὀρθ.
2560 2812 2619 2866 Ei
2649 2813 2709 2866 τὸ
2759 2811 3047 2888 ἀγέννητον
3091 2811 3179 2865 καὶ
3237 2810 3488 2886 γεννητὸν
3548 2810 3799 2882 νομίζεις

2143 2904 2274 2959 εἶναι
2306 2904 2402 2964 τὰς
2433 2902 2637 2981 φύσεις,
2668 2900 2783 2958 οἵδε
2833 2899 2890 2957 δὶ
2933 2903 3116 2956 ἑαυτὸν
3167 2902 3254 2956 καὶ
3306 2895 3550 2969 Γαϐριὴλ
3602 2922 3791 2974 γενιση-

2142 3000 2240 3061 τῆς
2271 2992 2500 3070 φύσεως·
2535 2996 2650 3053 πῶς
2690 2991 2787 3045 οὑκ
2819 2991 2875 3045 ἂν
2926 2988 3007 3059 εΫη
3067 2991 3156 3045 καὶ
3207 2984 3451 3065 Γαϐριὴλ
3498 2990 3797 3061 ὁμοούσιος

2140 3086 2220 3153 τῷ
2251 3082 2397 3153 Υἱῷ;
2433 3080 2494 3137 Εἰ
2546 3078 2602 3135 ’δὲ
2648 3086 2910 3155 γεννητῆς
2958 3080 3166 3157 φύσεως
3212 3078 3283 3132 ὣν
3317 3080 3345 3132 6
3396 3073 3646 3151 Γαϐριὴλ
3698 3076 3800 3132 οὑκ

2148 3168 2286 3225 οἶδεν
2322 3171 2529 3241 ἑαυτὸν,
2564 3166 2814 3239 εὔδηλον,
2848 3168 2930 3223 ὅτι
2963 3168 3063 3223 οὐκ
3092 3164 3201 3223 ἔστι
3231 3169 3294 3223 τὸ
3324 3168 3583 3242 γεννητὸν
3620 3166 3798 3245 σύσις.

2149 3260 2209 3317 Ei
2243 3258 2297 3314 δὲ
2329 3260 2427 3314 οὐκ
2457 3258 2566 3313 ἔστι
2595 3261 2657 3314 τὸ
2686 3260 2935 3334 γεννητὸν
2987 3258 3162 3336 φύσις,
3213 3254 3338 3312 οὐδὲ
3393 3258 3456 3311 τὸ
3508 3256 3797 3331 ἀγέννητον

2147 3349 2255 3403 ἐστι
2310 3348 2486 3427 φύσις.
2524 3348 2750 3418 Γενητὸν
2785 3346 2842 3402 δὲ
2875 3349 2951 3419 μή
3008 3345 3131 3423 λέγε
3185 3346 3275 3400 τὸν
3332 3347 3477 3418 Υίὸν,
3508 3346 3603 3399 τὸν
3660 3366 3802 3419 γενε-

2150 3439 2402 3513 σιουργὸν
2451 3441 2556 3491 τῶν
2608 3438 2879 3491 ἁπάντων·
2934 3433 3080 3491 ἀλλὰ
3119 3435 3370 3510 γεννητὸν
3415 3434 3552 3499 εἶπὶ,
3587 3434 3663 3495 ὡς
3711 3437 3800 3508 γέ-

2149 3547 2404 3602 γραπται.
2438 3526 2695 3596 Γεννητὸν
2728 3526 2820 3598 μὲν
2855 3522 2957 3599 γάρ
2991 3523 3099 3578 ἐστι
3147 3525 3209 3578 τὸ
3259 3522 3471 3598 Πατέρα
3519 3518 3674 3597 ἔχον,
3708 3543 3803 3596 γεο

2148 3619 2310 3685 νητὸν
2346 3613 2401 3669 δὲ
2431 3615 2492 3669 τὸ
2524 3615 2901 3690 γενεσιουργὸν
2935 3610 3084 3687 ἔχον.
3121 3614 3307 3685 Ἠμῶν
3342 3612 3431 3666 οὖν
3485 3631 3801 3686 γενεσιουρ-
3834 3669 3853 3685 ο

2149 3706 2243 3780 γὸς
2276 3706 2303 3759 6
2335 3706 2464 3766 Θεὸς
2513 3701 2601 3759 διὰ
2648 3708 2745 3758 τοῦ
2776 3704 2923 3757 Υἳοῦ·
2954 3706 3053 3756 τοῦ
3100 3699 3157 3756 δὲ
3207 3702 3335 3757 Υἳοῦ
3380 3702 3563 3774 Πατήρ
3623 3699 3803 3755 οὐκέτι

2153 3792 2209 3847 δὲ
2256 3793 2627 3868 γενεσιουργός
2665 3813 2677 3823 ·
2731 3789 2905 3852 οὐδεὶς
2950 3792 3051 3866 γὰρ
3096 3795 3193 3845 τοῦ
3246 3792 3435 3845 ἑαυτοῦ
3484 3790 3609 3843 υἱοῦ
3660 3810 3806 3862 γενε-

2155 3879 2405 3959 σιουργός
2438 3880 2599 3937 ἐστιν·
2636 3880 2747 3936 ἐπεὶ
2781 3881 2879 3935 οὐκ
2931 3877 3007 3935 ἔτι
3052 3880 3254 3954 πατὴρ,
3297 3877 3439 3933 ἀλλᾶ
3484 3898 3803 3953 γενεσιουρ-

2152 3970 2267 4046 γός.
2302 3970 2682 4046 Γενεσιουργὸς
2744 3966 2789 4023 δ’
2838 3969 2976 4023 ἐστὶν
3030 3969 3058 4021 6
3118 3965 3306 4039 ἔξωθέν
3352 3989 3402 4021 τι
3463 3967 3538 4027 εἷς
3595 3966 3803 4041 γένεσιν

2154 4062 2317 4136 ἄγων·
2352 4060 2529 4133 πατὴρ
2579 4057 2636 4114 δὲ
2678 4060 2705 4113 ὁ
2747 4058 2798 4129 ἐξ
2841 4055 3004 4112 αὑτοῦ
3052 4061 3278 4132 γεννῶν.
3312 4056 3696 4131 Γενεσιουργὸν
3749 4052 3807 4108 δὲ

2157 4149 2366 4205 ἁκούων
2401 4150 2489 4203 τὸν
2517 4150 2670 4217 Θεὸν,
2706 4149 2781 4221 μὴ
2832 4142 3047 4201 ὑπονόει
3091 4142 3259 4201 κόπον
3311 4145 3397 4200 καὶ
3441 4140 3681 4219 μόχθονο
3717 4143 3805 4198 καὶ

2156 4238 2367 4312 Πατέρα
2426 4238 2658 4306 ἁκούων,
2712 4238 2787 4309 μὴ
2844 4238 2990 4306 ζήτει
3043 4234 3243 4311 ίἐεῖὶσιν,
3296 4234 3439 4289 ἀλλὰ
3485 4235 3806 4311 θεοπρεπῶς

2155 4325 2287 4397 νόει,
2317 4326 2407 4381 ’ίνα
2462 4328 2592 4388 Θεὸς
2642 4328 2790 4401 γένῃ,
2821 4325 2909 4380 καὶ
2946 4326 3020 4397 μὴ
3081 4325 3155 4386 ὡς
3199 4326 3481 4398 ἅνθρωπος
3533 4323 3808 4397 ἀποθάνῃ.

2157 4414 2349 4489 Ἀνὸμ.
2386 4417 2447 4471 Ei
2497 4418 2571 4489 μὴ
2614 4417 2677 4470 τὸ
2720 4416 3010 4489 ἀγέννητον
3057 4415 3155 4482 τὴν
3204 4409 3494 4467 ὑπόστασιν
3540 4417 3642 4467 τοῦ
3675 4417 3813 4468 Θεοῦ

2155 4506 2499 4583 παρίστησιν,
2551 4503 2675 4559 ἀλλ’
2735 4502 2943 4558 ἐπίνοιά
3001 4502 3140 4557 ἐστιν
3203 4502 3511 4579 ἀνθρωπίνη
3575 4505 3691 4575 (70)
3749 4504 3814 4555 τὸ

401 4590 679 4645 elﬂuxum
718 4592 980 4663 requiras
1016 4611 1026 4647 :
1072 4594 1168 4647 sed
1205 4594 1288 4649 ita
1319 4596 1388 4649 de
1424 4595 1513 4650 bis
1570 4596 1781 4667 cogita,
1816 4601 1880 4651 ut
1939 4597 2034 4651 Dec

2158 4596 2479 4671 ἀσύγκριτον
2513 4591 2703 4666 ὄνομα,
2739 4594 2900 4668 χάριν
2943 4597 3061 4654 τοῖς
3123 4590 3441 4662 ἐπινοήσασι
3489 4592 3752 4666 γινώσκει
3787 4593 3816 4645 6

400 4680 645 4751 dignum
681 4686 734 4735 et
766 4682 1113 4737 conveniens
1143 4687 1321 4747 est,ut
1355 4688 1500 4739 Deus
1532 4684 1825 4755 efﬁciaris,
1847 4689 1903 4741 et
1935 4702 2047 4740 non

400 4767 553 4823 sicut
586 4768 761 4823 homo
797 4770 1063 4827 moriaris
1091 4773 1357 4827 06Anam.
1412 4773 1469 4829 Si
1526 4789 1634 4828 vox
1693 4790 1804 4829 non
1866 4774 2045 4846 geniti

400 4874 515 4912 non
549 4858 806 4914 declarat
841 4860 934 4915 Dei
966 4860 1486 4931 sulistantiam,sed
1519 4868 1915 4919 commentum
1940 4864 2047 4919 bu-

400 4963 642 5001 manum
679 4952 767 5003 est
789 4947 1244 5022 incomparabile
1262 4950 1402 5007 illud
1430 4953 1917 5025 nomen,gratiam
1943 4954 2051 5008 uti-

404 5053 517 5108 que
549 5037 783 5092 debebit
812 5039 966 5095 Deus
995 5039 1088 5106 iis,
1122 5040 1221 5112 qui
1255 5058 1365 5096 non
1401 5042 1661 5114 genitum
1701 5042 1839 5097 illud
1893 5059 2050 5098 com-

403 5128 583 5182 menti
618 5130 907 5201 sunt,ipse
937 5130 1190 5185 nominis
1220 5131 1615 5186 excellentiam
1639 5133 1696 5187 in
1721 5133 2052 5188 substantia

401 5235 515 5273 non
549 5220 757 5276 ferens.
795 5219 946 5276 Orth.
981 5222 1041 5277 Si
1071 5238 1187 5277 non
1215 5222 1477 5294 genitum
1521 5239 1651 5278 esse
1712 5223 1805 5277 Dei
1866 5223 2051 5295 hypo-

469 5420 514 5456 ”
542 5423 711 5475 Joan.
750 5437 786 5486 ι,
823 5418 874 5485 4,
906 5422 959 5472 2.
1037 5418 1081 5452 ⁸⁸
1112 5415 1264 5471 Psal.
1304 5433 1488 5485 LXXXI,
1517 5419 1571 5485 6,
1603 5418 1656 5471 7.

477 5610 589 5683 (69)
622 5608 716 5663 Sic
748 5620 953 5662 omnes
985 5620 1130 5661 mss,
1164 5607 1225 5657 In
1259 5603 1351 5659 ed.
1380 5601 1468 5655 καί
1495 5603 1680 5659 deest.

2159 4684 2311 4754 Θεὸς,
2332 4681 2418 4739 διὰ
2448 4685 2510 4738 τὸ
2540 4682 2858 4757 ἀγέννητον,
2877 4682 2975 4749 τήν
3008 4680 3287 4755 ὑπεροχὴν
3317 4685 3413 4735 τοῦ
3449 4679 3719 4751 ὀνόματος
3752 4680 3815 4735 οὐ

2160 4773 2333 4850 φέρων
2368 4773 2417 4827 ἐν
2453 4771 2627 4843 οὐσίᾳ.
2664 4772 2809 4847 Ὀρθ.
2841 4770 2901 4825 Εἰ
2933 4771 2994 4824 τὸ
3024 4769 3316 4845 ἀγέννητον
3367 4770 3466 4837 τὴν
3517 4768 3815 4823 ὑπόστασιν

2157 4867 2254 4919 τοῦ
2307 4867 2443 4918 Θεοῦ
2492 4860 2806 4936 παρίστησι,
2837 4859 2927 4913 καὶ
2975 4858 3137 4913 τοῦτό
3194 4858 3305 4913 ἐστι
3365 4859 3428 4912 τὸ
3485 4857 3813 4933 ἀσύγκριτον

2156 4957 2254 5008 τοῦ
2310 4956 2444 5007 Θεοῦ
2503 4946 2697 5024 ὄνομα·
2743 4953 2858 5009 πῶς
2908 4947 3006 5003 οὑκ
3043 4944 3287 5017 ἐδίδαξαν
3332 4950 3479 5019 ἡμᾶς
3535 4951 3701 5001 τοῦτο
3760 4949 3815 5002 αἱ

2161 5046 2295 5105 θεῖαι
2344 5039 2545 5117 Γραφαί
2576 5058 2589 5107 ;
2624 5036 2779 5093 Ἀλλ’
2830 5036 3035 5114 ἐσφάλη
3094 5033 3308 5097 Παῦλος
3354 5035 3415 5089 τὸ
3473 5033 3663 5097 σκεῦος
3715 5042 3817 5105 τῆς

2161 5130 2417 5205 ἐκλογῆς,
2449 5130 2511 5183 τὸ
2546 5125 2811 5206 ἄφθαρτον
2838 5126 2927 5180 καὶ
2971 5125 3198 5196 ἀόρατον
3250 5123 3395 5196 αὑτῷ
3448 5124 3595 5197 μόνῳ
3644 5145 3818 5199 προσ·-

2162 5225 2295 5274 εῖναι
2356 5216 2569 5289 διδάξας
2620 5217 2709 5272 καὶ
2771 5217 2847 5288 μὴ
2892 5215 2955 5269 τὸ
3004 5215 3321 5289 ἀγέννητον.
3356 5210 3575 5282 Ἐπειδή
3636 5211 3696 5269 δὲ
3753 5214 3818 5269 σὺ

2240 5603 2354 5676 (70)
2389 5599 2688 5659 Palatinus
2720 5599 2773 5668 1,
2804 5595 3135 5673 ἀνθρώποις.
