4092 6218
259 380 415 449 “85

1220 381 1322 446 DE
1368 376 1666 444 SANCTA
1716 372 2143 439 'I‘RINIT‘A'I‘E
2190 378 2575 446 DIALOGUS
2620 384 2698 445 II.

3507 398 3659 459 H86

253 517 565 594 σοφώτερος
599 515 771 576 θέλεις
806 515 1070 569 εἶναιτῶν
1104 514 1260 578 θείων
1292 517 1536 590 Γραφῶν,
1573 512 1687 565 εἰπὲ
1728 507 1771 563 εἷ
1828 510 1901 580 μὴ

2030 511 2201 565 stasin
2231 520 2693 584 repraesentat,et
2718 516 2772 570 in
2807 534 2871 571 eo
2904 519 3173 576 consistit
3206 522 3657 597 incomparabili)

258 607 325 659 τὸ
357 607 626 682 ὰυθαρτον
659 605 746 657 καὶ
778 605 839 658 τὸ
870 603 1096 678 ἀόρατον
1125 602 1212 657 καὶ
1244 603 1306 657 τὸ
1349 599 1567 675 ἀψευδές
1617 600 1715 666 τὴν
1778 597 1907 651 ὑπό-

259 715 446 749 στασιν
495 698 593 747 τοῦ
643 698 776 747 Θεοῦ
823 694 1169 767 παρίστησιν
1228 691 1271 745 εἰ
1316 692 1415 767 γὰρ
1450 690 1511 745 οῦ
1558 687 1904 761 παρίστησιν,

257 770 473 860 ἐσφάλη
508 781 762 852 εἶρηκώς’
812 808 831 833 α
889 782 1198 859 Ἀφθάρτῳ,
1253 782 1490 855 ἀοράτῳ,
1548 778 1698 851 μόνῳ
1755 780 1906 853 σοφῷ

253 877 391 943 Θεῷ.
430 896 455 921 n
489 873 554 928 Ei:
583 872 687 946 γὰρ
721 870 820 925 οῦκ
848 868 988 925 ἔστιν
1024 870 1073 924 ἐν
1107 870 1291 931 αὐτοῖς
1318 870 1379 923 τὸ
1410 868 1753 941 ἀσύγκριτον,
1808 864 1907 918 οῦκ

256 956 372 1015 ἔστι
410 960 577 1032 μόνος
610 961 878 1037 ἄφθαρτος
912 958 999 1012 καὶ
1033 958 1281 1035 ἀόρατος’
1319 957 1363 1013 εἷ
1398 955 1455 1011 δὲ
1484 956 1648 1029 μόνος
1698 953 1812 1029 ἔχει
1844 953 1906 1007 τὸ

257 1050 532 1127 ἄφθαρτον
556 1048 644 1103 καὶ
702 1048 765 1102 τὸ
807 1048 1062 1123 ἀόρατον,
1113 1047 1162 1102 έν
1212 1047 1426 1108 τούτοις
1464 1046 1526 1100 τὸ
1559 1044 1906 1119 ἀσύγκριτον,

250 1138 347 1192 καὶ
380 1137 479 1192 οὐκ
509 1137 560 1192 ἐν
690 1140 757 1211 σῇ
791 1135 1019 1207 ἐπινοίᾳ⁸

2020 598 2159 653 illud
2199 602 2292 655 Dei
2329 619 2564 673 nomen,
2597 608 2888 676 quomodo
2932 609 2987 662 id
3025 626 3129 665 nos
3171 629 3282 667 non
3334 616 3658 676 docuerunt

2017 687 2223 743 divina?
2256 690 2475 746 Littera:
2497 693 2524 747 ?
2547 694 2694 759 Quin
2726 699 2782 749 et
2813 695 3023 752 Paulus
3056 698 3196 755 illud
3231 703 3528 762 electionis
3558 726 3659 765 vas

2018 775 2219 847 lapsus
2251 783 2358 846 est,
2392 796 2521 835 eum
2585 783 2783 838 docuit
2830 793 3158 857 competere
3203 791 3327 862 ipso
3369 795 3478 849 soli
3529 814 3657 854 esse

2016 864 2515 939 incorruptibilem
2549 879 2603 927 et
2634 873 3005 941 invisibilem,
3044 895 3153 933 non
3190 898 3318 936 vero
3354 902 3464 939 non
3498 889 3659 956 geni-

2015 959 2285 1012 tum.Sed
2320 962 2554 1031 quando
2589 967 2645 1016 tu
2672 963 2760 1018 vis
2790 965 3105 1035 sapientior
3135 986 3261 1025 esse
3292 972 3503 1029 divinis
3536 978 3662 1033 Lit-

2014 1046 2521 1121 teris,dic,quzeso,
2547 1052 2710 1121 mihi,
2728 1072 2798 1108 an
2824 1072 2938 1111 non
2963 1058 3485 1132 incorruptibilem,
3514 1067 3660 1122 invi-

2016 1134 2243 1191 sibilem
2274 1142 2330 1193 et
2375 1141 2661 1196 mendacii
2711 1151 3003 1215 expertem
3035 1162 3163 1203 esse
3206 1149 3437 1207 denotet
3470 1156 3659 1225 ipsam

258 1230 368 1283 Dei
405 1228 743 1299 bypostasin
776 1245 788 1281 :
825 1227 872 1282 si
904 1228 1061 1283 enim
1094 1244 1206 1283 non
1239 1228 1536 1293 denotant,
1561 1224 1764 1314 lapsus
1794 1228 1881 1278 est
1911 1222 2329 1314 cum‘diceret:
2358 1248 2383 1279 α
2404 1227 2513 1282 Soli
2550 1230 2996 1304 incorruptitiili,
3022 1235 3296 1292 invisibili
3326 1249 3383 1295 et
3413 1222 3662 1314 sapienti

256 1322 372 1372 Deo
402 1316 488 1370 ⁸⁸⁸.
523 1340 550 1366 ››
584 1316 707 1372 Nisi
732 1316 887 1370 enim
923 1315 1079 1371 hisce
1111 1315 1639 1387 comprehendatur
1668 1311 2146 1383 incomparabilis
2178 1312 2277 1369 illa
2307 1318 2663 1386 praestantia,
2700 1336 2811 1374 non
2845 1321 2953 1375 erit
2982 1323 3142 1379 solus
3176 1325 3272 1381 ille
3305 1311 3657 1404 incorrupti-

247 1405 392 1460 bilis
423 1410 598 1476 atque
627 1403 936 1461 invisibilis
962 1405 1086 1461 :sin
1118 1421 1248 1461 vero
1280 1404 1388 1460 soli
1420 1404 1466 1460 ei
1502 1403 1777 1473 competit
1810 1400 2333 1472 incorruptibilitas
2364 1411 2421 1459 et
2444 1405 2834 1476 invisibilitas,
2862 1413 3453 1482 comprehenderetur
3482 1400 3659 1478 etiam

250 1495 314 1549 in
351 1494 443 1549 his
474 1494 573 1549 illa
602 1494 1079 1565 incomparabilis
1110 1494 1467 1566 praestantia,
1499 1498 1555 1548 et
1589 1508 1701 1547 non
1734 1491 1792 1545 in
1828 1500 1928 1545 tuo
1962 1495 2309 1547 commento.

332 1584 419 1639 18.
469 1581 659 1655 Ἀνόμ.
740 1583 805 1635 Et
858 1579 1049 1651 ἔξωθεν
1109 1581 1479 1657 ἐπιθεωρεῖται
1536 1585 1615 1651 τῷ
1673 1583 1791 1649 Θεῷ
1839 1578 1903 1631 τὸ

257 1672 576 1746 ἀγέννητον,
636 1672 688 1724 οἱ
748 1670 1206 1746 ἐπιθιωρήσαντες
1274 1674 1370 1724 τοῦ
1446 1668 1908 1743 ἐπιθεωρηθέντος

255 1760 395 1815 εἰσὶν
419 1760 690 1832 ἀμείνους,
719 1764 960 1834 κρεῖττον
994 1760 1168 1832 ὄνομα
1194 1766 1294 1828 τῆς
1348 1757 1557 1837 φύσεως
1608 1757 1753 1829 αὐτῴ
1806 1777 1903 1810 πο-

2094 1580 2176 1632 18.
2212 1580 2400 1637 Anom.
2449 1584 2502 1638 Si
2556 1585 2913 1643 extrinsecus
2970 1589 3025 1643 in
3091 1592 3202 1647 Deo
3260 1597 3665 1656 consideratur

2019 1684 2229 1724 nomen
2264 1688 2377 1725 non
2401 1673 2602 1743 geniti,
2630 1676 2725 1745 qui
2751 1678 3079 1749 cogitarunt
3115 1682 3364 1752 potiores
3398 1693 3568 1743 erunt
3595 1705 3661 1744 eo

2017 1756 2110 1810 cui
2142 1759 2492 1847 attributum
2525 1768 2633 1827 est,
2665 1769 2857 1836 utpote
2886 1768 2980 1837 qui
3018 1786 3226 1825 nomen
3270 1779 3474 1829 natura
3516 1795 3661 1847 pras-

258 1851 566 1926 ρισάμενοι.
621 1850 765 1924 Ὀρθ.
819 1849 905 1917 Μὴ
962 1850 1097 1922 ὑψοῦ
1146 1849 1220 1910 ὡς
1267 1850 1511 1924 εὑρηκὼς
1559 1848 1619 1901 τὸ
1648 1850 1745 1901 τοῦ
1773 1850 1907 1900 Θεοῦ

2030 1846 2274 1901 stantius
2305 1848 2354 1902 ei
2388 1850 2775 1907 attribuerint.
2813 1856 2962 1909 Orth.
2998 1857 3121 1911 Noli
3159 1861 3473 1917 insolenter
3497 1846 3663 1921 exul-

255 1935 462 2012 ὄνομα,
513 1940 726 2010 μήποτε
776 1938 1027 2011 ἀκούσῃς·
1083 1962 1110 1989 ‹‹
1158 1938 1253 1993 Καὶ
1287 1937 1371 2007 σὺ,
1407 1935 1786 2013 Καπιρναοῦμ,
1819 1934 1902 1988 έάν

253 2028 367 2089 ἓως
415 2031 511 2081 τοῦ
566 2027 793 2102 οὐρανοῦ
845 2027 1089 2100 ύψωθῇς,
1138 2025 1264 2081 ἀλλ’
1313 2023 1417 2088 ’ἐως
1452 2023 1583 2096 ᾇδου
1611 2019 1907 2080 καταϐιϐα-

256 2119 461 2191 σθήσῃ.
500 2139 527 2168 ‹‹
552 2117 675 2172 ’Ότι
709 2114 764 2169 δὲ
800 2116 929 2191 ὑπὲρ
959 2115 1159 2185 ταύτην
1195 2114 1618 2192 ὑψηλοφρονεῖς,
1669 2114 1905 2177 ἐντεῦθεν

258 2204 458 2277 δῆλον,
504 2204 562 2259 ἐκ
606 2209 702 2260 τοῦ
747 2207 844 2273 τὴν
899 2206 992 2277 μὲν
1060 2205 1411 2259 θεόπνευστον
1462 2206 1678 2279 Γραφὴν
1731 2201 1906 2278 λέγειν

257 2294 539 2370 εἰρηκέναι
568 2294 657 2348 τὸν
692 2294 844 2348 Θεόν*
883 2320 903 2343 ι
940 2295 1203 2369 Ὠφθην,›ι
1237 2294 1390 2372 φησὶ,
1413 2318 1438 2345 ‹‹
1473 2294 1610 2367 πρὸς
1639 2287 1908 2366 Ἀϐραὰμ,

255 2383 575 2450 καὶἸσαάκ,
626 2384 715 2437 καὶ
763 2378 977 2453 Ἰακὼϐ,
1028 2382 1159 2444 Θεὸς
1210 2379 1283 2436 ὢν
1334 2381 1532 2452 αὐτῶν,
1573 2381 1755 2435 καὶτὸ
1787 2379 1908 2434 δνο-

266 2471 345 2544 μά
372 2492 476 2543 μου
508 2471 605 2525 οῦκ
634 2468 889 2541 ἐδήλωσα
919 2470 1123 2532 αὐτοῖς’
1158 2496 1185 2522 ‹‹
1220 2469 1282 2523 σὺ
1310 2467 1367 2524 δὲ
1399 2467 1580 2544 λέγεις
1630 2469 1913 2544 εὑρηκέναι

263 2560 421 2617 αὐτό.
455 2562 576 2616 ’Ότι
610 2557 666 2613 δὲ
694 2561 755 2613 τὸ
787 2560 1071 2633 ἀγέννητον
1103 2560 1201 2613 οὑκ
1231 2558 1371 2613 ἔστιν
1414 2554 1586 2630 ὄνομα
1626 2562 1722 2612 τοῦ
1753 2562 1911 2625 Θεοῦ,

265 2648 441 2718 δῆλόν
476 2648 613 2703 ἐστιν
665 2648 724 2703 ἐκ
767 2652 864 2703 τοῦ
898 2646 1071 2723 λέγειν
1117 2648 1207 2701 τὸν
1245 2646 1455 2723 Κύριον
1496 2672 1523 2698 ‹‹
1560 2646 1912 2722 Πορευθέντες

266 2738 642 2810 μαθητεύσατε
688 2737 860 2791 πάντα
909 2738 973 2791 τὰ
1019 2734 1168 2807 ἔθνη,
1218 2736 1562 2813 βαπτίζοντες
1614 2736 1807 2797 αὐτοὺς
1839 2737 1914 2797 είς

260 2829 326 2881 τὸ
386 2822 556 2900 ὄνομα
608 2831 704 2882 τοῦ
766 2827 991 2902 Πατρὸς,
1048 2826 1135 2881 καὶ
1194 2830 1291 2881 τοῦ
1337 2827 1479 2883 Γὶοῦ.
1511 2826 1726 2880 καὶτοῦ
1759 2825 1914 2900 ἀγίου

268 2916 646 2989 [Ινεύματος.››
679 2918 742 2969 Ὅ
773 2916 874 2990 γὰρ
908 2914 995 2970 ἐὰν
1025 2914 1176 2982 εἴπῃς
1209 2910 1382 2987 ὄνομα
1411 2920 1507 2969 τοῦ
1530 2914 1734 2989 Πατρὸς
1754 2915 1914 2983 εἶναι,

259 3011 429 3061 τῦτο
459 3006 546 3059 καὶ
579 3010 674 3059 τοῦ
708 3006 857 3072 Υἱοῦ,
897 3004 1104 3059 καὶτοῦ
1136 3004 1287 3079 ἁγίου
1322 3002 1631 3077 Πνεύματος
1681 3003 1913 3077 ἀναγκα-

265 3098 443 3169 σθήσῃ
476 3092 676 3148 δοῦναι·
711 3095 755 3148 εί
786 3094 889 3169 γὰρ
924 3092 1063 3148 ἄλλο
1088 3097 1184 3148 τοῦ
1217 3093 1445 3168 Πατρὸς.
1492 3094 1579 3147 καὶ
1630 3090 1769 3148 ἄλλο
1818 3097 1914 3146 τοῦ

267 3185 422 3250 Υἱοῦ,
454 3182 539 3236 καὶ
574 3180 714 3237 ἄλλο
744 3187 840 3236 τοῦ
872 3181 1030 3256 ἁγίου
1065 3180 1396 3254 [Ινεύματοςθ
1431 3180 1576 3256 εῦρες
1608 3179 1664 3235 δὲ
1712 3181 1773 3235 τὸ
1818 3184 1913 3235 τοῦ

272 3273 507 3346 ΙΙατρὸς,
541 3272 614 3332 ὡς
649 3270 922 3343 ἐνόμισας·
957 3271 1074 3325 εἷπε
1104 3270 1192 3324 καὶ
1223 3271 1285 3324 τὸ
1313 3268 1408 3324 τοῦ
1448 3271 1596 3324 Υἱοῦο
1631 3269 1725 3324 κᾶν
1760 3268 1915 3344 εἶ’πῃς

266 3365 369 3415 τοῦ
405 3362 550 3424 Υἱοῦ,
585 3361 699 3414 εἶπέ
725 3359 811 3413 καὶ
842 3360 903 3413 τὸ
932 3365 1029 3414 τοῦ
1071 3359 1226 3433 ἁγίου
1277 3361 1609 3432 Πνεύματος,
1648 3356 1740 3412 ’ίνα
1796 3358 1917 3412 τότε

268 3450 524 3522 ἀκούσῃς,
557 3448 770 3527 φάσκων
803 3449 935 3503 εἷναι
970 3448 1131 3526 σοφὸς
1166 3448 1508 3523 ἐμωράνθης·
1559 3450 1623 3502 Ὃ
1668 3448 1770 3521 γὰρ
1822 3447 1919 3501 οὐκ

269 3539 416 3593 εἶπεν
449 3541 484 3607 ἡ
522 3539 700 3611 Γραωή
734 3538 843 3613 οὑχ
874 3539 1139 3612 εὑρήσεις.
1176 3538 1235 3591 Et
1269 3534 1326 3591 δὲ
1374 3536 1613 3609 νομίζεις
1662 3541 1757 3590 τοῦ
1807 3542 1915 3590 Πα-

267 3628 402 3703 τρὸς
435 3628 567 3682 εἶναι
624 3627 687 3680 τὸ
736 3626 1045 3701 ἀγέννητον,
1094 3626 1181 3680 καὶ
1230 3630 1326 3680 τοῦ
1373 3626 1501 3679 Υἱοῦ
1551 3626 1611 3679 τὸ
1642 3624 1914 3699 γεννητὸν,

270 3722 431 3771 ποῖον
465 3717 565 3790 ἄρα
593 3714 797 3769 τούτων
826 3719 904 3786 τῷ
954 3714 1217 3787 Πνεύματι
1268 3718 1378 3787 (71)
1429 3711 1663 3782 δώσεις;
1726 3710 1917 3786 Ἀνόμ.

272 3807 339 3860 Εἰ
374 3805 457 3858 κα’
492 3806 553 3858 τὸ
582 3805 822 3879 γέννημα
854 3804 1114 3879 ἄτρεπτον
1148 3804 1255 3858 ἐστι
1298 3804 1397 3873 τήν
1430 3804 1607 3881 φύσιν,
1643 3802 1787 3858 ἀλλὰ
1830 3801 1919 3858 διὰ

269 3896 365 3949 τὸν
425 3896 771 3966 γεννήσανταθ
816 3893 878 3947 τὸ
928 3890 982 3947 δὲ
1035 3892 1321 3968 ἀγέννητον
1375 3892 1528 3947 ούσῖα
1570 3892 1734 3965 ἐστὶν,
1768 3895 1918 3969 ἄτρε-

274 4003 409 4042 πτος
440 3981 507 4048 δὴ
542 3986 655 4054 (73)
689 3979 777 4035 διὰ
804 3983 901 4049 τήν
933 3983 1182 4057 γνώμην,
1213 3981 1339 4035 ἀλλ’
1372 3982 1434 4036 οὗ
1467 3979 1555 4035 διὰ
1582 3981 1644 4036 τὸ
1680 3981 1730 4035 ἐν
1765 3981 1921 4052 οὐσίᾳ

274 4071 512 4141 ἀξίωμα.
547 4072 696 4144 Ὀρθ.
736 4070 829 4123 Καὶ
863 4071 907 4124 εἱ
944 4072 1016 4143 μή
1054 4069 1191 4124 ἐστιν
1227 4070 1407 4131 οὐσίας
1456 4070 1722 4142 ἀξιώματι
1772 4071 1921 4145 ἄτρε-

275 4180 411 4221 πτος
444 4161 472 4213 ὁ
501 4164 596 4212 τοῦ
626 4164 759 4213 Θεοῦ
792 4160 936 4230 Υἱὸς,
970 4158 1076 4212 τίνι
1128 4156 1365 4231 διαφέρει
1406 4164 1511 4212 τῶν
1546 4156 1730 4212 ἄλλων
1767 4177 1920 4231 Λογι-

271 4254 386 4304 κὼν
430 4246 730 4320 δυνάμεων,
770 4246 858 4301 καὶ
906 4247 1078 4301 αὐτῶν
1116 4246 1359 4323 ἐχουσῶν
1387 4247 1449 4301 τὸ
1481 4248 1740 4322 ἄτρεπτον
1774 4246 1825 4301 έν
1853 4251 1920 4319 τῇ

270 4337 474 4413 γνώμῃ
520 4340 616 4389 τοῦ
666 4335 982 4403 κτίσαντος;
1024 4340 1139 4397 πῶς
1184 4333 1241 4389 δὲ
1270 4336 1360 4390 καὶ
1394 4335 1604 4396 ἀκούεις
1637 4336 1800 4389 αὑτοῦ
1832 4333 1922 4389 λέ-

266 4444 481 4501 γοντοςο
514 4450 541 4474 ‹‹
580 4425 755 4478 Πάντα
784 4423 881 4478 ὅσα
912 4422 1026 4499 ἔχει
1059 4424 1086 4477 ὁ
1120 4425 1326 4500 Ιιατὴρ,
1362 4423 1464 4497 έμά
1515 4423 1675 4478 ἐστιν’
1712 4449 1737 4474 η
1772 4422 1921 4500 εἶ’περ

268 4514 380 4568 οὐκ
408 4512 460 4568 ἐν
490 4512 569 4585 τῷ
597 4518 697 4581 τῆς
726 4510 910 4573 οὐσίας
943 4510 1207 4585 ἀξιώματι
1240 4511 1354 4588 ἔχει
1384 4513 1446 4567 τὸ
1477 4513 1736 4588 ἄτρεπτον
1764 4530 1777 4579 ;

2016 1940 2135 1990 tare
2184 1938 2351 2008 quasi
2401 1941 2821 2012 excogitaveris
2870 1944 2966 1999 Dei
3020 1964 3251 2018 nomen,
3288 1954 3527 2009 nel‘orte
3558 1974 3663 2010 au-

2017 2022 2186 2080 dias:
2227 2047 2253 2075 u
2287 2027 2351 2081 Et
2382 2039 2439 2081 tu
2490 2029 2877 2101 Capernaum,
2913 2052 3038 2106 qua:
3086 2054 3269 2108 usque
3328 2043 3398 2095 ad
3451 2043 3661 2101 emtum

2018 2112 2269 2168 exaltata
2298 2131 2574 2188 es,usque
2607 2119 2674 2172 ad
2711 2120 2926 2177 inferos
2959 2124 3307 2195 deprimeris
3335 2131 3394 2180 ετ.
3438 2154 3456 2179 -
3502 2134 3667 2196 Quod

2021 2207 2216 2291 autem
2242 2204 2418 2258 altius
2439 2222 2504 2259 ea
2528 2208 2722 2278 sapias
2768 2232 2793 2257 ‹‹
2832 2211 2991 2279 urbe,
3017 2234 3041 2262 ι»
3072 2212 3205 2270 inde
3226 2224 3483 2287 apparet,
3509 2222 3665 2291 quod

2021 2290 2307 2347 divinitus
2376 2294 2654 2364 inspirata
2703 2300 3000 2369 Scriptura
3069 2306 3403 2372 pronuntiet
3451 2290 3669 2366 diaisse

2021 2379 2201 2435 Deum
2238 2398 2250 2435 :
2281 2404 2307 2430 ‹‹
2343 2384 2602 2453 Apparui
2647 2386 2960 2453 Abraham,
3001 2390 3158 2446 Isaac
3209 2398 3265 2447 et
3300 2395 3499 2462 Jacob,
3534 2416 3667 2456 cum

2024 2469 2177 2524 Deus
2208 2469 2319 2525 sim
2352 2486 2579 2539 eorum,
2602 2477 2658 2527 et
2682 2490 2890 2530 nomen
2927 2494 3119 2534 meum
3155 2499 3266 2537 non
3302 2485 3669 2545 manifestavi

2028 2556 2140 2612 illis
2171 2559 2234 2612 ⁸⁸.
2260 2580 2286 2606 ››
2319 2560 2401 2614 Tu
2440 2576 2571 2615 vero
2607 2561 2747 2616 illud
2783 2569 2837 2618 te
2866 2564 3157 2623 invenisse
3189 2572 3353 2627 dicis.
3380 2575 3539 2637 Quod
3566 2595 3668 2632 au-

2022 2651 2141 2701 tem
2175 2664 2286 2701 non
2321 2648 2586 2718 genitum
2615 2668 2743 2706 esse
2772 2670 2886 2707 non
2923 2655 3000 2708 sit
3034 2656 3132 2711 Dei
3165 2675 3397 2725 nomen,
3434 2664 3565 2717 inde
3595 2665 3669 2719 li-

2024 2742 2182 2806 quet,
2209 2739 2361 2807 quod
2396 2737 2676 2794 Dominus
2699 2741 2889 2797 dicat:
2923 2768 2947 2793 ι(
2978 2744 3430 2812 Euntes,docete
3462 2770 3669 2809 omnes

2023 2829 2246 2895 gentes,
2278 2825 2644 2896 baptizantes
2674 2844 2774 2884 eos
2806 2830 2860 2884 in
2912 2833 3144 2888 nomine
3194 2838 3347 2891 434
3378 2839 3587 2908 Patris,
3613 2847 3671 2898 et

2025 2912 2173 2980 Filii,
2205 2918 2261 2968 et
2291 2914 2543 2984 Spiritus
2575 2918 2759 2972 sancti
2792 2919 2855 2974 ⁸9.
2891 2942 2916 2967 »ι
2953 2922 3114 2985 Quod
3147 2924 3302 2979 enim
3338 2944 3547 2983 nomen
3574 2931 3672 2985 Pa-

2026 3002 2132 3056 tris
2163 3017 2291 3057 esse
2323 3002 2559 3069 dixeris,
2586 3003 2691 3059 hoc
2717 3004 2909 3076 ipsum
2946 3006 3094 3079 Filii,
3116 3016 3173 3065 et
3200 3013 3450 3083 Spiritus
3482 3017 3669 3071 sancti

2024 3107 2151 3145 esse
2184 3092 2466 3146 concedas
2490 3108 2724 3148 necesse
2755 3101 2878 3161 est;
2914 3096 2960 3151 si
2991 3098 3148 3153 enim
3175 3101 3333 3156 aliud
3362 3108 3470 3170 est,
3507 3128 3533 3154 ‹‹
3568 3122 3671 3161 no-

2027 3194 2157 3233 men
2192 3200 2219 3227 »
2256 3177 2460 3245 Patris,
2495 3186 2550 3234 et
2579 3180 2736 3236 aliud
2774 3182 2917 3253 Filii,
2951 3190 3009 3240 et
3054 3187 3189 3242 item
3238 3189 3392 3245 aliud
3421 3193 3673 3264 Spiritus

2025 3268 2213 3323 sancti
2247 3286 2260 3322 :
2295 3274 2357 3323 tu
2393 3286 2523 3324 vero
2573 3286 2781 3326 nomen
2832 3275 3044 3345 Patris,
3081 3281 3145 3331 ut
3183 3278 3416 3349 quidem
3475 3288 3668 3354 putas,

2026 3354 2321 3419 invenisti,
2356 3354 2449 3410 dic
2480 3356 2676 3424 etiam,
2710 3361 3006 3430 quodnam
3036 3362 3113 3418 sit
3143 3381 3354 3422 nomen
3380 3368 3503 3423 Filii
3530 3388 3542 3425 :
3572 3371 3671 3427 ubi

2024 3460 2156 3498 vero
2190 3460 2401 3498 nomen
2433 3443 2554 3499 Filii
2585 3446 2821 3517 dixeris,
2849 3449 2938 3503 die
2969 3450 3145 3506 etiam
3181 3471 3389 3510 nomen
3423 3458 3671 3529 Spiritus

2025 3532 2232 3601 sancti,
2256 3539 2319 3587 ut
2339 3540 2477 3589 tunc
2501 3536 2706 3591 audias
2729 3538 2882 3608 quod
2916 3554 3047 3595 cum
3080 3545 3135 3595 te
3165 3544 3485 3614 sapientem
3509 3549 3676 3604 dicti-

2027 3626 2134 3687 tes,
2189 3622 2407 3677 stultus
2461 3624 2641 3678 factus
2694 3626 2796 3680 sis.
2824 3628 2956 3691 Quae
3006 3630 3162 3684 enim
3212 3633 3509 3704 Scriptura
3560 3653 3674 3693 non

2026 3711 2183 3780 dicit,
2213 3717 2273 3764 tu
2310 3728 2609 3782 nunquam
2664 3714 2971 3772 inveneris.
3023 3723 3218 3786 Porro,
3275 3723 3321 3776 si
3376 3725 3679 3782 existimas

2027 3800 2180 3855 Patri
2233 3805 2561 3872 competere
2611 3820 2721 3858 non
2772 3805 3058 3875 genitum,
3108 3811 3165 3862 et
3214 3809 3355 3865 Filio
3413 3813 3676 3882 genitum

2032 3906 2182 3953 esse,
2217 3889 2310 3943 die
2342 3907 2558 3959 quaeso,
2584 3893 2877 3961 quodnam
2911 3910 2976 3948 ex
3010 3894 3098 3948 bis
3121 3898 3407 3953 attribues
3439 3901 3680 3970 Spiritui

2030 3978 2280 4033 saneto?
2310 3980 2500 4033 Anam.
2536 3980 2591 4034 Si
2641 3982 2814 4035 etiam
2865 3983 3129 4054 genitum
3185 3991 3274 4040 est
3312 3988 3681 4046 immutabile

2029 4067 2352 4122 secundum
2387 4072 2679 4137 naturam,
2714 4070 2812 4124 sed
2850 4076 3083 4142 prepter
3116 4090 3272 4143 eum,
3307 4076 3404 4146 qui
3438 4079 3677 4148 genuit:

2030 4174 2142 4211 non
2175 4156 2443 4227 genitum
2462 4172 2594 4210 vero
2618 4158 2952 4214 substantia
2973 4161 3465 4225 est,immutabile
3501 4168 3681 4239 igitur

2030 4248 2267 4317 propter
2294 4243 2652 4299 voluntatem
2688 4246 2814 4311 erit,
2851 4264 2965 4303 non
3002 4266 3069 4304 ex
3118 4254 3458 4309 substantiis
3490 4258 3681 4327 digni-

2030 4339 2170 4388 tate.
2207 4332 2356 4387 Orth.
2391 4333 2551 4396 Quod
2586 4333 2632 4387 si
2672 4333 2852 4391 Filius
2884 4337 2982 4392 Dei
3013 4356 3126 4394 non
3177 4345 3267 4395 est
3295 4341 3683 4402 immutabilis

2032 4420 2370 4477 substantias
2404 4420 2706 4490 dignitate,
2758 4423 2812 4477 in
2856 4442 2970 4494 quo
3019 4443 3155 4500 ergo
3203 4428 3390 4485 diﬂert
3441 4431 3513 4485 ab
3547 4432 3682 4489 aliis

2037 4508 2418 4565 rationalibus
2452 4508 2845 4567 facultatibus.
2884 4513 3089 4585 Utpote
3118 4532 3245 4588 quae
3294 4523 3349 4573 et
3397 4518 3534 4590 ipsae
3568 4520 3683 4576 im-

270 4601 732 4659 mutabilitatem
766 4601 1068 4658 obtineant
1097 4602 1394 4657 voluntate
1423 4602 1571 4671 eius,
1606 4601 1706 4673 qui
1739 4602 1952 4657 creavit
1980 4602 1999 4656 ἒ
2032 4605 2087 4654 et
2116 4598 2408 4670 quomodo
2442 4601 2500 4652 tu
2539 4600 2708 4654 fidem
2745 4600 2925 4657 habes
2954 4604 3167 4659 dicenti
3208 4623 3219 4659 :
3255 4628 3282 4656 «
3316 4608 3523 4665 Omnia
3555 4627 3681 4681 quas

270 4696 446 4747 Pater
478 4691 651 4745 habet
682 4706 812 4746 mea
840 4696 979 4745 sunt
1009 4691 1053 4724 7°
1084 4713 1112 4738 ››
1147 4708 1159 4744 :
1194 4690 1482 4761 siquidem
1519 4707 1631 4745 non
1666 4690 1839 4745 habet
1874 4686 2415 4745 immutabilitatem
2445 4703 2513 4741 ex
2545 4689 2885 4743 substantia!
2918 4691 3202 4762 dignitate
3224 4695 3251 4749 ?

350 4780 435 4835 19.
471 4776 662 4849 ’Ᾱνόμ.
695 4778 759 4831 Et
788 4777 846 4831 τὸ
880 4775 1164 4852 ἀγέννητον
1200 4776 1382 4839 οὐσίας
1428 4777 1536 4831 ἐστὶ
1588 4774 1919 4847 δηλωτικὸν,
1957 4782 1999 4845 D

270 4862 501 4928 εἱκότως
552 4867 686 4942 πρὸς
739 4868 836 4935 τὴν
887 4870 998 4938 (7.3)
1046 4871 1142 4920 τοῦ
1190 4869 1524 4943 γεννήματος
1558 4865 1740 4920 οὓσίκν
1789 4868 1928 4920 ἀντι-

271 4954 671 5011 διαστέλλεται·
733 4956 778 5008 si.
838 4953 895 5009 δὲ
957 4952 1124 5028 μηδὲν
1172 4955 1426 5028 σημαίνει
1481 4955 1544 5009 τὸ
1607 4954 1923 5030 ἀγέννητον,

268 5044 474 5116 πολλῷ
504 5041 570 5112 δὴ
608 5042 820 5117 μᾶλλον
854 5040 1011 5098 Όῦδὲν
1059 5041 1227 5114 δηλοῖ
1253 5045 1314 5099 τὸ
1348 5043 1609 5119 γέννημα·
1649 5042 1836 5116 μηδενὶ
1869 5042 1927 5099 δὲ

273 5130 448 5207 μηδὲν
480 5137 593 5193 πῶς
649 5130 1089 5199 ἀντιαστέλλεις;
1126 5133 1185 5187 El
1237 5129 1293 5186 δὲ
1344 5137 1378 5201 ἡ
1435 5134 1727 5207 ἀγεννήτου
1785 5152 1924 5205 προ-

267 5221 413 5298 φορά
470 5219 608 5296 πρὸς
653 5220 753 5290 τήν
806 5220 1082 5297 προοροράν
1138 5219 1659 5292 ἀντιδιαστέλλεται,
1711 5223 1924 5289 σιωπῆς

343 5383 390 5417 ⁸⁸
449 5383 468 5437 Ι
504 5382 654 5437 Tim.
688 5399 727 5447 ι,
763 5384 847 5437 17.
925 5384 968 5417 ⁸⁷
1000 5381 1205 5438 Matth.
1237 5399 1316 5453 ιι,
1347 5383 1437 5438 23.

372 5554 435 5607 71
490 5552 586 5622 Τῷ
619 5550 786 5625 Πατρί
818 5571 1024 5611 omnes
1053 5571 1196 5611 mss.
1258 5553 1360 5609 sed
1392 5553 1566 5611 male.

372 5554 464 5696 72;
494 5623 642 5696 Pal.
675 5628 712 5679 2
757 5629 813 5681 et
862 5632 1010 5696 Aug.
1058 5625 1122 5680 τὸ
1172 5595 1229 5680 δέ
1269 5625 1523 5696 γεννητὸν

369 5595 464 5696 ἧς
494 5595 1024 5699 ῥεῆξῖτέινῖίῖξῗ
1053 5595 1229 5680 ’ἓξὲξ
1258 5595 1735 5699 ἒέῖνῆἒὲξῗὶισία
1783 5622 1923 5679 ἐστὶν

280 5691 547 5772 ἄτρεπτον
576 5691 667 5765 δή.

1513 5383 1557 5419 ⁶⁸
1592 5383 1767 5440 Exod.
1800 5400 1877 5439 v1.
1901 5383 1958 5451 2,
1989 5382 2043 5436 3.

2105 4775 2191 4832 19.
2217 4776 2405 4830 Anam.
2433 4774 2491 4830 Si
2519 4792 2629 4830 non
2654 4777 2918 4849 genitum
2945 4781 3338 4838 substantiam
3373 4786 3684 4857 signiﬁcat,

2041 4865 2246 4920 rationi
2273 4880 2637 4935 consequens
2669 4865 2859 4933 fuerit,
2887 4869 3039 4938 quod
3075 4887 3108 4923 a
3130 4870 3323 4942 genito
3356 4875 3690 4933 substantia

2040 4952 2482 5023 distinguatur:
2518 4951 2564 5004 si
2593 4968 2725 5009 vero
2758 4969 2871 5008 non
2904 4958 3165 5026 genitum
3198 4958 3341 5014 nihil
3374 4962 3687 5034 significat,

2038 5040 2221 5095 multo
2253 5039 2439 5110 magis
2473 5039 2647 5093 etiam
2683 5040 2825 5095 nihil
2860 5042 3211 5114 signiﬁcabit
3244 5050 3501 5120 genitum
3530 5052 3686 5121 :jatn

2036 5146 2170 5201 ergo
2202 5127 2346 5183 nihil
2398 5144 2432 5182 a
2481 5126 2662 5182 nihilo
2712 5133 3004 5201 quomodo
3035 5134 3411 5209 distingues?
3449 5140 3502 5194 Si
3554 5158 3686 5198 vero

2037 5218 2282 5292 prolatio
2308 5232 2418 5271 non
2443 5218 2625 5289 geniti
2647 5220 2965 5291 opponitur
2981 5223 3287 5295 prolationi
3315 5230 3516 5300 geniti,
3534 5237 3689 5287 certe

2119 5380 2164 5417 σθ
2194 5379 2397 5434 Matth.
2430 5395 2629 5450 xxvm,
2669 5380 2748 5437 19.
2826 5382 2871 5417 7°
2896 5384 3062 5440 Joan.
3096 5402 3210 5458 xw,
3246 5389 3328 5446 15.

2110 5553 2223 5622 (73)
2253 5553 2344 5607 Sic
2375 5550 2493 5607 Pal.
2524 5554 2559 5606 2
2590 5554 2646 5607 et
2688 5554 2835 5626 Aug.
2885 5553 3036 5610 Editi
3081 5570 3217 5612 vero
3265 5555 3512 5628 είκότως,
3558 5558 3683 5633 mp!

2038 5623 2159 5692 τήν.
