4092 6218
429 372 578 429 1187

429 593 508 646 sit
540 593 709 646 modo
741 597 1049 646 ovanescat
1079 608 1213 661 spes
1265 590 1754 658 Christianorum,
1787 593 1987 659 utpote
2022 587 2077 640 in

426 682 678 751 quadam
716 679 1057 751 prolationis
1102 679 1377 733 varietate
1408 680 1540 745 sita,
1576 696 1691 733 non
1721 694 1853 733 vero
1888 679 1941 731 in
1976 694 2078 730 na-

426 770 680 823 turisita
713 786 773 822 se
820 768 1193 833 habentibus,
1248 776 1311 821 ut
1370 767 1674 822 nominum
1725 765 2078 838 signiﬁcatio

427 860 699 930 postulat.
735 857 888 912 Orth.
910 860 1095 912 Etiam
1128 856 1177 911 si
1209 857 1310 911 tibi
1347 858 1763 911 concederetur
1794 856 1983 909 dicere
2007 856 2077 908 de

424 950 558 1012 Deo,
589 949 743 1018 quod
776 947 851 1001 sit
873 963 982 1001 non
1010 948 1276 1017 genitus;
1308 963 1412 999 nos
1444 952 1636 999 tamen
1672 944 1925 999 dicimus
1959 960 2072 997 non

426 1038 688 1109 genitum
722 1044 847 1091 tum
880 1036 1229 1107 significare,
1267 1051 1381 1089 non
1426 1051 1555 1088 esse
1586 1034 1848 1105 genitum
1882 1032 2074 1103 quoad

423 1126 839 1192 substantiam,
888 1124 1389 1196 quemadmodum
1450 1122 1740 1178 mendacii
1778 1128 2072 1193 expertem

426 1233 552 1271 esse
602 1232 711 1269 non
763 1214 1019 1277 mentiri,
1069 1214 1259 1283 quoad
1324 1212 1738 1267 substantiam.
1788 1215 1861 1266 At
1915 1226 2072 1277 vero,

424 1304 711 1359 mendacii
746 1307 1041 1374 expertem
1091 1318 1240 1365 esse,
1273 1318 1388 1355 non
1421 1307 1510 1355 est
1540 1300 1651 1355 ista
1692 1300 2023 1355 substantia
2056 1316 2069 1353 :

423 1411 524 1447 nec
574 1409 687 1447 non
737 1393 999 1463 genitum
1057 1408 1205 1446 esse.
1241 1390 1299 1445 Si
1351 1390 1507 1445 enim
1540 1406 1654 1445 non
1689 1389 1949 1460 genitum
1984 1392 2073 1444 est

420 1484 546 1552 ipsa
579 1482 910 1536 substantia
940 1481 1113 1534 etiam
1139 1480 1425 1535 mendacii
1448 1495 1651 1551 expers
1673 1483 1762 1533 est
1780 1479 1906 1549 ipsa
1930 1478 2070 1532 sub-

422 1572 637 1626 stantia
670 1588 683 1625 :
718 1576 806 1625 est
839 1586 968 1624 vero
1002 1574 1058 1623 et
1088 1569 1268 1623 Filius
1303 1568 1587 1622 mendacii
1618 1583 1859 1638 expers;
1892 1566 2072 1638 igitur

423 1667 476 1715 et
511 1678 621 1713 non
654 1660 905 1730 genitus.
926 1659 1056 1713 Jam
1083 1674 1213 1712 vero
1240 1674 1351 1711 non
1376 1656 1608 1727 genitus
1633 1673 1745 1710 non
1771 1656 2069 1727 est,igitur

419 1751 742 1805 secundum
777 1754 830 1805 te
864 1749 1130 1802 mendax.
1186 1748 1374 1811 Quare
1426 1762 1540 1799 non
1590 1750 1678 1799 est
1725 1744 1879 1799 idem
1926 1745 2063 1797 sub-

419 1842 654 1903 stantia,
689 1838 842 1908 quod
896 1837 1179 1891 mendacii
1230 1839 1526 1905 expertem
1576 1849 1725 1888 esse.
1776 1833 2064 1896 Quemad-

1593 366 1654 426 S.
1703 364 2224 426 ATHANASIUS.
2262 396 2337 405 —
2375 358 2684 423 SPURIA.

3578 32 3617 51 «Ι
3674 44 3679 47 ,

3596 56 3605 63 ι
3856 60 3859 63 λ

3594 80 3617 83 ς.
3672 66 3687 79 ι
3746 72 3753 79 ι
3992 80 3995 83 .

3784 0 3823 117 Ι*
3864 82 3885 101 Ι
3933 0 3949 99 Ι

4070 326 4071 334 l

3696 361 3852 424 “88

432 502 663 557 silentio
722 500 1254 572 pronuntiationem
1303 500 1626 571 excipiente
1658 500 1776 567 ﬁet,
1811 504 1875 553 ut
1906 498 2056 552 modi

2192 495 2290 562 τήν
2318 494 2601 570 προφορὰν
2635 491 3052 568 διαδεχομένης,
3100 490 3375 568 γίγνεσθαι
3422 489 3706 567 συμϐαίνει
3760 496 3849 550 καὶ

2190 583 2577 657 ἀπογίγνεσοαι
2609 585 2706 651 τήν
2739 588 2846 637 τῶν
2874 588 3212 658 Χριστιανῶν
3247 580 3461 655 ἐλπίδα,
3506 585 3567 638 ἐκ
3599 581 3852 661 διαφόρῳ

2189 677 2441 747 προφορᾷ
2470 673 2750 743 κειμένην,
2783 670 2909 726 ἀλλ’
2941 672 3039 725 οὑκ
3081 671 3133 725 ἐν
3186 672 3403 748 φύσεσιν
3458 673 3633 734 οὕτως
3686 673 3847 749 ἐχού-

2190 782 2329 827 σαις,
2391 761 2463 822 ὡς
2520 764 2554 829 ἡ
2603 766 2711 815 τῶν
2758 760 3039 833 ὀνομάτων
3095 761 3348 835 βούλεται
3393 762 3658 834 σημασία.
3696 765 3845 837 Ὀρθ.

2189 853 2354 908 ’Όταν
2389 873 2471 906 σοι
2502 850 2636 925 δοθῇ
2693 851 2870 927 λέγειν
2922 852 3031 911 ἐπὶ.
3060 858 3195 908 Θεοῦ
3244 854 3307 908 τὸ
3356 855 3671 930 ἀγέννητον,
3726 856 3847 910 τότε

2188 941 2467 1014 σημαίνειν
2544 943 2605 996 τὸ
2681 940 2973 1016 ἀγέννητον
3036 941 3264 1018 λέγομεν
3323 945 3386 997 τὸ
3448 945 3524 1016 μὴ
3578 952 3845 1018 γεγεννῆ-

2186 1032 2303 1083 σθαι
2335 1032 2433 1098 τήν
2468 1029 2671 1101 οὗσίαν,
2728 1030 2801 1092 ὡς
2849 1032 2909 1085 τὸ
2959 1028 3185 1104 ἀψευδὲς
3217 1032 3279 1087 τὸ
3316 1034 3391 1106 μη
3423 1030 3715 1106 ψεύδεσθαι
3747 1037 3846 1102 τήν

2186 1118 2387 1173 οὐσίαν.
2445 1117 2583 1176 Οὔτε
2630 1117 2686 1174 δὲ
2734 1120 2797 1173 τὸ
2841 1118 3069 1193 ἀψευδὲς
3110 1123 3145 1189 ἡ
3180 1120 3335 1175 οὐσία
3365 1119 3487 1176 οὕτε
3518 1122 3581 1175 τὸ
3613 1122 3847 1197 ἀγέννη-

2180 1228 2292 1263 τον.
2326 1208 2389 1261 Ei
2419 1207 2519 1284 γὰρ
2548 1208 2612 1262 τὸ
2642 1208 2927 1282 ἀγέννητον
2962 1207 3137 1280 οὐσία,
3172 1207 3260 1262 καὶ
3292 1208 3355 1263 τὸ
3390 1206 3619 1282 ἀψευδὲς
3664 1210 3845 1264 οὐσία·

2182 1292 2292 1350 ἔστι
2325 1294 2381 1350 δὲ
2423 1296 2511 1351 καὶ
2561 1298 2589 1351 ὁ
2620 1297 2743 1359 Υἱὸς
2774 1293 3042 1369 ἀψευδής*
3077 1296 3166 1351 καὶ
3197 1297 3490 1373 ἀγέννητος
3520 1300 3643 1371 ἄρα.
3686 1297 3847 1354 Ἀλλ’

2183 1384 2281 1440 οὐκ
2310 1386 2623 1460 ἁγέννητος’
2660 1383 2863 1459 ψευδὴς
2896 1386 2987 1440 οὖν
3015 1386 3149 1440 κατὰ
3188 1385 3262 1442 σέ.
3298 1386 3411 1444 Οὐκ
3442 1388 3545 1462 ἄρα
3574 1388 3639 1442 τὸ
3675 1389 3846 1462 ἀψευ·

2181 1471 2266 1536 δὲς
2319 1475 2492 1531 οὑσία.
2525 1477 2612 1529 Ὠς
2646 1474 2737 1529 οὖν
2764 1476 2826 1531 τὸ
2878 1473 3105 1550 ἀψευδὲς
3156 1476 3255 1531 οὐκ
3298 1476 3470 1548 οὗσία,
3507 1476 3684 1539 οὕτως
3717 1475 3847 1532 οὗδὲ

2176 1564 2238 1616 τὸ
2270 1563 2564 1637 ἀγέννητον
2620 1563 2794 1617 οὐσία·
2851 1563 2895 1617 εἰ
2948 1564 3049 1639 γὰρ
3101 1565 3164 1618 τὸ
3214 1564 3506 1640 ἀγέννητον
3538 1566 3843 1633 οὑσία,καὶ

2176 1652 2239 1706 τὸ
2270 1653 2526 1727 γεννητὸν
2562 1653 2733 1707 οὖσία’
2768 1654 2810 1706 εἱ
2846 1650 2903 1707 δὲ
2949 1654 3012 1707 τὸ
3061 1654 3316 1728 γεννητὸν
3360 1653 3534 1725 οὐσία,
3568 1654 3748 1709 πάντα
3775 1656 3844 1710 τὰ

2176 1742 2406 1815 γεννητά
2453 1741 2738 1812 ὁμοούσια.
2789 1741 2858 1795 Τὸ
2908 1740 2963 1796 δὲ
3013 1742 3195 1805 οὐσίας
3245 1740 3553 1812 δηλωτικὸν
3605 1745 3747 1798 εἶναι
3776 1747 3842 1799 τὸ

2176 1829 2467 1903 ἀγέννητον
2526 1830 2721 1884 καὶτὸ
2768 1832 3025 1904 γεννητὸν
3096 1832 3243 1907 παρά
3281 1839 3381 1900 τῆς
3440 1839 3540 1900 σῆς
3605 1832 3838 1909 εὕρηται

416 1930 554 1981 dum
591 1929 769 1998 igitur
805 1924 1037 1979 mentiri
1074 1940 1188 1977 non
1223 1940 1392 1993 posse
1416 1939 1527 1977 non
1574 1928 1663 1976 est
1710 1922 2056 1989 substantia,

2172 1925 2474 1995 προφορᾶς,
2505 1921 2565 1988 ἢν
2603 1917 2683 1973 δεῖ
2714 1920 2788 1981 ὡς
2838 1920 3109 1975 θάλασοατ
3158 1922 3519 1994 κυμαίνουσαν
3572 1921 3838 1995 ἐπιτιμηο

416 2017 497 2070 ita
528 2034 759 2087 quoque
794 2032 904 2069 non
938 2013 1199 2084 genitum
1230 2027 1357 2066 esse
1381 2027 1491 2065 non
1518 2015 1607 2065 est
1637 2012 1763 2080 ipsa
1792 2012 2062 2065 substan-

414 2107 495 2161 tia
520 2125 531 2160 :
559 2106 603 2158 si
639 2104 793 2158 enim
829 2100 1227 2171 non-genitum
1251 2117 1379 2155 esse
1410 2106 1498 2154 est
1529 2098 2058 2164 substantia,etiam

411 2198 669 2267 genitum
702 2210 829 2248 esse
851 2192 1183 2246 substantia
1211 2190 1356 2245 erit:
1384 2189 1539 2259 quod
1569 2189 1615 2243 si
1640 2188 1900 2259 genitum
1933 2205 2060 2243 esse

411 2283 741 2340 substantia
773 2281 1084 2351 est,omnia
1102 2277 1301 2350 genita
1318 2282 1490 2332 erunt
1512 2276 2056 2332 consubstantialia.

412 2376 746 2441 Porroquod
775 2388 885 2425 non
910 2369 1170 2440 genitum
1193 2372 1251 2423 et
1272 2367 1536 2438 genitum
1564 2366 1755 2438 ipsam
1775 2366 2062 2438 signiﬁcet

410 2463 750 2523 essentiam,
797 2465 907 2513 tuas
959 2455 1451 2529 pronuntiationis
1502 2460 1901 2510 commentum
1948 2459 2055 2521 est,

408 2570 523 2607 non
562 2551 757 2605 minus
800 2546 1189 2617 increpandas,
1244 2561 1421 2615 quam
1477 2561 1633 2598 mare
1677 2543 1965 2599 fluctuans
2004 2548 2060 2599 et

411 2649 747 2696 aestuosum.
782 2636 1035 2708 Spiritus
1067 2634 1355 2705 siquipein
1391 2632 1488 2687 ille
1518 2633 1780 2687 veritatis
1826 2632 2057 2686 Patrem

408 2731 574 2785 nobis
604 2736 658 2782 et
690 2727 897 2781 Filium
932 2723 1281 2793 praedicavit,
1314 2739 1438 2792 quas
1476 2722 1713 2775 nomina
1748 2721 2057 2775 relationes

2172 2009 2345 2075 θῆναι.
2377 2009 2447 2062 Τὸ
2486 2009 2585 2083 γὰρ
2620 2014 2838 2080 Πνεῦμα
2868 2011 2965 2077 τῆς
3010 2009 3267 2079 ἀΛηΘείας
3312 2013 3522 2082 Πατέρα
3566 2013 3659 2065 καὶ
3708 2014 3833 2066 my

2169 2098 2304 2167 ἡμῖν
2358 2095 2603 2171 ἐκήρυξε,
2658 2102 2763 2151 τῶν
2813 2096 3094 2169 ὀνομάτων
3145 2098 3239 2160 τὰς
3289 2098 3501 2174 σχέσεις
3538 2103 3680 2172 ἡμῖν
3734 2122 3833 2170 ση-

2173 2185 2491 2256 μαινόντωνο
2544 2187 2642 2239 οὐκ
2671 2185 2905 2259 ἀντερεῖς
2940 2184 3017 2256 δὲ,
3050 2188 3125 2248 ὡς
3166 2188 3297 2249 Θεὸς
3346 2188 3501 2264 φύσει
3556 2190 3650 2245 καὶ
3697 2190 3837 2261 ἀληο

2171 2273 2303 2343 θείᾳ·
2342 2275 2523 2348 Πατήρ
2558 2271 2615 2328 δὲ
2663 2279 2800 2343 πῶς,
2838 2277 2911 2347 μὴ
2947 2278 3207 2350 γεννήσας
3240 2276 3391 2354 φύσει
3424 2278 3516 2332 καὶ
3553 2278 3835 2350 ἀληθείας

2168 2362 2306 2417 ὣστε
2333 2362 2421 2417 καὶ
2455 2365 2489 2432 ἡ
2518 2367 2613 2417 σοῦ
2642 2368 2736 2417 τοῦ
2770 2362 3155 2433 ἐπινοησαντος
3184 2366 3245 2419 τὸ
3278 2367 3570 2441 ἀγέννητον
3624 2369 3719 2422 καὶ
3771 2370 3833 2423 τὸ

2166 2452 2417 2527 γεννητὸν
2470 2452 2656 2513 οὐσίας
2707 2454 2840 2506 εἴναι
2890 2449 3198 2519 δηλωτικὸν
3247 2453 3428 2525 ἐλπὶς,
3481 2464 3705 2526 σιωπῆς
3733 2459 3833 2527 τὴν

2167 2540 2449 2617 προφορὰν
2499 2537 2804 2615 δεχομένης
2857 2544 2990 2614 (74),
3036 2540 3086 2594 ἐν
3121 2542 3302 2617 ἡμέρᾳ
3333 2544 3564 2619 κρίσεως
3599 2547 3713 2621 οὐχ
3746 2548 3829 2601 εὖ-

2168 2630 2424 2706 ρίσκεται,
2462 2628 2674 2685 ἐκείνων
2722 2632 2888 2704 μόνον
2939 2632 3358 2706 εὑρισκομένων,
3393 2636 3465 2689 ὧν
3515 2636 3580 2689 τὸ
3612 2641 3830 2709 Ηνεῦμα

2166 2720 2228 2774 τὸ
2260 2720 2408 2795 ἅγιον
2445 2720 2610 2776 εἶπεν.

408 2822 578 2876 nobis
614 2818 892 2872 indicant.
927 2814 1040 2869 Nec
1070 2829 1202 2867 vero
1234 2810 1495 2880 obiicias,
1531 2811 1685 2881 quod
1720 2814 1870 2864 Deus
1902 2808 2139 2880 quidem
2172 2815 2382 2865 natura
2413 2816 2468 2865 et
2516 2811 2755 2867 veritate
2793 2817 2938 2867 Deus
2972 2814 3048 2867 sit
3080 2831 3092 2866 :
3128 2813 3298 2868 Pater
3329 2832 3458 2870 vero
3492 2819 3823 2872 secundum

409 2911 786 2981 quid,utpote
819 2904 919 2975 qui
955 2918 1069 2957 non
1104 2901 1371 2972 genuerit
1398 2904 1609 2953 natura
1638 2904 1695 2952 et
1723 2898 1966 2953 veritate
2001 2915 2012 2951 :
2046 2899 2421 2968 quamobrem
2457 2917 2593 2970 spes
2628 2899 2725 2955 illa
2756 2902 2978 2972 tua,qui
3014 2903 3477 2958 comminisceris
3508 2922 3625 2960 non
3658 2908 3825 2976 geni-

405 3007 531 3054 tuin
563 3005 617 3051 et
646 2993 971 3067 ingenitum
1004 2989 1334 3060 signiﬁcare
1365 2986 1780 3051 substantiam,
1816 2987 1871 3040 in
1905 2986 1997 3041 die
2026 2985 2125 3041 illa
2148 2987 2378 3057 judicii,
2403 2989 2635 3043 silentio
2671 2988 3052 3060 prolationem
3087 2991 3490 3063 intercipiente
3520 3011 3822 3065 nusquam

412 3085 771 3157 comparebit
804 3080 942 3135 :illa
972 3078 1188 3149 quippe
1218 3076 1407 3131 solum
1440 3081 1565 3130 tum
1600 3081 1725 3130 rata
1750 3076 2198 3145 cemperientur,
2232 3094 2357 3148 quas
2389 3083 2627 3132 sanctus
2659 3076 2913 3149 Spiritus
2945 3079 3288 3135 enuntiavit.

476 3180 565 3230 20.
600 3177 789 3228 Anam.
821 3170 874 3225 Si
909 3185 1021 3222 non
1071 3167 1335 3237 genitum
1367 3181 1496 3219 esse
1542 3170 1806 3236 respectu
1843 3164 1922 3219 rei
1953 3181 2055 3236 ge-
2089 3168 2131 3234 C

417 3268 547 3319 nitas
580 3266 650 3317 ad
682 3258 1058 3316 eminentiam
1091 3254 1355 3310 essentia:
1391 3276 1417 3302 ‹‹
1440 3254 1875 3307 connotandum
1912 3275 1937 3301 »
1972 3252 2058 3306 ni-

412 3356 493 3409 hil
524 3350 779 3423 amplius
810 3342 1331 3416 inl'ert,prolatione
1359 3341 1548 3396 solum
1580 3343 1846 3413 superior
1874 3341 2053 3397 Filius

410 3443 662 3515 potiores
694 3440 967 3510 agnoscet
995 3450 1114 3497 eos,
1147 3432 1246 3502 qui
1282 3433 1386 3485 hoc
1435 3431 1485 3485 ei
1518 3447 1729 3484 nomen
1762 3431 2047 3497 tribuunt,

409 3550 521 3586 non
555 3538 748 3585 autem
804 3542 936 3579 eum
970 3522 1067 3594 qui
1114 3522 1267 3575 Deus
1311 3525 1367 3573 et
1417 3519 1585 3573 Pater
1631 3520 1758 3587 ejus
1813 3518 2046 3572 dicitur.

409 3622 561 3675 Orth.
596 3620 680 3673 Tu
734 3613 1009 3670 nimirum
1044 3611 1093 3664 is
1142 3626 1224 3674 es,
1277 3608 1375 3678 qui
1424 3608 1648 3661 Patrem
1702 3624 1813 3660 non
1868 3607 2046 3678 geniti

404 3710 634 3765 nomine
664 3700 1039 3774 nuncupasti,
1072 3705 1128 3752 et
1151 3698 1259 3752 hoc
1303 3697 1490 3768 ipsam
1526 3695 1622 3750 Dei
1655 3696 2045 3750 substantiam

403 3816 550 3867 esse,
575 3794 792 3851 Judasis
824 3799 1103 3859 tanquam
1124 3787 1248 3858 lege
1272 3785 1514 3839 sanxisti
1542 3801 1553 3837 :
1582 3801 1868 3854 nusquam
1890 3783 2044 3837 enim

404 3889 510 3943 hoc
543 3886 775 3941 divinus
806 3881 901 3935 ille
934 3878 1187 3949 Spiritus
1220 3875 1418 3929 docuit
1448 3891 1460 3927 :
1499 3873 1652 3927 unde
1694 3872 1751 3926 in
1781 3873 2045 3927 confesso

401 3984 490 4033 est
534 3983 585 4030 te
620 3992 731 4030 non
766 3970 1002 4043 quidem
1055 3966 1195 4021 Filio
1242 3962 1724 4035 priestantiorem,
1760 3963 1858 4016 sed
1892 3961 2040 4032 ipso,

403 4067 499 4137 qui
535 4066 682 4120 435
719 4068 773 4116 te
804 4060 942 4115 talia
985 4055 1200 4119 docuit,
1233 4051 1463 4108 diabolo
1492 4052 1746 4123 pejorem
1780 4067 2041 4121 comper-

402 4162 527 4207 tum
561 4154 653 4207 iri.
685 4153 875 4211 Anam,
908 4148 963 4200 Si
999 4162 1109 4199 non
1143 4142 1339 4215 genita
1386 4140 1716 4195 substantia
1759 4146 2041 4211 praestan-

400 4244 510 4298 tior
542 4249 628 4295 est
662 4242 785 4312 ipso
817 4242 944 4293 ortu
976 4253 1009 4288 ιι
1058 4233 1249 4303 seipsa
1297 4229 1568 4285 obtinens
1608 4245 1734 4283 eam
1785 4230 2041 4284 eminen-

398 4333 561 4393 tiam,
588 4330 761 4384 etiam
796 4344 863 4381 ea
893 4342 1019 4395 quae
1049 4340 1080 4376 a
1110 4337 1171 4375 se
1202 4326 1290 4375 est
1314 4317 1667 4385 substantia,
1701 4335 1815 4372 non
1847 4319 2044 4389 genita

398 4423 507 4475 erit
540 4438 551 4474 :
590 4434 777 4488 neque
808 4415 966 4469 enim
993 4410 1190 4467 volens
1222 4408 1360 4479 quia
1390 4407 1510 4462 vult
1558 4408 1927 4477 przestantior
1955 4411 2043 4462 est

397 4516 552 4575 ortu,
589 4508 689 4562 sed
719 4506 854 4576 quia
884 4503 1012 4574 ipsa
1043 4497 1370 4554 substantia
1395 4496 1516 4567 ipse
1540 4495 1837 4566 ingenitus
1865 4496 2037 4562 Deus;

396 4601 450 4653 id
486 4596 645 4652 nulla
677 4596 897 4650 ratione
929 4588 1229 4662 permittit,
1268 4591 1331 4639 ut
1361 4584 1616 4655 aliquam
1648 4584 1956 4638 adversum
1982 4602 2043 4639 se

396 4687 827 4761 generationem
863 4681 995 4753 quis
1026 4674 1528 4739 comminiscetur,
1564 4689 1626 4727 ac
1672 4673 1731 4726 in
1778 4689 1912 4727 eum
1945 4673 2067 4742 qui,

396 4760 627 4848 genitus
659 4779 747 4828 est
779 4770 964 4841 rejieit
1007 4781 1178 4822 omne
1208 4762 1494 4833 ejusmodi
1541 4760 1754 4814 mentis
1798 4777 2041 4815 examen

394 4871 449 4920 et
480 4861 870 4919 ratiocinium.
897 4857 1054 4914 Orfh.
1081 4853 1283 4910 Omnis
1316 4849 1645 4905 substantia
1677 4852 2043 4920 prmstantior

391 4960 480 5009 est
514 4958 641 5008 ortu
678 4968 690 5006 :
727 4966 841 5005 non
873 4947 1027 5004 enim
1064 4948 1151 4999 est
1181 4943 1335 4996 idem
1367 4939 1695 4995 substantia
1741 4943 1799 4993 et
1855 4944 2038 4997 ortus.

390 5044 548 5107 Quod
586 5045 779 5096 autem
812 5049 974 5093 ortus
1007 5051 1121 5089 non
1153 5031 1229 5087 sit
1258 5028 1609 5097 substantia,
1643 5044 1709 5082 ex
1740 5045 1805 5083 eo
1833 5027 2035 5099 liquet,

389 5132 543 5203 quod
580 5147 705 5202 quas
737 5132 933 5183 ortum
965 5124 1183 5179 habent
1230 5136 1343 5175 non
1394 5117 1593 5173 omnia
1625 5118 1741 5171 sint
1785 5120 2034 5173 consub-

388 5218 708 5276 stantialia.
741 5216 900 5285 Quod
939 5214 988 5270 si
1017 5228 1146 5284 quae
1176 5209 1370 5281 genita
1403 5210 1542 5262 sunt
1573 5222 1684 5261 non
1720 5209 1859 5261 sunt
1888 5207 2037 5276 ejus-

388 5311 519 5365 dem
553 5306 917 5371 substantize,
953 5320 1067 5358 non
1104 5300 1283 5371 igitur
1312 5297 1465 5352 idem
1498 5298 1587 5349 est
1615 5298 1780 5349 ortus
1810 5298 1865 5348 et
1894 5295 2034 5350 sub-

2241 3165 2328 3220 20.
2363 3160 2555 3237 Ἀνόμ.
2609 3166 2671 3221 Et
2726 3162 2893 3237 μηδὲν
2927 3165 3094 3221 πλέον
3143 3167 3392 3239 σημαίνει
3425 3170 3502 3231 εἱς
3535 3169 3823 3245 ὑπεροχήν

2166 3251 2348 3314 οὑσίας
2375 3253 2436 3307 τὸ
2467 3253 2753 3328 ἀγέννητον
2788 3256 2923 3328 πρὸς
2950 3255 3012 3309 τὸ
3051 3256 3314 3331 γέννημα,
3347 3263 3603 3335 προφορᾷ
3655 3258 3823 3331 μόνον

2166 3340 2565 3417 ὑπερεχόμενος
2616 3344 2643 3397 ὁ
2692 3343 2815 3404 Υἱὸς
2870 3344 3116 3418 βεΛτίους
3168 3345 3358 3399 ἑαυτοῦ
3396 3346 3661 3422 γνώσεται
3694 3347 3824 3409 τοὺς

2162 3430 2663 3506 προσαγορεύοντας
2738 3431 2917 3503 αὐτὸν,
2994 3433 3055 3486 οὑ
3131 3434 3223 3487 τὸν
3310 3437 3820 3510 προσαγορεοθαντα

2162 3518 2291 3573 Θεὸν
2342 3520 2506 3574 αὑτοῦ
2557 3522 2645 3575 καὶ
2698 3522 2926 3596 Πατέρα.
2976 3523 3127 3595 Ὀρθ.
3159 3524 3217 3579 Ὀ
3248 3524 3691 3598 προσαγορεύσας
3722 3525 3812 3580 τὸν

2161 3610 2367 3683 Πατέρα
2423 3609 2730 3683 ἀγέννητον,
2789 3611 2877 3664 καὶ
2924 3616 3084 3665 τοῦτο
3129 3610 3292 3666 αὐτοῦ
3321 3613 3419 3679 τὴν
3454 3612 3639 3666 οὑσίαν
3674 3613 3810 3667 εἶναι

2994 3433 3055 3486 οὑ
3131 3434 3223 3487 τὸν

2156 3699 2527 3767 νομοθετήσας
2557 3704 2676 3759 τοῖς
2709 3697 3080 3769 Ἰουδαίοις,σῦ
3106 3697 3423 3771 εἷοὺδαμοῦ
3452 3701 3553 3776 γὰρ
3576 3703 3640 3755 τὸ
3663 3705 3806 3757 θεῖον

2157 3790 2374 3857 Ηνεῦμα
2402 3791 2561 3840 τοῦτο
2594 3785 2847 3857 ἐδίδαξεν.
2881 3790 3001 3845 ’Ότι
3049 3786 3105 3842 δὲ
3138 3788 3200 3842 σὺ
3244 3794 3341 3843 τοῦ
3389 3790 3517 3842 Υἱοῦ
3571 3788 3809 3865 βελτίων

2157 3874 2265 3949 οὑχ
2296 3876 2580 3950 εὑρεθῖςσῃ,
2614 3875 2758 3931 ἀλλά
2785 3881 2881 3931 τοῦ
2912 3899 2968 3931 σε
3005 3875 3312 3947 διδάξαντος
3366 3873 3633 3933 διαϐόλου
3683 3881 3811 3955 χεί-

2157 3982 2263 4034 ρων
2300 3962 2681 4039 ωμολόγτ,ται.
2715 3967 2909 4038 Ἀνόμ.
2946 3968 3009 4022 Ei
3041 3970 3074 4035 ἡ
3108 3967 3398 4043 ἀγέννητος
3430 3968 3588 4022 οὐσία
3628 3971 3809 4043 κρείτ-

2152 4070 2259 4103 των
2292 4050 2400 4105 ἐστὶ
2449 4054 2729 4126 γενέσεως.
2781 4052 2988 4108 οτόιοθεν
3039 4051 3241 4129 ἔχουσα
3284 4055 3345 4109 τὸ
3394 4061 3665 4129 κρεῖττον,
3713 4058 3808 4111 αὗ-

2150 4139 2372 4193 τοουσία
2405 4139 2544 4195 ἐστὶν
2578 4142 2887 4216 ἀγὲννητος·
2923 4143 2985 4196 οὑ
3024 4144 3126 4218 γάρ
3162 4142 3522 4219 βουλόμενος,
3554 4144 3639 4199 ὅτι
3678 4144 3810 4221 βού-

2154 4226 2328 4298 λεται,
2384 4230 2644 4303 γενέσεώς
2695 4230 2801 4285 ἐστι
2862 4232 3140 4306 κρείττων·
3196 4229 3322 4286 ἀλλ’
3373 4233 3454 4287 ὅτι
3515 4233 3809 4288 αὖτοουσία

2155 4317 2476 4393 ὑπάρχουσα
2525 4320 2552 4372 ὁ
2603 4320 2891 4394 ἀγέννητος
2939 4322 3090 4391 Θεὸς,
3135 4318 3312 4376 οὐδενὶ
3346 4319 3495 4397 λόγῳ
3528 4320 3809 4396 ἐπιτρέπει

2149 4407 2268 4459 καθ’
2349 4407 2544 4475 ἑαυτῆς
2618 4409 2819 4483 γένεσιν
2886 4408 3186 4478 ἐπινοῆσαι,
3266 4409 3481 4464 ὠθοῦσα
3552 4412 3807 4487 φέρεσθαι

2150 4495 2285 4549 κατά
2348 4495 2437 4549 τὸν
2485 4497 2735 4570 γεννητὸν
2788 4502 2896 4571 (75)
2948 4504 3118 4552 πᾶσαν
3186 4497 3415 4568 ἐξέτασιν
3464 4504 3553 4553 καὶ
3631 4500 3807 4554 πάντα

2154 4582 2440 4659 λογισμόν.
2489 4584 2637 4661 Ὀρθ.
2692 4592 2839 4640 Πᾶσα
2883 4585 3037 4640 οὐσία
3066 4586 3321 4663 κρείττων
3354 4587 3464 4642 ἐστὶ
3516 4589 3804 4662 γενέσεως·

2152 4672 2213 4726 οὐ
2240 4675 2339 4747 γὰρ
2389 4674 2551 4728 ταυτὸ
2606 4674 2744 4729 ἐστιν
2805 4675 2963 4729 οὐσία
3004 4675 3091 4729 καὶ
3123 4675 3349 4751 γένεσις.
3388 4679 3513 4734 ’Ὁτι
3564 4676 3623 4732 δὲ
3654 4683 3687 4747 ἡ
3721 4680 3807 4753 γέο

2149 4782 2293 4822 νεσις
2326 4762 2424 4816 οὐκ
2454 4760 2593 4816 ἔστιν
2628 4762 2801 4833 οὐσία,
2836 4764 3072 4827 ἑντεῦθεν
3125 4761 3319 4834 δῆλον,
3352 4767 3411 4820 ὲκ
3456 4771 3554 4820 τοῦ
3603 4768 3680 4839 μή
3736 4768 3807 4822 εἶ-

2150 4871 2230 4903 ναι
2262 4851 2328 4903 τὰ
2379 4853 2608 4926 γεννητᾶ
2656 4856 2772 4921 (76)
2821 4854 3105 4925 ὁμοούσια.
3145 4855 3209 4910 El.
3244 4852 3301 4908 δὲ
3328 4854 3394 4909 τὰ
3439 4855 3673 4930 γεννητά
3706 4856 3809 4910 οὐκ

2149 4940 2280 4993 εἱσὶν
2332 4940 2620 5012 ὁμοούσια,
2666 4942 2764 4995 οὑκ
2813 4940 2922 4996 ἔστι
2974 4944 3075 5015 ἄρα
3112 4945 3147 5011 ἡ
3197 4946 3400 5018 γένεσις
3452 4944 3627 4998 οὑσία’
3664 4946 3710 4998 εἶ
3746 4942 3804 4999 δὲ

2148 5030 2181 5095 ἠ
2236 5029 2440 5103 γένεσις
2493 5029 2591 5083 οὐκ
2638 5026 2778 5084 ἔστιν
2826 5030 2999 5099 οὐσία,
3051 5028 3175 5085 οὐδέ
3223 5035 3257 5100 ἡ
3310 5032 3597 5107 ἆγεννησία
3655 5033 3800 5088 ἐστὶν

2148 5114 2325 5170 οὐσία’
2361 5119 2407 5171 εἱ
2439 5115 2553 5188 δὲή
2589 5118 2874 5193 ἀγιννησία
2906 5119 3043 5174 ἐστὶν
3078 5119 3252 5187 οὐσία,
3284 5122 3318 5190 ἡ
3353 5117 3411 5174 δὲ
3441 5122 3649 5195 γένεσις
3700 5124 3803 5176 οὒκ

2146 5205 2320 5274 οὐσία,
2375 5211 2491 5267 πῶς
2540 5205 2720 5280 λέγεις
2768 5207 3066 5280 ἀνόμοιον;
3115 5209 3176 5262 τὸ
3220 5208 3323 5283 γὰρ
3368 5208 3426 5263 ὅν
3458 5214 3537 5281 τῷ
3570 5212 3648 5283 μή
3682 5206 3801 5265 ὄντι

2148 5291 2269 5348 οὔτε
2299 5293 2492 5368 ὅμοιον
2530 5293 2651 5351 οὔτε
2680 5295 2958 5369 ἀνόμοιον.

386 5399 602 5456 stantia
636 5415 647 5452 :
681 5396 728 5453 si
761 5412 895 5451 vero
927 5396 1092 5449 ortus
1124 5404 1241 5443 non
1272 5389 1359 5442 est
1388 5384 1518 5456 ipsa
1547 5382 1898 5453 substantia,
1934 5401 2039 5441 nec
2088 5389 2253 5441 ortus
2284 5384 2532 5456 privatio
2564 5386 2899 5443 substantia
2927 5387 3056 5443 erit.
3088 5387 3149 5444 Si
3192 5403 3325 5445 vero
3357 5389 3601 5460 privatio
3632 5396 3801 5448 ortus

473 5623 567 5688 ’74)
610 5612 1036 5691 Διαδεχομένης,
1068 5612 1314 5691 August.
1406 5680 1432 5691 η

475 5685 568 5763 75)
606 5685 809 5748 Palat:
826 5685 875 5761 1,
906 5685 1043 5740 κατὰ
1070 5687 1175 5737 τῶν
1208 5685 1496 5757 γεννητῶν.

2215 5609 2329 5682 (76)
2361 5610 2502 5681 Aug.
2536 5604 2762 5681 γεννητά
2793 5609 2905 5666 bis.
2941 5610 3091 5667 Editi
3120 5614 3179 5667 et
3210 5610 3307 5668 alii
3337 5609 3551 5685 γενητά,
