4092 6218
3356 0 3389 13 ,ε
3476 0 3691 27 ηη

3434 74 3439 77 4

1557 362 1621 423 S.
1668 354 2192 421 ATHANASIUS.
2222 391 2298 400 -—
2328 354 2631 419 SPURIA.
3658 358 3814 422 1192
4028 278 4041 315 ‘

390 369 538 431 H91

466 503 617 558 436
648 503 738 555 22.
788 505 977 556 Anam.
1026 499 1082 555 Si
1114 498 1378 572 genitum
1429 511 1590 568 teque
1636 511 1702 550 ac
1734 510 1848 548 non
1881 491 2026 563 geni-

2225 492 2314 546 22.
2378 492 2551 563 Ἀνομ
2585 535 2596 546 .
2658 490 2719 546 Εἰ
2775 490 2838 545 τὸ
2893 491 3147 565 γεννητὸν
3203 487 3311 564 ἕξις
3367 491 3455 547 καὶ
3512 492 3579 546 τὸ
3632 492 3809 567 ἀγέν-

391 597 518 647 tum
536 589 768 646 habitus
784 588 1241 655 est,substantiaa
1255 586 1490 658 quidem
1508 583 1806 639 habitibus
1824 581 2043 653 priores

390 685 588 735 erunt:
608 679 841 733 habitus
854 695 986 732 vero
1013 678 1145 731 licet
1165 673 1513 731 substantiis
1534 671 1886 745 posteriores
1901 670 2040 732 sint,

389 773 581 822 tamen
618 767 826 822 iisdem
878 766 1193 838 digniores.
1247 770 1365 819 Non
1399 763 1660 836 genitum
1692 777 1827 814 vero
1859 758 2040 832 geniti

388 874 563 911 causa
589 860 698 922 est,
728 860 1015 926 quatenus
1042 853 1232 925 ipsum
1259 869 1385 907 esse
1408 852 1740 906 denotatur.
1775 848 1874 903 Sin
1907 863 2039 901 vero

386 946 649 1017 genitum
684 945 857 998 infert
886 942 1225 998 substantiae
1250 959 1366 995 sure
1401 956 1660 1005 causam,
1686 936 2041 1008 significabit

388 1051 526 1088 sane
561 1051 667 1088 vox
689 1032 953 1104 genitum
979 1030 1396 1094 substantiam,
1423 1046 1535 1083 non
1570 1027 1833 1083 habitum
1863 1044 1875 1080 :
1900 1041 2035 1080 cum

386 1138 517 1175 vero
553 1126 762 1175 natura
784 1135 897 1173 non
930 1118 1125 1189 genita
1158 1115 1302 1171 nihil
1338 1117 1464 1188 ipsa
1496 1115 1553 1170 in
1588 1130 1648 1169 se
1680 1113 2035 1179 introducat,

386 1208 679 1279 quomodo
725 1223 861 1277 ergo
894 1222 1004 1261 non
1056 1204 1407 1273 substantia,
1442 1204 1539 1259 sed
1592 1202 1830 1257 habitus
1864 1200 2037 1256 fuerit

386 1298 485 1351 illa
520 1313 631 1351 non
662 1295 859 1367 genita
905 1293 1157 1349 natura?
1209 1292 1356 1347 Orth.
1416 1291 1764 1347 Substantia
1795 1289 2031 1365 quidem

384 1385 529 1440 nihil
562 1389 651 1440 est
682 1384 941 1455 dignius,
969 1384 1055 1437 vir
1083 1382 1537 1453 sapientissime,
1584 1396 1686 1435 nec
1718 1384 1911 1434 tamen
1946 1376 2032 1432 vel

384 1473 651 1527 habitum
673 1471 757 1525 vel
781 1470 1171 1525 substantiam
1194 1485 1467 1523 vocamus
1490 1466 1545 1521 in
1569 1466 1684 1521 Deo
1714 1464 1776 1518 τὸ
1802 1481 1914 1519 non
1938 1478 2031 1535 ge-

384 1564 595 1615 nitum.
622 1560 746 1614 Non
774 1575 899 1614 esse
930 1564 1125 1613 autem
1149 1573 1283 1612 eum
1306 1557 1568 1629 genitum
1598 1572 1697 1627 per
1722 1571 1855 1609 eum
1883 1553 2033 1608 didi-

381 1650 594 1717 cimus,
634 1648 810 1721 idque
842 1664 955 1703 non
987 1652 1215 1702 tantum
1252 1663 1317 1700 ex
1349 1644 1650 1715 Scriptura
1681 1643 1895 1709 divina,
1930 1642 2029 1696 sed

380 1740 558 1794 etiam
588 1756 657 1793 ex
702 1738 1000 1794 communi
1053 1736 1358 1791 hominum
1415 1739 1625 1789 natura
1670 1737 1725 1788 et
1759 1731 2029 1797 notione;

381 1828 560 1900 igitur
592 1845 708 1882 non
740 1826 1001 1898 genitum
1024 1842 1203 1880 causa
1236 1841 1345 1879 non
1379 1827 1467 1878 est
1498 1822 1677 1894 geniti
1712 1837 1722 1874 :
1760 1836 1864 1874 nec
1896 1818 2032 1889 quia

385 1923 531 1971 Deus
560 1934 669 1971 non
705 1917 938 1987 genitus
968 1918 1077 1981 est,
1110 1914 1236 1967 ideo
1268 1929 1443 1966 causa
1482 1910 1606 1965 Filii
1637 1916 1745 1978 est,
1778 1910 1877 1963 sed
1901 1908 2031 1963 sub-

379 2006 595 2061 stantia
642 2003 1006 2069 snbstantiae,
1042 2020 1154 2057 non
1205 2018 1375 2057 secus
1416 2017 1481 2055 ac
1531 2000 1628 2054 lux
1677 1997 2026 2069 splendoris.

377 2095 490 2148 Nec
523 2102 715 2148 tamen
748 2092 1019 2163 genimen
1053 2106 1219 2146 suam
1255 2088 1440 2161 ipsius
1470 2088 1783 2143 essentiam
1817 2086 2023 2140 infert:

379 2183 424 2237 si
460 2183 613 2236 enim
645 2182 754 2236 hoc
784 2181 947 2250 foret,
973 2180 1095 2251 jam
1114 2179 1313 2234 omnia
1330 2193 1457 2249 qua:
1485 2176 1681 2249 genita
1712 2178 1851 2230 sunt
1871 2190 2027 2228 eam-

379 2273 509 2326 dem
547 2272 831 2325 inferrent
871 2269 1212 2336 essentiam,
1252 2266 1531 2322 nimirum
1588 2271 1643 2319 ct
1675 2263 1941 2334 angelus,
1973 2266 2030 2317 et

379 2377 587 2431 equus,
619 2363 676 2414 et
706 2360 888 2423 canis,
922 2362 978 2413 et
1025 2357 1219 2413 homo.
1272 2356 1382 2413 Sed
1416 2355 1538 2410 haec
1566 2353 1761 2407 omnia
1790 2352 2026 2423 quidem

380 2450 512 2503 licet
542 2450 738 2519 genita
785 2447 921 2511 sint,
957 2463 1072 2501 non
1104 2451 1299 2500 tamen
1343 2444 1605 2515 ejusdem
1655 2446 1792 2498 sunt
1823 2458 2024 2497 essen-

380 2537 489 2589 tize.
517 2537 672 2599 Quod
710 2534 756 2590 si
781 2534 859 2589 ita
880 2534 976 2600 sit,
1004 2549 1143 2588 sane
1165 2550 1277 2588 non
1308 2533 1460 2588 idem
1485 2537 1570 2587 est
1591 2532 1850 2601 genitum
1874 2546 2023 2598 esse,

379 2624 531 2695 quod
567 2623 820 2678 essentia
857 2639 870 2678 :
904 2629 1317 2693 etquanquam
1349 2621 1490 2675 nihil
1520 2621 1693 2674 infert
1726 2636 1837 2674 non
1871 2619 2028 2690 geni-

379 2723 524 2782 tum,
552 2717 641 2768 est
663 2717 858 2766 tamen
890 2711 1046 2766 aliud
1077 2710 1205 2782 ipsa
1234 2709 1597 2765 substantia:
1626 2724 1759 2762 nam
1783 2712 1839 2762 et
1863 2723 2023 2761 men-

376 2802 525 2857 dacii
573 2805 866 2872 expertem
913 2816 1062 2866 esse,
1097 2798 1241 2853 nihil
1291 2798 1454 2854 addit
1505 2800 1635 2862 Deo,
1686 2812 1788 2851 nec
1829 2800 2022 2851 tamen

381 2892 529 2946 idem
557 2895 646 2946 est
670 2890 824 2961 quod
847 2888 1179 2945 substantia
1213 2904 1223 2942 :
1262 2887 1310 2942 si
1344 2887 1496 2941 enim
1530 2884 1591 2938 τὸ
1624 2885 1911 2939 mendacii
1937 2901 2028 2939 ex-

377 2983 597 3049 pertem
622 2993 771 3047 esse,
792 2985 843 3031 et
865 2974 925 3029 τὸ
949 2992 1061 3031 non
1089 2975 1349 3047 genitum
1375 2990 1504 3029 esse
1534 2973 1687 3027 idem
1715 2973 2024 3043 suntquod

374 3066 651 3131 essentia,
683 3065 857 3119 etiam
894 3064 1047 3118 idem
1079 3069 1252 3118 erunt
1284 3062 1569 3118 mendacii
1602 3078 1807 3133 expers
1835 3070 2023 3116 etnon

374 3156 662 3225 genitum.
697 3153 874 3208 Filius
905 3169 1060 3218 vero,
1085 3152 1180 3222 qui
1213 3152 1341 3224 ipsa
1364 3158 1452 3207 est
1482 3152 1716 3215 veritas,
1736 3151 2020 3206 mendacii

2151 600 2313 648 νητον
2346 577 2473 648 ἕξις,
2529 581 2581 633 αἱ
2641 580 2734 651 μὶν
2787 579 2963 634 οὐσίαι
3010 585 3117 635 τῶν
3161 579 3321 653 ἕξεων
3371 580 3606 658 πρῶται·
3639 583 3698 635 αἱ
3747 580 3806 636 δὲ

2149 664 2307 737 ἕξεις,⁵
2354 668 2397 721 εἰ
2440 668 2527 722 καὶ
2574 666 2678 721 τῶν
2731 668 2926 722 οὐσιῶν
2978 666 3218 745 ὃεῦτεραι
3264 672 3399 743 (80),
3443 670 3572 725 ἀλλ’
3620 671 3714 724 οὖν
3748 692 3806 725 τε

2150 756 2563 831 προτιμότεραι.
2613 758 2683 811 Τὸ
2727 754 2784 810 δὲ
2840 757 3124 833 ἀγέννητον
3169 763 3266 813 τοῦ
3316 763 3575 834 γεννητοῦ
3624 757 3801 813 αἴτιόν

2150 843 2281 913 ἐστι,
2314 846 2448 899 κατὰ
2476 846 2538 900 τὸ
2586 851 2683 900 τοῦ
2735 847 2867 900 εἶναι
2916 847 3340 919 σημαινόμενον.
3378 847 3437 903 Εἰ
3490 845 3547 902 δὲ
3586 849 3648 902 τὸ
3680 850 3803 922 γέν-

2146 956 2210 1003 νη
2225 955 2297 1006 μα
2327 936 2654 1011 συνεισφέρει
2686 942 2784 1004 τῆς
2834 936 3023 990 ἑαυτοῦ
3073 936 3256 997 οὐσίας
3282 938 3347 991 τὸ
3386 934 3580 1009 αἶ’τιον,
3614 937 3804 1001 οὐσίας

2149 1022 2258 1077 ἐστὶ
2305 1020 2610 1093 δηλωτικὸν
2662 1024 2721 1079 τὸ
2766 1025 3029 1098 γέννημα,
3081 1022 3207 1079 ἀλλ’
3257 1026 3364 1101 οὐχ
3394 1022 3573 1098 ἕξεως,
3621 1034 3727 1095 τῆς
3757 1024 3806 1081 δ’

2146 1112 2439 1186 ἀγεννήτου
2498 1112 2705 1190 φύσεως
2758 1110 2910 1167 οὐδὲν
2974 1114 3136 1187 ἑαυτῇ
3196 1114 3612 1189 συνεισαγοῦσης
3662 1118 3804 1188 (81),

2145 1206 2261 1262 πῶς
2315 1201 2412 1255 οὒκ
2469 1199 2528 1255 ἃν
2560 1200 2642 1271 εἶή
2677 1200 2833 1256 οὐσία
2860 1248 2874 1268 ,
2904 1200 3028 1257 ἀλλ’
3058 1199 3165 1275 ἕξις
3195 1204 3228 1272 ἡ
3263 1203 3546 1278 ἀγέννητος
3596 1205 3761 1282 φύσις
3789 1225 3805 1275 ;

2146 1291 2293 1357 Ὀρο.
2356 1289 2552 1351 Οὐσίας
2616 1292 2710 1363 μὲν
2770 1288 2921 1345 οὐδὲν
2981 1291 3408 1365 προτιμότερον,
3468 1294 3755 1371 σοφώτατε
3792 1313 3806 1324 ⁶

2145 1375 2266 1432 οὕτε
2303 1375 2360 1432 δὲ
2405 1376 2511 1449 ἕξιν
2565 1376 2687 1434 οὔτε
2737 1378 2920 1433 οόσίαν
2972 1378 3201 1453 λέγομεν
3252 1380 3338 1434 ἐπὶ
3370 1385 3503 1436 Θεοῦ
3531 1382 3597 1435 τὸ
3638 1383 3806 1458 ἀγέν-

2141 1487 2326 1535 νητον.
2362 1468 2439 1523 Τὸ
2473 1463 2530 1521 δὲ
2563 1469 2638 1540 μὴ
2671 1470 3015 1543 γεγεννῆσθαι
3065 1467 3222 1523 αὐτὸν
3282 1466 3351 1523 δι’
3399 1469 3562 1524 αὐτοῦ
3620 1493 3805 1544 μεμα-

2144 1556 2405 1627 θήκαμεν,
2437 1556 2525 1609 καὶ
2577 1560 2737 1609 τοῦτο
2788 1555 2887 1610 οὐκ
2925 1556 3029 1611 ἀπὸ
3076 1559 3175 1625 τῆς
3208 1556 3353 1620 θείας
3392 1561 3633 1635 Γραφῆς,
3670 1557 3807 1616 ἀλλ’

2145 1644 2248 1697 ἀπὸ
2297 1650 2394 1712 τῆς
2450 1644 2789 1720 ἀνθρωπίνης
2843 1645 3052 1723 φύσεως
3100 1646 3189 1699 καὶ
3231 1645 3450 1708 ἐννοίας.
3501 1648 3572 1701 Τὸ
3616 1648 3804 1702 τοίνυν

2143 1731 2458 1806 ἀγέννητον,
2505 1737 2602 1787 τοῦ
2649 1738 2909 1808 γεννητοῦ
2956 1732 3127 1788 α’ίτιον
3180 1734 3279 1789 οὐκ
3324 1730 3452 1797 ἔστι·
3488 1735 3551 1790 οὐ
3600 1737 3705 1812 γὰρ
3736 1739 3800 1792 τὸ

2146 1820 2220 1892 μὴ
2255 1824 2605 1895 γεγεννῆσθαι
2640 1823 2727 1875 τὸν
2761 1822 2888 1876 Θεὸν
2921 1827 3016 1877 τοῦ
3050 1823 3176 1878 Υἱοῦ
3204 1821 3395 1893 αῩτιον,
3421 1822 3547 1879 ἀλλ’
3570 1827 3604 1894 ἠ
3640 1826 3799 1881 οὐσία

2137 1914 2237 1975 τῆς
2271 1908 2476 1976 οὐσίας,
2511 1909 2585 1970 ὡς
2614 1910 2677 1963 τὸ
2708 1914 2820 1988 φῶς
2853 1914 2949 1964 τοῦ
2994 1912 3433 1987 ἀπαυγάσματος.
3463 1912 3620 1968 Ἀλλ’
3670 1913 3799 1969 οὔτε

2144 1997 2247 2068 μὴν
2276 1998 2338 2051 τὸ
2367 1998 2606 2072 γέννημα
2634 1998 2957 2076 συνεισφέρει
2993 1999 3092 2068 τὴν
3127 2000 3318 2054 ἑαυτοῦ
3366 2000 3572 2055 οὐσίαν·
3609 2002 3653 2055 εἶ
3689 2005 3793 2078 γὰρ

2140 2083 2198 2138 ἂν
2254 2087 2369 2155 (82)
2404 2129 2418 2155 ,
2478 2085 2649 2140 πάντα
2702 2087 2767 2141 τα
2819 2089 3048 2161 γεννητα
3101 2089 3200 2155 τὴν
3260 2088 3425 2156 αὑτήν
3485 2093 3789 2170 συνειστιἳῦ

2139 2193 2230 2244 ρον
2281 2172 2487 2243 οὐσίαν,
2539 2175 2627 2229 καὶ
2678 2174 2927 2250 ἄγγελος,
2972 2176 3060 2231 καὶ
3110 2175 3304 2246 ἵππος,
3356 2179 3444 2232 καὶ
3494 2180 3665 2250 κύων,
3700 2182 3791 2235 καὶ

2139 2262 2439 2337 ἅνθρωπος.
2477 2264 2655 2319 Πάντα
2711 2266 2811 2339 γὰρ
2862 2263 3072 2336 ὁμοίως
3118 2264 3219 2320 εἰσί
3272 2267 3519 2340 γεννητά,
3564 2267 3696 2323 ἀλλ’
3731 2270 3793 2324 οὐ

2133 2357 2233 2419 τῆς
2268 2350 2431 2419 αὐτῆς
2464 2351 2664 2413 οὐσίας.
2704 2352 2762 2407 Εἰ
2814 2350 2871 2407 δὶ
2916 2358 3099 2421 τοῦτο,
3151 2353 3249 2408 οὐκ
3279 2356 3379 2430 ἄρα
3415 2356 3475 2411 τὸ
3524 2361 3791 2431 γεννητὸν

2138 2437 2310 2495 οὐσία.
2365 2438 2466 2493 Κᾶν
2504 2440 2577 2512 μη
2639 2438 2729 2493 οὖν
2777 2440 3052 2516 ε’σάγηταί
3098 2463 3151 2495 τι
3187 2442 3249 2496 τὸ
3298 2444 3608 2517 ἀγέννητον,
3648 2446 3794 2502 ἀλλὰ

2135 2527 2280 2601 παρὰ
2307 2532 2467 2581 τοῦτο
2501 2527 2673 2581 οὐσία·
2708 2528 2793 2581 καὶ
2841 2531 2944 2603 γὰρ
2989 2530 3075 2583 καὶ
3120 2532 3181 2583 τὸ
3232 2529 3454 2604 ἀψευδὲς
3488 2531 3645 2587 οὐδὲν
3680 2535 3789 2588 εἶσι

2137 2616 2274 2689 ἀγει,
2330 2618 2419 2670 καὶ
2470 2615 2568 2670 οὐκ
2615 2615 2755 2670 ἔστιν
2804 2617 2974 2688 οὐσίᾳ·
3012 2618 3055 2671 εἰ
3102 2619 3201 2694 γὰρ
3247 2620 3311 2674 τὸ
3365 2619 3591 2694 ἀψευδὲς
3634 2623 3792 2678 οὐσία

2134 2704 2222 2757 καὶ
2253 2705 2314 2758 τὸ
2366 2703 2651 2779 ἀγέννητον
2707 2705 2861 2759 οὐσία
2912 2709 3045 2779 (83),
3090 2708 3252 2762 ταυτό
3294 2708 3403 2763 ἐστι
3444 2711 3508 2764 τὸ
3558 2710 3790 2785 ἀψευδὲς

2132 2794 2211 2865 τῷ
2244 2795 2540 2867 ἀγεννήτῳ.
2589 2791 2856 2867 Ἀψευδης
2903 2793 2959 2849 δὲ
2993 2797 3020 2849 ὁ
3053 2796 3196 2864 Υἱὸς,
3238 2797 3467 2868 ἀλήθεια
3498 2795 3596 2853 ὤν’
3636 2803 3789 2876 ἀγέν-

2133 2903 2294 2953 νητος
2354 2884 2473 2954 ἄρα·
2530 2882 2629 2936 οὐκ
2687 2884 2978 2958 ἀγέννητος
3028 2882 3084 2939 δὲ
3127 2885 3262 2939 κατὰ
3309 2886 3385 2952 σὲ,
3430 2886 3672 2959 ἀψευδής
3708 2888 3784 2945 δέ·

2135 2971 2196 3025 οὐ
2227 2972 2390 3026 ταυτὸ
2422 2969 2541 3045 ἄρα’
2577 2994 2641 3041 ση
2655 2972 2979 3045 μαινόμενόν
3014 2972 3121 3028 ἐστι
3153 2974 3213 3028 τὸ
3249 2972 3471 3047 ἀψευδὲς
3521 2982 3604 3048 τῷ
3636 2980 3791 3053 ἀγεν-

2133 3063 2301 3133 νήτῳ.
2336 3060 2395 3116 Εἰ
2447 3058 2505 3115 δὲ
2563 3061 2660 3115 οὐκ
2692 3059 2801 3115 ἔστι
2859 3062 3022 3116 ταυτὸ
3080 3063 3506 3136 σημαινόμενον,
3553 3066 3656 3121 οὐκ
3688 3067 3791 3143 ἄρα

2134 3149 2289 3204 οὐσία
2318 3150 2379 3203 τὸ
2411 3151 2718 3223 ἀγέννητον,
2754 3150 2867 3205 ἐπεὶ
2903 3148 3044 3223 μηδὲ
3075 3152 3135 3206 τὸ
3169 3150 3413 3225 ἀψευδές.

373 3260 580 3313 expers
610 3247 737 3311 est;
770 3258 905 3314 ergo
935 3242 1111 3297 etiam
1145 3258 1259 3296 non
1292 3242 1526 3313 genitus
1558 3240 1667 3296 erit
1697 3256 1709 3293 :
1747 3257 1859 3294 non
1914 3245 2003 3295 est
2032 3245 2225 3296 autem
2277 3242 2601 3296 secundum
2630 3247 2686 3296 te
2718 3259 2828 3296 non
2879 3244 3135 3314 genitus,
3167 3250 3225 3299 et
3270 3250 3359 3299 est
3389 3250 3585 3300 tamen
3624 3264 3787 3303 men-

374 3330 524 3383 dacii
583 3345 826 3400 expers;
890 3328 1069 3401 igitur
1118 3329 1406 3383 mendacii
1466 3345 1669 3398 expers
1729 3344 1840 3382 non
1894 3328 2046 3383 idem
2094 3329 2383 3401 signiﬁcat
2437 3330 2589 3400 quod
2639 3348 2752 3384 non
2810 3332 3095 3402 genitum.
3149 3333 3207 3387 Si
3269 3349 3398 3388 vero
3449 3351 3562 3388 non
3626 3336 3785 3391 idem

373 3418 687 3488 significat,
739 3433 881 3473 sane
929 3417 1183 3472 essentia
1233 3434 1345 3471 non
1403 3424 1493 3472 est
1540 3415 1890 3487 ingenitum,
1923 3417 2200 3487 quoniam
2253 3435 2356 3473 nec
2406 3418 2600 3489 ipsum
2654 3419 2939 3474 mendacii
2988 3437 3194 3491 expers
3244 3437 3374 3477 esse
3422 3422 3550 3493 ipsa
3582 3440 3787 3480 essen-

373 3506 457 3561 tia
488 3511 594 3561 est.

445 3597 532 3650 23.
569 3596 761 3651 Anam.
814 3595 871 3651 Si
923 3594 1115 3650 omnis
1166 3592 1497 3649 substantia
1528 3600 1616 3648 est
1660 3610 1772 3648 non
1806 3593 2020 3664 genita,

2205 3594 2293 3648 23.
2328 3592 2520 3666 ’Δνόμ.
2576 3594 2641 3650 E’.’
2683 3598 2825 3648 πᾶσα
2869 3594 3022 3649 οὐσία
3069 3594 3208 3651 ἐστὶν
3260 3595 3564 3672 ἀγέννητος,
3619 3600 3708 3655 οἵα
3748 3605 3782 3672 ἡ

376 3684 567 3754 qualis
589 3689 646 3739 et
666 3684 764 3739 Dei
783 3683 1217 3754 omnipotentis,
1237 3683 1527 3753 quomodo
1548 3682 1693 3735 banc
1716 3682 1874 3737 dices
1894 3698 2022 3737 esse

377 3774 700 3843 patibilem,
736 3772 894 3828 illam
929 3788 1060 3827 vero
1100 3769 1483 3842 impatibilem
1513 3769 1535 3823 ?
1564 3769 1620 3823 8i
1656 3775 1872 3824 naturaa
1906 3787 2020 3824 non

374 3863 580 3933 genitae
619 3862 1018 3925 attributione,
1065 3859 1362 3931 quantitas
1394 3858 1627 3929 quidem
1680 3864 1736 3913 et
1766 3859 2021 3929 qualitas

376 3956 722 4022 perseverat,
755 3950 1112 4021 omninoque
1143 3950 1189 4003 si
1221 3948 1349 4015 erit,
1374 3947 1531 4002 omni
1570 3947 1889 4002 mutatione
1922 3964 2019 4001 su-

378 4042 661 4109 periorem
713 4045 939 4109 oportet
987 4054 1134 4093 esse.
1193 4036 1250 4091 Si
1304 4053 1434 4091 sero
1468 4036 1725 4107 passioni
1774 4035 2023 4091 obnoxia

374 4135 480 4193 est,
518 4130 595 4182 ita
624 4133 687 4181 ut
718 4127 1255 4182 immutabilitatem
1274 4126 1539 4179 essentne
1557 4124 1834 4189 obtineat,
1859 4124 2019 4178 casui

376 4217 708 4286 permittere
752 4232 1030 4287 cogemur
1059 4231 1126 4270 ea
1182 4231 1308 4285 qua:
1340 4214 1493 4268 circa
1540 4230 1631 4267 res
1664 4212 1971 4284 prtedictas
2004 4229 2016 4266 :

378 4308 477 4357 aut
507 4304 682 4373 (quod
718 4320 857 4357 sane
889 4303 1021 4357 inde
1073 4302 1473 4373 consequitur)
1502 4318 1628 4355 eam
1664 4318 1790 4372 quae
1822 4300 2018 4369 efficit,

374 4393 567 4446 dicere
598 4408 713 4447 non
748 4392 1005 4463 genitam
1042 4408 1054 4445 :
1086 4407 1212 4445 eam
1247 4406 1377 4445 vero
1408 4405 1537 4459 quae
1569 4393 1829 4443 mutatur
1858 4390 2020 4460 geni-

374 4486 515 4535 tam.
550 4478 702 4535 Orth.
736 4479 1011 4550 Equidem
1061 4479 1131 4534 ad
1164 4483 1295 4534 tuas
1328 4478 1478 4532 male
1508 4477 1860 4532 cohaerentes
1886 4494 2019 4548 pro-

374 4569 695 4641 positiones
745 4573 918 4640 atque
967 4566 1357 4632 inductiones,
1389 4566 1530 4619 nihil
1584 4582 1689 4620 nos
1719 4566 2023 4637 oportebat

374 4657 725 4729 respondere
751 4674 763 4711 :
799 4662 1080 4724 attamen,
1105 4671 1175 4710 ne
1196 4655 1299 4710 tibi
1323 4653 1570 4709 videaris
1593 4653 2021 4725 sapiens,disce

373 4765 405 4800 a
436 4746 820 4817 hlasphemiis
850 4745 1161 4800 abstinere.
1184 4748 1266 4797 Tu
1295 4744 1394 4814 qui
1419 4743 1677 4813 passioni
1710 4742 2018 4797 obnoxiam

374 4836 499 4890 Filii
534 4836 926 4890 substantiam
974 4834 1141 4899 dicis,
1176 4835 1248 4887 ab
1296 4850 1361 4887 eo
1408 4833 1681 4903 passione
1730 4836 1793 4885 ut
1822 4848 2022 4886 careas

373 4941 444 4979 ne
476 4930 775 4995 exspectes
809 4941 821 4979 :
857 4924 905 4977 si
937 4923 1092 4978 enim
1120 4921 1432 4993 participes
1462 4920 1589 4990 ejus
1624 4921 1754 4975 facti
1787 4937 2017 4990 sumus,

373 5014 589 5083 absque
622 5013 997 5083 passionihus
1029 5011 1403 5066 manebimus
1435 5027 1446 5063 :
1485 5010 1734 5080 passioni
1759 5025 1895 5080 ergo
1927 5010 2024 5064 ub-

372 5104 542 5156 noxia
564 5108 673 5172 est,
699 5118 824 5173 qua:
848 5100 978 5156 aliis
1007 5101 1113 5155 hoc
1136 5104 1391 5171 praestat,
1418 5104 1481 5152 ut
1505 5099 1776 5169 passione
1797 5102 2017 5153 vacent.

370 5191 647 5262 Quisquis
677 5191 857 5263 igitur
884 5195 1077 5244 tecum
1104 5188 1333 5255 dixerit,
1366 5202 1597 5242 omnem
1628 5188 2021 5242 substantiam

375 5298 487 5335 non
522 5281 778 5351 genitam
813 5296 962 5345 esse,
995 5276 1363 5332 Christianus
1395 5293 1512 5330 non
1543 5280 1632 5329 est
1666 5290 1678 5330 :
1715 5292 1827 5331 non
1865 5274 2022 5330 enim

372 5370 604 5441 opificis
643 5372 904 5425 eamdem
940 5382 1116 5437 quam
1150 5365 1340 5435 Opifex
1387 5364 1703 5419 exsistendi
1736 5364 2022 5420 rationem

441 5523 546 5592 (80)
577 5523 823 5593 August.
858 5521 971 5593 τῷν
998 5513 1279 5593 οίξσιωδῶν
1311 5512 1452 5571 δευτ.

441 5586 548 5662 (81)
582 5586 824 5664 August.
861 5586 1013 5643 οὐδὲν
1050 5589 1449 5664 ἒαυτῴμσυνεισ.

437 5653 549 5740 (82)
581 5653 764 5720 Palat.
797 5666 833 5717 2
862 5668 920 5718 et
949 5653 1203 5733 August:
1224 5660 1289 5729 ἧν
1320 5658 1420 5737 γὰρ
1453 5653 1534 5716 ἄν.

2129 3686 2224 3735 τοῦ
2256 3686 2389 3736 Θεοῦ
2441 3683 2887 3758 παντοκράτορος,
2920 3688 3035 3745 πῶς
3082 3685 3180 3752 τὴν
3213 3687 3305 3757 μὲν
3336 3689 3586 3756 παθητην
3621 3688 3782 3761 ἐρεῖς,

2128 3772 2227 3838 τήν
2282 3769 2338 3824 δὲ
2366 3771 2575 3839 ἀπαθῆ;
2612 3771 2673 3827 Εἰ
2707 3768 2763 3825 δέ
2794 3771 3003 3849 φύσεως
3036 3772 3417 3848 ἀποκληρώσει
3458 3777 3782 3849 ἀγέννητοι),

2130 3861 2164 3928 ἡ
2200 3859 2294 3930 μὲν
2330 3856 2568 3931 διαμένει
2602 3860 2838 3930 ποσότης
2870 3863 2982 3934 (84)
3028 3861 3115 3914 καὶ
3162 3862 3414 3931 ποιότης,
3462 3863 3551 3916 καί
3582 3864 3780 3927 ἁπλῶς

2132 3946 2175 4000 εἰ
2208 3947 2296 4015 ἦν,
2326 3948 2502 4015 πάσης
2540 3944 2848 4018 μεταϐολῆς
2882 3948 3116 4021 ἀμείνων
3167 3946 3397 4027 ὤφειλεν
3434 3951 3588 4007 εἶναι.
3627 3953 3686 4006 ΕΞ
3722 3951 3780 4008 δὲ

2130 4035 2285 4089 πάθει
2338 4035 2476 4089 ἐστῖν
2524 4037 2842 4101 ὑπεύθυνος,
2894 4044 3316 4112 συγχωρηθεῖσα
3362 4040 3424 4093 τὸ
3458 4040 3780 4114 ἀπαράλλα-

2128 4142 2253 4176 κτον
2285 4121 2359 4182 εἷς
2417 4123 2600 4176 οὐσίαν
2651 4121 2820 4197 ἔχειν,
2860 4128 2939 4194 τῷ
2990 4124 3282 4195 αὐτομάτῳ
3331 4127 3444 4197 (85)
3495 4125 3781 4199 ἐπιτρέψαι

2131 4210 2420 4288 ὀφείλομεν
2452 4212 2518 4265 τὰ
2548 4214 2679 4265 κατά
2707 4212 2802 4274 τὰς
2833 4212 3250 4287 προειρημένας’
3286 4214 3319 4281 ἢ
3354 4214 3433 4285 (τὸ
3471 4219 3602 4289 γοῦν
3654 4215 3781 4269 ἀκὸ-

2131 4296 2352 4370 λουθον)
2384 4302 2479 4368 τήν
2536 4305 2793 4354 ποιοῦσαν
2854 4301 3142 4376 ἀγέννητον
3195 4301 3384 4369 ε’πεῖν,
3426 4305 3689 4378 γεννητὴν
3726 4302 3784 4358 δὲ

2129 4389 2227 4455 τήν
2264 4384 2771 4461 μεταϐαλλομένην.
2807 4390 2934 4464 Ὀρθ
2970 4434 2981 4445 .
3013 4388 3161 4445 Ἔδει
3196 4390 3289 4461 μὲν
3338 4390 3428 4444 οὖν
3460 4394 3612 4463 ἡμᾶς
3642 4396 3782 4469 πρὸς

2126 4478 2188 4530 τὸ
2222 4475 2585 4540 ἀνακόλουθον
2646 4482 2752 4531 τῶν
2810 4483 3122 4553 προτάσεων
3177 4481 3265 4533 καὶ
3320 4484 3428 4534 τῶν
3478 4480 3785 4559 ἐπαγωγῶν

2135 4567 2274 4638 μήτε
2306 4566 2712 4636 ἀποκρίνασθαι*
2759 4564 2849 4620 ’ίνα
2897 4564 2952 4621 δὲ
3009 4568 3084 4639 μὴ
3120 4565 3273 4640 δόξης
3323 4568 3587 4647 φρόνιμος
3634 4573 3784 4648 παρά

2132 4658 2357 4725 σεαυτῷ,
2420 4653 2652 4727 μάνθανε
2710 4657 2785 4727 μὴ
2839 4654 3181 4733 βλασφημεῖν
3218 4700 3230 4713 .
3294 4660 3552 4728 ΙΙαθητήν
3602 4660 3781 4737 λέγων

2127 4743 2225 4809 τήν
2275 4747 2372 4795 τοῦ
2412 4742 2539 4795 Υἱοῦ
2591 4742 2773 4796 οὐσίαν
2809 4789 2823 4811 ,
2860 4744 2935 4815 μή
2995 4741 3374 4819 προσδοκήσῃς
3427 4747 3552 4822 παρ’
3616 4748 3783 4802 αὑτοῦ

2128 4831 2227 4898 τὴν
2290 4831 2545 4893 ἀπάθειαν
2603 4829 3041 4904 κληρονομῆσαι⁸
3105 4833 3150 4886 εἰ
3196 4834 3295 4908 γὰρ
3344 4835 3573 4909 μέτοχοι
3610 4836 3783 4904 αὐτῆς

2128 4919 2448 4994 γεγόναμεν,
2499 4920 2718 4983 ἀπαθεῖς
2764 4918 3129 4993 διαμένομεν.
3184 4923 3427 4990 Ἀπαθὴς
3482 4924 3582 4999 ἄρα
3638 4925 3784 4980 ἐστὶν

2134 5010 2167 5076 ἡ
2225 5007 2538 5083 παρέχουσα
2594 5006 2789 5070 ἄλλοις
2846 5011 2943 5078 τὴν
2999 5009 3275 5072 ἀπάθειαν.
3334 5012 3393 5067 Ὀ
3454 5010 3543 5065 οὖν
3605 5011 3785 5089 λέγων

2133 5102 2302 5149 πᾶσαν
2362 5096 2543 5150 οὐσίαν
2605 5098 2738 5151 εἶναι
2794 5099 3079 5171 ἀγέννητον
3142 5100 3275 5171 μετά
3329 5104 3447 5171 σοῦ,
3509 5100 3609 5155 οὐκ
3669 5100 3780 5157 ἔστι

2132 5185 2470 5261 Χριστιανός·
2504 5185 2564 5239 οὐ
2593 5186 2695 5261 γὰρ
2725 5188 2815 5240 τὸν
2848 5187 3004 5241 αὑτὸν
3057 5186 3218 5262 λόγον
3252 5194 3350 5242 τοῦ
3402 5191 3537 5244 εἶναι
3571 5188 3779 5266 ἔχομεν

2129 5274 2198 5327 τὰ
2228 5276 2510 5346 ποιήματα
2556 5274 2636 5346 τῷ
2684 5274 3033 5347 πεποιηκότι.
3075 5278 3172 5330 Διά
3219 5278 3323 5353 γὰρ
3369 5283 3533 5333 τοῦτο
3564 5281 3655 5334 καὶ
3688 5282 3780 5336 τὸν

2132 5363 2253 5418 Υἱὸν
2312 5362 2637 5439 ἀπαύγασμα
2693 5364 2827 5419 εἶναι
2886 5363 3141 5441 λέγομεν,
3196 5364 3290 5421 ἵνα
3475 5369 3566 5424 τὸν
3616 5370 3779 5425 αὐτὸν

2347 5522 2597 5595 August.
2629 5517 2718 5572 καὶ
2750 5517 2813 5595 το
2840 5519 3095 5595 γεννητὸν
3113 5519 3303 5595 Δοὺσὲβ.

2342 5593 2590 5666 august.
2623 5596 2682 5647 et
2712 5590 2897 5666 Palat.
2927 5596 2963 5648 2
2994 5591 3036 5666 si
3073 5592 3168 5666 μέν
3205 5592 3354 5666 μέτει
3382 5592 3644 5663 ποσότης.

2199 5662 2312 5735 (85)
2342 5661 2519 5719 Palat.
2552 5664 2587 5718 2
2615 5668 2675 5721 et
2701 5665 2951 5739 August.
2983 5663 3045 5720 τὸ
3075 5661 3422 5740 αὐτομάτως.
