2046 3109
161 184 242 217 1193

644 181 696 215 DE
719 183 870 216 SANCTA
892 183 1104 215 TRINITATE
1126 181 1320 215 DIALOGUS
1342 183 1380 215 ΙΙ.

1785 186 1863 217 1194

161 250 246 288 λόγον
265 252 314 278 τοῦ
341 250 407 277 εἶναι
437 249 510 287 ἔχειν
539 249 696 286 νομίσωμεν
723 249 813 283 αὐτὸν,
830 250 859 276 ’ὸν
886 248 984 286 ἔχομεν

1043 249 1196 278 bellamus.
1214 250 1286 277 Nam
1313 249 1375 277 ideo
1389 249 1493 277 Filium
1518 249 1704 285 splendorem
1728 259 1793 279 esse
1818 252 1862 279 di-

161 296 257 331 ἡμεῖς,
285 295 310 321 οἱ
338 294 363 331 ἐξ
390 294 439 322 οὐκ
466 293 550 322 ὄντων
580 295 637 322 κατ’
662 293 775 328 ἐντολὴν
808 294 984 331 ὑπάρχοντες.

164 337 260 376 Ἀνὸμ.
278 338 310 367 Εἰ
333 342 384 373 τῆς
411 338 576 377 γιγνομένης
599 340 616 373 ἡ
636 338 781 376 ἀγὲννητος
809 338 886 377 φύσις
914 337 983 365 ἐστὶν

162 384 247 417 αἰτία,
261 383 293 411 τὸ
308 382 337 411 δὲ
352 383 494 422 ἀγέννητον
512 382 596 420 μηδὲν
612 382 665 418 εἴη·
682 385 740 414 πῶς
769 383 797 410 ἃν
826 381 868 418 εἷῆ
899 381 984 410 αἴτιον

161 429 196 456 τὸ
225 427 308 465 μηδὲν
338 430 386 455 τοῦ
414 426 577 466 γεγονότος;
593 428 668 466 Ὀρθ.
688 427 766 455 Αῗτία
795 427 864 455 ἐστὶν
891 428 909 461 ἡ
937 427 985 453 τοῦ

163 475 233 500 Θεοῦ
247 472 335 512 φύσις,
351 472 397 500 καὶ
410 474 459 500 τοῦ
474 473 552 507 Υῒοῦ,
567 472 611 500 καὶ
637 474 686 499 τοῦ
714 471 791 509 ἁγίου
816 471 984 508 Πνεύματος,

161 517 210 544 καὶ
223 520 274 551 τῆς
289 516 401 548 κτίσεως
416 517 517 552 πάσης·
534 516 606 544 ἀλλὰ
620 518 668 543 τοῦ
685 516 732 553 μὶν
749 516 813 543 Υἱοῦ
828 516 865 547 ὡς
885 514 986 554 Λόγου,

161 563 213 589 τοῦ
242 560 271 589 δὲ
297 561 456 598 Πνεύματος
481 561 518 592 ὡς
534 564 629 596 πνοῆς·
644 561 713 595 πνοή
729 560 780 599 γὰρ
798 561 986 598 Παντοκράτο-

162 607 244 643 ροςὴ
264 604 393 642 διδάξασά
418 615 460 643 με·
478 609 528 640 τῆς
558 604 587 632 δὲ
612 605 724 636 κτίσεως
753 605 791 636 ὡς
817 606 985 642 ποιήματος.

162 650 210 678 Ἐκ
223 650 273 688 γὰρ
290 650 420 688 μεγέθους
434 650 479 677 καὶ
495 649 634 685 καλλονῆς
662 649 817 686 γτισμάτων
846 648 985 688 ἀναλόγως

160 695 176 722 ὁ
190 695 377 733 γενεσιουργὸς
392 694 480 722 αὐτῶν
506 697 657 733 θεωρεῖται’
674 692 735 722 οὕτε
764 693 793 721 δὲ
818 692 902 732 λὸγος
921 705 987 734 προ-

157 740 271 778 φορικὸς
287 737 331 767 διὰ
353 741 407 767 τῶν
433 742 592 778 φωνητικῶν
614 738 735 777 ὀργάνων
764 736 985 776 ἐκπμπὸμενος,

157 783 222 812 οὔτε
236 785 306 820 πνοή
322 794 365 815 τις
380 782 546 822 διαχεομένη
561 783 606 811 καὶ
622 782 666 811 διὰ
686 786 740 811 τῶν
766 783 983 812 ἀναπνευστικῶν

158 828 285 866 ὀργάνων
301 828 506 865 ἐκπεμπομένη,
518 827 591 856 ἀλλά
604 828 649 855 καὶ
666 826 754 865 Λὸγος
771 830 823 863 ζῶν
839 829 883 855 καὶ
912 828 985 866 ἐνερ-

156 874 222 911 γής·
239 886 253 899 ‹‹
269 873 359 902 Πάντα
386 873 437 911 γὰρ
466 871 501 900 δι’
516 872 599 900 αὐτοῦ
627 872 741 910 ἐγένετο·
762 884 775 898 υ
791 872 834 900 καὶ
850 873 881 900 τὸ
897 875 983 900 Πνεῦ-

160 928 201 954 μα
231 920 283 952 ζῶν
304 918 350 945 καὶ
372 917 506 955 ἐνεργοῦν·
526 930 539 943 u
553 917 642 945 Πάντα
664 917 715 954 γὰρ
740 916 841 955 ἐνεργεῖ
855 919 939 944 ταῦτα
954 916 984 944 τὸ

158 962 189 990 ’ἐν
205 962 296 990 καὶτὸ
311 961 376 990 αὐτὸ
397 963 518 998 Πνεῦμα,
534 960 654 999 διαιροῦν
684 960 740 997 ἰδίᾳ
766 961 868 997 ἑκάστῳ
894 961 985 994 καθὼς

162 1006 303 1045 βούλεται,
321 1019 335 1033 ››
349 1006 385 1034 Τὸ
400 1005 429 1033 δὲ
444 1006 587 1043 ἀγέννητον
606 1005 655 1033 οὐκ
670 1005 739 1033 ἔστιν
754 1003 840 1032 αἶίιτιον
855 1007 904 1033 τοῦ
926 1016 987 1044 γεν-

159 1053 257 1087 νητοῦ·
274 1051 305 1079 οὗ
320 1051 371 1089 γὰρ
385 1051 418 1078 τὸ
441 1051 477 1087 μὴ
502 1050 622 1088 γενέσθαι
648 1050 693 1077 τὸν
719 1050 782 1078 Θεὸν
811 1052 866 1077 τῶν
889 1050 985 1077 οὐσιῶν

162 1093 262 1122 αἴτιον·
279 1094 343 1122 ἀλλ’
357 1095 374 1129 ἡ
391 1094 469 1121 οὐσία
483 1096 536 1121 τῶν
553 1094 652 1121 οὑσιῶν
666 1093 749 1127 αἶ’τίκ,
766 1094 804 1125 ὡς
819 1093 937 1131 εἴρηται.
955 1093 989 1122 Ei’

160 1139 213 1177 γὰρ
238 1139 268 1166 τὸ
298 1139 444 1176 ἀγέννητον
473 1138 571 1175 αἴτιον,
588 1137 675 1170 αἴτιος
704 1137 733 1165 δὲ
756 1138 801 1165 καὶ
817 1138 831 1165 ὁ
846 1138 908 1168 Υἱὸς
931 1140 985 1165 τῶν

159 1183 330 1220 κτισμάτων·
346 1183 491 1221 ἀγέννητος
510 1183 570 1220 ἄρα·
588 1182 649 1210 ἁλλ’
673 1182 722 1210 οὐκ
747 1182 891 1220 ἁγέννητος
920 1183 987 1210 κατὰ

158 1228 201 1263 σὲ,
215 1227 303 1258 αἴτιος
316 1226 353 1255 δέ·
371 1227 402 1254 οὗ
417 1227 449 1255 τὸ
463 1226 608 1265 ἀγέννητον
625 1225 676 1262 ἄρα
690 1225 789 1256 αἶίτιον.

1001 941 1024 973 Β

1040 294 1153 329 cimus,
1186 302 1221 322 ne
1251 294 1383 322 eamdem
1412 294 1553 322 existendi
1587 295 1729 322 rationem
1764 295 1861 331 ipsum

1040 338 1148 366 habere
1176 338 1388 372 existimemus,
1405 346 1492 374 quam
1523 341 1550 367 et
1579 347 1642 374 nos,
1665 339 1713 374 qui
1742 348 1777 367 ex
1803 348 1860 367 non

1040 383 1247 411 exsistentibus
1271 383 1319 411 Dui
1346 384 1482 410 mandato
1506 383 1686 411 exsistimus.
1712 384 1808 412 Anam.
1833 384 1861 411 Si

1041 427 1163 456 condita:
1187 430 1297 455 natura:
1315 436 1370 455 non
1387 428 1485 463 genita
1501 430 1605 455 natura
1628 437 1717 456 causa
1732 432 1785 462 est,
1803 438 1861 456 non

1040 472 1171 507 genitum
1187 475 1284 499 autem
1308 472 1379 499 nihil
1395 477 1448 503 est,
1465 473 1611 506 quomodo
1635 474 1697 507 ejus
1724 474 1800 509 quod
1819 474 1861 501 fa—

1041 518 1122 543 ctum
1146 518 1200 551 est,
1217 525 1305 544 causa
1329 525 1393 544 esse
1409 519 1504 552 potest
1529 517 1608 553 quod
1626 527 1681 544 non
1702 517 1768 545 est?
1785 518 1860 545 Orth.

1041 560 1091 588 Dei
1116 563 1231 596 natura,
1248 560 1322 594 Filii,
1347 563 1374 588 et
1398 561 1524 596 Spiritus
1550 563 1652 596 sancti,
1669 565 1696 589 et
1722 563 1860 590 universa?

1041 608 1178 633 creaturis
1205 614 1293 633 causa
1317 608 1382 633 est:
1407 608 1436 633 at
1463 605 1525 633 Filii
1551 609 1583 633 ut
1607 607 1711 639 Verbi;
1737 607 1861 641 Spiritus

1039 658 1106 678 vero
1122 650 1226 683 sancti,
1252 652 1284 678 ut
1307 649 1393 678 ﬂatus
1411 659 1417 677 :
1435 650 1521 678 [latus
1545 651 1622 678 enim
1649 651 1861 686 Oinnipotentis

1040 697 1086 723 est
1101 695 1150 730 qui
1166 702 1213 722 me
1227 694 1346 728 docuit;
1362 697 1563 722 creaturarum
1583 698 1692 729 autem,
1711 700 1740 722 ut
1755 696 1860 731 operis.

1041 739 1080 767 Ex
1096 739 1265 775 magnitude
1288 739 1366 766 enim
1382 742 1410 766 et
1433 742 1537 767 ornatu
1562 743 1773 775 creaturarum,
1790 749 1862 776 qua-

1040 784 1108 812 dam
1124 783 1311 820 proportione
1325 783 1420 819 opifex
1435 783 1552 811 illarum
1565 785 1756 819 conspicitur,
1769 794 1862 820 neque

1040 836 1106 856 vero
1130 828 1251 855 verbum
1277 827 1456 863 prolatitium
1470 830 1515 855 est
1534 828 1607 855 437
1628 838 1677 863 per
1693 830 1801 856 vocnlia
1817 838 1862 856 or-

1040 881 1116 908 gana
1125 872 1377 907 emissum,neque
1392 872 1478 899 etiam
1495 872 1581 900 ﬂatus
1596 872 1644 899 ille
1660 873 1784 900 diti‘usus
1797 874 1864 909 qui-

1041 917 1107 944 dem
1123 921 1149 944 et
1166 925 1216 952 per
1230 924 1339 952 organa
1350 916 1473 952 spiritus
1483 916 1617 944 vehicula
1632 918 1777 945 omissus:
1793 919 1863 952 quin

1040 961 1137 996 potius
1151 960 1278 988 Verbum
1290 960 1363 988 illud
1379 960 1477 988 vivens
1492 964 1535 988 est
1550 964 1578 988 et
1592 962 1710 989 efﬁcax:
1732 975 1741 986 α
1760 963 1864 990 Omnia

1041 1004 1119 1033 enim
1136 1014 1187 1041 per
1200 1004 1272 1033 illud
1284 1005 1360 1033 facta
1372 1008 1441 1033 sunt
1450 1005 1521 1040 ⁷¹-³⁹,
1536 1016 1545 1029 ι
1564 1008 1593 1033 et
1607 1005 1733 1041 Spiritus
1749 1015 1863 1042 quoque

1042 1049 1090 1077 ille
1106 1050 1186 1077 vivus
1201 1051 1246 1077 cst
1261 1051 1290 1077 et
1304 1058 1429 1085 operans
1446 1058 1451 1077 :
1470 1061 1483 1074 ‹‹
1500 1049 1604 1077 Omnia
1619 1051 1696 1077 enim
1718 1051 1777 1078 haec
1793 1060 1862 1087 ope-

1042 1097 1122 1121 ratur
1138 1103 1215 1121 unus
1229 1096 1317 1129 atque
1333 1094 1410 1121 idem
1435 1093 1572 1130 Spiritus,
1588 1094 1720 1123 dividens
1737 1096 1863 1132 singulis

1042 1140 1129 1174 prout
1144 1138 1206 1165 vult
1221 1139 1272 1164 ‘0.»
1290 1139 1319 1165 ld
1336 1146 1402 1165 vero
1418 1138 1494 1174 quod
1512 1147 1569 1166 non
1584 1140 1716 1174 genitum
1734 1143 1789 1175 est,
1807 1150 1863 1168 non

1041 1185 1086 1210 est
1101 1190 1189 1210 causa
1204 1182 1312 1218 geniti:
1325 1190 1419 1218 neque
1432 1182 1510 1210 enim
1527 1183 1595 1218 quia
1608 1183 1684 1210 Deus
1701 1186 1794 1212 factus
1807 1194 1864 1212 non

1041 1229 1096 1261 cst,
1112 1226 1177 1254 ideo
1192 1235 1282 1254 causa
1297 1229 1342 1254 est
1361 1226 1614 1261 substantiarum;
1631 1229 1680 1255 sed
1699 1229 1864 1257 substantia

157 1273 392 1301 substantiarum
408 1281 497 1301 causa
513 1274 569 1306 est,
584 1275 618 1300 ut
632 1272 742 1300 dictum
759 1275 816 1300 est.
836 1272 948 1300 Etenim
966 1271 990 1298 si
1005 1272 1080 1307 quod
1098 1280 1155 1299 non
1172 1271 1303 1307 genitum
1315 1274 1360 1299 est
1374 1279 1463 1298 causa
1478 1273 1542 1305 est;
1559 1280 1647 1299 causa
1670 1282 1734 1300 vero
1751 1276 1863 1301 creatu-

156 1325 259 1345 rarum
275 1317 364 1345 etiam
379 1317 469 1345 Filius
484 1319 549 1351 est;
565 1324 633 1353 ergo
649 1319 678 1344 et
692 1325 749 1344 non
765 1316 897 1352 genitus:
908 1324 965 1344 non
981 1317 1026 1344 est
1041 1318 1138 1344 autem
1156 1324 1212 1343 non
1228 1315 1347 1351 genitus
1362 1315 1526 1343 secundum
1543 1318 1582 1349 te,
1599 1319 1626 1344 et
1644 1321 1740 1344 tamen
1757 1327 1862 1351 causa;

156 1361 251 1397 igitur
265 1370 321 1389 non
338 1361 470 1397 genitum
487 1370 544 1389 non
560 1363 605 1389 est
620 1369 719 1389 causa.

194 1407 240 1434 2k.
257 1406 355 1441 Ἀνόμ..
371 1405 401 1433 Εἰ
416 1405 448 1433 τὸ
468 1404 611 1442 ἀγέννητον
628 1404 764 1443 στέρησις,
779 1406 796 1440 ἡ
814 1403 843 1432 δὲ
858 1404 982 1441 στέρησις

157 1448 241 1485 ἕξεως
256 1447 384 1485 ἀποϐολή
401 1449 481 1483 ἐστιν,
497 1450 514 1484 ἡ
532 1448 561 1477 δὲ
580 1446 706 1484 ἀποϐολὴ
731 1448 871 1480 παντελῶς
897 1446 983 1476 ἀπὸλ-

158 1493 253 1527 λυται,
267 1494 285 1529 ἢ
303 1494 458 1530 μεθίσταται
475 1493 515 1532 ἐφ’
527 1492 629 1532 ἕτερον·
645 1496 703 1525 πῶς
719 1492 775 1521 οἷόν
789 1504 818 1521 τε
840 1493 891 1530 ἕξει
920 1499 983 1530 μεθ-

161 1538 291 1575 ισταμένη
316 1538 334 1572 ἢ
364 1537 541 1574 ἀπολλυμένῃ
578 1537 787 1574 κατωνομάσθαι
815 1538 865 1572 τήν
890 1537 981 1565 οὐσίαν

157 1584 209 1610 τοῦ
237 1584 303 1609 Θεοῦ
331 1582 481 1619 ἀγεννήτου
509 1581 614 1619 φύσεως
641 1581 831 1620 προσηγορίᾳ;
847 1582 922 1619 Ὀρθ.
941 1581 982 1615 Εἰ,

158 1625 279 1663 ἀψευδὴς
295 1625 344 1660 ὢν,
360 1626 427 1654 κατὰ
442 1627 565 1664 στέρησιν
581 1625 696 1663 ψεύδους
712 1626 782 1654 ἐστὶν
796 1625 925 1663 ἀψευδὴς,
938 1626 982 1653 καὶ

1072 1406 1117 1433 24.
1144 1406 1239 1433 Anum.
1260 1405 1290 1433 Si
1315 1413 1371 1432 non
1401 1403 1531 1440 genitum
1556 1413 1620 1433 esse
1644 1406 1766 1440 privatio
1794 1408 1861 1434 est:

1038 1449 1160 1485 privatio
1176 1451 1285 1482 autem,
1305 1449 1423 1477 habitus
1443 1448 1562 1477 amissio
1578 1457 1584 1476 :
1602 1450 1745 1477 amissum
1763 1453 1861 1478 autem

1038 1495 1154 1529 penitus
1181 1493 1336 1527 amittitur,
1362 1495 1413 1521 aut
1436 1493 1612 1520 transfertur
1636 1495 1670 1521 ad
1696 1494 1794 1527 aliud;
1811 1496 1860 1529 qui

1039 1539 1080 1573 fit,
1097 1539 1174 1574 quod
1200 1546 1234 1566 ex
1249 1537 1350 1565 habitu
1376 1539 1426 1564 aut
1446 1537 1588 1565 translato
1612 1541 1661 1565 aut
1686 1539 1794 1566 amisso
1811 1539 1861 1567 Dei

1038 1586 1172 1610 naturam
1189 1591 1246 1610 non
1270 1581 1362 1618 geniti
1376 1581 1571 1617 appellatione
1592 1584 1836 1617 cognominamus
1847 1584 1860 1611 ?

1036 1628 1116 1656 Orth.
1136 1627 1166 1654 Si
1193 1626 1337 1654 mendacii
1361 1634 1464 1662 expers
1489 1634 1556 1653 cum
1579 1626 1617 1654 sit
1642 1630 1725 1660 Deus,
1744 1631 1860 1663 propter

157 1671 295 1709 ἄφθαρτος
311 1669 360 1705 ὢν,
375 1669 443 1697 κατά
458 1671 583 1707 στέρησιν
603 1671 706 1709 φθορᾶς
735 1670 805 1698 ἐστιν
833 1669 979 1709 ἄφθαρτος,

1039 1671 1229 1707 privationem
1255 1670 1400 1698 mendacii
1416 1673 1460 1698 est
1475 1671 1618 1699 mendacii
1644 1680 1757 1706 expers,
1772 1675 1799 1699 et
1816 1673 1859 1699 in-

157 1715 217 1742 είπὶ
241 1714 285 1742 καὶ
308 1714 341 1742 τὸ
366 1715 510 1753 ἀγέννητον
529 1714 596 1742 κατὰ
619 1715 751 1752 στέρησιν,
770 1715 800 1743 Ὀ
817 1713 845 1742 8‘s
871 1724 982 1742 κατονο-

158 1760 245 1796 μάσας
265 1760 315 1793 τήν
337 1761 387 1787 τοῦ
403 1761 469 1786 Θεοῦ
485 1758 576 1786 οὐσίαν
594 1758 625 1786 σὺ
641 1760 673 1792 εἴ,
691 1760 705 1786 ὁ
718 1761 830 1786 τοιαῦτα
855 1758 980 1795 τολμῶν,

155 1804 203 1831 καὶ
217 1804 285 1831 κατά
296 1805 365 1831 Θεοῦ
382 1804 550 1841 μαχόμενος.
568 1802 657 1831 Αὐτοῦ
671 1803 721 1841 γὰρ
739 1803 877 1840 λέγοντος,
893 1803 981 1834 καθὼς

157 1847 329 1886 προείρηται’
345 1860 359 1874 ‹‹
376 1849 480 1886 Ὤφθην
500 1848 569 1886 πρὸς
593 1845 729 1885 Ἀϐραὰμ,
744 1847 789 1875 καὶ
814 1847 915 1881 Ἰσαὰκ,
936 1847 981 1874 καὶ

158 1890 269 1926 Ἰακὼϐ,
283 1892 346 1923 τοὺς
374 1892 490 1930 πατέρας
521 1892 608 1930 ὑμῶν,
625 1892 689 1923 Θεὸς
713 1891 750 1919 ὢν
776 1892 875 1926 αὐτῶν,
891 1891 937 1918 καί
950 1891 981 1919 τὸ

157 1934 248 1973 ὄνομά
264 1947 318 1973 μου
332 1936 382 1964 οὐκ
401 1936 562 1973 ἀπεκάλυψα
588 1937 688 1967 αὐτοῖς·
706 1947 720 1963 ο
738 1936 770 1964 σὺ
799 1938 889 1972 σαυτῷ
918 1937 982 1963 ἀπο-

158 1979 242 2011 δίδως
273 1980 389 2017 μεγάλα.
404 1981 437 2008 Ἣ
463 1980 514 2018 γὰρ
543 1980 580 2011 ὡς
604 1979 712 2007 ἐκείνων
737 1977 981 2014 ὑπεραναϐεϐηκὼς

157 2024 185 2059 ἐξ
201 2024 400 2061 ἀποκαλύψεως
414 2023 492 2062 ἔσχες
521 2027 569 2052 τοῦ
598 2018 730 2061 ὀνίῖματος
757 2025 807 2059 τήν
836 2027 947 2062 γνῶσιν,
962 2024 980 2057 ἢ

156 2069 204 2096 καὶ
221 2070 258 2105 μὴ
278 2069 449 2107 βουλομένου
462 2071 530 2097 Θεοῦ
559 2068 723 2106 κατείληφας
750 2069 831 2096 αὐτοῦ
856 2070 907 2100 τῆς
936 2068 981 2095 οὐ⁴

157 2114 217 2144 σίας
231 2114 262 2141 τὸ
276 2112 373 2150 ὄνομα.
391 2113 487 2150 Ἀνόμ..
505 2113 537 2142 Εἰ
552 2113 583 2140 τὸ
598 2114 742 2151 ἀγέννητον
759 2112 842 2146 δηλοῖ
856 2113 980 2150 στέρησιν

157 2159 198 2194 μὴ
214 2161 369 2195 προσοῦσαν
384 2160 425 2194 τῷ
439 2160 509 2194 Θεῷ,
526 2160 584 2188 πῶς
599 2158 743 2196 ἀγέννητον
758 2158 823 2184 εἶναι
853 2156 981 2195 λέγομεν,

156 2203 286 2240 γεννητὸν
312 2201 341 2230 δὲ
367 2203 405 2238 μὴ
430 2202 516 2237 sive“;
534 2203 610 2239 Ὀρθ.
626 2201 659 2230 Εἴ
681 2202 713 2229 τὸ
741 2202 874 2241 ἄφθαρτον
899 2200 982 2236 δηλοῖ

156 2246 282 2284 στέρησιν
306 2247 343 2283 μὴ
369 2249 522 2282 προσοῦσαν
544 2249 584 2282 τῷ
608 2249 676 2282 Θεῷ,
692 2248 750 2277 πῶς
776 2245 907 2285 ἄφθαρτον
934 2245 982 2282 μὶν

157 2290 287 2328 λέγομεν,
303 2291 420 2330 φθαρτὸν
449 2289 478 2318 δὲ
506 2290 536 2318 οὐ
562 2290 695 2329 λέγομεν;
711 2290 743 2318 El
759 2288 788 2318 δὲ
801 2290 833 2318 τὸ
848 2289 982 2329 ἄφθαρτον

157 2334 209 2362 οὐκ
236 2334 306 2362 ἔστιν
336 2335 488 2372 στερήσεως
513 2333 679 2370 δηλωτικὸν,
694 2333 756 2362 οὔτε
775 2335 807 2362 τὸ
822 2335 980 2372 ἀγέννητον,

158 2377 221 2407 οὕτε
237 2380 292 2416 μὴν
308 2379 411 2410 οὐσίας.
427 2379 460 2408 El
476 2379 526 2417 γὰρ
540 2379 572 2406 τὸ
588 2379 733 2416 ἀγέννητον
750 2378 841 2409 οὐσίας
866 2378 921 2406 ἐστὶ
939 2377 982 2411 δη-

159 2422 347 2457 lui-rixo»,qu
377 2424 408 2451 τὸ
438 2424 571 2462 ἄφθαρτον
601 2421 674 2451 ἔσται
700 2422 790 2454 οὐσίας
816 2421 981 2458 δηλωτικόν·

158 2468 205 2495 καὶ
233 2468 255 2495 εἷ
284 2467 315 2495 τό
342 2468 499 2506 ἀγέννητον,
512 2468 557 2495 καὶ
584 2467 615 2494 τὸ
643 2466 774 2507 ἄφθαρτεν
794 2467 866 2495 ἔσται
893 2467 983 2499 οὐσίας

158 2509 322 2545 δηλωτικόν⁶
340 2516 385 2539 καὶ
401 2512 424 2539 εἰ
439 2512 471 2539 τὸ
486 2510 599 2549 ἀψευδὶς
614 2512 659 2539 καὶ
673 2512 704 2539 τὸ
726 2511 862 2551 ἄφθαρτον
887 2512 982 2540 ταυτὸν

157 2555 201 2591 εἴη
216 2558 256 2592 τῷ
271 2557 419 2594 ἀγεννήτῳ,
435 2555 555 2593 ἀψευδὴς
571 2555 600 2583 δὶ
614 2555 659 2584 καί
674 2554 809 2595 ἄφθαρτος
829 2557 843 2583 ὁ
859 2555 928 2587 Υἱὸς·
939 2556 983 2584 καὶ

157 2601 304 2638 ἀγέννητος
333 2599 394 2638 ἄρα.
412 2600 491 2629 Ἀλλ’
516 2600 566 2628 οὐκ
594 2600 743 2638 ἀγέννητος
771 2601 839 2628 κατὰ
866 2600 904 2628 σέ’
936 2601 985 2628 οὐκ

158 2644 210 2684 ἄρα
225 2646 307 2674 ταυτὸ
323 2644 396 2673 ἔσται
411 2645 614 2682 σημαινόμενον
630 2645 662 2673 τὸ
678 2643 790 2682 ἀψευδὲς
813 2645 857 2672 καὶ
883 2645 983 2684 ἀφθαρ-

156 2699 214 2717 τον·
233 2689 306 2718 ἀλλὰ
319 2690 352 2718 τὸ
368 2690 415 2727 μὶν
442 2690 597 2728 ἀγέννητον,
611 2690 643 2717 τὸ
674 2690 713 2726 μὴ
737 2692 913 2727 γεγεννῆσθαι
937 2690 983 2717 τὸν

160 2734 225 2762 Θιόν
240 2734 383 2771 σημαίνειν
397 2733 524 2772 λέγομεν·
540 2734 572 2761 τὸ
588 2732 617 2761 δὲ
629 2734 775 2772 ἄφθαρτον,
790 2734 821 2762 τὸ
848 2734 886 2770 μή
911 2733 984 2773 φθεί-

160 2779 262 2815 ρεσθαι·
279 2779 310 2806 τὸ
326 2776 355 2805 δὶ
371 2776 494 2815 ἀψευδὲς,
509 2778 541 2806 τὸ
557 2778 596 2814 μὴ
610 2776 764 2815 ψεύδεσθαι.

1036 1715 1235 1751 corruptibilis
1263 1718 1381 1751 propter
1396 1715 1587 1751 privationem
1603 1717 1799 1751 corruptionis
1815 1721 1860 1745 est

1035 1759 1267 1795 incorruptibilis
1280 1768 1286 1792 ;
1299 1760 1380 1787 dicas
1395 1759 1463 1787 licet
1477 1760 1565 1787 etiam
1579 1768 1635 1788 non
1653 1761 1784 1795 genitum
1797 1770 1860 1796 pro-

1037 1808 1100 1840 pter
1127 1804 1317 1839 privationem
1342 1806 1436 1837 ortus,
1461 1812 1524 1832 esse
1548 1813 1605 1832 non
1630 1806 1779 1839 genitum.
1805 1806 1858 1837 Qui

1036 1858 1103 1877 vero
1121 1849 1169 1876 Dei
1196 1848 1353 1876 essentiam
1370 1848 1413 1876 ita
1427 1848 1633 1884 cognominare
1650 1858 1739 1876 ausus
1756 1854 1808 1881 est,
1827 1853 1858 1877 tu

1036 1893 1149 1922 scilicet
1164 1902 1206 1927 es,
1222 1893 1273 1928 qui
1291 1895 1345 1920 Deo
1361 1892 1417 1928 ipsi
1442 1892 1551 1920 bellum
1569 1901 1676 1920 moves.
1694 1894 1766 1920 Nam
1792 1903 1858 1922 cum

1037 1938 1099 1973 ipse
1123 1938 1212 1970 dicat,
1228 1940 1259 1964 ut
1283 1940 1349 1965 ante
1374 1937 1485 1964 dictum
1501 1939 1567 1965 est:
1587 1949 1597 1962 ι
1618 1939 1740 1973 Apparui
1767 1939 1856 1965 Abru-

1037 1982 1201 2014 ham,Isaac
1217 1984 1246 2008 et
1260 1981 1351 2009 Jacob
1367 1981 1500 2017 patribus
1514 1981 1710 2014 vcstris,Dcus
1727 1983 1856 2017 ipsorum

1036 2027 1227 2059 exsistens,ac
1238 2033 1341 2053 nomen
1355 2033 1452 2052 meum
1465 2034 1521 2053 non
1533 2026 1714 2053 manii'estavi
1727 2027 1767 2053 eis
1783 2036 1788 2053 ς
1807 2029 1855 2054 δέ»

1036 2073 1069 2097 tu
1093 2070 1146 2097 tibi
1171 2069 1264 2097 sumis
1291 2069 1413 2103 majora.
1430 2072 1487 2096 Aut
1510 2069 1588 2096 enim
1617 2070 1651 2096 iis
1677 2072 1808 2105 superior
1823 2081 1857 2099 ex

1037 2113 1209 2142 revelatione
1225 2113 1314 2141 habes
1326 2113 1455 2141 nominis
1466 2113 1555 2148 hujus
1571 2114 1703 2142 notitiam
1715 2125 1721 2148 ;
1734 2119 1785 2143 aut
1802 2120 1857 2143 Deo

1036 2158 1125 2186 etiam
1151 2158 1266 2185 nolente
1288 2157 1534 2193 comprehendisti
1557 2167 1662 2186 nomen
1688 2161 1860 2188 substantia)

1037 2203 1140 2239 ipsius.
1157 2203 1252 2230 Anam.
1268 2202 1366 2229 Sinon
1378 2202 1509 2237 genitum
1524 2204 1640 2230 denotat
1656 2205 1859 2239 privationem,

1037 2256 1101 2283 quas
1127 2250 1181 2274 Deo
1206 2255 1264 2274 non
1292 2246 1379 2279 inest,
1404 2254 1456 2274 cur
1481 2255 1539 2274 non
1573 2248 1704 2283 genitum
1734 2250 1860 2277 dicimus

1039 2303 1052 2317 (ι
1068 2292 1187 2324 Deum,»
1203 2291 1335 2327 genitum
1351 2299 1418 2319 vero
1434 2299 1491 2318 non
1507 2291 1657 2319 dicimus?
1674 2293 1750 2320 Orlh.
1769 2294 1797 2320 Si
1814 2295 1860 2321 in-

1037 2335 1225 2372 corruptibile
1253 2335 1372 2363 denotat
1399 2335 1590 2371 privationem
1621 2345 1684 2371 qua:
1718 2338 1775 2365 Deo
1804 2348 1860 2367 non

1040 2380 1124 2414 inest,
1139 2389 1190 2408 cur
1205 2379 1458 2415 incorruptibilem
1474 2380 1592 2415 quidem
1608 2382 1744 2416 dicimus,
1762 2392 1861 2410 corru-

1040 2424 1172 2460 ptibilem
1187 2432 1254 2452 vero
1270 2433 1327 2451 non
1349 2424 1476 2452 dicimus
1488 2424 1501 2451 τ
1516 2425 1545 2452 Si
1561 2433 1626 2453 vero
1643 2426 1861 2462 incorruptibiles

1040 2478 1097 2496 non
1113 2468 1258 2504 signiﬁcat
1274 2467 1580 2505 privationem,neque
1596 2479 1653 2498 non
1669 2472 1800 2506 genitum
1818 2475 1863 2499 est

1039 2512 1266 2549 signiﬁcativum
1291 2512 1481 2548 privationis;
1497 2513 1574 2541 sicut
1597 2523 1649 2542 nec
1673 2516 1815 2543 essentne.
1833 2516 1862 2543 Si

1039 2558 1117 2585 enim
1145 2565 1201 2584 non
1224 2557 1355 2592 genitum
1381 2557 1527 2592 signiﬁcat
1551 2559 1756 2593 substantiam,
1775 2561 1861 2588 etiam

1039 2601 1261 2637 incorruptibile
1276 2601 1472 2628 substantiam
1489 2602 1634 2637 signiﬁcat
1652 2613 1657 2630 ς
1676 2606 1753 2639 quod
1770 2605 1792 2632 si
1806 2614 1863 2632 non

1039 2645 1170 2682 genitum
1187 2647 1215 2673 et
1229 2644 1451 2681 incorruptibilo
1466 2645 1635 2681 significant
1651 2651 1820 2682 essentiam,
1837 2652 1865 2676 et

1040 2689 1185 2718 mendacii
1209 2697 1310 2725 expers
1333 2697 1398 2717 esse
1412 2693 1441 2717 et
1465 2690 1687 2728 incorruptibilc
1704 2693 1779 2720 idem
1796 2695 1866 2720 sunt

1041 2734 1118 2770 quod
1134 2742 1192 2762 non
1217 2733 1360 2769 genitum,
1377 2733 1468 2761 Filius
1483 2737 1582 2762 autem
1605 2737 1748 2763 mendacii
1764 2745 1866 2771 expers

1040 2781 1070 2807 et
1085 2777 1316 2813 incorruptibilis
1340 2779 1384 2805 est
1399 2786 1406 2805 :
1423 2777 1516 2815 igitur
1529 2781 1558 2807 et
1581 2787 1638 2807 non
1655 2781 1782 2815 genitus.
1800 2780 1865 2807 Jan:

196 2841 356 2870 "-"VJoan.
372 2849 394 2878 ι,
408 2841 436 2870 3.
474 2841 497 2859 ⁴⁰
510 2840 523 2870 l
537 2841 603 2870 Cor.
618 2849 670 2876 xu,
685 2841 728 2870 11.
766 2841 789 2860 ⁴ι
805 2841 895 2870 Exod.
911 2849 952 2876 v1,
966 2841 996 2876 2,
1011 2841 1039 2869 3.

323 2906 456 2937 Panos.
480 2905 537 2938 Gs.
558 2905 698 2938 XXVIII.

1669 2906 1708 2937 38
