4092 6218
3813 0 3932 14 πΊΙ--ν
3961 0 4006 10 ι--

415 341 570 401 1195
1580 339 1642 403 S.
1691 342 2207 408 ATHANASIUS.
2239 382 2316 392 —
2347 345 2654 413 SPURIA.

415 493 546 530 vero
579 477 904 532 secundum
935 481 991 530 te
1022 491 1136 530 non
1168 481 1255 530 est
1285 493 1400 531 non
1431 477 1661 546 genitus
1688 493 1699 530 :
1737 493 1850 530 non
1879 475 2062 547 igitur
2090 478 2245 532 idem
2278 480 2634 550 significabit
2666 483 2970 538 mendacio
2997 499 3202 539 vacare
3233 486 3291 539 et
3317 482 3834 558 incorruptibilem

415 585 542 622 esse
576 584 589 621 :
625 569 724 622 sed
761 583 872 620 non
905 565 1169 636 genitum
1221 565 1473 618 dicimus
1504 564 1836 636 signiﬁcare
1887 564 2038 618 idem
2072 583 2137 621 ac
2165 566 2350 623 Deum
2400 586 2515 624 nou
2548 568 2675 625 es'se
2704 572 2992 642 genitum,
3021 573 3460 644 incorruptibile
3505 591 3640 630 vero
3670 575 3832 631 idem

3675 358 3839 418 1196

412 674 478 712 ac
509 673 625 710 non
658 653 975 724 corrumpi,
1009 657 1064 707 et
1098 651 1387 707 mendacii
1416 656 1708 724 expertem
1743 669 1870 707 esse
1903 653 2056 708 idem
2088 656 2240 726 quod
2275 673 2389 711 non
2426 658 2680 714 mentiri.

484 747 573 799 25.
607 745 797 798 Anom.
833 742 890 797 Si
924 742 1146 795 nudum
1193 757 1404 795 nomen
1433 748 1540 806 est,
1574 740 1715 795 illud
1747 759 1860 795 non
1896 744 2061 812 geni-
2091 746 2146 811 Α

413 843 540 889 tum
572 835 642 890 de
675 834 788 888 Deo
831 832 1049 886 dictum
1085 848 1097 884 :
1137 832 1292 885 nuda
1339 837 1534 886 autem
1567 848 1672 885 vox
1716 829 2062 902 hypostasin

411 923 635 980 extollit
664 940 843 994 supra
896 922 1093 977 omnia
1140 921 1377 990 genita:
1415 920 1752 974 honoratior
1801 936 1936 991 ergo
1975 927 2065 976 est

413 1014 722 1070 hominum
757 1009 1024 1084 prolatio,
1059 1026 1234 1080 quam
1271 1009 1700 1080 Omnipotentis
1731 1013 2060 1072 natura,ut-

413 1109 544 1174 pote
575 1120 700 1173 qua:
738 1107 912 1155 Deum
949 1099 1408 1168 omnipotentem
1441 1097 1885 1168 incomparabili
1917 1097 2060 1151 emi-

413 1193 612 1248 nentia
642 1189 1065 1246 condecoravit.
1101 1187 1253 1243 Orlh.
1287 1187 1400 1242 Nec
1435 1187 1654 1241 nudam
1703 1202 1901 1241 vocem
1933 1202 2062 1242 esse

412 1282 667 1336 dicimus
713 1296 826 1334 non
859 1278 1142 1350 genitum,
1179 1293 1281 1330 nec
1331 1275 1504 1330 etiam
1555 1275 1967 1330 substantiam.
2001 1275 2060 1329 Si

412 1370 568 1425 enim
593 1385 705 1423 non
731 1367 990 1439 genitum
1023 1365 1355 1420 substantia
1377 1370 1550 1429 esset,
1585 1365 1760 1419 etiam
1793 1364 2054 1436 genitum

413 1459 743 1514 substantia
766 1457 994 1511 t'oret.Si
1022 1472 1154 1509 vero
1177 1455 1439 1526 genitum
1465 1453 1798 1508 substantia
1818 1459 2056 1523 est,om-

409 1550 504 1603 nia
535 1549 728 1619 genita
756 1551 930 1602 erunt
959 1542 1512 1599 consubstantialia:
1549 1542 1596 1597 si
1629 1559 1760 1596 vero
1792 1543 2055 1612 genitum

407 1626 739 1692 substantia
794 1652 910 1690 non
943 1641 1052 1699 est,
1083 1635 1256 1688 etiam
1311 1649 1424 1686 non
1479 1633 1738 1703 genitum
1797 1632 2057 1686 essentia

407 1745 521 1781 non
553 1730 662 1781 est.
694 1726 820 1779 Non
844 1711 932 1778 eet
953 1729 1147 1778 autem
1175 1723 1331 1776 nuda
1357 1738 1459 1775 vox
1485 1737 1597 1774 non
1630 1720 1891 1790 genitum
1922 1737 1934 1784 ;
1971 1719 2054 1774 si-

405 1817 643 1888 gniﬁcat
673 1815 828 1870 enim
858 1816 1033 1868 Deum
1064 1813 1324 1882 genitum
1367 1825 1480 1864 non
1509 1825 1658 1873 esse,
1692 1808 1844 1862 sicut
1867 1808 1927 1860 τὸ
1959 1825 2052 1862 ex-

405 1923 536 1976 pers
561 1904 848 1958 mendacii
874 1902 1167 1972 signiﬁcat
1187 1917 1297 1952 non
1334 1897 1588 1966 mentiri,
1609 1904 1665 1952 et
1697 1898 1926 1952 incorru
1941 1898 2052 1968 pti-

403 1995 516 2049 bile
550 1993 842 2065 significat
873 2008 986 2044 non
1019 1988 1334 2059 corrumpi.
1369 1989 1561 2041 Anam.
1594 1987 1649 2038 Si
1682 2002 1853 2040 omne
1885 1986 2046 2055 geni-

400 2089 526 2138 tum
559 2099 795 2138 causam
821 2079 1090 2135 sortitum
1116 2083 1287 2142 est,et
1312 2081 1522 2130 natura
1555 2092 1667 2129 non
1691 2075 1890 2146 genita
1921 2075 2048 2129 sine

397 2189 576 2226 causa
604 2176 714 2238 est,
735 2186 848 2224 non
869 2167 1069 2238 utique
1092 2183 1328 2222 causam
1355 2166 1590 2219 denotat
1621 2181 1734 2218 non
1759 2164 2046 2235 genitum,

398 2263 496 2315 sed
551 2256 1306 2332 signiﬁcatf‘subslantiam.
1341 2254 1488 2308 Orth.
1543 2253 1602 2308 Si
1653 2253 2045 2307 substantiam

399 2351 692 2421 signiﬁcat
723 2365 832 2403 non
868 2346 1228 2418 genitum,et
1256 2343 1646 2399 substantiam
1683 2358 1918 2413 quoque
1951 2359 2046 2413 ge-

403 2441 589 2494 nitum
641 2436 974 2493 substantia
1019 2451 1152 2489 vero
1186 2451 1218 2488 a
1249 2432 1584 2488 substantia
1633 2430 1778 2485 nihil
1829 2431 2043 2498 ditfert,

399 2534 688 2599 quatenus
720 2525 1052 2581 substantia
1081 2527 1190 2588 est,
1225 2539 1366 2576 sane
1395 2520 1540 2575 nihil
1575 2520 1765 2574 ditiert
1797 2537 1907 2574 non
1942 2536 2043 2591 ge-

399 2617 584 2670 nitum
619 2633 650 2671 a
683 2615 1094 2687 genito.Anom.
1122 2612 1182 2666 In
1215 2611 1410 2682 genito
1441 2609 1678 2680 quidem
1713 2608 2046 2663 substantia

401 2706 552 2762 438
587 2721 646 2760 se
679 2704 856 2758 habet
906 2703 1092 2757 instar
1140 2716 1327 2755 causae
1363 2699 1501 2753 :sed
1544 2695 1877 2770 hypostasis
1929 2714 2041 2751 non

399 2796 581 2868 geniti
612 2801 812 2849 contra
843 2807 1074 2847 omnem
1109 2806 1345 2844 causam
1379 2785 2046 2842 obtinensimmutabili-

398 2885 736 2955 tatem,ipsa
765 2880 1020 2936 essentia
1051 2883 1140 2934 est
1171 2875 1792 2947 incomparabilis,non
1825 2873 2039 2928 extrin-

399 2991 568 3028 secus
615 2974 1037 3043 repraesentans
1091 2964 1741 3037 incomparabilitatem,
1774 2964 1873 3016 sed
1909 2980 2037 3034 pro-

399 3069 525 3134 pter
550 3063 656 3116 hoc
681 3062 877 3132 ipsum
900 3058 1187 3112 cxsistens
1210 3052 1683 3124 incomparabilis
1697 3057 1868 3123 atque
1887 3051 2040 3106 inac-

395 3167 580 3215 cessa,
614 3150 753 3219 quia
805 3165 917 3201 non
951 3145 1148 3216 genita
1194 3149 1300 3198 est.
1353 3143 1507 3201 Orth.
1541 3141 1600 3196 Si
1645 3146 1878 3212 propter
1921 3158 2036 3196 non

393 3239 572 3311 geniti
605 3236 1136 3292 denominationem
1159 3231 1678 3302 incomparabilem
1701 3237 1758 3285 et
1786 3233 2039 3286 inacces-

389 3345 516 3384 sam
551 3327 695 3382 dicis
721 3325 1114 3380 substantiam
1147 3321 1269 3387 Dei,
1305 3327 1427 3375 tum
1465 3320 1667 3385 Filius,
1699 3319 1798 3392 qui
1832 3337 2036 3374 secun-

386 3419 526 3473 dum
560 3421 615 3472 te
649 3431 763 3470 non
794 3418 882 3469 est
914 3428 1024 3466 non
1057 3410 1496 3482 genitus,etiam
1533 3425 1642 3463 non
1673 3408 1782 3462 erit
1812 3409 2032 3463 incom-

385 3505 664 3579 parabilis
706 3520 807 3558 nec
838 3503 1175 3556 inaccessus
1205 3517 1216 3554 :
1242 3515 1354 3553 non
1387 3503 1476 3553 est
1497 3513 1632 3568 ergo
1662 3497 2024 3566 incompara-

2157 3494 2238 3548 ἴσα
2265 3495 2323 3549 ἂν
2357 3500 2489 3569 ποιῇ
2523 3498 2550 3550 6
2584 3499 2790 3572 Πατὴρ,
2822 3503 2986 3553 ταῦτα
3015 3501 3103 3554 καὶ
3127 3502 3154 3556 6
3183 3487 3307 3563 1'16:
3329 3503 3540 3575 ὁμοίως
3571 3487 3794 3577 ποιείςὺ

386 3597 520 3652 bilis
548 3595 702 3668 quod
735 3593 812 3648 sit
843 3609 955 3647 non
981 3589 1232 3662 genitus.
1263 3588 1561 3653 Quomodo
1583 3590 1778 3640 autem
1805 3586 2026 3640 incom-

385 3685 663 3758 parabilis
685 3689 772 3738 est
794 3687 961 3736 Pater
981 3679 1030 3734 ei
1049 3679 1148 3750 qui
1174 3677 1314 3732 dicit
1335 3693 1378 3730 ευ
1408 3676 1568 3730 Sicut
1590 3679 1761 3729 Pater
1781 3674 2030 3729 suscitat

386 3781 649 3831 mortuos
672 3779 728 3828 et
749 3771 1020 3837 viviticat,
1054 3769 1133 3822 ita
1164 3767 1338 3822 etiam
1375 3763 1737 3834 Filius,quos
1767 3761 1911 3828 vult,
1945 3763 2029 3817 vi-

382 3867 575 3920 viticat
604 3863 696 3916 ‘2‘?
729 3885 755 3911 »
787 3858 1080 3932 quomodo
1131 3873 1299 3928 porro
1336 3851 1815 3924 incomparabilis
1845 3851 1893 3906 ei
1929 3851 2029 3923 qui

2245 746 2334 798 '25.
2369 741 2556 816 Ἀνὸμ.
2595 746 2654 801 Εἰ
2687 746 2849 820 ψιλὸν
2879 743 3055 820 ὄνομά
3085 747 3224 803 ἐστιν
3261 747 3348 803 έπὶ
3379 755 3514 804 Θεοῦ
3559 751 3623 806 τὸ
3664 752 3828 828 ἀγέν-

2171 850 2354 899 νητον·
2388 835 2421 902 ἡ
2458 830 2513 887 δὲ
2544 833 2680 906 ψιλή
2714 837 2962 913 προφορὰ
2987 839 3086 906 τήν
3122 837 3408 893 ὑπόστασιν
3444 838 3654 913 ἐπαίρει
3687 843 3826 897 κατά

2172 919 2381 974 πάντων
2409 927 2518 975 τῶν
2565 929 2862 997 γεννητῶν·
2893 925 3222 1000 τιμιώτερόν
3271 927 3409 982 ἐστιν
3445 930 3479 997 ἡ
3516 929 3824 1004 ἀνθρώπων

2171 1010 2440 1086 προφορά,
2471 1019 2572 1081 τῆς
2602 1016 2699 1066 τοῦ
2751 1017 3188 1090 Παντοκράτορος
3240 1017 3450 1093 φύσεως
3493 1021 3606 1092 (86)
3651 1020 3828 1094 ἀσυγ-

2169 1097 2336 1172 κρίτῳ
2369 1100 2616 1177 ὑπεροχῇ
2648 1101 3042 1158 καλλωπίσασά
3070 1105 3160 1159 τὸν
3211 1105 3338 1160 Θεὸν
3383 1107 3474 1161 τὸν
3519 1111 3828 1184 παντοκρά-

2167 1207 2321 1261 τορα.
2352 1190 2501 1264 Ὀρθ.
2536 1189 2672 1248 Οὔτε
2703 1191 2872 1264 ψιλὴν
2905 1195 3186 1271 προφορὰν
3211 1195 3274 1250 τὸ
3323 1195 3608 1270 ἀγέννητον
3664 1197 3827 1274 λέγο-

2174 1298 2290 1349 μεν,
2325 1274 2448 1332 οὔτε
2495 1279 2700 1335 οὐσίαν.
2736 1281 2794 1335 Εἰ
2827 1282 2930 1355 γὰρ
2960 1284 3024 1336 τὸ
3053 1282 3339 1358 ἀγέννητον
3375 1289 3488 1359 (87)
3519 1286 3699 1355 οὐσία,
3731 1287 3826 1341 καὶ

2165 1366 2228 1420 τὸ
2281 1369 2536 1441 γεννητὸν
2595 1368 2768 1426 οὐσία.
2804 1370 2861 1425 Εἰ
2915 1368 2970 1425 δὲ
3019 1372 3080 1426 τὸ
3130 1374 3383 1446 γεννητὸν
3437 1373 3612 1446 οὐσία⁹
3647 1376 3828 1430 πάντα

2165 1454 2232 1508 τά
2277 1458 2509 1529 γεννητά
2553 1457 2837 1530 ὁμοούσια·
2871 1459 2969 1514 οὐκ
3012 1461 3114 1536 ἄρα
3154 1461 3218 1515 τὸ
3249 1463 3505 1536 γεννητὸν
3541 1463 3719 1521 obuia.
3755 1465 3828 1521 Εἴ

2167 1540 2224 1598 δὲ
2269 1544 2365 1599 οὑκ
2409 1545 2562 1600 οὐσία
2590 1547 2653 1600 τὸ
2681 1548 2951 1623 γεννητὸν,
2986 1547 3109 1604 οὕτε
3164 1551 3228 1604 τὸ
3281 1551 3573 1626 ἀγέννητον
3638 1553 3822 1610 οὐσία.

2166 1633 2279 1689 Οὐκ
2317 1630 2425 1688 ἔστι
2475 1632 2531 1688 δὲ
2588 1635 2726 1708 ψιλή
2779 1638 3031 1714 προφορά
3080 1639 3141 1693 τὸ
3199 1639 3507 1714 ἀγέννητον·
3559 1643 3822 1716 σημαίνει

2163 1723 2262 1796 γάρ
2294 1723 2354 1776 τὸ
2391 1724 2465 1795 μὴ
2497 1731 2847 1800 γεγεννῆσθαι
2879 1725 2970 1780 τὸν
3005 1728 3156 1800 Θεὸν,
3189 1729 3262 1789 ὡς
3291 1730 3352 1783 τὸ
3382 1728 3608 1803 ἀψευδὲς
3641 1733 3704 1786 τὸ
3737 1735 3818 1803 μὴ

2163 1807 2467 1882 ψεύδεσθαι,
2498 1812 2586 1866 καὶ
2621 1815 2684 1867 τὸ
2716 1811 2983 1891 ἄφθαρτον
3014 1817 3077 1870 τὸ
3131 1819 3206 1888 μὴ
3255 1819 3581 1895 φθείρεσθαι.
3618 1821 3818 1894 Ἀνόμ.

2163 1897 2224 1952 Εἰ
2256 1901 2413 1953 παντὶ
2450 1907 2692 1975 γεννητῷ
2741 1902 2886 1957 αἰτία
2937 1905 3382 1982 συγκεκλήρωτο,
3414 1909 3658 1971 ἀναίτιος
3691 1908 3749 1965 δὲ
3781 1915 3816 1980 ἡ

2163 1989 2450 2062 ἀγέννητος
2512 1989 2690 2068 φύσις·
2725 1991 2822 2046 οὐκ
2853 1993 3020 2048 αἰτίαν
3057 1992 3224 2063 δηλοῖ
3251 1997 3312 2051 τὸ
3341 1997 3655 2072 ἀγέννητον,
3687 1999 3820 2054 ἀλλ’

2161 2076 2342 2131 οὐσίαν
2406 2081 2680 2151 σημαίνει.
2718 2083 2865 2157 Ὀρθ.
2902 2081 2968 2139 Εἴ
3019 2083 3202 2138 οὐσίαν
3257 2086 3507 2158 σημαίνει
3539 2088 3604 2142 τὸ
3653 2087 3817 2162 ἀγέν-

2158 2186 2344 2235 νητον,
2376 2165 2462 2220 καὶ
2497 2166 2680 2221 οὐσίαν
2712 2169 2772 2222 τὸ
2804 2171 3083 2242 γεννητὸν,
3119 2171 3275 2226 οὐσία
3306 2169 3362 2226 δὲ
3410 2173 3597 2236 οὐσίας
3657 2173 3812 2231 οὐδὲν

2159 2251 2421 2330 διαφέρει,
2454 2256 2668 2326 ᾔοὺσία
2713 2256 2873 2312 ἐστίν·
2909 2256 3060 2313 οὐδὲν
3109 2261 3211 2337 ἀρα
3256 2258 3496 2338 διαφέρει
3547 2264 3612 2318 τὸ
3661 2264 3814 2338 ἀγέν-

2156 2364 2320 2412 νητον
2379 2349 2475 2398 τοῦ
2529 2351 2808 2420 γεννητοῦ.
2874 2347 3065 2420 Ἀνὸμ.
3120 2350 3240 2403 Ἑπί
3314 2355 3410 2404 τοῦ
3463 2355 3812 2427 γεννήματος

2157 2430 2311 2485 οὐσία
2371 2431 2781 2510 συνεμφαίνεται
2840 2436 2912 2496 ὡς
2970 2435 3134 2491 αῗτία·
3170 2439 3203 2506 ἠ
3267 2435 3322 2493 δὲ
3371 2444 3468 2494 τοῦ
3511 2441 3812 2517 ἀγεννήτου

2158 2520 2468 2583 ὑπόστασις.
2500 2523 2634 2576 κατά
2663 2523 2840 2592 πάσης
2870 2524 3042 2587 αἰτίας
3072 2526 3135 2580 τὸ
3165 2526 3588 2601 ἀπαράλλακτον
3652 2529 3814 2606 ἔχου⁸

2155 2630 2237 2677 σα,
2270 2609 2554 2664 αὑτοουσία
2585 2610 2724 2665 ἐστὶν
2754 2612 3100 2687 ἀσύγκριτος,
3121 2614 3218 2669 οὐκ
3248 2611 3435 2686 ἔξωθεν
3469 2617 3810 2696 ἐμφαίνουσα

2150 2698 2213 2751 τὸ
2267 2699 2606 2773 ἀσύγκριτον,
2667 2699 2796 2754 αὐτὸ
2847 2697 2905 2755 δὲ
2965 2702 3288 2778 ὑπάρχουσα
3337 2705 3666 2781 ἀσύγκριτος
3716 2710 3808 2764 καὶ

2153 2787 2464 2860 ἀπρόσιτος,
2499 2787 2684 2858 ἐπειδὴ
2735 2789 3045 2864 ἀγέννητος.
3100 2793 3249 2868 Ὀρθ.
3301 2793 3364 2851 Εἰ
3415 2791 3504 2848 διὰ
3551 2797 3652 2864 τὴν
3709 2802 3806 2851 τοῦ

2150 2876 2437 2950 ἁγεννήτού
2492 2877 2864 2953 προσηγορίαν
2929 2878 3246 2956 ἀσύγκριτον
3307 2883 3482 2957 λέγεις
3542 2886 3642 2952 τὴν
3706 2891 3808 2940 τοῦ

2150 2968 2282 3017 Θεοῦ
2315 2965 2495 3018 οὐσίαν
2545 2966 2633 3020 καὶ
2696 2963 3013 3040 ἀπρόσιτον,
3049 2969 3076 3022 6
3109 2971 3253 3035 Υἱὸς,
3285 2971 3418 3025 κατά
3470 2973 3526 3026 σὲ
3591 2975 3667 3045 μή
3732 2973 3808 3028 ὢν

2150 3051 2464 3126 ἀγέννητος,
2499 3051 2621 3108 οὔτε
2651 3055 2995 3131 ἀσύγκριτος,
3030 3054 3152 3112 οὔτε
3207 3059 3517 3133 ἀπρόσιτος·
3552 3062 3650 3116 οὐκ
3703 3062 3806 3138 ἄρα

2148 3138 2236 3195 διὰ
2263 3142 2325 3195 τὸ
2357 3143 2644 3218 ἀγέννητον
2679 3143 3018 3219 ἀσύγκριτος.
3059 3150 3181 3207 Ilii»;
3214 3143 3270 3200 δὶ
3301 3146 3624 3225 ἁσύγκριτός
3661 3150 3806 3206 ἰστιν

2146 3231 2174 3284 6
2207 3233 2392 3303 Πατὴρ
2425 3237 2503 3303 τῷ
2533 3230 2772 3306 λέγοντι·
2812 3259 2838 3284 ‹‹
2885 3237 3088 3308 ’Ὠσπερ
3120 3235 3148 3288 6
3185 3237 3367 3308 Πατήρ
3418 3236 3615 3312 ἐγείρει
3673 3241 3804 3303 τοὺς

2143 3318 2362 3398 νεκροὺς
2418 3320 2508 3374 καὶ
2572 3326 2850 3389 ζωοποιεῖ,
2887 3322 3059 3384 οὕτως
3119 3323 3207 3378 καὶ
3239 3326 3267 3378 6
3301 3325 3438 3392 Υἱὸς,
3473 3325 3565 3388 οὖς
3626 3328 3802 3400 ϐέλει,

2147 3411 2432 3477 ζωοποιεῖ;
2462 3435 2480 3458 ι
2515 3409 2549 3478 ἢ
2583 3414 2699 3472 πῶς
2730 3410 3054 3484 ἀσύγκριτος
3086 3416 3164 3483 τῷ
3192 3411 3664 3488 λέγοντι-«Πάντα
3695 3421 3802 3494 γάρ

2467 3554 2489 3569 1·
2721 3554 2747 3572 Ἰ
2779 3554 2790 3566 1
3139 3554 3146 3556 V
3257 3554 3304 3563 γ’
3337 3554 3536 3575 ⁷δ“”⁷””’⁷
3577 3554 3791 3577 ’“”’”“”’“”

2140 3585 2175 3652 ἢ
2209 3588 2325 3646 πῶς
2386 3586 2702 3662 ἀσύγκριτος
2758 3592 2838 3660 τῷ
2895 3586 3131 3664 λέγοντι·
3169 3614 3197 3641 (ι
3231 3592 3428 3663 Πάντα,
3463 3591 3560 3647 ὅσα
3618 3593 3737 3671 ἔχει
3769 3599 3801 3650 ὁ

2141 3674 2350 3747 Πατὴρ,
2386 3672 2490 3746 ἐμὰ
2520 3674 2658 3728 ἐστιν
2686 3693 2699 3743 ;
2733 3699 2761 3727 »
2795 3675 2884 3730 καὶ
2917 3676 2968 3730 ἐν
3002 3676 3216 3740 ἄλλοις·
3243 3703 3271 3731 ιι
3304 3681 3380 3734 Τά
3429 3680 3536 3754 ἐμά
3587 3686 3674 3757 σά,
3707 3687 3799 3740 καὶ

2138 3762 2204 3815 τὰ
2233 3762 2298 3816 σὰ
2329 3761 2469 3834 ἐμάς
2508 3787 2534 3813 ››
2567 3765 2662 3818 Καὶ
2694 3765 2812 3827 πῶς
2841 3765 3164 3842 ἀσύγκριτος
3210 3773 3292 3841 τῷ
3352 3769 3595 3844 λέγοντι·
3622 3799 3652 3824 ι(
3683 3778 3800 3830 Ἵνα

2139 3855 2338 3923 τιμῶσι
2370 3851 2461 3906 τὸν
2493 3853 2632 3921 Υἱὸν,
2667 3856 2846 3918 καθὼς
2878 3860 3078 3928 τιμῶσι
3109 3856 3200 3911 τὸν
3234 3859 3482 3932 Πατέρα;
3517 3885 3547 3912 η

380 3957 518 4010 dicit
555 3972 566 4009 :
603 3976 629 4003 ‹‹
665 3950 876 4007 Omnia
903 3948 1057 4004 enim
1093 3960 1454 4017 quaecunque
1487 3943 1624 3998 facit
1671 3945 1859 4005 Pater,
1894 3941 2012 3995 hmc
2059 3939 2233 3995 etiam
2269 3941 2450 3998 Filius
2504 3943 2776 4000 similiter
2811 3946 2947 4018 facit
2975 3946 3065 4002 ‘3?
3096 3970 3117 3997 ιι
3157 3951 3450 4019 quomodo
3493 3952 3672 4010 etiam
3707 3955 3798 4012 in-

377 4041 789 4114 comparabilis
822 4043 911 4093 est
951 4037 1002 4093 ei
1035 4037 1134 4108 qui
1188 4035 1327 4089 dicit
1362 4051 1373 4088 :
1411 4055 1437 4082 ‹‹
1472 4032 1703 4097 Omnia,
1737 4046 1861 4100 qua
1913 4029 2087 4084 habet
2115 4032 2308 4095 Pater,
2343 4047 2470 4085 mea
2517 4038 2656 4087 sunt
2685 4035 2730 4068 “
2763 4050 2776 4088 :
2812 4057 2838 4082 ››
2872 4039 2929 4090 et
2958 4035 3098 4091 alibi
3132 4053 3143 4091 :
3173 4059 3200 4086 ι(
3237 4038 3358 4093 Mea
3388 4043 3490 4095 tua
3539 4048 3706 4109 sunt,
3736 4051 3796 4100 et

372 4138 475 4188 tua
509 4148 639 4186 mea
669 4133 804 4184 sunt
837 4129 879 4161 ὀδ
901 4127 928 4181 ?
957 4148 985 4177 »
1020 4126 1272 4195 denique
1303 4121 1592 4194 quomodo
1622 4118 2100 4190 incomparabilis
2131 4119 2178 4172 ei
2212 4120 2308 4188 qui
2341 4120 2482 4174 dicit
2512 4136 2524 4175 :
2561 4145 2588 4170 ‹‹
2628 4126 2699 4178 Ut
2730 4123 3016 4179 honorent
3046 4124 3278 4192 Filium,
3310 4127 3468 4184 sicut
3498 4129 3794 4190 honorant

372 4226 604 4275 Patrem
636 4218 680 4252 ⁴⁶
705 4221 727 4272 P
758 4240 778 4266 ι

440 4310 530 4362 26.
563 4308 756 4362 Anam.
788 4305 846 4358 Si
895 4320 1128 4358 omnem
1161 4301 1386 4357 excedit
1425 4305 1695 4355 naturam
1749 4297 2016 4369 omnipo-

370 4402 497 4453 tens
519 4395 614 4451 ille
640 4393 1038 4461 Deus,excedit
1059 4408 1200 4447 sane
1223 4407 1287 4446 eo
1311 4391 1462 4460 quod
1489 4393 1576 4443 est
1601 4404 1712 4442 non
1736 4386 1970 4457 genitus
1999 4401 2011 4440 :

370 4487 524 4558 quod
556 4485 850 4540 estcausa
871 4482 1020 4552 ejus,
1046 4497 1223 4552 quam
1249 4480 1446 4552 genita
1466 4477 1702 4543 habent,
1733 4475 2012 4546 perdura-

367 4576 563 4632 tionis.
603 4575 658 4630 Si
694 4590 826 4630 vero
883 4589 996 4626 non
1029 4569 1288 4642 genitum
1325 4584 1438 4622 non
1489 4567 1724 4620 denotat
1753 4579 2011 4632 causam,

368 4665 663 4718 undenam
696 4679 832 4733 ergo
861 4667 1067 4716 natura
1101 4675 1292 4713 rerum
1314 4655 1640 4727 genitarum
1677 4653 2013 4708 suiconser-

2197 4295 2519 4384 26.-’Av6p.
2553 4297 2616 4351 Εἰ
2650 4297 2904 4374 ὑπερέχει
2943 4298 3120 4370 πάσης
3168 4301 3377 4379 φύσεως
3408 4304 3437 4358 ὁ
3471 4305 3789 4384 Ηαντοκρά-

2124 4403 2258 4455 τωρ,
2292 4380 2381 4437 διὰ
2427 4386 2489 4438 τὸ
2537 4386 2831 4460 ἀγέννητον
2890 4387 3163 4464 ὑπερέχει·
3219 4389 3350 4467 ὅπερ
3414 4392 3558 4449 ἐστὶν
3606 4380 3783 4453 α’τιον

2122 4477 2239 4532 τοῖς
2267 4480 2549 4546 γεννητοῖς
2581 4475 2656 4536 εἷς
2706 4472 2997 4549 διαμονήν.
3034 4477 3093 4534 Εἰ
3143 4475 3201 4534 δέ
3261 4482 3336 4552 μὴ
3397 4479 3539 4536 ἐστιν
3606 4485 3784 4549 αἶ’τίας

2123 4557 2428 4629 δηλωτικὸν
2488 4564 2549 4617 τὸ
2607 4564 2920 4638 ἀγέννητον,
2953 4566 3111 4620 πόθεν
3161 4566 3219 4621 ἂν
3268 4569 3300 4637 ἠ
3341 4573 3448 4623 τῶν
3506 4580 3782 4646 γεννητῶν

2122 4649 2278 4726 φύσις
2311 4648 2411 4721 ἕξει
2443 4653 2503 4706 τὸ
2535 4649 2887 4722 διασώζεσθαι
2920 4674 2933 4723 ;
2970 4655 3114 4730 Ὀρθ.
3147 4657 3209 4712 Εἰ
3259 4654 3346 4711 διὰ
3397 4663 3560 4714 τοῦτο
3613 4663 3778 4739 ὑπερ-

363 4754 654 4808 vationem
680 4748 959 4806 habebit?
981 4749 1132 4804 Orth.
1163 4747 1216 4801 Si
1243 4743 1624 4815 Omnipotens
1647 4741 1744 4796 ille
1773 4744 2010 4812 superat
2038 4740 2044 4803 ξ

2157 4759 2229 4813 χει
2262 4741 2439 4810 πάσης
2472 4739 2680 4818 φύσεως
2711 4743 2738 4795 6
2771 4744 3189 4818 Παντοκράτωρ,
3225 4741 3314 4800 διὰ
3356 4747 3418 4800 τὸ
3454 4738 3772 4822 ἀγέννητον·

360 4859 589 4897 omnem
643 4847 909 4896 naturam
965 4842 1196 4908 propter
1225 4834 1285 4887 τὸ
1320 4851 1431 4888 non
1484 4832 1768 4904 genitum,
1804 4831 2005 4898 Filius,

2177 4828 2320 4898 Υἱὸς,
2351 4831 2487 4882 κατά
2519 4830 2573 4883 σὲ
2609 4831 2683 4902 μὴ
2719 4827 2790 4884 ὢν
2825 4830 3264 4908 ἀγέννητος,οὐχ
3298 4834 3552 4910 ὑπερέχει
3587 4842 3771 4904 πάσης

357 4931 456 5003 qui
488 4931 809 4986 secundum
842 4932 897 4982 te
931 4943 1042 4981 non
1077 4930 1166 4981 est
1195 4941 1306 4979 non
1341 4923 1593 4994 genitus,
1623 4936 1737 4974 non
1770 4919 2005 4974 excedet

2157 4915 2344 4978 ύσεως.
2390 4917 2504 4974 Οὐκ
2561 4917 2661 4992 ἄρα
2715 4916 2803 4972 διὰ
2863 4920 3146 4995 ἀγέννητον
3211 4922 3522 4999 ὑπερέχειό
3579 4932 3770 5006 Πατὴρ

354 5036 587 5074 omnem
612 5015 1074 5072 naturam.Unde
1097 5031 1211 5068 non
1225 5028 1290 5066 eo
1313 5011 1466 5082 quod
1498 5027 1611 5064 non
1635 5008 1866 5081 genitus
1889 5013 1997 5072 est,

2157 5006 2288 5076 άσης
2320 5004 2544 5082 φύσεως·
2583 5006 2710 5062 ἀΛλ⁹
2738 5008 2782 5079 ᾦ
2819 5006 2972 5082 λόγῳ
2996 5009 3024 5062 ὁ
3059 5010 3244 5084 [Ιατὴρ
3280 5010 3532 5087 ὑπερέχει
3587 5004 3766 5089 πάσης

352 5106 573 5162 excedit
621 5105 789 5160 Pater
836 5119 1067 5158 omnem
1120 5105 1414 5163 naturam,
1455 5099 1554 5154 sed
1612 5114 1728 5168 qua
1777 5096 1998 5150 ratione

2157 5094 2342 5161 ύσεως,
2372 5093 2551 5167 τούτῳ
2598 5093 2677 5167 τῷ
2727 5094 2880 5171 λόγῳ
2935 5097 3188 5172 ὑπερέχει
3238 5099 3327 5153 καὶ
3360 5101 3387 5153 6
3420 5102 3546 5164 Υἱὸς
3583 5107 3764 5176 πάσης

349 5197 519 5252 Pater
572 5192 796 5251 excedit
852 5207 1084 5246 omnem
1145 5194 1452 5256 naturam,
1509 5187 1710 5243 eadem
1771 5186 1995 5240 ratione

2157 5183 2333 5244 ύσεως.
2369 5185 2644 5258 Ὑπερέχει
2677 5180 2734 5238 δὲ
2762 5185 2789 5238 ὁ
2822 5186 3006 5258 Πατὴρ
3039 5189 3107 5259 τῇ
3140 5186 3294 5262 φύσει
3323 5194 3424 5257 τῆς
3474 5191 3760 5262 θεότητος·

348 5286 521 5344 etiam
556 5286 738 5341 Filius
768 5281 992 5338 excedit
1023 5295 1254 5336 omnem
1300 5282 1594 5334 naturam.
1630 5273 1862 5329 Excedit
1891 5291 1993 5328 au-

2157 5271 2268 5345 ιύτῃ
2302 5271 2390 5325 καὶ
2421 5272 2448 5326 ὁ
2491 5272 2612 5333 Υἱὸς
2665 5272 2917 5349 ὑπερέχει
2975 5275 3155 5344 πάσης
3212 5275 3440 5353 φύσεως.
3475 5278 3666 5353 Ἀνόμ.
3696 5283 3758 5337 Εἰ

345 5381 464 5435 tem
494 5379 666 5431 Pater
695 5378 907 5430 natura
937 5387 1054 5426 suae
1084 5367 1352 5424 deitatis:
1377 5366 1576 5422 eadem
1611 5368 1668 5419 et
1699 5362 1883 5418 Filius
1903 5379 1992 5418 ex-

2157 5357 2256 5414 ιδέν
2286 5364 2393 5415 τῶν
2425 5360 2666 5436 ἀοράτων
2711 5361 2842 5417 αὑτὸ
2885 5363 3076 5418 ἑαυτοῦ
3114 5371 3498 5439 σπερματικῶς
3539 5381 3754 5444 προϋπ-

1927 5515 1972 5551 ⁴⁸
1999 5514 2168 5572 Joan.
2200 5531 2337 5582 xvu,
2371 5515 2458 5569 10.
2534 5515 2578 5551 ⁴⁶
2605 5515 2777 5573 Joan.
2809 5534 2864 5584 ν,
2893 5518 2984 5575 23.

410 5531 454 5565 ⁴²
480 5534 648 5586 Joan.
680 5543 734 5598 v,
765 5527 856 5581 21.
934 5526 980 5561 ⁴³
1012 5523 1150 5580 ibid.
1183 5521 1268 5578 19.
1345 5521 1390 5553 “
1416 5522 1580 5574 Joan.
1615 5532 1730 5588 xvx,
1763 5516 1851 5571 15.

405 5697 517 5770 (86)
550 5691 992 5769 Παντοκράτορος
1025 5685 1387 5747 ὑποστάσεως.
1422 5683 1606 5743 Palat.
1643 5685 1693 5740 1.

2163 5681 2274 5753 (87)
2303 5679 2488 5738 Palat.
2518 5683 2576 5752 2,
2607 5686 2665 5739 et
2693 5687 2943 5756 August.
2971 5682 3034 5741 Et
3067 5679 3124 5739 δὶ
3151 5683 3213 5738 τὸ
3246 5681 3560 5762 ἀγέννητον,
