4092 6218
363 374 513 448 “9‘1
1334 372 1435 452 DE
1480 393 1781 453 SANCTA
1824 390 2249 455 TRINITATE
2295 396 2683 459 DIALOGUS
2728 398 2807 458 Il.
3612 406 3767 468 1198

361 522 543 596 ἄρχει,
578 517 817 593 διαμένει
866 517 919 574 δὲ
980 521 1031 575 ἒν
1092 521 1245 600 φύσει
1301 524 1831 599 ἀποκεκληρωμένῃ,
1893 532 1988 580 πῶη

2125 530 2268 583 cedit
2304 547 2535 585 omnem
2572 536 2863 587 naturam.
2897 535 3089 589 Anam.
3142 536 3198 589 Si
3253 537 3415 592 nulla
3441 554 3534 593 res
3567 540 3765 595 invisi-

362 610 419 665 ἂν
452 612 480 664 ὁ
512 610 807 684 ἀγέννητὸς
840 610 992 680 Θεὸς,
1026 609 1308 686 ἐλεύθερος
1350 613 1791 688 ἀποκληρώσεως
1830 615 2000 689 ὑπαρα-

359 720 502 775 χων,
533 703 624 753 νῦν
661 700 756 771 μὲν
782 700 881 767 τήν
938 699 1130 754 ἑαυτοῦ
1164 700 1345 755 οὐσίαν
1398 698 1647 777 δευτέραν
1704 702 1754 755 ἐν
1811 705 2004 778 γεννή-

364 810 489 861 ματι
536 788 657 863 ὁρᾷ,
717 784 807 841 νῦν
864 784 921 841 δὲ
976 789 1243 864 προτέραν
1302 787 1352 843 ἐν
1404 790 1675 865 ἀγεννήτῳ
1718 791 1852 845 κατὰ
1905 792 2003 860 τὴν

360 878 583 952 πρώτην
641 876 731 931 καὶ
792 872 1040 951 δευτέραν
1100 878 1286 949 τάξιν;
1348 878 1495 947 Ὀρθ.
1545 876 1711 935 Οὐδὲν
1766 880 1859 951 μὲν
1892 884 2000 932 τῶν

358 966 600 1040 ἀοράτων
634 964 765 1019 αὐτὸ
795 965 984 1019 ἑαυτοῦ
1014 971 1394 1040 σπερματικῶς
1426 966 1924 1042 προϋπάρχει·ἀλλ’
1948 967 1999 1021 ἐν

354 1058 423 1127 τῇ
456 1054 668 1124 ἐξουσίᾳ
721 1051 816 1108 τοῦ
867 1058 1236 1128 Δηιιιουργοῦ,
1290 1056 1424 1108 κατὰ
1470 1055 1564 1116 τάς
1599 1055 1739 1117 θείας
1770 1057 2034 1132 Γραφάς,’

358 1144 434 1215 μὴ
468 1139 615 1213 ὄντα,
649 1142 722 1204 ὡς
757 1138 881 1196 ὄντα
939 1142 1093 1196 εἰσιν⁶
1145 1144 1173 1196 ὸ
1218 1140 1275 1196 δὲ
1320 1143 1469 1213 Υἱὸς,
1503 1143 1553 1197 ἐν
1588 1147 1655 1217 τῇ
1688 1143 1843 1214 οὐσίᾳ
1900 1148 2000 1197 τοῦ

355 1234 560 1307 [ἰατρὸς
595 1230 690 1300 ὥν,
723 1231 811 1285 καὶ
846 1229 979 1300 ἔστι,
1010 1230 1098 1285 καὶ
1141 1227 1285 1286 ἔσται
1322 1232 1395 1293 ὡς
1437 1231 1767 1307 ἀπαύγασμα
1816 1230 1997 1305 δόξης,

353 1321 441 1375 καὶ
501 1321 783 1396 χαρακτὴρ
859 1328 957 1389 τῆς
1038 1320 1379 1382 ὑποστάσεως
1435 1321 1995 1396 συνεπιοεωρούμενος

350 1414 429 1481 τῷ
460 1410 775 1485 γεννήσαντι
806 1408 963 1463 αὐτὸν
999 1409 1240 1477 ἀπαθῶς,
1300 1408 1573 1483 ἀχρόνως,
1634 1406 1840 1479 ἀϊδίως,
1900 1409 1995 1464 οὐ-

355 1499 493 1565 σίας,
524 1498 611 1552 καὶ
649 1496 880 1573 βουλῆς,
914 1498 1003 1551 καὶ
1036 1495 1336 1569 δυνάμεως,
1387 1496 1476 1551 καί
1532 1496 1691 1568 δόξης
1750 1497 1993 1573 ἀπαράλ-

355 1586 550 1648 λακτος
580 1585 762 1655 εἰκὼν,
819 1585 925 1660 πρὸ
981 1591 1088 1639 τῶν
1143 1586 1464 1659 προαιώνων
1528 1586 1809 1661 ὑπάρχων·
1848 1588 1909 1644 Ὀ
1940 1583 1997 1641 δὲ

353 1676 635 1750 ἀγέννητὸς
697 1676 824 1736 Θεὸς
882 1676 981 1743 τήν
1042 1675 1232 1729 ἑαυτοῦ
1286 1673 1466 1728 οὐσίαν
1506 1672 1646 1729 οἶδεν
1680 1675 1991 1749 ἀγέννητον,

354 1767 426 1826 ὡς
456 1764 545 1818 καὶ
575 1760 804 1838 ἀψευδῆ,
838 1763 927 1817 καὶ
956 1760 1247 1840 ἄφθαρτον,
1279 1762 1367 1816 καὶ
1402 1764 1711 1835 ἀσώματον,
1743 1764 1832 1817 καὶ
1864 1764 1992 1817 ἀθά-

351 1875 529 1923 νατον,
560 1852 787 1927 καὶούχ
816 1854 916 1926 ὁρᾷ
937 1853 1035 1920 τὴν
1080 1852 1269 1905 ἑαυτοῦ
1322 1850 1504 1905 οὐσίαν
1553 1850 1642 1905 νῦν
1693 1858 1787 1924 μὲν
1847 1851 1995 1927 ἀγέν-

350 1965 532 2014 νητον,
564 1947 656 1996 νῦν
690 1939 747 1996 δὲ
774 1942 1060 2016 γεννητὴν,
1097 1940 1221 1996 ἀλΛ⁹
1251 1940 1281 1995 ὅ
1310 1942 1409 2015 ὁρᾷ
1439 1941 1643 2012 ἑαυτὸν,
1683 1946 1845 1995 τοῦτο
1895 1943 1994 2016 ὁρᾷ

348 2033 436 2088 καὶ
466 2035 564 2102 την
616 2033 806 2086 ἑαυτοῦ
866 2030 1062 2086 εἰκόνα.
1112 2030 1202 2091 Τίς
1246 2027 1303 2084 δὲ
1335 2029 1443 2084 ἐστι
1475 2032 1572 2098 τήν
1608 2030 1812 2101 οὐσίαν,
1873 2027 1993 2084 οὔτε

349 2125 481 2194 ἡμῖν
541 2119 904 2193 ἀπεκάλυψεν,
966 2118 1088 2173 οὕτε
1139 2125 1254 2180 τοῖς
1309 2119 1414 2192 πρὸ
1462 2120 1645 2190 ἡμῶν.
1682 2118 1833 2194 Λέγει
1865 2120 1992 2194 γὰρ,

345 2212 523 2274 καθὼς
559 2210 901 2286 προείρηται·
938 2232 965 2259 ››
1021 2215 1227 2285 Ὢφθην
1280 2208 1415 2281 πρὸς
1465 2208 1555 2261 τὸν
1609 2202 1856 2281 Ἀϐραὰμ
1902 2208 1991 2261 καὶ

344 2302 522 2357 Ἰσαὰκ
547 2300 634 2353 καὶ
668 2292 862 2355 Ἰακώϐ
893 2296 1017 2359 τοὺς
1049 2296 1281 2371 πατέρας
1322 2296 1473 2368 ὑμῶν
1526 2296 1655 2357 Θεὸς
1686 2293 1758 2348 ὢν
1793 2295 1989 2365 αὐτῶν,

343 2390 432 2444 καὶ
463 2390 524 2443 τὸ
554 2388 731 2460 ὄνομα
766 2408 869 2459 μου
902 2385 1001 2440 οὐκ
1032 2384 1301 2459 ἐγνώρισα
1332 2383 1537 2445 αὐτοῖς.
1576 2408 1603 2434 ››

2113 618 2249 673 bilis
2281 619 2408 688 ipsa
2442 626 2579 674 ante
2610 622 2867 692 seipsam
2900 623 2955 675 in
3007 625 3228 679 semine
3279 627 3530 692 exsistit,
3580 630 3678 682 sed
3705 630 3763 684 in

2112 721 2179 759 ea
2210 711 2419 761 natura
2476 715 2801 777 permanet,
2862 726 3033 780 quam
3080 713 3285 767 sortita
3331 720 3439 777 est,
3471 718 3764 782 quomodo

2114 809 2225 846 non
2260 794 2492 864 genitus
2539 796 2634 850 ille
2687 803 2857 861 Deus,
2890 798 2986 865 qui
3035 815 3066 853 a
3098 800 3399 856 sortitione
3446 801 3595 857 liber
3651 808 3761 869 est,

2113 898 2270 935 nunc
2298 884 2533 952 quidem
2553 901 2716 937 suam
2733 886 3047 940 essentiam
3084 889 3466 958 posteriorem
3492 891 3761 946 intuetur

2112 969 2170 1024 in
2202 970 2419 1041 genito.
2446 988 2599 1026 nunc
2622 975 2872 1043 priorem
2907 974 2964 1027 in
3002 992 3111 1028 non
3140 978 3355 1045 genito,
3380 980 3582 1034 ordine
3612 997 3762 1050 quo-

2111 1059 2245 1112 dam
2271 1059 2480 1129 prioris
2499 1067 2552 1114 et
2574 1062 2941 1131 posterioris?
2964 1064 3205 1119 0r!h.Ex
3227 1066 3616 1122 invisibilibus
3638 1070 3762 1139 qui-

2111 1147 2243 1201 dem
2278 1148 2420 1201 nihil
2455 1154 2589 1203 ante
2622 1150 2884 1221 seipsum
2921 1152 2976 1205 in
3006 1153 3228 1207 semine
3261 1156 3623 1224 praeexsistit,
3656 1159 3756 1223 sed

2108 1234 2167 1288 in
2193 1236 2450 1306 potentia
2470 1236 2782 1301 Creatoris,
2808 1240 3130 1294 secundum
3153 1240 3379 1295 divinas
3402 1243 3755 1313 Scripturas,

2109 1339 2220 1377 non
2250 1324 2408 1379 entia
2440 1325 2594 1379 velut
2623 1326 2779 1381 entia
2811 1334 2950 1381 sunt
2984 1345 2995 1381 :
3031 1328 3209 1382 Filius
3240 1346 3371 1383 vero
3404 1331 3461 1384 in
3502 1334 3757 1387 essentia

2107 1411 2295 1467 Patris
2325 1414 2634 1479 exsistens,
2663 1419 2718 1468 et
2748 1419 2856 1484 est,
2907 1420 2961 1471 et
3008 1418 3137 1485 erit,
3190 1434 3289 1472 ceu
3326 1420 3602 1488 splendor
3630 1420 3754 1491 glo-

2107 1500 2202 1554 riae
2252 1505 2307 1555 et
2358 1501 2658 1556 character
2708 1503 3072 1574 hypotaseos,
3122 1506 3298 1559 simul
3354 1508 3756 1564 consideratus

2106 1605 2239 1643 cum
2273 1605 2360 1653 eo,
2394 1590 2493 1660 qui
2525 1591 2727 1661 genuit
2778 1591 2905 1645 sine
2954 1594 3226 1662 passione
3273 1600 3329 1647 et
3377 1601 3636 1666 tempore
3685 1597 3755 1651 ab

2105 1681 2341 1744 (sterno,
2374 1679 2741 1743 substantiis,
2798 1678 3139 1749 voluntatis,
3189 1687 3247 1736 et
3284 1682 3477 1753 glorias
3510 1683 3758 1739 invaria-

2108 1764 2239 1820 bilis
2272 1766 2487 1836 imago,
2522 1767 2681 1820 omni
2724 1767 3051 1822 aeternitate
3100 1769 3257 1838 prior
3294 1771 3567 1826 existens.
3609 1774 3757 1827 Deus

2104 1870 2235 1907 vero
2268 1871 2379 1908 non
2415 1855 2649 1925 genitus
2700 1855 2860 1909 novit
2908 1872 3075 1910 suam
3129 1858 3316 1927 ipsius
3357 1860 3752 1916 substantiam

2104 1957 2217 1995 non
2251 1942 2508 2013 genitam
2538 1947 2600 1997 ut
2622 1950 2677 1997 et
2705 1944 2993 1999 mendacii
3016 1951 3329 2015 expertem,
3351 1947 3751 2019 incorpoream

2104 2039 2159 2088 et
2181 2034 2569 2089 immortalem
2597 2053 2609 2090 :
2634 2052 2737 2091 nec
2768 2036 2922 2091 videt
2943 2054 3109 2091 suam
3134 2040 3320 2109 ipsius
3354 2042 3748 2097 substantiam

2106 2124 2276 2176 modo
2324 2140 2436 2177 non
2488 2124 2770 2193 genitam,
2828 2126 2997 2180 modo
3052 2128 3330 2197 genitam,
3383 2131 3481 2183 sed
3533 2131 3750 2201 ipsum,

2102 2213 2252 2279 quod
2282 2227 2409 2264 sese
2441 2227 2568 2265 esse
2615 2212 2791 2279 videt,
2822 2213 2974 2267 videt
3024 2214 3200 2268 etiam
3250 2232 3376 2270 esse
3435 2218 3751 2290 imaginem

2103 2299 2215 2353 sui.
2250 2300 2390 2365 Quis
2422 2306 2617 2354 autem
2665 2302 2741 2355 sit
2772 2303 2959 2371 quoad
2995 2303 3413 2374 substantiam,
3450 2324 3553 2360 nec
3586 2309 3754 2364 nobis

2106 2386 2393 2454 revelavit,
2430 2405 2533 2442 nec
2567 2388 2659 2451 iis,
2692 2390 2786 2459 qui
2822 2396 2957 2444 ante
2988 2406 3093 2445 nos
3122 2391 3376 2447 fuerunt.
3421 2395 3567 2449 Dicit
3597 2398 3752 2453 enim

344 2486 409 2536 ut
438 2480 661 2535 dictum
694 2483 783 2534 est
815 2495 827 2533 :
866 2499 893 2527 «
926 2476 1185 2547 Apparui
1244 2474 1560 2542 Abraham,
1593 2474 1753 2529 Isaac
1783 2478 1841 2529 et
1869 2474 2045 2530 Jacob
2086 2476 2350 2546 patribus
2400 2477 2630 2544 vestris,
2676 2482 2955 2548 tanquam
2992 2479 3136 2534 Deus
3178 2497 3399 2549 eorum,
3435 2488 3490 2538 et
3540 2502 3751 2541 nomen

344 2585 541 2625 meum
574 2584 691 2623 non
720 2565 964 2622 revelavi
996 2564 1080 2620 eis
1114 2564 1178 2617 ⁵⁷.
1216 2585 1243 2611 ι»

411 2676 500 2728 27.
532 2671 724 2744 Ἀνόμ.
760 2670 825 2727 Ei
882 2668 1120 2742 διαμένει
1171 2668 1222 2722 ἐν
1274 2667 1543 2741 ἀγεννήτῳ
1592 2666 1742 2744 Ῡύσει
1772 2667 1799 2721 ὁ
1831 2668 1985 2736 Θεὸς’
2016 2672 2060 2738 C

339 2764 401 2818 τὸ
432 2762 483 2816 ἐν
513 2763 717 2837 γενέσει
767 2760 856 2813 καὶ
914 2756 1197 2833 ἀγεννησίᾳ
1251 2757 1435 2810 ἑαυτὸν
1498 2753 1694 2809 εἰδέναι
1750 2756 1988 2832 ἀφαιρεί-

340 2854 469 2906 σθω.
505 2846 973 2924 Συγχωρούμενος
1006 2843 1063 2900 δὲ
1093 2846 1143 2899 ἐν
1177 2846 1452 2919 ἀγεννήτῳ
1496 2844 1583 2898 καὶ
1615 2865 1856 2918 γεννητῳ
1884 2846 1983 2913 τὴν

341 2941 531 2995 ἑαυτοῦ
570 2936 749 2991 οὐσίαν
801 2936 1137 3011 παρατείνειν
1182 2934 1359 2994 αὐτὸς.
1412 2936 1601 2988 ἑαυτοῦ
1661 2935 1839 3007 ἀγνοεῖ
1886 2935 1983 3002 τήν

338 3028 523 3083 οὐσίαν
565 3027 958 3100 περιαγόμενος
1010 3024 1112 3077 ὑπὸ
1170 3024 1429 3098 γενέσεως
1460 3022 1549 3075 καὶ
1587 3021 1887 3096 ἀγενεσίας,
1920 3021 1986 3075 Εἴ

334 3118 423 3173 καὶ
482 3118 543 3170 τὸ
602 3115 855 3190 γεννητὸν
910 3111 1205 3189 μετείληφε
1252 3111 1434 3173 οὐσίας
1494 3112 1807 3185 ἀγεννήτου,
1842 3110 1893 3164 ἐν
1928 3108 1985 3164 δὲ

333 3210 593 3281 γεννητοῦ
646 3204 799 3282 φύσει
858 3201 1232 3272 ἀτελευτήτως
1291 3198 1531 3272 διαμένει
1580 3198 1630 3252 ἐν
1663 3198 1698 3273 ᾖ
1736 3199 1828 3271 μὶν
1864 3197 1983 3253 δια-

332 3298 482 3351 τελεῖ
538 3294 712 3370 φύσει,
769 3293 1023 3366 γινώσκει
1084 3290 1292 3356 ἑαυτὸν,
1344 3289 1548 3365 ἀγνοῶν
1598 3283 1981 3357 δηλονὸτιτην

334 3384 623 3460 ἀγέννητον
687 3380 889 3438 οὐσίαν.
943 3379 1014 3433 Οὐ
1060 3381 1161 3453 γὰρ
1207 3378 1320 3432 οἷόν
1352 3399 1408 3431 τε
1446 3378 1603 3431 αὐτὸν
1636 3378 1759 3446 περὶ
1792 3378 1982 3430 ἑαυτοῦ

335 3476 423 3529 καὶ
485 3474 773 3548 ἀγεννήτου
822 3470 1001 3531 οὐσίας
1060 3473 1255 3542 γνῶσιν
1312 3463 1455 3542 ἔχειν
1490 3467 1577 3519 καὶ
1606 3472 1884 3541 γεννητῆς.
1922 3464 1981 3518 Ei

340 3562 396 3619 δὲ
426 3560 889 3639 εὐκαταφρόνητόν
924 3558 1031 3613 ἐστι
1061 3558 1123 3612 τὸ
1182 3555 1473 3629 ἀγέννητον
1534 3552 1621 3608 διὰ
1668 3548 1978 3625 μεταϐολῆς

339 3649 773 3722 ἐπιτηδειότητα,
835 3647 1046 3718 ἀξίωμα
1105 3646 1312 3724 φύσεώς
1360 3643 1499 3698 ἐστιν
1533 3646 1566 3713 ἡ
1601 3641 1752 3697 οὐσία
1782 3642 1979 3715 ἀμετά-

332 3736 560 3810 ϐλητος,
593 3743 690 3804 τῆς
749 3737 1038 3812 ἀγεννητου
1100 3732 1285 3794 οὐσίας
1341 3730 1753 3813 πάσηςιούσίας
1810 3730 1982 3806 κρείτ-

328 3851 487 3891 τονος
545 3824 1024 3901 ὁμολογουμένης.
1095 3824 1242 3895 Ὀρθ.
1309 3822 1365 3876 Εἰ
1412 3821 1500 3875 καὶ
1553 3818 1793 3892 διαμένει
1824 3819 1978 3893 ἀγεν-

329 3940 493 3988 νητος
554 3918 581 3971 ὁ
640 3916 791 3981 Θεὸς,
847 3911 974 3967 ἀλλ’
1028 3912 1126 3966 οὐκ
1180 3906 1319 3964 ἔστιν
1379 3910 1544 3964 αὐτοῦ
1595 3914 1755 3963 τοῦτο
1798 3909 1975 3986 φύσις.

1739 3997 1758 4029 2.

332 4006 489 4063 Ἀλλ’
521 4005 602 4060 ὅτι
638 4006 713 4077 μή
749 4004 974 4078 ἐγένετο,
1005 4005 1166 4055 τοῦτο
1198 3996 1456 4073 ἔγνωμεν·
1489 3998 1572 4060 τίς
1627 3995 1684 4052 δὲ.
1739 3997 1877 4051 ἐστιν
1938 3999 1972 4065 ἡ
2004 4035 2051 4099 D

336 4095 491 4157 ωὐσις
543 4094 727 4159 αὐτοῦ,
773 4088 1008 4145 οὐδέπω
1069 4088 1294 4162 καὶγὰρ
1324 4086 1412 4141 καὶ
1444 4086 1731 4159 ἀσώματος
1783 4083 1974 4156 διαμέ-

348 4159 357 4175 .
1207 4159 1215 4162 '
1268 4180 1292 4189 ’-
1560 4174 1572 4193 Ι
1729 4173 1741 4193 3
1834 4175 1844 4191 ν
1910 4172 1919 4189 ν

326 4206 428 4251 νει,
484 4183 573 4238 καὶ
630 4181 729 4235 οὐκ
785 4176 923 4234 ἔστιν
984 4176 1146 4231 αὐτοῦ
1201 4196 1362 4230 τουτο
1424 4178 1458 4244 ἡ
1508 4196 1685 4251 φυσις·
1718 4172 1826 4228 αλλ
1889 4174 1970 4227 ὁτι

337 4275 412 4346 μή
444 4272 559 4347 ἔχει
593 4275 750 4342 σῶμα
780 4265 1042 4344 ἔαρωμεν·
1069 4266 1157 4319 καὶ
1188 4262 1426 4337 ἀψευδὴς
1461 4261 1725 4335 διαμένει,
1755 4261 1843 4315 καὶ
1877 4261 1975 4315 οὐκ

332 4359 471 4417 ἔστιν
500 4346 666 4414 αὐτοῦ
696 4360 852 4413 eos—:0
885 4356 1058 4434 φύσιςο
1094 4353 1221 4409 ἀλλ’
1258 4352 1341 4408 ὅτι
1376 4353 1450 4426 μή
1480 4348 1753 4425 ψεύδεται,
1804 4346 1972 4424 ἔγνω-

334 4470 452 4524 μεν·
486 4449 567 4510 τίς
599 4447 655 4503 δέ
685 4447 794 4502 ἐστι
827 4447 924 4514 τὴν
972 4443 1150 4522 φύσιν,
1203 4442 1301 4496 οὐκ
1356 4439 1717 4512 ἀπεκάλυψεν·
1776 4438 1838 4493 Εἰ
1870 4439 1972 4514 γὰρ

329 4540 396 4594 τὰ
477 4538 846 4614 προειρημένα
932 4533 1040 4589 ἐστὶ
1117 4533 1294 4609 φύσις,
1384 4529 1640 4603 ἐψεύσατο
1714 4527 1970 4614 εἰρηκώς·

337 4652 365 4679 υ
396 4611 604 4704 Ὠφθην
636 4627 771 4700 πρὸς
828 4625 917 4678 τὸν
954 4617 1223 4694 Ἀϐραὰμ,
1281 4619 1370 4674 καὶ
1399 4619 1601 4681 Ἰσαὰκ,
1633 4617 1721 4671 καὶ
1757 4611 1973 4686 Ἰακὼϐ,

332 4700 486 4778 τοὺς⁷
518 4716 748 4790 πατέρας
805 4715 977 4785 ὑμῶν,
1047 4711 1175 4771 Θεὸς
1235 4707 1307 4763 ὢν
1354 4707 1553 4774 αὐτῶν,
1593 4706 1772 4760 καὶτὸ
1803 4700 1977 4779 ὄνομά

337 4828 442 4879 μου
470 4806 569 4859 οὐκ
598 4804 869 4877 ἐγνώρισα
917 4801 1122 4860 αὐτοῖς’
1154 4822 1181 4849 ››
1214 4797 1490 4875 φαίνονται
1522 4796 1621 4872 γὰρ
1666 4791 1863 4856 εἶδότες
1914 4795 1979 4848 τὰ

333 4894 727 4970 προειρημένα.
764 4889 916 4947 Ἀλλ’
949 4884 1186 4962 ἀψευδής
1247 4886 1377 4954 ἐστι,
1436 4886 1524 4940 καὶ
1585 4886 1647 4939 οὐ
1706 4881 1975 4958 ψειῦδεταιθ

332 4984 432 5037 οὑκ
462 4984 562 5055 ἄρα
595 4977 906 5051 ἀπεκάλυψε
946 4978 1009 5030 τὸ
1059 4975 1231 5045 ὄνομα
1267 4981 1365 5042 τῆς
1397 4973 1558 5027 αὐτοῦ
1585 4972 1814 5049 φύσεως.
1850 4977 1978 5033 Πῶς

334 5070 425 5126 οὖν
456 5070 632 5145 λὲγεις
688 5068 753 5122 τὸ
809 5065 1125 5141 ἀγὲννητονς
1179 5062 1238 5118 Ei
1272 5060 1329 5117 δὲ
1354 5062 1416 5116 τὸ
1448 5058 1620 5135 ὄνομα
1652 5061 1749 5115 οὐκ
1778 5060 1979 5115 ἀπεκά-

336 5160 492 5234 λνψε,
524 5156 724 5228 πολλῷ
751 5155 917 5210 πλέον
944 5155 1042 5223 τήν
1076 5152 1251 5229 φύσιν.

2169 2670 2256 2723 27.
2279 2672 2465 2726 Anam.
2490 2672 2546 2727 Si
2571 2672 2723 2727 Deus
2748 2679 3050 2745 permanet
3072 2674 3127 2729 in
3157 2680 3362 2731 natura
3391 2695 3502 2732 non
3529 2680 3747 2749 genita,

2098 2759 2395 2813 auferatur
2426 2763 2495 2814 ab
2528 2777 2592 2815 eo
2624 2762 2777 2833 quod
2825 2778 2885 2816 se
2914 2766 3116 2817 noscat
3152 2766 3474 2819 secundum
3509 2782 3748 2835 genera-

2096 2848 2311 2903 tionem
2372 2849 2455 2904 vel
2509 2850 2902 2919 generationis
2945 2850 3361 2907 exclusionem.
3399 2854 3504 2907 Ubi
3552 2860 3745 2911 autem

2097 2953 2440 2991 concessum
2476 2937 2666 3000 fuerit,
2701 2954 2836 2993 eum
2886 2939 2977 2993 sui
3017 2940 3205 3010 ipsius
3238 2942 3627 2997 substantiam
3686 2944 3747 3000 in

2096 3043 2211 3080 non
2246 3026 2439 3096 genito
2471 3032 2526 3081 et
2552 3026 2609 3080 in
2643 3026 2837 3097 genito
2868 3028 3198 3094 extendere,
3233 3028 3355 3100 ipse
3379 3047 3547 3085 suam
3585 3032 3746 3103 igno-

2097 3120 2184 3168 rat
2222 3114 2635 3181 substantiam,
2671 3115 3061 3170 circumactus
3119 3133 3152 3170 a
3199 3120 3570 3189 generatione
3620 3126 3674 3174 et
3714 3137 3746 3175 a

2095 3203 2485 3273 generationis
2530 3202 2882 3258 exclusione.
2934 3204 3092 3268 Quod
3140 3204 3188 3259 si
3233 3207 3410 3261 etiam
3464 3207 3545 3272 id,
3592 3210 3743 3278 quod

2092 3292 2354 3363 genitum
2378 3295 2606 3358 estmon
2621 3291 3186 3361 genitaesubstantiaa
3213 3295 3501 3364 particeps
3526 3295 3742 3351 factum

2092 3380 2265 3441 est,in
2300 3384 2509 3433 natura
2548 3384 2743 3434 autem
2778 3380 2955 3451 geniti
2992 3381 3389 3436 indesinenter
3422 3390 3740 3454 permanet,

2093 3469 2149 3523 in
2186 3485 2300 3539 qua
2331 3467 2715 3523 constitutum
2764 3473 2871 3533 est,
2915 3469 3282 3537 naturaliter,
3319 3473 3576 3540 seipsum
3611 3490 3741 3530 esse

2092 3557 2407 3628 cognoscit,
2432 3556 2710 3628 ignorans
2737 3557 3005 3612 videlicet
3032 3575 3145 3612 non
3176 3560 3425 3628 genitam
3461 3562 3741 3617 substan~

2090 3645 2250 3699 tiam.
2302 3644 2498 3715 Neque
2539 3644 2694 3699 enim
2750 3644 2868 3698 ﬁeri
2918 3650 3106 3715 potest
3155 3650 3218 3701 ut
3261 3648 3411 3701 idem
3465 3650 3573 3703 sibi
3623 3667 3737 3705 non

2091 3733 2294 3805 genita:
2326 3733 2503 3788 simul
2536 3739 2591 3787 et
2621 3732 2828 3803 genitae
2860 3734 3202 3788 substantias
3229 3737 3525 3790 conscium
3563 3738 3655 3793 sit.
3678 3739 3736 3793 Si

2090 3820 2463 3892 despicabilis
2495 3825 2583 3875 est
2617 3837 2706 3875 res
2740 3838 2851 3876 non
2886 3822 3081 3893 genita
3112 3828 3348 3893 propter
3396 3826 3736 3895 propensio-

2089 3927 2219 3965 nem
2272 3910 2341 3963 ad
2392 3908 2771 3963 mutationem
2836 3925 2847 3963 :
2902 3915 3121 3963 naturis
3186 3910 3439 3981 dignitas
3483 3914 3589 3965 erit
3638 3913 3739 3968 illa

2089 3998 2421 4053 substantia
2453 3996 2865 4061 immutabilis,
2904 4013 3036 4051 cum
3088 3998 3146 4050 in
3193 4004 3457 4053 confesso
3490 4001 3585 4070 sit,
3619 4018 3731 4056 non

2086 4087 2339 4156 genitam
2374 4084 2760 4139 substantiam
2803 4087 2960 4139 omni
3008 4086 3339 4140 substantia
3368 4092 3733 4158 praestantio-

2084 4191 2202 4228 rem
2238 4189 2386 4228 esse.
2422 4173 2573 4228 Orth.
2609 4173 2677 4226 Et
2707 4172 2754 4227 si
2788 4172 2942 4228 Deus
2992 4190 3291 4244 permanet
3323 4192 3435 4230 non
3478 4179 3736 4247 genitus,

2082 4263 2234 4317 439
2257 4263 2354 4316 sed
2381 4261 2489 4316 hoc
2512 4278 2624 4315 non
2656 4267 2746 4315 est
2775 4263 2902 4332 ejus
2936 4267 3164 4318 natura.
3188 4263 3465 4320 Novimus
3499 4266 3731 4333 quidem

2083 4368 2195 4406 non
2230 4366 2359 4405 esse
2388 4350 2645 4421 genitum
2684 4366 2696 4403 :
2731 4355 2790 4403 at
2816 4367 2943 4420 quae
2974 4351 3051 4405 sit
3080 4352 3207 4421 ejus
3238 4355 3735 4418 natura,nondum

2085 4439 2353 4495 novimus
2398 4456 2409 4494 :
2458 4454 2593 4492 nam
2625 4438 2797 4493 etiam
2852 4441 3228 4510 incorporeus
3277 4449 3597 4512 permanet,
3630 4458 3736 4499 nec

2082 4534 2277 4583 tamen
2312 4528 2432 4582 haec
2462 4527 2589 4597 ejus
2625 4533 2832 4581 natura
2861 4532 2950 4582 est
2985 4546 2997 4582 :
3028 4528 3125 4582 sed
3170 4529 3222 4582 id
3259 4530 3547 4598 novimus,
3582 4532 3733 4601 quod

2085 4634 2296 4689 corpus
2332 4633 2443 4671 non
2472 4615 2724 4682 habeat;
2757 4616 2840 4670 sic
2870 4622 2929 4670 et
2960 4617 3243 4671 mendacii
3274 4634 3476 4689 expers
3508 4636 3737 4691 perma-

2088 4711 2204 4774 net,
2240 4722 2343 4759 nec
2374 4704 2483 4758 hoc
2515 4705 2708 4775 ipsum
2758 4709 2846 4758 est
2878 4706 3006 4774 ejus
3042 4710 3253 4760 natura
3288 4724 3299 4761 :
3347 4708 3615 4763 novimus
3648 4715 3737 4764 ta-

2089 4812 2218 4850 men
2253 4794 2406 4865 quod
2441 4809 2555 4847 non
2588 4792 2905 4847 mentiatur
2954 4811 2965 4848 :
3020 4793 3153 4863 quis
3201 4796 3354 4849 enim
3407 4797 3483 4850 sit
3530 4814 3737 4852 secun-

2089 4885 2229 4938 dum
2259 4889 2556 4947 naturam,
2588 4898 2703 4935 non
2735 4881 3029 4936 revelavit.
3055 4882 3113 4937 Si
3137 4883 3289 4937 enim
3319 4900 3403 4953 ea,
3423 4886 3491 4939 de
3522 4887 3737 4955 quibus

2090 4974 2261 5028 modo
2293 4972 2513 5026 dictum
2549 4975 2658 5034 est,
2692 4978 2829 5024 sunt
2860 4972 2985 5041 ipsa
3017 4976 3245 5036 natura,
3288 4990 3425 5027 sane
3456 4975 3738 5032 mentitus

2091 5066 2179 5117 est
2208 5076 2342 5115 cum
2393 5060 2585 5113 dixit:
2630 5078 2651 5105 α
2702 5060 2959 5130 Apparui
3005 5060 3319 5128 Abraham,
3352 5062 3511 5117 Isaac
3554 5070 3611 5118 et
3640 5064 3738 5119 Ja-

2093 5150 2198 5205 cob
2231 5147 2497 5220 patribus
2528 5147 2762 5217 vestris,
2794 5152 3075 5218 tanquam
3109 5153 3258 5203 Deus
3290 5166 3513 5216 eorum,
3548 5157 3604 5207 et
3636 5170 3738 5207 no-

332 5268 468 5307 men
502 5266 697 5305 meum
731 5264 844 5302 non
879 5243 1124 5301 revelavi
1154 5244 1238 5298 eis
1272 5258 1284 5296 :
1322 5265 1344 5295 ι
1382 5240 1654 5295 videntur
1682 5239 1839 5294 enim
1874 5240 1913 5293 ii
1945 5238 2187 5295 scivisse
2230 5254 2297 5292 ea
2344 5254 2470 5308 quae
2516 5241 2650 5291 ante
2697 5236 2852 5290 dicta
2890 5241 3049 5292 sunt.
3080 5238 3185 5292 Sed
3223 5242 3505 5294 mendacii
3539 5257 3743 5312 expers

334 5345 445 5409 est,
479 5354 585 5394 nec
617 5336 850 5392 mentiri
885 5338 1077 5408 potest
1109 5349 1123 5389 :
1156 5348 1271 5387 non
1294 5328 1476 5403 igitur
1506 5345 1624 5384 suae
1656 5328 1844 5400 ipsius
1877 5332 2097 5384 natura:
2131 5341 2341 5381 nomen
2373 5322 2665 5379 revelavit.
2696 5326 2996 5390 Quomodo
3038 5341 3175 5397 ergo
3208 5335 3266 5382 lu
3315 5328 3463 5383 dicis
3495 5345 3609 5383 non
3640 5344 3741 5400 ge-

338 5426 577 5484 nitum?
607 5426 667 5483 Si
697 5428 892 5482 autem
923 5437 1137 5479 nomen
1166 5435 1343 5477 suum
1375 5435 1489 5474 non
1520 5416 1808 5487 revelavit,
1843 5414 2031 5473 multo
2062 5415 2254 5487 magis
2284 5418 2554 5469 naturam
2588 5429 2703 5468 non
2735 5411 3024 5468 revelavit.

407 5714 451 5751 ιτ
483 5710 662 5770 Exod.
693 5724 774 5781 γι,
801 5708 859 5781 2,
888 5708 943 5767 3;

4082 3080 4087 3250 ι
