  <div class='ocr_page' id='page_1' title='image "/cluster/home/n/w/nwhite01/storage/ocr_20150623/28/hvd.32044052794351/605.png"; bbox 0 0 4092 6218; ppageno 0'>
   <div class='ocr_carea' id='block_1_1' title="bbox 332 385 488 445">
    <p class='ocr_par' dir='ltr' id='par_1_1' title="bbox 332 385 488 445">
     <span class='ocr_line' id='line_1_1' title="bbox 332 385 488 445; baseline 0.006 -1"><span class='ocrx_word' id='word_1_1' title='bbox 332 385 488 445; x_wconf 79' lang='grc'>1199</span> 
     </span>
    </p>
   </div>
   <div class='ocr_carea' id='block_1_2' title="bbox 1485 354 2571 427">
    <p class='ocr_par' dir='ltr' id='par_1_2' title="bbox 1485 354 2571 427">
     <span class='ocr_line' id='line_1_2' title="bbox 1485 354 2571 427; baseline -0.01 0"><span class='ocrx_word' id='word_1_2' title='bbox 1485 365 1551 427; x_wconf 93' lang='lat' dir='ltr'>S.</span> <span class='ocrx_word' id='word_1_3' title='bbox 1599 357 2124 426; x_wconf 82' lang='lat' dir='ltr'>ATHANASIUS.</span> <span class='ocrx_word' id='word_1_4' title='bbox 2150 392 2227 403; x_wconf 92' lang='lat'>—-</span> <span class='ocrx_word' id='word_1_5' title='bbox 2260 354 2571 420; x_wconf 80' lang='lat' dir='ltr'>SPURIA.</span> 
     </span>
    </p>
   </div>
   <div class='ocr_carea' id='block_1_3' title="bbox 3586 347 3751 408">
    <p class='ocr_par' dir='ltr' id='par_1_3' title="bbox 3586 347 3751 408">
     <span class='ocr_line' id='line_1_3' title="bbox 3586 347 3751 408; baseline 0 -1"><span class='ocrx_word' id='word_1_6' title='bbox 3586 347 3751 408; x_wconf 65' lang='grc' dir='ltr'>ιε)οο</span> 
     </span>
    </p>
   </div>
   <div class='ocr_carea' id='block_1_4' title="bbox 402 479 2000 577">
    <p class='ocr_par' dir='ltr' id='par_1_4' title="bbox 402 499 1975 577">
     <span class='ocr_line' id='line_1_4' title="bbox 402 499 1975 577; baseline -0.015 -7"><span class='ocrx_word' id='word_1_7' title='bbox 402 519 489 571; x_wconf 82' lang='lat'>28.</span> <span class='ocrx_word' id='word_1_8' title='bbox 527 517 713 568; x_wconf 83' lang='lat' dir='ltr'>Anom.</span> <span class='ocrx_word' id='word_1_9' title='bbox 746 509 805 563; x_wconf 91' lang='lat' dir='ltr'>Si</span> <span class='ocrx_word' id='word_1_10' title='bbox 838 523 951 562; x_wconf 92' lang='lat' dir='ltr'>non</span> <span class='ocrx_word' id='word_1_11' title='bbox 979 504 1241 577; x_wconf 89' lang='lat' dir='ltr'>genitum</span> <span class='ocrx_word' id='word_1_12' title='bbox 1274 502 1347 556; x_wconf 90' lang='lat' dir='ltr'>ab</span> <span class='ocrx_word' id='word_1_13' title='bbox 1377 499 1534 555; x_wconf 92' lang='lat' dir='ltr'>omni</span> <span class='ocrx_word' id='word_1_14' title='bbox 1579 514 1754 552; x_wconf 89' lang='lat' dir='ltr'>causa</span> <span class='ocrx_word' id='word_1_15' title='bbox 1787 510 1975 549; x_wconf 76' lang='lat' dir='ltr'>excin-</span> 
     </span>
    </p>
   </div>
   <div class='ocr_carea' id='block_1_5' title="bbox 2112 479 3743 577">
    <p class='ocr_par' dir='ltr' id='par_1_5' title="bbox 2160 479 3743 577">
     <span class='ocr_line' id='line_1_5' title="bbox 2160 479 3743 577; baseline -0.007 -35"><span class='ocrx_word' id='word_1_16' title='bbox 2160 491 2248 577; x_wconf 79' lang='lat'>28.</span> <span class='ocrx_word' id='word_1_17' title='bbox 2285 488 2472 577; x_wconf 77' lang='grc' dir='ltr'>Ἀνόμ.</span> <span class='ocrx_word' id='word_1_18' title='bbox 2508 487 2571 544; x_wconf 76' lang='grc' dir='ltr'>Εἰ</span> <span class='ocrx_word' id='word_1_19' title='bbox 2600 488 2662 541; x_wconf 88' lang='grc' dir='ltr'>τὸ</span> <span class='ocrx_word' id='word_1_20' title='bbox 2712 486 2996 561; x_wconf 72' lang='grc' dir='ltr'>ἀγέννητον</span> <span class='ocrx_word' id='word_1_21' title='bbox 3019 484 3199 553; x_wconf 81' lang='grc' dir='ltr'>πάσης</span> <span class='ocrx_word' id='word_1_22' title='bbox 3234 481 3407 544; x_wconf 77' lang='grc' dir='ltr'>αἰτίας</span> <span class='ocrx_word' id='word_1_23' title='bbox 3456 479 3743 554; x_wconf 69' lang='grc' dir='ltr'>ἐξῄρηται,</span> 
     </span>
    </p>
   </div>
   <div class='ocr_carea' id='block_1_6' title="bbox 337 587 1977 677">
    <p class='ocr_par' dir='ltr' id='par_1_6' title="bbox 337 587 1977 677">
     <span class='ocr_line' id='line_1_6' title="bbox 337 587 1977 677; baseline -0.015 -17"><span class='ocrx_word' id='word_1_24' title='bbox 337 613 499 677; x_wconf 88' lang='lat' dir='ltr'>ptum</span> <span class='ocrx_word' id='word_1_25' title='bbox 528 598 859 669; x_wconf 72' lang='lat' dir='ltr'>est,fuerint</span> <span class='ocrx_word' id='word_1_26' title='bbox 890 600 1082 677; x_wconf 80' lang='lat' dir='ltr'>autem</span> <span class='ocrx_word' id='word_1_27' title='bbox 1118 591 1302 646; x_wconf 86' lang='lat' dir='ltr'>multa</span> <span class='ocrx_word' id='word_1_28' title='bbox 1332 605 1446 643; x_wconf 92' lang='lat' dir='ltr'>non</span> <span class='ocrx_word' id='word_1_29' title='bbox 1480 587 1977 659; x_wconf 88' lang='lat' dir='ltr'>genita,naturam</span> 
     </span>
    </p>
   </div>
   <div class='ocr_carea' id='block_1_7' title="bbox 335 674 1981 750">
    <p class='ocr_par' dir='ltr' id='par_1_7' title="bbox 335 674 1981 750">
     <span class='ocr_line' id='line_1_7' title="bbox 335 674 1981 750; baseline -0.016 0"><span class='ocrx_word' id='word_1_30' title='bbox 335 711 474 750; x_wconf 82' lang='lat' dir='ltr'>sane</span> <span class='ocrx_word' id='word_1_31' title='bbox 508 690 807 745; x_wconf 90' lang='lat' dir='ltr'>habebunt</span> <span class='ocrx_word' id='word_1_32' title='bbox 836 688 892 738; x_wconf 87' lang='lat' dir='ltr'>in</span> <span class='ocrx_word' id='word_1_33' title='bbox 929 674 1089 737; x_wconf 83' lang='lat' dir='ltr'>nullo</span> <span class='ocrx_word' id='word_1_34' title='bbox 1122 679 1471 735; x_wconf 91' lang='lat' dir='ltr'>dissimilem</span> <span class='ocrx_word' id='word_1_35' title='bbox 1502 695 1514 743; x_wconf 88' lang='lat'><strong>;</strong></span> <span class='ocrx_word' id='word_1_36' title='bbox 1550 692 1664 730; x_wconf 87' lang='lat' dir='ltr'>non</span> <span class='ocrx_word' id='word_1_37' title='bbox 1696 674 1853 728; x_wconf 89' lang='lat' dir='ltr'>enim</span> <span class='ocrx_word' id='word_1_38' title='bbox 1886 686 1981 724; x_wconf 90' lang='lat' dir='ltr'>na-</span> 
     </span>
    </p>
   </div>
   <div class='ocr_carea' id='block_1_8' title="bbox 336 757 1981 849">
    <p class='ocr_par' dir='ltr' id='par_1_8' title="bbox 336 757 1981 849">
     <span class='ocr_line' id='line_1_8' title="bbox 336 757 1981 849; baseline -0.016 -11"><span class='ocrx_word' id='word_1_39' title='bbox 336 790 476 838; x_wconf 67' lang='lat' dir='ltr'>tura:</span> <span class='ocrx_word' id='word_1_40' title='bbox 508 778 817 849; x_wconf 72' lang='lat' dir='ltr'>cujusdam</span> <span class='ocrx_word' id='word_1_41' title='bbox 850 770 1181 829; x_wconf 79' lang='lat' dir='ltr'>communis</span> <span class='ocrx_word' id='word_1_42' title='bbox 1220 773 1277 823; x_wconf 87' lang='lat' dir='ltr'>et</span> <span class='ocrx_word' id='word_1_43' title='bbox 1325 764 1571 838; x_wconf 64' lang='lat' dir='ltr'>propria:</span> <span class='ocrx_word' id='word_1_44' title='bbox 1618 757 1981 835; x_wconf 83' lang='lat' dir='ltr'>participatio</span> 
     </span>
    </p>
   </div>
   <div class='ocr_carea' id='block_1_9' title="bbox 342 851 1984 935">
    <p class='ocr_par' dir='ltr' id='par_1_9' title="bbox 342 851 1984 935">
     <span class='ocr_line' id='line_1_9' title="bbox 342 851 1984 935; baseline -0.016 -8"><span class='ocrx_word' id='word_1_45' title='bbox 342 874 491 927; x_wconf 82' lang='lat' dir='ltr'>facta</span> <span class='ocrx_word' id='word_1_46' title='bbox 516 874 624 935; x_wconf 89' lang='lat' dir='ltr'>est,</span> <span class='ocrx_word' id='word_1_47' title='bbox 658 868 740 920; x_wconf 89' lang='lat' dir='ltr'>ita</span> <span class='ocrx_word' id='word_1_48' title='bbox 788 870 852 918; x_wconf 91' lang='lat' dir='ltr'>ut</span> <span class='ocrx_word' id='word_1_49' title='bbox 908 861 1092 916; x_wconf 90' lang='lat' dir='ltr'>altera</span> <span class='ocrx_word' id='word_1_50' title='bbox 1123 857 1359 928; x_wconf 87' lang='lat' dir='ltr'>quidem</span> <span class='ocrx_word' id='word_1_51' title='bbox 1403 852 1576 909; x_wconf 80' lang='lat' dir='ltr'>faciat</span> <span class='ocrx_word' id='word_1_52' title='bbox 1624 851 1803 907; x_wconf 85' lang='lat' dir='ltr'>altera</span> <span class='ocrx_word' id='word_1_53' title='bbox 1850 863 1984 903; x_wconf 89' lang='lat' dir='ltr'>vero</span> 
     </span>
    </p>
   </div>
   <div class='ocr_carea' id='block_1_10' title="bbox 338 938 1985 1016">
    <p class='ocr_par' dir='ltr' id='par_1_10' title="bbox 338 938 1985 1016">
     <span class='ocr_line' id='line_1_10' title="bbox 338 938 1985 1016; baseline -0.016 0"><span class='ocrx_word' id='word_1_54' title='bbox 338 962 458 1016; x_wconf 83' lang='lat' dir='ltr'>ﬁat.</span> <span class='ocrx_word' id='word_1_55' title='bbox 518 956 682 1014; x_wconf 85' lang='lat' dir='ltr'>Orth.</span> <span class='ocrx_word' id='word_1_56' title='bbox 734 948 1088 1008; x_wconf 89' lang='lat' dir='ltr'>Universalis</span> <span class='ocrx_word' id='word_1_57' title='bbox 1144 946 1243 1000; x_wconf 90' lang='lat' dir='ltr'>illa</span> <span class='ocrx_word' id='word_1_58' title='bbox 1292 942 1613 1015; x_wconf 72' lang='lat' dir='ltr'>propositio</span> <span class='ocrx_word' id='word_1_59' title='bbox 1660 938 1985 995; x_wconf 81' lang='lat' dir='ltr'>secundum</span> 
     </span>
    </p>
   </div>
   <div class='ocr_carea' id='block_1_11' title="bbox 342 1028 1985 1122">
    <p class='ocr_par' dir='ltr' id='par_1_11' title="bbox 342 1028 1985 1122">
     <span class='ocr_line' id='line_1_11' title="bbox 342 1028 1985 1122; baseline -0.017 -16"><span class='ocrx_word' id='word_1_60' title='bbox 342 1050 480 1122; x_wconf 89' lang='lat' dir='ltr'>quid</span> <span class='ocrx_word' id='word_1_61' title='bbox 516 1047 661 1102; x_wconf 87' lang='lat' dir='ltr'>falsa</span> <span class='ocrx_word' id='word_1_62' title='bbox 698 1049 826 1109; x_wconf 89' lang='lat' dir='ltr'>est;</span> <span class='ocrx_word' id='word_1_63' title='bbox 877 1056 991 1095; x_wconf 90' lang='lat' dir='ltr'>non</span> <span class='ocrx_word' id='word_1_64' title='bbox 1044 1036 1199 1091; x_wconf 88' lang='lat' dir='ltr'>enim</span> <span class='ocrx_word' id='word_1_65' title='bbox 1247 1049 1420 1088; x_wconf 92' lang='lat' dir='ltr'>omne</span> <span class='ocrx_word' id='word_1_66' title='bbox 1472 1047 1586 1086; x_wconf 91' lang='lat' dir='ltr'>non</span> <span class='ocrx_word' id='word_1_67' title='bbox 1635 1028 1919 1100; x_wconf 88' lang='lat' dir='ltr'>genitum,</span> <span class='ocrx_word' id='word_1_68' title='bbox 1952 1042 1985 1080; x_wconf 94' lang='grc' dir='ltr'>ο</span> 
     </span>
    </p>
   </div>
   <div class='ocr_carea' id='block_1_12' title="bbox 342 1116 1984 1205">
    <p class='ocr_par' dir='ltr' id='par_1_12' title="bbox 342 1116 1984 1205">
     <span class='ocr_line' id='line_1_12' title="bbox 342 1116 1984 1205; baseline -0.017 -10"><span class='ocrx_word' id='word_1_69' title='bbox 342 1139 486 1205; x_wconf 90' lang='lat' dir='ltr'>Aeti,</span> <span class='ocrx_word' id='word_1_70' title='bbox 522 1138 593 1191; x_wconf 90' lang='lat' dir='ltr'>ab</span> <span class='ocrx_word' id='word_1_71' title='bbox 624 1132 784 1190; x_wconf 89' lang='lat' dir='ltr'>omni</span> <span class='ocrx_word' id='word_1_72' title='bbox 816 1145 994 1184; x_wconf 86' lang='lat' dir='ltr'>causa</span> <span class='ocrx_word' id='word_1_73' title='bbox 1039 1128 1370 1195; x_wconf 82' lang='lat' dir='ltr'>exemptum</span> <span class='ocrx_word' id='word_1_74' title='bbox 1407 1125 1513 1175; x_wconf 90' lang='lat' dir='ltr'>est.</span> <span class='ocrx_word' id='word_1_75' title='bbox 1571 1118 1693 1172; x_wconf 87' lang='lat' dir='ltr'>Non</span> <span class='ocrx_word' id='word_1_76' title='bbox 1724 1116 1984 1188; x_wconf 87' lang='lat' dir='ltr'>genitum</span> 
     </span>
    </p>
   </div>
   <div class='ocr_carea' id='block_1_13' title="bbox 345 1210 1991 1291">
    <p class='ocr_par' dir='ltr' id='par_1_13' title="bbox 345 1210 1991 1291">
     <span class='ocr_line' id='line_1_13' title="bbox 345 1210 1991 1291; baseline -0.016 -8"><span class='ocrx_word' id='word_1_77' title='bbox 345 1229 499 1285; x_wconf 87' lang='lat' dir='ltr'>enim</span> <span class='ocrx_word' id='word_1_78' title='bbox 532 1229 641 1289; x_wconf 89' lang='lat' dir='ltr'>est,</span> <span class='ocrx_word' id='word_1_79' title='bbox 689 1220 844 1291; x_wconf 90' lang='lat' dir='ltr'>quod</span> <span class='ocrx_word' id='word_1_80' title='bbox 894 1218 1189 1272; x_wconf 84' lang='lat' dir='ltr'>auctorem</span> <span class='ocrx_word' id='word_1_81' title='bbox 1240 1226 1357 1266; x_wconf 89' lang='lat' dir='ltr'>non</span> <span class='ocrx_word' id='word_1_82' title='bbox 1392 1210 1611 1274; x_wconf 86' lang='lat' dir='ltr'>habet;</span> <span class='ocrx_word' id='word_1_83' title='bbox 1671 1222 1788 1260; x_wconf 89' lang='lat' dir='ltr'>non</span> <span class='ocrx_word' id='word_1_84' title='bbox 1819 1218 1991 1258; x_wconf 88' lang='lat' dir='ltr'>omne</span> 
     </span>
    </p>
   </div>
   <div class='ocr_carea' id='block_1_14' title="bbox 346 1295 1992 1382">
    <p class='ocr_par' dir='ltr' id='par_1_14' title="bbox 346 1295 1992 1382">
     <span class='ocr_line' id='line_1_14' title="bbox 346 1295 1992 1382; baseline -0.017 -10"><span class='ocrx_word' id='word_1_85' title='bbox 346 1322 540 1372; x_wconf 85' lang='lat' dir='ltr'>autem</span> <span class='ocrx_word' id='word_1_86' title='bbox 574 1311 728 1382; x_wconf 89' lang='lat' dir='ltr'>quod</span> <span class='ocrx_word' id='word_1_87' title='bbox 760 1311 994 1363; x_wconf 87' lang='lat' dir='ltr'>auctore</span> <span class='ocrx_word' id='word_1_88' title='bbox 1040 1311 1193 1358; x_wconf 90' lang='lat' dir='ltr'>caret</span> <span class='ocrx_word' id='word_1_89' title='bbox 1241 1302 1311 1354; x_wconf 90' lang='lat' dir='ltr'>ab</span> <span class='ocrx_word' id='word_1_90' title='bbox 1343 1297 1501 1354; x_wconf 91' lang='lat' dir='ltr'>omni</span> <span class='ocrx_word' id='word_1_91' title='bbox 1534 1295 1809 1351; x_wconf 79' lang='lat' dir='ltr'>eximitur</span> <span class='ocrx_word' id='word_1_92' title='bbox 1853 1308 1992 1347; x_wconf 88' lang='lat' dir='ltr'>cau-</span> 
     </span>
    </p>
   </div>
   <div class='ocr_carea' id='block_1_15' title="bbox 349 1384 1993 1473">
    <p class='ocr_par' dir='ltr' id='par_1_15' title="bbox 349 1384 1993 1473">
     <span class='ocr_line' id='line_1_15' title="bbox 349 1384 1993 1473; baseline -0.016 -12"><span class='ocrx_word' id='word_1_93' title='bbox 349 1424 414 1460; x_wconf 90' lang='lat' dir='ltr'>sa</span> <span class='ocrx_word' id='word_1_94' title='bbox 446 1421 458 1459; x_wconf 89' lang='lat'>:</span> <span class='ocrx_word' id='word_1_95' title='bbox 493 1405 680 1473; x_wconf 83' lang='lat' dir='ltr'>potest</span> <span class='ocrx_word' id='word_1_96' title='bbox 709 1410 963 1466; x_wconf 81' lang='lat' dir='ltr'>namque</span> <span class='ocrx_word' id='word_1_97' title='bbox 994 1390 1215 1462; x_wconf 89' lang='lat' dir='ltr'>aliquid</span> <span class='ocrx_word' id='word_1_98' title='bbox 1264 1392 1560 1444; x_wconf 85' lang='lat' dir='ltr'>auctorem</span> <span class='ocrx_word' id='word_1_99' title='bbox 1608 1384 1844 1456; x_wconf 89' lang='lat' dir='ltr'>quidem</span> <span class='ocrx_word' id='word_1_100' title='bbox 1878 1397 1993 1436; x_wconf 90' lang='lat' dir='ltr'>non</span> 
     </span>
    </p>
   </div>
   <div class='ocr_carea' id='block_1_16' title="bbox 351 1468 1994 1555">
    <p class='ocr_par' dir='ltr' id='par_1_16' title="bbox 351 1468 1994 1555">
     <span class='ocr_line' id='line_1_16' title="bbox 351 1468 1994 1555; baseline -0.016 -7"><span class='ocrx_word' id='word_1_101' title='bbox 351 1494 582 1555; x_wconf 89' lang='lat' dir='ltr'>habere,</span> <span class='ocrx_word' id='word_1_102' title='bbox 608 1503 845 1543; x_wconf 81' lang='lat' dir='ltr'>causam</span> <span class='ocrx_word' id='word_1_103' title='bbox 878 1487 1070 1539; x_wconf 88' lang='lat' dir='ltr'>autem</span> <span class='ocrx_word' id='word_1_104' title='bbox 1101 1480 1583 1548; x_wconf 86' lang='lat' dir='ltr'>habere,‘patrem</span> <span class='ocrx_word' id='word_1_105' title='bbox 1616 1472 1881 1527; x_wconf 87' lang='lat' dir='ltr'>videlicet</span> <span class='ocrx_word' id='word_1_106' title='bbox 1906 1468 1994 1522; x_wconf 90' lang='lat' dir='ltr'>vel</span> 
     </span>
    </p>
   </div>
   <div class='ocr_carea' id='block_1_17' title="bbox 352 1558 1997 1638">
    <p class='ocr_par' dir='ltr' id='par_1_17' title="bbox 352 1558 1997 1638">
     <span class='ocr_line' id='line_1_17' title="bbox 352 1558 1997 1638; baseline -0.016 -1"><span class='ocrx_word' id='word_1_107' title='bbox 352 1579 946 1638; x_wconf 77' lang='lat' dir='ltr'>subministratorem.</span> <span class='ocrx_word' id='word_1_108' title='bbox 992 1570 1212 1626; x_wconf 88' lang='lat' dir='ltr'>Idcirco</span> <span class='ocrx_word' id='word_1_109' title='bbox 1244 1565 1471 1621; x_wconf 89' lang='lat' dir='ltr'>etiamsi</span> <span class='ocrx_word' id='word_1_110' title='bbox 1505 1562 1861 1618; x_wconf 87' lang='lat' dir='ltr'>concedatur</span> <span class='ocrx_word' id='word_1_111' title='bbox 1890 1558 1997 1613; x_wconf 88' lang='lat' dir='ltr'>tibi</span> 
     </span>
    </p>
   </div>
   <div class='ocr_carea' id='block_1_18' title="bbox 353 1650 1995 1738">
    <p class='ocr_par' dir='ltr' id='par_1_18' title="bbox 353 1650 1995 1738">
     <span class='ocr_line' id='line_1_18' title="bbox 353 1650 1995 1738; baseline -0.015 -14"><span class='ocrx_word' id='word_1_112' title='bbox 353 1688 465 1725; x_wconf 91' lang='lat' dir='ltr'>non</span> <span class='ocrx_word' id='word_1_113' title='bbox 490 1665 751 1738; x_wconf 83' lang='lat' dir='ltr'>genitum</span> <span class='ocrx_word' id='word_1_114' title='bbox 782 1676 909 1717; x_wconf 90' lang='lat' dir='ltr'>esse</span> <span class='ocrx_word' id='word_1_115' title='bbox 942 1660 1147 1722; x_wconf 91' lang='lat' dir='ltr'>Deum,</span> <span class='ocrx_word' id='word_1_116' title='bbox 1183 1656 1335 1727; x_wconf 87' lang='lat' dir='ltr'>quod</span> <span class='ocrx_word' id='word_1_117' title='bbox 1371 1658 1533 1707; x_wconf 90' lang='lat' dir='ltr'>ortus</span> <span class='ocrx_word' id='word_1_118' title='bbox 1561 1650 1653 1705; x_wconf 90' lang='lat' dir='ltr'>sui</span> <span class='ocrx_word' id='word_1_119' title='bbox 1700 1653 1995 1703; x_wconf 85' lang='lat' dir='ltr'>auctorem</span> 
     </span>
    </p>
   </div>
   <div class='ocr_carea' id='block_1_19' title="bbox 356 1736 1998 1813">
    <p class='ocr_par' dir='ltr' id='par_1_19' title="bbox 356 1736 1998 1813">
     <span class='ocr_line' id='line_1_19' title="bbox 356 1736 1998 1813; baseline -0.015 0"><span class='ocrx_word' id='word_1_120' title='bbox 356 1776 467 1813; x_wconf 91' lang='lat' dir='ltr'>non</span> <span class='ocrx_word' id='word_1_121' title='bbox 503 1755 714 1810; x_wconf 85' lang='lat' dir='ltr'>habeat</span> <span class='ocrx_word' id='word_1_122' title='bbox 736 1768 749 1805; x_wconf 89' lang='lat'>:</span> <span class='ocrx_word' id='word_1_123' title='bbox 775 1751 975 1806; x_wconf 88' lang='lat' dir='ltr'>eadem</span> <span class='ocrx_word' id='word_1_124' title='bbox 1004 1754 1201 1800; x_wconf 88' lang='lat' dir='ltr'>tamen</span> <span class='ocrx_word' id='word_1_125' title='bbox 1234 1743 1478 1808; x_wconf 87' lang='lat' dir='ltr'>ratione,</span> <span class='ocrx_word' id='word_1_126' title='bbox 1512 1747 1569 1794; x_wconf 88' lang='lat' dir='ltr'>et</span> <span class='ocrx_word' id='word_1_127' title='bbox 1600 1754 1704 1793; x_wconf 87' lang='lat' dir='ltr'>nos</span> <span class='ocrx_word' id='word_1_128' title='bbox 1734 1736 1998 1791; x_wconf 87' lang='lat' dir='ltr'>dicemus</span> 
     </span>
    </p>
   </div>
   <div class='ocr_carea' id='block_1_20' title="bbox 2090 569 3745 650">
    <p class='ocr_par' dir='ltr' id='par_1_20' title="bbox 2090 569 3745 650">
     <span class='ocr_line' id='line_1_20' title="bbox 2090 569 3745 650; baseline -0.007 -18"><span class='ocrx_word' id='word_1_129' title='bbox 2090 576 2172 648; x_wconf 77' lang='grc' dir='ltr'>εἷή</span> <span class='ocrx_word' id='word_1_130' title='bbox 2207 576 2265 631; x_wconf 75' lang='grc' dir='ltr'>δὲ</span> <span class='ocrx_word' id='word_1_131' title='bbox 2294 576 2481 632; x_wconf 71' lang='grc' dir='ltr'>πολλὰ.</span> <span class='ocrx_word' id='word_1_132' title='bbox 2510 572 3226 650; x_wconf 82' lang='grc' dir='ltr'>ἀγέννητα,ἀπαράλλακτον</span> <span class='ocrx_word' id='word_1_133' title='bbox 3262 569 3479 648; x_wconf 75' lang='grc' dir='ltr'>ἔχουσιν</span> <span class='ocrx_word' id='word_1_134' title='bbox 3509 569 3610 637; x_wconf 65' lang='grc' dir='ltr'>τὴν</span> <span class='ocrx_word' id='word_1_135' title='bbox 3644 589 3745 645; x_wconf 68' lang='grc' dir='ltr'>φυ-</span> 
     </span>
    </p>
   </div>
   <div class='ocr_carea' id='block_1_21' title="bbox 2091 662 3746 740">
    <p class='ocr_par' dir='ltr' id='par_1_21' title="bbox 2091 662 3746 740">
     <span class='ocr_line' id='line_1_21' title="bbox 2091 662 3746 740; baseline -0.007 -19"><span class='ocrx_word' id='word_1_136' title='bbox 2091 686 2193 721; x_wconf 79' lang='grc' dir='ltr'>σιν’</span> <span class='ocrx_word' id='word_1_137' title='bbox 2226 665 2285 721; x_wconf 85' lang='grc' dir='ltr'>ού</span> <span class='ocrx_word' id='word_1_138' title='bbox 2316 668 2415 740; x_wconf 82' lang='grc' dir='ltr'>γὰρ</span> <span class='ocrx_word' id='word_1_139' title='bbox 2448 666 2506 719; x_wconf 79' lang='grc' dir='ltr'>ἂν</span> <span class='ocrx_word' id='word_1_140' title='bbox 2562 664 2645 735; x_wconf 60' lang='grc' dir='ltr'>εῗη</span> <span class='ocrx_word' id='word_1_141' title='bbox 2692 663 3084 738; x_wconf 81' lang='grc' dir='ltr'>ἀποκληρώσει</span> <span class='ocrx_word' id='word_1_142' title='bbox 3137 662 3347 739; x_wconf 81' lang='grc' dir='ltr'>φύσεώς</span> <span class='ocrx_word' id='word_1_143' title='bbox 3376 680 3524 720; x_wconf 90' lang='grc' dir='ltr'>τινος</span> <span class='ocrx_word' id='word_1_144' title='bbox 3557 662 3746 712; x_wconf 79' lang='grc' dir='ltr'>κοινοῦ</span> 
     </span>
    </p>
   </div>
   <div class='ocr_carea' id='block_1_22' title="bbox 2090 747 3741 828">
    <p class='ocr_par' dir='ltr' id='par_1_22' title="bbox 2090 747 3741 828">
     <span class='ocr_line' id='line_1_22' title="bbox 2090 747 3741 828; baseline -0.006 -19"><span class='ocrx_word' id='word_1_145' title='bbox 2090 755 2180 809; x_wconf 84' lang='grc' dir='ltr'>καὶ</span> <span class='ocrx_word' id='word_1_146' title='bbox 2214 752 2354 809; x_wconf 87' lang='grc' dir='ltr'>ἰδίου</span> <span class='ocrx_word' id='word_1_147' title='bbox 2390 753 2730 828; x_wconf 72' lang='grc' dir='ltr'>μετειλήφει,</span> <span class='ocrx_word' id='word_1_148' title='bbox 2761 755 2795 821; x_wconf 75' lang='grc' dir='ltr'>ἡ</span> <span class='ocrx_word' id='word_1_149' title='bbox 2833 753 2927 825; x_wconf 75' lang='grc' dir='ltr'>μὶν</span> <span class='ocrx_word' id='word_1_150' title='bbox 2959 752 3151 818; x_wconf 80' lang='grc' dir='ltr'>ἐποίει,</span> <span class='ocrx_word' id='word_1_151' title='bbox 3183 754 3218 820; x_wconf 76' lang='grc' dir='ltr'><strong>ἡ</strong></span> <span class='ocrx_word' id='word_1_152' title='bbox 3244 747 3302 805; x_wconf 73' lang='grc' dir='ltr'>δὲ</span> <span class='ocrx_word' id='word_1_153' title='bbox 3323 747 3741 824; x_wconf 83' lang='grc' dir='ltr'>ἐγίγνετο.Ὀρθ.</span> 
     </span>
    </p>
   </div>
   <div class='ocr_carea' id='block_1_23' title="bbox 2092 834 3743 916">
    <p class='ocr_par' dir='ltr' id='par_1_23' title="bbox 2092 834 3743 916">
     <span class='ocr_line' id='line_1_23' title="bbox 2092 834 3743 916; baseline -0.007 -17"><span class='ocrx_word' id='word_1_154' title='bbox 2092 845 2273 899; x_wconf 81' lang='grc' dir='ltr'>Ἔστιν</span> <span class='ocrx_word' id='word_1_155' title='bbox 2304 846 2338 912; x_wconf 83' lang='grc' dir='ltr'>ἡ</span> <span class='ocrx_word' id='word_1_156' title='bbox 2366 842 2634 910; x_wconf 84' lang='grc' dir='ltr'>καθολική</span> <span class='ocrx_word' id='word_1_157' title='bbox 2665 841 2923 916; x_wconf 84' lang='grc' dir='ltr'>πρότασις</span> <span class='ocrx_word' id='word_1_158' title='bbox 2953 843 3064 914; x_wconf 86' lang='grc'>(88)</span> <span class='ocrx_word' id='word_1_159' title='bbox 3095 839 3181 894; x_wconf 75' lang='grc' dir='ltr'>ἐπί</span> <span class='ocrx_word' id='word_1_160' title='bbox 3210 861 3264 893; x_wconf 92' lang='grc' dir='ltr'>τι</span> <span class='ocrx_word' id='word_1_161' title='bbox 3292 835 3516 911; x_wconf 78' lang='grc' dir='ltr'>ψευδής·</span> <span class='ocrx_word' id='word_1_162' title='bbox 3552 834 3613 890; x_wconf 79' lang='grc' dir='ltr'>ού</span> <span class='ocrx_word' id='word_1_163' title='bbox 3645 835 3743 909; x_wconf 73' lang='grc' dir='ltr'>γὰρ</span> 
     </span>
    </p>
   </div>
   <div class='ocr_carea' id='block_1_24' title="bbox 2094 923 3744 1005">
    <p class='ocr_par' dir='ltr' id='par_1_24' title="bbox 2094 923 3744 1005">
     <span class='ocr_line' id='line_1_24' title="bbox 2094 923 3744 1005; baseline -0.005 -19"><span class='ocrx_word' id='word_1_164' title='bbox 2094 938 2196 986; x_wconf 79' lang='grc' dir='ltr'>πᾶν</span> <span class='ocrx_word' id='word_1_165' title='bbox 2252 932 2573 1005; x_wconf 84' lang='grc' dir='ltr'>ἀγέννητον,</span> <span class='ocrx_word' id='word_1_166' title='bbox 2632 932 2677 984; x_wconf 85' lang='grc' dir='ltr'><strong>ὧ</strong></span> <span class='ocrx_word' id='word_1_167' title='bbox 2737 931 2933 999; x_wconf 84' lang='grc' dir='ltr'>Ἀέτιε,</span> <span class='ocrx_word' id='word_1_168' title='bbox 2996 928 3172 998; x_wconf 81' lang='grc' dir='ltr'>πάσης</span> <span class='ocrx_word' id='word_1_169' title='bbox 3230 926 3404 987; x_wconf 77' lang='grc' dir='ltr'>αἰτίας</span> <span class='ocrx_word' id='word_1_170' title='bbox 3460 923 3744 998; x_wconf 74' lang='grc' dir='ltr'>ἐξῄρηται.</span> 
     </span>
    </p>
   </div>
   <div class='ocr_carea' id='block_1_25' title="bbox 2097 1010 3749 1097">
    <p class='ocr_par' dir='ltr' id='par_1_25' title="bbox 2097 1010 3749 1097">
     <span class='ocr_line' id='line_1_25' title="bbox 2097 1010 3749 1097; baseline -0.005 -21"><span class='ocrx_word' id='word_1_171' title='bbox 2097 1020 2421 1095; x_wconf 83' lang='grc' dir='ltr'>Ἀγέννητον</span> <span class='ocrx_word' id='word_1_172' title='bbox 2466 1022 2567 1097; x_wconf 88' lang='grc' dir='ltr'>γάρ</span> <span class='ocrx_word' id='word_1_173' title='bbox 2636 1019 2746 1074; x_wconf 71' lang='grc' dir='ltr'>ἐστι</span> <span class='ocrx_word' id='word_1_174' title='bbox 2798 1020 2861 1073; x_wconf 86' lang='grc' dir='ltr'>τὸ</span> <span class='ocrx_word' id='word_1_175' title='bbox 2922 1017 3293 1094; x_wconf 84' lang='grc' dir='ltr'>γενεσιουργὸν</span> <span class='ocrx_word' id='word_1_176' title='bbox 3350 1016 3425 1088; x_wconf 81' lang='grc' dir='ltr'>μή</span> <span class='ocrx_word' id='word_1_177' title='bbox 3477 1010 3634 1089; x_wconf 81' lang='grc' dir='ltr'>ἔχον,</span> <span class='ocrx_word' id='word_1_178' title='bbox 3686 1012 3749 1067; x_wconf 73' lang='grc' dir='ltr'>οὗ</span> 
     </span>
    </p>
   </div>
   <div class='ocr_carea' id='block_1_26' title="bbox 2096 1099 3750 1183">
    <p class='ocr_par' dir='ltr' id='par_1_26' title="bbox 2096 1099 3750 1183">
     <span class='ocr_line' id='line_1_26' title="bbox 2096 1099 3750 1183; baseline -0.006 -19"><span class='ocrx_word' id='word_1_179' title='bbox 2096 1112 2308 1171; x_wconf 86' lang='grc' dir='ltr'>πάντως</span> <span class='ocrx_word' id='word_1_180' title='bbox 2370 1107 2427 1164; x_wconf 73' lang='grc' dir='ltr'>δὲ</span> <span class='ocrx_word' id='word_1_181' title='bbox 2470 1110 2531 1163; x_wconf 87' lang='grc' dir='ltr'>τὸ</span> <span class='ocrx_word' id='word_1_182' title='bbox 2580 1108 2948 1183; x_wconf 82' lang='grc' dir='ltr'>γενεσιουργὸν</span> <span class='ocrx_word' id='word_1_183' title='bbox 3004 1108 3081 1179; x_wconf 79' lang='grc' dir='ltr'>μὴ</span> <span class='ocrx_word' id='word_1_184' title='bbox 3132 1103 3261 1180; x_wconf 76' lang='grc' dir='ltr'>ἔχον</span> <span class='ocrx_word' id='word_1_185' title='bbox 3306 1104 3518 1173; x_wconf 85' lang='grc' dir='ltr'>ἀπάσης</span> <span class='ocrx_word' id='word_1_186' title='bbox 3568 1099 3750 1162; x_wconf 79' lang='grc' dir='ltr'>αἰτίας</span> 
     </span>
    </p>
   </div>
   <div class='ocr_carea' id='block_1_27' title="bbox 2099 1189 3758 1274">
    <p class='ocr_par' dir='ltr' id='par_1_27' title="bbox 2099 1189 3758 1274">
     <span class='ocr_line' id='line_1_27' title="bbox 2099 1189 3758 1274; baseline -0.005 -21"><span class='ocrx_word' id='word_1_187' title='bbox 2099 1198 2377 1273; x_wconf 68' lang='grc' dir='ltr'>ἐξῄρηται·</span> <span class='ocrx_word' id='word_1_188' title='bbox 2438 1195 2655 1252; x_wconf 87' lang='grc' dir='ltr'>δυνατὸν</span> <span class='ocrx_word' id='word_1_189' title='bbox 2708 1198 2808 1274; x_wconf 87' lang='grc' dir='ltr'>γάρ</span> <span class='ocrx_word' id='word_1_190' title='bbox 2859 1216 2911 1249; x_wconf 90' lang='grc' dir='ltr'>τι</span> <span class='ocrx_word' id='word_1_191' title='bbox 2959 1195 3333 1270; x_wconf 86' lang='grc' dir='ltr'>γενεσιουργὸν</span> <span class='ocrx_word' id='word_1_192' title='bbox 3366 1194 3442 1265; x_wconf 79' lang='grc' dir='ltr'>μὴ</span> <span class='ocrx_word' id='word_1_193' title='bbox 3470 1189 3645 1267; x_wconf 82' lang='grc' dir='ltr'>ἔχειν,</span> <span class='ocrx_word' id='word_1_194' title='bbox 3676 1190 3758 1244; x_wconf 72' lang='grc' dir='ltr'>αἵ-</span> 
     </span>
    </p>
   </div>
   <div class='ocr_carea' id='block_1_28' title="bbox 2098 1277 3760 1362">
    <p class='ocr_par' dir='ltr' id='par_1_28' title="bbox 2098 1277 3760 1362">
     <span class='ocr_line' id='line_1_28' title="bbox 2098 1277 3760 1362; baseline -0.006 -20"><span class='ocrx_word' id='word_1_195' title='bbox 2098 1309 2213 1342; x_wconf 91' lang='grc' dir='ltr'>τιον</span> <span class='ocrx_word' id='word_1_196' title='bbox 2259 1285 2317 1342; x_wconf 72' lang='grc' dir='ltr'>δὲ</span> <span class='ocrx_word' id='word_1_197' title='bbox 2366 1283 2536 1362; x_wconf 78' lang='grc' dir='ltr'>ἔχειν,</span> <span class='ocrx_word' id='word_1_198' title='bbox 2578 1288 2613 1355; x_wconf 74' lang='grc' dir='ltr'><strong>ἢ</strong></span> <span class='ocrx_word' id='word_1_199' title='bbox 2664 1286 2866 1360; x_wconf 85' lang='grc' dir='ltr'>πατέρα</span> <span class='ocrx_word' id='word_1_200' title='bbox 2908 1287 2942 1353; x_wconf 76' lang='grc' dir='ltr'><strong>ἢ</strong></span> <span class='ocrx_word' id='word_1_201' title='bbox 2976 1284 3243 1359; x_wconf 76' lang='grc' dir='ltr'>χορηγόν.</span> <span class='ocrx_word' id='word_1_202' title='bbox 3276 1286 3457 1353; x_wconf 64' lang='lat' dir='ltr'>&quot;Date,</span> <span class='ocrx_word' id='word_1_203' title='bbox 3487 1279 3583 1335; x_wconf 80' lang='grc' dir='ltr'>κᾶν</span> <span class='ocrx_word' id='word_1_204' title='bbox 3618 1277 3760 1350; x_wconf 80' lang='grc' dir='ltr'>δοθῇ</span> 
     </span>
    </p>
   </div>
   <div class='ocr_carea' id='block_1_29' title="bbox 2103 1368 3756 1451">
    <p class='ocr_par' dir='ltr' id='par_1_29' title="bbox 2103 1368 3756 1451">
     <span class='ocr_line' id='line_1_29' title="bbox 2103 1368 3756 1451; baseline -0.004 -21"><span class='ocrx_word' id='word_1_205' title='bbox 2103 1396 2186 1430; x_wconf 91' lang='grc' dir='ltr'>σοι</span> <span class='ocrx_word' id='word_1_206' title='bbox 2217 1375 2500 1451; x_wconf 74' lang='grc' dir='ltr'>ἀγέννητον</span> <span class='ocrx_word' id='word_1_207' title='bbox 2535 1378 2671 1429; x_wconf 80' lang='grc' dir='ltr'>εἶναι</span> <span class='ocrx_word' id='word_1_208' title='bbox 2701 1374 2791 1428; x_wconf 91' lang='grc' dir='ltr'>τὸν</span> <span class='ocrx_word' id='word_1_209' title='bbox 2823 1374 2971 1444; x_wconf 87' lang='grc' dir='ltr'>Θεὸν,</span> <span class='ocrx_word' id='word_1_210' title='bbox 3022 1370 3112 1427; x_wconf 78' lang='grc' dir='ltr'>διὰ</span> <span class='ocrx_word' id='word_1_211' title='bbox 3138 1372 3201 1426; x_wconf 89' lang='grc' dir='ltr'>τὸ</span> <span class='ocrx_word' id='word_1_212' title='bbox 3247 1370 3623 1448; x_wconf 85' lang='grc' dir='ltr'>γενεσιουργὸν</span> <span class='ocrx_word' id='word_1_213' title='bbox 3677 1368 3756 1441; x_wconf 79' lang='grc' dir='ltr'>μὴ</span> 
     </span>
    </p>
   </div>
   <div class='ocr_carea' id='block_1_30' title="bbox 2105 1459 3757 1540">
    <p class='ocr_par' dir='ltr' id='par_1_30' title="bbox 2105 1459 3757 1540">
     <span class='ocr_line' id='line_1_30' title="bbox 2105 1459 3757 1540; baseline -0.005 -21"><span class='ocrx_word' id='word_1_214' title='bbox 2105 1464 2270 1540; x_wconf 71' lang='grc' dir='ltr'>ἔχειν,</span> <span class='ocrx_word' id='word_1_215' title='bbox 2301 1466 2479 1536; x_wconf 87' lang='grc' dir='ltr'>τούτῳ</span> <span class='ocrx_word' id='word_1_216' title='bbox 2507 1469 2587 1536; x_wconf 74' lang='grc' dir='ltr'>τῷ</span> <span class='ocrx_word' id='word_1_217' title='bbox 2620 1464 2774 1537; x_wconf 85' lang='grc' dir='ltr'>λόγῳ</span> <span class='ocrx_word' id='word_1_218' title='bbox 2815 1462 2904 1517; x_wconf 86' lang='grc' dir='ltr'>καὶ</span> <span class='ocrx_word' id='word_1_219' title='bbox 2952 1464 3119 1533; x_wconf 75' lang='grc' dir='ltr'>ἡμεῖς</span> <span class='ocrx_word' id='word_1_220' title='bbox 3173 1460 3403 1535; x_wconf 82' lang='grc' dir='ltr'>λέγομεν</span> <span class='ocrx_word' id='word_1_221' title='bbox 3457 1459 3757 1534; x_wconf 70' lang='grc' dir='ltr'>ἀγέννητον</span> 
     </span>
    </p>
   </div>
   <div class='ocr_carea' id='block_1_31' title="bbox 2104 1546 3760 1626">
    <p class='ocr_par' dir='ltr' id='par_1_31' title="bbox 2104 1546 3760 1626">
     <span class='ocr_line' id='line_1_31' title="bbox 2104 1546 3760 1626; baseline -0.004 -19"><span class='ocrx_word' id='word_1_222' title='bbox 2104 1555 2194 1608; x_wconf 88' lang='grc' dir='ltr'>τὸν</span> <span class='ocrx_word' id='word_1_223' title='bbox 2241 1555 2386 1620; x_wconf 76' lang='grc' dir='ltr'>Υἱὸν,</span> <span class='ocrx_word' id='word_1_224' title='bbox 2437 1551 2526 1607; x_wconf 73' lang='grc' dir='ltr'>διὰ</span> <span class='ocrx_word' id='word_1_225' title='bbox 2571 1554 2633 1607; x_wconf 90' lang='grc' dir='ltr'>τὸ</span> <span class='ocrx_word' id='word_1_226' title='bbox 2678 1552 3047 1626; x_wconf 87' lang='grc' dir='ltr'>γενεσιουργὸν</span> <span class='ocrx_word' id='word_1_227' title='bbox 3104 1552 3179 1623; x_wconf 76' lang='grc' dir='ltr'>μὴ</span> <span class='ocrx_word' id='word_1_228' title='bbox 3253 1546 3419 1624; x_wconf 80' lang='grc' dir='ltr'>ἔχειν,</span> <span class='ocrx_word' id='word_1_229' title='bbox 3479 1546 3605 1603; x_wconf 82' lang='grc' dir='ltr'>ἀλλ’</span> <span class='ocrx_word' id='word_1_230' title='bbox 3657 1546 3760 1601; x_wconf 82' lang='grc' dir='ltr'>ούκ</span> 
     </span>
    </p>
   </div>
   <div class='ocr_carea' id='block_1_32' title="bbox 2106 1633 3759 1715">
    <p class='ocr_par' dir='ltr' id='par_1_32' title="bbox 2106 1633 3759 1715">
     <span class='ocr_line' id='line_1_32' title="bbox 2106 1633 3759 1715; baseline -0.005 -19"><span class='ocrx_word' id='word_1_231' title='bbox 2106 1642 2365 1696; x_wconf 85' lang='grc' dir='ltr'>ἀναίτιον·</span> <span class='ocrx_word' id='word_1_232' title='bbox 2416 1642 2507 1695; x_wconf 88' lang='grc' dir='ltr'>τὸν</span> <span class='ocrx_word' id='word_1_233' title='bbox 2556 1642 2657 1715; x_wconf 79' lang='grc' dir='ltr'>γὰρ</span> <span class='ocrx_word' id='word_1_234' title='bbox 2702 1639 2910 1714; x_wconf 78' lang='grc' dir='ltr'>Πατέρα</span> <span class='ocrx_word' id='word_1_235' title='bbox 2940 1638 3047 1714; x_wconf 83' lang='grc' dir='ltr'>οὐχ</span> <span class='ocrx_word' id='word_1_236' title='bbox 3077 1639 3151 1699; x_wconf 83' lang='grc' dir='ltr'>ὡς</span> <span class='ocrx_word' id='word_1_237' title='bbox 3179 1638 3574 1712; x_wconf 82' lang='grc' dir='ltr'>γενεσιουργὸν,</span> <span class='ocrx_word' id='word_1_238' title='bbox 3625 1633 3759 1689; x_wconf 81' lang='grc' dir='ltr'>ἀλλ’</span> 
     </span>
    </p>
   </div>
   <div class='ocr_carea' id='block_1_33' title="bbox 2108 1725 3763 1805">
    <p class='ocr_par' dir='ltr' id='par_1_33' title="bbox 2108 1725 3763 1805">
     <span class='ocr_line' id='line_1_33' title="bbox 2108 1725 3763 1805; baseline -0.005 -20"><span class='ocrx_word' id='word_1_239' title='bbox 2108 1733 2183 1793; x_wconf 87' lang='grc' dir='ltr'>ὡς</span> <span class='ocrx_word' id='word_1_240' title='bbox 2212 1732 2421 1802; x_wconf 84' lang='grc' dir='ltr'>Πατέρα</span> <span class='ocrx_word' id='word_1_241' title='bbox 2478 1728 2617 1805; x_wconf 79' lang='grc' dir='ltr'>ἔχει.</span> <span class='ocrx_word' id='word_1_242' title='bbox 2670 1730 2767 1783; x_wconf 81' lang='grc' dir='ltr'>Καὶ</span> <span class='ocrx_word' id='word_1_243' title='bbox 2816 1730 2876 1783; x_wconf 89' lang='grc' dir='ltr'>τὸ</span> <span class='ocrx_word' id='word_1_244' title='bbox 2928 1732 3143 1801; x_wconf 88' lang='grc' dir='ltr'>Πνεῦμα</span> <span class='ocrx_word' id='word_1_245' title='bbox 3182 1725 3239 1782; x_wconf 76' lang='grc' dir='ltr'>δὲ</span> <span class='ocrx_word' id='word_1_246' title='bbox 3269 1725 3501 1800; x_wconf 87' lang='grc' dir='ltr'>λέγομεν</span> <span class='ocrx_word' id='word_1_247' title='bbox 3536 1726 3763 1799; x_wconf 75' lang='grc' dir='ltr'>ἀγέννη-</span> 
     </span>
    </p>
   </div>
   <div class='ocr_carea' id='block_1_34' title="bbox 357 1813 2000 1924">
    <p class='ocr_par' dir='ltr' id='par_1_34' title="bbox 357 1828 1994 1902">
     <span class='ocr_line' id='line_1_34' title="bbox 357 1828 1994 1902; baseline -0.016 -1"><span class='ocrx_word' id='word_1_248' title='bbox 357 1847 564 1900; x_wconf 83' lang='lat' dir='ltr'>Filium</span> <span class='ocrx_word' id='word_1_249' title='bbox 604 1858 732 1897; x_wconf 88' lang='lat' dir='ltr'>esse</span> <span class='ocrx_word' id='word_1_250' title='bbox 784 1855 898 1892; x_wconf 87' lang='lat' dir='ltr'>non</span> <span class='ocrx_word' id='word_1_251' title='bbox 948 1837 1188 1896; x_wconf 83' lang='lat' dir='ltr'>factum,</span> <span class='ocrx_word' id='word_1_252' title='bbox 1222 1832 1358 1902; x_wconf 88' lang='lat' dir='ltr'>quia</span> <span class='ocrx_word' id='word_1_253' title='bbox 1391 1828 1665 1882; x_wconf 89' lang='lat' dir='ltr'>nimirum</span> <span class='ocrx_word' id='word_1_254' title='bbox 1698 1830 1861 1879; x_wconf 91' lang='lat' dir='ltr'>ortus</span> <span class='ocrx_word' id='word_1_255' title='bbox 1893 1840 1994 1877; x_wconf 90' lang='lat' dir='ltr'>au-</span> 
     </span>
    </p>
   </div>
   <div class='ocr_carea' id='block_1_35' title="bbox 2112 1813 3756 1924">
    <p class='ocr_par' dir='ltr' id='par_1_35' title="bbox 2112 1813 3756 1924">
     <span class='ocr_line' id='line_1_35' title="bbox 2112 1813 3756 1895; baseline -0.005 -21"><span class='ocrx_word' id='word_1_256' title='bbox 2112 1842 2223 1885; x_wconf 86' lang='grc' dir='ltr'>τον,</span> <span class='ocrx_word' id='word_1_257' title='bbox 2277 1820 2337 1873; x_wconf 80' lang='grc' dir='ltr'>ού</span> <span class='ocrx_word' id='word_1_258' title='bbox 2380 1819 2480 1895; x_wconf 80' lang='grc' dir='ltr'>γὰρ</span> <span class='ocrx_word' id='word_1_259' title='bbox 2532 1819 2647 1894; x_wconf 78' lang='grc' dir='ltr'>ἔχει</span> <span class='ocrx_word' id='word_1_260' title='bbox 2708 1817 3110 1893; x_wconf 85' lang='grc' dir='ltr'>γενεσιουργὸν,</span> <span class='ocrx_word' id='word_1_261' title='bbox 3166 1814 3293 1871; x_wconf 84' lang='grc' dir='ltr'>ἀλλ’</span> <span class='ocrx_word' id='word_1_262' title='bbox 3337 1814 3435 1869; x_wconf 76' lang='grc' dir='ltr'>οὐκ</span> <span class='ocrx_word' id='word_1_263' title='bbox 3490 1813 3756 1867; x_wconf 80' lang='grc' dir='ltr'>ἀναίτιον⁶</span> 
     </span>
     <span class='ocr_line' id='line_1_36' title="bbox 2116 1900 3756 1924; baseline -0.001 0"><span class='ocrx_word' id='word_1_264' title='bbox 2116 1905 2139 1924; x_wconf 66' lang='grc' dir='ltr'><strong>Ἰ</strong></span> <span class='ocrx_word' id='word_1_265' title='bbox 2303 1909 2317 1924; x_wconf 81' lang='lat'><strong><em>\</em></strong></span> <span class='ocrx_word' id='word_1_266' title='bbox 2429 1907 2451 1924; x_wconf 74' lang='lat' dir='ltr'>II</span> <span class='ocrx_word' id='word_1_267' title='bbox 2632 1909 2646 1924; x_wconf 63' lang='grc' dir='ltr'>ι</span> <span class='ocrx_word' id='word_1_268' title='bbox 2723 1914 2751 1924; x_wconf 76' lang='grc' dir='ltr'><strong>Λ</strong></span> <span class='ocrx_word' id='word_1_269' title='bbox 2792 1908 2806 1924; x_wconf 85' lang='lat'><strong><em>\</em></strong></span> <span class='ocrx_word' id='word_1_270' title='bbox 2944 1906 2955 1924; x_wconf 76' lang='lat'><strong>’</strong></span> <span class='ocrx_word' id='word_1_271' title='bbox 3070 1906 3083 1924; x_wconf 63' lang='grc' dir='ltr'><strong>Ι</strong></span> <span class='ocrx_word' id='word_1_272' title='bbox 3439 1923 3442 1924; x_wconf 66' lang='lat'>,</span> <span class='ocrx_word' id='word_1_273' title='bbox 3498 1903 3511 1924; x_wconf 57' lang='grc' dir='ltr'><strong>ξ</strong></span> <span class='ocrx_word' id='word_1_274' title='bbox 3642 1900 3756 1924; x_wconf 55' lang='grc' dir='ltr'>ἎῚῚΙ</span> 
     </span>
    </p>
   </div>
   <div class='ocr_carea' id='block_1_36' title="bbox 359 1913 2001 1989">
    <p class='ocr_par' dir='ltr' id='par_1_36' title="bbox 359 1913 2001 1989">
     <span class='ocr_line' id='line_1_37' title="bbox 359 1913 2001 1989; baseline -0.015 0"><span class='ocrx_word' id='word_1_275' title='bbox 359 1940 575 1989; x_wconf 87' lang='lat' dir='ltr'>ctorem</span> <span class='ocrx_word' id='word_1_276' title='bbox 608 1946 723 1984; x_wconf 89' lang='lat' dir='ltr'>non</span> <span class='ocrx_word' id='word_1_277' title='bbox 754 1928 945 1981; x_wconf 89' lang='lat' dir='ltr'>habet.</span> <span class='ocrx_word' id='word_1_278' title='bbox 991 1924 1115 1977; x_wconf 90' lang='lat' dir='ltr'>Non</span> <span class='ocrx_word' id='word_1_279' title='bbox 1163 1926 1359 1974; x_wconf 89' lang='lat' dir='ltr'>tamen</span> <span class='ocrx_word' id='word_1_280' title='bbox 1406 1920 1711 1987; x_wconf 85' lang='lat' dir='ltr'>propterea</span> <span class='ocrx_word' id='word_1_281' title='bbox 1748 1913 2001 1967; x_wconf 89' lang='lat' dir='ltr'>dicimus</span> 
     </span>
    </p>
   </div>
   <div class='ocr_carea' id='block_1_37' title="bbox 363 2006 2002 2079">
    <p class='ocr_par' dir='ltr' id='par_1_37' title="bbox 363 2006 2002 2079">
     <span class='ocr_line' id='line_1_38' title="bbox 363 2006 2002 2079; baseline -0.016 0"><span class='ocrx_word' id='word_1_282' title='bbox 363 2037 557 2079; x_wconf 86' lang='lat' dir='ltr'>carere</span> <span class='ocrx_word' id='word_1_283' title='bbox 586 2035 762 2074; x_wconf 87' lang='lat' dir='ltr'>causa</span> <span class='ocrx_word' id='word_1_284' title='bbox 785 2033 796 2071; x_wconf 91' lang='lat'><strong>:</strong></span> <span class='ocrx_word' id='word_1_285' title='bbox 826 2015 1052 2068; x_wconf 87' lang='lat' dir='ltr'>Patrem</span> <span class='ocrx_word' id='word_1_286' title='bbox 1072 2010 1227 2065; x_wconf 90' lang='lat' dir='ltr'>enim</span> <span class='ocrx_word' id='word_1_287' title='bbox 1252 2008 1425 2061; x_wconf 88' lang='lat' dir='ltr'>habet</span> <span class='ocrx_word' id='word_1_288' title='bbox 1447 2022 1559 2059; x_wconf 90' lang='lat' dir='ltr'>non</span> <span class='ocrx_word' id='word_1_289' title='bbox 1594 2008 1658 2058; x_wconf 91' lang='lat' dir='ltr'>ut</span> <span class='ocrx_word' id='word_1_290' title='bbox 1685 2006 2002 2064; x_wconf 86' lang='lat' dir='ltr'>auctorem,</span> 
     </span>
    </p>
   </div>
   <div class='ocr_carea' id='block_1_38' title="bbox 364 2092 2004 2167">
    <p class='ocr_par' dir='ltr' id='par_1_38' title="bbox 364 2092 2004 2167">
     <span class='ocr_line' id='line_1_39' title="bbox 364 2092 2004 2167; baseline -0.015 0"><span class='ocrx_word' id='word_1_291' title='bbox 364 2112 463 2167; x_wconf 85' lang='lat' dir='ltr'>sed</span> <span class='ocrx_word' id='word_1_292' title='bbox 497 2115 561 2164; x_wconf 90' lang='lat' dir='ltr'>ut</span> <span class='ocrx_word' id='word_1_293' title='bbox 592 2108 840 2162; x_wconf 86' lang='lat' dir='ltr'>Patrem.</span> <span class='ocrx_word' id='word_1_294' title='bbox 878 2102 1020 2157; x_wconf 87' lang='lat' dir='ltr'>Nam</span> <span class='ocrx_word' id='word_1_295' title='bbox 1061 2102 1117 2153; x_wconf 87' lang='lat' dir='ltr'>et</span> <span class='ocrx_word' id='word_1_296' title='bbox 1162 2096 1444 2166; x_wconf 83' lang='lat' dir='ltr'>Spiritum</span> <span class='ocrx_word' id='word_1_297' title='bbox 1475 2092 1727 2147; x_wconf 90' lang='lat' dir='ltr'>dicimus</span> <span class='ocrx_word' id='word_1_298' title='bbox 1758 2106 1872 2145; x_wconf 92' lang='lat' dir='ltr'>non</span> <span class='ocrx_word' id='word_1_299' title='bbox 1904 2104 2004 2159; x_wconf 85' lang='lat' dir='ltr'>ge-</span> 
     </span>
    </p>
   </div>
   <div class='ocr_carea' id='block_1_39' title="bbox 364 2177 2002 2265">
    <p class='ocr_par' dir='ltr' id='par_1_39' title="bbox 364 2177 2002 2265">
     <span class='ocr_line' id='line_1_40' title="bbox 364 2177 2002 2265; baseline -0.015 -11"><span class='ocrx_word' id='word_1_300' title='bbox 364 2201 574 2265; x_wconf 89' lang='lat' dir='ltr'>nitum,</span> <span class='ocrx_word' id='word_1_301' title='bbox 608 2212 741 2251; x_wconf 88' lang='lat' dir='ltr'>cum</span> <span class='ocrx_word' id='word_1_302' title='bbox 773 2208 886 2247; x_wconf 89' lang='lat' dir='ltr'>non</span> <span class='ocrx_word' id='word_1_303' title='bbox 921 2189 1133 2244; x_wconf 89' lang='lat' dir='ltr'>habeat</span> <span class='ocrx_word' id='word_1_304' title='bbox 1169 2184 1496 2240; x_wconf 75' lang='lat' dir='ltr'>eti‘ectorem</span> <span class='ocrx_word' id='word_1_305' title='bbox 1532 2199 1543 2235; x_wconf 91' lang='lat'><strong>:</strong></span> <span class='ocrx_word' id='word_1_306' title='bbox 1577 2182 1676 2234; x_wconf 91' lang='lat' dir='ltr'>sed</span> <span class='ocrx_word' id='word_1_307' title='bbox 1713 2196 1825 2233; x_wconf 89' lang='lat' dir='ltr'>non</span> <span class='ocrx_word' id='word_1_308' title='bbox 1858 2177 2002 2231; x_wconf 88' lang='lat' dir='ltr'>dici-</span> 
     </span>
    </p>
   </div>
   <div class='ocr_carea' id='block_1_40' title="bbox 366 2267 2001 2343">
    <p class='ocr_par' dir='ltr' id='par_1_40' title="bbox 366 2267 2001 2343">
     <span class='ocr_line' id='line_1_41' title="bbox 366 2267 2001 2343; baseline -0.015 1"><span class='ocrx_word' id='word_1_309' title='bbox 366 2305 496 2343; x_wconf 85' lang='lat' dir='ltr'>mus</span> <span class='ocrx_word' id='word_1_310' title='bbox 528 2300 723 2341; x_wconf 85' lang='lat' dir='ltr'>carere</span> <span class='ocrx_word' id='word_1_311' title='bbox 753 2296 931 2336; x_wconf 88' lang='lat' dir='ltr'>causa</span> <span class='ocrx_word' id='word_1_312' title='bbox 964 2295 978 2333; x_wconf 91' lang='lat'><strong>:</strong></span> <span class='ocrx_word' id='word_1_313' title='bbox 1011 2276 1187 2331; x_wconf 88' lang='lat' dir='ltr'>habet</span> <span class='ocrx_word' id='word_1_314' title='bbox 1216 2273 1370 2327; x_wconf 91' lang='lat' dir='ltr'>enim</span> <span class='ocrx_word' id='word_1_315' title='bbox 1423 2287 1529 2341; x_wconf 90' lang='lat' dir='ltr'>pro</span> <span class='ocrx_word' id='word_1_316' title='bbox 1576 2285 1755 2323; x_wconf 89' lang='lat' dir='ltr'>causa</span> <span class='ocrx_word' id='word_1_317' title='bbox 1796 2267 2001 2332; x_wconf 89' lang='lat' dir='ltr'>Deum,</span> 
     </span>
    </p>
   </div>
   <div class='ocr_carea' id='block_1_41' title="bbox 364 2356 2002 2436">
    <p class='ocr_par' dir='ltr' id='par_1_41' title="bbox 364 2356 2002 2436">
     <span class='ocr_line' id='line_1_42' title="bbox 364 2356 2002 2436; baseline -0.015 -4"><span class='ocrx_word' id='word_1_318' title='bbox 364 2394 476 2432; x_wconf 92' lang='lat' dir='ltr'>non</span> <span class='ocrx_word' id='word_1_319' title='bbox 511 2380 575 2429; x_wconf 92' lang='lat' dir='ltr'>ut</span> <span class='ocrx_word' id='word_1_320' title='bbox 605 2372 955 2436; x_wconf 78' lang='lat' dir='ltr'>effectorem,</span> <span class='ocrx_word' id='word_1_321' title='bbox 988 2365 1090 2421; x_wconf 85' lang='lat' dir='ltr'>sed</span> <span class='ocrx_word' id='word_1_322' title='bbox 1124 2368 1187 2417; x_wconf 91' lang='lat' dir='ltr'>ut</span> <span class='ocrx_word' id='word_1_323' title='bbox 1216 2361 1306 2416; x_wconf 89' lang='lat' dir='ltr'>sui</span> <span class='ocrx_word' id='word_1_324' title='bbox 1341 2361 1581 2414; x_wconf 84' lang='lat' dir='ltr'>fontem.</span> <span class='ocrx_word' id='word_1_325' title='bbox 1613 2356 2002 2420; x_wconf 87' lang='lat' dir='ltr'>Quemadmo-</span> 
     </span>
    </p>
   </div>
   <div class='ocr_carea' id='block_1_42' title="bbox 362 2449 2006 2524">
    <p class='ocr_par' dir='ltr' id='par_1_42' title="bbox 362 2449 2006 2524">
     <span class='ocr_line' id='line_1_43' title="bbox 362 2449 2006 2524; baseline -0.015 -4"><span class='ocrx_word' id='word_1_326' title='bbox 362 2468 502 2520; x_wconf 90' lang='lat' dir='ltr'>dum</span> <span class='ocrx_word' id='word_1_327' title='bbox 534 2462 688 2518; x_wconf 89' lang='lat' dir='ltr'>enim</span> <span class='ocrx_word' id='word_1_328' title='bbox 715 2460 843 2514; x_wconf 86' lang='lat' dir='ltr'>fons</span> <span class='ocrx_word' id='word_1_329' title='bbox 863 2471 1016 2520; x_wconf 86' lang='lat' dir='ltr'>eam,</span> <span class='ocrx_word' id='word_1_330' title='bbox 1044 2468 1218 2524; x_wconf 90' lang='lat' dir='ltr'>quam</span> <span class='ocrx_word' id='word_1_331' title='bbox 1253 2449 1489 2513; x_wconf 86' lang='lat' dir='ltr'>emittit,</span> <span class='ocrx_word' id='word_1_332' title='bbox 1514 2462 1724 2517; x_wconf 87' lang='lat' dir='ltr'>aquam</span> <span class='ocrx_word' id='word_1_333' title='bbox 1758 2449 1917 2499; x_wconf 84' lang='lat' dir='ltr'>extra</span> <span class='ocrx_word' id='word_1_334' title='bbox 1942 2458 2006 2498; x_wconf 88' lang='lat' dir='ltr'>se</span> 
     </span>
    </p>
   </div>
   <div class='ocr_carea' id='block_1_43' title="bbox 360 2533 2001 2619">
    <p class='ocr_par' dir='ltr' id='par_1_43' title="bbox 360 2533 2001 2619">
     <span class='ocr_line' id='line_1_44' title="bbox 360 2533 2001 2619; baseline -0.015 -10"><span class='ocrx_word' id='word_1_335' title='bbox 360 2571 474 2608; x_wconf 91' lang='lat' dir='ltr'>non</span> <span class='ocrx_word' id='word_1_336' title='bbox 506 2550 703 2619; x_wconf 80' lang='lat' dir='ltr'>efﬁcit,</span> <span class='ocrx_word' id='word_1_337' title='bbox 737 2548 838 2602; x_wconf 82' lang='lat' dir='ltr'>sed</span> <span class='ocrx_word' id='word_1_338' title='bbox 872 2562 941 2600; x_wconf 85' lang='lat' dir='ltr'>ex</span> <span class='ocrx_word' id='word_1_339' title='bbox 966 2558 1093 2598; x_wconf 83' lang='lat' dir='ltr'>sese</span> <span class='ocrx_word' id='word_1_340' title='bbox 1126 2538 1367 2595; x_wconf 89' lang='lat' dir='ltr'>scaturit</span> <span class='ocrx_word' id='word_1_341' title='bbox 1401 2555 1412 2591; x_wconf 93' lang='lat'>:</span> <span class='ocrx_word' id='word_1_342' title='bbox 1466 2538 1551 2590; x_wconf 90' lang='lat' dir='ltr'>sic</span> <span class='ocrx_word' id='word_1_343' title='bbox 1600 2533 1774 2589; x_wconf 88' lang='lat' dir='ltr'>etiam</span> <span class='ocrx_word' id='word_1_344' title='bbox 1830 2534 2001 2601; x_wconf 90' lang='lat' dir='ltr'>Deus,</span> 
     </span>
    </p>
   </div>
   <div class='ocr_carea' id='block_1_44' title="bbox 358 2622 2007 2697">
    <p class='ocr_par' dir='ltr' id='par_1_44' title="bbox 358 2622 2007 2697">
     <span class='ocr_line' id='line_1_45' title="bbox 358 2622 2007 2697; baseline -0.015 2"><span class='ocrx_word' id='word_1_345' title='bbox 358 2648 424 2697; x_wconf 91' lang='lat' dir='ltr'>ut</span> <span class='ocrx_word' id='word_1_346' title='bbox 466 2646 598 2696; x_wconf 89' lang='lat' dir='ltr'>ante</span> <span class='ocrx_word' id='word_1_347' title='bbox 647 2638 870 2693; x_wconf 88' lang='lat' dir='ltr'>dictum</span> <span class='ocrx_word' id='word_1_348' title='bbox 923 2632 1053 2696; x_wconf 83' lang='lat' dir='ltr'>fuit,</span> <span class='ocrx_word' id='word_1_349' title='bbox 1104 2630 1233 2683; x_wconf 89' lang='lat' dir='ltr'>fons</span> <span class='ocrx_word' id='word_1_350' title='bbox 1275 2632 1365 2682; x_wconf 86' lang='lat' dir='ltr'>est</span> <span class='ocrx_word' id='word_1_351' title='bbox 1409 2624 1663 2695; x_wconf 84' lang='lat' dir='ltr'>Spiritus</span> <span class='ocrx_word' id='word_1_352' title='bbox 1713 2622 1898 2677; x_wconf 91' lang='lat' dir='ltr'>sancti</span> <span class='ocrx_word' id='word_1_353' title='bbox 1950 2626 2007 2676; x_wconf 90' lang='lat' dir='ltr'>et</span> 
     </span>
    </p>
   </div>
   <div class='ocr_carea' id='block_1_45' title="bbox 355 2711 2001 2798">
    <p class='ocr_par' dir='ltr' id='par_1_45' title="bbox 355 2711 2001 2798">
     <span class='ocr_line' id='line_1_46' title="bbox 355 2711 2001 2798; baseline -0.013 -11"><span class='ocrx_word' id='word_1_354' title='bbox 355 2736 558 2787; x_wconf 88' lang='lat' dir='ltr'>auctor</span> <span class='ocrx_word' id='word_1_355' title='bbox 597 2727 884 2798; x_wconf 89' lang='lat' dir='ltr'>ejusdem,</span> <span class='ocrx_word' id='word_1_356' title='bbox 933 2737 1049 2776; x_wconf 90' lang='lat' dir='ltr'>non</span> <span class='ocrx_word' id='word_1_357' title='bbox 1096 2717 1458 2773; x_wconf 87' lang='lat' dir='ltr'>extrinsecus</span> <span class='ocrx_word' id='word_1_358' title='bbox 1509 2729 1643 2768; x_wconf 91' lang='lat' dir='ltr'>eum</span> <span class='ocrx_word' id='word_1_359' title='bbox 1694 2711 2001 2781; x_wconf 88' lang='lat' dir='ltr'>recipiens,</span> 
     </span>
    </p>
   </div>
   <div class='ocr_carea' id='block_1_46' title="bbox 355 2799 1999 2887">
    <p class='ocr_par' dir='ltr' id='par_1_46' title="bbox 355 2799 1999 2887">
     <span class='ocr_line' id='line_1_47' title="bbox 355 2799 1999 2887; baseline -0.014 -11"><span class='ocrx_word' id='word_1_360' title='bbox 355 2821 451 2876; x_wconf 90' lang='lat' dir='ltr'>sed</span> <span class='ocrx_word' id='word_1_361' title='bbox 488 2836 555 2874; x_wconf 84' lang='lat' dir='ltr'>ex</span> <span class='ocrx_word' id='word_1_362' title='bbox 604 2816 796 2887; x_wconf 89' lang='lat' dir='ltr'>seipso</span> <span class='ocrx_word' id='word_1_363' title='bbox 855 2808 1200 2867; x_wconf 82' lang='lat' dir='ltr'>scaturiens.</span> <span class='ocrx_word' id='word_1_364' title='bbox 1264 2802 1557 2873; x_wconf 89' lang='lat' dir='ltr'>Scriptum</span> <span class='ocrx_word' id='word_1_365' title='bbox 1618 2805 1708 2855; x_wconf 87' lang='lat' dir='ltr'>est</span> <span class='ocrx_word' id='word_1_366' title='bbox 1765 2799 1921 2855; x_wconf 91' lang='lat' dir='ltr'>enim</span> <span class='ocrx_word' id='word_1_367' title='bbox 1985 2815 1999 2853; x_wconf 89' lang='lat'><strong>:</strong></span> 
     </span>
    </p>
   </div>
   <div class='ocr_carea' id='block_1_47' title="bbox 360 2888 2001 2970">
    <p class='ocr_par' dir='ltr' id='par_1_47' title="bbox 360 2888 2001 2970">
     <span class='ocr_line' id='line_1_48' title="bbox 360 2888 2001 2970; baseline -0.011 -12"><span class='ocrx_word' id='word_1_368' title='bbox 360 2935 379 2958; x_wconf 67' lang='grc' dir='ltr'>οι</span> <span class='ocrx_word' id='word_1_369' title='bbox 417 2910 540 2963; x_wconf 91' lang='lat' dir='ltr'>Duo</span> <span class='ocrx_word' id='word_1_370' title='bbox 571 2905 726 2960; x_wconf 88' lang='lat' dir='ltr'>mala</span> <span class='ocrx_word' id='word_1_371' title='bbox 766 2901 900 2957; x_wconf 88' lang='lat' dir='ltr'>fecit</span> <span class='ocrx_word' id='word_1_372' title='bbox 941 2897 1193 2970; x_wconf 91' lang='lat' dir='ltr'>populus</span> <span class='ocrx_word' id='word_1_373' title='bbox 1238 2909 1426 2956; x_wconf 87' lang='lat' dir='ltr'>meus,</span> <span class='ocrx_word' id='word_1_374' title='bbox 1472 2906 1566 2944; x_wconf 89' lang='lat' dir='ltr'>me</span> <span class='ocrx_word' id='word_1_375' title='bbox 1618 2888 2001 2959; x_wconf 73' lang='lat' dir='ltr'>reliquerunt,</span> 
     </span>
    </p>
   </div>
   <div class='ocr_carea' id='block_1_48' title="bbox 358 2978 2001 3063">
    <p class='ocr_par' dir='ltr' id='par_1_48' title="bbox 358 2978 2001 3063">
     <span class='ocr_line' id='line_1_49' title="bbox 358 2978 2001 3063; baseline -0.013 -11"><span class='ocrx_word' id='word_1_376' title='bbox 358 2999 574 3052; x_wconf 84' lang='lat' dir='ltr'>fontem</span> <span class='ocrx_word' id='word_1_377' title='bbox 609 3009 771 3063; x_wconf 81' lang='lat' dir='ltr'>aquae</span> <span class='ocrx_word' id='word_1_378' title='bbox 797 2991 956 3055; x_wconf 73' lang='lat' dir='ltr'>vivas,</span> <span class='ocrx_word' id='word_1_379' title='bbox 980 2993 1037 3041; x_wconf 90' lang='lat' dir='ltr'>et</span> <span class='ocrx_word' id='word_1_380' title='bbox 1058 2984 1383 3040; x_wconf 72' lang='lat' dir='ltr'>effoderunt</span> <span class='ocrx_word' id='word_1_381' title='bbox 1412 2979 1522 3034; x_wconf 86' lang='lat' dir='ltr'>sibi</span> <span class='ocrx_word' id='word_1_382' title='bbox 1555 2978 1839 3033; x_wconf 89' lang='lat' dir='ltr'>cisternas</span> <span class='ocrx_word' id='word_1_383' title='bbox 1863 2994 2001 3033; x_wconf 87' lang='lat' dir='ltr'>con-</span> 
     </span>
    </p>
   </div>
   <div class='ocr_carea' id='block_1_49' title="bbox 357 3066 2005 3153">
    <p class='ocr_par' dir='ltr' id='par_1_49' title="bbox 357 3066 2005 3153">
     <span class='ocr_line' id='line_1_50' title="bbox 357 3066 2005 3153; baseline -0.012 -13"><span class='ocrx_word' id='word_1_384' title='bbox 357 3087 546 3153; x_wconf 85' lang='lat' dir='ltr'>tritas,</span> <span class='ocrx_word' id='word_1_385' title='bbox 592 3098 719 3153; x_wconf 66' lang='lat' dir='ltr'>qua:</span> <span class='ocrx_word' id='word_1_386' title='bbox 751 3094 935 3149; x_wconf 90' lang='lat' dir='ltr'>aquas</span> <span class='ocrx_word' id='word_1_387' title='bbox 984 3074 1277 3129; x_wconf 87' lang='lat' dir='ltr'>contin‘ere</span> <span class='ocrx_word' id='word_1_388' title='bbox 1310 3066 1422 3123; x_wconf 82' lang='lat' dir='ltr'>non</span> <span class='ocrx_word' id='word_1_389' title='bbox 1471 3073 1745 3139; x_wconf 88' lang='lat' dir='ltr'>poterunt</span> <span class='ocrx_word' id='word_1_390' title='bbox 1776 3068 1837 3121; x_wconf 69' lang='lat'>‘3.</span> <span class='ocrx_word' id='word_1_391' title='bbox 1874 3089 1901 3117; x_wconf 63' lang='grc' dir='ltr'>υ</span> <span class='ocrx_word' id='word_1_392' title='bbox 1939 3066 2005 3121; x_wconf 91' lang='lat' dir='ltr'>Et</span> 
     </span>
    </p>
   </div>
   <div class='ocr_carea' id='block_1_50' title="bbox 358 3155 2000 3244">
    <p class='ocr_par' dir='ltr' id='par_1_50' title="bbox 358 3155 2000 3244">
     <span class='ocr_line' id='line_1_51' title="bbox 358 3155 2000 3244; baseline -0.012 -16"><span class='ocrx_word' id='word_1_393' title='bbox 358 3170 662 3244; x_wconf 83' lang='lat' dir='ltr'>Apostolus</span> <span class='ocrx_word' id='word_1_394' title='bbox 692 3167 875 3222; x_wconf 86' lang='lat' dir='ltr'>dicit:</span> <span class='ocrx_word' id='word_1_395' title='bbox 912 3188 937 3213; x_wconf 86' lang='lat'>«</span> <span class='ocrx_word' id='word_1_396' title='bbox 981 3163 1087 3226; x_wconf 87' lang='lat' dir='ltr'>Qui</span> <span class='ocrx_word' id='word_1_397' title='bbox 1137 3160 1340 3215; x_wconf 87' lang='lat' dir='ltr'>tribuit</span> <span class='ocrx_word' id='word_1_398' title='bbox 1390 3156 1557 3211; x_wconf 89' lang='lat' dir='ltr'>nobis</span> <span class='ocrx_word' id='word_1_399' title='bbox 1604 3155 1909 3226; x_wconf 88' lang='lat' dir='ltr'>Spiritum,</span> <span class='ocrx_word' id='word_1_400' title='bbox 1944 3161 2000 3210; x_wconf 94' lang='lat' dir='ltr'>et</span> 
     </span>
    </p>
   </div>
   <div class='ocr_carea' id='block_1_51' title="bbox 359 3244 2000 3331">
    <p class='ocr_par' dir='ltr' id='par_1_51' title="bbox 359 3244 2000 3331">
     <span class='ocr_line' id='line_1_52' title="bbox 359 3244 2000 3331; baseline -0.01 -16"><span class='ocrx_word' id='word_1_401' title='bbox 359 3264 633 3331; x_wconf 83' lang='lat' dir='ltr'>Operatur</span> <span class='ocrx_word' id='word_1_402' title='bbox 662 3257 720 3310; x_wconf 88' lang='lat' dir='ltr'>in</span> <span class='ocrx_word' id='word_1_403' title='bbox 755 3254 922 3309; x_wconf 91' lang='lat' dir='ltr'>nobis</span> <span class='ocrx_word' id='word_1_404' title='bbox 963 3252 1205 3305; x_wconf 88' lang='lat' dir='ltr'>virtutes</span> <span class='ocrx_word' id='word_1_405' title='bbox 1238 3249 1300 3302; x_wconf 73' lang='lat'>‘9.</span> <span class='ocrx_word' id='word_1_406' title='bbox 1338 3268 1363 3295; x_wconf 74' lang='grc' dir='ltr'>η</span> <span class='ocrx_word' id='word_1_407' title='bbox 1413 3244 1574 3310; x_wconf 89' lang='lat' dir='ltr'>Quod</span> <span class='ocrx_word' id='word_1_408' title='bbox 1619 3249 1815 3299; x_wconf 89' lang='lat' dir='ltr'>autem</span> <span class='ocrx_word' id='word_1_409' title='bbox 1847 3260 2000 3315; x_wconf 87' lang='lat' dir='ltr'>aqua</span> 
     </span>
    </p>
   </div>
   <div class='ocr_carea' id='block_1_52' title="bbox 356 3332 1996 3413">
    <p class='ocr_par' dir='ltr' id='par_1_52' title="bbox 356 3332 1996 3413">
     <span class='ocr_line' id='line_1_53' title="bbox 356 3332 1996 3413; baseline -0.009 -10"><span class='ocrx_word' id='word_1_410' title='bbox 356 3349 458 3403; x_wconf 83' lang='lat' dir='ltr'>illa</span> <span class='ocrx_word' id='word_1_411' title='bbox 496 3346 623 3400; x_wconf 90' lang='lat' dir='ltr'>viva</span> <span class='ocrx_word' id='word_1_412' title='bbox 670 3343 748 3399; x_wconf 88' lang='lat' dir='ltr'>sit</span> <span class='ocrx_word' id='word_1_413' title='bbox 785 3339 1068 3413; x_wconf 89' lang='lat' dir='ltr'>Spiritus,</span> <span class='ocrx_word' id='word_1_414' title='bbox 1096 3336 1362 3392; x_wconf 87' lang='lat' dir='ltr'>Christus</span> <span class='ocrx_word' id='word_1_415' title='bbox 1412 3333 1627 3402; x_wconf 90' lang='lat' dir='ltr'>docuit,</span> <span class='ocrx_word' id='word_1_416' title='bbox 1678 3332 1951 3402; x_wconf 88' lang='lat' dir='ltr'>inquiens</span> <span class='ocrx_word' id='word_1_417' title='bbox 1983 3350 1996 3388; x_wconf 90' lang='lat'>:</span> 
     </span>
    </p>
   </div>
   <div class='ocr_carea' id='block_1_53' title="bbox 358 3420 2001 3500">
    <p class='ocr_par' dir='ltr' id='par_1_53' title="bbox 358 3420 2001 3500">
     <span class='ocr_line' id='line_1_54' title="bbox 358 3420 2001 3500; baseline -0.007 -13"><span class='ocrx_word' id='word_1_418' title='bbox 358 3464 383 3487; x_wconf 83' lang='grc' dir='ltr'>(ι</span> <span class='ocrx_word' id='word_1_419' title='bbox 421 3437 527 3500; x_wconf 89' lang='lat' dir='ltr'>Qui</span> <span class='ocrx_word' id='word_1_420' title='bbox 558 3432 707 3489; x_wconf 89' lang='lat' dir='ltr'>bibit</span> <span class='ocrx_word' id='word_1_421' title='bbox 736 3448 806 3487; x_wconf 84' lang='lat' dir='ltr'>ex</span> <span class='ocrx_word' id='word_1_422' title='bbox 832 3444 1005 3499; x_wconf 88' lang='lat' dir='ltr'>aqua,</span> <span class='ocrx_word' id='word_1_423' title='bbox 1038 3442 1213 3496; x_wconf 90' lang='lat' dir='ltr'>quam</span> <span class='ocrx_word' id='word_1_424' title='bbox 1246 3439 1351 3494; x_wconf 88' lang='lat' dir='ltr'>ego</span> <span class='ocrx_word' id='word_1_425' title='bbox 1383 3422 1532 3476; x_wconf 86' lang='lat' dir='ltr'>dabo</span> <span class='ocrx_word' id='word_1_426' title='bbox 1582 3420 1716 3491; x_wconf 89' lang='lat' dir='ltr'>ipsi,</span> <span class='ocrx_word' id='word_1_427' title='bbox 1753 3426 1817 3474; x_wconf 91' lang='lat' dir='ltr'>ut</span> <span class='ocrx_word' id='word_1_428' title='bbox 1857 3420 2001 3476; x_wconf 85' lang='lat' dir='ltr'>dixit</span> 
     </span>
    </p>
   </div>
   <div class='ocr_carea' id='block_1_54' title="bbox 354 3510 1999 3596">
    <p class='ocr_par' dir='ltr' id='par_1_54' title="bbox 354 3510 1999 3596">
     <span class='ocr_line' id='line_1_55' title="bbox 354 3510 1999 3596; baseline -0.011 -15"><span class='ocrx_word' id='word_1_429' title='bbox 354 3526 679 3596; x_wconf 88' lang='lat' dir='ltr'>Scriptura,</span> <span class='ocrx_word' id='word_1_430' title='bbox 738 3517 983 3573; x_wconf 85' lang='lat' dir='ltr'>ﬂumina</span> <span class='ocrx_word' id='word_1_431' title='bbox 1063 3530 1093 3569; x_wconf 85' lang='grc' dir='ltr'>θ</span> <span class='ocrx_word' id='word_1_432' title='bbox 1154 3515 1353 3566; x_wconf 88' lang='lat' dir='ltr'>ventre</span> <span class='ocrx_word' id='word_1_433' title='bbox 1408 3510 1538 3578; x_wconf 89' lang='lat' dir='ltr'>ejus</span> <span class='ocrx_word' id='word_1_434' title='bbox 1599 3510 1777 3562; x_wconf 88' lang='lat' dir='ltr'>tluent</span> <span class='ocrx_word' id='word_1_435' title='bbox 1836 3525 1999 3580; x_wconf 78' lang='lat' dir='ltr'>aquae</span> 
     </span>
    </p>
   </div>
   <div class='ocr_carea' id='block_1_55' title="bbox 354 3597 1997 3673">
    <p class='ocr_par' dir='ltr' id='par_1_55' title="bbox 354 3597 1997 3673">
     <span class='ocr_line' id='line_1_56' title="bbox 354 3597 1997 3673; baseline -0.012 -3"><span class='ocrx_word' id='word_1_436' title='bbox 354 3618 496 3670; x_wconf 62' lang='lat' dir='ltr'>viva:</span> <span class='ocrx_word' id='word_1_437' title='bbox 526 3614 587 3665; x_wconf 75' lang='grc' dir='ltr'>⁵ο.</span> <span class='ocrx_word' id='word_1_438' title='bbox 627 3632 653 3659; x_wconf 84' lang='grc'><strong>››</strong></span> <span class='ocrx_word' id='word_1_439' title='bbox 684 3610 753 3664; x_wconf 84' lang='grc' dir='ltr'>Ει</span> <span class='ocrx_word' id='word_1_440' title='bbox 783 3606 947 3662; x_wconf 90' lang='lat' dir='ltr'>addit</span> <span class='ocrx_word' id='word_1_441' title='bbox 977 3599 1350 3673; x_wconf 85' lang='lat' dir='ltr'>evangelista,</span> <span class='ocrx_word' id='word_1_442' title='bbox 1384 3599 1585 3651; x_wconf 86' lang='lat' dir='ltr'>dicens</span> <span class='ocrx_word' id='word_1_443' title='bbox 1620 3614 1632 3651; x_wconf 93' lang='lat'><strong>:</strong></span> <span class='ocrx_word' id='word_1_444' title='bbox 1667 3620 1694 3646; x_wconf 92' lang='grc'>‹‹</span> <span class='ocrx_word' id='word_1_445' title='bbox 1728 3597 1847 3651; x_wconf 85' lang='grc' dir='ltr'>Ηοο</span> <span class='ocrx_word' id='word_1_446' title='bbox 1897 3616 1997 3653; x_wconf 86' lang='lat' dir='ltr'>au-</span> 
     </span>
    </p>
   </div>
   <div class='ocr_carea' id='block_1_56' title="bbox 2115 1900 3764 1984">
    <p class='ocr_par' dir='ltr' id='par_1_56' title="bbox 2115 1900 3764 1984">
     <span class='ocr_line' id='line_1_57' title="bbox 2115 1900 3764 1984; baseline -0.005 -21"><span class='ocrx_word' id='word_1_447' title='bbox 2115 1905 2228 1983; x_wconf 81' lang='grc' dir='ltr'>ἔχει</span> <span class='ocrx_word' id='word_1_448' title='bbox 2258 1909 2358 1984; x_wconf 77' lang='grc' dir='ltr'>γὰρ</span> <span class='ocrx_word' id='word_1_449' title='bbox 2391 1907 2560 1963; x_wconf 65' lang='grc' dir='ltr'>αἴτιον</span> <span class='ocrx_word' id='word_1_450' title='bbox 2593 1909 2683 1962; x_wconf 82' lang='grc' dir='ltr'>τὸν</span> <span class='ocrx_word' id='word_1_451' title='bbox 2718 1908 2866 1977; x_wconf 85' lang='grc' dir='ltr'>Θεὸν,</span> <span class='ocrx_word' id='word_1_452' title='bbox 2902 1906 3009 1982; x_wconf 82' lang='grc' dir='ltr'>οὐχ</span> <span class='ocrx_word' id='word_1_453' title='bbox 3055 1906 3129 1966; x_wconf 86' lang='grc' dir='ltr'>ὡς</span> <span class='ocrx_word' id='word_1_454' title='bbox 3179 1903 3575 1981; x_wconf 83' lang='grc' dir='ltr'>γενεσιουργὸν,</span> <span class='ocrx_word' id='word_1_455' title='bbox 3631 1900 3764 1956; x_wconf 86' lang='grc' dir='ltr'>ἀλλ’</span> 
     </span>
    </p>
   </div>
   <div class='ocr_carea' id='block_1_57' title="bbox 2114 1992 3765 2072">
    <p class='ocr_par' dir='ltr' id='par_1_57' title="bbox 2114 1992 3765 2072">
     <span class='ocr_line' id='line_1_58' title="bbox 2114 1992 3765 2072; baseline -0.005 -20"><span class='ocrx_word' id='word_1_456' title='bbox 2114 2000 2187 2058; x_wconf 86' lang='grc' dir='ltr'>ὡς</span> <span class='ocrx_word' id='word_1_457' title='bbox 2218 1999 2398 2072; x_wconf 78' lang='grc' dir='ltr'>πηγὴν</span> <span class='ocrx_word' id='word_1_458' title='bbox 2428 1998 2638 2054; x_wconf 72' lang='grc' dir='ltr'>ἑαυτοῦ.</span> <span class='ocrx_word' id='word_1_459' title='bbox 2676 1998 2919 2065; x_wconf 83' lang='grc' dir='ltr'>Καθάπερ</span> <span class='ocrx_word' id='word_1_460' title='bbox 2950 1996 3054 2069; x_wconf 78' lang='grc' dir='ltr'>γὰρ</span> <span class='ocrx_word' id='word_1_461' title='bbox 3083 1998 3118 2062; x_wconf 73' lang='grc' dir='ltr'>ἡ</span> <span class='ocrx_word' id='word_1_462' title='bbox 3152 1995 3301 2069; x_wconf 76' lang='grc' dir='ltr'>πηγὴ</span> <span class='ocrx_word' id='word_1_463' title='bbox 3343 1992 3405 2054; x_wconf 75' lang='grc' dir='ltr'>ού</span> <span class='ocrx_word' id='word_1_464' title='bbox 3448 2011 3765 2066; x_wconf 87' lang='grc' dir='ltr'>γενεσιουρ-</span> 
     </span>
    </p>
   </div>
   <div class='ocr_carea' id='block_1_58' title="bbox 2113 2081 3766 2163">
    <p class='ocr_par' dir='ltr' id='par_1_58' title="bbox 2113 2081 3766 2163">
     <span class='ocr_line' id='line_1_59' title="bbox 2113 2081 3766 2163; baseline -0.004 -22"><span class='ocrx_word' id='word_1_465' title='bbox 2113 2093 2197 2163; x_wconf 89' lang='grc' dir='ltr'>γεῖ</span> <span class='ocrx_word' id='word_1_466' title='bbox 2226 2081 2413 2156; x_wconf 79' lang='grc' dir='ltr'>ἔξωθεν</span> <span class='ocrx_word' id='word_1_467' title='bbox 2443 2086 2471 2139; x_wconf 79' lang='grc' dir='ltr'>ὅ</span> <span class='ocrx_word' id='word_1_468' title='bbox 2504 2091 2743 2161; x_wconf 84' lang='grc' dir='ltr'>χορηγεῖ</span> <span class='ocrx_word' id='word_1_469' title='bbox 2772 2082 2939 2159; x_wconf 78' lang='grc' dir='ltr'>ὕδωρ,</span> <span class='ocrx_word' id='word_1_470' title='bbox 2975 2082 3099 2139; x_wconf 84' lang='grc' dir='ltr'>ἀλλ’</span> <span class='ocrx_word' id='word_1_471' title='bbox 3132 2082 3183 2153; x_wconf 73' lang='grc' dir='ltr'>ἐξ</span> <span class='ocrx_word' id='word_1_472' title='bbox 3214 2083 3406 2150; x_wconf 73' lang='grc' dir='ltr'>ἑαυτῆς</span> <span class='ocrx_word' id='word_1_473' title='bbox 3437 2082 3766 2155; x_wconf 76' lang='grc' dir='ltr'>πηγάζουσα</span> 
     </span>
    </p>
   </div>
   <div class='ocr_carea' id='block_1_59' title="bbox 2114 2168 3765 2250">
    <p class='ocr_par' dir='ltr' id='par_1_59' title="bbox 2114 2168 3765 2250">
     <span class='ocr_line' id='line_1_60' title="bbox 2114 2168 3765 2250; baseline -0.004 -21"><span class='ocrx_word' id='word_1_474' title='bbox 2114 2174 2249 2250; x_wconf 78' lang='grc' dir='ltr'>ἔχει’</span> <span class='ocrx_word' id='word_1_475' title='bbox 2301 2175 2473 2237; x_wconf 74' lang='grc' dir='ltr'>οὕτως</span> <span class='ocrx_word' id='word_1_476' title='bbox 2523 2174 2612 2229; x_wconf 83' lang='grc' dir='ltr'>καὶ</span> <span class='ocrx_word' id='word_1_477' title='bbox 2663 2176 2690 2229; x_wconf 81' lang='grc' dir='ltr'>ὁ</span> <span class='ocrx_word' id='word_1_478' title='bbox 2740 2174 2866 2235; x_wconf 87' lang='grc' dir='ltr'>Θεὸς</span> <span class='ocrx_word' id='word_1_479' title='bbox 2917 2173 3072 2247; x_wconf 84' lang='grc' dir='ltr'>πηγή</span> <span class='ocrx_word' id='word_1_480' title='bbox 3122 2176 3219 2226; x_wconf 90' lang='grc' dir='ltr'>τοῦ</span> <span class='ocrx_word' id='word_1_481' title='bbox 3251 2170 3564 2242; x_wconf 83' lang='grc' dir='ltr'>Πνεύματός</span> <span class='ocrx_word' id='word_1_482' title='bbox 3594 2168 3765 2238; x_wconf 81' lang='grc' dir='ltr'>ἐστιν,</span> 
     </span>
    </p>
   </div>
   <div class='ocr_carea' id='block_1_60' title="bbox 2113 2257 3766 2338">
    <p class='ocr_par' dir='ltr' id='par_1_60' title="bbox 2113 2257 3766 2338">
     <span class='ocr_line' id='line_1_61' title="bbox 2113 2257 3766 2338; baseline -0.004 -20"><span class='ocrx_word' id='word_1_483' title='bbox 2113 2265 2187 2326; x_wconf 83' lang='grc' dir='ltr'>ὡς</span> <span class='ocrx_word' id='word_1_484' title='bbox 2249 2261 2483 2335; x_wconf 74' lang='grc' dir='ltr'>εἷ’ρηται,</span> <span class='ocrx_word' id='word_1_485' title='bbox 2547 2263 2635 2317; x_wconf 84' lang='grc' dir='ltr'>καὶ</span> <span class='ocrx_word' id='word_1_486' title='bbox 2698 2262 2940 2338; x_wconf 78' lang='grc' dir='ltr'>χορηγὸς</span> <span class='ocrx_word' id='word_1_487' title='bbox 3000 2261 3186 2330; x_wconf 81' lang='grc' dir='ltr'>αὐτοῦ,</span> <span class='ocrx_word' id='word_1_488' title='bbox 3228 2261 3329 2314; x_wconf 82' lang='grc' dir='ltr'>οὐκ</span> <span class='ocrx_word' id='word_1_489' title='bbox 3377 2257 3571 2332; x_wconf 79' lang='grc' dir='ltr'>ἔξωθεν</span> <span class='ocrx_word' id='word_1_490' title='bbox 3630 2258 3766 2313; x_wconf 73' lang='grc' dir='ltr'>αὐτὸ</span> 
     </span>
    </p>
   </div>
   <div class='ocr_carea' id='block_1_61' title="bbox 2113 2348 3766 2427">
    <p class='ocr_par' dir='ltr' id='par_1_61' title="bbox 2113 2348 3766 2427">
     <span class='ocr_line' id='line_1_62' title="bbox 2113 2348 3766 2427; baseline -0.004 -21"><span class='ocrx_word' id='word_1_491' title='bbox 2113 2348 2575 2427; x_wconf 77' lang='grc' dir='ltr'>προσλαμϐάνων,</span> <span class='ocrx_word' id='word_1_492' title='bbox 2610 2351 2734 2407; x_wconf 84' lang='grc' dir='ltr'>ἀλλ’</span> <span class='ocrx_word' id='word_1_493' title='bbox 2777 2352 2829 2421; x_wconf 72' lang='grc' dir='ltr'>ἐξ</span> <span class='ocrx_word' id='word_1_494' title='bbox 2880 2352 3070 2406; x_wconf 69' lang='grc' dir='ltr'>δαυτοῦ</span> <span class='ocrx_word' id='word_1_495' title='bbox 3120 2352 3400 2425; x_wconf 79' lang='grc' dir='ltr'>πηγάζων.</span> <span class='ocrx_word' id='word_1_496' title='bbox 3458 2350 3766 2423; x_wconf 77' lang='grc' dir='ltr'>Γέγραπται</span> 
     </span>
    </p>
   </div>
   <div class='ocr_carea' id='block_1_62' title="bbox 2113 2435 3765 2517">
    <p class='ocr_par' dir='ltr' id='par_1_62' title="bbox 2113 2435 3765 2517">
     <span class='ocr_line' id='line_1_63' title="bbox 2113 2435 3765 2517; baseline -0.003 -21"><span class='ocrx_word' id='word_1_497' title='bbox 2113 2444 2232 2517; x_wconf 85' lang='grc' dir='ltr'>γάρ·</span> <span class='ocrx_word' id='word_1_498' title='bbox 2267 2466 2295 2493; x_wconf 88' lang='grc'>‹‹</span> <span class='ocrx_word' id='word_1_499' title='bbox 2331 2441 2432 2495; x_wconf 86' lang='grc' dir='ltr'>Δύο</span> <span class='ocrx_word' id='word_1_500' title='bbox 2464 2441 2677 2511; x_wconf 78' lang='grc' dir='ltr'>πονηρὰ</span> <span class='ocrx_word' id='word_1_501' title='bbox 2708 2440 2955 2510; x_wconf 86' lang='grc' dir='ltr'>ἐποίησεν</span> <span class='ocrx_word' id='word_1_502' title='bbox 2994 2441 3021 2494; x_wconf 87' lang='grc' dir='ltr'>ὁ</span> <span class='ocrx_word' id='word_1_503' title='bbox 3069 2438 3203 2501; x_wconf 89' lang='grc' dir='ltr'>λαός</span> <span class='ocrx_word' id='word_1_504' title='bbox 3253 2457 3378 2511; x_wconf 79' lang='grc' dir='ltr'>μου’</span> <span class='ocrx_word' id='word_1_505' title='bbox 3426 2435 3524 2511; x_wconf 68' lang='grc' dir='ltr'>ἔμε</span> <span class='ocrx_word' id='word_1_506' title='bbox 3573 2437 3765 2513; x_wconf 73' lang='grc' dir='ltr'>ἐγκατο</span> 
     </span>
    </p>
   </div>
   <div class='ocr_carea' id='block_1_63' title="bbox 2114 2524 3766 2599">
    <p class='ocr_par' dir='ltr' id='par_1_63' title="bbox 2114 2524 3766 2599">
     <span class='ocr_line' id='line_1_64' title="bbox 2114 2524 3766 2599; baseline -0.002 -16"><span class='ocrx_word' id='word_1_507' title='bbox 2114 2529 2322 2599; x_wconf 87' lang='grc' dir='ltr'>έλιπον,</span> <span class='ocrx_word' id='word_1_508' title='bbox 2370 2530 2555 2598; x_wconf 77' lang='grc' dir='ltr'>πηγὴν</span> <span class='ocrx_word' id='word_1_509' title='bbox 2610 2527 2803 2591; x_wconf 73' lang='grc' dir='ltr'>ὓδατος</span> <span class='ocrx_word' id='word_1_510' title='bbox 2873 2534 3098 2597; x_wconf 86' lang='grc' dir='ltr'>ζῶντος,</span> <span class='ocrx_word' id='word_1_511' title='bbox 3145 2528 3236 2582; x_wconf 78' lang='grc' dir='ltr'>καὶ</span> <span class='ocrx_word' id='word_1_512' title='bbox 3286 2524 3489 2599; x_wconf 80' lang='grc' dir='ltr'>ὣρυξαν</span> <span class='ocrx_word' id='word_1_513' title='bbox 3547 2528 3766 2587; x_wconf 72' lang='grc' dir='ltr'>ἑαυτοῖς</span> 
     </span>
    </p>
   </div>
   <div class='ocr_carea' id='block_1_64' title="bbox 2116 2612 3765 2691">
    <p class='ocr_par' dir='ltr' id='par_1_64' title="bbox 2116 2612 3765 2691">
     <span class='ocr_line' id='line_1_65' title="bbox 2116 2612 3765 2691; baseline -0.002 -19"><span class='ocrx_word' id='word_1_514' title='bbox 2116 2616 2349 2679; x_wconf 82' lang='grc' dir='ltr'>λάκκους</span> <span class='ocrx_word' id='word_1_515' title='bbox 2409 2618 2923 2691; x_wconf 80' lang='grc' dir='ltr'>συντετριμμένους,</span> <span class='ocrx_word' id='word_1_516' title='bbox 2982 2615 3036 2671; x_wconf 68' lang='grc' dir='ltr'>ο⁸ί</span> <span class='ocrx_word' id='word_1_517' title='bbox 3092 2616 3153 2670; x_wconf 81' lang='grc' dir='ltr'>οὐ</span> <span class='ocrx_word' id='word_1_518' title='bbox 3213 2613 3537 2685; x_wconf 75' lang='grc' dir='ltr'>δυνήσονται</span> <span class='ocrx_word' id='word_1_519' title='bbox 3613 2612 3765 2689; x_wconf 79' lang='grc' dir='ltr'>ὕδωρ</span> 
     </span>
    </p>
   </div>
   <div class='ocr_carea' id='block_1_65' title="bbox 2115 2703 3763 2781">
    <p class='ocr_par' dir='ltr' id='par_1_65' title="bbox 2115 2703 3763 2781">
     <span class='ocr_line' id='line_1_66' title="bbox 2115 2703 3763 2781; baseline -0.002 -20"><span class='ocrx_word' id='word_1_520' title='bbox 2115 2708 2378 2781; x_wconf 87' lang='grc' dir='ltr'>συνέχειν.</span> <span class='ocrx_word' id='word_1_521' title='bbox 2414 2732 2440 2757; x_wconf 84' lang='grc'><strong>››</strong></span> <span class='ocrx_word' id='word_1_522' title='bbox 2477 2706 2578 2762; x_wconf 82' lang='grc' dir='ltr'>Καὶ</span> <span class='ocrx_word' id='word_1_523' title='bbox 2609 2707 2636 2759; x_wconf 85' lang='grc' dir='ltr'><strong>ὁ</strong></span> <span class='ocrx_word' id='word_1_524' title='bbox 2668 2703 3005 2767; x_wconf 81' lang='grc' dir='ltr'>’Δπὸστολος</span> <span class='ocrx_word' id='word_1_525' title='bbox 3039 2704 3208 2779; x_wconf 85' lang='grc' dir='ltr'>λέγει·</span> <span class='ocrx_word' id='word_1_526' title='bbox 3246 2728 3273 2756; x_wconf 87' lang='grc'>‹‹</span> <span class='ocrx_word' id='word_1_527' title='bbox 3318 2705 3373 2757; x_wconf 74' lang='grc' dir='ltr'><strong>Ὀ</strong></span> <span class='ocrx_word' id='word_1_528' title='bbox 3406 2704 3763 2779; x_wconf 78' lang='grc' dir='ltr'>ἐπιχορηγῶν</span> 
     </span>
    </p>
   </div>
   <div class='ocr_carea' id='block_1_66' title="bbox 2112 2790 3764 2869">
    <p class='ocr_par' dir='ltr' id='par_1_66' title="bbox 2112 2790 3764 2869">
     <span class='ocr_line' id='line_1_67' title="bbox 2112 2790 3764 2869; baseline -0.002 -20"><span class='ocrx_word' id='word_1_529' title='bbox 2112 2799 2247 2868; x_wconf 75' lang='grc' dir='ltr'>ἡμῖν</span> <span class='ocrx_word' id='word_1_530' title='bbox 2297 2796 2358 2849; x_wconf 86' lang='grc' dir='ltr'>τὸ</span> <span class='ocrx_word' id='word_1_531' title='bbox 2411 2800 2651 2867; x_wconf 77' lang='grc' dir='ltr'>Πνεῦμα,</span> <span class='ocrx_word' id='word_1_532' title='bbox 2702 2795 2791 2849; x_wconf 79' lang='grc' dir='ltr'>καὶ</span> <span class='ocrx_word' id='word_1_533' title='bbox 2842 2794 3072 2869; x_wconf 78' lang='grc' dir='ltr'>ἐνεργῶν</span> <span class='ocrx_word' id='word_1_534' title='bbox 3121 2793 3170 2848; x_wconf 81' lang='grc' dir='ltr'>ἐν</span> <span class='ocrx_word' id='word_1_535' title='bbox 3222 2796 3357 2866; x_wconf 74' lang='grc' dir='ltr'>ἡμῖν</span> <span class='ocrx_word' id='word_1_536' title='bbox 3399 2790 3681 2864; x_wconf 82' lang='grc' dir='ltr'>δυνάμεις.</span> <span class='ocrx_word' id='word_1_537' title='bbox 3738 2816 3764 2841; x_wconf 76' lang='lat' dir='ltr'>n</span> 
     </span>
    </p>
   </div>
   <div class='ocr_carea' id='block_1_67' title="bbox 2111 2881 3766 2959">
    <p class='ocr_par' dir='ltr' id='par_1_67' title="bbox 2111 2881 3766 2959">
     <span class='ocr_line' id='line_1_68' title="bbox 2111 2881 3766 2959; baseline -0.002 -21"><span class='ocrx_word' id='word_1_538' title='bbox 2111 2887 2233 2942; x_wconf 75' lang='grc' dir='ltr'>’Ότι</span> <span class='ocrx_word' id='word_1_539' title='bbox 2285 2882 2341 2938; x_wconf 76' lang='grc' dir='ltr'>δὲ</span> <span class='ocrx_word' id='word_1_540' title='bbox 2386 2884 2448 2937; x_wconf 89' lang='grc' dir='ltr'>τὸ</span> <span class='ocrx_word' id='word_1_541' title='bbox 2491 2881 2637 2959; x_wconf 75' lang='grc' dir='ltr'>ὕδωρ</span> <span class='ocrx_word' id='word_1_542' title='bbox 2686 2885 2747 2937; x_wconf 86' lang='grc' dir='ltr'>τὸ</span> <span class='ocrx_word' id='word_1_543' title='bbox 2804 2888 2907 2952; x_wconf 84' lang='grc' dir='ltr'>ζῶν</span> <span class='ocrx_word' id='word_1_544' title='bbox 2960 2882 3071 2937; x_wconf 84' lang='grc' dir='ltr'>ἐστι</span> <span class='ocrx_word' id='word_1_545' title='bbox 3113 2883 3173 2937; x_wconf 87' lang='grc' dir='ltr'>τὸ</span> <span class='ocrx_word' id='word_1_546' title='bbox 3208 2886 3442 2954; x_wconf 80' lang='grc' dir='ltr'>Πνεῦμα,</span> <span class='ocrx_word' id='word_1_547' title='bbox 3471 2883 3500 2935; x_wconf 85' lang='grc' dir='ltr'>ὁ</span> <span class='ocrx_word' id='word_1_548' title='bbox 3532 2881 3766 2955; x_wconf 78' lang='grc' dir='ltr'>Χριστὸς</span> 
     </span>
    </p>
   </div>
   <div class='ocr_carea' id='block_1_68' title="bbox 2113 2968 3768 3047">
    <p class='ocr_par' dir='ltr' id='par_1_68' title="bbox 2113 2968 3768 3047">
     <span class='ocr_line' id='line_1_69' title="bbox 2113 2968 3768 3047; baseline -0.003 -19"><span class='ocrx_word' id='word_1_549' title='bbox 2113 2970 2338 3043; x_wconf 79' lang='grc' dir='ltr'>ἐδίδαξε,</span> <span class='ocrx_word' id='word_1_550' title='bbox 2363 2972 2564 3047; x_wconf 86' lang='grc' dir='ltr'>λέγων.</span> <span class='ocrx_word' id='word_1_551' title='bbox 2597 2998 2615 3022; x_wconf 78' lang='grc' dir='ltr'>ε</span> <span class='ocrx_word' id='word_1_552' title='bbox 2644 2974 2705 3029; x_wconf 88' lang='grc' dir='ltr'>Ὁ</span> <span class='ocrx_word' id='word_1_553' title='bbox 2728 2973 2896 3025; x_wconf 86' lang='grc' dir='ltr'>πίνων</span> <span class='ocrx_word' id='word_1_554' title='bbox 2919 2972 2977 3026; x_wconf 83' lang='grc' dir='ltr'>ἐκ</span> <span class='ocrx_word' id='word_1_555' title='bbox 3005 2976 3102 3025; x_wconf 88' lang='grc' dir='ltr'>τοῦ</span> <span class='ocrx_word' id='word_1_556' title='bbox 3131 2968 3345 3041; x_wconf 74' lang='grc' dir='ltr'>ὕδατος,</span> <span class='ocrx_word' id='word_1_557' title='bbox 3378 2970 3441 3024; x_wconf 80' lang='grc' dir='ltr'>οὗ</span> <span class='ocrx_word' id='word_1_558' title='bbox 3474 2969 3582 3045; x_wconf 84' lang='grc' dir='ltr'>ἐγὼ</span> <span class='ocrx_word' id='word_1_559' title='bbox 3605 2968 3768 3024; x_wconf 83' lang='grc' dir='ltr'>δώσω</span> 
     </span>
    </p>
   </div>
   <div class='ocr_carea' id='block_1_69' title="bbox 2112 3058 3771 3137">
    <p class='ocr_par' dir='ltr' id='par_1_69' title="bbox 2112 3058 3771 3137">
     <span class='ocr_line' id='line_1_70' title="bbox 2112 3058 3771 3137; baseline -0.003 -21"><span class='ocrx_word' id='word_1_560' title='bbox 2112 3063 2277 3133; x_wconf 79' lang='grc' dir='ltr'>αὐτῷ,</span> <span class='ocrx_word' id='word_1_561' title='bbox 2310 3062 2489 3125; x_wconf 82' lang='grc' dir='ltr'>καθὼς</span> <span class='ocrx_word' id='word_1_562' title='bbox 2541 3061 2682 3115; x_wconf 72' lang='grc' dir='ltr'>εἶπεν</span> <span class='ocrx_word' id='word_1_563' title='bbox 2741 3064 2775 3130; x_wconf 80' lang='grc' dir='ltr'>ἡ</span> <span class='ocrx_word' id='word_1_564' title='bbox 2818 3062 3026 3137; x_wconf 74' lang='grc' dir='ltr'>Γραφῆ,</span> <span class='ocrx_word' id='word_1_565' title='bbox 3061 3059 3300 3132; x_wconf 80' lang='grc' dir='ltr'>ποταμοὶ</span> <span class='ocrx_word' id='word_1_566' title='bbox 3335 3059 3394 3114; x_wconf 83' lang='grc' dir='ltr'>ἐκ</span> <span class='ocrx_word' id='word_1_567' title='bbox 3421 3066 3521 3127; x_wconf 79' lang='grc' dir='ltr'>τῆς</span> <span class='ocrx_word' id='word_1_568' title='bbox 3550 3058 3771 3119; x_wconf 79' lang='grc' dir='ltr'>κοιλίας</span> 
     </span>
    </p>
   </div>
   <div class='ocr_carea' id='block_1_70' title="bbox 2111 3147 3767 3227">
    <p class='ocr_par' dir='ltr' id='par_1_70' title="bbox 2111 3147 3767 3227">
     <span class='ocr_line' id='line_1_71' title="bbox 2111 3147 3767 3227; baseline -0.003 -22"><span class='ocrx_word' id='word_1_569' title='bbox 2111 3149 2274 3205; x_wconf 82' lang='grc' dir='ltr'>αὑτοῦ</span> <span class='ocrx_word' id='word_1_570' title='bbox 2308 3149 2583 3227; x_wconf 69' lang='grc' dir='ltr'>ῥεύσουσιν</span> <span class='ocrx_word' id='word_1_571' title='bbox 2613 3147 2805 3211; x_wconf 79' lang='grc' dir='ltr'>ὕδατος</span> <span class='ocrx_word' id='word_1_572' title='bbox 2848 3153 3070 3218; x_wconf 86' lang='grc' dir='ltr'>ζῶντος.</span> <span class='ocrx_word' id='word_1_573' title='bbox 3110 3172 3138 3199; x_wconf 88' lang='grc'><strong>››</strong></span> <span class='ocrx_word' id='word_1_574' title='bbox 3170 3148 3272 3205; x_wconf 83' lang='grc' dir='ltr'>Καὶ</span> <span class='ocrx_word' id='word_1_575' title='bbox 3305 3147 3486 3223; x_wconf 81' lang='grc' dir='ltr'>ἐπάγει</span> <span class='ocrx_word' id='word_1_576' title='bbox 3528 3149 3557 3201; x_wconf 78' lang='grc' dir='ltr'>ὁ</span> <span class='ocrx_word' id='word_1_577' title='bbox 3609 3148 3767 3222; x_wconf 66' lang='grc' dir='ltr'>εὐαγ-</span> 
     </span>
    </p>
   </div>
   <div class='ocr_carea' id='block_1_71' title="bbox 2031 3212 3768 3317">
    <p class='ocr_par' dir='ltr' id='par_1_71' title="bbox 2031 3212 3768 3317">
     <span class='ocr_line' id='line_1_72' title="bbox 2031 3212 3768 3317; baseline -0.005 -22"><span class='ocrx_word' id='word_1_578' title='bbox 2031 3212 2073 3279; x_wconf 76' lang='lat' dir='ltr'>C</span> <span class='ocrx_word' id='word_1_579' title='bbox 2110 3212 2366 3317; x_wconf 62' lang='grc' dir='ltr'>γελιστης</span> <span class='ocrx_word' id='word_1_580' title='bbox 2416 3238 2608 3312; x_wconf 86' lang='grc' dir='ltr'>λέγων·</span> <span class='ocrx_word' id='word_1_581' title='bbox 2663 3263 2691 3288; x_wconf 75' lang='grc' dir='ltr'>ί(</span> <span class='ocrx_word' id='word_1_582' title='bbox 2738 3212 2906 3292; x_wconf 70' lang='grc' dir='ltr'>Τοῦτο</span> <span class='ocrx_word' id='word_1_583' title='bbox 2956 3234 3013 3291; x_wconf 76' lang='grc' dir='ltr'>δὲ</span> <span class='ocrx_word' id='word_1_584' title='bbox 3057 3235 3213 3311; x_wconf 81' lang='grc' dir='ltr'>ἔλεγε</span> <span class='ocrx_word' id='word_1_585' title='bbox 3242 3237 3365 3312; x_wconf 82' lang='grc' dir='ltr'>περὶ</span> <span class='ocrx_word' id='word_1_586' title='bbox 3393 3212 3491 3291; x_wconf 70' lang='grc' dir='ltr'>τόῦ</span> <span class='ocrx_word' id='word_1_587' title='bbox 3522 3212 3768 3307; x_wconf 72' lang='grc' dir='ltr'>[Ινεύμά-</span> 
     </span>
    </p>
   </div>
   <div class='ocr_carea' id='block_1_72' title="bbox 2108 3322 3764 3400">
    <p class='ocr_par' dir='ltr' id='par_1_72' title="bbox 2108 3322 3764 3400">
     <span class='ocr_line' id='line_1_73' title="bbox 2108 3322 3764 3400; baseline -0.006 -17"><span class='ocrx_word' id='word_1_588' title='bbox 2108 3350 2222 3396; x_wconf 90' lang='grc' dir='ltr'>τος,</span> <span class='ocrx_word' id='word_1_589' title='bbox 2256 3328 2315 3383; x_wconf 80' lang='grc' dir='ltr'>οὗ</span> <span class='ocrx_word' id='word_1_590' title='bbox 2345 3325 2594 3399; x_wconf 75' lang='grc' dir='ltr'>ἤμελλον</span> <span class='ocrx_word' id='word_1_591' title='bbox 2630 3322 2925 3400; x_wconf 79' lang='grc' dir='ltr'>λαμϐάνειν</span> <span class='ocrx_word' id='word_1_592' title='bbox 2957 3328 3009 3381; x_wconf 78' lang='grc' dir='ltr'>οἱ</span> <span class='ocrx_word' id='word_1_593' title='bbox 3040 3325 3379 3387; x_wconf 81' lang='grc' dir='ltr'>πιστεύοντες</span> <span class='ocrx_word' id='word_1_594' title='bbox 3410 3324 3486 3385; x_wconf 80' lang='grc' dir='ltr'>εἷς</span> <span class='ocrx_word' id='word_1_595' title='bbox 3517 3323 3704 3381; x_wconf 80' lang='grc' dir='ltr'>αὐτόν,</span> <span class='ocrx_word' id='word_1_596' title='bbox 3739 3350 3764 3373; x_wconf 77' lang='grc' dir='ltr'>ι)</span> 
     </span>
    </p>
   </div>
   <div class='ocr_carea' id='block_1_73' title="bbox 2112 3413 3763 3491">
    <p class='ocr_par' dir='ltr' id='par_1_73' title="bbox 2112 3413 3763 3491">
     <span class='ocr_line' id='line_1_74' title="bbox 2112 3413 3763 3491; baseline -0.005 -16"><span class='ocrx_word' id='word_1_597' title='bbox 2112 3419 2279 3475; x_wconf 81' lang='grc' dir='ltr'>Πόθεν</span> <span class='ocrx_word' id='word_1_598' title='bbox 2313 3417 2403 3471; x_wconf 78' lang='grc' dir='ltr'>οὗν</span> <span class='ocrx_word' id='word_1_599' title='bbox 2454 3420 2615 3471; x_wconf 85' lang='grc' dir='ltr'>τοῦτο</span> <span class='ocrx_word' id='word_1_600' title='bbox 2665 3416 2725 3470; x_wconf 87' lang='grc' dir='ltr'>τὸ</span> <span class='ocrx_word' id='word_1_601' title='bbox 2758 3413 2942 3491; x_wconf 76' lang='grc' dir='ltr'>ὕδωρ;</span> <span class='ocrx_word' id='word_1_602' title='bbox 2977 3413 3147 3485; x_wconf 83' lang='grc' dir='ltr'>δῆλον</span> <span class='ocrx_word' id='word_1_603' title='bbox 3181 3414 3284 3469; x_wconf 82' lang='grc' dir='ltr'>ἆτὸ</span> <span class='ocrx_word' id='word_1_604' title='bbox 3313 3415 3411 3482; x_wconf 77' lang='grc' dir='ltr'>τῆς</span> <span class='ocrx_word' id='word_1_605' title='bbox 3440 3420 3629 3489; x_wconf 77' lang='grc' dir='ltr'>πηγῆς</span> <span class='ocrx_word' id='word_1_606' title='bbox 3660 3420 3763 3481; x_wconf 80' lang='grc' dir='ltr'>τῆς</span> 
     </span>
    </p>
   </div>
   <div class='ocr_carea' id='block_1_74' title="bbox 2111 3500 3764 3580">
    <p class='ocr_par' dir='ltr' id='par_1_74' title="bbox 2111 3500 3764 3580">
     <span class='ocr_line' id='line_1_75' title="bbox 2111 3500 3764 3580; baseline -0.005 -17"><span class='ocrx_word' id='word_1_607' title='bbox 2111 3506 2400 3580; x_wconf 76' lang='grc' dir='ltr'>λεγούσης·</span> <span class='ocrx_word' id='word_1_608' title='bbox 2448 3529 2476 3555; x_wconf 89' lang='grc'>‹‹</span> <span class='ocrx_word' id='word_1_609' title='bbox 2527 3505 2657 3577; x_wconf 76' lang='grc' dir='ltr'>Ἐμὲ</span> <span class='ocrx_word' id='word_1_610' title='bbox 2713 3502 3083 3579; x_wconf 70' lang='grc' dir='ltr'>ἐγκατέλιποι,</span> <span class='ocrx_word' id='word_1_611' title='bbox 3136 3504 3317 3579; x_wconf 76' lang='grc' dir='ltr'>πηγὴν</span> <span class='ocrx_word' id='word_1_612' title='bbox 3360 3500 3559 3563; x_wconf 73' lang='grc' dir='ltr'>ὕδατος</span> <span class='ocrx_word' id='word_1_613' title='bbox 3624 3506 3764 3570; x_wconf 80' lang='grc' dir='ltr'>ζῶν-</span> 
     </span>
    </p>
   </div>
   <div class='ocr_carea' id='block_1_75' title="bbox 2112 3617 2294 3656">
    <p class='ocr_par' dir='ltr' id='par_1_75' title="bbox 2112 3617 2294 3656">
     <span class='ocr_line' id='line_1_76' title="bbox 2112 3617 2294 3656; baseline -0.005 -11"><span class='ocrx_word' id='word_1_614' title='bbox 2112 3617 2227 3656; x_wconf 80' lang='grc' dir='ltr'>τος,</span> <span class='ocrx_word' id='word_1_615' title='bbox 2268 3618 2294 3644; x_wconf 88' lang='grc'><strong>››</strong></span> 
     </span>
    </p>
   </div>
   <div class='ocr_carea' id='block_1_76' title="bbox 356 3682 3766 3767">
    <p class='ocr_par' dir='ltr' id='par_1_76' title="bbox 356 3682 3766 3767">
     <span class='ocr_line' id='line_1_77' title="bbox 356 3682 3766 3767; baseline -0.006 -8"><span class='ocrx_word' id='word_1_616' title='bbox 356 3710 473 3759; x_wconf 86' lang='lat' dir='ltr'>tem</span> <span class='ocrx_word' id='word_1_617' title='bbox 507 3701 651 3756; x_wconf 90' lang='lat' dir='ltr'>dixit</span> <span class='ocrx_word' id='word_1_618' title='bbox 680 3699 749 3752; x_wconf 91' lang='lat' dir='ltr'>de</span> <span class='ocrx_word' id='word_1_619' title='bbox 778 3693 1016 3767; x_wconf 89' lang='lat' dir='ltr'>Spiritu,</span> <span class='ocrx_word' id='word_1_620' title='bbox 1049 3705 1223 3761; x_wconf 86' lang='lat' dir='ltr'>quem</span> <span class='ocrx_word' id='word_1_621' title='bbox 1256 3685 1547 3757; x_wconf 88' lang='lat' dir='ltr'>accepturi</span> <span class='ocrx_word' id='word_1_622' title='bbox 1578 3691 1743 3740; x_wconf 90' lang='lat' dir='ltr'>erant</span> <span class='ocrx_word' id='word_1_623' title='bbox 1773 3687 2075 3743; x_wconf 87' lang='lat' dir='ltr'>credentes</span> <span class='ocrx_word' id='word_1_624' title='bbox 2107 3687 2166 3741; x_wconf 94' lang='lat' dir='ltr'>in</span> <span class='ocrx_word' id='word_1_625' title='bbox 2197 3700 2331 3740; x_wconf 90' lang='lat' dir='ltr'>eum</span> <span class='ocrx_word' id='word_1_626' title='bbox 2361 3685 2431 3740; x_wconf 72' lang='grc' dir='ltr'>τί.</span> <span class='ocrx_word' id='word_1_627' title='bbox 2472 3706 2498 3732; x_wconf 87' lang='grc'><strong>››</strong></span> <span class='ocrx_word' id='word_1_628' title='bbox 2532 3682 2695 3738; x_wconf 90' lang='lat' dir='ltr'>Unde</span> <span class='ocrx_word' id='word_1_629' title='bbox 2725 3699 2861 3756; x_wconf 87' lang='lat' dir='ltr'>ergo</span> <span class='ocrx_word' id='word_1_630' title='bbox 2893 3684 3013 3739; x_wconf 63' lang='lat' dir='ltr'>haec</span> <span class='ocrx_word' id='word_1_631' title='bbox 3044 3700 3198 3755; x_wconf 89' lang='lat' dir='ltr'>aqua</span> <span class='ocrx_word' id='word_1_632' title='bbox 3254 3682 3333 3737; x_wconf 88' lang='lat' dir='ltr'>sit</span> <span class='ocrx_word' id='word_1_633' title='bbox 3380 3682 3766 3737; x_wconf 84' lang='lat' dir='ltr'>manifestum</span> 
     </span>
    </p>
   </div>
   <div class='ocr_carea' id='block_1_77' title="bbox 360 3773 2827 3855">
    <p class='ocr_par' dir='ltr' id='par_1_77' title="bbox 360 3773 2827 3855">
     <span class='ocr_line' id='line_1_78' title="bbox 360 3773 2827 3855; baseline -0.009 -7"><span class='ocrx_word' id='word_1_634' title='bbox 360 3799 466 3855; x_wconf 89' lang='lat' dir='ltr'>est,</span> <span class='ocrx_word' id='word_1_635' title='bbox 501 3808 567 3845; x_wconf 81' lang='lat' dir='ltr'>ex</span> <span class='ocrx_word' id='word_1_636' title='bbox 600 3789 753 3844; x_wconf 87' lang='lat' dir='ltr'>fonte</span> <span class='ocrx_word' id='word_1_637' title='bbox 783 3782 1063 3839; x_wconf 89' lang='lat' dir='ltr'>nimirum</span> <span class='ocrx_word' id='word_1_638' title='bbox 1096 3778 1194 3833; x_wconf 91' lang='lat' dir='ltr'>illo</span> <span class='ocrx_word' id='word_1_639' title='bbox 1226 3776 1326 3847; x_wconf 91' lang='lat' dir='ltr'>qui</span> <span class='ocrx_word' id='word_1_640' title='bbox 1359 3775 1504 3829; x_wconf 81' lang='lat' dir='ltr'>dixit</span> <span class='ocrx_word' id='word_1_641' title='bbox 1536 3790 1548 3827; x_wconf 89' lang='lat'><strong>:</strong></span> <span class='ocrx_word' id='word_1_642' title='bbox 1589 3797 1609 3823; x_wconf 76' lang='grc' dir='ltr'>ε</span> <span class='ocrx_word' id='word_1_643' title='bbox 1648 3775 1732 3829; x_wconf 87' lang='lat' dir='ltr'>Me</span> <span class='ocrx_word' id='word_1_644' title='bbox 1765 3775 2129 3847; x_wconf 88' lang='lat' dir='ltr'>reliquerunt</span> <span class='ocrx_word' id='word_1_645' title='bbox 2158 3775 2378 3829; x_wconf 78' lang='lat' dir='ltr'>fontem</span> <span class='ocrx_word' id='word_1_646' title='bbox 2411 3788 2578 3844; x_wconf 69' lang='lat' dir='ltr'>aquae</span> <span class='ocrx_word' id='word_1_647' title='bbox 2607 3773 2761 3827; x_wconf 71' lang='lat' dir='ltr'>vivae.</span> <span class='ocrx_word' id='word_1_648' title='bbox 2801 3795 2827 3821; x_wconf 86' lang='lat'>»</span> 
     </span>
    </p>
   </div>
   <div class='ocr_carea' id='block_1_78' title="bbox 428 3863 2009 3933">
    <p class='ocr_par' dir='ltr' id='par_1_78' title="bbox 428 3863 2009 3933">
     <span class='ocr_line' id='line_1_79' title="bbox 428 3863 2009 3933; baseline -0.01 1"><span class='ocrx_word' id='word_1_649' title='bbox 428 3882 516 3933; x_wconf 80' lang='lat'>20.</span> <span class='ocrx_word' id='word_1_650' title='bbox 552 3880 740 3933; x_wconf 84' lang='lat' dir='ltr'>Anom.</span> <span class='ocrx_word' id='word_1_651' title='bbox 774 3874 829 3928; x_wconf 84' lang='lat' dir='ltr'>Si</span> <span class='ocrx_word' id='word_1_652' title='bbox 871 3870 1062 3927; x_wconf 89' lang='lat' dir='ltr'>omnis</span> <span class='ocrx_word' id='word_1_653' title='bbox 1111 3865 1443 3921; x_wconf 88' lang='lat' dir='ltr'>substantia</span> <span class='ocrx_word' id='word_1_654' title='bbox 1493 3880 1608 3918; x_wconf 90' lang='lat' dir='ltr'>non</span> <span class='ocrx_word' id='word_1_655' title='bbox 1653 3863 1851 3933; x_wconf 86' lang='lat' dir='ltr'>genita</span> <span class='ocrx_word' id='word_1_656' title='bbox 1897 3869 2009 3933; x_wconf 88' lang='lat' dir='ltr'>est,</span> 
     </span>
    </p>
   </div>
   <div class='ocr_carea' id='block_1_79' title="bbox 364 3951 2007 4035">
    <p class='ocr_par' dir='ltr' id='par_1_79' title="bbox 364 3951 2007 4035">
     <span class='ocr_line' id='line_1_80' title="bbox 364 3951 2007 4035; baseline -0.012 -12"><span class='ocrx_word' id='word_1_657' title='bbox 364 3970 525 4023; x_wconf 89' lang='lat' dir='ltr'>nulla</span> <span class='ocrx_word' id='word_1_658' title='bbox 556 3965 951 4035; x_wconf 87' lang='lat' dir='ltr'>distinguetur</span> <span class='ocrx_word' id='word_1_659' title='bbox 981 3960 1051 4013; x_wconf 93' lang='lat' dir='ltr'>ab</span> <span class='ocrx_word' id='word_1_660' title='bbox 1088 3956 1224 4021; x_wconf 90' lang='lat' dir='ltr'>alia,</span> <span class='ocrx_word' id='word_1_661' title='bbox 1259 3954 1396 4025; x_wconf 88' lang='lat' dir='ltr'>quia</span> <span class='ocrx_word' id='word_1_662' title='bbox 1428 3951 1592 4007; x_wconf 90' lang='lat' dir='ltr'>nulla</span> <span class='ocrx_word' id='word_1_663' title='bbox 1622 3952 1772 4006; x_wconf 86' lang='lat' dir='ltr'>alius</span> <span class='ocrx_word' id='word_1_664' title='bbox 1822 3953 2007 4006; x_wconf 85' lang='lat' dir='ltr'>domi-</span> 
     </span>
    </p>
   </div>
   <div class='ocr_carea' id='block_1_80' title="bbox 364 4041 2006 4117">
    <p class='ocr_par' dir='ltr' id='par_1_80' title="bbox 364 4041 2006 4117">
     <span class='ocr_line' id='line_1_81' title="bbox 364 4041 2006 4117; baseline -0.01 -5"><span class='ocrx_word' id='word_1_665' title='bbox 364 4060 527 4112; x_wconf 88' lang='lat' dir='ltr'>nium</span> <span class='ocrx_word' id='word_1_666' title='bbox 562 4055 736 4109; x_wconf 92' lang='lat' dir='ltr'>habet</span> <span class='ocrx_word' id='word_1_667' title='bbox 769 4068 781 4105; x_wconf 90' lang='lat'><strong>:</strong></span> <span class='ocrx_word' id='word_1_668' title='bbox 808 4055 863 4105; x_wconf 93' lang='lat' dir='ltr'>et</span> <span class='ocrx_word' id='word_1_669' title='bbox 889 4050 970 4104; x_wconf 89' lang='lat' dir='ltr'>ita</span> <span class='ocrx_word' id='word_1_670' title='bbox 992 4042 1422 4117; x_wconf 88' lang='lat' dir='ltr'>quedammodo</span> <span class='ocrx_word' id='word_1_671' title='bbox 1444 4041 1573 4111; x_wconf 91' lang='lat' dir='ltr'>quis</span> <span class='ocrx_word' id='word_1_672' title='bbox 1600 4046 1753 4096; x_wconf 86' lang='lat' dir='ltr'>recte</span> <span class='ocrx_word' id='word_1_673' title='bbox 1777 4041 2006 4108; x_wconf 85' lang='lat' dir='ltr'>dixerit,</span> 
     </span>
    </p>
   </div>
   <div class='ocr_carea' id='block_1_81' title="bbox 362 4130 2008 4211">
    <p class='ocr_par' dir='ltr' id='par_1_81' title="bbox 362 4130 2008 4211">
     <span class='ocr_line' id='line_1_82' title="bbox 362 4130 2008 4211; baseline -0.01 -13"><span class='ocrx_word' id='word_1_674' title='bbox 362 4147 512 4198; x_wconf 88' lang='lat' dir='ltr'>hanc</span> <span class='ocrx_word' id='word_1_675' title='bbox 544 4141 780 4211; x_wconf 90' lang='lat' dir='ltr'>quidem</span> <span class='ocrx_word' id='word_1_676' title='bbox 812 4133 1217 4197; x_wconf 76' lang='lat' dir='ltr'>transmutari,</span> <span class='ocrx_word' id='word_1_677' title='bbox 1252 4130 1495 4185; x_wconf 87' lang='lat' dir='ltr'>alteram</span> <span class='ocrx_word' id='word_1_678' title='bbox 1544 4145 1675 4183; x_wconf 85' lang='lat' dir='ltr'>vero</span> <span class='ocrx_word' id='word_1_679' title='bbox 1704 4139 2008 4183; x_wconf 83' lang='lat' dir='ltr'>transmu-</span> 
     </span>
    </p>
   </div>
   <div class='ocr_carea' id='block_1_82' title="bbox 370 4216 2011 4292">
    <p class='ocr_par' dir='ltr' id='par_1_82' title="bbox 370 4216 2011 4292">
     <span class='ocr_line' id='line_1_83' title="bbox 370 4216 2011 4292; baseline -0.009 -7"><span class='ocrx_word' id='word_1_680' title='bbox 370 4230 536 4286; x_wconf 82' lang='lat' dir='ltr'>tare?</span> <span class='ocrx_word' id='word_1_681' title='bbox 580 4244 712 4283; x_wconf 87' lang='lat' dir='ltr'>cum</span> <span class='ocrx_word' id='word_1_682' title='bbox 744 4242 822 4280; x_wconf 70' lang='lat' dir='ltr'>eas</span> <span class='ocrx_word' id='word_1_683' title='bbox 853 4242 967 4279; x_wconf 89' lang='lat' dir='ltr'>non</span> <span class='ocrx_word' id='word_1_684' title='bbox 1000 4220 1339 4292; x_wconf 86' lang='lat' dir='ltr'>permittant</span> <span class='ocrx_word' id='word_1_685' title='bbox 1385 4218 1566 4272; x_wconf 90' lang='lat' dir='ltr'>Deum</span> <span class='ocrx_word' id='word_1_686' title='bbox 1598 4216 1917 4272; x_wconf 87' lang='lat' dir='ltr'>subsistere</span> <span class='ocrx_word' id='word_1_687' title='bbox 1944 4233 2011 4271; x_wconf 84' lang='lat' dir='ltr'>ex</span> 
     </span>
    </p>
   </div>
   <div class='ocr_carea' id='block_1_83' title="bbox 360 4305 2010 4385">
    <p class='ocr_par' dir='ltr' id='par_1_83' title="bbox 360 4305 2010 4385">
     <span class='ocr_line' id='line_1_84' title="bbox 360 4305 2010 4385; baseline -0.009 -11"><span class='ocrx_word' id='word_1_688' title='bbox 360 4337 473 4374; x_wconf 87' lang='lat' dir='ltr'>non</span> <span class='ocrx_word' id='word_1_689' title='bbox 528 4316 793 4385; x_wconf 86' lang='lat' dir='ltr'>subjecta</span> <span class='ocrx_word' id='word_1_690' title='bbox 840 4308 1192 4367; x_wconf 87' lang='lat' dir='ltr'>substantia.</span> <span class='ocrx_word' id='word_1_691' title='bbox 1251 4305 1403 4361; x_wconf 82' lang='lat' dir='ltr'>Orth.</span> <span class='ocrx_word' id='word_1_692' title='bbox 1455 4306 1695 4369; x_wconf 90' lang='lat' dir='ltr'>Quando</span> <span class='ocrx_word' id='word_1_693' title='bbox 1743 4306 1845 4360; x_wconf 87' lang='lat' dir='ltr'>tibi</span> <span class='ocrx_word' id='word_1_694' title='bbox 1890 4305 2010 4360; x_wconf 64' lang='lat' dir='ltr'>haec</span> 
     </span>
    </p>
   </div>
   <div class='ocr_carea' id='block_1_84' title="bbox 356 4394 2008 4467">
    <p class='ocr_par' dir='ltr' id='par_1_84' title="bbox 356 4394 2008 4467">
     <span class='ocr_line' id='line_1_85' title="bbox 356 4394 2008 4467; baseline -0.008 -5"><span class='ocrx_word' id='word_1_695' title='bbox 356 4408 498 4461; x_wconf 86' lang='lat' dir='ltr'>libet</span> <span class='ocrx_word' id='word_1_696' title='bbox 526 4411 645 4460; x_wconf 86' lang='lat' dir='ltr'>tam</span> <span class='ocrx_word' id='word_1_697' title='bbox 688 4404 955 4467; x_wconf 90' lang='lat' dir='ltr'>obscure,</span> <span class='ocrx_word' id='word_1_698' title='bbox 1008 4398 1261 4462; x_wconf 88' lang='lat' dir='ltr'>indocte,</span> <span class='ocrx_word' id='word_1_699' title='bbox 1317 4401 1373 4449; x_wconf 90' lang='lat' dir='ltr'>et</span> <span class='ocrx_word' id='word_1_700' title='bbox 1422 4394 1691 4466; x_wconf 81' lang='lat' dir='ltr'>perplexe</span> <span class='ocrx_word' id='word_1_701' title='bbox 1735 4395 2008 4461; x_wconf 89' lang='lat' dir='ltr'>scribere,</span> 
     </span>
    </p>
   </div>
   <div class='ocr_carea' id='block_1_85' title="bbox 2187 3856 3773 3933">
    <p class='ocr_par' dir='ltr' id='par_1_85' title="bbox 2187 3856 3773 3933">
     <span class='ocr_line' id='line_1_86' title="bbox 2187 3856 3773 3933; baseline -0.003 -17"><span class='ocrx_word' id='word_1_702' title='bbox 2187 3864 2276 3917; x_wconf 86' lang='lat'>29.</span> <span class='ocrx_word' id='word_1_703' title='bbox 2330 3859 2523 3933; x_wconf 87' lang='grc' dir='ltr'>Ἀνόμ.</span> <span class='ocrx_word' id='word_1_704' title='bbox 2584 3859 2646 3913; x_wconf 81' lang='grc' dir='ltr'>Εἰ</span> <span class='ocrx_word' id='word_1_705' title='bbox 2678 3866 2819 3913; x_wconf 78' lang='grc' dir='ltr'>πᾶσα</span> <span class='ocrx_word' id='word_1_706' title='bbox 2877 3859 3031 3914; x_wconf 82' lang='grc' dir='ltr'>οὐσία</span> <span class='ocrx_word' id='word_1_707' title='bbox 3085 3858 3225 3914; x_wconf 67' lang='grc' dir='ltr'>ἐστὶν</span> <span class='ocrx_word' id='word_1_708' title='bbox 3282 3859 3593 3933; x_wconf 84' lang='grc' dir='ltr'>ἀγέννητος,</span> <span class='ocrx_word' id='word_1_709' title='bbox 3653 3856 3773 3913; x_wconf 80' lang='grc' dir='ltr'>οὐδ’</span> 
     </span>
    </p>
   </div>
   <div class='ocr_carea' id='block_1_86' title="bbox 2118 3945 3770 4025">
    <p class='ocr_par' dir='ltr' id='par_1_86' title="bbox 2118 3945 3770 4025">
     <span class='ocr_line' id='line_1_87' title="bbox 2118 3945 3770 4025; baseline -0.002 -22"><span class='ocrx_word' id='word_1_710' title='bbox 2118 3949 2349 4025; x_wconf 81' lang='grc' dir='ltr'>ὁποτέρα</span> <span class='ocrx_word' id='word_1_711' title='bbox 2398 3946 2585 4003; x_wconf 79' lang='grc' dir='ltr'>διοίσει</span> <span class='ocrx_word' id='word_1_712' title='bbox 2635 3955 2733 4018; x_wconf 82' lang='grc' dir='ltr'>τῆς</span> <span class='ocrx_word' id='word_1_713' title='bbox 2786 3947 2965 4018; x_wconf 75' lang='grc' dir='ltr'>ἄλλης</span> <span class='ocrx_word' id='word_1_714' title='bbox 3013 3948 3150 4002; x_wconf 84' lang='grc' dir='ltr'>κατά</span> <span class='ocrx_word' id='word_1_715' title='bbox 3193 3947 3256 4002; x_wconf 83' lang='grc' dir='ltr'>τὸ</span> <span class='ocrx_word' id='word_1_716' title='bbox 3290 3945 3604 4002; x_wconf 83' lang='grc' dir='ltr'>ἀδέσποτον.</span> <span class='ocrx_word' id='word_1_717' title='bbox 3640 3948 3770 4008; x_wconf 84' lang='grc' dir='ltr'>Πῶς</span> 
     </span>
    </p>
   </div>
   <div class='ocr_carea' id='block_1_87' title="bbox 2120 4031 3771 4115">
    <p class='ocr_par' dir='ltr' id='par_1_87' title="bbox 2120 4031 3771 4115">
     <span class='ocr_line' id='line_1_88' title="bbox 2120 4031 3771 4115; baseline -0.002 -23"><span class='ocrx_word' id='word_1_718' title='bbox 2120 4036 2177 4093; x_wconf 76' lang='grc' dir='ltr'>δὲ</span> <span class='ocrx_word' id='word_1_719' title='bbox 2207 4037 2265 4092; x_wconf 71' lang='grc' dir='ltr'>ἃν</span> <span class='ocrx_word' id='word_1_720' title='bbox 2317 4059 2401 4100; x_wconf 85' lang='grc' dir='ltr'>τις</span> <span class='ocrx_word' id='word_1_721' title='bbox 2447 4038 2576 4115; x_wconf 76' lang='grc' dir='ltr'>φαίη</span> <span class='ocrx_word' id='word_1_722' title='bbox 2626 4037 2726 4104; x_wconf 72' lang='grc' dir='ltr'>τὴν</span> <span class='ocrx_word' id='word_1_723' title='bbox 2780 4038 2873 4108; x_wconf 74' lang='grc' dir='ltr'>μὲν</span> <span class='ocrx_word' id='word_1_724' title='bbox 2928 4031 3362 4110; x_wconf 78' lang='grc' dir='ltr'>μεταϐάλλεσθαι</span> <span class='ocrx_word' id='word_1_725' title='bbox 3405 4038 3538 4109; x_wconf 88' lang='lat'>(89),</span> <span class='ocrx_word' id='word_1_726' title='bbox 3577 4037 3678 4104; x_wconf 72' lang='grc' dir='ltr'>τήν</span> <span class='ocrx_word' id='word_1_727' title='bbox 3712 4033 3771 4089; x_wconf 77' lang='grc' dir='ltr'>δὲ</span> 
     </span>
    </p>
   </div>
   <div class='ocr_carea' id='block_1_88' title="bbox 2123 4122 3774 4203">
    <p class='ocr_par' dir='ltr' id='par_1_88' title="bbox 2123 4122 3774 4203">
     <span class='ocr_line' id='line_1_89' title="bbox 2123 4122 3774 4203; baseline -0.002 -22"><span class='ocrx_word' id='word_1_728' title='bbox 2123 4122 2508 4200; x_wconf 69' lang='grc' dir='ltr'>μεταϐάλλειν,</span> <span class='ocrx_word' id='word_1_729' title='bbox 2561 4124 2660 4180; x_wconf 80' lang='grc' dir='ltr'>οὐκ</span> <span class='ocrx_word' id='word_1_730' title='bbox 2706 4125 3105 4200; x_wconf 83' lang='grc' dir='ltr'>ἐπιτρεπόντων</span> <span class='ocrx_word' id='word_1_731' title='bbox 3153 4130 3233 4198; x_wconf 79' lang='grc' dir='ltr'>τῷ</span> <span class='ocrx_word' id='word_1_732' title='bbox 3280 4129 3395 4197; x_wconf 82' lang='grc' dir='ltr'>Θεῷ</span> <span class='ocrx_word' id='word_1_733' title='bbox 3440 4125 3661 4203; x_wconf 50' lang='lat' dir='ltr'>iiuna-15v</span> <span class='ocrx_word' id='word_1_734' title='bbox 3712 4123 3774 4178; x_wconf 70' lang='grc' dir='ltr'>ἐκ</span> 
     </span>
    </p>
   </div>
   <div class='ocr_carea' id='block_1_89' title="bbox 2124 4212 3771 4290">
    <p class='ocr_par' dir='ltr' id='par_1_89' title="bbox 2124 4212 3771 4290">
     <span class='ocr_line' id='line_1_90' title="bbox 2124 4212 3771 4290; baseline -0.002 -21"><span class='ocrx_word' id='word_1_735' title='bbox 2124 4220 2198 4287; x_wconf 80' lang='grc' dir='ltr'>μή</span> <span class='ocrx_word' id='word_1_736' title='bbox 2253 4216 2614 4287; x_wconf 79' lang='grc' dir='ltr'>ὑποκειμένης</span> <span class='ocrx_word' id='word_1_737' title='bbox 2663 4214 2887 4283; x_wconf 81' lang='grc' dir='ltr'>οὗσίας;</span> <span class='ocrx_word' id='word_1_738' title='bbox 2938 4216 3084 4289; x_wconf 86' lang='grc' dir='ltr'>Ὀρθ.</span> <span class='ocrx_word' id='word_1_739' title='bbox 3132 4214 3196 4270; x_wconf 73' lang='grc' dir='ltr'>Εἰ</span> <span class='ocrx_word' id='word_1_740' title='bbox 3246 4215 3334 4269; x_wconf 83' lang='grc' dir='ltr'>καὶ</span> <span class='ocrx_word' id='word_1_741' title='bbox 3384 4214 3626 4290; x_wconf 64' lang='grc' dir='ltr'>ἀσαφῶς,</span> <span class='ocrx_word' id='word_1_742' title='bbox 3678 4212 3771 4266; x_wconf 69' lang='grc' dir='ltr'>καὶ</span> 
     </span>
    </p>
   </div>
   <div class='ocr_carea' id='block_1_90' title="bbox 2120 4300 3773 4381">
    <p class='ocr_par' dir='ltr' id='par_1_90' title="bbox 2120 4300 3773 4381">
     <span class='ocr_line' id='line_1_91' title="bbox 2120 4300 3773 4381; baseline -0.001 -24"><span class='ocrx_word' id='word_1_743' title='bbox 2120 4301 2478 4375; x_wconf 75' lang='grc' dir='ltr'>ἀπαιδεύτως,</span> <span class='ocrx_word' id='word_1_744' title='bbox 2536 4303 2624 4358; x_wconf 83' lang='grc' dir='ltr'>καὶ</span> <span class='ocrx_word' id='word_1_745' title='bbox 2673 4302 3134 4376; x_wconf 85' lang='grc' dir='ltr'>συνεσκιασμένως</span> <span class='ocrx_word' id='word_1_746' title='bbox 3183 4304 3426 4381; x_wconf 64' lang='grc' dir='ltr'>γράφεις,</span> <span class='ocrx_word' id='word_1_747' title='bbox 3459 4300 3586 4358; x_wconf 84' lang='grc' dir='ltr'>ἀλλ’</span> <span class='ocrx_word' id='word_1_748' title='bbox 3615 4300 3773 4375; x_wconf 76' lang='grc' dir='ltr'>ὅμως</span> 
     </span>
    </p>
   </div>
   <div class='ocr_carea' id='block_1_91' title="bbox 2119 4388 3769 4467">
    <p class='ocr_par' dir='ltr' id='par_1_91' title="bbox 2119 4388 3769 4467">
     <span class='ocr_line' id='line_1_92' title="bbox 2119 4388 3769 4467; baseline -0.002 -21"><span class='ocrx_word' id='word_1_749' title='bbox 2119 4396 2281 4465; x_wconf 78' lang='grc' dir='ltr'>ἡμεῖς</span> <span class='ocrx_word' id='word_1_750' title='bbox 2311 4390 2474 4445; x_wconf 86' lang='grc' dir='ltr'>πάλιν</span> <span class='ocrx_word' id='word_1_751' title='bbox 2508 4391 2735 4467; x_wconf 76' lang='grc' dir='ltr'>ἐροῦμεν</span> <span class='ocrx_word' id='word_1_752' title='bbox 2762 4392 2828 4447; x_wconf 75' lang='grc' dir='ltr'>τὰ</span> <span class='ocrx_word' id='word_1_753' title='bbox 2860 4392 3084 4448; x_wconf 72' lang='grc' dir='ltr'>ἑαυτῶν.</span> <span class='ocrx_word' id='word_1_754' title='bbox 3130 4397 3305 4446; x_wconf 82' lang='grc' dir='ltr'>Πᾶσαν</span> <span class='ocrx_word' id='word_1_755' title='bbox 3358 4389 3537 4444; x_wconf 73' lang='grc' dir='ltr'>οὐσίαν</span> <span class='ocrx_word' id='word_1_756' title='bbox 3586 4388 3769 4464; x_wconf 81' lang='grc' dir='ltr'>λέγων</span> 
     </span>
    </p>
   </div>
   <div class='ocr_carea' id='block_1_92' title="bbox 360 4479 2000 4570">
    <p class='ocr_par' dir='ltr' id='par_1_92' title="bbox 360 4483 2000 4565">
     <span class='ocr_line' id='line_1_93' title="bbox 360 4483 2000 4565; baseline -0.01 -14"><span class='ocrx_word' id='word_1_757' title='bbox 360 4514 464 4551; x_wconf 89' lang='lat' dir='ltr'>nos</span> <span class='ocrx_word' id='word_1_758' title='bbox 522 4507 755 4565; x_wconf 90' lang='lat' dir='ltr'>quoque</span> <span class='ocrx_word' id='word_1_759' title='bbox 808 4491 1019 4544; x_wconf 89' lang='lat' dir='ltr'>iterum</span> <span class='ocrx_word' id='word_1_760' title='bbox 1072 4485 1335 4541; x_wconf 88' lang='lat' dir='ltr'>dicemus</span> <span class='ocrx_word' id='word_1_761' title='bbox 1382 4488 1601 4537; x_wconf 87' lang='lat' dir='ltr'>nostra.</span> <span class='ocrx_word' id='word_1_762' title='bbox 1636 4483 1739 4548; x_wconf 80' lang='lat' dir='ltr'>Qui</span> <span class='ocrx_word' id='word_1_763' title='bbox 1774 4498 2000 4537; x_wconf 84' lang='lat' dir='ltr'>omnem</span> 
     </span>
    </p>
   </div>
   <div class='ocr_carea' id='block_1_93' title="bbox 2112 4479 3773 4570">
    <p class='ocr_par' dir='ltr' id='par_1_93' title="bbox 2121 4479 3773 4555">
     <span class='ocr_line' id='line_1_94' title="bbox 2121 4479 3773 4555; baseline -0.002 -20"><span class='ocrx_word' id='word_1_764' title='bbox 2121 4482 2436 4555; x_wconf 81' lang='grc' dir='ltr'>ἀγέννητον,</span> <span class='ocrx_word' id='word_1_765' title='bbox 2476 4482 2611 4552; x_wconf 85' lang='grc' dir='ltr'>μετά</span> <span class='ocrx_word' id='word_1_766' title='bbox 2639 4479 2746 4535; x_wconf 81' lang='grc' dir='ltr'>τῶν</span> <span class='ocrx_word' id='word_1_767' title='bbox 2780 4480 3037 4553; x_wconf 85' lang='grc' dir='ltr'>ἀνόμοιον</span> <span class='ocrx_word' id='word_1_768' title='bbox 3072 4479 3344 4554; x_wconf 82' lang='grc' dir='ltr'>λεγόντων</span> <span class='ocrx_word' id='word_1_769' title='bbox 3374 4481 3463 4533; x_wconf 83' lang='grc' dir='ltr'>τὸν</span> <span class='ocrx_word' id='word_1_770' title='bbox 3515 4479 3638 4532; x_wconf 73' lang='grc' dir='ltr'>Υἱὸν</span> <span class='ocrx_word' id='word_1_771' title='bbox 3688 4482 3773 4550; x_wconf 77' lang='grc' dir='ltr'>τῷ</span> 
     </span>
    </p>
   </div>
   <div class='ocr_carea' id='block_1_94' title="bbox 359 4569 2010 4643">
    <p class='ocr_par' dir='ltr' id='par_1_94' title="bbox 359 4569 2010 4643">
     <span class='ocr_line' id='line_1_95' title="bbox 359 4569 2010 4643; baseline -0.01 -3"><span class='ocrx_word' id='word_1_772' title='bbox 359 4582 759 4640; x_wconf 87' lang='lat' dir='ltr'>substantiam</span> <span class='ocrx_word' id='word_1_773' title='bbox 792 4577 933 4633; x_wconf 90' lang='lat' dir='ltr'>dicit</span> <span class='ocrx_word' id='word_1_774' title='bbox 962 4592 1093 4631; x_wconf 87' lang='lat' dir='ltr'>esse</span> <span class='ocrx_word' id='word_1_775' title='bbox 1124 4591 1237 4629; x_wconf 93' lang='lat' dir='ltr'>non</span> <span class='ocrx_word' id='word_1_776' title='bbox 1269 4572 1550 4643; x_wconf 87' lang='lat' dir='ltr'>genitam,</span> <span class='ocrx_word' id='word_1_777' title='bbox 1584 4571 1803 4625; x_wconf 86' lang='lat' dir='ltr'>insanit</span> <span class='ocrx_word' id='word_1_778' title='bbox 1833 4569 2010 4624; x_wconf 90' lang='lat' dir='ltr'>simul</span> 
     </span>
    </p>
   </div>
   <div class='ocr_carea' id='block_1_95' title="bbox 360 4659 2013 4740">
    <p class='ocr_par' dir='ltr' id='par_1_95' title="bbox 360 4659 2013 4740">
     <span class='ocr_line' id='line_1_96' title="bbox 360 4659 2013 4740; baseline -0.008 -14"><span class='ocrx_word' id='word_1_779' title='bbox 360 4690 491 4727; x_wconf 91' lang='lat' dir='ltr'>cum</span> <span class='ocrx_word' id='word_1_780' title='bbox 535 4670 629 4736; x_wconf 90' lang='lat' dir='ltr'>iis,</span> <span class='ocrx_word' id='word_1_781' title='bbox 658 4669 759 4740; x_wconf 92' lang='lat' dir='ltr'>qui</span> <span class='ocrx_word' id='word_1_782' title='bbox 798 4666 1009 4721; x_wconf 86' lang='lat' dir='ltr'>Filium</span> <span class='ocrx_word' id='word_1_783' title='bbox 1042 4662 1395 4717; x_wconf 86' lang='lat' dir='ltr'>dissimilem</span> <span class='ocrx_word' id='word_1_784' title='bbox 1430 4659 1594 4713; x_wconf 87' lang='lat' dir='ltr'>aiunt</span> <span class='ocrx_word' id='word_1_785' title='bbox 1636 4660 1818 4714; x_wconf 86' lang='lat' dir='ltr'>Patri.</span> <span class='ocrx_word' id='word_1_786' title='bbox 1860 4662 2013 4724; x_wconf 82' lang='lat' dir='ltr'>Quo-</span> 
     </span>
    </p>
   </div>
   <div class='ocr_carea' id='block_1_96' title="bbox 364 4748 2011 4816">
    <p class='ocr_par' dir='ltr' id='par_1_96' title="bbox 364 4748 2011 4816">
     <span class='ocr_line' id='line_1_97' title="bbox 364 4748 2011 4816; baseline -0.009 0"><span class='ocrx_word' id='word_1_787' title='bbox 364 4762 535 4816; x_wconf 87' lang='lat' dir='ltr'>modo</span> <span class='ocrx_word' id='word_1_788' title='bbox 568 4761 723 4814; x_wconf 91' lang='lat' dir='ltr'>enim</span> <span class='ocrx_word' id='word_1_789' title='bbox 749 4757 901 4811; x_wconf 86' lang='lat' dir='ltr'>Deus</span> <span class='ocrx_word' id='word_1_790' title='bbox 924 4757 1127 4808; x_wconf 90' lang='lat' dir='ltr'>auctor</span> <span class='ocrx_word' id='word_1_791' title='bbox 1148 4750 1322 4804; x_wconf 82' lang='lat' dir='ltr'>fuerit</span> <span class='ocrx_word' id='word_1_792' title='bbox 1348 4748 1836 4814; x_wconf 88' lang='lat' dir='ltr'>substantiarum,</span> <span class='ocrx_word' id='word_1_793' title='bbox 1862 4748 1908 4801; x_wconf 90' lang='lat' dir='ltr'>si</span> <span class='ocrx_word' id='word_1_794' title='bbox 1934 4764 2011 4802; x_wconf 63' lang='lat' dir='ltr'>ea</span> 
     </span>
    </p>
   </div>
   <div class='ocr_carea' id='block_1_97' title="bbox 367 4835 2011 4906">
    <p class='ocr_par' dir='ltr' id='par_1_97' title="bbox 367 4835 2011 4906">
     <span class='ocr_line' id='line_1_98' title="bbox 367 4835 2011 4906; baseline -0.009 -1"><span class='ocrx_word' id='word_1_795' title='bbox 367 4867 479 4904; x_wconf 91' lang='lat' dir='ltr'>non</span> <span class='ocrx_word' id='word_1_796' title='bbox 511 4846 687 4902; x_wconf 81' lang='lat' dir='ltr'>sunt?</span> <span class='ocrx_word' id='word_1_797' title='bbox 720 4848 889 4899; x_wconf 83' lang='lat' dir='ltr'>Pater</span> <span class='ocrx_word' id='word_1_798' title='bbox 919 4842 1074 4896; x_wconf 91' lang='lat' dir='ltr'>enim</span> <span class='ocrx_word' id='word_1_799' title='bbox 1107 4846 1163 4894; x_wconf 91' lang='lat' dir='ltr'>et</span> <span class='ocrx_word' id='word_1_800' title='bbox 1185 4838 1456 4901; x_wconf 79' lang='lat' dir='ltr'>Filius,et</span> <span class='ocrx_word' id='word_1_801' title='bbox 1485 4835 1737 4906; x_wconf 87' lang='lat' dir='ltr'>Spiritus</span> <span class='ocrx_word' id='word_1_802' title='bbox 1770 4840 2011 4891; x_wconf 82' lang='lat' dir='ltr'>sanctus</span> 
     </span>
    </p>
   </div>
   <div class='ocr_carea' id='block_1_98' title="bbox 368 4924 2014 5008">
    <p class='ocr_par' dir='ltr' id='par_1_98' title="bbox 368 4924 2014 5008">
     <span class='ocr_line' id='line_1_99' title="bbox 368 4924 2014 5008; baseline -0.009 -15"><span class='ocrx_word' id='word_1_803' title='bbox 368 4956 479 4993; x_wconf 91' lang='lat' dir='ltr'>non</span> <span class='ocrx_word' id='word_1_804' title='bbox 509 4936 704 5008; x_wconf 88' lang='lat' dir='ltr'>genita</span> <span class='ocrx_word' id='word_1_805' title='bbox 733 4936 873 4987; x_wconf 90' lang='lat' dir='ltr'>sunt</span> <span class='ocrx_word' id='word_1_806' title='bbox 902 4928 1255 4993; x_wconf 83' lang='lat' dir='ltr'>substantia,</span> <span class='ocrx_word' id='word_1_807' title='bbox 1280 4931 1343 4979; x_wconf 92' lang='lat' dir='ltr'>ut</span> <span class='ocrx_word' id='word_1_808' title='bbox 1372 4926 1593 4979; x_wconf 89' lang='lat' dir='ltr'>dictum</span> <span class='ocrx_word' id='word_1_809' title='bbox 1626 4928 1716 4979; x_wconf 85' lang='lat' dir='ltr'>est</span> <span class='ocrx_word' id='word_1_810' title='bbox 1748 4941 1761 4978; x_wconf 92' lang='lat'><strong>:</strong></span> <span class='ocrx_word' id='word_1_811' title='bbox 1795 4930 1852 4978; x_wconf 91' lang='lat' dir='ltr'>et</span> <span class='ocrx_word' id='word_1_812' title='bbox 1876 4924 2014 4978; x_wconf 88' lang='lat' dir='ltr'>dici-</span> 
     </span>
    </p>
   </div>
   <div class='ocr_carea' id='block_1_99' title="bbox 366 5013 2011 5082">
    <p class='ocr_par' dir='ltr' id='par_1_99' title="bbox 366 5013 2011 5082">
     <span class='ocr_line' id='line_1_100' title="bbox 366 5013 2011 5082; baseline -0.008 -2"><span class='ocrx_word' id='word_1_813' title='bbox 366 5034 461 5082; x_wconf 88' lang='lat' dir='ltr'>tur</span> <span class='ocrx_word' id='word_1_814' title='bbox 492 5024 666 5079; x_wconf 90' lang='lat' dir='ltr'>etiam</span> <span class='ocrx_word' id='word_1_815' title='bbox 699 5039 767 5077; x_wconf 85' lang='lat' dir='ltr'>ex</span> <span class='ocrx_word' id='word_1_816' title='bbox 795 5025 991 5075; x_wconf 87' lang='lat' dir='ltr'>vestra</span> <span class='ocrx_word' id='word_1_817' title='bbox 1022 5015 1480 5071; x_wconf 86' lang='lat' dir='ltr'>ratiocinatione.</span> <span class='ocrx_word' id='word_1_818' title='bbox 1531 5013 1691 5079; x_wconf 83' lang='lat' dir='ltr'>Quod</span> <span class='ocrx_word' id='word_1_819' title='bbox 1732 5029 1862 5068; x_wconf 86' lang='lat' dir='ltr'>vero</span> <span class='ocrx_word' id='word_1_820' title='bbox 1896 5029 2011 5069; x_wconf 90' lang='lat' dir='ltr'>non</span> 
     </span>
    </p>
   </div>
   <div class='ocr_carea' id='block_1_100' title="bbox 363 5102 2010 5187">
    <p class='ocr_par' dir='ltr' id='par_1_100' title="bbox 363 5102 2010 5187">
     <span class='ocr_line' id='line_1_101' title="bbox 363 5102 2010 5187; baseline -0.009 -18"><span class='ocrx_word' id='word_1_821' title='bbox 363 5115 624 5187; x_wconf 89' lang='lat' dir='ltr'>genitum</span> <span class='ocrx_word' id='word_1_822' title='bbox 647 5127 760 5165; x_wconf 92' lang='lat' dir='ltr'>non</span> <span class='ocrx_word' id='word_1_823' title='bbox 795 5109 872 5163; x_wconf 90' lang='lat' dir='ltr'>sit</span> <span class='ocrx_word' id='word_1_824' title='bbox 896 5105 1247 5173; x_wconf 86' lang='lat' dir='ltr'>substantia,</span> <span class='ocrx_word' id='word_1_825' title='bbox 1264 5102 1438 5158; x_wconf 88' lang='lat' dir='ltr'>etiam</span> <span class='ocrx_word' id='word_1_826' title='bbox 1460 5118 1529 5156; x_wconf 88' lang='lat' dir='ltr'>ex</span> <span class='ocrx_word' id='word_1_827' title='bbox 1556 5102 1625 5155; x_wconf 89' lang='lat' dir='ltr'>iis</span> <span class='ocrx_word' id='word_1_828' title='bbox 1646 5106 2010 5172; x_wconf 90' lang='lat' dir='ltr'>compertum</span> 
     </span>
    </p>
   </div>
   <div class='ocr_carea' id='block_1_101' title="bbox 360 5190 2015 5273">
    <p class='ocr_par' dir='ltr' id='par_1_101' title="bbox 360 5190 2015 5273">
     <span class='ocr_line' id='line_1_102' title="bbox 360 5190 2015 5273; baseline -0.009 -14"><span class='ocrx_word' id='word_1_829' title='bbox 360 5208 469 5272; x_wconf 88' lang='lat' dir='ltr'>est,</span> <span class='ocrx_word' id='word_1_830' title='bbox 504 5219 631 5273; x_wconf 68' lang='lat' dir='ltr'>quae</span> <span class='ocrx_word' id='word_1_831' title='bbox 676 5195 907 5255; x_wconf 89' lang='lat' dir='ltr'>scribis.</span> <span class='ocrx_word' id='word_1_832' title='bbox 943 5194 1001 5250; x_wconf 91' lang='lat' dir='ltr'>Si</span> <span class='ocrx_word' id='word_1_833' title='bbox 1047 5192 1202 5249; x_wconf 90' lang='lat' dir='ltr'>enim</span> <span class='ocrx_word' id='word_1_834' title='bbox 1235 5207 1369 5246; x_wconf 91' lang='lat' dir='ltr'>cum</span> <span class='ocrx_word' id='word_1_835' title='bbox 1401 5190 1594 5245; x_wconf 89' lang='lat' dir='ltr'>omnis</span> <span class='ocrx_word' id='word_1_836' title='bbox 1651 5192 1907 5245; x_wconf 86' lang='lat' dir='ltr'>essentia</span> <span class='ocrx_word' id='word_1_837' title='bbox 1936 5190 2015 5245; x_wconf 89' lang='lat' dir='ltr'>sit</span> 
     </span>
    </p>
   </div>
   <div class='ocr_carea' id='block_1_102' title="bbox 425 5400 931 5467">
    <p class='ocr_par' dir='ltr' id='par_1_102' title="bbox 425 5400 931 5467">
     <span class='ocr_line' id='line_1_103' title="bbox 425 5400 931 5467; baseline -0.024 -2"><span class='ocrx_word' id='word_1_838' title='bbox 425 5409 468 5444; x_wconf 73' lang='grc'>⁸⁸</span> <span class='ocrx_word' id='word_1_839' title='bbox 499 5407 713 5463; x_wconf 90' lang='lat' dir='ltr'>Jerem.</span> <span class='ocrx_word' id='word_1_840' title='bbox 746 5402 809 5467; x_wconf 75' lang='grc' dir='ltr'>ιι,</span> <span class='ocrx_word' id='word_1_841' title='bbox 843 5400 931 5455; x_wconf 87' lang='grc'>13.</span> 
     </span>
    </p>
   </div>
   <div class='ocr_carea' id='block_1_103' title="bbox 424 5590 1481 5678">
    <p class='ocr_par' dir='ltr' id='par_1_103' title="bbox 424 5590 1481 5678">
     <span class='ocr_line' id='line_1_104' title="bbox 424 5590 1481 5678; baseline -0.022 -13"><span class='ocrx_word' id='word_1_842' title='bbox 424 5610 533 5678; x_wconf 87' lang='lat'>(88)</span> <span class='ocrx_word' id='word_1_843' title='bbox 564 5603 748 5661; x_wconf 85' lang='lat' dir='ltr'>Palat.</span> <span class='ocrx_word' id='word_1_844' title='bbox 784 5603 833 5656; x_wconf 89' lang='grc'>1.</span> <span class='ocrx_word' id='word_1_845' title='bbox 865 5600 900 5668; x_wconf 78' lang='grc' dir='ltr'>ἡ</span> <span class='ocrx_word' id='word_1_846' title='bbox 932 5594 1169 5678; x_wconf 39' lang='grc' dir='ltr'>καριόιλου</span> <span class='ocrx_word' id='word_1_847' title='bbox 1201 5590 1481 5678; x_wconf 63' lang='grc' dir='ltr'>πρότασις,</span> 
     </span>
    </p>
   </div>
   <div class='ocr_carea' id='block_1_104' title="bbox 425 5664 1329 5756">
    <p class='ocr_par' dir='ltr' id='par_1_104' title="bbox 425 5664 1329 5756">
     <span class='ocr_line' id='line_1_105' title="bbox 425 5664 1329 5756; baseline -0.021 -19"><span class='ocrx_word' id='word_1_848' title='bbox 566 5678 842 5750; x_wconf 84' lang='lat' dir='ltr'>August.,</span> <span class='ocrx_word' id='word_1_849' title='bbox 872 5664 1329 5726; x_wconf 76' lang='grc' dir='ltr'>καταϐάλλεσθαι.</span> 
     </span>
    </p>
   </div>
   <div class='ocr_carea' id='block_1_105' title="bbox 2123 4568 3772 4645">
    <p class='ocr_par' dir='ltr' id='par_1_105' title="bbox 2123 4568 3772 4645">
     <span class='ocr_line' id='line_1_106' title="bbox 2123 4568 3772 4645; baseline -0.002 -21"><span class='ocrx_word' id='word_1_850' title='bbox 2123 4570 2289 4645; x_wconf 85' lang='grc' dir='ltr'>Πατρὶ</span> <span class='ocrx_word' id='word_1_851' title='bbox 2350 4568 2612 4640; x_wconf 82' lang='grc' dir='ltr'>μαίνεται.</span> <span class='ocrx_word' id='word_1_852' title='bbox 2677 4572 2800 4631; x_wconf 83' lang='grc' dir='ltr'>Πῶς</span> <span class='ocrx_word' id='word_1_853' title='bbox 2849 4570 2949 4645; x_wconf 70' lang='grc' dir='ltr'>γὰρ</span> <span class='ocrx_word' id='word_1_854' title='bbox 3007 4569 3387 4644; x_wconf 86' lang='grc' dir='ltr'>γενεσιουργὸς</span> <span class='ocrx_word' id='word_1_855' title='bbox 3436 4568 3627 4629; x_wconf 82' lang='grc' dir='ltr'>ὁΘεὸς</span> <span class='ocrx_word' id='word_1_856' title='bbox 3691 4568 3772 4639; x_wconf 71' lang='grc' dir='ltr'>μὴ</span> 
     </span>
    </p>
   </div>
   <div class='ocr_carea' id='block_1_106' title="bbox 2122 4654 3773 4732">
    <p class='ocr_par' dir='ltr' id='par_1_106' title="bbox 2122 4654 3773 4732">
     <span class='ocr_line' id='line_1_107' title="bbox 2122 4654 3773 4732; baseline -0.002 -21"><span class='ocrx_word' id='word_1_857' title='bbox 2122 4657 2294 4711; x_wconf 80' lang='grc' dir='ltr'>ούσων</span> <span class='ocrx_word' id='word_1_858' title='bbox 2343 4662 2451 4712; x_wconf 82' lang='grc' dir='ltr'>τῶν</span> <span class='ocrx_word' id='word_1_859' title='bbox 2507 4657 2744 4726; x_wconf 80' lang='grc' dir='ltr'>οὐσιῶν;</span> <span class='ocrx_word' id='word_1_860' title='bbox 2798 4659 2983 4732; x_wconf 76' lang='grc' dir='ltr'>Πατὴρ</span> <span class='ocrx_word' id='word_1_861' title='bbox 3042 4654 3122 4727; x_wconf 78' lang='grc' dir='ltr'>δὲ,</span> <span class='ocrx_word' id='word_1_862' title='bbox 3173 4658 3263 4712; x_wconf 85' lang='grc' dir='ltr'>καὶ</span> <span class='ocrx_word' id='word_1_863' title='bbox 3295 4657 3443 4723; x_wconf 76' lang='grc' dir='ltr'>Υἱὸς,</span> <span class='ocrx_word' id='word_1_864' title='bbox 3475 4656 3563 4710; x_wconf 79' lang='grc' dir='ltr'>καὶ</span> <span class='ocrx_word' id='word_1_865' title='bbox 3617 4657 3773 4731; x_wconf 70' lang='grc' dir='ltr'>ἅγιον</span> 
     </span>
    </p>
   </div>
   <div class='ocr_carea' id='block_1_107' title="bbox 2125 4744 3774 4822">
    <p class='ocr_par' dir='ltr' id='par_1_107' title="bbox 2125 4744 3774 4822">
     <span class='ocr_line' id='line_1_108' title="bbox 2125 4744 3774 4822; baseline -0.001 -22"><span class='ocrx_word' id='word_1_866' title='bbox 2125 4751 2362 4818; x_wconf 87' lang='grc' dir='ltr'>Πνεῦμα,</span> <span class='ocrx_word' id='word_1_867' title='bbox 2411 4745 2700 4819; x_wconf 74' lang='grc' dir='ltr'>ἀγέννητος</span> <span class='ocrx_word' id='word_1_868' title='bbox 2752 4747 2927 4816; x_wconf 79' lang='grc' dir='ltr'>οὐσία,</span> <span class='ocrx_word' id='word_1_869' title='bbox 2980 4747 3161 4809; x_wconf 85' lang='grc' dir='ltr'>καθὼς</span> <span class='ocrx_word' id='word_1_870' title='bbox 3213 4744 3448 4822; x_wconf 78' lang='grc' dir='ltr'>εἷ’ρηται,</span> <span class='ocrx_word' id='word_1_871' title='bbox 3481 4745 3568 4799; x_wconf 76' lang='grc' dir='ltr'>καὶ</span> <span class='ocrx_word' id='word_1_872' title='bbox 3624 4745 3774 4821; x_wconf 83' lang='grc' dir='ltr'>παρά</span> 
     </span>
    </p>
   </div>
   <div class='ocr_carea' id='block_1_108' title="bbox 2120 4831 3773 4910">
    <p class='ocr_par' dir='ltr' id='par_1_108' title="bbox 2120 4831 3773 4910">
     <span class='ocr_line' id='line_1_109' title="bbox 2120 4831 3773 4910; baseline -0.001 -21"><span class='ocrx_word' id='word_1_873' title='bbox 2120 4837 2216 4902; x_wconf 74' lang='grc' dir='ltr'>τῆς</span> <span class='ocrx_word' id='word_1_874' title='bbox 2279 4833 2534 4907; x_wconf 85' lang='grc' dir='ltr'>ὑμετέρας</span> <span class='ocrx_word' id='word_1_875' title='bbox 2588 4836 2700 4907; x_wconf 82' lang='grc'>(90)</span> <span class='ocrx_word' id='word_1_876' title='bbox 2746 4833 2956 4910; x_wconf 87' lang='grc' dir='ltr'>λέγεται</span> <span class='ocrx_word' id='word_1_877' title='bbox 3011 4831 3272 4896; x_wconf 88' lang='grc' dir='ltr'>διανοίας.</span> <span class='ocrx_word' id='word_1_878' title='bbox 3322 4835 3445 4890; x_wconf 74' lang='grc' dir='ltr'>’Ὁτι</span> <span class='ocrx_word' id='word_1_879' title='bbox 3497 4831 3554 4887; x_wconf 73' lang='grc' dir='ltr'>δὲ</span> <span class='ocrx_word' id='word_1_880' title='bbox 3607 4832 3668 4887; x_wconf 84' lang='grc' dir='ltr'>ού</span> <span class='ocrx_word' id='word_1_881' title='bbox 3706 4834 3773 4888; x_wconf 79' lang='grc' dir='ltr'>τὸ</span> 
     </span>
    </p>
   </div>
   <div class='ocr_carea' id='block_1_109' title="bbox 2121 4921 3774 4999">
    <p class='ocr_par' dir='ltr' id='par_1_109' title="bbox 2121 4921 3774 4999">
     <span class='ocr_line' id='line_1_110' title="bbox 2121 4921 3774 4999; baseline -0.001 -22"><span class='ocrx_word' id='word_1_882' title='bbox 2121 4923 2404 4998; x_wconf 73' lang='grc' dir='ltr'>ἀγέννητον</span> <span class='ocrx_word' id='word_1_883' title='bbox 2459 4923 2597 4977; x_wconf 80' lang='grc' dir='ltr'>ἐστιν</span> <span class='ocrx_word' id='word_1_884' title='bbox 2648 4922 2826 4991; x_wconf 85' lang='grc' dir='ltr'>οὐσία,</span> <span class='ocrx_word' id='word_1_885' title='bbox 2875 4924 2963 4978; x_wconf 83' lang='grc' dir='ltr'>καί</span> <span class='ocrx_word' id='word_1_886' title='bbox 3022 4922 3072 4993; x_wconf 82' lang='grc' dir='ltr'>ἐξ</span> <span class='ocrx_word' id='word_1_887' title='bbox 3122 4924 3195 4977; x_wconf 84' lang='grc' dir='ltr'>ὧν</span> <span class='ocrx_word' id='word_1_888' title='bbox 3227 4921 3385 4983; x_wconf 76' lang='grc' dir='ltr'>αὐτὸς</span> <span class='ocrx_word' id='word_1_889' title='bbox 3416 4925 3642 4999; x_wconf 69' lang='grc' dir='ltr'>γράφεις</span> <span class='ocrx_word' id='word_1_890' title='bbox 3682 4923 3774 4976; x_wconf 63' lang='grc' dir='ltr'>εὖ-</span> 
     </span>
    </p>
   </div>
   <div class='ocr_carea' id='block_1_110' title="bbox 2122 5008 3775 5086">
    <p class='ocr_par' dir='ltr' id='par_1_110' title="bbox 2122 5008 3775 5086">
     <span class='ocr_line' id='line_1_111' title="bbox 2122 5008 3775 5086; baseline 0.001 -22"><span class='ocrx_word' id='word_1_891' title='bbox 2122 5010 2377 5085; x_wconf 87' lang='grc' dir='ltr'>ρίσκεται.</span> <span class='ocrx_word' id='word_1_892' title='bbox 2439 5012 2499 5067; x_wconf 82' lang='grc' dir='ltr'>Εἰ</span> <span class='ocrx_word' id='word_1_893' title='bbox 2555 5011 2675 5086; x_wconf 74' lang='grc' dir='ltr'>γὰρ,</span> <span class='ocrx_word' id='word_1_894' title='bbox 2730 5011 2816 5065; x_wconf 69' lang='grc' dir='ltr'>ἐὰν</span> <span class='ocrx_word' id='word_1_895' title='bbox 2939 5017 3080 5066; x_wconf 79' lang='grc' dir='ltr'>πᾶσα</span> <span class='ocrx_word' id='word_1_896' title='bbox 3113 5010 3266 5065; x_wconf 79' lang='grc' dir='ltr'>οὐσία</span> <span class='ocrx_word' id='word_1_897' title='bbox 3295 5010 3601 5086; x_wconf 78' lang='grc' dir='ltr'>ἀγέννητος,</span> <span class='ocrx_word' id='word_1_898' title='bbox 3654 5008 3775 5065; x_wconf 68' lang='grc' dir='ltr'>οὐδ’</span> 
     </span>
    </p>
   </div>
   <div class='ocr_carea' id='block_1_111' title="bbox 2124 5097 3770 5174">
    <p class='ocr_par' dir='ltr' id='par_1_111' title="bbox 2124 5097 3770 5174">
     <span class='ocr_line' id='line_1_112' title="bbox 2124 5097 3770 5174; baseline 0.001 -21"><span class='ocrx_word' id='word_1_899' title='bbox 2124 5098 2354 5174; x_wconf 79' lang='grc' dir='ltr'>ὁποτέρα</span> <span class='ocrx_word' id='word_1_900' title='bbox 2388 5097 2579 5155; x_wconf 88' lang='grc' dir='ltr'>διοίσει</span> <span class='ocrx_word' id='word_1_901' title='bbox 2608 5108 2707 5170; x_wconf 80' lang='grc' dir='ltr'>τῆς</span> <span class='ocrx_word' id='word_1_902' title='bbox 2752 5099 2954 5170; x_wconf 86' lang='grc' dir='ltr'>ἄλλης,</span> <span class='ocrx_word' id='word_1_903' title='bbox 2988 5100 3195 5171; x_wconf 86' lang='grc' dir='ltr'>ἀνάγκη</span> <span class='ocrx_word' id='word_1_904' title='bbox 3229 5106 3373 5154; x_wconf 77' lang='grc' dir='ltr'>πᾶσα</span> <span class='ocrx_word' id='word_1_905' title='bbox 3402 5100 3491 5154; x_wconf 85' lang='grc' dir='ltr'>καὶ</span> <span class='ocrx_word' id='word_1_906' title='bbox 3520 5100 3619 5161; x_wconf 71' lang='grc' dir='ltr'>τὰς</span> <span class='ocrx_word' id='word_1_907' title='bbox 3649 5120 3770 5174; x_wconf 75' lang='grc' dir='ltr'>γεν-</span> 
     </span>
    </p>
   </div>
   <div class='ocr_carea' id='block_1_112' title="bbox 2120 5184 3772 5267">
    <p class='ocr_par' dir='ltr' id='par_1_112' title="bbox 2120 5184 3772 5267">
     <span class='ocr_line' id='line_1_113' title="bbox 2120 5184 3772 5267; baseline 0.001 -25"><span class='ocrx_word' id='word_1_908' title='bbox 2120 5190 2286 5259; x_wconf 73' lang='grc' dir='ltr'>νητὰς</span> <span class='ocrx_word' id='word_1_909' title='bbox 2335 5186 2520 5251; x_wconf 73' lang='grc' dir='ltr'>οὐσίας</span> <span class='ocrx_word' id='word_1_910' title='bbox 2572 5190 2646 5261; x_wconf 85' lang='grc' dir='ltr'>μὴ</span> <span class='ocrx_word' id='word_1_911' title='bbox 2696 5185 2964 5267; x_wconf 70' lang='grc' dir='ltr'>διαφέρειν</span> <span class='ocrx_word' id='word_1_912' title='bbox 3018 5188 3242 5246; x_wconf 74' lang='grc' dir='ltr'>ἑαυτῶν.</span> <span class='ocrx_word' id='word_1_913' title='bbox 3292 5188 3354 5247; x_wconf 77' lang='grc' dir='ltr'>Εἰ</span> <span class='ocrx_word' id='word_1_914' title='bbox 3387 5184 3444 5242; x_wconf 78' lang='grc' dir='ltr'>δὲ</span> <span class='ocrx_word' id='word_1_915' title='bbox 3473 5186 3772 5266; x_wconf 70' lang='grc' dir='ltr'>διαφέρου-</span> 
     </span>
    </p>
   </div>
   <div class='ocr_carea' id='block_1_113' title="bbox 1014 5392 2478 5464">
    <p class='ocr_par' dir='ltr' id='par_1_113' title="bbox 1014 5392 2478 5464">
     <span class='ocr_line' id='line_1_114' title="bbox 1014 5392 2478 5464; baseline -0.003 -11"><span class='ocrx_word' id='word_1_916' title='bbox 1014 5396 1058 5433; x_wconf 72' lang='grc' dir='ltr'>ὀθ</span> <span class='ocrx_word' id='word_1_917' title='bbox 1088 5395 1277 5453; x_wconf 87' lang='lat' dir='ltr'>Galat.</span> <span class='ocrx_word' id='word_1_918' title='bbox 1311 5410 1397 5463; x_wconf 80' lang='grc' dir='ltr'>ιιι,</span> <span class='ocrx_word' id='word_1_919' title='bbox 1430 5393 1485 5450; x_wconf 88' lang='grc'>5.</span> <span class='ocrx_word' id='word_1_920' title='bbox 1564 5392 1608 5429; x_wconf 79' lang='grc' dir='ltr'>⁸ο</span> <span class='ocrx_word' id='word_1_921' title='bbox 1634 5392 1803 5449; x_wconf 88' lang='lat' dir='ltr'>Joan.</span> <span class='ocrx_word' id='word_1_922' title='bbox 1835 5409 1936 5464; x_wconf 85' lang='lat' dir='ltr'>vn,</span> <span class='ocrx_word' id='word_1_923' title='bbox 1965 5394 2057 5451; x_wconf 90' lang='lat'>38.</span> <span class='ocrx_word' id='word_1_924' title='bbox 2133 5394 2175 5430; x_wconf 73' lang='grc' dir='ltr'>δί</span> <span class='ocrx_word' id='word_1_925' title='bbox 2210 5394 2354 5450; x_wconf 91' lang='lat' dir='ltr'>ibid.</span> <span class='ocrx_word' id='word_1_926' title='bbox 2388 5395 2478 5449; x_wconf 88' lang='grc'>39.</span> 
     </span>
    </p>
   </div>
   <div class='ocr_carea' id='block_1_114' title="bbox 2179 5591 3299 5673">
    <p class='ocr_par' dir='ltr' id='par_1_114' title="bbox 2179 5591 3299 5673">
     <span class='ocr_line' id='line_1_115' title="bbox 2179 5591 3299 5673; baseline 0.003 -25"><span class='ocrx_word' id='word_1_927' title='bbox 2179 5592 2292 5664; x_wconf 89' lang='grc'>(90)</span> <span class='ocrx_word' id='word_1_928' title='bbox 2323 5595 2542 5651; x_wconf 84' lang='lat' dir='ltr'>Omnes</span> <span class='ocrx_word' id='word_1_929' title='bbox 2574 5591 2769 5650; x_wconf 82' lang='lat' dir='ltr'>Felck.</span> <span class='ocrx_word' id='word_1_930' title='bbox 2805 5608 2979 5667; x_wconf 85' lang='lat' dir='ltr'>mss.,</span> <span class='ocrx_word' id='word_1_931' title='bbox 3008 5591 3299 5673; x_wconf 78' lang='grc' dir='ltr'>ἡμετέρας.</span> 
     </span>
    </p>
   </div>
  </div>
