4092 6218
376 380 531 442 1201

1303 378 1406 439 DE
1449 377 1752 439 SANCTA
1798 374 2227 438 TRINITATE
2270 375 2661 439 DIALOGUS
2705 376 2813 441 ΙΙΙ.

3628 387 3780 449 1202

377 535 458 569 σιν
515 514 719 569 ὶαυτῶν
776 513 831 568 αἱ
886 513 1137 590 γεννηταὶ
1167 511 1279 583 (91)
1311 509 1511 577 οὐσίαι,
1555 508 1655 564 οὐκ
1706 507 1807 584 ἄρα
1848 508 1882 577 ἡ
1931 507 2020 583 γέ-

2145 525 2249 564 non
2283 509 2669 581 genita,nulla
2699 512 2927 569 differat
2958 514 3027 569 ab
3061 515 3441 585 alia,necesse
3470 523 3559 573 est
3589 520 3780 575 omni-

377 624 520 663 νεσις
553 601 728 657 οὐσία.
764 600 828 660 Εἰ
885 598 943 656 δὲ
1000 601 1098 655 οὐκ
1148 595 1286 654 ἔστιν
1320 599 1353 668 ἠ
1386 599 1586 673 γὲνεσις
1617 597 1791 668 οὐσία,
1824 594 1951 651 οὐδὲ
1987 598 2020 665 ἠ

380 690 628 766 ἀγενεσία
684 689 823 745 ἐστὶν
881 689 1054 746 οὐσία..
1116 687 1306 759 Ἀνόμ.
1358 687 1424 743 Ei
1481 692 1625 741 πᾶσα
1670 686 1825 740 οὐσία
1883 684 2022 739 ἐστὶν

380 780 696 855 ἀγὲννητος,
755 785 901 834 πᾶσα
958 779 1098 834 ἐστιν
1159 773 1598 852 ἀπαράλλακτος.
1651 780 1759 844 Τῆς
1819 772 1876 828 δὲ
1933 774 2024 828 οὐ·

380 868 499 931 σίας
530 866 966 939 ἀπαραλλάκτως
996 865 1255 941 ἐχούσης,
1284 866 1347 919 τὸ
1376 869 1549 919 ποιεῖν
1584 862 1672 918 καὶ
1702 864 1763 917 τὸ
1793 864 2023 937 πάσχειν

378 957 777 1031 αὐτοματισμῷ
833 957 1133 1012 ἀναθετέον.
1170 952 1400 1011 Πολλῶν
1461 950 1518 1007 δὲ
1576 947 1745 1007 ὄντων
1805 953 2027 1026 ἀγεννή-

376 1068 483 1103 των
512 1047 602 1101 καὶ
652 1044 1105 1119 ἀπαραλλάκτων,
1138 1046 1356 1119 ἀριθμῷ
1400 1039 1693 1096 διοίσουσιν
1734 1037 2023 1110 ἀλλήλων.

380 1135 457 1193 Οὐ
488 1136 592 1211 γάρ
625 1132 683 1189 ἃν
718 1132 802 1202 εἷή
836 1131 976 1189 ἄλλο
1006 1131 1094 1187 καὶ
1128 1130 1386 1204 ἄλλο,μὴ
1421 1128 1685 1184 διεστῶτα
1716 1129 1751 1198 ἢ
1785 1128 2024 1183 καθόλου

380 1223 580 1292 ἢκατά
633 1244 709 1289 τι,
759 1221 935 1292 πάσης
995 1219 1320 1281 διαστάσεως
1381 1216 1769 1293 ἀποκλήρωσιν
1831 1218 2025 1294 ἐμφαι-

380 1313 577 1381 νούσης
635 1311 827 1373 αἰτίας.
862 1312 1012 1385 Ὀρθ.
1073 1306 1520 1381 ’Δπαράλλακτος
1577 1308 1669 1379 μὲν
1710 1307 1889 1367 ὁΥἱὸς
1946 1311 2025 1378 τῷ

381 1401 573 1477 Πατρὶ,
605 1400 699 1455 κᾶν
737 1402 812 1472 μὴ
847 1397 1026 1473 θέλῃς.
1060 1398 1138 1456 Οὐ
1170 1395 1259 1452 διὰ
1286 1401 1448 1451 τοῦτο
1480 1394 1537 1450 δὲ
1583 1394 2023 1470 ἀπαράλλακτος,

381 1488 472 1545 διὰ
497 1491 559 1545 τὸ
593 1490 901 1565 ἀγέννητον·
935 1486 1079 1543 ἀλλά
1110 1484 1198 1541 διὰ
1226 1486 1416 1540 ταυτὸν
1462 1485 1564 1553 τῆς
1612 1483 1869 1560 ἐνεργείας
1919 1481 2023 1538 δεί-

380 1599 567 1634 κνυται
619 1577 676 1633 ἐκ
721 1581 819 1633 τοῦ
861 1578 1035 1632 πάντα
1082 1576 1311 1651 ἐνεργεῖν
1351 1574 1440 1629 τὸν
1472 1574 1616 1640 Υἱὸν,
1649 1571 1748 1626 ὅσα
1792 1572 1881 1627 καὶ
1931 1573 2021 1627 τὸν

382 1667 615 1743 Πατέρα.
649 1690 676 1718 ί(
707 1668 891 1722 Πάντα
946 1664 1067 1740 γὰρ,
1102 1663 1201 1718 ὅσα
1248 1664 1305 1717 ἂν
1358 1666 1491 1735 ποιῇ
1542 1662 1570 1716 6
1619 1661 1828 1735 Πατὴρ,
1859 1658 2026 1715 ταῦτα

382 1756 470 1811 καὶ
501 1757 529 1811 6
560 1756 683 1817 Υἱὸς
712 1753 921 1827 ὁμοίως
960 1757 1129 1823 ποιεῖ,
1160 1775 1190 1803 ››
1222 1752 1310 1806 καὶ
1338 1751 1400 1805 τὸ
1456 1747 1677 1822 ΙΙνεῦμα
1704 1746 2021 1824 ἀπαραλλά-

2136 614 2209 652 no
2242 597 2416 653 etiam
2450 600 2675 671 genitas
2708 603 3070 658 substantias
3103 605 3256 660 inter
3306 622 3434 661 sese
3492 624 3607 662 non
3665 608 3779 663 dif-

2135 687 2303 743 ferre.
2352 688 2409 742 Si
2460 705 2592 744 vero
2625 689 2773 745 inter
2803 708 2932 747 sese
2960 692 3239 748 differunt
3267 697 3472 765 genitae
3505 697 3779 751 substan-

2134 774 2248 841 tiae,
2283 793 2397 831 non
2429 779 2584 832 440
2616 778 2791 849 igitur
2822 788 2985 835 ortus
3016 782 3138 852 ipse
3170 784 3503 839 substantia
3559 790 3666 839 est.
3720 786 3780 841 Si

2133 879 2267 918 vero
2326 870 2487 920 ortus
2549 883 2663 921 non
2716 873 2806 922 est
2860 870 3238 925 substantia:
3274 889 3380 927 nec
3408 874 3584 928 etiam
3617 880 3781 930 ortus

2135 952 2401 1023 privatio,
2436 955 2765 1010 substantia
2794 957 2921 1011 erit.
2949 958 3137 1013 Anam.
3171 960 3227 1013 Si
3263 962 3453 1016 omnis
3500 962 3780 1018 substan-

2134 1042 2215 1096 tia
2246 1047 2335 1096 est
2366 1059 2480 1097 non
2510 1045 2915 1115 genita,etiam
2950 1048 3143 1103 omnis
3165 1048 3328 1103 alteri
3350 1049 3407 1104 in
3434 1051 3593 1105 nullo
3616 1052 3786 1107 dissi-

2137 1131 2465 1186 milis.Cum
2500 1138 2693 1188 autem
2729 1135 3060 1191 substantia
3083 1136 3140 1190 in
3165 1137 3325 1193 nullo
3359 1140 3435 1193 sit
3455 1139 3784 1208 dissimilis,

2134 1220 2331 1291 ipsum
2365 1237 2535 1292 agere
2566 1227 2623 1276 et
2651 1222 2765 1293 pati
2799 1223 2961 1279 casui
2992 1225 3429 1280 attribuendum
3462 1228 3590 1282 erit.
3642 1233 3786 1283 Cum

2137 1315 2333 1365 autem
2370 1311 2559 1365 multa
2588 1311 2708 1366 sint
2730 1329 2843 1367 non
2874 1313 3071 1384 genita
3092 1318 3149 1369 et
3172 1315 3229 1369 in
3264 1316 3423 1370 nullo
3456 1317 3787 1385 dissimilia,

2136 1415 2380 1453 numero
2401 1404 2627 1454 tantum
2651 1417 2684 1455 a
2705 1417 2765 1455 se
2798 1408 3002 1457 mutuo
3026 1402 3611 1475 distinguentur.Non
3632 1406 3787 1460 enim

2138 1487 2356 1542 fuerint
2388 1487 2546 1542 aliud
2578 1493 2633 1543 et
2663 1488 2844 1557 aliud,
2880 1506 2982 1545 nec
3014 1491 3189 1546 etiam
3249 1493 3544 1562 disiuncta
3595 1499 3788 1562 erunt,

2131 1575 2221 1630 vel
2255 1576 2516 1641 omnino,
2550 1576 2637 1630 vel
2669 1579 2993 1634 secundum
3025 1580 3189 1648 quid,
3221 1596 3353 1635 cum
3387 1583 3578 1637 omnis
3623 1582 3787 1637 diil‘e-

2131 1664 2321 1720 rentia
2349 1666 2617 1720 ostendat
2646 1668 3147 1739 participationem
3178 1685 3386 1724 causae.
3411 1672 3576 1726 Orth.
3602 1670 3703 1726 Vel
3734 1675 3789 1731 te

2134 1753 2314 1808 invito
2342 1754 2524 1809 Filius
2556 1771 2669 1809 non
2740 1760 2832 1810 est
2887 1756 3193 1811 dissimilis
3248 1760 3426 1812 Patri.
3482 1760 3598 1817 Nec
3656 1776 3786 1814 vero

383 1866 546 1907 κτως.
580 1845 761 1901 Πάντα
789 1844 916 1919 γὰρ,
946 1842 980 1897 ἃ
1005 1842 1209 1917 ἐνεργεῖ
1244 1841 1273 1894 6
1322 1840 1531 1911 Πατὴρ,
1563 1837 1652 1893 καὶ
1701 1837 1829 1892 αὐτὸ
1877 1838 2024 1941 ἐνερ-

2145 1846 2443 1914 propterea
2471 1842 2531 1897 in
2563 1842 2727 1898 nullo
2760 1844 3069 1901 dissimilis
3100 1847 3239 1917 quia
3270 1864 3382 1902 non
3416 1848 3647 1918 genitus
3678 1852 3787 1914 est,

382 1938 488 2010 γεῖ,
520 1933 699 1993 καθὼς
735 1930 1012 2008 βούλεται.
1044 1935 1137 1983 Ὠν
1170 1926 1228 1983 δὲ
1252 1931 1285 1999 ἡ
1324 1927 1458 1997 αὐτή
1495 1927 1751 2002 ἐνέργεια,
1784 1925 2025 2000 ἀπαράλ-

390 2021 590 2083 λακτος
620 2024 654 2091 ἠ
688 2020 866 2098 φύσις.
898 2020 965 2077 Εἰ
997 2016 1055 2074 δὲ
1096 2018 1336 2091 νομίζεις
1385 2014 1474 2072 διὰ
1518 2016 1581 2071 τὸ
1632 2015 1920 2089 ἀγέννητον
1972 2017 2033 2070 τὸ

388 2109 835 2188 ἀπαράλλακτον,
867 2108 1068 2185 ἀνάγκη
1100 2107 1190 2163 καὶ
1230 2113 1332 2161 πᾶν
1375 2106 1439 2160 τὸ
1486 2106 1738 2179 γεννητὸν
1786 2103 2036 2179 ἀπαράλτ

391 2198 612 2256 λακτον.
648 2199 764 2256 Οὐκ
822 2199 924 2273 ἄρα
981 2195 1070 2251 διὰ
1123 2197 1185 2251 τὸ
1244 2197 1534 2269 ἀγέννητον
1592 2193 2031 2269 ἀπαράλλακτον·

387 2287 533 2344 ἀλλά
589 2289 769 2351 καθὼς
827 2284 936 2356 ἤδη
996 2285 1047 2340 ἐν
1100 2290 1181 2357 τῷ
1239 2283 1503 2358 προλόγῳ
1578 2281 1980 2355 διελαλήσαμεν
2017 2302 2029 2316 ·

389 2399 410 2429 ι
446 2380 635 2435 Ἀετοῦ
694 2377 993 2449 πετομένου
1056 2372 1347 2443 ζητοῦντός
1402 2372 1514 2426 ἐστι
1566 2372 1754 2447 βορὰν,
1802 2372 1891 2425 καὶ
1956 2373 2032 2445 μὴ

381 2463 608 2542 ἔχοντος
642 2462 823 2541 ἴχνος.
860 2488 887 2515 ››
919 2462 995 2521 Οὐ
1025 2463 1125 2539 γὰρ
1160 2459 1299 2537 ἔχει,
1329 2466 1435 2515 ποῦ
1462 2461 1589 2522 τοὺς
1618 2458 1787 2522 πόδας
1826 2462 2031 2530 στῆσεν

379 2554 471 2610 ’ἱνα
523 2555 615 2610 καὶ
675 2553 834 2616 αὐτὸς
894 2552 1095 2626 ἀκούσῃ
1157 2552 1290 2623 μετά
1329 2554 1426 2605 τοῦ
1486 2549 1813 2610 Μωσὲο›ς·‹‹
1849 2548 1923 2602 Σὺ
1980 2547 2035 2603 δὲ

389 2644 553 2699 αὐτοῦ
585 2650 742 2713 στῆθι
780 2643 893 2715 μετ’
923 2641 1079 2715 ἐμοῦ.
1116 2662 1143 2691 ››
1177 2640 1254 2697 Οὐ
1286 2639 1386 2715 γὰρ
1418 2638 1551 2712 μετὰ
1597 2642 1695 2692 τοῦ
1754 2638 1881 2692 Υἱοῦ
1938 2642 2036 2692 τοῦ

385 2738 517 2789 Θεοῦ
578 2735 764 2802 στήκει
824 2733 852 2787 6
912 2728 1089 2805 λέγων
1132 2726 1390 2804 γεννητὸν
1450 2726 1539 2782 καὶ
1599 2728 1887 2801 ἀγέννητον
1942 2726 2034 2781 τὸν

385 2822 537 2877 Θεόν’
574 2820 699 2877 ἀλλ’
732 2820 760 2875 6
796 2817 1069 2894 βαπτίζων
1105 2816 1180 2879 εἰς
1208 2817 1269 2871 τὸ
1302 2811 1473 2889 ὄνομα
1531 2819 1627 2870 τοῦ
1686 2816 1915 2889 Πατρὸς,
1948 2815 2035 2869 καὶ

386 2915 481 2966 τοῦ
527 2911 676 2981 Υἱοῦ,
708 2909 799 2964 καὶ
846 2912 942 2963 τοῦ
993 2907 1145 2981 ἁγίου
1196 2905 1527 2978 Πνεόματος.
1554 2903 1702 2974 Αὕτη
1747 2904 1845 2980 γὰρ
1877 2905 2035 2976 ἡμῶν

387 3002 422 3069 ἠ
457 3000 643 3060 στάσις
674 2997 1021 3053 πεπίστευται
1053 2998 1187 3068 (92),
1218 2995 1309 3049 καὶ
1342 2993 1549 3055 Ἀἑτιος
1581 2994 1802 3047 πέταται
1864 2997 2039 3062 ζητῶν

2143 1932 2243 1986 sed
2278 1936 2583 2002 propterea
2612 1933 2968 2002 operationis
2999 1934 3386 2005 identitatem,
3412 1942 3477 1990 ut
3505 1953 3573 1991 ex
3601 1953 3667 1991 eo
3699 1937 3794 1992 de-

2149 2024 2526 2088 monstratur,
2559 2022 2714 2092 quod
2755 2022 2937 2077 Filius
2961 2024 3159 2078 omnia
3188 2029 3476 2095 operetur,
3512 2043 3637 2096 quae
3688 2026 3793 2080 Pa-

2146 2113 2235 2164 ter
2266 2126 2279 2164 :
2314 2132 2343 2158 «
2377 2108 2587 2165 Omnia
2642 2110 2799 2165 enim
2832 2128 3193 2183 quaecunque
3226 2113 3359 2168 facit
3390 2115 3576 2183 Pater,
3613 2116 3795 2170 Filius

2146 2196 2416 2252 similiter
2446 2199 2582 2253 facit
2612 2199 2678 2266 52,
2713 2221 2741 2249 »
2774 2205 2830 2253 et
2860 2200 3113 2270 Spiritus
3142 2201 3281 2257 item
3313 2203 3439 2258 sine
3470 2203 3592 2257 ulla
3622 2205 3793 2259 dissi-

2146 2285 2498 2340 militudine.
2534 2285 2743 2341 Omnia
2773 2288 2928 2341 enim
2961 2304 3088 2358 quae
3119 2296 3392 2360 operatur
3422 2292 3793 2357 Pater,etiam

2142 2372 2269 2444 ipse
2300 2378 2670 2445 operatur,ut
2699 2375 2989 2431 vult.Jam
3024 2394 3274 2447 quorum
3306 2380 3508 2433 eadem
3541 2386 3630 2436 est
3659 2399 3792 2453 ope-

2146 2463 2312 2527 ratio,
2346 2464 2677 2518 eorumdem
2708 2463 2772 2518 in
2805 2464 2963 2520 nullo
2994 2466 3303 2522 dissimilis
3337 2473 3546 2523 natura
3576 2474 3684 2525 est.
3738 2471 3791 2523 Si

2145 2567 2276 2607 vero
2308 2551 2607 2606 existimas
2636 2557 2940 2624 pr0pterea
2970 2553 3027 2608 in
3061 2554 3222 2609 nullo
3256 2554 3542 2611 dissimile
3574 2557 3793 2628 aliquid

2146 2656 2295 2707 esse,
2329 2640 2468 2711 quia
2500 2657 2614 2695 non
2644 2642 2909 2712 genitum
2941 2648 3029 2697 est
3063 2661 3076 2698 :
3111 2660 3345 2699 necesse
3368 2651 3476 2711 est,
3504 2662 3675 2699 omne
3701 2662 3797 2716 ge-

2147 2729 2337 2784 nitum
2368 2744 2497 2784 esse
2527 2730 2587 2784 in
2618 2729 2779 2785 nullo
2811 2730 3250 2787 dissimile.Non
3274 2733 3451 2804 igitur
3474 2739 3795 2803 propterea,

2149 2819 2302 2888 quod
2334 2819 2597 2889 genitum
2628 2818 2849 2890 aliquid
2881 2837 2993 2874 non
3027 2825 3134 2884 est,
3168 2821 3292 2875 ideo
3319 2824 3492 2875 etiam
3526 2822 3583 2875 in
3636 2821 3799 2876 nullo

2148 2906 2439 2962 dissimile
2470 2912 2559 2962 est
2588 2924 2600 2963 :
2627 2908 2727 2963 sed
2762 2913 2823 2961 ut
2855 2909 3027 2963 modo
3058 2909 3119 2964 in
3152 2909 3487 2981 praefatione
3520 2911 3795 2965 sermoci-

2148 2996 2270 3050 nati
2300 3011 2531 3060 sumus,
2564 2995 2672 3051 hoc
2704 2996 2895 3051 dicere
2929 3002 3019 3051 est
3048 3015 3066 3050 :
3099 3020 3126 3047 «
3161 2998 3382 3069 Aquilae
3442 2998 3689 3053 volantis
3748 3003 3803 3053 et

386 3086 462 3144 ἔτι
492 3088 657 3163 βορὰν
685 3086 776 3141 καὶ
802 3084 1007 3141 στάσιν.

2150 3084 2468 3154 quaerentis
2500 3100 2716 3150 escam,
2752 3101 2856 3140 nec
2883 3085 3157 3141 habentis
3185 3086 3515 3157 vestigium.
3546 3110 3567 3136 ι
3605 3088 3802 3158 Neque

384 3178 543 3234 enim
575 3177 772 3245 habet,
806 3175 902 3231 ubi
937 3177 1136 3246 ponat,
1170 3176 1235 3227 ut
1264 3173 1441 3227 etiam
1474 3172 1599 3244 ipse
1631 3172 1834 3227 audiat
1857 3187 1990 3226 cum
2028 3171 2218 3243 Moyse
2252 3189 2265 3226 :
2305 3193 2333 3222 α
2362 3173 2449 3227 Tu
2509 3177 2705 3227 autem
2736 3172 2816 3227 ibi
2849 3179 2940 3228 sta
2970 3190 3201 3229 mecum
3230 3175 3293 3229 ⁸³.
3330 3196 3357 3223 ››
3390 3176 3584 3247 Neque
3643 3176 3796 3230 enim

384 3283 521 3323 cum
579 3264 723 3322 Filio
755 3264 854 3319 Dei
912 3262 1167 3327 steterit,
1204 3260 1307 3333 qui
1338 3260 1481 3316 dicit
1511 3260 1775 3333 genitum
1804 3264 1860 3315 et
1891 3276 2004 3314 non
2037 3260 2304 3332 genitum
2334 3260 2516 3316 Deum
2551 3278 2563 3315 :
2599 3262 2700 3316 sed
2733 3261 2833 3332 qui
2864 3262 3119 3333 baptizat
3148 3262 3206 3317 in
3242 3263 3474 3317 nomine
3501 3264 3710 3328 Patris,
3745 3268 3802 3318 et

382 3355 533 3422 Filii,
564 3360 622 3410 et
652 3353 903 3424 Spiritus
934 3351 1142 3408 sancti.
1177 3355 1308 3406 Haec
1336 3351 1493 3405 enim
1527 3354 1731 3405 nostra
1759 3348 2018 3405 creditur
2048 3349 2221 3405 statio
2256 3366 2269 3404 :
2303 3354 2363 3405 at
2394 3350 2589 3406 Actius
2619 3350 2940 3421 (aquilinus
2987 3354 3216 3423 nempe)
3269 3352 3468 3407 volitat
3529 3368 3797 3423 quaarens

381 3444 575 3501 adhuc
606 3444 865 3515 praedam
896 3444 953 3497 et
981 3440 1313 3496 stationem.
3566 3460 3567 3463 η

449 3552 498 3587 ⁸³
525 3550 699 3607 Joan.
733 3566 786 3617 v,
818 3548 907 3605 49.
982 3547 1028 3582 ⁵³
1061 3546 1224 3603 Deut.
1254 3563 1309 3613 ν,
1340 3546 1429 3601 31.

456 3658 572 3727 (91)
600 3658 847 3783 August.
880 3658 938 3711 et
963 3654 1147 3711 Palat.
1177 3655 1234 3721 2,
1263 3650 1499 3729 γίνηταί.
1904 3723 1938 3735 Η

458 3730 571 3783 (92)
603 3733 680 3783 Pa
707 3732 787 3783 at.
818 3729 875 3783 2.
908 3730 965 3783 et
994 3729 1346 3783 Auaustan..
1379 3722 1706 3779 πιστεύεται,
1741 3723 1873 3779 Mox
1902 3724 2030 3779 ndei

2145 3727 2316 3783 ζητῶν
2351 3718 2628 3783 ἐπιϐοράν.
2661 3730 2717 3781 et
2747 3726 2839 3781 hic
2868 3726 3032 3782 deﬁci

458 3718 571 3801 (92)
603 3718 787 3785 Palat.
818 3729 875 3797 2,
908 3730 965 3783 et
994 3718 1346 3799 Augustan.,
1379 3718 1706 3779 πιστεύεται,
1741 3723 1873 3779 Mox
1902 3723 2030 3779 iidei

2145 3727 2316 3793 ζητῶν
2351 3718 2628 3798 ἐπιόοράν,
2661 3730 2717 3781 et
2747 3726 2839 3781 hic
2868 3726 3167 3782 deﬁciunt.

1560 3949 1684 3999 ΤΟΥ
1722 3950 1809 4000 ΕΝ
1850 3946 2084 4002 ΑΓΙΟΙΣ
2128 3947 2394 4003 ΠΑΤΡΟΣ
2434 3951 2623 4000 ΗΜΩΝ

1738 4076 2466 4173 ΑΘΑΝΑΣΙΟΥ

532 4226 780 4279 ΔΙΑΛΟΓ
784 4226 868 4277 ΟΣ
927 4222 977 4276 Γ¹
1022 4220 1146 4294 περὶ
1195 4226 1294 4289 τῆς
1339 4219 1492 4295 ἀγίας
1520 4216 1805 4309 δΤρΙιάδος,
1845 4218 1909 4309 ἐν
1960 4220 2005 4290 ᾦ
2056 4220 2701 4309 αἱρετινκκοῦηερρονοῦνᾷοξ
2750 4220 2816 4275 τὰ
2860 4225 2957 4275 τοῦ
3005 4222 3478 4296 Πνευματομάχου
3528 4224 3647 4278 Mae-

1452 4276 1699 4345 κεδονίου
1740 4276 2001 4353 ἀντίθεσις
2042 4276 2176 4367 πρδς
2220 4276 2535 4364 Ὀρθόδδξον
2578 4293 2709 4366 (93).

1514 4479 1605 4571 s.
1661 4480 1762 4572 Ρ.
1816 4481 1925 4574 Ν.
1999 4412 2673 4575 Α’ῙΓΗΑΝΑΞΠ

396 4634 728 4695 DIALOGUS
764 4636 843 4691 111
875 4633 940 4689 de
966 4636 1155 4689 sancta
1188 4632 1478 4699 Trinitate,
1508 4633 1565 4686 in
1596 4647 1701 4703 quo
1728 4635 1909 4705 exstat
1937 4632 2191 4689 haeretici
2217 4633 2503 4688 sentientis
2532 4648 2656 4687 cum
2684 4631 2989 4687 Macedonio
3022 4632 3515 4688 Pneumatomacho
3546 4633 3794 4705 disputa-

1695 4705 1775 4759 tio
1802 4703 2063 4760 adversus
2096 4704 2491 4763 Orthodoxum.

980 4893 1437 4947 ΜΑΚΕΔΟΝΙΟΣ.

467 4984 518 5037 1.
580 4985 691 5036 Ποῦ
748 4982 1065 5058 γέγραπται,
1125 4980 1253 5040 Θεὸς
1312 4980 1373 5032 τὸ
1430 4980 1687 5052 Πνεῦμα;
1746 4984 2034 5038 ΟΡΘΟΔΟ-

388 5075 549 5127 ΞΟΣ.
584 5070 647 5125 Εἰ
678 5069 949 5132 ἐπίστευες
983 5069 1057 5131 είς
1089 5069 1180 5123 τὸν
1212 5069 1332 5122 Γίὸν
1367 5072 1463 5122 τοῦ
1512 5072 1645 5123 θεοῦ
1703 5069 1896 5145 ὀρθῶς,
1926 5069 2034 5145 ἐγί-

486 5197 577 5269 93)
609 5201 742 5253 Haec
789 5202 951 5254 notat
1004 5196 1336 5269 Felckman.
1371 5195 1429 5249 in
1482 5195 1638 5269 bunc
1687 5196 2036 5269 dialogum:

396 5265 866 5343 νίἀίηὶιιίιμιιιηάς)Δ
902 5266 1202 5343 Γρηγορίου
1251 5265 1756 5343 ἱεριομονάχουυκαὶ
1806 5265 2034 5339 πνευμα-

395 5342 552 5414 τικοξῦ
580 5334 676 5393 τοῧ
712 5334 954 5414 μεγάλου
986 5334 1586 5414 πρωτοσυγγὲλουηκᾶξ
1638 5336 1856 5414 ὕστερον
1907 5334 2044 5414 χρη-

403 5406 727 5486 ματίσαντος
774 5406 902 5485 (sic)
948 5406 1303 5486 πατριάρχου⁷
1327 5407 1414 5461 καὶ
1449 5406 2042 5486 ἐν’-Ῥώμῃξταφέντος

399 5481 489 5559 καὶ
523 5481 1078 5559 θαυματουργρῦντοςξ
1110 5481 1332 5559 εἶςςτήν
1381 5483 1476 5559 τοᾷ
1527 5482 1717 5559 (Merci
1741 5552 1750 5559 _
1774 5481 2042 5559 Metropo-

573 5548 821 5625 Ἐ’φισίου
852 5548 1163 5621 ’ἐπιστολὴν
1209 5550 1268 5628 ἐκ
1307 5548 1574 5628 διαφόρων
1618 5552 1866 5628 ΙΙατὲρων
1914 5548 2045 5628 ἀπο-

290 5673 303 5683 .
407 5624 636 5700 λογίανη
668 5630 765 5684 Hic
810 5630 1006 5686 titulus
1050 5630 1193 5700 erat.
1236 5624 1297 5678 In
1339 5624 1419 5700 ea
1450 5639 1558 5700 non
1585 5626 1789 5700 procul
1834 5644 1867 5681 a
1913 5627 2043 5697 ﬁne,

410 5695 503 5754 hic
520 5698 773 5773 dialogus
800 5702 899 5759 sub
926 5699 1146 5759 nomine
1175 5695 1416 5752 auctoris
1443 5695 1674 5752 Maximi
1699 5695 1923 5766 citatur,
1945 5700 2042 5763 sic,

2735 4891 3209 4949 MACEDONIUS.

2218 4984 2281 5036 1.
2346 4980 2451 5035 Ubi
2522 4982 2805 5053 scriptum
2872 4984 2993 5051 est,
3058 4980 3342 5052 Spiritum
3409 4998 3537 5036 esse
3566 4984 3801 5038 Deum?

2148 5070 2648 5126 ORTHODOXUS.
2706 5071 2760 5123 Si
2820 5074 2971 5124 recte
3030 5070 3087 5123 in
3142 5069 3347 5125 Filium
3386 5072 3476 5126 Dci
3511 5074 3795 5136 crederes,

2149 5199 2317 5249 Τοῦτο
2349 5193 2436 5247 καὶ
2469 5193 2715 5268 Μάξιμος
2751 5195 2777 5246 ὁ
2802 5188 3203 5268 -θεῖοςμβεϐαιοῖ
3234 5193 3379 5267 ἐνγτῇ
3427 5194 3654 5268 διαλέξει
3690 5197 3801 5248 '01-}-

2151 5272 2244 5319 τοῦ
2275 5270 2341 5338 τῇ
2374 5268 2509 5339 πρὸς
2544 5267 2632 5319 τὸν
2657 5267 2719 5318 τὰ
2753 5265 3020 5336 Εὐνόμιου
3070 5265 3387 5341 φρονοῦντα.
3414 5266 3577 5341 -.Φησὶ
3602 5273 3801 5341 -Μακες

2153 5336 2331 5398 δόνιος
2366 5336 2494 5409 (sic)
2525 5339 2661 5411 πρὸς
2694 5337 2957 5406 Μάξιμον·
2980 5336 3346 5412 Ὑπ”ηγράφεις
3381 5336 3468 5412 οὗ),
3499 5339 3564 5407 τῇ
3599 5336 3798 5412 ἐκθέσει

2156 5407 2488 5472 Λοιλκιανοῦξ
2524 5407 2870 5487 ΜάξιμοςἹί
2886 5407 3182 5487 κατέγνως,
3204 5407 3311 5463 etc.
3344 5410 3487 5487 Vide
3521 5407 3691 5487 paulo
3714 5408 3795 5460 in-

2155 5484 2356 5537 ferius.
2384 5483 2440 5536 ln
2477 5483 2738 5536 Palatino
2771 5482 2969 5536 codice
2995 5484 3078 5534 sic
3110 5485 3346 5534 notatur
3376 5481 3444 5532 ad
3472 5481 3789 5547 margiuem

2155 5554 2270 5619 hic,
2286 5557 2391 5625 me
2413 5550 2564 5625 ἁγίου
2600 5552 2869 5623 Μαξίμου.
2885 5551 3115 5625 Titulus
3138 5552 3310 5607 etiam
3335 5551 3391 5603 in
3415 5556 3658 5625 utroque
3681 5565 3792 5625 ms.

2155 5630 2213 5681 et
2269 5626 2325 5680 in
2377 5622 2515 5694 Reg.
2549 5633 2634 5679 esl
2682 5622 2909 5679 tantum
2945 5641 2958 5678 :
2991 5622 3261 5692 αἱρετικοῦ
3311 5624 3652 5693 φρονοῦντος,
3682 5623 3791 5674 etc.

2156 5713 2285 5769 quae
2315 5702 2659 5767 sequuntur.
