4092 6218
339 380 364 443 Ι
378 381 495 445 203

341 604 539 658 Maced.
572 604 682 658 Nos
712 603 792 657 ita
821 603 1134 671 credimus,
1170 608 1234 656 ut
1266 603 1468 658 beatus
1502 603 1813 658 Lucianus.
1839 602 1994 658 Ortli.

346 691 537 746 Velim
570 691 740 757 scire,
777 708 847 745 an
882 690 1087 745 saltem
1123 696 1187 746 ut
1218 691 1422 746 beatus
1450 691 1741 745 Lucianus
1772 690 1993 744 credas.

341 779 538 835 Macati.
570 782 655 833 An
686 780 837 849 quod
870 796 970 833 vos
1002 796 1229 850 quoque
1260 780 1342 834 sic
1373 779 1669 834 credatis?
1701 779 1851 833 Orth.
1882 779 1997 833 Nos

347 869 586 938 quidem
621 869 701 922 ita
730 868 1042 933 credimus,
1081 874 1145 921 ut
1185 884 1387 922 omnes
1442 867 1628 921 sancti
1692 872 1996 936 martyres.

343 957 488 1014 Nam
520 961 575 1010 et
603 955 639 1009 ii
676 956 757 1009 ita
788 956 1180 1018 crediderunt,
1203 960 1266 1009 ut
1296 955 1480 1009 sancti
1510 954 1779 1025 apostoli.
1800 952 1994 1008 Maced.

348 1045 546 1100 Credis
578 1044 781 1116 igitur,
815 1050 878 1096 ut
909 1044 1112 1097 beatus
1145 1043 1433 1097 Lucianus
1458 1044 1484 1097 ’ἶ
1517 1043 1667 1097 ΟνιΙι.
1698 1042 1831 1096 Jam
1881 1042 1998 1095 dixi

347 1150 440 1188 me
499 1134 753 1198 credere,
812 1148 925 1186 non
984 1137 1212 1186 tantum
1274 1138 1337 1186 ut
1367 1131 1614 1186 credidit
1646 1131 1850 1186 beatus
1883 1131 1997 1185 Lu—

349 1224 577 1287 cianus,
611 1236 810 1275 verum
855 1221 1031 1276 etiam
1091 1224 1156 1274 ut
1213 1237 1415 1275 omnes
1475 1220 1662 1274 sancti
1717 1224 2002 1290 martyres

350 1317 407 1364 et
447 1309 717 1381 apostoli.
772 1308 972 1362 Maned.
1030 1308 1363 1363 Subscribis
1418 1307 1595 1380 igitur
1649 1307 2002 1363 confessioni

352 1397 483 1451 ﬁdei
545 1414 579 1451 a
641 1396 886 1451 Luciano
935 1396 1145 1451 editas?
1174 1396 1323 1453 Orth.
1360 1396 1506 1459 Quid
1542 1397 1789 1449 damnas
1826 1397 1878 1449 in
1913 1412 2001 1463 ca,

351 1502 479 1557 quae
513 1503 544 1539 a
574 1484 852 1540 trecentis
885 1485 1203 1540 octodecim
1238 1485 1508 1539 Patribus
1556 1484 1753 1539 Nicena:
1806 1484 2003 1555 Bithy-

351 1574 459 1629 niae
515 1574 669 1628 edita
715 1579 822 1642 est,
883 1578 946 1628 ut
976 1578 1032 1629 et
1061 1573 1235 1629 aliam
1270 1573 1533 1645 requiras
1568 1576 1590 1625 Ρ
1619 1574 1763 1627 441
1803 1572 2001 1626 Μαι-μά.

352 1664 423 1718 At
453 1668 515 1717 tu
552 1663 691 1733 quid
723 1662 780 1717 in
816 1661 912 1717 illa
946 1663 1183 1718 Luciani
1217 1660 2005 1717 damnas?0rlh.Condemno

356 1756 615 1807 vestrum
649 1751 792 1806 illud
815 1750 1489 1820 additamentum,idque
1514 1765 1752 1820 possum
1772 1749 2007 1804 demon-

1502 386 1566 445 S.
1617 379 2133 445 ATHANASIUS.
2159 414 2234 424 —
2266 376 2573 442 SPURIA.

340 532 545 571 nosses
572 515 749 571 etiam
783 516 1075 587 quomodo
1100 515 1175 570 sit
1205 516 1261 570 in
1295 516 1577 587 Spiritum
1609 516 1988 571 credendum.

2115 532 2305 572 νωσκες
2364 511 2462 577 τήν
2529 508 2653 583 περὶ
2726 512 2822 563 τοῦ
2897 506 3210 579 Πνεύματος
3289 504 3465 559 πίστιν
3503 546 3516 557 .

3594 374 3757 433 1204

3578 504 3708 559 Max
3741 520 3755 533 '

2106 602 2295 672 Ἡμεῖς
2343 598 2514 660 οὕτως
2565 597 2910 668 πιστεύομεν,
2945 596 3021 657 ὡς
3057 596 3084 650 ὀ
3121 593 3380 668 μακάριος
3439 593 3756 653 Λουκιανός.

2109 690 2271 761 Ὀρθ.
2324 686 2477 741 Θὲλω
2535 692 2759 761 γνῶναι,
2817 686 2859 739 εἷ
2918 685 3012 739 κᾶν
3066 685 3143 745 ὡς
3199 685 3226 737 6
3290 682 3556 755 μακάριος
3619 692 3759 736 Λου-

2106 778 2291 837 κιανὸς
2348 775 2655 837 πιστεύεις.
2716 780 2866 829 Μακ.
2920 773 3017 827 Καὶ
3077 774 3230 844 ὑμεῖς
3287 773 3389 847 γὰρ
3450 770 3625 831 οὕτως
3678 792 3763 825 πι-

2109 865 2372 931 στεύετε;
2430 866 2573 939 Ὀρθ.
2636 864 2826 936 Ἡμεῖς
2889 862 2982 935 μὲν
3051 861 3223 922 οὕτως
3276 859 3625 932 πιστεύομεν,
3688 860 3761 921 ὡς

2107 955 2302 1015 πάντες
2335 954 2385 1007 οἰ
2418 955 2558 1027 ἅγιοι
2592 952 2876 1027 μάρτυρες.
2914 950 3016 1007 Καὶ
3074 952 3176 1026 γὰρ
3233 950 3322 1004 καὶ
3373 948 3526 1004 αὐτοὶ
3587 948 3765 1009 οὕτως

2111 1042 2444 1111 ἐπίστευσαν,
2486 1042 2559 1102 ὡς
2619 1042 2669 1094 οἱ
2732 1042 2873 1116 ἅγιοι
2934 1038 3252 1093 ἀπόστολοι.
3289 1040 3430 1093 Μακ.
3487 1038 3766 1098 Πιστεύεις

2111 1130 2201 1186 οὖν
2254 1132 2326 1192 ὡς
2370 1131 2397 1183 6
2455 1132 2720 1203 μακάριος
2772 1128 3105 1197 Λουκιανόςς
3136 1129 3285 1200 Ὀρθ.
3337 1128 3523 1182 Εἶπον.
3570 1126 3655 1180 ὅτι
3706 1126 3769 1180 ού

2115 1222 2274 1293 μόνον
2307 1220 2381 1281 ὡς
2413 1220 2440 1273 6
2477 1220 2746 1293 μακάριος
2779 1218 3091 1277 Λουκιανὸς.
3128 1215 3272 1271 ἀλλᾶ
3302 1216 3392 1269 καὶ
3440 1215 3515 1276 ὡς
3566 1218 3768 1277 πάντες

2113 1310 2163 1364 οἱ
2222 1310 2363 1383 ἅγιοι
2427 1309 2716 1381 μάρτυρες,
2749 1307 2837 1361 καὶ
2899 1307 2953 1359 οἱ
3013 1304 3331 1360 ἀπόστολοι.
3398 1306 3541 1360 Μακ.
3598 1305 3772 1357 Ὑποο

2112 1398 2337 1473 γράφεις
2369 1394 2460 1450 οὖν
2492 1399 2559 1468 τῇ
2593 1393 2792 1449 ἐκθέσει
2830 1398 3168 1460 Δουκιανοῦ;
3204 1394 3346 1464 Ὀρθ.
3377 1392 3436 1444 Τί
3480 1392 3582 1467 γὰρ
3632 1414 3774 1446 κατο

2114 1486 2280 1561 έγνως
2330 1488 2431 1549 τῆς
2484 1484 2585 1537 ὑπὸ
2627 1488 2733 1537 τῶν
2787 1485 2899 1555 (94)
2948 1488 3054 1551 τιη¹
3086 1482 3337 1555 Πατέρων
3394 1480 3560 1554 ἁγίων
3588 1479 3639 1534 ἐν
3672 1488 3772 1535 Νι-

2112 1573 2239 1644 καίᾳ
2284 1577 2383 1637 τῆς
2432 1571 2676 1633 Βιθυνίας
2728 1571 3055 1639 ἐκτεθείσης,
3098 1568 3190 1623 τίνα
3236 1569 3325 1623 καὶ
3376 1567 3554 1638 ἄλλην
3611 1590 3776 1643 περι-

2116 1657 2328 1735 ϐλέψῃ;
2365 1664 2503 1718 Μακ.
2555 1660 2629 1713 Σὺ
2678 1660 2782 1735 γὰρ
2828 1659 2880 1712 τί
2928 1657 3196 1733 κατέγνως
3243 1661 3342 1721 τῆς
3388 1662 3483 1711 τοῦ
3532 1666 3774 1710 Λουκια-

2114 1754 2249 1818 νοῦ;
2286 1751 2434 1823 Ὀρθ.
2487 1748 2760 1824 Κατέγνων
2807 1754 2907 1817 τῆς
2956 1748 3274 1822 προσθήκης
3312 1748 3378 1813 ἧς
3431 1747 3776 1819 προσεθήκα-

359 1846 546 1896 strare
572 1857 605 1895 a
634 1840 793 1895 vobis
826 1840 1120 1910 adjectum
1154 1856 1281 1894 esse
1340 1844 1541 1892 contra
1596 1838 1720 1907 ejus
1773 1842 2001 1892 senten-

2115 1860 2191 1907 τε,
2223 1838 2312 1891 καὶ
2347 1836 2461 1912 ἔχω
2523 1834 2712 1906 δεῖξαι,
2744 1834 2827 1889 ὅτι
2876 1836 3246 1909 προσεθήκατε
3306 1833 3511 1888 ἐναντία
3570 1832 3769 1902 αὐτῆς.

2119 1930 2171 1943 ιι
2342 1927 2398 1943 0‘.
2472 1931 2494 1941 υ
2622 1925 2635 1941 \
2778 1924 2790 1943 ν
3027 1925 3052 1943 Λ
3080 1925 3093 1943 1
3317 1926 3343 1936 ὐ
3411 1921 3425 1941 τ
3520 1930 3559 1943 ιν
3670 1923 3682 1943 7
3754 1942 3761 1943 .

358 1930 524 1985 tiam.
580 1928 783 1984 Maced.
847 1932 1054 1983 Annon
1104 1932 1162 1982 et
1191 1944 1291 1982 vos
1323 1926 1540 1997 aliquid
1573 1926 1814 1980 Nicaeus)
1847 1926 2008 1996 adje-

355 2017 562 2073 cistis?
593 2016 742 2072 Orth.
774 2017 945 2085 Sane,
979 2022 1038 2071 at
1070 2033 1180 2070 non
1216 2014 1602 2086 repugnantia
1632 2014 1764 2085 ipsi.
1800 2014 2007 2069 Maced.

352 2106 561 2177 Aliqua
618 2106 853 2160 omnino
912 2105 1229 2174 adjeoistis.
1293 2105 1451 2159 Orth.
1515 2103 1591 2157 Ea
1618 2101 1906 2173 videlicet,
1939 2103 2009 2157 de

356 2196 571 2265 quibus
602 2199 741 2249 tunc
772 2210 887 2249 non
920 2194 1369 2264 quaerebatur,et
1401 2209 1526 2263 quae
1560 2208 1713 2246 nunc
1743 2197 1881 2247 sunt
1911 2191 2008 2246 Pa-

353 2287 472 2338 tres
501 2284 593 2355 pie
622 2282 988 2353 interpretati
1017 2300 1029 2337 :
1054 2288 1113 2337 at
1142 2298 1242 2337 vos
1274 2282 1573 2352 adjecistis
1604 2280 2006 2353 appendicem,

355 2388 481 2441 qua:
516 2372 586 2426 ad
618 2371 977 2443 impietatem
1009 2370 1214 2440 vergit,
1247 2375 1306 2424 et
1334 2387 1406 2425 ne
1439 2371 1521 2423 sic
1582 2370 1818 2440 quidem
1878 2386 2005 2425 eam

350 2459 689 2529 sequimini.
741 2459 953 2516 Maced.
987 2458 1103 2513 Nos
1134 2459 1218 2513 sic
1250 2458 1566 2523 credimus,
1596 2464 1659 2512 ut
1692 2458 2005 2513 Lucianus.

351 2549 504 2603 Orth.
526 2550 686 2612 Quod
722 2549 770 2603 si
804 2554 858 2603 te
889 2547 1192 2603 ostendam
1228 2563 1331 2601 nec
1361 2547 1445 2601 sic
1476 2546 1709 2617 quidem
1744 2548 2007 2602 credere?

348 2638 551 2693 Maced.
585 2638 887 2701 Quomodo
920 2637 975 2691 id
1009 2636 1376 2691 ostenderis?
1408 2635 1564 2690 Orth.
1597 2640 1769 2691 Estne
1806 2636 1879 2705 ,in
1939 2652 2009 2691 ea

350 2726 643 2797 scriptum
698 2743 710 2779 :
762 2726 945 2779 Filius
974 2730 1062 2780 est
1092 2724 1193 2780 Dei
1224 2725 1591 2789 substantia,
1625 2724 1873 2790 consilii,
1908 2742 2007 2796 po-

349 2815 543 2869 tentiae
575 2819 630 2869 et
659 2813 858 2886 gloriae
890 2813 1106 2884 imago,
1140 2812 1265 2868 sine
1296 2812 2005 2881 dissimilitudine;annon

352 2904 683 2979 scriptum?
732 2902 929 2957 Maced.
994 2903 1112 2956 Est.
1172 2900 1324 2957 Orlh.
1387 2901 1728 2956 Substantia
1785 2918 1919 2956 vero
1973 2918 2007 2956 a

355 2991 689 3046 substantia
722 2989 866 3046 nihil
900 3007 1141 3062 prorsus
1171 2989 1623 3057 varians,annon
1656 2990 1856 3046 eadem
1890 2991 2007 3046 est?

355 3079 559 3134 Maccd.
622 3078 845 3134 Similis
898 3084 1006 3133 est.
1064 3078 1216 3133 Orth.
1271 3080 1343 3132 At
1396 3094 1529 3133 vero
1586 3078 1797 3133 similis
1845 3079 2003 3134 aliud

2119 1930 2281 1984 Μακ.
2342 1927 2522 1997 Ὑμεῖς
2577 1925 2677 2001 γὰρ
2737 1924 2797 1978 ού
2856 1925 3226 1999 προσεθήκατε
3280 1926 3348 1996 τῇ
3407 1921 3457 1977 ὲν
3520 1923 3765 1993 Νικαίας

2120 2016 2268 2088 Ὀρθ.
2318 2012 2471 2070 Ἀλλ’
2533 2014 2633 2068 οὐκ
2686 2012 2894 2067 ἐναντία
2952 2012 3110 2085 αὑτῇ.
3170 2014 3314 2068 Μακ.
3354 2011 3535 2072 Ὅλως
3596 2032 3770 2085 προσ-

2120 2105 2363 2173 εθήκατε.
2398 2104 2540 2177 Ὀρθ.
2574 2104 2649 2156 Τὰ
2697 2103 2818 2156 τότε
2869 2102 2945 2173 μή
2998 2099 3318 2171 ζητηθέντα,
3344 2100 3378 2153 ἃ
3409 2102 3520 2173 (95)
3552 2100 3643 2154 καὶ
3675 2105 3769 2153 νῦν

2117 2195 2464 2268 ἡρμηνευσαν
2499 2193 2549 2246 οἱ
2585 2190 2814 2265 Πατὲρες
2847 2184 3102 2252 εὐσεϐῶς·
3141 2191 3294 2261 ὑμεῖς
3335 2187 3392 2244 δὶ
3441 2190 3539 2257 τήν
3596 2209 3775 2261 προσ-

2119 2284 2292 2352 θήκην
2350 2280 2435 2335 ἐπὶ
2482 2282 2544 2335 τὸ
2587 2275 2931 2353 ἀσεϐέστερον
2983 2283 3375 2353 προσεθήκατε,
3406 2278 3495 2332 καῖ
3528 2276 3644 2333 οὐδ’
3680 2279 3776 2332 οὕ-

2116 2391 2222 2431 τως
2255 2370 2390 2442 αύτῇ
2423 2368 2788 2424 ἀκολουθεῖτε.
2822 2374 2961 2424 Μακ.
2994 2367 3188 2438 Ἡμεῖς
3219 2365 3361 2419 οὕτω
3418 2366 3775 2438 πιστεύομεν,

2117 2460 2191 2519 ὡς
2253 2457 2571 2517 Λουκιανός.
2606 2459 2750 2531 Ὀρθ.
2787 2456 2905 2511 Ἐὰν
2965 2453 3022 2510 δέ
3070 2456 3115 2509 σ⁹
3149 2453 3375 2530 ἐλέγξω,
3410 2453 3538 2527 μηδ’
3592 2456 3774 2518 οὕτως

2115 2548 2475 2613 πιστεύοντα;
2512 2549 2659 2602 Μακ.
2692 2549 2816 2607 Πῶς
2867 2541 3015 2620 ἔχεις
3066 2541 3273 2613 δεῖξαι;
3305 2546 3455 2618 Ὀρθ.
3490 2545 3579 2601 Ἐν
3633 2545 3776 2619 αὐτῇ

2114 2635 2428 2711 γὲγραπται’
2462 2637 2523 2688 Ὃ
2550 2635 2675 2695 Υἱὸς
2724 2637 2822 2687 τοῦ
2875 2637 3009 2687 Θεοῦ
3061 2631 3245 2694 οὐσίας
3284 2632 3372 2686 καὶ
3418 2632 3652 2707 βουλῆς,
3684 2635 3776 2688 καὶ

2117 2722 2421 2797 δυνάμεως,
2454 2723 2543 2778 καὶ
2575 2720 2735 2795 δόξης
2767 2721 3185 2795 ἀπαράλλακτος
3218 2721 3399 2787 εἰκὼν,
3419 2722 3453 2790 ἢ
3489 2718 3552 2775 οὕ
3579 2742 3592 2790 ;
3620 2724 3772 2779 Μακ.

2119 2811 2236 2866 Ναί.
2274 2815 2423 2884 Ὀρθ.
2478 2810 2645 2868 Ούσία
2703 2808 2760 2864 δὲ
2820 2810 3003 2872 οὐσίας
3064 2808 3482 2886 ἀπαράλλακτος
3543 2809 3702 2880 οὖσα,
3736 2814 3771 2881 ἡ

2116 2900 2248 2970 αὐτή
2301 2900 2439 2955 ἐστιν
2493 2899 2685 2967 ούσία;
2722 2906 2858 2955 Μακ.
2910 2900 3148 2967 Τοιαύτη
3183 2898 3358 2954 οὐσία.
3394 2900 3546 2973 Ὀρθ.
3580 2899 3772 2956 ’Ἄλλο

2114 2991 2213 3063 γάρ
2273 2989 2381 3043 ἐστι
2437 2987 2685 3057 τοιαύτη,
2732 2988 2820 3041 καὶ
2879 2984 3020 3042 ἄλλο
3077 2990 3110 3057 ἡ
3161 2987 3333 3058 αύτής
3387 2995 3527 3043 Μακ.
3579 2991 3773 3059 Ἡμεῖς

2113 3079 2365 3143 τοιαύτην
2426 3076 2659 3151 λέγομεν
2710 3075 2798 3130 καὶ
2831 3076 3050 3147 ὁμοίαν,
3083 3075 3145 3129 ού
3177 3077 3274 3144 τὴν
3304 3076 3470 3144 αὐτὴν
3504 3074 3581 3132 δέ.
3620 3079 3771 3151 Ὀρθ.

351 3166 630 3237 quiddam
693 3172 783 3221 est
836 3183 1008 3238 quam
1067 3167 1317 3221 eadem?
1365 3167 1562 3221 Maced.
1595 3166 1711 3222 Nos
1741 3168 2001 3237 ejusdem

2115 3167 2304 3228 Οὕτως
2336 3165 2507 3241 λὲγεις
2542 3165 2733 3237 ὅμοιον
2764 3170 2843 3235 τῷ
2895 3164 3061 3240 ΙΙατρὶ
3106 3165 3196 3219 τὸν
3234 3166 3374 3232 Υἱὸν,
3409 3166 3486 3227 ὡς
3530 3166 3770 3240 ἄγγελον
3832 3182 3843 3193 ⁸

353 3255 511 3308 modi
544 3259 602 3309 et
632 3254 887 3309 similem
921 3254 1193 3320 dicimus,
1226 3256 1492 3309 eamdem
1526 3271 1656 3310 vero
1688 3273 1800 3311 non
1840 3258 2001 3313 item.

2116 3253 2334 3330 ἀγγέλῳ
2362 3262 2538 3324 ;·Μακ.
2562 3256 2682 3309 Ναί.
2704 3255 2983 3328 Ὀρθ.Τῶν
3018 3250 3074 3307 δὲ
3104 3251 3354 3328 ἀγγέλων
3387 3256 3421 3323 ἡ
3454 3254 3592 3324 αύτή
3625 3254 3770 3309 ἐστιν

348 3342 498 3396 Orth.
561 3341 647 3397 lta
705 3341 854 3397 dicis
906 3342 1054 3396 Patri
1093 3342 1345 3398 similem
1378 3343 1608 3411 Filium,
1643 3349 1706 3398 ut
1731 3345 2001 3415 angelum

346 3430 595 3501 angelo?
619 3429 815 3484 Maced.
849 3430 1057 3484 Etiam.
1094 3430 1246 3485 Orth.
1298 3432 1654 3502 Angelorum
1714 3449 1846 3488 vero
1903 3451 2001 3488 ea-

343 3519 553 3573 demne
608 3522 696 3573 est
745 3517 1122 3573 substantia?
1164 3519 1363 3574 Maced.
1392 3519 1516 3574 Non
1549 3521 1809 3591 ejusdem
1843 3523 2001 3577 modi

2114 3344 2270 3399 οὐσία
2298 3364 2312 3412 ;
2346 3346 2492 3400 Μακ.
2525 3345 2716 3416 Ἡμεῖς
2745 3342 3002 3412 τοιαύτην
3038 3341 3268 3418 λὲγομεν
3315 3343 3404 3397 καὶ
3453 3344 3677 3416 ὁμοίαν,
3710 3344 3773 3399 οὐ

2111 3436 2209 3503 τὴν
2266 3433 2451 3502 αύτήνο
2502 3430 2587 3487 διὸ
2643 3430 2730 3485 καὶ
2792 3431 3151 3503 ὀμοιοούσιον
3206 3430 3459 3507 λέγομεν,
3512 3432 3605 3487 καὶ
3664 3434 3776 3509 οὐχ

2109 3520 2427 3594 ὁμοούσιον.

349 3611 405 3662 et
434 3606 689 3662 similem
724 3605 998 3672 dicimus,
1032 3623 1145 3662 non
1178 3611 1371 3662 autem
1404 3610 1667 3664 eamdem
1705 3626 1717 3664 :
1752 3610 1998 3682 ideoque
2027 3612 2239 3667 similis
2268 3610 2555 3677 essentiae,
2590 3628 2702 3666 non
2736 3615 2929 3667 autem
2974 3610 3538 3667 consubstantialem
3597 3629 3771 3668 voca-

352 3712 507 3750 mus.

418 3786 472 3836 2.
522 3783 676 3839 Orth.
739 3783 888 3839 Dicis
948 3784 1130 3839 Deum
1183 3802 1249 3839 ex
1312 3785 1464 3840 Deo?
1520 3786 1728 3842 Maced.
1790 3788 1999 3843 Etiam.

353 3873 504 3927 Orth.
566 3872 633 3927 Et
688 3872 882 3927 lumen
942 3873 1013 3926 de
1069 3872 1333 3928 lumine?
1366 3874 1565 3930 Maced.
1605 3875 1808 3929 Etiam.
1847 3876 1998 3931 Orth.

355 3962 583 4016 Hiccine
615 3961 768 4016 Deus
798 3966 855 4015 st
880 3961 1064 4016 Filius
1097 3978 1164 4015 ex
1194 3962 1302 4016 hoc
1352 3962 1467 4018 Deo
1534 3968 1624 4017 est
1682 3970 1738 4019 et
1794 3964 2003 4020 Patre?

352 4050 553 4103 Macati.
618 4050 824 4105 Etiam.
889 4052 1039 4105 Orth.
1102 4054 1219 4105 Hoc
1249 4050 1468 4117 lumen,
1497 4052 1650 4122 quod
1683 4058 1771 4107 est
1798 4053 2000 4125 Filius,

347 4144 509 4191 estne
537 4153 605 4190 ex
635 4136 743 4193 hoc
775 4138 1016 4205 lumine,
1039 4140 1192 4209 quod
1225 4144 1315 4194 est
1349 4140 1553 4195 Pater?
1573 4141 1766 4196 Maced.
1790 4143 1998 4197 Etiam.

349 4226 502 4279 0rlh.
538 4225 810 4279 Haeccene
841 4226 1172 4281 substantia
1199 4234 1288 4282 est
1334 4245 1399 4283 ex
1461 4229 1566 4283 hac
1625 4231 2003 4287 substantia?

348 4316 559 4369 Maced.
623 4313 765 4367 Non.
802 4312 951 4369 Orth.
982 4316 1281 4377 Quomodo
1313 4316 1490 4385 igitur
1520 4319 1592 4372 ab
1624 4319 1736 4373 ista
1771 4336 1881 4374 non
1914 4324 2003 4375 est

348 4401 618 4456 diversa?
649 4402 861 4456 Maced.
896 4403 1180 4466 Quoniam
1212 4403 1325 4460 alia
1352 4407 1584 4475 quidem
1618 4413 1724 4472 est,
1766 4410 1866 4461 sed
1923 4407 2000 4461 si-

350 4490 533 4543 milis.
571 4487 720 4543 Orth.
753 4492 890 4553 Quae
922 4507 1033 4545 non
1066 4496 1155 4546 est
1183 4509 1251 4546 ex
1281 4494 1481 4548 eadem
1518 4495 1867 4563 substantia,
1910 4497 1999 4551 Fi-

350 4576 467 4631 lius
499 4593 626 4632 esse
658 4594 771 4632 non
804 4584 1077 4650 potest,et
1107 4597 1232 4651 quas
1268 4581 1425 4636 nullo
1459 4584 1628 4638 modo
1659 4583 1882 4639 diversa
1914 4589 2001 4640 cst

2180 3792 2234 3844 2.
2270 3789 2419 3861 Ὀρθ.
2479 3788 2664 3861 Λὲγεις
2725 3788 2854 3843 Θεὸν
2915 3785 2973 3840 ἐκ
3029 3791 3199 3857 Θεοῦ;
3237 3794 3373 3842 Μακ.
3436 3787 3555 3844 Ναί.
3609 3788 3764 3862 Ὀρθ.

2113 3876 2207 3930 Καὶ
2269 3882 2381 3954 φῶς
2443 3875 2500 3930 ἐκ
2556 3876 2773 3953 φωτὸςς
2811 3877 2956 3932 Μακ.
3011 3876 3128 3932 Ναί.
3184 3877 3329 3951 Ὀρθ.
3365 3876 3537 3938 Οὗτος
3572 3878 3600 3931 6
3631 3878 3770 3938 Θεὸς

2110 3965 2197 4019 καὶ
2233 3965 2352 4025 Υἱὸς
2387 3963 2445 4019 ἐκ
2491 3964 2687 4019 τούτου
2742 3968 2838 4018 τοῦ
2895 3968 3028 4019 Θεοῦ
3059 3966 3147 4018 καὶ
3181 3966 3425 4037 Πατρός;
3462 3967 3604 4023 Μακ.
3638 3965 3767 4034 Ναί,

2110 4054 2259 4127 Ὀρθ.
2290 4058 2459 4107 Τοῦτο
2488 4054 2549 4108 τὸ
2580 4058 2717 4129 φῶς,
2750 4052 2780 4107 ὅ
2811 4052 2951 4107 ἐστιν
3008 4054 3153 4123 Υἱὸς,
3187 4052 3245 4107 ἐκ
3300 4053 3495 4109 τούτου
3554 4057 3765 4131 φωτὸς,

2111 4140 2280 4196 ὅέστι
2343 4143 2565 4214 Πατήρ;
2600 4148 2739 4196 Μακ.
2801 4140 2923 4198 Ναί.
2988 4142 3139 4217 Ὀρθ.
3195 4140 3343 4213 Αὕτη
3406 4145 3439 4211 ἡ
3492 4142 3648 4197 ούσία
3708 4144 3769 4198 ἐκ

2108 4229 2308 4299 ταύτης
2339 4236 2437 4298 τῆς
2471 4227 2653 4290 οὐσίας
2683 4249 2695 4298 ;
2730 4235 2870 4285 Μακ.
2899 4226 2996 4286 Οὕ.
3033 4232 3179 4306 Ὀρθ.
3220 4234 3339 4291 HE);
3368 4231 3460 4284 οὗν
3512 4230 3765 4306 ἀπαράλσ

2113 4318 2307 4379 λακτος
2335 4338 2347 4383 ;
2376 4323 2519 4374 Μακ.
2555 4320 2676 4374 ’Ὁτι
2737 4315 2881 4387 ἄλλη
2932 4318 3179 4388 τοιαύτη.
3233 4320 3380 4394 Ὀρθ.
3423 4321 3487 4377 Ἡ
3522 4343 3600 4391 μη
3634 4324 3770 4376 οὖσα

2111 4406 2161 4477 ἐξ
2219 4406 2385 4475 αὐτῆς
2439 4414 2538 4475 τῆς
2601 4406 2807 4473 οὐσίας,
2843 4406 2965 4468 Υἱὸς
3024 4406 3156 4462 εἶναι
3225 4407 3285 4461 ού
3346 4405 3586 4479 δύναται,
3641 4407 3769 4465 οὔτε

2113 4497 2220 4568 μὴν
2256 4494 2399 4565 ἄλλη
2432 4496 2654 4564 τοιαύτη
2693 4496 2846 4563 εἶναι,
2879 4493 3316 4570 ἀπαραλλάκτως
3349 4494 3573 4573 ἔχουσα.
3616 4505 3762 4555 Μακ.

2113 4589 2222 4638 Ποῦ
2271 4586 2591 4660 γέγραπται,
2633 4585 2761 4646 Θεὸς
2808 4585 2870 4639 τὸ
2918 4589 3169 4657 Πνεῦμας
3207 4586 3354 4661 Ὀρθ.
3383 4588 3550 4643 Ὅταν
3602 4590 3650 4641 σ’
3681 4587 3765 4658 ἑξ-

348 4668 421 4720 ab
450 4665 583 4731 ista,
620 4683 731 4721 non
767 4647 960 4738 potest
991 4667 1103 4723 alia
1127 4647 1263 4725 esse
1292 4675 1349 4724 et
1381 4688 1497 4725 una
1527 4671 1762 4727 similis.
1796 4674 1998 4729 Maced.

2115 4670 2315 4747 ελὲγξω
2358 4676 2466 4744 (96)
2503 4669 2630 4745 μηδ’
2682 4672 2851 4733 οὕτως
2906 4668 3124 4747 ἔχοντα,
3157 4674 3231 4735 ὡς
3266 4647 3349 4743 ¹ἣν
3404 4670 3762 4750 προεϐάλλου

352 4754 456 4809 Ubi
489 4753 770 4826 scriptum
804 4761 893 4810 est
925 4757 1209 4827 Spiritum
1245 4773 1372 4812 esse
1404 4758 1631 4814 Deum?
1687 4760 1837 4817 Orth.
1894 4762 2001 4817 Ubi

346 4848 402 4897 te
462 4860 778 4914 coarguero
810 4860 880 4898 ne
912 4844 995 4898 sic
1026 4845 1261 4916 quidem
1295 4848 1604 4914 sentire,ut
1638 4848 1812 4905 habet
1841 4866 1908 4906 ea
1940 4852 2002 4906 ti-

346 4932 435 4985 dei
470 4932 754 5002 expositio
787 4948 964 5003 quam
993 4935 1428 5003 objecisti,tunc
1453 4936 1887 5009 ubiascriptum
1904 4940 1997 5009 sit,

345 5020 561 5074 dicam.
596 5019 694 5075 Dic
727 5021 906 5091 igitur
936 5024 1195 5090 tandem,
1229 5042 1299 5078 an
1336 5025 1570 5081 fatearis
1634 5026 1839 5083 Filium
1904 5029 1998 5084 Dei

346 5123 474 5161 esse
537 5109 899 5178 substantias,
934 5115 990 5164 et
1021 5111 1272 5178 consilii,
1307 5121 1362 5167 et
1392 5115 1685 5184 poteutim,
1719 5121 1775 5172 et
1804 5116 2002 5189 gloria

344 5196 535 5251 Patris
564 5197 883 5267 imaginem
920 5215 1031 5254 non
1059 5200 1996 5278 diversam.Maccd.Etiam,etiam,

343 5286 519 5339 etiam
570 5284 860 5340 :tertium
921 5289 1060 5342 dixi.
1120 5290 1275 5345 Orlh.
1338 5295 1541 5346 Annon
1600 5292 1781 5363 igitur
1838 5312 1998 5350 eam-

347 5374 479 5429 dem
512 5389 641 5430 esse
672 5373 820 5430 dicis
851 5375 981 5431 Filii
1007 5382 1062 5432 et
1087 5377 1273 5433 Patris
1305 5380 1708 5450 potentiam,et
1727 5380 1993 5453 gloriam,

420 5544 538 5622 (94)
570 5545 723 5622 Edit.
758 5544 982 5617 Stepb.,
1016 5544 1120 5599 ἀπὸ
1151 5550 1280 5603 τῶν.
1320 5547 1471 5603 Infra
1502 5550 1990 5622 Protosyncellus,

352 5612 822 5689 SUPEX‘ETEYWOC.

425 5687 536 5757 (95)
566 5686 635 5741 Ἀ
669 5686 831 5745 deest
860 5687 920 5744 in
952 5686 1070 5743 Pal.
1121 5692 1177 5743 et
1222 5692 1558 5761 Protosync.
1593 5691 1694 5762 qui
1742 5707 1875 5749 mox
1930 5693 1988 5751 in

2110 4760 2331 4829 ἔκθεσιν,
2389 4762 2512 4816 τότε
2571 4761 2735 4837 λέγω,
2782 4765 2887 4815 ποῦ
2942 4762 3257 4836 γέγραπται.
3290 4762 3432 4823 Τέως
3488 4761 3579 4817 οὗν
3643 4764 3762 4819 εἶπέ

2116 4851 2289 4923 μοι,εί
2322 4849 2619 4925 ὁμολογεῖς
2654 4848 2960 4920 οὐσίας,καὶ
2988 4849 3321 4924 βουλῆς,καῖ
3346 4849 3762 4924 δυνάμεως,καὶ

2112 4937 2269 5010 δόξης
2318 4936 2736 5014 ἀπαράλλακτον
2786 4938 2966 4993 εἰκόνα
2993 4940 3085 4993 τὸν
3116 4945 3207 4994 τοῦ
3237 4944 3370 4995 Θεοῦ
3404 4940 3546 4996 Υἱόν.
3614 4948 3759 5001 Μακ.

2110 5030 2233 5101 Ναὶ,
2264 5029 2372 5098 ναὶ,
2405 5028 2513 5082 ναί·
2546 5026 2729 5103 τρίτον
2766 5027 2938 5084 εἶπον.
2972 5029 3120 5103 Ὀρθ.
3158 5029 3219 5083 Εἰ
3278 5027 3372 5084 οὖν
3429 5029 3598 5099 αὐτὴν
3659 5034 3759 5101 τὴν

2114 5116 2341 5191 βουλὴν,
2374 5116 2463 5171 καὶ
2497 5114 2746 5189 δύναμιν,
2776 5116 2865 5170 καὶ
2899 5114 3053 5186 δόξαν
3111 5116 3289 5193 λέγεις
3336 5123 3433 5172 τοῦ
3486 5118 3610 5173 1⁸ίοῦ
3668 5121 3760 5174 καὶ

2108 5211 2202 5261 τοῦ
2262 5207 2512 5282 ΙΙατρόςς
2547 5208 2689 5264 Μακ.
2722 5204 2799 5265 Οὐ
2849 5203 3017 5279 λέγω*
3070 5205 3131 5260 ού
3179 5207 3280 5282 γὰρ
3311 5210 3346 5277 ἡ
3379 5202 3585 5271 ἔκθεσις
3620 5217 3763 5263 Λου-

2108 5300 2295 5350 κιανοῦ
2326 5296 2423 5364 τὴν
2457 5294 2622 5363 αὐτὴν
2658 5294 2804 5370 λέγει
2841 5292 3068 5369 βουλὴν,
3100 5296 3189 5349 καὶ
3241 5294 3494 5369 δύναμιν,
3525 5297 3616 5351 καὶ
3666 5294 3759 5352 36-

2108 5384 2219 5454 ξαν.
2254 5391 2395 5460 Ὀρθ.
2431 5383 2545 5443 Οὐκ
2591 5383 2809 5454 ἀληθῶς
2858 5382 2959 5457 ἄρα
3004 5386 3102 5453 τὴν
3138 5383 3483 5456 δικαιοσύνην
3540 5384 3756 5450 λαλεῖς.

2101 5570 2298 5612 vocem
2331 5550 2565 5617 εὐσεϐῶς
2594 5555 2831 5611 desinit.

2315 5629 2452 5702 Reg.
2485 5632 2541 5683 et
2570 5627 2777 5700 Palat.,
2810 5623 3033 5700 ἐλέγξω.
3070 5628 3196 5685 Mox
3224 5622 3494 5695 idem,elc
3525 5626 3587 5693 ἢν
3621 5645 3753 5700 προ-

2101 5690 2356 5757 ἐϐάλλον.
