2046 3109
160 181 176 211 1
182 182 242 212 205

642 182 692 213 DE
714 181 868 213 SANCTA
888 179 1099 212 TRlNlTATE
1121 180 1316 212 DIALOGUS
1338 180 1391 211 lIl.

1794 182 1872 213 1206

158 246 255 281 Βουλή
270 246 321 284 γὰρ
339 247 442 284 βουλῆς
465 245 673 284 ἀπαράλλακτος
699 246 775 283 οὖσα,
791 248 809 282 ἡ
836 247 903 281 αὐτή
930 245 972 273 ἐστ

1043 248 1072 274 et
1086 246 1268 279 consilium!
1284 246 1448 275 Maced.Non
1464 247 1548 275 dico:
1567 255 1619 275 nec
1634 247 1711 275 enim
1727 248 1870 283 expositio

161 289 263 328 βουλή·
280 291 326 318 καὶ
355 289 468 328 δύναμις
496 290 635 328 ’δυνάμεως
650 291 859 329 ἀπαράλλακτος
875 290 950 324 οὖσα,
966 291 983 325 ὴ

157 334 225 370 αὐτή
256 334 311 362 ἐστι
338 334 468 372 δύναμις·
499 335 543 362 καί
575 334 637 370 δόξα
664 334 744 371 δόξης
775 334 984 374 ἀπαράλλακτος

157 378 234 414 οὖσα,
251 381 268 412 ἡ
285 379 353 415 αὐτή
371 379 426 407 ἐστι
452 378 525 415 δόξα.
543 381 615 408 Max.
642 379 865 417 Ἀπαράλλαχτον
897 378 984 417 λέγω,

154 425 204 458 τὴν
222 424 306 459 αὐτὴν
321 424 352 451 οὐ
369 424 450 462 λέγω.
468 425 544 460 Ὀρθ.
562 423 677 453 Μᾶλλον
692 424 737 452 οὖν
752 424 796 451 καὶ
813 425 844 452 τὸ
860 422 981 460 ἀπαράλ-

155 468 256 496 λακτον
274 471 351 508 φωνῇ
368 468 469 506 λέγεις,
485 469 523 500 ὡς
538 469 564 496 oi.
580 469 694 507 Χριστὸν
721 469 800 496 αὐτὸν
823 467 980 502 καλοῦντες,

152 514 199 541 καὶ
231 514 269 550 μή
298 513 481 548 πιστεύοντες,
498 513 540 541 ὅτι
556 514 673 552 Χριστός
689 513 770 542 ἐστιν.
789 513 821 542 Ei
844 512 896 551 γὰρ
921 512 980 540 ἐπί-

153 568 258 592 στευον,
275 558 325 586 οὐκ
340 558 370 586 ἂν
393 558 539 589 τύπτοντες
564 558 642 586 αὐτὸν
668 557 773 596 ἔλεγον·
791 570 805 583 ‹‹
823 558 978 596 Προφήτευ-

152 612 199 629 σον
229 603 309 639 ἡμῖν,
338 603 448 639 Χριστέ,
475 602 517 634 τίς
546 602 616 629 ἐστιν
646 603 660 629 ὁ
689 602 786 633 παίσας
813 611 859 636 σε;
877 613 891 627 ››
908 605 977 629 Max.

151 646 253 682 Εἶπον,
270 645 311 673 ὅτι
328 646 433 683 οὐσίας,
449 646 494 674 καὶ
512 646 625 684 βουλῆς,
638 646 683 674 καὶ
704 645 855 683 δυνάμεως,
871 646 915 673 καὶ
932 644 976 673 δό-

149 691 201 727 ξης
229 690 438 728 ἀπαράλλακτον
469 691 558 718 εἰκόνα
582 690 653 729 λέγω
678 691 723 718 τὸν
748 691 808 717 Υὶὸν
826 692 865 726 τῷ
881 689 975 726 Πατρί.

149 735 227 772 Ὀρθ.
243 735 353 771 ’Ἄλλην
368 735 496 771 τοιαύτην
513 735 603 762 οὐσίαν
619 734 769 773 λέγεις,καὶ
784 733 872 769 ἄλλην
887 733 977 761 τοιαύ-

147 790 199 815 την
218 779 334 817 βουλὴν,
351 779 395 807 καὶ
411 779 501 815 ἄλλην
518 779 647 815 τοιαύτην
670 778 794 816 δύναμιν,
811 779 856 806 καὶ
885 778 975 813 ἄλλην

148 824 279 859 τοιαύτην
296 823 373 860 δόξαν
387 834 394 859 ;
416 828 485 853 Max.
502 824 562 853 Ναί.
581 825 655 860 Ὀρθ.
672 824 724 851 Δύο
745 823 789 851 οὖν
806 823 883 858 Θεοί;
902 824 972 852 Mam.

149 870 199 900 Εἷς
214 869 260 897 καὶ
276 871 325 901 εἷς.
344 870 419 907 Ὀρθ.
436 869 522 901 Οὗτος
539 870 553 897 ὁ
568 871 691 900 τοιοῦτος
708 869 746 899 εἷς
762 868 792 896 ἐκ
807 868 905 895 τούτου
925 870 973 895 τοῦ

147 914 226 948 ἑνός;
250 917 321 942 Μακ.
352 914 412 943 Ναί.
443 915 517 951 Ὀρθ.
541 915 589 942 Ἐκ
615 917 664 949 τῆς
694 913 786 945 οὐσίας
815 914 883 950 ἇρα;
902 917 969 940 Mam

146 957 196 986 Οὕ.
230 959 303 996 Ὀρθ.
334 958 411 988 Ἀλλ’
432 958 462 986 ἐκ
491 959 530 995 μή
556 956 640 986 ὄντων
671 958 749 985 αὐτὸν
781 958 966 993 ὑπεστήσατο;

145 1005 217 1030 Μακ.
235 1004 281 1031 ’Ex
311 1003 349 1039 μὴ
382 1001 467 1031 ὄντων
496 1014 522 1031 τι
545 1002 625 1031 ἐστίν.
642 1003 715 1040 Ὀρθ.
740 1002 810 1033 Τοὺς
840 1001 968 1040 ἀγγέλους

145 1046 237 1084 λέγεις
253 1048 329 1082 εἶναι,
345 1047 389 1075 καὶ
408 1051 494 1075 πᾶσαν
510 1048 559 1082 τήν
575 1047 671 1081 κτίσιν,
688 1046 718 1074 ἐκ
731 1049 779 1074 τοῦ
794 1049 880 1080 Θεοῦ;
897 1050 966 1074 Max.

144 1092 208 1120 Ναί.
225 1092 372 1130 Γέγραπται
390 1093 452 1130 γάρ’
471 1104 486 1118 ‹‹
500 1093 538 1119 Τὰ
552 1091 638 1120 πάντα
654 1092 684 1119 ἐκ
706 1094 754 1119 τοῦ
770 1093 846 1120 Θεοῦ.
865 1103 877 1116 ›)
893 1092 967 1129 Ὀρϐ.

144 1137 193 1164 Ἐκ
206 1138 256 1170 τῆς
270 1136 362 1168 οὐσίας
378 1136 479 1171 anteis;
497 1138 569 1165 Μακ.
588 1136 670 1175 Οὐχί.
689 1137 732 1170 Μὴ
753 1136 876 1173 γένοιτοί
894 1136 966 1173 Ὀρθ-

144 1180 241 1212 Οὕτως
271 1181 315 1208 οὖν
345 1182 389 1208 καὶ
416 1182 462 1209 τὸν
486 1181 547 1208 Υῖὸν
570 1181 660 1218 λέγεις
676 1181 712 1211 ὡς
725 1181 759 1208 τὰ
773 1181 877 1215 «dum;
895 1181 967 1209 Μακ.

142 1228 281 1263 Μονογενῆ
311 1225 391 1253 αὐτὸν
419 1225 504 1262 λέγω,
520 1225 551 1253 οὐ
583 1226 636 1262 μήν
662 1224 691 1252 ἐκ
710 1228 759 1259 τῆς
775 1224 877 1255 οὐσίας.
893 1225 968 1262 Ὀρθ.

142 1270 174 1298 Ὁ
191 1270 228 1306 μὴ
245 1268 281 1297 ὣν
299 1270 329 1297 ἐκ
342 1273 392 1304 τῆς
408 1269 515 1305 οὐσίας,
534 1270 595 1300 Υἱὸς
616 1268 825 1307 ἀπαράλλακτος
848 1269 905 1296 κατ’
923 1269 968 1295 οὐ-

143 1313 201 1341 σίαν
213 1314 280 1341 εἴναι
296 1314 327 1341 οὐ
343 1313 463 1342 δύναται.
479 1315 551 1342 Μακ.
567 1314 601 1341 Οἱ
626 1312 738 1351 ἄγγελοι
763 1313 812 1340 οὐκ
835 1313 885 1340 εἰσὶ
911 1314 970 1340 κατ’

143 1358 237 1386 οὐσίαν
262 1357 398 1394 ἀλλήλοις
423 1357 648 1397 ἀπαράλλακτοι;
665 1358 740 1394 Ὀρθ.
756 1358 816 1386 Ναί.
834 1361 903 1385 Max.
921 1358 968 1391 Μή

141 1403 202 1430 κατ’
220 1402 311 1430 οὐσίαν
326 1404 396 1440 (96⁸)
411 1402 525 1441 ἅγγελος
541 1402 566 1438 ἐξ
582 1401 670 1430 ἄλλου
695 1402 765 1430 ἐστίν
779 1415 786 1437 ς
801 1405 875 1440 Ὀρθ.
891 1401 969 1429 Ἀλλ’

144 1446 234 1478 οὐδεὶς
248 1446 373 1485 ἀγγέλων
387 1447 504 1486 ἀγγέλοα
519 1448 609 1484 πατὴρ
624 1448 642 1481 ἢ
658 1446 727 1478 υἱός.
744 1447 774 1476 Ὁ
789 1445 817 1474 δὲ
835 1446 968 1484 μακάριος

143 1492 303 1528 Λουκιανὸς,
320 1492 380 1519 Υἱὸν
396 1492 501 1529 Πατρὸς
518 1491 619 1527 οὐσίας,
635 1491 679 1518 καὶ
698 1490 813 1528 βουλῆς,
828 1491 872 1518 καὶ
892 1490 969 1518 δυνά-

145 1546 230 1572 μεως,
245 1535 291 1563 καὶ
321 1535 400 1571 δόξης
428 1535 639 1573 ἀπαράλλακτον
665 1535 756 1563 εἰκόνα
780 1535 907 1572 εἰρηκὼς,
925 1533 970 1562 διὰ

145 1582 197 1607 τοῦ
223 1581 286 1607 me
310 1581 341 1608 τὸ
364 1580 390 1616 ἐξ
410 1580 493 1615 αὐτῆς
510 1578 602 1616 ἔδειξε,
623 1579 667 1607 καὶ
697 1578 742 1607 διὰ
768 1581 816 1607 τοῦ
845 1579 967 1617 ἀπαραλ-

1039 290 1107 319 fidei
1126 291 1245 319 Luciani
1262 291 1338 319 idem
1356 300 1420 319 esse
1438 292 1509 319 dicit
1524 291 1869 326 concilium,eamdemve

1039 336 1200 371 potentiam
1229 338 1258 363 et
1287 336 1421 372 gloriam.
1447 337 1523 364 Orth.
1554 337 1617 364 Non
1645 344 1711 364 vere
1740 338 1867 373 profecto

1039 381 1116 416 quod
1130 381 1245 415 justum
1262 384 1306 408 est
1326 380 1465 416 loqueris.
1483 381 1644 409 Consilium
1671 382 1749 409 enim
1766 390 1782 409 a
1798 390 1864 408 con-

1037 425 1103 452 silio
1119 433 1176 452 non
1192 424 1397 457 diversum,est
1407 425 1484 453 idem
1500 426 1655 453 consilium
1670 435 1675 452 :
1694 429 1721 453 et
1738 430 1866 461 potestas

1037 471 1211 504 apotestate
1235 478 1293 497 non
1318 470 1442 503 diversa,
1463 472 1507 497 est
1532 471 1632 497 eadem
1663 474 1814 503 potestas:
1838 474 1865 498 et

1036 513 1127 548 gloria
1143 522 1159 541 a
1174 514 1265 550 gloria
1283 523 1339 541 non
1365 514 1491 550 diversa,
1508 517 1552 542 est
1567 515 1665 542 eadem
1683 515 1776 549 gleiia
1804 517 1859 542 Μα-

1036 559 1094 585 ced.
1115 559 1286 586 invariatam
1300 567 1364 586 esse
1377 559 1477 592 fateor,
1491 559 1624 586 eamdem
1638 569 1693 586 non
1707 568 1770 586 esse
1785 561 1862 587 dico.

1036 603 1113 631 Orth.
1130 604 1190 630 Imo
1207 611 1275 631 voce
1292 603 1390 631 fateris
1406 603 1485 631 istud
1502 612 1560 630 non
1585 604 1744 636 diversum,
1762 613 1861 638 quem-

1033 647 1192 675 admodum
1214 648 1263 683 qui
1279 647 1427 675 Christum
1447 655 1514 675 eum
1531 649 1683 680 vocabant,
1696 657 1746 675 nec
1764 650 1861 675 crede-

1033 691 1105 718 bant
1116 691 1262 719 Christum
1279 700 1354 719 esse.
1367 692 1439 719 Nam
1452 692 1476 719 si
1488 692 1751 724 credidissent,non
1769 694 1860 719 dixis-

1033 739 1179 767 sent,cum
1191 744 1257 764 eum
1271 736 1623 772 cmderenthrophetiza
1636 737 1857 771 nobis,Christe,

1031 780 1098 816 quis
1108 783 1153 808 est
1167 781 1215 816 qui
1237 783 1265 808 te
1286 781 1472 816 percussit“.
1490 781 1616 808 milnced.
1635 781 1695 808 Dixi
1712 790 1758 808 me
1774 782 1858 808 iateri

1029 824 1133 852 Filium
1145 832 1210 853 esse
1220 825 1571 861 imaginem,substantia,
1578 826 1709 854 consilio.
1716 829 1798 860 potcn
1806 827 1853 857 tia,

1028 872 1057 897 et
1066 869 1159 905 gloria
1170 878 1226 896 non
1238 870 1384 897 diversam
1399 878 1416 896 α
1427 871 1521 897 Patre.
1532 870 1607 898 Orth.
1619 870 1711 897 Alium
1729 870 1852 897 similem

1027 913 1225 941 substantiam
1237 913 1352 946 dicis,et
1364 914 1443 941 aliud
1455 914 1551 942 simile
1561 915 1851 945 consiliummtalium

1025 958 1152 986 similem
1169 958 1372 994 potentiam,et
1387 959 1474 987 aliam
1491 959 1618 986 similem
1633 959 1755 994 gloriam
1772 960 1780 986 ἒ
1797 960 1853 986 Μιι-

1022 1002 1079 1031 cad.
1096 1003 1198 1030 Etiam.
1215 1004 1293 1032 Orth.
1313 1005 1373 1030 Duo
1389 1006 1458 1030 sunt
1473 1003 1563 1039 igitur
1578 1004 1629 1030 dii.
1654 1005 1754 1031 Macati.
1775 1004 1855 1031 Unus,

1021 1049 1050 1075 et
1068 1055 1155 1075 unus.
1175 1047 1256 1075 Orth.
1275 1048 1333 1075 lste
1346 1056 1422 1075 unus
1438 1048 1642 1080 similis,estne
1656 1058 1688 1075 ex
1706 1050 1760 1075 isto
1777 1040 1857 1076 uno?

1024 1091 1125 1119 Maced.
1154 1092 1195 1119 Ita
1210 1094 1265 1119 est.
1293 1091 1367 1119 Orth.
1385 1093 1427 1119 An
1453 1100 1521 1127 ergo
1538 1100 1571 1119 ex
1598 1093 1787 1120 substantia?
1803 1095 1856 1120 Mu-

1024 1136 1084 1163 ced.
1104 1136 1178 1163 Non.
1198 1135 1277 1163 Orth.
1301 1136 1374 1172 Ergo
1390 1144 1422 1163 ex
1438 1144 1495 1164 non
1512 1137 1720 1164 exsistentibus
1743 1138 1810 1164 fecit
1827 1142 1857 1164 ut

1023 1179 1316 1208 exsisteretPMaced.
1342 1181 1392 1208 Est
1415 1188 1486 1208 sane
1513 1181 1652 1216 quiddam
1678 1190 1711 1208 ex
1737 1182 1772 1208 iis
1793 1191 1855 1217 qua:

1025 1233 1082 1252 non
1099 1226 1191 1252 erant.
1208 1224 1287 1254 Orlh.
1305 1224 1433 1260 Angelos
1448 1228 1477 1252 et
1492 1232 1537 1252 res
1562 1233 1664 1253 omnes
1680 1230 1790 1253 creatas
1813 1228 1852 1254 Γει-

1024 1269 1095 1297 teris
1111 1277 1175 1297 esse
1200 1277 1234 1296 ex
1250 1268 1328 1296 Deo?
1344 1269 1445 1297 Macati.
1471 1269 1575 1297 Etiam.
1600 1271 1745 1305 Scriptum
1773 1271 1848 1298 enim

1024 1316 1068 1341 est
1084 1321 1091 1340 ε
1105 1325 1119 1339 ‹‹
1135 1313 1241 1341 Omnia
1262 1321 1296 1340 ex
1312 1316 1377 1341 Deo.
1396 1325 1405 1337 ιι
1424 1314 1499 1341 Orth.
1525 1314 1565 1341 Ex
1581 1315 1746 1341 substantia
1763 1315 1849 1350 ejus?

1022 1358 1122 1386 Maced.
1139 1358 1341 1394 Nequaquam.
1358 1358 1461 1385 Absit!
1481 1358 1556 1386 ΟνιΙι.
1573 1359 1618 1385 Sic
1636 1359 1724 1394 igitur
1746 1360 1846 1386 Filium

1026 1405 1057 1430 ut
1073 1411 1118 1430 res
1134 1405 1254 1430 caeteras
1270 1411 1334 1430 esse
1350 1402 1463 1430 sentis?
1478 1403 1576 1430 Maced.
1595 1403 1781 1437 Unigenitum
1807 1404 1848 1438 ip-

1025 1455 1090 1475 sum
1108 1447 1181 1481 dico,
1200 1455 1257 1474 non
1283 1450 1381 1474 tamen
1397 1455 1432 1474 ex
1456 1446 1551 1483 ipsius
1577 1448 1752 1474 substantia.
1772 1449 1848 1475 442

1025 1491 1101 1518 Orth.
1119 1490 1172 1522 Qui
1202 1498 1258 1517 non
1275 1493 1320 1518 est
1344 1499 1378 1517 ex
1394 1490 1568 1526 substantia,
1585 1499 1641 1518 non
1669 1494 1763 1526 potest
1787 1500 1850 1519 esse

1024 1534 1114 1563 Filius
1139 1534 1301 1561 secundum
1327 1535 1526 1562 substantiam
1543 1535 1572 1562 in
1599 1536 1678 1562 nullo
1705 1536 1849 1563 diversus.

1023 1579 1122 1606 Maced.
1154 1578 1256 1614 Angeti
1279 1586 1376 1606 nonne
1406 1582 1477 1606 sunt
1500 1578 1576 1607 inter
1600 1589 1630 1607 se
1662 1589 1716 1607 non
1744 1580 1849 1607 diversi

144 1624 248 1652 λάκτου
276 1625 307 1652 τὸ
333 1625 423 1653 αὐτόν.
456 1626 526 1654 Mam.
543 1615 613 1662 Ἐγὼ
642 1623 851 1660 ἀπαράλλακτον
882 1615 965 1661 λέγω·

1028 1622 1212 1651 substantia?
1227 1624 1304 1652 Orllz.
1331 1624 1383 1650 Ita.
1400 1623 1498 1651 Maced.
1524 1624 1599 1651 Num
1623 1626 1754 1659 angelus,
1771 1626 1848 1659 quod

144 1667 207 1696 οὔτε
230 1668 259 1696 δὲ
281 1669 311 1696 ἐκ
334 1673 384 1704 τῆς
409 1669 511 1703 οὐσίας,
529 1667 590 1697 οὔτε
613 1669 662 1704 τὴν
687 1669 771 1703 αὑτὴν
787 1667 890 1703 οὐσίαν,
906 1667 967 1696 οὔτε

141 1714 194 1747 τήν
211 1714 293 1748 αὐτὴν
310 1712 436 1750 δύναμιν,
449 1713 511 1741 οὔτε
525 1714 573 1748 τὴν
590 1714 674 1748 αὑτήν
690 1712 778 1749 δόξαν.

1023 1668 1058 1696 ad
1075 1667 1270 1696 substantiam
1297 1668 1409 1702 attinet,
1425 1676 1459 1695 ex
1483 1667 1539 1695 alio
1559 1671 1604 1696 est
1628 1670 1751 1702 angelo?
1770 1671 1848 1696 ()rth.

1025 1712 1079 1740 Sed
1099 1712 1199 1740 nullus
1226 1712 1397 1748 angelorum
1414 1715 1457 1740 est
1477 1713 1574 1748 angeli
1591 1716 1672 1748 pater
1698 1714 1739 1740 vel
1758 1715 1846 1747 illius,

143 1759 251 1787 Beatus
266 1762 364 1787 autem
388 1760 544 1793 Lucianus,
562 1767 628 1787 cum
653 1759 773 1794 diceret,
789 1751 900 1786 Ριιίιιώ
911 1766 973 1786 esse
996 1757 1155 1794 imaginem
1170 1757 1265 1785 Patris
1290 1757 1472 1792 substantiis,
1489 1760 1518 1786 et
1532 1759 1656 1791 consilii,
1673 1762 1699 1785 ct
1722 1762 1847 1794 potesta-

143 1803 195 1837 tis,
211 1807 240 1831 et
261 1803 360 1839 gloria:
375 1803 404 1831 in
429 1803 508 1831 nullo
532 1803 688 1836 diversam,
707 1810 757 1838 per
781 1802 897 1837 Filium,
914 1802 991 1838 quod
1007 1809 1041 1829 ex
1065 1802 1129 1838 ipsa
1144 1802 1311 1829 substantia
1326 1805 1404 1829 esset
1420 1809 1426 1829 :
1444 1810 1495 1837 per
1510 1801 1591 1837 illud,
1610 1811 1663 1829 non
1688 1804 1846 1834 diversum,

143 1848 327 1876 identitatem
343 1848 482 1876 ostendit.
506 1847 605 1875 Macad.
624 1848 682 1883 Ego
707 1847 736 1874 in
761 1846 843 1875 nullo
867 1847 1015 1874 diversum
1039 1846 1104 1874 dioo
1121 1854 1127 1873 :
1145 1846 1196 1873 sed
1224 1854 1316 1881 neque
1339 1855 1373 1874 ex
1397 1846 1573 1879 substantia,
1595 1854 1688 1881 neque
1713 1847 1844 1873 eamdem

144 1892 353 1925 substantiam,
371 1901 465 1928 neque
479 1893 611 1921 eamdem
628 1892 799 1928 potentiam,
816 1899 909 1927 neque
924 1891 1055 1919 eamdem
1071 1890 1204 1927 gloriam.

181 1938 209 1965 3.
227 1937 303 1975 Ὀρθ.
319 1936 425 1972 ’Ἄλλην
441 1936 487 1964 οὗν
502 1934 560 1975 ἔχει
576 1935 689 1973 δύναμιν
707 1936 721 1963 ὁ
737 1936 810 1976 rite,
821 1936 867 1963 καὶ
878 1934 968 1971 ἄλλην

146 1979 226 2016 δόξαν
241 1981 314 2019 παρὰ
327 1981 374 2009 τὸν
391 1981 511 2018 Πατέρα;
526 1982 596 2010 Μακ.
613 1980 721 2015 ’Ἄλλην
737 1980 878 2015 τοιαύτην.
895 1980 968 2017 Ὀρθ.

145 2026 209 2057 Πῶς
223 2025 269 2053 οὖν
293 2024 409 2063 εἷ’ρηταιι
424 2038 438 2052 ‹‹
454 2025 569 2064 Χριστὸς
593 2027 662 2053 Θεοῦ
687 2023 812 2060 δύναμις,
828 2025 872 2052 καὶ
901 2026 970 2052 Θεοῦ

145 2070 227 2109 σοφία
238 2080 245 2105 ;
258 2083 271 2096 ι)
288 2071 333 2098 καὶ
347 2073 407 2101 πῶς
422 2071 436 2098 ὁ
453 2071 513 2102 Υἱὸς
529 2070 635 2108 λέγειοκ
647 2071 730 2099 ⁶Ὀταν
747 2068 777 2097 δὶ
791 2067 857 2106 ἔλθῃ
874 2070 888 2096 ὁ
909 2069 970 2100 Υἱὸς

143 2117 194 2142 τοῦ
209 2115 353 2153 ἀνθρώπου
368 2115 394 2142 ἐν
409 2117 444 2148 τῆ
460 2114 523 2152 δόξῃ
546 2117 594 2142 τιῦ
620 2114 726 2152 ΙΙατρὸς
747 2113 849 2148 aurei);
867 2125 881 2139 ››
898 2114 969 2142 Μακ.

146 2159 197 2186 Καὶ
212 2160 227 2186 ὁ
243 2160 339 2197 Πατὴρ
357 2158 424 2187 ἰδίαν
441 2159 499 2197 ἔχει
516 2158 604 2194 δόξαν,
619 2159 664 2186 καὶ
691 2157 806 2196 βουλὴν,
822 2157 866 2185 καὶ
892 2156 972 2185 δύνα-

149 2215 207 2239 μιν,
223 2205 241 2237 ἢ
259 2202 307 2238 οὕς
324 2204 398 2242 Ὀρθ.
415 2204 476 2232 Ναί.
494 2205 567 2232 Max.
584 2203 634 2231 Καὶ
659 2203 673 2230 ὁ
701 2203 764 2233 Υἱὸς
790 2201 869 2236 ἰδίαν,
885 2202 902 2236 ἢ
919 2201 970 2237 ei};

146 2249 222 2285 Ὀρθ.
240 2249 314 2282 Αὗτή
330 2250 347 2283 ἡ
364 2251 412 2276 τοῦ
428 2249 534 2285 ΙΙατρὸς
551 2247 624 2283 δόξα,
639 2248 684 2275 καὶ
706 2247 805 2284 βουλὴ,
821 2247 865 2274 καὶ
895 2245 971 2274 δύνα-

153 2304 209 2328 μις,
226 2292 274 2320 τοῦ
290 2293 354 2320 ficii
369 2293 450 2321 ἐστιν.
467 2293 516 2320 Διά
536 2295 616 2320 τοῦτο
631 2291 703 2330 λέγει
719 2293 733 2319 ὁ
748 2292 821 2322 Υἱός·
839 2304 852 2317 ‹‹
869 2292 970 2324 Πάντα,

148 2337 198 2364 ὅσα
213 2335 272 2375 ἔχει
288 2338 301 2364 ὸ
317 2337 421 2374 Πατὴρ,
438 2336 490 2373 ἐμά
504 2337 585 2365 ἐστιν.
603 2349 617 2363 ››
633 2340 703 2365 Max.
719 2337 749 2365 Ὁ
765 2336 826 2366 Υἱὸς
853 2335 898 2363 οὖν
922 2336 972 2363 οὑκ

149 2380 207 2419 ἕχει
233 2380 322 2421 δόξαν,
339 2381 388 2409 οὐκ
412 2380 469 2420 ἔχει
496 2381 612 2419 βουλὴν,
628 2381 679 2409 οὑκ
701 2380 759 2418 ἔχει
784 2379 910 2416 δύναμιν,
924 2380 974 2407 οὑκ

149 2425 208 2463 ἔχει
224 2426 349 2461 ϐιότητα,
364 2425 408 2453 ἐὰν
438 2426 476 2462 μὴ
502 2423 573 2462 λάϐῃ
598 2425 671 2462 παρὰ
693 2427 741 2452 τοῦ
763 2424 879 2462 Πατρός.
897 2425 972 2462 Ὀρθ.

147 2470 222 2505 Αὕτη
239 2472 296 2506 (97)
320 2471 337 2505 ἡ
368 2469 440 2506 δόξα,
464 2470 508 2497 καὶ
540 2469 639 2507 βουλή,
669 2469 713 2496 καὶ
742 2467 865 2505 δύναμις,
881 2469 925 2496 καὶ
955 2470 972 2503 ἡ

149 2515 258 2550 θεότης,
272 2516 321 2541 τοῦ
337 2514 445 2551 Πατρός
469 2514 523 2541 ἐστι
546 2513 591 2541 καὶ
612 2515 661 2540 τοῦ
677 2514 759 2547 Υἱοῦς
776 2516 846 2541 Μακ.
864 2514 908 2547 Μή
929 2512 973 2549 γὲ-

148 2568 224 2585 νοιτο
240 2558 341 2586 εἰπεῖνί
359 2558 434 2594 Ὀρθ.
451 2560 514 2589 Ιιῶς
532 2557 577 2585 οὖν
593 2557 665 2595 λέγει
683 2558 697 2584 ὁ
714 2557 787 2588 Υἱός⁵
805 2570 818 2583 ‹‹
837 2558 928 2586 Πάντα
942 2558 975 2584 τὰ

148 2602 201 2638 ἐμὲ
218 2604 251 2630 σά
266 2603 347 2637 ἐστιν,
363 2602 407 2630 καὶ
423 2603 456 2629 τὰ
471 2603 504 2629 σὰ
519 2602 587 2638 ἐμάς
606 2614 620 2627 n
637 2603 709 2630 Μακ.
730 2601 798 2638 Περὶ
826 2604 880 2629 τῶν
907 2602 974 2629 ἀπο-

150 2646 256 2675 στόλων
273 2648 356 2685 Λὲγει.
374 2649 449 2685 Ὀρθ.
466 2645 534 2675 Οἶδα
548 2646 636 2684 κάγὼ,
654 2645 695 2673 ὅτι
719 2646 781 2682 περὶ
806 2648 858 2673 τῶν
886 2647 973 2682 μαθη-

1059 1937 1085 1964 3.
1103 1936 1178 1964 Orth.
1194 1935 1289 1963 Aliam
1314 1935 1403 1971 igitur
1418 1935 1578 1971 potentiam
1601 1936 1683 1962 habet
1704 1936 1803 1969 Filius,
1819 1939 1848 1963 et

1024 1980 1111 2008 aliam
1128 1980 1356 2016 gloriam,quam
1373 1979 1477 2007 Pater?
1492 1980 1689 2007 Maced.;\lium
1708 1980 1846 2007 similem.

1025 2025 1102 2053 Orrh.
1127 2024 1277 2056 Quomodo
1301 2024 1393 2060 igitur
1416 2022 1557 2059 scriptum
1583 2030 1627 2051 est
1652 2033 1657 2051 :
1678 2036 1690 2048 ιι
1716 2025 1848 2052 Christus

1025 2069 1074 2096 Dei
1090 2069 1195 2103 virtus,
1212 2071 1239 2096 et
1254 2068 1305 2095 Dei
1321 2068 1467 2104 sapientia
1481 2068 1526 2095 5‘?
1543 2080 1556 2092 υ
1572 2071 1601 2096 et
1616 2070 1761 2102 quomodo
1778 2069 1848 2096 dicit

1027 2113 1138 2141 Filius:
1165 2124 1179 2137 ι‹
1196 2114 1267 2141 Cum
1294 2115 1390 2139 autem
1419 2112 1529 2140 venerit
1554 2112 1645 2140 Filius
1670 2113 1798 2140 hominis
1819 2114 1847 2140 in

1025 2157 1117 2194 gloria
1132 2158 1226 2185 Patris
1253 2158 1299 2185 sui
1315 2157 1359 2185 δεῖ
1377 2168 1391 2181 »
1406 2157 1506 2185 Maced.
1532 2157 1662 2185 Habctno
1687 2158 1770 2184 etiam
1799 2161 1849 2185 Pa-

1025 2204 1070 2230 ter
1085 2203 1232 2238 propriam
1258 2201 1393 2238 gloriam,
1410 2204 1438 2229 et
1462 2201 1612 2237 proprium
1639 2202 1804 2237 consilium,
1822 2205 1849 2230 et

1026 2247 1173 2284 propriam
1193 2247 1362 2282 potentiam,
1382 2245 1504 2274 annon?
1521 2246 1598 2274 0rlh.
1629 2247 1730 2274 liabet.
1749 2247 1848 2274 Maced.

1027 2293 1061 2320 Et
1077 2292 1166 2319 Filius
1183 2291 1282 2318 itidem
1312 2291 1472 2326 propriam,
1487 2290 1604 2318 annon?
1622 2292 1694 2318 θνιΙι.
1719 2292 1782 2326 ipsa
1799 2292 1848 2318 Pa-

1029 2336 1082 2363 tris
1098 2336 1189 2371 gloria
1202 2339 1230 2362 et
1240 2336 1373 2370 ejusdem
1384 2335 1583 2370 consilium,et
1595 2337 1731 2371 potentia,
1746 2340 1789 2363 est
1806 2336 1849 2362 lii—

1027 2380 1070 2408 lii.
1086 2381 1242 2415 Propterea
1257 2379 1327 2406 dicit
1344 2378 1457 2407 Filius:
1478 2390 1491 2405 σ
1506 2379 1689 2414 Quaecunque
1706 2380 1851 2407 habetPri-

1029 2426 1081 2458 ter,
1101 2432 1164 2451 mea
1190 2427 1259 2451 sunt
1273 2424 1305 2450 ⁵⁷.
1323 2434 1336 2448 n
1356 2423 1454 2451 Macati.
1485 2423 1574 2451 Filius
1590 2432 1657 2459 ergo
1684 2433 1738 2451 non
1766 2424 1852 2451 habet

1029 2469 1223 2505 gloriam,non
1240 2469 1327 2496 habet
1340 2468 1572 2501 consilium,non
1583 2468 1669 2496 habet
1682 2469 1850 2503 potentium,

1030 2522 1087 2540 non
1112 2513 1200 2540 habet
1225 2513 1373 2546 deitatem,
1395 2513 1451 2539 nisi
1475 2521 1491 2539 a
1515 2512 1600 2541 Patre
1626 2514 1756 2548 accipiat.
1774 2514 1850 2542 Orlh.

1030 2557 1089 2585 Ista
1104 2557 1288 2593 gloria,istud
1300 2556 1527 2590 consilium,ista
1539 2559 1678 2592 potentia,
1689 2558 1745 2585 ista
1761 2559 1853 2585 duitas

1031 2605 1076 2629 est
1092 2602 1186 2629 Patris
1210 2604 1238 2635 ct
1261 2601 1346 2629 Filii?
1370 2601 1472 2629 Maced.
1499 2602 1580 2629 Absit
1605 2605 1635 2629 ut
1662 2603 1714 2629 ilOf‘
1739 2602 1853 2628 «licam!

1033 2645 1110 2674 Orth.
1128 2646 1276 2678 Quomodo
1303 2645 1392 2678 igitur
1407 2645 1478 2672 dicit
1502 2645 1591 2673 Filius
1608 2655 1614 2672 :
1634 2657 1646 2671 α
1663 2647 1767 2672 tlmnia.
1792 2654 1854 2671 mm

186 2750 210 2768 “
224 2750 326 2778 Matth.
344 2758 420 2784 xxvr,
435 2750 480 2778 68.
519 2751 541 2768 “
556 2750 567 2778 Ι
581 2750 646 2778 Cor.
662 2758 684 2784 ι,
698 2750 743 2777 24.
782 2750 804 2767 ⁵ο
819 2749 920 2778 Matth.
936 2757 972 2778 xx

1028 2750 1068 2777 31.
1106 2749 1127 2766 ⁵⁷
1142 2749 1299 2788 ,Ιοιῐικινῃ
1316 2749 1359 2775 15.

189 2844 260 2882 (96‘)
274 2843 361 2880 Editi,
376 2842 479 2875 οὐσίας.
495 2844 576 2872 Em'r.

1066 2842 1123 2879 (97)
1138 2842 1220 2877 Mss.,
1237 2841 1316 2876 αὑτή.
