4092 6218
374 384 530 446 1207
1543 387 1606 448 S.
1653 385 2172 448 ATHANASIUS.
2201 418 2279 432 —
2307 385 2619 449 SPUBIA.
3641 381 3809 446 1308

376 525 478 576 tua
510 523 667 587 sunt,
701 523 757 574 et
787 523 888 574 tua
921 535 1052 575 mea
1105 525 1245 577 sunt
1269 522 1311 556 ⁸⁸
1335 522 1357 576 ?
1385 522 1589 579 Maced.
1627 522 1706 577 De
1739 518 2020 593 apostolis

2146 521 2237 572 τῶν
2280 514 2557 573 διαλαλῶν
2619 518 2732 572 εἶπε
2785 520 2968 571 ταῦτα’
3002 513 3149 571 ἀλλὰ
3204 517 3408 588 συνῆψε
3435 520 3558 578 τοῖς
3612 528 3797 586 μαθη-

378 608 663 679 loquitur.
719 608 868 665 Urth.
904 608 1042 664 Novi
1078 614 1133 664 et
1160 626 1265 681 ego
1313 610 1607 667 Christum
1643 609 1766 664 haec
1810 609 2027 665 dixisse

2146 612 2254 667 ταῖς
2313 606 2503 675 πάντα,
2538 606 2637 661 οὐκ
2693 603 2769 661 ἔτι
2818 606 3010 673 εἰπὼν,
3041 606 3107 662 Οἱ
3157 604 3281 677 ἐμοὶ
3313 604 3397 659 σοί
3429 605 3586 671 εἰσιν,
3621 604 3795 670 ulli,

378 700 449 753 de
480 697 788 771 discipulis
822 698 1205 753 disserentem
1243 718 1255 755 :
1289 700 1388 755 sed
1422 700 1725 771 discipulis
1758 700 2027 769 adjunxit

2146 720 2165 747 ι(
2198 695 2376 751 Πάντα
2419 697 2486 749 τὰ
2533 694 2639 768 ἐμὰ
2681 697 2745 749 σά
2794 695 2925 767 ἐστι,
2957 694 3046 749 καὶ
3094 694 3160 748 τὰ
3208 694 3273 748 σὰ
3315 694 3438 766 ἐμά.
3476 716 3503 747 α
3535 694 3713 761 Ἐπεὶ,
3746 695 3793 748 εἰ

380 788 669 851 omnia,ut
702 787 798 858 qui
832 804 943 842 non
979 787 1203 857 dixerit,
1240 789 1349 843 Mei
1379 794 1516 844 sunt
1547 788 1652 857 tui,
1687 790 1787 843 sed
1824 812 1850 838 ‹‹
1884 789 2024 844 Om-

2146 785 2238 859 πρὸ
2269 792 2368 854 τῆς
2400 784 2624 846 κτίσεως
2668 782 2819 839 οὐδὲν
2872 785 3015 859 εἶχεν
3050 785 3078 838 6
3124 784 3311 857 Πατήρ
3359 788 3469 837 τῶν
3523 803 3795 857 προειρηο

380 876 477 929 nia
512 891 639 930 mea
672 880 792 941 tua,
830 880 969 929 sunt
1000 879 1055 929 et
1100 891 1215 929 una
1246 891 1376 930 mea
1406 880 1563 929 sunt.
1602 897 1629 923 »
1661 875 1914 946 Alioqui,
1949 893 2021 931 an

2146 872 2350 945 uévmv;
2398 880 2536 929 Mux.
2590 873 2710 941 Ναὶ,
2764 874 2907 948 εἶχεν
2986 868 3239 941 θεότητα,
3302 869 3479 942 δόξαν,
3535 869 3795 943 δύναμιν,

379 965 544 1019 Pater
575 963 719 1018 nihil
743 980 1109 1034 eorum,quze
1141 964 1677 1030 diximus,habebat
1708 970 2022 1036 antequam

2146 962 2368 1029 Ξουλήν,
2403 962 2716 1039 ἀφθαρσίαν·
2751 962 2876 1017 ἀλλ’
2908 961 2971 1015 οὐ
3001 961 3124 1037 περὶ
3158 960 3334 1015 αὐτῶν
3382 959 3592 1035 ἔλεγεν.
3628 962 3785 1033 Ὀρθη

379 1054 666 1107 mundum
714 1058 934 1107 crearet
963 1054 982 1106 Β
1012 1053 1206 1107 Maced.
1244 1053 1502 1107 Habebat
1534 1058 1686 1108 certe
1726 1054 2021 1121 deitatem,

379 1142 648 1213 gloriam,
670 1142 1010 1212 potentiam,
1035 1142 1366 1207 consilium,
1388 1142 2022 1213 incorruptibilitatem.

381 1230 485 1283 Sed
507 1230 577 1283 de
618 1229 687 1283 iis
722 1227 989 1283 Christus
1022 1246 1131 1283 non
1172 1228 1443 1299 lopuitur.
1478 1231 1633 1288 Orth.
1662 1232 1808 1285 Audi
1844 1231 2026 1299 ipsius

387 1317 612 1372 Domini
639 1333 960 1388 voces,quaa
993 1318 1229 1389 quidem
1262 1319 1342 1373 ita
1371 1335 1432 1373 se
1463 1320 1679 1374 habent
1713 1336 1725 1374 :
1761 1343 1787 1369 «
1818 1321 2029 1375 Omnia

388 1423 517 1460 mea
548 1411 650 1460 tua
682 1413 903 1475 sunt,et
931 1412 1033 1461 tua
1065 1422 1192 1461 mea
1224 1412 1384 1474 sunt,
1418 1413 1474 1463 et
1503 1407 1860 1480 glorificatus
1895 1427 2027 1464 sum

388 1496 445 1548 in
480 1495 564 1549 eis
595 1496 658 1549 ³9.
695 1517 722 1543 ››
754 1495 950 1551 Maced.
982 1496 1199 1566 Nempe
1248 1498 1305 1551 in
1341 1497 1646 1568 discipulis
1687 1499 1811 1553 suis
1860 1498 2032 1569 glori-

392 1584 602 1638 ficatus
647 1589 754 1638 est.
791 1583 939 1638 Orth.
987 1589 1188 1638 Annon
1240 1584 1417 1656 igitur
1463 1586 1709 1657 gloriam
1762 1587 2028 1653 habebat,

390 1678 707 1744 antequam
731 1673 990 1727 mundus
1010 1674 1312 1729 exsisteret
1336 1674 1355 1727 ἓ
1375 1674 1574 1729 Maced.
1609 1674 1868 1730 Habebat
1899 1692 2030 1747 pro-

388 1766 535 1819 fecto
572 1778 584 1818 :
620 1761 901 1834 scriptum
954 1768 1043 1817 est
1090 1762 1242 1818 enim
1279 1781 1291 1818 :
1325 1785 1351 1812 ‹‹
1390 1763 1574 1829 Pater,
1630 1764 1886 1835 glorifica
1941 1782 2032 1821 me

2146 1057 2335 1104 ’Axous
2388 1056 2495 1104 τῶν
2553 1055 2649 1104 τοῦ
2710 1051 2909 1124 Κυρίου
2967 1054 3181 1126 φωνῶν·
3236 1047 3424 1123 ἔχουσι
3484 1046 3542 1102 δὲ
3593 1048 3798 1110 οὕτως.

2138 1161 2165 1188 ‹‹
2201 1137 2378 1194 Πάντα
2423 1138 2488 1192 τὰ
2535 1138 2641 1210 ἐμὰ
2691 1139 2777 1210 σὰ,
2811 1139 2900 1192 καὶ
2946 1140 3012 1192 τὰ
3061 1139 3125 1192 σὰ
3156 1137 3280 1209 ἐμὰ,
3315 1138 3403 1191 καὶ
3462 1134 3800 1208 δεδόξασμαι

2136 1226 2187 1281 ἐν
2218 1226 2421 1289 αὐτοῖς.
2463 1251 2490 1278 η
2533 1230 2677 1284 Μακ.
2713 1229 2797 1281 Ἐν
2829 1228 2930 1303 γὰρ
2958 1233 3075 1288 τοῖς
3132 1229 3401 1299 μαθηταῖς
3453 1224 3798 1296 δεδόξασται.

2134 1318 2282 1390 Ὀρθ.
2316 1316 2432 1372 Οὐκ
2460 1316 2601 1390 εἶχεν
2651 1315 2741 1370 οὖν
2801 1314 2955 1385 δόξαν
2986 1314 3094 1390 πρὸ
3125 1320 3221 1370 τοῦ
3252 1317 3342 1370 τὸν
3372 1316 3580 1386 κόσμον
3615 1315 3753 1369 εἶναι
3784 1335 3798 1383 ς

2141 1407 2285 1461 Μακ.
2318 1406 2440 1476 Ναὶ,
2474 1406 2641 1479 εἶχεν·
2674 1404 2969 1480 γέγραπται
3000 1404 3122 1480 γάρ.
3162 1430 3181 1454 α
3219 1404 3414 1479 Πάτερ,
3451 1402 3677 1475 δόξασόν
3729 1426 3803 1475 με

2137 1497 2205 1565 τῇ
2240 1491 2392 1568 δόξῃ,
2480 1494 2628 1569 εἶχον
2653 1495 2759 1569 πρὸ
2779 1498 2877 1548 τοῦ
2906 1496 2995 1547 τὸν
3030 1493 3234 1565 κόσμον
3261 1494 3417 1559 εἶναι,
3441 1493 3590 1566 παρᾶ
3620 1492 3735 1547 σοί.
3768 1518 3797 1543 η

2141 1583 2291 1656 Ὀρθ.
2328 1584 2416 1638 Ἐν
2471 1582 2605 1656 αὐτῇ
2656 1579 2871 1658 ἔρχεται
2924 1588 3104 1658 κρῖναι
3155 1586 3358 1650 ζῶντας
3404 1581 3495 1635 καὶ
3542 1581 3800 1655 νεκροὺς,

2139 1673 2173 1739 ἢ
2209 1672 2259 1725 ὲν
2296 1670 2439 1747 ἄλλῃ
2471 1698 2486 1739 ;
2517 1679 2655 1727 Mux.
2691 1673 2776 1728 Ἐν
2813 1670 2973 1744 αὐτῇ.
3008 1672 3159 1743 Ὀρϐ.
3196 1671 3352 1745 Λέγει
3386 1669 3444 1725 δὲ
3474 1669 3526 1723 ἐν
3556 1670 3799 1746 Εὐαγγε-

2142 1758 2304 1822 λίοις⁶
2339 1786 2365 1813 ‹‹
2402 1760 2609 1817 Μέλλει
2633 1762 2733 1836 γὰρ
2766 1762 2793 1814 6
2824 1761 2948 1822 Υἱὸς
2977 1764 3075 1814 τοῦ
3106 1760 3398 1835 ἀνθρώπου
3431 1758 3689 1835 ἔρχεσθαι
3742 1759 3799 1814 ἐν

384 1852 572 1925 gloria
620 1868 795 1923 quam
829 1852 1031 1916 habui,
1064 1856 1377 1921 antequam
1412 1857 1665 1907 mundus
1706 1854 2027 1921 exsisteret,

2146 1853 2208 1923 τῇ
2261 1847 2385 1923 δόξῃ
2435 1854 2532 1904 τοῦ
2585 1851 2798 1923 ΙΙατρὸς
2846 1848 3009 1903 αὐτοῦ
3059 1850 3186 1919 (98).
3222 1872 3249 1900 »
3283 1848 3429 1918 Αὕτη
3464 1849 3566 1923 ἄρα
3598 1850 3632 1916 ἡ
3670 1845 3803 1917 δόξα

382 1942 535 2013 apud
569 1946 626 1996 te
657 1941 720 1995 ⁸ο.
758 1962 785 1989 ››
819 1941 967 1996 Orth.
1004 1941 1374 1996 Venturusne
1404 1948 1494 1995 est
1525 1941 1582 1995 in
1617 1958 1684 1996 ea
1710 1941 2025 2013 gloria,ju-

384 2031 685 2084 dicaturus
731 2030 890 2084 vivos
921 2034 977 2084 et
1007 2034 1293 2093 mortuos,
1329 2046 1399 2084 an
1454 2030 1510 2084 in
1546 2028 1702 2085 alia?
1732 2031 1930 2087 Maced.
1970 2033 2028 2087 ln

385 2135 452 2173 ea
481 2119 627 2189 ipsa.
665 2118 816 2173 Orth.
852 2116 1003 2171 Dicit
1034 2122 1225 2172 autem
1261 2119 1318 2172 in
1379 2118 1707 2190 Evangeliis
1741 2136 1753 2173 :
1789 2143 1815 2168 «
1852 2119 2032 2175 Filius

387 2208 539 2261 enim
576 2206 829 2261 hominis
857 2210 1141 2261 venturus
1163 2211 1251 2262 est
1272 2207 1328 2261 in
1354 2206 1537 2278 gloria
1564 2208 1747 2263 Patris
1779 2209 1869 2263 sui
1901 2210 1965 2263 δι.
2000 2233 2026 2259 ››

388 2300 520 2349 Haec
550 2294 729 2365 igitur
774 2293 961 2365 gloria
991 2298 1080 2350 est
1130 2294 1320 2350 Patris
1350 2300 1406 2350 et
1438 2296 1580 2350 Filii.
1616 2296 1853 2352 Unicam
1886 2315 2030 2369 prae-

389 2388 545 2438 terea
576 2398 703 2438 esse
734 2384 980 2454 gloriam
1014 2383 1151 2438 dicit
1176 2384 1289 2439 alio
1322 2384 1613 2457 Evangelii
1646 2385 1770 2441 loco
1805 2403 1853 2440 ;‹‹
1883 2386 2028 2442 Cum

2134 1943 2231 1993 τοῦ
2262 1939 2390 1992 Υἱοῦ
2420 1936 2558 1992 ἐστιν
2592 1937 2680 1992 xui
2710 1943 2807 1991 τοῦ
2856 1932 3092 2011 Πατρός.
3126 1937 3225 1993 Καὶ
3273 1935 3356 1991 ὅτι
3411 1936 3508 2009 μία
3557 1934 3709 2008 δόξα,
3742 1935 3799 1990 ἐν

2142 2025 2300 2099 ἄλλῳ
2329 2026 2483 2098 τόπῳ
2511 2031 2609 2081 τοῦ
2641 2025 2972 2102 Εὐαγγελίου
3015 2024 3180 2101 λέγει·
3218 2050 3245 2075 ‹‹
3276 2028 3439 2083 ’Όταν
3490 2022 3548 2079 δὲ
3598 2023 3735 2098 ἔλθῃ
3770 2026 3802 2079 6

2141 2116 2264 2178 Υἱὸς
2311 2120 2407 2171 τοῦ
2458 2116 2748 2189 ἀνθρώπου
2798 2115 2847 2169 ἐν
2888 2119 2956 2189 τῇ
2989 2112 3115 2188 δόξῃ
3154 2113 3339 2186 αὐτοῦ,
3373 2116 3461 2169 xui
3513 2113 3714 2175 πάντες
3746 2116 3801 2168 οἱ

2144 2204 2368 2280 ἄγγελοι
2417 2207 2529 2277 μετ’
2578 2205 2763 2273 αὐτοῦ,
2794 2205 2915 2260 τότε
2970 2204 3175 2259 καθίσει
3229 2203 3316 2259 ἐπὶ
3376 2203 3571 2279 θρόνου
3629 2200 3801 2273 δόξης

2144 2294 2392 2350 αὐτοῦ.»
2444 2294 2708 2363 Ἀκούεις,
2759 2294 2806 2349 εἷ’
2863 2295 2976 2348 ὦτα
3034 2291 3207 2368 ἔχεις,
3266 2292 3349 2348 ὅτι
3408 2292 3577 2361 αὐτὴν
3636 2290 3797 2364 δόξαν

2148 2384 2339 2437 ἑαυτοῦ
2371 2380 2519 2457 λέγει
2549 2383 2637 2438 καὶ
2662 2388 2759 2438 τοῦ
2795 2382 3023 2456 Πατρός.

396 2472 621 2526 venerit
651 2478 841 2527 autem
878 2473 1059 2527 Filius
1107 2473 1363 2528 hominis
1391 2475 1449 2528 in
1500 2475 1685 2545 gloria
1716 2493 1844 2541 sua,
1877 2482 1934 2531 et
1983 2491 2189 2532 omnes
2241 2474 2432 2546 angeli
2465 2491 2596 2529 cum
2644 2491 2730 2542 eo,
2764 2478 2905 2528 tunc
2952 2473 3181 2529 sedebit
3227 2473 3285 2527 in
3337 2473 3548 2527 throno
3598 2472 3801 2545 gloria:

392 2579 511 2616 suae
541 2562 608 2615 32.
644 2583 671 2609 ››
706 2561 889 2616 Audis
916 2577 1050 2616 eum
1084 2562 1394 2631 dicentem,
1424 2563 1471 2618 si
1505 2564 1676 2618 modo
1708 2581 1878 2619 aures
1911 2565 2113 2631 habes,
2144 2563 2409 2617 eamdem
2440 2577 2570 2617 esse
2599 2578 2768 2617 suam
2801 2567 2857 2616 et
2889 2561 3072 2617 Patris
3102 2561 3373 2633 gloriam.

463 2651 514 2703 4.
550 2649 746 2704 Maced.
806 2652 977 2704 Potes
1030 2650 1173 2704 mihi
1227 2651 1553 2720 ostendere,
1604 2652 1701 2706 ubi
1749 2655 2033 2723 scriptum

392 2740 486 2801 sit,
520 2738 800 2810 Spiritum
837 2754 966 2793 esse
998 2738 1177 2795 Deum
1204 2738 1227 2793 ?
1252 2756 1529 2810 quorsum
1564 2756 1656 2794 me
1685 2742 1886 2796 tandiu
1923 2743 2036 2797 cir-

388 2825 696 2899 cumagis?
723 2828 951 2884 Orth.Si
986 2828 1221 2899 quidem
1256 2829 1503 2898 apostoli
1535 2829 1791 2899 primum
1822 2847 2033 2901 cogno-

384 2922 594 2972 verunt
637 2916 944 2987 Spiritum,
998 2932 1063 2971 ac
1114 2917 1194 2971 ita
1241 2917 1479 2971 demum
1534 2917 1766 2984 Filium,
1802 2924 1953 2973 recte
1980 2924 2037 2973 et

383 3012 444 3061 tu
478 3007 797 3074 investigas
818 3010 874 3059 et
903 3005 1158 3075 Spiritus
1186 3007 1370 3060 sancti
1399 3006 1668 3061 notitiam
1693 3012 1827 3061 ante
1853 3008 2035 3063 Patris

384 3094 974 3165 eognitionem.Quod
1011 3094 1059 3147 si
1094 3093 1253 3164 prius
1286 3094 1403 3150 illis
1436 3094 1620 3151 Filius
1655 3095 1932 3161 innotuit,
1969 3114 2033 3151 ac

384 3184 657 3252 deinceps
685 3180 938 3252 Spiritus
960 3191 1200 3236 sanctus
1228 3199 1240 3235 :
1265 3187 1327 3236 tu
1377 3200 1605 3253 quoque
1648 3185 1905 3256 primum
1940 3184 2032 3238 Fi-

387 3271 445 3323 lii
480 3287 652 3324 nosce
686 3270 984 3331 deitatem,
1017 3286 1082 3323 ac
1114 3278 1238 3324 tum
1270 3270 1525 3341 Spiritus
1570 3273 1834 3328 notitiam
1871 3290 2028 3328 asse~
2063 3292 2105 3360 (ς

388 3374 586 3431 quare.
641 3358 847 3413 Maced.
880 3357 1040 3423 Novi,
1076 3363 1131 3413 et
1162 3360 1371 3427 €credo,
1410 3359 1616 3415 Filium
1667 3377 1796 3416 esse
1850 3363 2029 3416 [leum

386 3465 453 3504 ex
490 3450 599 3503 Deo
631 3446 795 3500 Patre
817 3446 1295 3517 genitum,totum
1314 3462 1379 3501 ex
1403 3451 1542 3501 toto.
1568 3449 1724 3506 Orth.
1758 3450 1940 3520 Igitur
1967 3466 2036 3504 ex

388 3536 576 3592 Patris
606 3534 980 3591 substantia?
1012 3534 1206 3589 Maced.
1240 3535 1551 3593 Non.0rtlt.
1588 3538 1670 3591 Ita
1700 3537 1880 3607 igitur
1900 3554 2032 3592 eum

391 3626 537 3682 dicis
569 3641 696 3679 esse
726 3627 909 3679 totum
945 3640 1009 3678 ex
1042 3627 1182 3692 toto,
1219 3631 1283 3678 ut
1316 3625 1637 3695 quemlibet
1668 3624 2032 3697 angelorum,

390 3720 446 3772 et
470 3719 707 3771 caeteras
739 3730 831 3767 res
882 3712 1149 3768 creatas?
1181 3714 1377 3769 Maced.
1410 3715 1517 3768 Sed
1554 3714 1730 3768 Filius
1762 3714 2033 3784 unigeni-

391 3811 483 3861 tus
515 3808 604 3858 est
636 3805 805 3858 Deus.
842 3801 995 3857 Orth.
1046 3808 1129 3856 An
1162 3817 1295 3856 eum
1332 3808 1634 3875 propterea
1664 3803 2033 3875 unigenitum

388 3911 577 3964 vocas,
606 3891 884 3965 quoniam
919 3890 1070 3945 alius
1101 3890 1311 3946 similis
1343 3909 1457 3946 non
1492 3897 1601 3955 est,
1625 3909 1696 3946 an
1729 3909 1862 3948 vero
1895 3910 2037 3963 quo-

389 3984 545 4039 niam
570 3982 731 4037 solus
762 3997 828 4035 ex
862 3980 1193 4035 substantia
1225 3981 1457 4052 genitus
1491 3983 1642 4037 443
1670 3987 1757 4037 est
1784 3981 1806 4033 Ρ
1837 3982 2033 4036 Mared.

387 4073 669 4136 Quoniam
697 4070 846 4124 alius
869 4069 1080 4124 similis
1105 4086 1215 4124 non
1240 4073 1509 4128 est.0rlh.
1530 4071 1633 4126 Dic
1662 4071 1842 4141 igitur
1860 4073 2035 4126 etiam

390 4162 672 4231 Spiritum
697 4163 964 4213 sanctum
989 4158 1332 4213 esseFilium
1351 4160 1860 4231 unigenitumNec
1881 4161 2037 4215 enim

392 4250 541 4305 alius
573 4253 661 4302 est
690 4246 943 4318 Spiritus
992 4247 1227 4301 similis.
1264 4248 1459 4303 Maced.
1492 4248 1691 4302 Absit!
1729 4248 1883 4303 Orth.
1915 4248 2037 4303 Non

395 4354 531 4409 ergo
561 4336 776 4391 dicitur
805 4336 1237 4407 unigenitus,eo
1269 4337 1422 4407 quod
1461 4336 1621 4392 solus
1652 4336 1730 4391 sit
1757 4337 1912 4399 talis,
1938 4338 2038 4392 sed

396 4426 675 4497 quoniam
727 4424 889 4479 solus
922 4440 989 4479 ex
1038 4425 1369 4480 substantia
1416 4426 1650 4497 genitus
1697 4431 1786 4480 est
1839 4426 2035 4481 Maccd.

395 4520 600 4571 Annon
649 4530 781 4569 vero
813 4513 1066 4585 Spiritus
1116 4517 1205 4568 est
1234 4530 1301 4568 ex
1331 4514 1431 4568 Dei
1474 4513 1849 4569 substantia?
1882 4515 2037 4569 Orth.

397 4607 545 4659 Sane
597 4603 853 4675 quidem.
906 4602 1100 4657 Maccd.
1137 4606 1281 4673 Ergo
1310 4609 1367 4657 et
1409 4602 1663 4673 Spiritus
1695 4608 1785 4657 est
1833 4603 2036 4658 Filius.

396 4695 551 4753 orth.
581 4694 701 4746 lmo
734 4691 914 4746 Filius
946 4690 1179 4762 quidem
1214 4706 1281 4746 ex
1315 4690 1639 4745 substantia
1672 4691 1901 4761 genitus
1928 4696 2037 4759 est,

396 4785 642 4853 ideoque
671 4785 759 4834 est
811 4780 1149 4850 unigenitus
1181 4779 1359 4834 Filius
1395 4797 1407 4834 :
1442 4779 1694 4850 Spiritus
1744 4785 1940 4835 autem
1973 4796 2041 4835 ex

394 4871 728 4927 substantia
749 4869 1007 4941 procedit
1035 4868 1329 4939 Scriptum
1357 4884 1614 4939 namque
1634 4869 2041 4939 est,«Spiritus

391 4980 456 5016 ex
487 4977 578 5015 me
608 4959 926 5030 procedit,»
947 4958 1044 5012 sed
1074 4970 1211 5015 mn.
1241 4958 1316 5011 Ex
1341 4973 1434 5011 me
1457 4956 1691 5029 genitus
1711 4962 1800 5011 est
1823 4973 1835 5011 :
1862 4963 1918 5012 et
1950 4956 2038 5012 Fi-

391 5050 505 5106 liu‘s
535 5050 675 5104 dicit
710 5066 720 5103 :
757 5071 783 5095 ‹‹
820 5046 1077 5118 Spiritus
1108 5045 1386 5109 veritatis,
1424 5046 1522 5117 qui
1556 5064 1588 5099 a
1629 5050 1791 5101 Patre
1838 5062 2040 5116 proce-

389 5142 473 5195 dit
503 5140 565 5191 53.
608 5162 625 5185 ο
664 5138 784 5193 Non
822 5140 1038 5201 autem,
1072 5134 1313 5190 Genitus
1344 5140 1451 5190 est.
1476 5135 1679 5190 Maced.
1713 5136 1819 5191 Sed
1855 5136 2038 5207 quod-

2220 2651 2273 2704 4.
2320 2655 2460 2703 Μακ.
2517 2651 2707 2723 Ἔχεις
2772 2670 2863 2721 μοι
2923 2646 3112 2720 δεῖξαι,
3173 2652 3277 2702 ποῦ
3328 2646 3653 2723 γέγραπται,
3714 2646 3796 2701 ὅτι

2145 2738 2272 2799 Θεὸς
2330 2738 2393 2791 τὸ
2449 2739 2706 2809 Πνεῦμα;
2738 2738 2789 2792 τί
2842 2758 2907 2810 με
2964 2737 3240 2812 περιάγεις
3288 2735 3511 2805 πολλά;
3547 2737 3700 2808 Ὀρθ.
3736 2736 3799 2794 Ei

2149 2827 2241 2898 μὲν
2274 2829 2489 2900 πρῶτον
2521 2824 2753 2901 ἔγνωσαν
2785 2827 2835 2880 oi
2868 2828 3013 2900 ἅγιοι
3076 2825 3374 2880 ἀπόστολοι
3429 2826 3493 2879 τὸ
3546 2828 3797 2897 Πνεῦμα,

2142 2915 2231 2968 xui
2280 2914 2403 2969 τότε
2447 2914 2539 2968 τὸν
2589 2915 2735 2981 Υἱὸν,
2767 2914 2950 2976 καλῶς
2992 2914 3080 2969 καὶ
3114 2914 3177 2968 σὺ
3210 2914 3485 2984 ἐπιζητεῖς
3516 2916 3618 2983 τὴν
3671 2913 3802 2987 περὶ

2140 3007 2237 3057 τοῦ
2304 3001 2622 3074 Ιῐνεύματος
2688 3008 2886 3077 γνῶσιν
2942 3006 3052 3077 (99)
3108 3005 3216 3078 πρὸ
3266 3009 3368 3072 τῆς
3422 3006 3521 3057 τοῦ
3586 3004 3799 3078 Πατρός

2142 3091 2415 3165 γνώσεως⁸
2477 3090 2526 3144 εί
2578 3087 2636 3145 δὲ
2690 3090 2951 3167 πρότερον
3012 3091 3251 3167 ἐγνώσθη
3321 3090 3503 3152 αὐτοῖς
3564 3093 3594 3145 6
3648 3092 3799 3157 Υἱὸς,

2142 3179 2231 3234 καὶ
2287 3179 2410 3234 τότε
2451 3181 2512 3233 τὸ
2575 3182 2815 3252 Πνεῦμα,
2848 3180 3109 3255 πρότερον
3160 3182 3252 3234 καὶ
3311 3180 3467 3241 αὐτὸς
3526 3178 3797 3255 ἐπίγνωθι

2141 3269 2239 3337 τήν
2295 3273 2392 3323 τοῦ
2452 3269 2579 3322 Υἱοῦ
2637 3269 2887 3341 θεότητα,
2917 3269 3007 3323 xui
3065 3268 3238 3331 οὕτως
3275 3271 3491 3342 μαθήσῃ
3545 3270 3638 3323 καὶ
3693 3270 3795 3337 τὴν

2141 3362 2236 3412 τοῦ
2296 3356 2613 3429 Ιῐνεύματος
2670 3363 2888 3432 γνῶσιν.
2947 3365 3087 3413 Μακ.
3148 3356 3305 3428 υἶδα,
3365 3358 3455 3412 καὶ
3529 3358 3797 3427 πιστεύω,

2144 3445 2225 3501 ὅτι
2259 3446 2387 3507 Θεός
2418 3445 2558 3500 ἐστιν
2594 3447 2621 3499 ὁ
2654 3447 2801 3516 Υἱὸς,
2833 3446 2892 3501 ἐκ
2921 3451 3016 3501 τοῦ
3048 3450 3181 3501 Θεοῦ
3209 3451 3307 3501 τοῦ
3346 3447 3560 3520 [ἰατρὸς
3597 3467 3795 3521 γεννηο

2144 3534 2276 3603 θεὶς,
2310 3534 2439 3595 ὅλος
2469 3534 2518 3606 ἐξ
2551 3534 2705 3590 ὅλου.
2742 3535 2889 3607 Ὀρθ.
2924 3533 3127 3589 Οὐκοῦν
3160 3534 3219 3589 ὲκ
3245 3542 3344 3603 τῆς
3386 3533 3568 3597 οὐσίας
3597 3554 3611 3604 ;
3645 3538 3793 3592 Mux.

2145 3620 2277 3680 Οῦκ.
2312 3624 2459 3698 Ὀρθ.
2493 3620 2677 3685 Οὕτως
2712 3622 2802 3677 οῦν
2838 3623 2996 3678 αὐτὸν
3030 3621 3205 3698 λὲγεις
3237 3623 3365 3679 ὅλον
3417 3623 3471 3694 ἐξ
3519 3623 3680 3693 ὅλου,
3722 3626 3802 3685 ὡς

2147 3708 2365 3766 ἕκαστον
2417 3716 2524 3765 τῶν
2585 3712 2831 3786 ἀγγέλων
2890 3711 2979 3766 καὶ
3038 3717 3145 3766 τῶν
3206 3711 3393 3769 ἀλλων
3451 3712 3806 3785 κτισμάτων;

2149 3808 2288 3857 Mux.
2324 3799 2477 3857 Ἀλλ’
2527 3802 2554 3855 ὁ
2602 3800 2727 3863 Υἱός
2790 3804 3081 3876 μονογενής
3140 3800 3247 3855 ἐστι
3310 3801 3461 3863 Θεός.
3504 3803 3656 3875 Ὀρθ.
3712 3802 3811 3856 Διᾶ

2147 3894 2306 3944 τοῦτο
2340 3889 2496 3943 αὐτὸν
2530 3888 2703 3964 λέγεις
2757 3896 3050 3963 μονογενῆ,
3084 3887 3271 3957 ἐπειδή
3323 3886 3494 3951 ἄλλος
3552 3894 3807 3950 τοιοῦτος

2149 3977 2249 4032 οὐκ
2278 3976 2446 4041 ἔστιν,
2477 3978 2511 4044 ἢ
2547 3975 2734 4045 ἐπειδή
2770 3978 2934 4049 μόνος
2969 3977 3028 4031 ἐκ
3055 3985 3155 4047 τῆς
3203 3978 3383 4039 οὐσίας
3440 3977 3802 4053 γεγὲννηται;

2150 4070 2294 4125 Μακ.
2331 4064 2552 4134 Ἐπειδή
2612 4066 2785 4128 ἄλλος
2839 4072 3089 4130 τοιοῦτος
3143 4067 3242 4122 οὐκ
3279 4066 3446 4126 ἔστιν.
3473 4070 3631 4142 Ὀρθ.
3666 4069 3805 4125 Εἰπὶ

2149 4158 2239 4211 οὗν
2299 4156 2388 4209 καὶ
2444 4158 2505 4209 τὸ
2567 4158 2791 4229 Πνεῦμα
2818 4157 2880 4211 τὸ
2912 4158 3065 4231 ἅγιον
3132 4160 3401 4231 μονογενῆ
3434 4157 3583 4212 Υἱόν.
3618 4156 3805 4212 ’Ἄλλο

2146 4246 2246 4320 γὰρ
2301 4249 2549 4299 τοιοῦτον
2609 4244 2709 4299 οὐκ
2764 4242 2925 4301 ἔστιν.
2989 4247 3132 4302 Μακ.
3194 4247 3287 4314 Μὴ
3339 4246 3589 4322 γένοιτοί
3652 4248 3807 4320 Ὀρθ.

2150 4333 2262 4390 Οὐκ
2318 4332 2419 4406 ἄρα
2468 4330 2555 4387 δία
2597 4333 2660 4387 τὸ
2713 4333 2880 4405 μόνον
2911 4338 3158 4389 τοιοῦτον
3192 4336 3351 4392 αὐτὸν
3381 4335 3535 4402 εἶναι,
3574 4355 3807 4410 μονογε-

2147 4425 2245 4490 νὴς
2280 4422 2520 4496 λέγεται,
2550 4420 2680 4477 ἀλλ’
2708 4419 2895 4491 ἐπειδὴ
2932 4424 3095 4495 μόνος
3126 4423 3185 4477 ἐκ
3222 4430 3323 4493 τῆς
3375 4423 3560 4485 οὐσίας
3615 4426 3806 4499 γεγέν-

2147 4532 2328 4580 νηται.
2365 4513 2507 4566 Μακ.
2541 4510 2656 4566 Οὐκ
2686 4509 2824 4565 ἔστιν
2859 4510 2948 4565 οῦν
2984 4510 3042 4565 ἐκ
3068 4518 3168 4580 τῆς
3198 4511 3382 4573 οὐσίας
3412 4517 3511 4567 τοῦ
3557 4518 3697 4567 Θεοῦ
3743 4516 3807 4569 τὸ

2152 4603 2403 4671 Πνεῦμα;
2441 4601 2588 4673 ’(ὶρθ.
2624 4599 2719 4653 Καὶ
2772 4598 2931 4657 πάνυ.
2967 4602 3108 4657 Μακ,
3145 4600 3244 4656 Καὶ
3303 4600 3434 4655 αὐτὸ
3494 4599 3597 4674 ἄρα
3655 4602 3804 4663 Υἱός.

2153 4690 2300 4760 Ὀρθ.
2336 4686 2489 4744 Ἀλλ’
2521 4689 2549 4741 6
2586 4689 2679 4759 μὲν
2706 4690 2828 4749 Υἱὸς
2866 4687 2925 4741 ἐκ
2953 4695 3052 4757 τῆς
3105 4687 3290 4750 οὐσίας
3340 4688 3682 4764 γεγέννηται,
3716 4692 3807 4747 xui

2152 4774 2239 4831 διὰ
2264 4782 2425 4832 τοῦτο
2489 4778 2786 4852 μονογενὴς
2816 4772 3038 4839 Υἱόςοτὸ
3071 4774 3127 4832 δὲ
3152 4780 3374 4834 Πνεῦμα
3402 4778 3461 4833 ἐκ
3487 4786 3588 4848 τῆς
3620 4779 3808 4838 οὐσίας

2150 4866 2514 4941 ἐκπορεύεται.
2556 4889 2576 4915 ι
2615 4870 2832 4938 Πνεῦμα
2866 4889 2891 4915 ››
2921 4866 3021 4940 γὰρ
3074 4891 3101 4917 ‹‹
3144 4868 3270 4941 παρ’
3321 4866 3458 4938 ἐμοῦ
3508 4867 3806 4942 ἐκπορεύε-

2147 4975 2255 5017 ται,
2312 4979 2333 5004 ι
2377 4954 2691 5030 γέγραπται⁶
2752 4954 2834 5021 οὐ,
2896 4954 3229 5030 Γεγὲννηται’
3291 4958 3381 5011 καὶ
3448 4958 3574 5019 Υἱὸς
3635 4957 3804 5033 λέγει·

2149 5068 2177 5095 ‹‹
2213 5044 2291 5100 Τὸ
2326 5045 2549 5114 Πνεῦμα
2576 5050 2675 5112 τῆς
2722 5040 3001 5113 ἀληθείας,
3035 5044 3064 5099 ’ὀ
3103 5046 3249 5117 παρὰ
3296 5050 3392 5100 τοῦ
3444 5048 3661 5119 Πατρὸς
3720 5047 3805 5103 Ex-

2150 5133 2456 5207 πορεύεται·
2489 5158 2509 5185 ι
2550 5132 2632 5201 οὐ,
2663 5133 3005 5207 Γεγέννηται.
3041 5135 3189 5191 Μακ.
3224 5135 3319 5190 Καὶ
3374 5135 3459 5196 τίς
3492 5137 3527 5204 ἡ
3571 5132 3806 5214 διαφορὰ

462 5355 503 5389 ⁵⁸
534 5353 701 5410 Joan.
736 5367 876 5421 xvn,
912 5350 997 5405 10.
1076 5350 1120 5383 ‘9
1150 5348 1291 5404 ibid.
1368 5350 1413 5384 ⁸ο
1441 5347 1583 5405 ibid.
1606 5350 1659 5403 5.
1736 5350 1778 5384 θί
1815 5348 2018 5405 Matth.

2151 5393 2165 5419 ,
2197 5349 2285 5404 27.
2363 5350 2409 5385 ⁶²
2438 5348 2793 5418 Matth.xxv,
2825 5348 2913 5403 31.
2990 5349 3036 5383 ⁸³
3063 5349 3227 5405 Joan.
3262 5367 3355 5418 xv,
3382 5352 3440 5407 6.

469 5564 582 5636 (98)
618 5562 752 5636 Mss.
788 5565 854 5615 ut
886 5558 1211 5636 plurimum
1245 5557 1463 5636 habent
1492 5555 1655 5636 αὐτοῦ
1686 5573 1821 5636 cum
1841 5559 2036 5636 _tenu_i,

400 5630 577 5723 etiam
608 5634 709 5723 ubi
746 5650 845 5723 pro
880 5631 1494 5723 ppsqe'ssivo‘ppnitur.
1519 5630 1815 5723 Secus‘H;
1837 5630 2037 5723 Steph.

401 5708 546 5764 lbid.
606 5704 715 5759 Μία
745 5697 847 5779 ίέρα
880 5697 938 5773 ’ἡ
998 5699 1125 5772 δόξα
1182 5697 1435 5756 Ρίῐαῐὶη.
1482 5702 1551 5772 τῇ
1607 5701 1737 5772 (sic)
1787 5697 1956 5776 ἃραῆ
1988 5697 2037 5759 δ.

2152 5558 2340 5615 Felck.

2150 5632 2447 5759 M(9‘.))Olltéa
2495 5646 2634 5687 mss.
2678 5629 2827 5687 Editi
2877 5646 3031 5703 vero,
3082 5634 3177 5686 τοῦ
3224 5632 3543 5708 ΙΙνεύματος
3600 5639 3802 5711 γνῶσιν

2205 5722 2290 5759 ακ,
2426 5720 2479 5757 α.

2205 5722 2290 5759 ακ,
2323 5720 2479 5759 υιοα.
