2046 3109
163 190 244 221 1209

639 190 689 222 DE
710 190 860 221 SANCTA
882 189 1096 221 TRINITATE
1118 190 1314 222 DIALOGUS
1337 191 1392 221 III.

1788 188 1867 219 1210

163 259 214 291 τῆς
226 257 377 294 γεννήσεως
401 256 447 283 καὶ
469 259 520 291 τῆς
549 255 753 294 ὒκπορεύσεωςς
783 257 856 294 Ὀρθ.
885 256 914 283 '0
936 256 985 290 τὴν

1045 265 1113 284 nam
1130 257 1288 285 discrimen
1308 260 1353 285 est
1376 257 1574 294 generationis
1598 258 1626 284 et
1649 256 1868 292 processionis?

165 300 296 340 διαφορὰν
320 299 409 336 εἰδὼς,
437 301 483 328 καὶ
505 300 550 328 τὸν
575 301 676 337 τρόπον
702 302 751 335 τῆς
765 302 915 339 γεννήσεως
942 300 988 328 καὶ

163 349 214 380 τῆς
232 344 415 382 ἒκπορεύσεως
431 343 513 373 οἶδεν.
530 346 592 373 ’Ότι
605 343 634 372 δὲ
648 343 739 376 οὐδεὶς
762 344 833 372 οἶδεν
856 345 902 372 τὸν
924 345 987 382 τρό-

164 401 215 418 πον
229 393 280 424 τῆς
307 390 467 427 γεννήσεως,
496 390 510 416 6
538 391 684 428 προφήτης
717 390 777 427 βοᾷέ
809 402 823 415 ‹(
847 390 901 424 Τὴν
912 389 987 426 γένε-

165 445 206 462 σιν
223 435 262 471 (1)
285 433 368 461 αὐτοῦ
393 433 434 464 τίς
460 432 637 471 διηγήσεται;
665 446 679 460 ›ι
700 437 769 462 Max.
789 433 841 462 Καὶ
869 436 927 465 πῶς
943 432 988 461 οὗν

165 478 263 517 λέγεις,
286 479 327 506 δτι
353 479 367 506 6
389 479 435 515 μὲν
462 479 522 511 Υἱὸς
547 479 577 507 ἐκ
590 483 640 514 τῆς
656 479 749 511 οὐσίας
763 480 927 518 γεγέννηται,
956 480 987 507 τὸ

165 522 195 551 δὲ
210 525 319 560 Πνεῦμα
343 523 517 562 ἐκπορεύεται
530 534 537 558 ;
552 525 626 562 Ὀρθ.
643 525 685 553 Τὰ
708 525 882 562 γεγραμμένα
902 525 985 562 λέγω.

165 568 215 596 Καὶ
231 568 263 595 σὺ
279 567 351 606 λέγε,
380 568 425 596 καὶ
447 568 479 596 οὐ
506 567 681 600 κινδυνεύεις.
711 571 783 598 Μακ.
809 572 865 597 Ποῦ
880 570 926 597 οὖν
942 571 986 607 γὲ-

163 623 291 650 γραπται,
316 613 346 640 ἐκ
367 616 418 648 τῆς
444 612 556 648 οὐσίας;
582 614 660 651 Ὀρθ.
689 615 750 642 "Ott
774 614 860 641 πάντα
883 613 913 642 ἐκ
937 613 986 641 τοῦ

164 659 243 690 Θεοῦ,
267 657 425 695 γέγραπται,
449 658 494 685 καὶ
514 657 546 685 σὺ
573 658 737 697 ὁμολογεῖς;
754 661 824 687 Μακ.
840 659 902 694 Ναὶ,
918 659 986 695 ὁμο-

164 701 252 739 λογῶ.
269 702 313 736 Μὴ
330 701 376 729 οὖν
392 702 422 729 ἐκ
435 706 486 737 τῆς
503 702 594 734 οὐσίας
613 702 718 738 πάντας
734 703 806 741 Ὀρθ.
833 703 915 741 Οὐχὶ,
947 704 984 740 μή

163 747 287 785 γένοιτοέ
304 745 383 774 Ἀλλ’
399 746 451 783 8m,
467 748 573 775 πάντων
589 745 673 775 ὅντων
695 747 724 775 ἐκ
737 750 786 775 τοῦ
811 750 889 782 Θεοῦ,
906 749 986 779 οὗτος

167 791 319 829 μονογενὴς
342 791 414 824 Πὸς,
437 790 552 819 πολλῶν
577 789 661 820 ὄντῶν
686 792 763 828 υἱῶν,
779 794 798 827 ἦ
813 794 866 829 μὴν
894 792 924 820 ἐκ
936 794 986 828 τῆς

165 834 269 870 οὐσίας,
286 833 372 870 δῆλόν
387 834 467 864 ἐστιν.

199 970 227 998 5.
244 972 313 998 Max.
329 969 374 1003 Μὴ
399 969 443 997 καὶ
466 970 498 997 τὸ
522 972 631 1007 Πνεῦμα
656 972 806 1009 μονογενὴς
820 972 881 1003 Υἱός
896 971 985 1006 sci-rw;

165 1013 240 1050 Ὀρθ.
257 1013 307 1042 Καὶ
320 1015 365 1041 νῦν
380 1013 465 1051 λάγω,
483 1014 520 1050 μή
536 1014 639 1052 γένοιτο
665 1015 768 1044 εἷπεῖνί
795 1016 871 1044 Ἀλλ’
895 1016 985 1055 ὥσπερ

164 1057 278 1085 πολλῶν
292 1056 378 1085 ὄντων
395 1059 471 1093 υἱῶν,
486 1061 581 1087 τοῦτον
607 1058 727 1097 ἔγνωμεν
753 1059 782 1088 ἐκ
804 1062 853 1094 τῆς
880 1060 985 1097 οὐσίας,

164 1101 209 1130 διὰ
224 1101 254 1129 τό
279 1103 367 1140 λέγειν
391 1102 437 1130 τὸν
462 1104 578 1141 Πατέρω
605 1116 615 1129 ι
643 1103 729 1135 Οὗτός
747 1105 793 1141 μοί
809 1104 879 1132 ἐστιν
894 1105 908 1132 6
924 1106 986 1136 Υἱὸς

163 1147 179 1174 ὁ
195 1147 342 1184 ἀγαπητός
375 1159 390 1173 ι)
414 1147 485 1174 οὕτω
510 1147 541 1175 τὸ
566 1149 676 1184 Πνεῦμα
690 1147 808 1186 ἔγνωμεν
824 1148 854 1176 ἐκ
872 1152 922 1184 τῆς
938 1149 985 1176 οὖ-

164 1190 234 1226 σίας,
255 1189 299 1218 διὰ
320 1191 363 1227 τὸ,
386 1191 500 1219 πολλῶν
525 1189 610 1219 ὅντων
629 1193 803 1229 πνευμάτων,
819 1193 908 1231 λέγειν
938 1194 984 1221 τὸν

165 1236 280 1273 Πατέρα·
299 1248 312 1262 υ
328 1237 436 1274 Έκχεῶ
449 1236 502 1263 ἀπὸ
516 1235 564 1263 τοῦ
589 1236 744 1273 Πνεόματός
771 1248 823 1273 μου
839 1237 882 1265 ἐπὶ
898 1241 984 1265 πᾶσαν

165 1280 278 1317 σάρκα.»
295 1278 407 1311 Ἄλλως
417 1280 468 1318 γὰρ
479 1280 511 1308 οὐ
522 1279 631 1308 δύναται
641 1282 811 1319 χωρισθῆναι
825 1284 879 1309 τῶν
891 1281 984 1310 ἄλλων

165 1325 248 1361 ἁγίων
265 1323 437 1361 πνευμάτων,
453 1325 497 1352 καὶ
514 1329 679 1364 συναφθῆναι
693 1328 732 1362 τῷ
748 1326 843 1364 lla-cpi,
860 1326 883 1354 εἰ
895 1327 933 1363 μή
945 1330 985 1364 τῷ

164 1368 242 1406 λόγῳ
255 1369 305 1403 τῆς
319 1368 421 1399 οὐσίας.
437 1372 508 1398 Max.
524 1370 553 1398 Ὁ
569 1370 620 1408 γὰρ
639 1371 730 1408 Πατήρ
746 1370 815 1398 ἐστιν
843 1371 857 1398 ὁ
884 1371 983 1408 λέγων·

164 1425 178 1439 ιι
196 1413 300 1450 Ἐκχεῶ
314 1412 367 1440 ἀπὸ
381 1415 430 1440 τοῦ
451 1413 605 1450 Πνεόματός
632 1423 703 1450 μου;
721 1426 735 1440 ››
751 1416 825 1451 Ὀρθ.
842 1416 890 1443 Καὶ
905 1418 983 1444 πάνυ.

163 1460 233 1485 Μαι.
251 1457 334 1489 Πόθεν
349 1459 449 1492 τοῦτο;
468 1470 482 1484 ››
498 1459 571 1496 Ὀρθ.
581 1458 690 1490 Παῦλος
702 1460 716 1487 6
729 1460 881 1491 ἀπόστολος
897 1460 984 1499 λέγει’

164 1514 177 1527 ι(
193 1502 259 1530 ’Ὁτε
279 1501 331 1540 γὰρ
357 1501 475 1541 ἐπεφάνη
499 1503 516 1537 ἠ
541 1503 624 1540 χάρις
641 1505 690 1531 τοῦ
714 1506 780 1531 Θεοῦ
795 1506 834 1541 (2)
847 1507 896 1532 τοῦ
926 1509 985 1533 Σω-

162 1547 246 1584 τῆρος
260 1547 353 1582 ἡμῶν,
369 1546 419 1574 οὐκ
442 1546 473 1574 ἐκ
491 1546 590 1584 ἔργων,
609 1548 646 1574 ὧν
661 1547 826 1585 ἐποιήσαμεν
842 1550 924 1586 ἡμεῖς
941 1549 985 1577 ἐπὶ

162 1594 213 1625 τῆς
228 1594 293 1627 γῆς,
308 1589 381 1618 ἀλλὰ
394 1591 462 1618 κατὰ
475 1592 507 1619 τὸ
521 1591 593 1620 πολὺ
604 1592 685 1620 αὐτοῦ
698 1591 787 1627 ἓλεος,
803 1593 985 1631 ἀναγεννήσας

164 1635 239 1670 ἡμᾶς
262 1633 307 1662 διὰ
335 1634 452 1671 λουτροῦ
479 1635 697 1674 παλιγγενεσίας,
721 1636 765 1664 καί
781 1637 985 1668 ἀνακαινώσεως

166 1678 322 1715 Πνεύματος
338 1678 424 1717 ἁγίου.
442 1679 473 1707 οὖ
488 1679 589 1718 ἐξέχεεν
607 1680 647 1720 ἐφ’
674 1682 748 1717 ἡμᾶς
775 1681 914 1713 πλουσίως
943 1680 988 1709 διὰ

166 1724 256 1759 Ἰησοῦ
285 1725 411 1762 Χριστοῦ.
441 1735 455 1750 ιτ
484 1724 530 1755 Τίς
553 1724 641 1762 ἐξέχεε
665 1723 710 1752 διὰ
732 1725 824 1760 Ἰησοῦ
851 1725 985 1763 Χριστοῦ;

166 1767 296 1803 δηλονότι
325 1768 339 1795 ὁ
368 1767 496 1805 εἰρηκώς·
522 1780 536 1794 ‹‹
561 1769 603 1797 Ἐν
628 1771 688 1800 ταῖς
716 1768 844 1807 ἐσχάταις
872 1771 987 1807 ἡμεραις

166 1812 256 1850 ἐκχεῶ
283 1812 337 1839 ἀπὸ
363 1814 412 1839 τοῦ
443 1811 599 1848 [Ινεῦματός
628 1823 681 1849 μου
704 1815 753 1850 (3).
780 1816 880 1842 ηΜακ.
897 1815 986 1852 Ουχὸ

164 1857 227 1887 Υἱὸς
252 1855 298 1883 οῦν
323 1854 418 1884 δίδωσι
440 1856 472 1884 τὸ
498 1858 624 1894 Πνεῦμα;
648 1858 721 1895 Ὀρθ.
737 1859 885 1894 ’Ήκουσας,
914 1859 956 1887 ὅτι
972 1859 986 1887 ὀ

166 1901 258 1938 ΙΙατὴρ
275 1900 319 1928 διὰ
346 1902 394 1928 τοῦ
419 1901 483 1928 Υἲοῦ
510 1899 604 1928 δίδωσι
627 1902 659 1929 τὸ
675 1904 795 1939 Πνεῦμα.
819 1902 923 1940 Αμέλει
937 1906 986 1931 τοῦ

163 1945 268 1981 Πατρὸς
309 1945 461 1983 εἰρηκότος,
500 1958 514 1971 α
554 1948 597 1973 Ἐν
624 1949 684 1977 ταῖς
712 1946 839 1985 ἐσχάταις
868 1948 986 1986 ἡμέραις

162 1988 252 2027 ἐκχεῶ
279 1989 333 2017 ἀπὸ
361 1992 409 2017 τοῦ
438 1989 594 2027 Πνεύματός
626 2001 689 2027 μου,
715 2003 730 2017 n
754 1992 768 2019 6
785 1992 845 2023 Υἱὸς
872 1992 985 2024 ἀναστὰς

163 2033 193 2061 ἐκ.
220 2036 334 2071 νεκρῶν,
365 2033 447 2072 λέγει’
479 2046 493 2060 ι(
514 2032 616 2062 Λάϐετε
631 2037 740 2071 Πνεῦμα
755 2036 841 2074 ἅγιον.
868 2048 882 2062 ››
912 2038 985 2066 Μακ.

162 2079 247 2107 Εἶπον
264 2078 294 2106 ἐκ
308 2077 428 2114 πολλοῦ,
446 2080 483 2115 μή
503 2089 536 2115 με
551 2078 679 2117 περίσπα-
696 2078 768 2114 ἀλκ’,
794 2080 817 2107 εἱ
838 2079 914 2118 ἔχεις
930 2079 985 2108 δεῖ-

162 2123 216 2158 ξαι,
245 2123 320 2151 εἶπον
350 2125 404 2150 ποῦ
430 2123 588 2161 γέγραπται,
613 2124 678 2155 Θεὸς
706 2124 737 2151 τὸ
767 2126 888 2161 Πνεῦμα.
911 2126 984 2162 Ὀρθ.

162 2167 357 2204 Ὀμολόγησον
365 2167 415 2201 τὴν
427 2167 542 2203 θεότητα
548 2170 598 2195 τοῦ
611 2168 716 2205 ΙΙατρὸς
723 2167 767 2195 καὶ
776 2171 824 2196 τοῦ
836 2169 899 2196 Υἱοῦ
912 2169 984 2206 μίαν,

162 2211 248 2249 ἤγουν
262 2212 313 2246 τήν
338 2211 439 2247 οὐσίαν,
461 2211 507 2239 καὶ
529 2212 580 2247 τὴν
606 2212 721 2250 βουλὴν,
737 2213 781 2240 καὶ
795 2214 844 2248 τήν
861 2212 986 2251 δύναμιν,

161 2256 207 2284 καὶ
221 2257 271 2291 τὴν
286 2255 372 2291 δόξαν·
389 2255 434 2284 καὶ
449 2254 510 2284 τότε
528 2257 636 2294 μαθήσῃ
659 2257 721 2294 περῖ
744 2259 792 2285 τοῦ
817 2258 985 2294 Πνεύματος.

1042 302 1120 331 ΟνιΙι.
1137 302 1190 335 Qui
1206 302 1261 329 hoc
1280 302 1437 330 discrimen
1464 303 1585 335 noverit,
1609 301 1727 328 modum
1753 309 1867 336 quoque

1042 347 1240 382 generationis
1255 349 1283 374 et
1299 347 1493 382 processionis
1519 346 1606 373 novit.
1634 345 1785 372 Neminem
1801 353 1866 371 vero

1043 399 1129 419 nosse
1149 391 1345 427 generationis
1370 392 1490 419 modum
1516 392 1690 418 vomt‘erutur
1715 389 1865 425 propheta,

1042 443 1109 462 cum
1138 435 1259 471 inquit:
1284 447 1297 461 ‹‹
1322 436 1544 464 Generationem
1570 435 1632 469 ejus
1657 435 1721 469 quis
1747 442 1864 461 enarra-

1043 480 1085 507 bit
1097 480 1144 507 “‘l
1166 480 1270 508 Maced.
1298 481 1392 513 Quare
1408 480 1495 515 igitur
1518 480 1591 506 dicis
1609 488 1614 506 :
1634 479 1721 505 Filius
1746 478 1863 513 quidem

1041 533 1075 553 ex
1086 524 1252 552 substantia
1266 525 1385 561 genitus
1399 525 1583 559 est,Spiritus
1600 526 1697 550 autem
1716 522 1866 558 procedit?

1042 569 1117 597 Orth.
1142 569 1208 597 Dico
1230 578 1294 604 quas
1319 569 1428 605 scripta
1450 572 1527 596 sunt.
1557 570 1595 595 ita
1620 568 1709 603 igitur
1732 570 1759 595 et
1776 571 1805 594 tu
1821 566 1864 594 lo-

1042 622 1141 650 quere.
1157 616 1186 641 et
1200 617 1279 642 extra
1295 613 1456 649 periculum
1474 622 1514 640 es.
1533 612 1631 640 Μίιρειί.
1650 612 1773 639 Ubinam
1791 611 1864 639 scri-

1041 662 1124 694 ptum
1140 661 1194 692 est,
1210 658 1314 686 Filium
1331 666 1396 686 esse
1410 666 1442 686 ex
1459 657 1648 684 substantia?
1669 656 1746 683 Orth.
1764 656 1864 682 Nonne

1040 705 1068 730 et
1083 706 1114 730 tu
1129 703 1271 739 scriptum
1287 711 1352 730 esse
1368 702 1465 730 fateris
1481 702 1579 729 omnia
1593 710 1656 728 esse
1668 709 1700 728 ex
1716 700 1773 727 Deo
1786 702 1797 727 Ρ
1808 700 1862 727 Μα-

1040 747 1096 775 cad.
1113 747 1188 775 Sane
1202 747 1303 781 fateor,
1320 747 1369 774 sed
1388 755 1457 773 num
1476 746 1574 773 omnia
1590 748 1658 772 sunt
1674 753 1707 772 ex
1727 744 1776 771 Dei
1791 744 1863 771 sub-

1041 791 1174 819 stantia?
1189 791 1264 819 0rlh.
1283 791 1484 827 Nequaquam,
1502 790 1593 817 absit!
1612 790 1665 816 Sed
1683 797 1758 816 exeo
1775 788 1864 823 quod,

1042 844 1108 864 cum
1124 837 1223 864 omnia
1239 839 1352 863 suntex
1369 835 1437 863 Deo.
1456 836 1508 861 ista
1520 837 1563 861 est
1577 834 1746 869 unigenitus
1764 833 1864 866 Filius,

1041 880 1178 916 quamvis
1193 879 1279 908 multi
1294 879 1354 908 sint
1369 880 1431 914 ﬁlii,
1459 879 1551 914 liquet
1577 882 1653 906 certe
1669 886 1735 905 eum
1752 885 1816 905 esse
1831 885 1865 904 ex

1041 925 1219 953 substantia.

1076 970 1103 998 5.
1119 970 1228 998 Maced.
1243 970 1286 997 An
1301 977 1368 997 vero
1383 969 1508 1005 Spiritus
1532 976 1647 1003 quoque
1670 970 1714 994 est
1730 966 1865 1001 unigeni-

1043 1018 1090 1043 tus
1106 1014 1219 1043 Filius?
1232 1014 1313 1044 Orth.
1326 1014 1419 1049 Absit,
1432 1014 1598 1048 inquam,ut
1612 1013 1667 1039 hoc
1683 1011 1795 1038 dicam!
1809 1010 1863 1038 Sed

1041 1060 1129 1092 sicut,
1145 1067 1211 1086 cum
1227 1058 1312 1086 multi
1329 1059 1389 1086 sint
1412 1058 1474 1090 filii,
1493 1058 1626 1084 novimus
1651 1057 1728 1083 hunc
1752 1063 1815 1082 esse
1831 1064 1865 1082 ex

1041 1103 1219 1137 substantia,
1235 1102 1375 1139 quoniam
1393 1102 1467 1129 dixit
1483 1104 1566 1128 Pater
1584 1115 1589 1127 ;
1612 1113 1624 1125 ‹‹
1643 1101 1692 1127 llic
1709 1102 1753 1127 est
1770 1099 1861 1127 Filius

1041 1157 1125 1175 meus
1137 1148 1262 1175 dilectus
1277 1148 1309 1181 ⁶⁶;
1327 1158 1342 1171 n
1356 1147 1397 1174 ila
1407 1148 1493 1174 etiam
1506 1155 1569 1173 esse
1580 1154 1611 1172 ex
1626 1145 1791 1172 substantia
1802 1144 1864 1179 Spi.

1041 1193 1130 1220 ritum
1147 1192 1213 1219 inde
1229 1191 1536 1226 novimus,quod'r.um
1555 1190 1613 1216 sint
1629 1189 1713 1216 multi
1730 1187 1862 1223 spiritus,

1040 1236 1146 1265 dixerit
1152 1235 1422 1263 Pater:«Ell‘undam
1429 1235 1463 1262 de
1471 1235 1579 1269 Spiritu
1587 1242 1645 1261 meo
1653 1242 1684 1261 su
1691 1242 1739 1268 per
1746 1240 1862 1260 omnem

1040 1289 1158 1310 carnem
1174 1280 1206 1308 ⁸⁸.
1224 1291 1238 1305 ››
1253 1279 1325 1307 Nam
1341 1279 1425 1307 aliter
1440 1279 1567 1314 separari
1585 1288 1601 1305 ιι
1616 1278 1725 1304 sanctis
1744 1276 1862 1311 reliquis

1040 1326 1194 1360 spiritibus
1206 1333 1262 1353 non
1280 1326 1415 1360 potest,et
1426 1323 1501 1351 Putri
1510 1322 1718 1357 conjungi,nisi
1727 1322 1862 1348 substan-

1040 1372 1086 1399 tia:
1102 1371 1223 1399 ratione.
1239 1370 1340 1397 Maced.
1357 1369 1433 1397 Num
1449 1377 1513 1395 vero
1531 1369 1612 1394 Pater
1638 1368 1661 1394 is
1678 1370 1730 1399 est,
1751 1366 1799 1400 qui
1818 1365 1860 1392 di-

1040 1416 1079 1444 cit
1093 1425 1101 1444 :
1121 1426 1131 1440 ι
1147 1415 1300 1443 Etl‘undam
1316 1414 1352 1441 ds
1366 1413 1475 1449 Spiritu
1492 1420 1555 1439 meo
1566 1412 1579 1438 ‘l
1594 1423 1605 1436 υ
1624 1411 1699 1438 ΟνιΙι,
1716 1411 1790 1437 Sane
1800 1408 1863 1444 qui—

1041 1461 1116 1488 dem.
1134 1459 1232 1487 Naced.
1250 1459 1331 1486 Unde
1347 1458 1400 1486 boc
1416 1457 1553 1492 colligis?
1570 1457 1646 1483 (lrlh.
1670 1455 1778 1482 Paulus
1793 1462 1860 1488 apo-

1041 1505 1134 1533 stolus
1149 1504 1246 1540 inquit
1260 1511 1266 1531 :
1286 1514 1296 1528 α
1312 1502 1384 1530 Cum
1395 1501 1472 1529 enim
1489 1500 1724 1536 upparuitgratia
1737 1498 1785 1525 Dei
1800 1497 1861 1525 Sal—

1040 1549 1148 1577 vatoris
1161 1547 1263 1581 nostri,
1280 1555 1337 1575 non
1353 1554 1386 1574 ex
1405 1546 1553 1582 operibus,
1584 1553 1645 1580 quis
1672 1543 1793 1571 fecimus
1810 1550 1863 1569 nos

1041 1601 1130 1627 super
1145 1596 1263 1624 terram.
1280 1591 1329 1619 sed
1347 1591 1508 1619 secundum
1531 1589 1761 1616 misericordian
1779 1595 1863 1614 suam

1042 1637 1222 1674 regeneravit
1237 1644 1290 1664 nos
1306 1635 1419 1664 lavacro
1443 1633 1671 1669 regenerationis
1696 1634 1724 1659 ct
1745 1639 1862 1658 renova-

1041 1681 1129 1710 tionis
1144 1681 1270 1717 Spiritus
1283 1680 1389 1712 sancti.
1405 1687 1491 1714 quem
1510 1678 1611 1705 effudit
1626 1678 1652 1704 in
1671 1685 1723 1704 nos
1745 1676 1862 1703 abunde

1043 1735 1094 1764 per
1107 1727 1209 1754 Jesum
1224 1725 1370 1753 Christum
1391 1724 1423 1751 ⁸⁸.
1440 1735 1449 1748 ιι
1479 1723 1548 1755 Quis
1570 1722 1671 1749 effudit
1692 1729 1741 1756 per
1762 1721 1862 1748 Jesum

1042 1771 1190 1800 Christum
1202 1770 1216 1797 7
1231 1770 1257 1797 is
1267 1768 1471 1804 nimirum,qui
1490 1768 1599 1794 dixerat
1615 1776 1641 1793 με
1657 1766 1685 1792 ln
1695 1764 1863 1792 novissimis

1042 1816 1145 1844 diebus
1160 1814 1308 1843 elfundam
1325 1822 1359 1841 ex
1377 1813 1486 1848 Spiritu
1504 1820 1577 1838 meo.
1601 1822 1609 1833 α
1637 1810 1744 1838 Μαι-σά.
1761 1810 1863 1835 Annon

1041 1869 1109 1897 ergo
1125 1859 1216 1888 Filius
1231 1859 1282 1886 dat
1294 1858 1437 1894 Spiritum
1453 1857 1465 1883 'l
1483 1855 1673 1884 ()rlh.Audisti
1691 1854 1767 1888 quod
1780 1853 1864 1880 Pater

1041 1914 1093 1941 per
1107 1904 1212 1932 Filium
1228 1904 1277 1931 det
1291 1903 1442 1938 Spiritum.
1461 1902 1543 1928 Certo
1560 1908 1625 1926 cum
1651 1899 1734 1925 Pater
1748 1897 1861 1931 dixerit,

1041 1961 1057 1975 α
1073 1950 1103 1978 In
1120 1947 1290 1976 novissimis
1305 1947 1409 1974 diebus
1425 1946 1572 1973 ell'undxun
1590 1944 1624 1970 de
1636 1942 1744 1978 Spiritu
1760 1949 1833 1974 meo,
1847 1953 1861 1965 ››

1040 1994 1131 2022 Filius
1145 1995 1299 2029 postquam
1310 1990 1458 2018 amortuis
1476 1986 1791 2019 resurrexissetﬁixilm
1808 1986 1860 2013 Ac-

1040 2038 1127 2074 cipite
1133 2037 1275 2073 Spiritum
1283 2037 1419 2063 sanctum
1426 2034 1457 2060 ⁸⁸.
1464 2046 1476 2057 n
1487 2033 1585 2060 Marcd.
1596 2032 1634 2059 Ne
1646 2039 1690 2058 me
1703 2030 1791 2066 (quod
1799 2030 1860 2064 jam

1040 2082 1153 2119 pridem
1166 2080 1303 2115 dixi)istis
1311 2078 1486 2114 ambagibus
1499 2078 1636 2104 distincto
1650 2085 1655 2103 :
1669 2076 1717 2102 sed
1730 2074 1861 2106 ostende,

1041 2127 1065 2155 si
1092 2129 1184 2162 potes.
1206 2125 1256 2153 ubi
1278 2124 1420 2159 scriptum
1447 2123 1483 2149 sit
1509 2122 1649 2156 Spiritum
1676 2128 1739 2147 esse
1759 2119 1859 2146 Deum.

1042 2171 1222 2199 Orth.Fatere
1238 2176 1327 2196 unam
1343 2176 1408 2195 esse
1423 2167 1516 2194 Patris
1533 2169 1560 2193 et
1575 2166 1638 2192 Filii
1655 2165 1792 2191 deitatem
1803 2163 1862 2190 sive

1039 2214 1403 2248 substantiam,unumque
1417 2211 1516 2239 consili
1523 2220 1537 2237 u
1544 2219 1569 2237 m
1577 2218 1674 2242 ,unnm
1691 2207 1862 2244 potentiam,

1040 2262 1069 2288 et
1092 2259 1225 2296 gloriam,
1257 2260 1285 2285 et
1306 2259 1376 2284 tunc
1412 2256 1557 2290 intelliges
1581 2254 1653 2280 illud
1691 2253 1724 2279 de
1749 2251 1859 2286 Spiritu

162 2303 233 2329 Μακ.
250 2300 305 2329 Μία
322 2300 418 2336 θεότης
432 2300 515 2329 πάλιν
531 2304 584 2328 ποῦ
603 2302 750 2339 γέγραπται
764 2311 771 2337 ;
797 2303 872 2340 Ὀρθ.
898 2303 984 2339 Ὁμο-

1042 2295 1152 2332 saneto.
1166 2301 1273 2331 Maced.
1290 2301 1344 2329 Ubi
1359 2299 1500 2336 scriptum
1518 2301 1571 2333 cst,
1593 2298 1708 2324 unicam
1723 2305 1785 2323 esse
1801 2295 1860 2322 dei-

162 2344 265 2383 λογεῖς,
295 2343 338 2372 ὅτι
366 2344 392 2373 ἐν
418 2344 491 2381 αὐτῷ
518 2349 641 2374 κατοικεῖ
653 2350 705 2374 πᾶν
720 2347 752 2375 τὸ
766 2346 908 2384 πλήρωμα
935 2351 985 2383 τῆς

162 2389 304 2425 θεότητος,
319 2390 337 2424 ἢ
353 2388 404 2425 οὕς
420 2392 492 2418 Mam.
508 2389 586 2418 Οὕτω
601 2390 761 2429 γέγραπται.
787 2392 861 2429 Ὀρθ.
877 2391 986 2428 ἈλΛην

163 2433 310 2472 ὁμολογεῖς
336 2444 386 2469 την
411 2434 526 2469 θεότητα
547 2437 596 2463 τοῦ
621 2436 737 2473 Ματρὸς,
763 2436 808 2463 καὶ
834 2435 922 2472 ἄλλην
936 2437 987 2471 τὴν

163 2477 279 2514 θεότητα
300 2480 349 2506 τοῦ
373 2479 457 2514 Υἱοῦί
481 2479 553 2508 Max.
578 2479 639 2510 Ναί.
663 2481 734 2518 Ὀρθ.
756 2482 786 2508 ‘H
811 2480 907 2517 θεότης
940 2480 987 2509 οὖν

161 2525 210 2550 τοῦ
226 2523 333 2560 ῐΙατρὸς
349 2522 375 2550 ιν
389 2524 424 2560 τῇ
441 2523 549 2558 θεότητι
563 2526 612 2552 τοῦ
632 2526 715 2559 Υιοῦ;
745 2528 815 2553 Μακ.
832 2525 893 2554 Ναί.
910 2526 985 2563 Ὀρθ.

162 2566 216 2595 Δύο
232 2566 278 2594 οῦν
304 2566 449 2603 θεότητεςς
465 2571 536 2597 Max.
563 2569 594 2597 '0
620 2569 685 2600 Θεὸς
708 2569 753 2597 καὶ
769 2570 878 2607 Πατὴρ,
907 2570 952 2598 καὶ
967 2571 985 2605 ἡ

162 2611 258 2647 θεότης
274 2611 357 2640 αὐτοῦ
372 2612 410 2643 εἷς
426 2612 501 2644 Θεός·
518 2612 563 2640 καὶ
578 2613 593 2641 6
608 2613 673 2644 Θεὸς
686 2614 730 2641 καὶ
745 2614 819 2649 Υἱὸς,
833 2614 878 2642 καὶ
893 2615 911 2649 ἡ
927 2614 987 2642 θεό-

1041 2347 1155 2377 tatem?
1170 2345 1363 2375 Orlh.Fateris
1380 2353 1472 2372 necne
1490 2342 1651 2370 inhabitare
1667 2342 1695 2368 in
1714 2340 1784 2368 Filio
1800 2349 1862 2367 om-

1040 2401 1108 2421 nem
1124 2390 1335 2428 plenitudinem
1344 2388 1461 2417 deitatis
1471 2389 1483 2414 ‘l
1494 2387 1637 2414 Macetha
1653 2386 1795 2420 scriptum
1807 2386 1861 2411 est.

1041 2438 1117 2466 Orth.
1134 2436 1267 2464 Aliamne
1281 2442 1346 2462 esse
1361 2433 1436 2461 diois
1453 2432 1543 2459 Patris
1561 2430 1800 2462 deitatem,a1iam
1813 2429 1863 2456 iti-

1042 2482 1108 2509 dem
1129 2480 1193 2508 Filii
1219 2478 1380 2508 deitatem?
1402 2477 1508 2506 Maced.
1536 2475 1638 2503 Etiam.
1666 2474 1739 2502 Orth.
1768 2474 1863 2501 Deitas

1040 2534 1109 2562 ergo
1130 2524 1225 2553 Patris
1248 2526 1294 2552 est
1321 2522 1351 2550 in
1375 2521 1483 2549 deitate
1510 2520 1598 2547 Filii?
1623 2520 1726 2547 Maced.
1758 2518 1860 2545 Etiam.

1041 2571 1120 2600 Orth.
1141 2570 1208 2597 Duas
1224 2570 1294 2595 sunt
1308 2567 1398 2603 igitur
1412 2565 1559 2593 deitates‘?
1575 2564 1755 2592 .llaccd.l)eus
1770 2565 1798 2590 et
1814 2563 1863 2590 Po-

1041 2618 1096 2648 ter,
1111 2616 1140 2643 et
1154 2612 1248 2641 deitas
1262 2612 1358 2649 ipsius
1371 2613 1416 2639 est
1430 2618 1505 2638 unus
1525 2610 1611 2637 Deus.
1637 2609 1708 2636 Item
1734 2608 1812 2635 Deus
1836 2610 1864 2634 et

197 2705 221 2723 ⁸⁴
235 2705 282 2734 lla
296 2714 358 2739 nu,
373 2706 401 2734 8.
439 2706 462 2724 ⁸⁸
477 2706 580 2735 Matth.
598 2715 641 2741 ιιι,
658 2708 701 2735 17.
739 2708 762 2726 ⁸⁸
775 2708 849 2742 Josl,
865 2717 896 2743 ιι,
911 2709 956 2737 28.

1042 2708 1088 2736 l‘it.
1105 2716 1148 2744 ιιι,
1164 2707 1191 2742 4,
1205 2707 1234 2735 5.
1271 2706 1293 2724 ⁸⁸
1307 2706 1392 2734 Joan.
1408 2713 1455 2738 xx,
1471 2706 1515 2731 22.

200 2815 240 2858 ρ)
254 2815 338 2858 MSS”
352 2815 402 2849 τὴν
411 2815 518 2858 γενεάν.
537 2814 689 2858 Εᾶῖΐί,.τῂν
705 2813 816 2858 γίνεσιν.

200 2815 241 2886 (ίζ
254 2815 338 2858 Mss”
352 2815 402 2849 τὴν
411 2815 518 2881 Εγενεάν.
537 2815 624 2851 Editi,
640 2815 689 2849 τὴν
705 2815 775 2853 γίνειι

200 2853 230 2886 (2
256 2854 305 2880 810
321 2858 394 2881 mss.
436 2851 488 2881 diti
502 2859 581 2887 vero,
594 2852 644 2879 τοῦ
657 2850 775 2888 Πατρός.

1081 2815 1119 2852 (3)
1134 2817 1179 2852 lta
1194 2822 1266 2852 mss.
1279 2813 1357 2852 Editi
1370 2820 1448 2852 vero,
1466 2809 1620 2847 Ιῐνεύματός
1640 2819 1702 2845 μου.
1717 2808 1747 2836 Ὀ
1764 2806 1791 2834 δὶ
1801 2806 1862 2835 Υἱὸς

1043 2849 1167 2886 ἀναστάς,
1183 2850 1303 2879 omissis
1319 2849 1430 2877 multis.
