  <div class='ocr_page' id='page_1' title='image "/cluster/home/n/w/nwhite01/storage/ocr_20150623/28/hvd.32044052794351/611.png"; bbox 0 0 4092 6218; ppageno 0'>
   <div class='ocr_carea' id='block_1_1' title="bbox 320 285 3763 360">
    <p class='ocr_par' dir='ltr' id='par_1_1' title="bbox 320 285 3763 360">
     <span class='ocr_line' id='line_1_1' title="bbox 320 285 3763 360; baseline 0.004 -17"><span class='ocrx_word' id='word_1_1' title='bbox 320 285 466 347; x_wconf 80' lang='grc'><strong>1211</strong></span> <span class='ocrx_word' id='word_1_2' title='bbox 1492 299 1556 355; x_wconf 93' lang='lat' dir='ltr'><strong>S.</strong></span> <span class='ocrx_word' id='word_1_3' title='bbox 1603 296 2129 360; x_wconf 85' lang='lat' dir='ltr'><strong>ATHANASIUS.</strong></span> <span class='ocrx_word' id='word_1_4' title='bbox 2153 328 2233 340; x_wconf 95' lang='lat'><strong>—</strong></span> <span class='ocrx_word' id='word_1_5' title='bbox 2260 294 2571 357; x_wconf 81' lang='lat' dir='ltr'><strong>SPURIA.</strong></span> <span class='ocrx_word' id='word_1_6' title='bbox 3588 298 3763 357; x_wconf 58' lang='grc'><strong>121⁵1</strong></span> 
     </span>
    </p>
   </div>
   <div class='ocr_carea' id='block_1_2' title="bbox 318 418 1934 501">
    <p class='ocr_par' dir='ltr' id='par_1_2' title="bbox 318 418 1934 501">
     <span class='ocr_line' id='line_1_2' title="bbox 318 418 1934 501; baseline 0.006 -28"><span class='ocrx_word' id='word_1_7' title='bbox 318 418 522 487; x_wconf 89' lang='lat' dir='ltr'><strong>Filius,</strong></span> <span class='ocrx_word' id='word_1_8' title='bbox 555 424 612 476; x_wconf 86' lang='lat' dir='ltr'><strong>et</strong></span> <span class='ocrx_word' id='word_1_9' title='bbox 641 421 827 480; x_wconf 85' lang='lat' dir='ltr'><strong>deitas</strong></span> <span class='ocrx_word' id='word_1_10' title='bbox 850 425 976 496; x_wconf 85' lang='lat' dir='ltr'><strong>ejus</strong></span> <span class='ocrx_word' id='word_1_11' title='bbox 998 430 1082 482; x_wconf 88' lang='lat' dir='ltr'><strong>est</strong></span> <span class='ocrx_word' id='word_1_12' title='bbox 1108 444 1260 484; x_wconf 89' lang='lat' dir='ltr'><strong>unus</strong></span> <span class='ocrx_word' id='word_1_13' title='bbox 1284 428 1435 484; x_wconf 88' lang='lat' dir='ltr'><strong>Deus</strong></span> <span class='ocrx_word' id='word_1_14' title='bbox 1471 446 1483 484; x_wconf 87' lang='lat'><strong>:</strong></span> <span class='ocrx_word' id='word_1_15' title='bbox 1520 432 1831 499; x_wconf 85' lang='lat' dir='ltr'><strong>estque(ut</strong></span> <span class='ocrx_word' id='word_1_16' title='bbox 1852 428 1934 501; x_wconf 88' lang='lat' dir='ltr'><strong>pri</strong></span> 
     </span>
    </p>
   </div>
   <div class='ocr_carea' id='block_1_3' title="bbox 2134 418 3750 501">
    <p class='ocr_par' dir='ltr' id='par_1_3' title="bbox 2134 422 3750 497">
     <span class='ocr_line' id='line_1_3' title="bbox 2134 422 3750 497; baseline 0 -18"><span class='ocrx_word' id='word_1_17' title='bbox 2134 447 2175 497; x_wconf 65' lang='grc' dir='ltr'>ις</span> <span class='ocrx_word' id='word_1_18' title='bbox 2202 425 2386 494; x_wconf 73' lang='grc' dir='ltr'>αὐτοῦ,</span> <span class='ocrx_word' id='word_1_19' title='bbox 2421 423 2494 484; x_wconf 77' lang='grc' dir='ltr'>εἷς</span> <span class='ocrx_word' id='word_1_20' title='bbox 2527 424 2673 486; x_wconf 84' lang='grc' dir='ltr'>Θεός·</span> <span class='ocrx_word' id='word_1_21' title='bbox 2706 425 2793 479; x_wconf 83' lang='grc' dir='ltr'><strong>καὶ</strong></span> <span class='ocrx_word' id='word_1_22' title='bbox 2826 422 2987 482; x_wconf 68' lang='grc' dir='ltr'>ἔστιν.</span> <span class='ocrx_word' id='word_1_23' title='bbox 3037 426 3109 486; x_wconf 86' lang='grc' dir='ltr'>ὡς</span> <span class='ocrx_word' id='word_1_24' title='bbox 3140 425 3227 480; x_wconf 77' lang='grc' dir='ltr'><strong>καὶ</strong></span> <span class='ocrx_word' id='word_1_25' title='bbox 3260 423 3428 480; x_wconf 78' lang='grc' dir='ltr'>πάλαι</span> <span class='ocrx_word' id='word_1_26' title='bbox 3462 424 3640 495; x_wconf 77' lang='grc' dir='ltr'>εἶπον,</span> <span class='ocrx_word' id='word_1_27' title='bbox 3662 427 3750 488; x_wconf 72' lang='grc' dir='ltr'>εἷς</span> 
     </span>
    </p>
   </div>
   <div class='ocr_carea' id='block_1_4' title="bbox 321 508 1937 580">
    <p class='ocr_par' dir='ltr' id='par_1_4' title="bbox 321 508 1019 580">
     <span class='ocr_line' id='line_1_4' title="bbox 321 508 1019 580; baseline 0.01 -18"><span class='ocrx_word' id='word_1_28' title='bbox 321 508 453 563; x_wconf 81' lang='lat' dir='ltr'><strong>dem</strong></span> <span class='ocrx_word' id='word_1_29' title='bbox 489 510 627 580; x_wconf 83' lang='lat' dir='ltr'><strong>dixi)</strong></span> <span class='ocrx_word' id='word_1_30' title='bbox 662 529 815 568; x_wconf 88' lang='lat' dir='ltr'><strong>unus</strong></span> <span class='ocrx_word' id='word_1_31' title='bbox 846 514 1019 569; x_wconf 88' lang='lat' dir='ltr'><strong>Deus.</strong></span> 
     </span>
    </p>
   </div>
   <div class='ocr_carea' id='block_1_5' title="bbox 851 508 2467 580">
    <p class='ocr_par' dir='ltr' id='par_1_5' title="bbox 851 514 2467 577">
     <span class='ocr_line' id='line_1_5' title="bbox 851 514 2467 577; baseline 0.001 -9"><span class='ocrx_word' id='word_1_32' title='bbox 851 514 1019 569; x_wconf 88' lang='lat' dir='ltr'><strong>Deus.</strong></span> <span class='ocrx_word' id='word_1_33' title='bbox 2085 515 2175 571; x_wconf 72' lang='grc' dir='ltr'><strong>καὶ</strong></span> <span class='ocrx_word' id='word_1_34' title='bbox 2209 518 2284 576; x_wconf 81' lang='grc' dir='ltr'>εἷς</span> <span class='ocrx_word' id='word_1_35' title='bbox 2318 515 2467 577; x_wconf 84' lang='grc' dir='ltr'>Θεός.</span> 
     </span>
    </p>
   </div>
   <div class='ocr_carea' id='block_1_6' title="bbox 397 601 2013 682">
    <p class='ocr_par' dir='ltr' id='par_1_6' title="bbox 397 601 1972 679">
     <span class='ocr_line' id='line_1_6' title="bbox 397 601 1972 679; baseline 0.006 -26"><span class='ocrx_word' id='word_1_36' title='bbox 397 603 551 654; x_wconf 73' lang='grc'><strong>444</strong></span> <span class='ocrx_word' id='word_1_37' title='bbox 581 601 633 654; x_wconf 85' lang='grc'><strong>6.</strong></span> <span class='ocrx_word' id='word_1_38' title='bbox 669 602 817 656; x_wconf 79' lang='lat' dir='ltr'><strong>Orth.</strong></span> <span class='ocrx_word' id='word_1_39' title='bbox 848 603 989 658; x_wconf 88' lang='lat' dir='ltr'><strong>Cum</strong></span> <span class='ocrx_word' id='word_1_40' title='bbox 1023 621 1159 677; x_wconf 89' lang='lat' dir='ltr'><strong>ergo</strong></span> <span class='ocrx_word' id='word_1_41' title='bbox 1192 605 1348 661; x_wconf 85' lang='lat' dir='ltr'><strong>Deus</strong></span> <span class='ocrx_word' id='word_1_42' title='bbox 1390 607 1530 661; x_wconf 80' lang='lat' dir='ltr'>dicit</span> <span class='ocrx_word' id='word_1_43' title='bbox 1574 624 1676 679; x_wconf 91' lang='lat' dir='ltr'><strong>per</strong></span> <span class='ocrx_word' id='word_1_44' title='bbox 1726 606 1972 679; x_wconf 83' lang='lat' dir='ltr'><strong>prophe-</strong></span> 
     </span>
    </p>
   </div>
   <div class='ocr_carea' id='block_1_7' title="bbox 2134 601 3750 682">
    <p class='ocr_par' dir='ltr' id='par_1_7' title="bbox 2156 601 3750 682">
     <span class='ocr_line' id='line_1_7' title="bbox 2156 601 3750 682; baseline -0.002 -22"><span class='ocrx_word' id='word_1_45' title='bbox 2156 608 2208 660; x_wconf 84' lang='grc'><strong>6.</strong></span> <span class='ocrx_word' id='word_1_46' title='bbox 2240 605 2386 680; x_wconf 82' lang='grc' dir='ltr'>Ὁρθ.</span> <span class='ocrx_word' id='word_1_47' title='bbox 2423 604 2544 661; x_wconf 78' lang='grc' dir='ltr'><strong>Ἐὰν</strong></span> <span class='ocrx_word' id='word_1_48' title='bbox 2578 604 2668 658; x_wconf 80' lang='grc' dir='ltr'><strong>οὗν</strong></span> <span class='ocrx_word' id='word_1_49' title='bbox 2703 602 2836 680; x_wconf 79' lang='grc' dir='ltr'><strong>λέγῃ</strong></span> <span class='ocrx_word' id='word_1_50' title='bbox 2889 604 2916 658; x_wconf 86' lang='lat'><strong>6</strong></span> <span class='ocrx_word' id='word_1_51' title='bbox 2977 605 3105 665; x_wconf 86' lang='grc' dir='ltr'>Θεὸς</span> <span class='ocrx_word' id='word_1_52' title='bbox 3163 601 3251 658; x_wconf 66' lang='grc' dir='ltr'><strong>διὰ</strong></span> <span class='ocrx_word' id='word_1_53' title='bbox 3306 608 3404 659; x_wconf 71' lang='grc' dir='ltr'>τοῦ</span> <span class='ocrx_word' id='word_1_54' title='bbox 3448 606 3750 682; x_wconf 66' lang='grc' dir='ltr'>προεργςτου</span> 
     </span>
    </p>
   </div>
   <div class='ocr_carea' id='block_1_8' title="bbox 322 688 1938 769">
    <p class='ocr_par' dir='ltr' id='par_1_8' title="bbox 322 688 1938 767">
     <span class='ocr_line' id='line_1_8' title="bbox 322 688 1938 767; baseline 0.006 -26"><span class='ocrx_word' id='word_1_55' title='bbox 322 692 439 742; x_wconf 87' lang='lat' dir='ltr'><strong>tam</strong></span> <span class='ocrx_word' id='word_1_56' title='bbox 474 688 686 745; x_wconf 84' lang='lat' dir='ltr'><strong>Isaiam</strong></span> <span class='ocrx_word' id='word_1_57' title='bbox 723 708 735 745; x_wconf 89' lang='lat'>:</span> <span class='ocrx_word' id='word_1_58' title='bbox 773 715 797 739; x_wconf 83' lang='grc' dir='ltr'><strong>α</strong></span> <span class='ocrx_word' id='word_1_59' title='bbox 837 693 951 765; x_wconf 82' lang='lat' dir='ltr'><strong>Ego</strong></span> <span class='ocrx_word' id='word_1_60' title='bbox 983 711 1113 749; x_wconf 89' lang='lat' dir='ltr'><strong>sum</strong></span> <span class='ocrx_word' id='word_1_61' title='bbox 1167 700 1335 762; x_wconf 91' lang='lat' dir='ltr'><strong>Deus,</strong></span> <span class='ocrx_word' id='word_1_62' title='bbox 1372 714 1475 751; x_wconf 90' lang='lat' dir='ltr'><strong>nec</strong></span> <span class='ocrx_word' id='word_1_63' title='bbox 1508 695 1657 751; x_wconf 87' lang='lat' dir='ltr'><strong>alius</strong></span> <span class='ocrx_word' id='word_1_64' title='bbox 1705 702 1795 751; x_wconf 91' lang='lat' dir='ltr'><strong>est</strong></span> <span class='ocrx_word' id='word_1_65' title='bbox 1829 713 1938 767; x_wconf 75' lang='lat' dir='ltr'><strong>pra:</strong></span> 
     </span>
    </p>
   </div>
   <div class='ocr_carea' id='block_1_9' title="bbox 2131 688 3747 769">
    <p class='ocr_par' dir='ltr' id='par_1_9' title="bbox 2131 689 3747 769">
     <span class='ocr_line' id='line_1_9' title="bbox 2131 689 3747 769; baseline -0.002 -20"><span class='ocrx_word' id='word_1_66' title='bbox 2131 692 2327 749; x_wconf 71' lang='grc' dir='ltr'>Ισαίου¹</span> <span class='ocrx_word' id='word_1_67' title='bbox 2367 716 2392 747; x_wconf 75' lang='grc' dir='ltr'>ι</span> <span class='ocrx_word' id='word_1_68' title='bbox 2424 694 2565 768; x_wconf 86' lang='grc' dir='ltr'>Ἐγὼ</span> <span class='ocrx_word' id='word_1_69' title='bbox 2599 695 2626 749; x_wconf 98' lang='lat'><strong>6</strong></span> <span class='ocrx_word' id='word_1_70' title='bbox 2657 695 2808 761; x_wconf 77' lang='grc' dir='ltr'>Θεὸς,</span> <span class='ocrx_word' id='word_1_71' title='bbox 2840 693 2928 747; x_wconf 84' lang='grc' dir='ltr'><strong>καὶ</strong></span> <span class='ocrx_word' id='word_1_72' title='bbox 2962 694 3061 747; x_wconf 78' lang='grc' dir='ltr'><strong>οὐκ</strong></span> <span class='ocrx_word' id='word_1_73' title='bbox 3100 689 3214 747; x_wconf 66' lang='grc' dir='ltr'>ἔστι</span> <span class='ocrx_word' id='word_1_74' title='bbox 3264 693 3427 769; x_wconf 72' lang='grc' dir='ltr'>παρὲξ</span> <span class='ocrx_word' id='word_1_75' title='bbox 3458 692 3598 765; x_wconf 69' lang='grc' dir='ltr'>ἐμοῦ</span> <span class='ocrx_word' id='word_1_76' title='bbox 3632 696 3747 746; x_wconf 82' lang='grc' dir='ltr'><strong>σώ-</strong></span> 
     </span>
    </p>
   </div>
   <div class='ocr_carea' id='block_1_10' title="bbox 322 779 1938 859">
    <p class='ocr_par' dir='ltr' id='par_1_10' title="bbox 322 779 1938 852">
     <span class='ocr_line' id='line_1_10' title="bbox 322 779 1938 852; baseline 0.004 -22"><span class='ocrx_word' id='word_1_77' title='bbox 322 781 410 831; x_wconf 89' lang='lat' dir='ltr'><strong>ter</strong></span> <span class='ocrx_word' id='word_1_78' title='bbox 442 794 533 831; x_wconf 87' lang='lat' dir='ltr'><strong>me</strong></span> <span class='ocrx_word' id='word_1_79' title='bbox 565 780 664 850; x_wconf 78' lang='lat' dir='ltr'><strong>qui</strong></span> <span class='ocrx_word' id='word_1_80' title='bbox 696 779 921 835; x_wconf 89' lang='lat' dir='ltr'><strong>salvum</strong></span> <span class='ocrx_word' id='word_1_81' title='bbox 965 782 1175 851; x_wconf 77' lang='lat' dir='ltr'><strong>faciat;</strong></span> <span class='ocrx_word' id='word_1_82' title='bbox 1211 785 1573 852; x_wconf 87' lang='lat' dir='ltr'><strong>annuntiavi,</strong></span> <span class='ocrx_word' id='word_1_83' title='bbox 1626 790 1683 840; x_wconf 88' lang='lat' dir='ltr'><strong>et</strong></span> <span class='ocrx_word' id='word_1_84' title='bbox 1730 787 1938 840; x_wconf 75' lang='lat' dir='ltr'><strong>servavi</strong></span> 
     </span>
    </p>
   </div>
   <div class='ocr_carea' id='block_1_11' title="bbox 2127 779 3743 859">
    <p class='ocr_par' dir='ltr' id='par_1_11' title="bbox 2127 779 3743 859">
     <span class='ocr_line' id='line_1_11' title="bbox 2127 779 3743 859; baseline 0 -24"><span class='ocrx_word' id='word_1_85' title='bbox 2127 804 2213 853; x_wconf 72' lang='grc' dir='ltr'>ιον,</span> <span class='ocrx_word' id='word_1_86' title='bbox 2248 781 2567 859; x_wconf 78' lang='grc' dir='ltr'>ἀνήγγειλα,</span> <span class='ocrx_word' id='word_1_87' title='bbox 2599 782 2689 837; x_wconf 84' lang='grc' dir='ltr'><strong>καὶ</strong></span> <span class='ocrx_word' id='word_1_88' title='bbox 2721 781 2912 853; x_wconf 80' lang='grc' dir='ltr'>ἔσωσα,</span> <span class='ocrx_word' id='word_1_89' title='bbox 2941 782 3031 837; x_wconf 80' lang='grc' dir='ltr'><strong>καὶ</strong></span> <span class='ocrx_word' id='word_1_90' title='bbox 3065 779 3334 853; x_wconf 59' lang='grc' dir='ltr'>ὠνείδισα,</span> <span class='ocrx_word' id='word_1_91' title='bbox 3378 782 3467 835; x_wconf 79' lang='grc' dir='ltr'><strong>καὶ</strong></span> <span class='ocrx_word' id='word_1_92' title='bbox 3515 782 3616 836; x_wconf 64' lang='grc' dir='ltr'><strong>οὐκ</strong></span> <span class='ocrx_word' id='word_1_93' title='bbox 3670 786 3743 850; x_wconf 68' lang='grc' dir='ltr'><strong>ἦν</strong></span> 
     </span>
    </p>
   </div>
   <div class='ocr_carea' id='block_1_12' title="bbox 328 868 1944 948">
    <p class='ocr_par' dir='ltr' id='par_1_12' title="bbox 328 869 1944 939">
     <span class='ocr_line' id='line_1_12' title="bbox 328 869 1944 939; baseline 0.007 -20"><span class='ocrx_word' id='word_1_94' title='bbox 328 871 385 920; x_wconf 86' lang='lat' dir='ltr'><strong>et</strong></span> <span class='ocrx_word' id='word_1_95' title='bbox 415 869 776 939; x_wconf 82' lang='lat' dir='ltr'><strong>exprobravi,</strong></span> <span class='ocrx_word' id='word_1_96' title='bbox 813 888 914 925; x_wconf 89' lang='lat' dir='ltr'><strong>nec</strong></span> <span class='ocrx_word' id='word_1_97' title='bbox 940 877 1061 926; x_wconf 88' lang='lat' dir='ltr'><strong>erat</strong></span> <span class='ocrx_word' id='word_1_98' title='bbox 1083 872 1236 928; x_wconf 85' lang='lat' dir='ltr'><strong>inter</strong></span> <span class='ocrx_word' id='word_1_99' title='bbox 1258 891 1356 928; x_wconf 88' lang='lat' dir='ltr'><strong>vos</strong></span> <span class='ocrx_word' id='word_1_100' title='bbox 1382 875 1700 931; x_wconf 67' lang='lat' dir='ltr'><strong>alienus“:</strong></span> <span class='ocrx_word' id='word_1_101' title='bbox 1728 899 1753 923; x_wconf 82' lang='lat'>»</span> <span class='ocrx_word' id='word_1_102' title='bbox 1778 880 1944 930; x_wconf 86' lang='lat' dir='ltr'><strong>utrun</strong></span> 
     </span>
    </p>
   </div>
   <div class='ocr_carea' id='block_1_13' title="bbox 2132 868 3748 948">
    <p class='ocr_par' dir='ltr' id='par_1_13' title="bbox 2132 868 3748 948">
     <span class='ocr_line' id='line_1_13' title="bbox 2132 868 3748 948; baseline -0.002 -22"><span class='ocrx_word' id='word_1_103' title='bbox 2132 895 2136 915; x_wconf 71' lang='grc' dir='ltr'><strong>ι</strong></span> <span class='ocrx_word' id='word_1_104' title='bbox 2201 873 2325 944; x_wconf 80' lang='grc' dir='ltr'>ὑμῖν</span> <span class='ocrx_word' id='word_1_105' title='bbox 2383 868 2691 948; x_wconf 56' lang='grc' dir='ltr'>ἀλλότριος</span> <span class='ocrx_word' id='word_1_106' title='bbox 2752 897 2778 923; x_wconf 86' lang='grc'><strong>››</strong></span> <span class='ocrx_word' id='word_1_107' title='bbox 2835 872 2953 927; x_wconf 90' lang='grc' dir='ltr'>τίνα</span> <span class='ocrx_word' id='word_1_108' title='bbox 2998 871 3172 926; x_wconf 78' lang='grc' dir='ltr'>αὐτῶν</span> <span class='ocrx_word' id='word_1_109' title='bbox 3217 871 3289 933; x_wconf 75' lang='grc' dir='ltr'>εἷς</span> <span class='ocrx_word' id='word_1_110' title='bbox 3341 871 3432 926; x_wconf 85' lang='grc' dir='ltr'><strong>καὶ</strong></span> <span class='ocrx_word' id='word_1_111' title='bbox 3470 870 3544 932; x_wconf 80' lang='grc' dir='ltr'>εἷς</span> <span class='ocrx_word' id='word_1_112' title='bbox 3604 870 3748 925; x_wconf 64' lang='grc' dir='ltr'>εἶναι</span> 
     </span>
    </p>
   </div>
   <div class='ocr_carea' id='block_1_14' title="bbox 328 955 1944 1038">
    <p class='ocr_par' dir='ltr' id='par_1_14' title="bbox 328 955 1944 1029">
     <span class='ocr_line' id='line_1_14' title="bbox 328 955 1944 1029; baseline 0.007 -21"><span class='ocrx_word' id='word_1_113' title='bbox 328 955 573 1010; x_wconf 89' lang='lat' dir='ltr'><strong>istorum</strong></span> <span class='ocrx_word' id='word_1_114' title='bbox 610 973 735 1012; x_wconf 85' lang='lat' dir='ltr'><strong>esse</strong></span> <span class='ocrx_word' id='word_1_115' title='bbox 769 960 1025 1029; x_wconf 83' lang='lat' dir='ltr'><strong>vis,quos</strong></span> <span class='ocrx_word' id='word_1_116' title='bbox 1060 979 1242 1017; x_wconf 86' lang='lat' dir='ltr'><strong>unum</strong></span> <span class='ocrx_word' id='word_1_117' title='bbox 1276 968 1329 1017; x_wconf 87' lang='lat' dir='ltr'><strong>et</strong></span> <span class='ocrx_word' id='word_1_118' title='bbox 1358 981 1540 1017; x_wconf 90' lang='lat' dir='ltr'><strong>unum</strong></span> <span class='ocrx_word' id='word_1_119' title='bbox 1576 963 1944 1019; x_wconf 80' lang='lat' dir='ltr'><strong>dicis?Maced</strong></span> 
     </span>
    </p>
   </div>
   <div class='ocr_carea' id='block_1_15' title="bbox 2132 955 3748 1038">
    <p class='ocr_par' dir='ltr' id='par_1_15' title="bbox 2132 959 3748 1038">
     <span class='ocr_line' id='line_1_15' title="bbox 2132 959 3748 1038; baseline -0.001 -23"><span class='ocrx_word' id='word_1_120' title='bbox 2132 959 2295 1031; x_wconf 71' lang='grc' dir='ltr'>ιλεις;</span> <span class='ocrx_word' id='word_1_121' title='bbox 2328 964 2471 1019; x_wconf 90' lang='grc' dir='ltr'>Μακ.</span> <span class='ocrx_word' id='word_1_122' title='bbox 2506 963 2569 1018; x_wconf 72' lang='grc' dir='ltr'><strong>Ὀ</strong></span> <span class='ocrx_word' id='word_1_123' title='bbox 2603 964 2787 1038; x_wconf 72' lang='grc' dir='ltr'>Πατὴρ</span> <span class='ocrx_word' id='word_1_124' title='bbox 2823 959 2911 1016; x_wconf 74' lang='grc' dir='ltr'>διὰ</span> <span class='ocrx_word' id='word_1_125' title='bbox 2939 966 3035 1015; x_wconf 78' lang='grc' dir='ltr'><strong>τοῦ</strong></span> <span class='ocrx_word' id='word_1_126' title='bbox 3090 962 3219 1015; x_wconf 80' lang='grc' dir='ltr'>Υἱοῦ</span> <span class='ocrx_word' id='word_1_127' title='bbox 3251 962 3434 1029; x_wconf 83' lang='grc' dir='ltr'>σώζει.</span> <span class='ocrx_word' id='word_1_128' title='bbox 3469 962 3619 1035; x_wconf 82' lang='grc' dir='ltr'>Ὀρθ.</span> <span class='ocrx_word' id='word_1_129' title='bbox 3649 962 3748 1021; x_wconf 69' lang='grc' dir='ltr'><strong>Εἷς</strong></span> 
     </span>
    </p>
   </div>
   <div class='ocr_carea' id='block_1_16' title="bbox 328 1045 1944 1126">
    <p class='ocr_par' dir='ltr' id='par_1_16' title="bbox 328 1049 1942 1125">
     <span class='ocr_line' id='line_1_16' title="bbox 328 1049 1942 1125; baseline 0.006 -27"><span class='ocrx_word' id='word_1_130' title='bbox 328 1049 498 1100; x_wconf 86' lang='lat' dir='ltr'><strong>Pater</strong></span> <span class='ocrx_word' id='word_1_131' title='bbox 528 1051 719 1101; x_wconf 89' lang='lat' dir='ltr'><strong>servat</strong></span> <span class='ocrx_word' id='word_1_132' title='bbox 752 1066 851 1119; x_wconf 88' lang='lat' dir='ltr'><strong>per</strong></span> <span class='ocrx_word' id='word_1_133' title='bbox 884 1049 1279 1107; x_wconf 80' lang='lat' dir='ltr'><strong>Filium.0rth.</strong></span> <span class='ocrx_word' id='word_1_134' title='bbox 1317 1053 1476 1107; x_wconf 84' lang='lat' dir='ltr'><strong>Unus</strong></span> <span class='ocrx_word' id='word_1_135' title='bbox 1497 1070 1632 1125; x_wconf 87' lang='lat' dir='ltr'><strong>ergo</strong></span> <span class='ocrx_word' id='word_1_136' title='bbox 1665 1054 1817 1109; x_wconf 84' lang='lat' dir='ltr'><strong>Deus</strong></span> <span class='ocrx_word' id='word_1_137' title='bbox 1849 1070 1942 1109; x_wconf 90' lang='lat' dir='ltr'><strong>ser</strong></span> 
     </span>
    </p>
   </div>
   <div class='ocr_carea' id='block_1_17' title="bbox 2136 1045 3752 1126">
    <p class='ocr_par' dir='ltr' id='par_1_17' title="bbox 2136 1045 3752 1126">
     <span class='ocr_line' id='line_1_17' title="bbox 2136 1045 3752 1126; baseline -0.001 -22"><span class='ocrx_word' id='word_1_138' title='bbox 2136 1071 2185 1105; x_wconf 81' lang='grc' dir='ltr'>&gt;α</span> <span class='ocrx_word' id='word_1_139' title='bbox 2214 1051 2338 1112; x_wconf 83' lang='grc' dir='ltr'><strong>Θεὸς</strong></span> <span class='ocrx_word' id='word_1_140' title='bbox 2370 1052 2398 1106; x_wconf 92' lang='lat'><strong>6</strong></span> <span class='ocrx_word' id='word_1_141' title='bbox 2446 1050 2632 1120; x_wconf 83' lang='grc' dir='ltr'>σώζων</span> <span class='ocrx_word' id='word_1_142' title='bbox 2690 1052 2877 1126; x_wconf 78' lang='grc' dir='ltr'>Πατὴρ</span> <span class='ocrx_word' id='word_1_143' title='bbox 2936 1052 3026 1105; x_wconf 81' lang='grc' dir='ltr'><strong>καὶ</strong></span> <span class='ocrx_word' id='word_1_144' title='bbox 3082 1045 3226 1112; x_wconf 81' lang='grc' dir='ltr'><strong>Υἱός.</strong></span> <span class='ocrx_word' id='word_1_145' title='bbox 3291 1052 3435 1107; x_wconf 85' lang='grc' dir='ltr'>Μακ.</span> <span class='ocrx_word' id='word_1_146' title='bbox 3469 1051 3525 1102; x_wconf 87' lang='grc' dir='ltr'><strong>Ὃ</strong></span> <span class='ocrx_word' id='word_1_147' title='bbox 3579 1048 3752 1110; x_wconf 71' lang='grc' dir='ltr'>αὐτὸς</span> 
     </span>
    </p>
   </div>
   <div class='ocr_carea' id='block_1_18' title="bbox 324 1136 1940 1215">
    <p class='ocr_par' dir='ltr' id='par_1_18' title="bbox 324 1136 1940 1215">
     <span class='ocr_line' id='line_1_18' title="bbox 324 1136 1940 1215; baseline 0.006 -27"><span class='ocrx_word' id='word_1_148' title='bbox 324 1152 467 1189; x_wconf 89' lang='lat' dir='ltr'><strong>vans</strong></span> <span class='ocrx_word' id='word_1_149' title='bbox 499 1136 667 1189; x_wconf 82' lang='lat' dir='ltr'><strong>Pater</strong></span> <span class='ocrx_word' id='word_1_150' title='bbox 696 1141 870 1207; x_wconf 88' lang='lat' dir='ltr'><strong>atque</strong></span> <span class='ocrx_word' id='word_1_151' title='bbox 901 1138 1103 1195; x_wconf 87' lang='lat' dir='ltr'><strong>Filius.</strong></span> <span class='ocrx_word' id='word_1_152' title='bbox 1140 1140 1344 1196; x_wconf 75' lang='lat' dir='ltr'><strong>Maced.</strong></span> <span class='ocrx_word' id='word_1_153' title='bbox 1382 1142 1540 1198; x_wconf 86' lang='lat' dir='ltr'>Idem</span> <span class='ocrx_word' id='word_1_154' title='bbox 1588 1142 1771 1215; x_wconf 80' lang='lat' dir='ltr'><strong>igitur</strong></span> <span class='ocrx_word' id='word_1_155' title='bbox 1800 1147 1940 1197; x_wconf 84' lang='lat' dir='ltr'><strong>este</strong></span> 
     </span>
    </p>
   </div>
   <div class='ocr_carea' id='block_1_19' title="bbox 2129 1136 3745 1215">
    <p class='ocr_par' dir='ltr' id='par_1_19' title="bbox 2129 1139 3745 1215">
     <span class='ocr_line' id='line_1_19' title="bbox 2129 1139 3745 1215; baseline -0.002 -20"><span class='ocrx_word' id='word_1_156' title='bbox 2129 1139 2175 1195; x_wconf 74' lang='lat' dir='ltr'><strong>5v</strong></span> <span class='ocrx_word' id='word_1_157' title='bbox 2232 1141 2319 1194; x_wconf 90' lang='grc' dir='ltr'><strong>καὶ</strong></span> <span class='ocrx_word' id='word_1_158' title='bbox 2380 1142 2569 1214; x_wconf 73' lang='grc' dir='ltr'>Πατήρ</span> <span class='ocrx_word' id='word_1_159' title='bbox 2628 1139 2737 1194; x_wconf 81' lang='grc' dir='ltr'>ἐστι</span> <span class='ocrx_word' id='word_1_160' title='bbox 2785 1140 2875 1194; x_wconf 84' lang='grc' dir='ltr'><strong>καὶ</strong></span> <span class='ocrx_word' id='word_1_161' title='bbox 2908 1139 3053 1201; x_wconf 70' lang='grc' dir='ltr'>Υἱός.</span> <span class='ocrx_word' id='word_1_162' title='bbox 3090 1141 3237 1214; x_wconf 80' lang='grc' dir='ltr'>Ὀρθ.</span> <span class='ocrx_word' id='word_1_163' title='bbox 3271 1140 3362 1207; x_wconf 76' lang='grc' dir='ltr'>Μὴ</span> <span class='ocrx_word' id='word_1_164' title='bbox 3392 1140 3607 1215; x_wconf 71' lang='grc' dir='ltr'>γένοιτο</span> <span class='ocrx_word' id='word_1_165' title='bbox 3665 1139 3745 1191; x_wconf 78' lang='grc' dir='ltr'>εἶ-</span> 
     </span>
    </p>
   </div>
   <div class='ocr_carea' id='block_1_20' title="bbox 324 1225 1940 1307">
    <p class='ocr_par' dir='ltr' id='par_1_20' title="bbox 324 1225 1940 1287">
     <span class='ocr_line' id='line_1_20' title="bbox 324 1225 1940 1287; baseline 0.006 -10"><span class='ocrx_word' id='word_1_166' title='bbox 324 1226 496 1278; x_wconf 85' lang='lat' dir='ltr'><strong>Pater</strong></span> <span class='ocrx_word' id='word_1_167' title='bbox 526 1228 583 1278; x_wconf 84' lang='lat' dir='ltr'><strong>et</strong></span> <span class='ocrx_word' id='word_1_168' title='bbox 633 1225 833 1281; x_wconf 87' lang='lat' dir='ltr'><strong>Filius.</strong></span> <span class='ocrx_word' id='word_1_169' title='bbox 890 1227 1041 1283; x_wconf 85' lang='lat' dir='ltr'><strong>Orth.</strong></span> <span class='ocrx_word' id='word_1_170' title='bbox 1102 1231 1269 1285; x_wconf 77' lang='lat' dir='ltr'><strong>Absit</strong></span> <span class='ocrx_word' id='word_1_171' title='bbox 1318 1236 1380 1285; x_wconf 91' lang='lat' dir='ltr'><strong>ut</strong></span> <span class='ocrx_word' id='word_1_172' title='bbox 1429 1234 1532 1287; x_wconf 86' lang='lat' dir='ltr'><strong>hoc</strong></span> <span class='ocrx_word' id='word_1_173' title='bbox 1582 1232 1810 1287; x_wconf 86' lang='lat' dir='ltr'><strong>dicam!</strong></span> <span class='ocrx_word' id='word_1_174' title='bbox 1866 1233 1940 1286; x_wconf 72' lang='lat' dir='ltr'><strong>Sc«</strong></span> 
     </span>
    </p>
   </div>
   <div class='ocr_carea' id='block_1_21' title="bbox 2129 1225 3745 1307">
    <p class='ocr_par' dir='ltr' id='par_1_21' title="bbox 2130 1227 3745 1307">
     <span class='ocr_line' id='line_1_21' title="bbox 2130 1227 3745 1307; baseline -0.003 -22"><span class='ocrx_word' id='word_1_175' title='bbox 2130 1231 2233 1285; x_wconf 73' lang='lat' dir='ltr'><strong>aiv!</strong></span> <span class='ocrx_word' id='word_1_176' title='bbox 2295 1228 2420 1285; x_wconf 78' lang='grc' dir='ltr'>ἀλλ’</span> <span class='ocrx_word' id='word_1_177' title='bbox 2481 1229 2661 1307; x_wconf 84' lang='grc' dir='ltr'>ὥσπερ</span> <span class='ocrx_word' id='word_1_178' title='bbox 2710 1230 2762 1283; x_wconf 75' lang='grc' dir='ltr'>οἱ</span> <span class='ocrx_word' id='word_1_179' title='bbox 2811 1229 2862 1283; x_wconf 80' lang='grc' dir='ltr'>ἐν</span> <span class='ocrx_word' id='word_1_180' title='bbox 2919 1234 3135 1304; x_wconf 77' lang='grc' dir='ltr'>Χριστῷ</span> <span class='ocrx_word' id='word_1_181' title='bbox 3176 1227 3599 1302; x_wconf 66' lang='grc' dir='ltr'><strong>κατηρτισμένοι</strong></span> <span class='ocrx_word' id='word_1_182' title='bbox 3662 1229 3745 1281; x_wconf 72' lang='grc' dir='ltr'>εἷς</span> 
     </span>
    </p>
   </div>
   <div class='ocr_carea' id='block_1_22' title="bbox 328 1314 1944 1394">
    <p class='ocr_par' dir='ltr' id='par_1_22' title="bbox 328 1314 1944 1391">
     <span class='ocr_line' id='line_1_22' title="bbox 328 1314 1944 1391; baseline 0.004 -24"><span class='ocrx_word' id='word_1_183' title='bbox 328 1314 826 1384; x_wconf 83' lang='lat' dir='ltr'><strong>quemadmodum</strong></span> <span class='ocrx_word' id='word_1_184' title='bbox 851 1316 905 1369; x_wconf 89' lang='lat' dir='ltr'><strong>in</strong></span> <span class='ocrx_word' id='word_1_185' title='bbox 941 1318 1170 1374; x_wconf 84' lang='lat' dir='ltr'><strong>Christo</strong></span> <span class='ocrx_word' id='word_1_186' title='bbox 1196 1320 1429 1391; x_wconf 81' lang='lat' dir='ltr'><strong>perfecti</strong></span> <span class='ocrx_word' id='word_1_187' title='bbox 1448 1338 1599 1376; x_wconf 87' lang='lat' dir='ltr'><strong>unus</strong></span> <span class='ocrx_word' id='word_1_188' title='bbox 1619 1338 1944 1388; x_wconf 72' lang='lat' dir='ltr'><strong>sumus,n01</strong></span> 
     </span>
    </p>
   </div>
   <div class='ocr_carea' id='block_1_23' title="bbox 2131 1314 3747 1394">
    <p class='ocr_par' dir='ltr' id='par_1_23' title="bbox 2131 1314 3747 1394">
     <span class='ocr_line' id='line_1_23' title="bbox 2131 1314 3747 1394; baseline -0.001 -25"><span class='ocrx_word' id='word_1_189' title='bbox 2131 1340 2264 1392; x_wconf 66' lang='grc' dir='ltr'>ιμεν,</span> <span class='ocrx_word' id='word_1_190' title='bbox 2298 1319 2360 1372; x_wconf 79' lang='grc' dir='ltr'>οὑ</span> <span class='ocrx_word' id='word_1_191' title='bbox 2429 1319 2847 1394; x_wconf 66' lang='grc' dir='ltr'>συγκεχυμένων</span> <span class='ocrx_word' id='word_1_192' title='bbox 2897 1323 3002 1373; x_wconf 77' lang='grc' dir='ltr'><strong>τῶν</strong></span> <span class='ocrx_word' id='word_1_193' title='bbox 3059 1318 3423 1387; x_wconf 79' lang='grc' dir='ltr'>ὑποστάσεων,</span> <span class='ocrx_word' id='word_1_194' title='bbox 3481 1314 3631 1369; x_wconf 79' lang='grc' dir='ltr'><strong>ἀλλᾶ</strong></span> <span class='ocrx_word' id='word_1_195' title='bbox 3662 1320 3747 1386; x_wconf 81' lang='grc' dir='ltr'>τῷ</span> 
     </span>
    </p>
   </div>
   <div class='ocr_carea' id='block_1_24' title="bbox 328 1402 1944 1485">
    <p class='ocr_par' dir='ltr' id='par_1_24' title="bbox 328 1402 1941 1475">
     <span class='ocr_line' id='line_1_24' title="bbox 328 1402 1941 1475; baseline 0.006 -21"><span class='ocrx_word' id='word_1_196' title='bbox 328 1402 588 1457; x_wconf 82' lang='lat' dir='ltr'><strong>contusis</strong></span> <span class='ocrx_word' id='word_1_197' title='bbox 620 1402 1057 1475; x_wconf 85' lang='lat' dir='ltr'><strong>hypostasibus,</strong></span> <span class='ocrx_word' id='word_1_198' title='bbox 1093 1408 1191 1462; x_wconf 91' lang='lat' dir='ltr'><strong>sed</strong></span> <span class='ocrx_word' id='word_1_199' title='bbox 1227 1408 1449 1464; x_wconf 79' lang='lat' dir='ltr'><strong>ratione</strong></span> <span class='ocrx_word' id='word_1_200' title='bbox 1499 1409 1697 1464; x_wconf 86' lang='lat' dir='ltr'><strong>habita</strong></span> <span class='ocrx_word' id='word_1_201' title='bbox 1727 1424 1941 1464; x_wconf 84' lang='lat' dir='ltr'><strong>censen</strong></span> 
     </span>
    </p>
   </div>
   <div class='ocr_carea' id='block_1_25' title="bbox 2124 1402 3740 1485">
    <p class='ocr_par' dir='ltr' id='par_1_25' title="bbox 2124 1402 3740 1485">
     <span class='ocr_line' id='line_1_25' title="bbox 2124 1402 3740 1485; baseline -0.003 -23"><span class='ocrx_word' id='word_1_202' title='bbox 2124 1408 2235 1481; x_wconf 83' lang='grc' dir='ltr'><strong>ὁγῳ</strong></span> <span class='ocrx_word' id='word_1_203' title='bbox 2263 1414 2362 1476; x_wconf 79' lang='grc' dir='ltr'>τῆς</span> <span class='ocrx_word' id='word_1_204' title='bbox 2396 1406 2710 1485; x_wconf 69' lang='grc' dir='ltr'>συμφωνίας</span> <span class='ocrx_word' id='word_1_205' title='bbox 2753 1406 2843 1462; x_wconf 80' lang='grc' dir='ltr'><strong>καὶ</strong></span> <span class='ocrx_word' id='word_1_206' title='bbox 2892 1414 2992 1475; x_wconf 80' lang='grc' dir='ltr'><strong>τῆς</strong></span> <span class='ocrx_word' id='word_1_207' title='bbox 3041 1405 3272 1484; x_wconf 76' lang='grc' dir='ltr'>φύσεως,</span> <span class='ocrx_word' id='word_1_208' title='bbox 3322 1402 3490 1479; x_wconf 70' lang='grc' dir='ltr'>ἤγουν</span> <span class='ocrx_word' id='word_1_209' title='bbox 3527 1405 3740 1459; x_wconf 73' lang='grc' dir='ltr'>οὓσίαε·</span> 
     </span>
    </p>
   </div>
   <div class='ocr_carea' id='block_1_26' title="bbox 330 1490 1946 1571">
    <p class='ocr_par' dir='ltr' id='par_1_26' title="bbox 330 1490 1946 1553">
     <span class='ocr_line' id='line_1_26' title="bbox 330 1490 1946 1553; baseline 0.004 -9"><span class='ocrx_word' id='word_1_210' title='bbox 330 1490 513 1545; x_wconf 87' lang='lat' dir='ltr'><strong>sionis</strong></span> <span class='ocrx_word' id='word_1_211' title='bbox 543 1495 599 1545; x_wconf 90' lang='lat' dir='ltr'><strong>et</strong></span> <span class='ocrx_word' id='word_1_212' title='bbox 630 1495 848 1546; x_wconf 71' lang='lat' dir='ltr'><strong>natura:</strong></span> <span class='ocrx_word' id='word_1_213' title='bbox 872 1493 991 1549; x_wconf 89' lang='lat' dir='ltr'><strong>sive</strong></span> <span class='ocrx_word' id='word_1_214' title='bbox 1010 1496 1352 1552; x_wconf 67' lang='lat' dir='ltr'><strong>substantiae</strong></span> <span class='ocrx_word' id='word_1_215' title='bbox 1388 1517 1398 1553; x_wconf 95' lang='lat'>:</span> <span class='ocrx_word' id='word_1_216' title='bbox 1435 1498 1515 1552; x_wconf 89' lang='lat' dir='ltr'><strong>ita</strong></span> <span class='ocrx_word' id='word_1_217' title='bbox 1547 1498 1768 1553; x_wconf 82' lang='lat' dir='ltr'><strong>Patrem</strong></span> <span class='ocrx_word' id='word_1_218' title='bbox 1802 1502 1857 1552; x_wconf 89' lang='lat' dir='ltr'><strong>et</strong></span> <span class='ocrx_word' id='word_1_219' title='bbox 1883 1497 1946 1551; x_wconf 15' lang='lat' dir='ltr'><strong>Fit</strong></span> 
     </span>
    </p>
   </div>
   <div class='ocr_carea' id='block_1_27' title="bbox 2131 1490 3747 1571">
    <p class='ocr_par' dir='ltr' id='par_1_27' title="bbox 2131 1492 3747 1571">
     <span class='ocr_line' id='line_1_27' title="bbox 2131 1492 3747 1571; baseline -0.001 -21"><span class='ocrx_word' id='word_1_220' title='bbox 2131 1495 2255 1557; x_wconf 67' lang='lat' dir='ltr'><strong>ira);</strong></span> <span class='ocrx_word' id='word_1_221' title='bbox 2288 1496 2501 1571; x_wconf 67' lang='grc' dir='ltr'>Πατέρα</span> <span class='ocrx_word' id='word_1_222' title='bbox 2530 1495 2617 1549; x_wconf 75' lang='grc' dir='ltr'><strong>καὶ</strong></span> <span class='ocrx_word' id='word_1_223' title='bbox 2651 1496 2773 1550; x_wconf 78' lang='grc' dir='ltr'>Υἱὸν</span> <span class='ocrx_word' id='word_1_224' title='bbox 2805 1494 2892 1550; x_wconf 78' lang='grc' dir='ltr'>ὲνα</span> <span class='ocrx_word' id='word_1_225' title='bbox 2924 1495 3051 1551; x_wconf 86' lang='grc' dir='ltr'>Θεὸν</span> <span class='ocrx_word' id='word_1_226' title='bbox 3099 1493 3242 1569; x_wconf 68' lang='grc' dir='ltr'>λέγω</span> <span class='ocrx_word' id='word_1_227' title='bbox 3299 1497 3366 1564; x_wconf 78' lang='grc' dir='ltr'>τῇ</span> <span class='ocrx_word' id='word_1_228' title='bbox 3426 1492 3585 1567; x_wconf 79' lang='grc' dir='ltr'><strong>λόγῳ</strong></span> <span class='ocrx_word' id='word_1_229' title='bbox 3638 1495 3747 1561; x_wconf 70' lang='grc' dir='ltr'>τῆς</span> 
     </span>
    </p>
   </div>
   <div class='ocr_carea' id='block_1_28' title="bbox 328 1578 1944 1662">
    <p class='ocr_par' dir='ltr' id='par_1_28' title="bbox 328 1578 1944 1649">
     <span class='ocr_line' id='line_1_28' title="bbox 328 1578 1944 1649; baseline 0.006 -17"><span class='ocrx_word' id='word_1_230' title='bbox 328 1578 474 1634; x_wconf 88' lang='lat' dir='ltr'><strong>lium</strong></span> <span class='ocrx_word' id='word_1_231' title='bbox 507 1580 633 1635; x_wconf 86' lang='lat' dir='ltr'>dico</span> <span class='ocrx_word' id='word_1_232' title='bbox 667 1598 845 1636; x_wconf 89' lang='lat' dir='ltr'><strong>unum</strong></span> <span class='ocrx_word' id='word_1_233' title='bbox 885 1587 1083 1649; x_wconf 89' lang='lat' dir='ltr'><strong>Deum,</strong></span> <span class='ocrx_word' id='word_1_234' title='bbox 1119 1585 1317 1641; x_wconf 84' lang='lat' dir='ltr'><strong>habita</strong></span> <span class='ocrx_word' id='word_1_235' title='bbox 1358 1587 1579 1642; x_wconf 79' lang='lat' dir='ltr'><strong>ratione</strong></span> <span class='ocrx_word' id='word_1_236' title='bbox 1628 1587 1944 1642; x_wconf 71' lang='lat' dir='ltr'><strong>substantia</strong></span> 
     </span>
    </p>
   </div>
   <div class='ocr_carea' id='block_1_29' title="bbox 2123 1578 3739 1662">
    <p class='ocr_par' dir='ltr' id='par_1_29' title="bbox 2123 1581 3739 1662">
     <span class='ocr_line' id='line_1_29' title="bbox 2123 1581 3739 1662; baseline -0.004 -22"><span class='ocrx_word' id='word_1_237' title='bbox 2123 1586 2268 1648; x_wconf 77' lang='grc' dir='ltr'>ὗσίας</span> <span class='ocrx_word' id='word_1_238' title='bbox 2298 1586 2515 1650; x_wconf 76' lang='grc' dir='ltr'>καὶτῆς</span> <span class='ocrx_word' id='word_1_239' title='bbox 2549 1585 2881 1662; x_wconf 64' lang='grc' dir='ltr'>συμφωνίας.</span> <span class='ocrx_word' id='word_1_240' title='bbox 2931 1586 3075 1641; x_wconf 64' lang='lat' dir='ltr'><strong>Max.</strong></span> <span class='ocrx_word' id='word_1_241' title='bbox 3129 1583 3226 1637; x_wconf 80' lang='grc' dir='ltr'><strong>Καὶ</strong></span> <span class='ocrx_word' id='word_1_242' title='bbox 3278 1585 3442 1655; x_wconf 80' lang='grc' dir='ltr'>ἡμεῖς</span> <span class='ocrx_word' id='word_1_243' title='bbox 3500 1581 3739 1655; x_wconf 72' lang='grc' dir='ltr'>λὲγομεν</span> 
     </span>
    </p>
   </div>
   <div class='ocr_carea' id='block_1_30' title="bbox 332 1669 1948 1752">
    <p class='ocr_par' dir='ltr' id='par_1_30' title="bbox 332 1669 1940 1747">
     <span class='ocr_line' id='line_1_30' title="bbox 332 1669 1940 1747; baseline 0.005 -25"><span class='ocrx_word' id='word_1_244' title='bbox 332 1673 388 1722; x_wconf 87' lang='lat' dir='ltr'><strong>et</strong></span> <span class='ocrx_word' id='word_1_245' title='bbox 416 1669 839 1725; x_wconf 88' lang='lat' dir='ltr'><strong>consensionis.</strong></span> <span class='ocrx_word' id='word_1_246' title='bbox 868 1674 1071 1728; x_wconf 83' lang='lat' dir='ltr'><strong>Maced.</strong></span> <span class='ocrx_word' id='word_1_247' title='bbox 1109 1675 1221 1730; x_wconf 86' lang='lat' dir='ltr'><strong>Nos</strong></span> <span class='ocrx_word' id='word_1_248' title='bbox 1252 1692 1483 1747; x_wconf 83' lang='lat' dir='ltr'><strong>quoque</strong></span> <span class='ocrx_word' id='word_1_249' title='bbox 1517 1694 1691 1732; x_wconf 86' lang='lat' dir='ltr'><strong>uuam</strong></span> <span class='ocrx_word' id='word_1_250' title='bbox 1727 1694 1940 1732; x_wconf 86' lang='lat' dir='ltr'><strong>censen</strong></span> 
     </span>
    </p>
   </div>
   <div class='ocr_carea' id='block_1_31' title="bbox 2126 1669 3742 1752">
    <p class='ocr_par' dir='ltr' id='par_1_31' title="bbox 2133 1670 3742 1752">
     <span class='ocr_line' id='line_1_31' title="bbox 2133 1670 3742 1752; baseline -0.004 -23"><span class='ocrx_word' id='word_1_251' title='bbox 2133 1674 2209 1729; x_wconf 88' lang='grc' dir='ltr'><strong>ίαν</strong></span> <span class='ocrx_word' id='word_1_252' title='bbox 2245 1673 2577 1752; x_wconf 76' lang='grc' dir='ltr'>συμφωνίαν.</span> <span class='ocrx_word' id='word_1_253' title='bbox 2637 1675 2781 1750; x_wconf 87' lang='grc' dir='ltr'>Ὀρθ.</span> <span class='ocrx_word' id='word_1_254' title='bbox 2843 1673 2977 1730; x_wconf 66' lang='grc' dir='ltr'><strong>Εἰπὲ</strong></span> <span class='ocrx_word' id='word_1_255' title='bbox 3018 1672 3107 1727; x_wconf 85' lang='grc' dir='ltr'><strong>καὶ</strong></span> <span class='ocrx_word' id='word_1_256' title='bbox 3163 1671 3413 1742; x_wconf 82' lang='grc' dir='ltr'>θεότητα,</span> <span class='ocrx_word' id='word_1_257' title='bbox 3472 1670 3565 1724; x_wconf 84' lang='grc' dir='ltr'><strong>καὶ</strong></span> <span class='ocrx_word' id='word_1_258' title='bbox 3622 1670 3742 1724; x_wconf 80' lang='grc' dir='ltr'><strong>σώ-</strong></span> 
     </span>
    </p>
   </div>
   <div class='ocr_carea' id='block_1_32' title="bbox 331 1758 1947 1869">
    <p class='ocr_par' dir='ltr' id='par_1_32' title="bbox 331 1758 1943 1831">
     <span class='ocr_line' id='line_1_32' title="bbox 331 1758 1943 1831; baseline 0.006 -20"><span class='ocrx_word' id='word_1_259' title='bbox 331 1758 552 1813; x_wconf 89' lang='lat' dir='ltr'><strong>sionem</strong></span> <span class='ocrx_word' id='word_1_260' title='bbox 589 1758 858 1814; x_wconf 80' lang='lat' dir='ltr'><strong>fatemur.</strong></span> <span class='ocrx_word' id='word_1_261' title='bbox 896 1762 1044 1817; x_wconf 83' lang='lat' dir='ltr'><strong>0rlh.</strong></span> <span class='ocrx_word' id='word_1_262' title='bbox 1087 1763 1182 1819; x_wconf 92' lang='lat' dir='ltr'><strong>Dic</strong></span> <span class='ocrx_word' id='word_1_263' title='bbox 1231 1765 1405 1820; x_wconf 90' lang='lat' dir='ltr'><strong>etiam</strong></span> <span class='ocrx_word' id='word_1_264' title='bbox 1443 1766 1737 1831; x_wconf 85' lang='lat' dir='ltr'><strong>deitatem,</strong></span> <span class='ocrx_word' id='word_1_265' title='bbox 1771 1772 1828 1821; x_wconf 88' lang='lat' dir='ltr'><strong>et</strong></span> <span class='ocrx_word' id='word_1_266' title='bbox 1856 1766 1943 1821; x_wconf 89' lang='lat' dir='ltr'><strong>sal</strong></span> 
     </span>
    </p>
   </div>
   <div class='ocr_carea' id='block_1_33' title="bbox 2122 1758 3738 1869">
    <p class='ocr_par' dir='ltr' id='par_1_33' title="bbox 2122 1760 3738 1869">
     <span class='ocr_line' id='line_1_33' title="bbox 2122 1760 3738 1836; baseline -0.006 -17"><span class='ocrx_word' id='word_1_267' title='bbox 2122 1786 2229 1834; x_wconf 71' lang='grc' dir='ltr'>ητι.</span> <span class='ocrx_word' id='word_1_268' title='bbox 2286 1770 2426 1821; x_wconf 83' lang='grc' dir='ltr'>Μακ.</span> <span class='ocrx_word' id='word_1_269' title='bbox 2514 1762 2651 1818; x_wconf 87' lang='grc' dir='ltr'>Μίαν</span> <span class='ocrx_word' id='word_1_270' title='bbox 2726 1763 2954 1832; x_wconf 78' lang='grc' dir='ltr'>θεότητα</span> <span class='ocrx_word' id='word_1_271' title='bbox 3023 1761 3084 1816; x_wconf 80' lang='grc' dir='ltr'>οὑ</span> <span class='ocrx_word' id='word_1_272' title='bbox 3165 1760 3334 1836; x_wconf 72' lang='grc' dir='ltr'>λέγω.</span> <span class='ocrx_word' id='word_1_273' title='bbox 3406 1762 3551 1835; x_wconf 80' lang='grc' dir='ltr'><strong>Ὀρθ.</strong></span> <span class='ocrx_word' id='word_1_274' title='bbox 3612 1760 3738 1815; x_wconf 66' lang='lat' dir='ltr'><strong>’E‘r;</strong></span> 
     </span>
     <span class='ocr_line' id='line_1_34' title="bbox 2199 1846 3606 1869; baseline 0 0"><span class='ocrx_word' id='word_1_275' title='bbox 2199 1852 2211 1869; x_wconf 85' lang='lat' dir='ltr'><strong><em>I</em></strong></span> <span class='ocrx_word' id='word_1_276' title='bbox 2409 1850 2448 1869; x_wconf 50' lang='grc' dir='ltr'><strong>ΙΝ</strong></span> <span class='ocrx_word' id='word_1_277' title='bbox 2612 1856 2639 1865; x_wconf 70' lang='grc' dir='ltr'><em>ὐ</em></span> <span class='ocrx_word' id='word_1_278' title='bbox 2679 1858 2709 1869; x_wconf 82' lang='grc' dir='ltr'><strong>Λ</strong></span> <span class='ocrx_word' id='word_1_279' title='bbox 2778 1850 2855 1869; x_wconf 56' lang='grc' dir='ltr'><strong>ω’</strong></span> <span class='ocrx_word' id='word_1_280' title='bbox 2963 1854 2988 1866; x_wconf 53' lang='grc' dir='ltr'><em>υ</em></span> <span class='ocrx_word' id='word_1_281' title='bbox 3089 1851 3102 1869; x_wconf 67' lang='grc' dir='ltr'><strong>ε</strong></span> <span class='ocrx_word' id='word_1_282' title='bbox 3156 1855 3180 1865; x_wconf 58' lang='grc' dir='ltr'><strong><em>υ</em></strong></span> <span class='ocrx_word' id='word_1_283' title='bbox 3404 1850 3416 1869; x_wconf 85' lang='grc' dir='ltr'><strong><em>Ι</em></strong></span> <span class='ocrx_word' id='word_1_284' title='bbox 3549 1846 3606 1869; x_wconf 48' lang='grc' dir='ltr'><strong>λθ</strong></span> 
     </span>
    </p>
   </div>
   <div class='ocr_carea' id='block_1_34' title="bbox 329 1846 1945 1927">
    <p class='ocr_par' dir='ltr' id='par_1_34' title="bbox 329 1849 1945 1911">
     <span class='ocr_line' id='line_1_35' title="bbox 329 1849 1945 1911; baseline 0.006 -11"><span class='ocrx_word' id='word_1_285' title='bbox 329 1863 435 1901; x_wconf 88' lang='lat' dir='ltr'><strong>vus</strong></span> <span class='ocrx_word' id='word_1_286' title='bbox 468 1853 610 1903; x_wconf 85' lang='lat' dir='ltr'><strong>esto.</strong></span> <span class='ocrx_word' id='word_1_287' title='bbox 643 1849 844 1904; x_wconf 77' lang='lat' dir='ltr'><strong>Maced.</strong></span> <span class='ocrx_word' id='word_1_288' title='bbox 881 1851 1121 1907; x_wconf 89' lang='lat' dir='ltr'><strong>Unicam</strong></span> <span class='ocrx_word' id='word_1_289' title='bbox 1165 1854 1440 1909; x_wconf 84' lang='lat' dir='ltr'><strong>deitatem</strong></span> <span class='ocrx_word' id='word_1_290' title='bbox 1478 1873 1590 1910; x_wconf 90' lang='lat' dir='ltr'><strong>non</strong></span> <span class='ocrx_word' id='word_1_291' title='bbox 1626 1855 1771 1911; x_wconf 85' lang='lat' dir='ltr'><strong>dico.</strong></span> <span class='ocrx_word' id='word_1_292' title='bbox 1816 1856 1945 1910; x_wconf 81' lang='lat' dir='ltr'><strong>0th</strong></span> 
     </span>
    </p>
   </div>
   <div class='ocr_carea' id='block_1_35' title="bbox 2129 1846 3745 1927">
    <p class='ocr_par' dir='ltr' id='par_1_35' title="bbox 2129 1846 3745 1927">
     <span class='ocr_line' id='line_1_36' title="bbox 2129 1846 3745 1927; baseline -0.004 -20"><span class='ocrx_word' id='word_1_293' title='bbox 2129 1852 2319 1927; x_wconf 65' lang='grc' dir='ltr'>κούσῃς</span> <span class='ocrx_word' id='word_1_294' title='bbox 2351 1850 2513 1906; x_wconf 83' lang='grc' dir='ltr'>πάλιν</span> <span class='ocrx_word' id='word_1_295' title='bbox 2546 1856 2643 1907; x_wconf 78' lang='grc' dir='ltr'>τοῦ</span> <span class='ocrx_word' id='word_1_296' title='bbox 2674 1856 2807 1906; x_wconf 79' lang='grc' dir='ltr'>Θεοῦ</span> <span class='ocrx_word' id='word_1_297' title='bbox 2839 1850 2889 1905; x_wconf 82' lang='grc' dir='ltr'><strong>ἐν</strong></span> <span class='ocrx_word' id='word_1_298' title='bbox 2923 1854 3001 1923; x_wconf 80' lang='grc' dir='ltr'>τῷ</span> <span class='ocrx_word' id='word_1_299' title='bbox 3046 1851 3193 1922; x_wconf 81' lang='grc' dir='ltr'><strong>αὑτῷ</strong></span> <span class='ocrx_word' id='word_1_300' title='bbox 3234 1850 3490 1927; x_wconf 69' lang='grc' dir='ltr'>προφήτῃ</span> <span class='ocrx_word' id='word_1_301' title='bbox 3549 1846 3745 1923; x_wconf 71' lang='grc' dir='ltr'>λὲγον-</span> 
     </span>
    </p>
   </div>
   <div class='ocr_carea' id='block_1_36' title="bbox 330 1935 1946 2016">
    <p class='ocr_par' dir='ltr' id='par_1_36' title="bbox 330 1936 1946 2016">
     <span class='ocr_line' id='line_1_37' title="bbox 330 1936 1946 2016; baseline 0.006 -28"><span class='ocrx_word' id='word_1_302' title='bbox 330 1938 474 1990; x_wconf 87' lang='lat' dir='ltr'><strong>Cum</strong></span> <span class='ocrx_word' id='word_1_303' title='bbox 510 1936 701 2008; x_wconf 89' lang='lat' dir='ltr'><strong>ipsum</strong></span> <span class='ocrx_word' id='word_1_304' title='bbox 734 1939 914 1994; x_wconf 90' lang='lat' dir='ltr'><strong>Deum</strong></span> <span class='ocrx_word' id='word_1_305' title='bbox 972 1958 1205 1997; x_wconf 89' lang='lat' dir='ltr'><strong>rursum</strong></span> <span class='ocrx_word' id='word_1_306' title='bbox 1258 1943 1427 1998; x_wconf 86' lang='lat' dir='ltr'><strong>audis</strong></span> <span class='ocrx_word' id='word_1_307' title='bbox 1478 1944 1766 1999; x_wconf 83' lang='lat' dir='ltr'><strong>dicentem</strong></span> <span class='ocrx_word' id='word_1_308' title='bbox 1819 1962 1946 2016; x_wconf 72' lang='lat' dir='ltr'><strong>apui</strong></span> 
     </span>
    </p>
   </div>
   <div class='ocr_carea' id='block_1_37' title="bbox 2131 1935 3747 2016">
    <p class='ocr_par' dir='ltr' id='par_1_37' title="bbox 2131 1935 3747 2015">
     <span class='ocr_line' id='line_1_38' title="bbox 2131 1935 3747 2015; baseline -0.004 -19"><span class='ocrx_word' id='word_1_309' title='bbox 2131 1963 2197 2012; x_wconf 82' lang='grc' dir='ltr'><strong>›ς,</strong></span> <span class='ocrx_word' id='word_1_310' title='bbox 2232 1967 2259 1994; x_wconf 89' lang='grc'><em>‹‹</em></span> <span class='ocrx_word' id='word_1_311' title='bbox 2311 1942 2450 2015; x_wconf 88' lang='grc' dir='ltr'><strong>Ἐγώ</strong></span> <span class='ocrx_word' id='word_1_312' title='bbox 2510 1942 2623 2014; x_wconf 69' lang='grc' dir='ltr'>εἶμι</span> <span class='ocrx_word' id='word_1_313' title='bbox 2684 1941 2834 2009; x_wconf 84' lang='grc' dir='ltr'>Θεὸς,</span> <span class='ocrx_word' id='word_1_314' title='bbox 2892 1940 2981 1993; x_wconf 69' lang='grc' dir='ltr'><strong>καί</strong></span> <span class='ocrx_word' id='word_1_315' title='bbox 3030 1939 3130 1993; x_wconf 75' lang='grc' dir='ltr'><strong>οὑκ</strong></span> <span class='ocrx_word' id='word_1_316' title='bbox 3176 1936 3320 1993; x_wconf 66' lang='grc' dir='ltr'>ἔστιν</span> <span class='ocrx_word' id='word_1_317' title='bbox 3351 1935 3548 1999; x_wconf 77' lang='grc' dir='ltr'>ἄλλος.</span> <span class='ocrx_word' id='word_1_318' title='bbox 3604 1938 3747 1993; x_wconf 81' lang='grc' dir='ltr'>Κατ’</span> 
     </span>
    </p>
   </div>
   <div class='ocr_carea' id='block_1_38' title="bbox 334 2025 1950 2105">
    <p class='ocr_par' dir='ltr' id='par_1_38' title="bbox 334 2027 1948 2103">
     <span class='ocr_line' id='line_1_39' title="bbox 334 2027 1948 2103; baseline 0.004 -22"><span class='ocrx_word' id='word_1_319' title='bbox 334 2027 604 2081; x_wconf 86' lang='lat' dir='ltr'><strong>eumdem</strong></span> <span class='ocrx_word' id='word_1_320' title='bbox 654 2028 1018 2099; x_wconf 82' lang='lat' dir='ltr'><strong>prophetam,</strong></span> <span class='ocrx_word' id='word_1_321' title='bbox 1067 2054 1093 2079; x_wconf 91' lang='grc'><em>‹‹</em></span> <span class='ocrx_word' id='word_1_322' title='bbox 1149 2033 1264 2103; x_wconf 88' lang='lat' dir='ltr'><strong>Ego</strong></span> <span class='ocrx_word' id='word_1_323' title='bbox 1322 2050 1453 2087; x_wconf 81' lang='lat' dir='ltr'><strong>sum</strong></span> <span class='ocrx_word' id='word_1_324' title='bbox 1511 2035 1681 2103; x_wconf 85' lang='lat' dir='ltr'><strong>Deus,</strong></span> <span class='ocrx_word' id='word_1_325' title='bbox 1734 2051 1839 2089; x_wconf 90' lang='lat' dir='ltr'><strong>nec</strong></span> <span class='ocrx_word' id='word_1_326' title='bbox 1888 2051 1948 2089; x_wconf 89' lang='lat' dir='ltr'><strong>es</strong></span> 
     </span>
    </p>
   </div>
   <div class='ocr_carea' id='block_1_39' title="bbox 2129 2025 3745 2105">
    <p class='ocr_par' dir='ltr' id='par_1_39' title="bbox 2129 2025 3745 2103">
     <span class='ocr_line' id='line_1_40' title="bbox 2129 2025 3745 2103; baseline -0.004 -18"><span class='ocrx_word' id='word_1_327' title='bbox 2129 2034 2323 2085; x_wconf 60' lang='grc' dir='ltr'>εαυτοῦ</span> <span class='ocrx_word' id='word_1_328' title='bbox 2383 2029 2588 2103; x_wconf 69' lang='grc' dir='ltr'>ὀμνύω,</span> <span class='ocrx_word' id='word_1_329' title='bbox 2647 2032 2684 2098; x_wconf 71' lang='grc' dir='ltr'>ἦ</span> <span class='ocrx_word' id='word_1_330' title='bbox 2736 2030 2842 2103; x_wconf 75' lang='grc' dir='ltr'>μὴν</span> <span class='ocrx_word' id='word_1_331' title='bbox 2873 2027 3202 2099; x_wconf 77' lang='grc' dir='ltr'>ἐξελεύσεται</span> <span class='ocrx_word' id='word_1_332' title='bbox 3255 2026 3313 2082; x_wconf 79' lang='grc' dir='ltr'>ἐκ</span> <span class='ocrx_word' id='word_1_333' title='bbox 3340 2032 3437 2082; x_wconf 74' lang='grc' dir='ltr'>τοῦ</span> <span class='ocrx_word' id='word_1_334' title='bbox 3469 2025 3745 2099; x_wconf 69' lang='grc' dir='ltr'>στόματὸς</span> 
     </span>
    </p>
   </div>
   <div class='ocr_carea' id='block_1_40' title="bbox 334 2114 1950 2196">
    <p class='ocr_par' dir='ltr' id='par_1_40' title="bbox 334 2114 1947 2196">
     <span class='ocr_line' id='line_1_41' title="bbox 334 2114 1947 2196; baseline 0.006 -27"><span class='ocrx_word' id='word_1_335' title='bbox 334 2114 485 2170; x_wconf 87' lang='lat' dir='ltr'><strong>alius</strong></span> <span class='ocrx_word' id='word_1_336' title='bbox 505 2116 789 2172; x_wconf 87' lang='lat' dir='ltr'><strong>Deus.Per</strong></span> <span class='ocrx_word' id='word_1_337' title='bbox 820 2119 1232 2191; x_wconf 87' lang='lat' dir='ltr'><strong>memetipsum</strong></span> <span class='ocrx_word' id='word_1_338' title='bbox 1258 2122 1498 2192; x_wconf 71' lang='lat' dir='ltr'><strong>juro,ex</strong></span> <span class='ocrx_word' id='word_1_339' title='bbox 1529 2140 1625 2178; x_wconf 91' lang='lat' dir='ltr'><strong>ore</strong></span> <span class='ocrx_word' id='word_1_340' title='bbox 1659 2140 1787 2178; x_wconf 90' lang='lat' dir='ltr'><strong>meo</strong></span> <span class='ocrx_word' id='word_1_341' title='bbox 1815 2140 1947 2196; x_wconf 87' lang='lat' dir='ltr'><strong>egre</strong></span> 
     </span>
    </p>
   </div>
   <div class='ocr_carea' id='block_1_41' title="bbox 2126 2114 3742 2196">
    <p class='ocr_par' dir='ltr' id='par_1_41' title="bbox 2126 2116 3742 2192">
     <span class='ocr_line' id='line_1_42' title="bbox 2126 2116 3742 2192; baseline -0.004 -18"><span class='ocrx_word' id='word_1_342' title='bbox 2126 2142 2195 2175; x_wconf 84' lang='grc' dir='ltr'>,ου</span> <span class='ocrx_word' id='word_1_343' title='bbox 2227 2117 2562 2189; x_wconf 77' lang='grc' dir='ltr'>δικαιοσύνη·</span> <span class='ocrx_word' id='word_1_344' title='bbox 2608 2119 2657 2172; x_wconf 73' lang='grc' dir='ltr'>οἱ</span> <span class='ocrx_word' id='word_1_345' title='bbox 2691 2117 2845 2192; x_wconf 66' lang='grc' dir='ltr'>λόγοι</span> <span class='ocrx_word' id='word_1_346' title='bbox 2909 2138 3015 2189; x_wconf 89' lang='grc' dir='ltr'><strong>μου</strong></span> <span class='ocrx_word' id='word_1_347' title='bbox 3074 2116 3173 2171; x_wconf 80' lang='grc' dir='ltr'><strong>οὑκ</strong></span> <span class='ocrx_word' id='word_1_348' title='bbox 3232 2116 3742 2192; x_wconf 70' lang='grc' dir='ltr'>ἀπογραφήσονται,</span> 
     </span>
    </p>
   </div>
   <div class='ocr_carea' id='block_1_42' title="bbox 336 2204 1952 2284">
    <p class='ocr_par' dir='ltr' id='par_1_42' title="bbox 336 2205 1952 2284">
     <span class='ocr_line' id='line_1_43' title="bbox 336 2205 1952 2284; baseline 0.005 -27"><span class='ocrx_word' id='word_1_349' title='bbox 336 2205 799 2277; x_wconf 82' lang='lat' dir='ltr'><strong>dieturjustitia,</strong></span> <span class='ocrx_word' id='word_1_350' title='bbox 831 2225 1130 2264; x_wconf 85' lang='lat' dir='ltr'><strong>sermones</strong></span> <span class='ocrx_word' id='word_1_351' title='bbox 1165 2210 1276 2265; x_wconf 82' lang='lat' dir='ltr'><strong>mei</strong></span> <span class='ocrx_word' id='word_1_352' title='bbox 1310 2228 1421 2265; x_wconf 85' lang='lat' dir='ltr'><strong>non</strong></span> <span class='ocrx_word' id='word_1_353' title='bbox 1457 2210 1952 2284; x_wconf 71' lang='lat' dir='ltr'><strong>delebuntur,qui:</strong></span> 
     </span>
    </p>
   </div>
   <div class='ocr_carea' id='block_1_43' title="bbox 2130 2204 3746 2284">
    <p class='ocr_par' dir='ltr' id='par_1_43' title="bbox 2130 2204 3746 2284">
     <span class='ocr_line' id='line_1_44' title="bbox 2130 2204 3746 2284; baseline -0.006 -18"><span class='ocrx_word' id='word_1_354' title='bbox 2130 2233 2171 2266; x_wconf 77' lang='grc' dir='ltr'><strong>τι</strong></span> <span class='ocrx_word' id='word_1_355' title='bbox 2205 2210 2327 2284; x_wconf 79' lang='grc' dir='ltr'>ἐμοὶ</span> <span class='ocrx_word' id='word_1_356' title='bbox 2360 2209 2561 2283; x_wconf 77' lang='grc' dir='ltr'>κάμψει</span> <span class='ocrx_word' id='word_1_357' title='bbox 2594 2214 2695 2263; x_wconf 82' lang='grc' dir='ltr'>πᾶν</span> <span class='ocrx_word' id='word_1_358' title='bbox 2730 2209 2883 2283; x_wconf 85' lang='grc' dir='ltr'>γόνυ,</span> <span class='ocrx_word' id='word_1_359' title='bbox 2946 2232 2973 2258; x_wconf 83' lang='grc'><strong>››</strong></span> <span class='ocrx_word' id='word_1_360' title='bbox 3031 2206 3154 2262; x_wconf 87' lang='grc' dir='ltr'>τίνα</span> <span class='ocrx_word' id='word_1_361' title='bbox 3183 2206 3368 2281; x_wconf 73' lang='grc' dir='ltr'>λὲγεις</span> <span class='ocrx_word' id='word_1_362' title='bbox 3400 2210 3505 2260; x_wconf 79' lang='grc' dir='ltr'>τῶν</span> <span class='ocrx_word' id='word_1_363' title='bbox 3541 2205 3617 2265; x_wconf 77' lang='grc' dir='ltr'>εἷς</span> <span class='ocrx_word' id='word_1_364' title='bbox 3652 2204 3746 2258; x_wconf 86' lang='grc' dir='ltr'><strong>καὶ</strong></span> 
     </span>
    </p>
   </div>
   <div class='ocr_carea' id='block_1_44' title="bbox 336 2290 1952 2375">
    <p class='ocr_par' dir='ltr' id='par_1_44' title="bbox 336 2292 1952 2371">
     <span class='ocr_line' id='line_1_45' title="bbox 336 2292 1952 2371; baseline 0.007 -26"><span class='ocrx_word' id='word_1_365' title='bbox 336 2292 484 2347; x_wconf 87' lang='lat' dir='ltr'><strong>mihi</strong></span> <span class='ocrx_word' id='word_1_366' title='bbox 524 2295 861 2350; x_wconf 85' lang='lat' dir='ltr'><strong>curvabitur</strong></span> <span class='ocrx_word' id='word_1_367' title='bbox 901 2314 1072 2352; x_wconf 91' lang='lat' dir='ltr'><strong>omne</strong></span> <span class='ocrx_word' id='word_1_368' title='bbox 1118 2315 1269 2371; x_wconf 80' lang='lat' dir='ltr'><strong>genu</strong></span> <span class='ocrx_word' id='word_1_369' title='bbox 1320 2302 1383 2369; x_wconf 81' lang='grc' dir='ltr'><strong>⁷ο,</strong></span> <span class='ocrx_word' id='word_1_370' title='bbox 1424 2324 1442 2349; x_wconf 72' lang='grc' dir='ltr'><strong>ν</strong></span> <span class='ocrx_word' id='word_1_371' title='bbox 1497 2303 1687 2357; x_wconf 87' lang='lat' dir='ltr'><strong>utrius</strong></span> <span class='ocrx_word' id='word_1_372' title='bbox 1736 2302 1952 2357; x_wconf 89' lang='lat' dir='ltr'><strong>istorun</strong></span> 
     </span>
    </p>
   </div>
   <div class='ocr_carea' id='block_1_45' title="bbox 2132 2290 3748 2375">
    <p class='ocr_par' dir='ltr' id='par_1_45' title="bbox 2132 2290 3748 2375">
     <span class='ocr_line' id='line_1_46' title="bbox 2132 2290 3748 2375; baseline -0.003 -24"><span class='ocrx_word' id='word_1_373' title='bbox 2132 2301 2164 2361; x_wconf 69' lang='grc' dir='ltr'>ῗς</span> <span class='ocrx_word' id='word_1_374' title='bbox 2195 2299 2463 2375; x_wconf 71' lang='grc' dir='ltr'>εἰρηκέναι</span> <span class='ocrx_word' id='word_1_375' title='bbox 2490 2318 2504 2368; x_wconf 83' lang='grc'><strong>;</strong></span> <span class='ocrx_word' id='word_1_376' title='bbox 2535 2304 2677 2353; x_wconf 89' lang='grc' dir='ltr'>Μακ.</span> <span class='ocrx_word' id='word_1_377' title='bbox 2725 2298 2823 2351; x_wconf 92' lang='grc' dir='ltr'>Τὸν</span> <span class='ocrx_word' id='word_1_378' title='bbox 2869 2296 3008 2351; x_wconf 67' lang='grc' dir='ltr'><strong>Υίόψ</strong></span> <span class='ocrx_word' id='word_1_379' title='bbox 3061 2297 3089 2349; x_wconf 90' lang='lat'><strong>6</strong></span> <span class='ocrx_word' id='word_1_380' title='bbox 3119 2296 3219 2371; x_wconf 83' lang='grc' dir='ltr'><strong>γὰρ</strong></span> <span class='ocrx_word' id='word_1_381' title='bbox 3250 2291 3589 2355; x_wconf 83' lang='grc' dir='ltr'>Ἀπόστολος</span> <span class='ocrx_word' id='word_1_382' title='bbox 3653 2290 3748 2346; x_wconf 79' lang='grc' dir='ltr'><strong>λέ-</strong></span> 
     </span>
    </p>
   </div>
   <div class='ocr_carea' id='block_1_46' title="bbox 333 2381 1949 2463">
    <p class='ocr_par' dir='ltr' id='par_1_46' title="bbox 333 2381 1949 2451">
     <span class='ocr_line' id='line_1_47' title="bbox 333 2381 1949 2451; baseline 0.009 -18"><span class='ocrx_word' id='word_1_383' title='bbox 333 2381 433 2451; x_wconf 89' lang='lat' dir='ltr'><strong>qui</strong></span> <span class='ocrx_word' id='word_1_384' title='bbox 469 2399 620 2435; x_wconf 89' lang='lat' dir='ltr'><strong>unus</strong></span> <span class='ocrx_word' id='word_1_385' title='bbox 653 2388 708 2437; x_wconf 90' lang='lat' dir='ltr'><strong>et</strong></span> <span class='ocrx_word' id='word_1_386' title='bbox 739 2401 891 2440; x_wconf 87' lang='lat' dir='ltr'><strong>unus</strong></span> <span class='ocrx_word' id='word_1_387' title='bbox 915 2390 1053 2441; x_wconf 89' lang='lat' dir='ltr'><strong>sunt</strong></span> <span class='ocrx_word' id='word_1_388' title='bbox 1073 2386 1192 2443; x_wconf 66' lang='lat' dir='ltr'><strong>haec</strong></span> <span class='ocrx_word' id='word_1_389' title='bbox 1214 2390 1388 2444; x_wconf 87' lang='lat' dir='ltr'><strong>verba</strong></span> <span class='ocrx_word' id='word_1_390' title='bbox 1417 2406 1545 2446; x_wconf 87' lang='lat' dir='ltr'><strong>esse</strong></span> <span class='ocrx_word' id='word_1_391' title='bbox 1568 2391 1751 2447; x_wconf 84' lang='lat' dir='ltr'><strong>dices?</strong></span> <span class='ocrx_word' id='word_1_392' title='bbox 1780 2392 1949 2447; x_wconf 78' lang='lat' dir='ltr'><strong>Maced</strong></span> 
     </span>
    </p>
   </div>
   <div class='ocr_carea' id='block_1_47' title="bbox 2131 2381 3747 2463">
    <p class='ocr_par' dir='ltr' id='par_1_47' title="bbox 2131 2382 3747 2459">
     <span class='ocr_line' id='line_1_48' title="bbox 2131 2382 3747 2459; baseline -0.006 -16"><span class='ocrx_word' id='word_1_393' title='bbox 2131 2410 2196 2459; x_wconf 88' lang='grc' dir='ltr'><strong>ει,</strong></span> <span class='ocrx_word' id='word_1_394' title='bbox 2228 2387 2310 2443; x_wconf 80' lang='grc' dir='ltr'>ὅτι</span> <span class='ocrx_word' id='word_1_395' title='bbox 2344 2412 2370 2440; x_wconf 91' lang='grc'><strong>‹‹</strong></span> <span class='ocrx_word' id='word_1_396' title='bbox 2408 2389 2493 2443; x_wconf 89' lang='grc' dir='ltr'><strong>Ἐν</strong></span> <span class='ocrx_word' id='word_1_397' title='bbox 2523 2391 2602 2458; x_wconf 76' lang='grc' dir='ltr'>τῷ</span> <span class='ocrx_word' id='word_1_398' title='bbox 2624 2386 2847 2459; x_wconf 84' lang='grc' dir='ltr'>ὀνόματι</span> <span class='ocrx_word' id='word_1_399' title='bbox 2872 2386 3053 2455; x_wconf 86' lang='grc' dir='ltr'><strong>Ἰησοῦ</strong></span> <span class='ocrx_word' id='word_1_400' title='bbox 3076 2390 3178 2438; x_wconf 74' lang='grc' dir='ltr'><strong>πᾶν</strong></span> <span class='ocrx_word' id='word_1_401' title='bbox 3200 2382 3329 2459; x_wconf 85' lang='grc' dir='ltr'>γόνυ</span> <span class='ocrx_word' id='word_1_402' title='bbox 3349 2382 3552 2456; x_wconf 74' lang='grc' dir='ltr'>κάμψει</span> <span class='ocrx_word' id='word_1_403' title='bbox 3577 2386 3747 2435; x_wconf 69' lang='grc' dir='ltr'>ἐπου-</span> 
     </span>
    </p>
   </div>
   <div class='ocr_carea' id='block_1_48' title="bbox 337 2469 1953 2553">
    <p class='ocr_par' dir='ltr' id='par_1_48' title="bbox 337 2469 1953 2548">
     <span class='ocr_line' id='line_1_49' title="bbox 337 2469 1953 2548; baseline 0.007 -25"><span class='ocrx_word' id='word_1_404' title='bbox 337 2469 486 2524; x_wconf 82' lang='lat' dir='ltr'><strong>Filii.</strong></span> <span class='ocrx_word' id='word_1_405' title='bbox 542 2471 687 2527; x_wconf 83' lang='lat' dir='ltr'><strong>Dicit</strong></span> <span class='ocrx_word' id='word_1_406' title='bbox 736 2474 891 2528; x_wconf 88' lang='lat' dir='ltr'><strong>enim</strong></span> <span class='ocrx_word' id='word_1_407' title='bbox 970 2477 1285 2548; x_wconf 84' lang='lat' dir='ltr'><strong>Apostolus</strong></span> <span class='ocrx_word' id='word_1_408' title='bbox 1336 2496 1410 2531; x_wconf 83' lang='grc'><strong>;‹‹</strong></span> <span class='ocrx_word' id='word_1_409' title='bbox 1463 2481 1524 2535; x_wconf 89' lang='lat' dir='ltr'><strong>In</strong></span> <span class='ocrx_word' id='word_1_410' title='bbox 1564 2481 1799 2536; x_wconf 84' lang='lat' dir='ltr'><strong>nomine</strong></span> <span class='ocrx_word' id='word_1_411' title='bbox 1841 2482 1953 2537; x_wconf 63' lang='grc' dir='ltr'>δεδι</span> 
     </span>
    </p>
   </div>
   <div class='ocr_carea' id='block_1_49' title="bbox 2131 2469 3747 2553">
    <p class='ocr_par' dir='ltr' id='par_1_49' title="bbox 2131 2471 3747 2549">
     <span class='ocr_line' id='line_1_50' title="bbox 2131 2471 3747 2549; baseline -0.005 -18"><span class='ocrx_word' id='word_1_412' title='bbox 2131 2477 2290 2532; x_wconf 83' lang='grc' dir='ltr'>ανίων</span> <span class='ocrx_word' id='word_1_413' title='bbox 2367 2476 2457 2531; x_wconf 81' lang='grc' dir='ltr'><strong>καὶ</strong></span> <span class='ocrx_word' id='word_1_414' title='bbox 2535 2475 2784 2549; x_wconf 80' lang='grc' dir='ltr'>ἐπιγείων</span> <span class='ocrx_word' id='word_1_415' title='bbox 2852 2474 2942 2528; x_wconf 88' lang='grc' dir='ltr'><strong>καὶ</strong></span> <span class='ocrx_word' id='word_1_416' title='bbox 3000 2472 3388 2548; x_wconf 75' lang='grc' dir='ltr'>καταχθονίων·</span> <span class='ocrx_word' id='word_1_417' title='bbox 3444 2471 3532 2525; x_wconf 85' lang='grc' dir='ltr'><strong>καὶ</strong></span> <span class='ocrx_word' id='word_1_418' title='bbox 3595 2476 3747 2524; x_wconf 78' lang='grc' dir='ltr'>πᾶσα</span> 
     </span>
    </p>
   </div>
   <div class='ocr_carea' id='block_1_50' title="bbox 337 2561 1953 2643">
    <p class='ocr_par' dir='ltr' id='par_1_50' title="bbox 337 2562 1949 2635">
     <span class='ocr_line' id='line_1_51' title="bbox 337 2562 1949 2635; baseline 0.007 -22"><span class='ocrx_word' id='word_1_419' title='bbox 337 2576 509 2614; x_wconf 88' lang='lat' dir='ltr'><strong>omne</strong></span> <span class='ocrx_word' id='word_1_420' title='bbox 538 2577 691 2633; x_wconf 85' lang='lat' dir='ltr'><strong>genu</strong></span> <span class='ocrx_word' id='word_1_421' title='bbox 725 2562 989 2618; x_wconf 86' lang='lat' dir='ltr'><strong>ﬂectatur</strong></span> <span class='ocrx_word' id='word_1_422' title='bbox 1020 2564 1367 2635; x_wconf 80' lang='lat' dir='ltr'><strong>ccclestium,</strong></span> <span class='ocrx_word' id='word_1_423' title='bbox 1403 2569 1863 2635; x_wconf 83' lang='lat' dir='ltr'><strong>terrestrium,et</strong></span> <span class='ocrx_word' id='word_1_424' title='bbox 1894 2572 1949 2624; x_wconf 91' lang='lat' dir='ltr'><strong>in</strong></span> 
     </span>
    </p>
   </div>
   <div class='ocr_carea' id='block_1_51' title="bbox 2128 2561 3744 2643">
    <p class='ocr_par' dir='ltr' id='par_1_51' title="bbox 2128 2561 3744 2639">
     <span class='ocr_line' id='line_1_52' title="bbox 2128 2561 3744 2639; baseline -0.007 -17"><span class='ocrx_word' id='word_1_425' title='bbox 2128 2566 2312 2622; x_wconf 81' lang='grc' dir='ltr'>λῶσσα</span> <span class='ocrx_word' id='word_1_426' title='bbox 2341 2562 2828 2639; x_wconf 79' lang='grc' dir='ltr'>ἐξομολογήσεται,</span> <span class='ocrx_word' id='word_1_427' title='bbox 2864 2562 2945 2617; x_wconf 79' lang='grc' dir='ltr'>ὅτι</span> <span class='ocrx_word' id='word_1_428' title='bbox 2998 2562 3193 2637; x_wconf 80' lang='grc' dir='ltr'>Κύριος</span> <span class='ocrx_word' id='word_1_429' title='bbox 3252 2561 3279 2615; x_wconf 83' lang='grc' dir='ltr'>ὀ</span> <span class='ocrx_word' id='word_1_430' title='bbox 3339 2561 3549 2630; x_wconf 71' lang='grc' dir='ltr'>Ἰησοῦς</span> <span class='ocrx_word' id='word_1_431' title='bbox 3607 2564 3744 2633; x_wconf 78' lang='grc' dir='ltr'>Χρι-</span> 
     </span>
    </p>
   </div>
   <div class='ocr_carea' id='block_1_52' title="bbox 338 2646 1954 2730">
    <p class='ocr_par' dir='ltr' id='par_1_52' title="bbox 338 2649 1952 2730">
     <span class='ocr_line' id='line_1_53' title="bbox 338 2649 1952 2730; baseline 0.007 -28"><span class='ocrx_word' id='word_1_432' title='bbox 338 2649 634 2705; x_wconf 84' lang='lat' dir='ltr'><strong>fernorum</strong></span> <span class='ocrx_word' id='word_1_433' title='bbox 662 2656 751 2707; x_wconf 87' lang='lat' dir='ltr'><strong>:ct</strong></span> <span class='ocrx_word' id='word_1_434' title='bbox 782 2652 1190 2727; x_wconf 88' lang='lat' dir='ltr'><strong>omnislingua</strong></span> <span class='ocrx_word' id='word_1_435' title='bbox 1220 2657 1764 2730; x_wconf 83' lang='lat' dir='ltr'><strong>conﬁtebitur,quia</strong></span> <span class='ocrx_word' id='word_1_436' title='bbox 1785 2659 1952 2715; x_wconf 90' lang='lat' dir='ltr'><strong>Domi</strong></span> 
     </span>
    </p>
   </div>
   <div class='ocr_carea' id='block_1_53' title="bbox 2133 2646 3749 2730">
    <p class='ocr_par' dir='ltr' id='par_1_53' title="bbox 2133 2646 3749 2727">
     <span class='ocr_line' id='line_1_54' title="bbox 2133 2646 3749 2727; baseline -0.006 -18"><span class='ocrx_word' id='word_1_437' title='bbox 2133 2655 2216 2717; x_wconf 84' lang='grc' dir='ltr'><strong>τὸς</strong></span> <span class='ocrx_word' id='word_1_438' title='bbox 2246 2654 2321 2716; x_wconf 87' lang='grc' dir='ltr'><strong>εἷς</strong></span> <span class='ocrx_word' id='word_1_439' title='bbox 2355 2652 2506 2724; x_wconf 80' lang='grc' dir='ltr'>δόξαν</span> <span class='ocrx_word' id='word_1_440' title='bbox 2541 2658 2674 2709; x_wconf 76' lang='grc' dir='ltr'>Θεοῦ</span> <span class='ocrx_word' id='word_1_441' title='bbox 2706 2647 2938 2727; x_wconf 81' lang='grc' dir='ltr'>Ιιατρὸς.</span> <span class='ocrx_word' id='word_1_442' title='bbox 2972 2652 3166 2723; x_wconf 75' lang='grc' dir='ltr'>Ἀμήν.</span> <span class='ocrx_word' id='word_1_443' title='bbox 3205 2674 3231 2699; x_wconf 83' lang='grc'><strong>››</strong></span> <span class='ocrx_word' id='word_1_444' title='bbox 3269 2650 3416 2723; x_wconf 82' lang='grc' dir='ltr'>Ὀρθ·</span> <span class='ocrx_word' id='word_1_445' title='bbox 3476 2646 3592 2704; x_wconf 89' lang='grc' dir='ltr'><strong>Μία</strong></span> <span class='ocrx_word' id='word_1_446' title='bbox 3641 2648 3749 2715; x_wconf 72' lang='grc' dir='ltr'><strong>ἄρα</strong></span> 
     </span>
    </p>
   </div>
   <div class='ocr_carea' id='block_1_54' title="bbox 342 2735 1958 2819">
    <p class='ocr_par' dir='ltr' id='par_1_54' title="bbox 342 2740 1958 2816">
     <span class='ocr_line' id='line_1_55' title="bbox 342 2740 1958 2816; baseline 0.007 -25"><span class='ocrx_word' id='word_1_447' title='bbox 342 2756 452 2795; x_wconf 87' lang='lat' dir='ltr'><strong>nus</strong></span> <span class='ocrx_word' id='word_1_448' title='bbox 481 2740 657 2795; x_wconf 87' lang='lat' dir='ltr'><strong>Jesus</strong></span> <span class='ocrx_word' id='word_1_449' title='bbox 689 2740 1037 2798; x_wconf 85' lang='lat' dir='ltr'><strong>Christusad</strong></span> <span class='ocrx_word' id='word_1_450' title='bbox 1061 2744 1304 2816; x_wconf 84' lang='lat' dir='ltr'><strong>gloriam</strong></span> <span class='ocrx_word' id='word_1_451' title='bbox 1334 2746 1433 2802; x_wconf 90' lang='lat' dir='ltr'><strong>Dei</strong></span> <span class='ocrx_word' id='word_1_452' title='bbox 1452 2747 1958 2803; x_wconf 50' lang='lat' dir='ltr'><strong>Patris.Amen.&quot;..</strong></span> 
     </span>
    </p>
   </div>
   <div class='ocr_carea' id='block_1_55' title="bbox 2131 2735 3747 2819">
    <p class='ocr_par' dir='ltr' id='par_1_55' title="bbox 2131 2735 3747 2819">
     <span class='ocr_line' id='line_1_56' title="bbox 2131 2735 3747 2819; baseline -0.007 -18"><span class='ocrx_word' id='word_1_453' title='bbox 2131 2745 2284 2813; x_wconf 82' lang='grc' dir='ltr'>εότης</span> <span class='ocrx_word' id='word_1_454' title='bbox 2320 2744 2528 2819; x_wconf 73' lang='grc' dir='ltr'>[ἰατρὸς</span> <span class='ocrx_word' id='word_1_455' title='bbox 2556 2740 2646 2797; x_wconf 70' lang='grc' dir='ltr'><strong>καῖ</strong></span> <span class='ocrx_word' id='word_1_456' title='bbox 2680 2743 2829 2797; x_wconf 62' lang='lat' dir='ltr'><strong>fici).</strong></span> <span class='ocrx_word' id='word_1_457' title='bbox 2868 2748 3010 2797; x_wconf 82' lang='grc' dir='ltr'>Μακ.</span> <span class='ocrx_word' id='word_1_458' title='bbox 3050 2742 3175 2802; x_wconf 81' lang='grc' dir='ltr'><strong>ΙΙῶς</strong></span> <span class='ocrx_word' id='word_1_459' title='bbox 3201 2769 3215 2809; x_wconf 63' lang='grc' dir='ltr'><strong>ς</strong></span> <span class='ocrx_word' id='word_1_460' title='bbox 3246 2740 3395 2815; x_wconf 84' lang='grc' dir='ltr'>Ὀρθ.</span> <span class='ocrx_word' id='word_1_461' title='bbox 3429 2736 3584 2813; x_wconf 71' lang='grc' dir='ltr'>Λέγει</span> <span class='ocrx_word' id='word_1_462' title='bbox 3617 2735 3747 2809; x_wconf 79' lang='grc' dir='ltr'>γάρ·</span> 
     </span>
    </p>
   </div>
   <div class='ocr_carea' id='block_1_56' title="bbox 343 2826 1959 2908">
    <p class='ocr_par' dir='ltr' id='par_1_56' title="bbox 343 2828 1959 2904">
     <span class='ocr_line' id='line_1_57' title="bbox 343 2828 1959 2904; baseline 0.006 -20"><span class='ocrx_word' id='word_1_463' title='bbox 343 2828 494 2884; x_wconf 84' lang='lat' dir='ltr'><strong>Oth.</strong></span> <span class='ocrx_word' id='word_1_464' title='bbox 530 2829 653 2885; x_wconf 85' lang='lat' dir='ltr'><strong>Una</strong></span> <span class='ocrx_word' id='word_1_465' title='bbox 683 2836 772 2886; x_wconf 88' lang='lat' dir='ltr'><strong>est</strong></span> <span class='ocrx_word' id='word_1_466' title='bbox 800 2831 979 2904; x_wconf 82' lang='lat' dir='ltr'><strong>igitur</strong></span> <span class='ocrx_word' id='word_1_467' title='bbox 1017 2834 1206 2890; x_wconf 88' lang='lat' dir='ltr'><strong>deitas</strong></span> <span class='ocrx_word' id='word_1_468' title='bbox 1245 2835 1432 2890; x_wconf 88' lang='lat' dir='ltr'><strong>Patris</strong></span> <span class='ocrx_word' id='word_1_469' title='bbox 1489 2840 1544 2892; x_wconf 91' lang='lat' dir='ltr'><strong>et</strong></span> <span class='ocrx_word' id='word_1_470' title='bbox 1594 2836 1742 2892; x_wconf 89' lang='lat' dir='ltr'><strong>Filii.</strong></span> <span class='ocrx_word' id='word_1_471' title='bbox 1777 2838 1959 2893; x_wconf 75' lang='lat' dir='ltr'><strong>Maced</strong></span> 
     </span>
    </p>
   </div>
   <div class='ocr_carea' id='block_1_57' title="bbox 2142 2826 3758 2908">
    <p class='ocr_par' dir='ltr' id='par_1_57' title="bbox 2156 2826 3758 2908">
     <span class='ocr_line' id='line_1_58' title="bbox 2156 2826 3758 2908; baseline -0.006 -20"><span class='ocrx_word' id='word_1_472' title='bbox 2156 2834 2298 2908; x_wconf 87' lang='grc' dir='ltr'><strong>Ἐγώ</strong></span> <span class='ocrx_word' id='word_1_473' title='bbox 2328 2832 2440 2905; x_wconf 69' lang='grc' dir='ltr'>εἶμι</span> <span class='ocrx_word' id='word_1_474' title='bbox 2471 2832 2621 2901; x_wconf 87' lang='grc' dir='ltr'>Θεὸς,</span> <span class='ocrx_word' id='word_1_475' title='bbox 2653 2831 2743 2885; x_wconf 82' lang='grc' dir='ltr'><strong>καὶ</strong></span> <span class='ocrx_word' id='word_1_476' title='bbox 2775 2831 2874 2884; x_wconf 72' lang='grc' dir='ltr'><strong>οὐκ</strong></span> <span class='ocrx_word' id='word_1_477' title='bbox 2905 2826 3051 2884; x_wconf 67' lang='grc' dir='ltr'>ἔστιν</span> <span class='ocrx_word' id='word_1_478' title='bbox 3086 2828 3277 2888; x_wconf 76' lang='grc' dir='ltr'>ἄλλος.</span> <span class='ocrx_word' id='word_1_479' title='bbox 3314 2850 3341 2878; x_wconf 86' lang='grc'><strong>››</strong></span> <span class='ocrx_word' id='word_1_480' title='bbox 3389 2828 3456 2883; x_wconf 76' lang='grc' dir='ltr'><em>Ἠ</em></span> <span class='ocrx_word' id='word_1_481' title='bbox 3510 2826 3613 2901; x_wconf 78' lang='grc' dir='ltr'>γὰρ</span> <span class='ocrx_word' id='word_1_482' title='bbox 3673 2847 3758 2899; x_wconf 83' lang='grc' dir='ltr'>γε·</span> 
     </span>
    </p>
   </div>
   <div class='ocr_carea' id='block_1_58' title="bbox 340 2916 1956 2999">
    <p class='ocr_par' dir='ltr' id='par_1_58' title="bbox 340 2919 1956 2997">
     <span class='ocr_line' id='line_1_59' title="bbox 340 2919 1956 2997; baseline 0.007 -26"><span class='ocrx_word' id='word_1_483' title='bbox 340 2919 685 2983; x_wconf 87' lang='lat' dir='ltr'><strong>Quomodo?</strong></span> <span class='ocrx_word' id='word_1_484' title='bbox 717 2920 867 2975; x_wconf 84' lang='lat' dir='ltr'><strong>Orth.</strong></span> <span class='ocrx_word' id='word_1_485' title='bbox 906 2921 1049 2976; x_wconf 86' lang='lat' dir='ltr'><strong>Dicit</strong></span> <span class='ocrx_word' id='word_1_486' title='bbox 1078 2924 1230 2978; x_wconf 84' lang='lat' dir='ltr'><strong>enim</strong></span> <span class='ocrx_word' id='word_1_487' title='bbox 1266 2941 1278 2979; x_wconf 93' lang='lat'>:</span> <span class='ocrx_word' id='word_1_488' title='bbox 1313 2948 1341 2973; x_wconf 72' lang='grc' dir='ltr'><strong>α</strong></span> <span class='ocrx_word' id='word_1_489' title='bbox 1385 2925 1499 2997; x_wconf 88' lang='lat' dir='ltr'><strong>Ego</strong></span> <span class='ocrx_word' id='word_1_490' title='bbox 1542 2942 1672 2981; x_wconf 90' lang='lat' dir='ltr'><strong>sum</strong></span> <span class='ocrx_word' id='word_1_491' title='bbox 1725 2932 1894 2992; x_wconf 87' lang='lat' dir='ltr'><strong>Deus,</strong></span> <span class='ocrx_word' id='word_1_492' title='bbox 1928 2943 1956 2982; x_wconf 90' lang='lat' dir='ltr'><strong>e</strong></span> 
     </span>
    </p>
   </div>
   <div class='ocr_carea' id='block_1_59' title="bbox 2133 2916 3749 2999">
    <p class='ocr_par' dir='ltr' id='par_1_59' title="bbox 2133 2916 3749 2999">
     <span class='ocr_line' id='line_1_60' title="bbox 2133 2916 3749 2999; baseline -0.006 -23"><span class='ocrx_word' id='word_1_493' title='bbox 2133 2922 2315 2995; x_wconf 70' lang='grc' dir='ltr'>ὁμενος</span> <span class='ocrx_word' id='word_1_494' title='bbox 2347 2919 2553 2999; x_wconf 77' lang='grc' dir='ltr'>ἄφρων,</span> <span class='ocrx_word' id='word_1_495' title='bbox 2586 2919 2745 2997; x_wconf 84' lang='grc' dir='ltr'>ἐρεῖς.</span> <span class='ocrx_word' id='word_1_496' title='bbox 2790 2917 2874 2973; x_wconf 80' lang='grc' dir='ltr'><strong>ὅτι</strong></span> <span class='ocrx_word' id='word_1_497' title='bbox 2926 2918 3028 2972; x_wconf 83' lang='grc' dir='ltr'><strong>οὐκ</strong></span> <span class='ocrx_word' id='word_1_498' title='bbox 3078 2916 3192 2971; x_wconf 83' lang='grc' dir='ltr'>’ἐστι</span> <span class='ocrx_word' id='word_1_499' title='bbox 3251 2916 3380 2976; x_wconf 82' lang='grc' dir='ltr'>Θεὸς</span> <span class='ocrx_word' id='word_1_500' title='bbox 3440 2916 3468 2969; x_wconf 89' lang='lat'><strong>6</strong></span> <span class='ocrx_word' id='word_1_501' title='bbox 3532 2916 3749 2985; x_wconf 75' lang='grc' dir='ltr'>Πατήρ·</span> 
     </span>
    </p>
   </div>
   <div class='ocr_carea' id='block_1_60' title="bbox 340 3003 1956 3087">
    <p class='ocr_par' dir='ltr' id='par_1_60' title="bbox 340 3008 1950 3087">
     <span class='ocr_line' id='line_1_61' title="bbox 340 3008 1950 3087; baseline 0.006 -27"><span class='ocrx_word' id='word_1_502' title='bbox 340 3023 452 3061; x_wconf 90' lang='lat' dir='ltr'><strong>non</strong></span> <span class='ocrx_word' id='word_1_503' title='bbox 488 3013 578 3062; x_wconf 87' lang='lat' dir='ltr'><strong>est</strong></span> <span class='ocrx_word' id='word_1_504' title='bbox 608 3008 777 3063; x_wconf 91' lang='lat' dir='ltr'><strong>alius.</strong></span> <span class='ocrx_word' id='word_1_505' title='bbox 810 3030 836 3061; x_wconf 70' lang='grc' dir='ltr'>ι)</span> <span class='ocrx_word' id='word_1_506' title='bbox 874 3015 989 3065; x_wconf 87' lang='lat' dir='ltr'><strong>Aut</strong></span> <span class='ocrx_word' id='word_1_507' title='bbox 1018 3011 1173 3067; x_wconf 89' lang='lat' dir='ltr'><strong>enim</strong></span> <span class='ocrx_word' id='word_1_508' title='bbox 1225 3014 1464 3069; x_wconf 87' lang='lat' dir='ltr'><strong>demens</strong></span> <span class='ocrx_word' id='word_1_509' title='bbox 1516 3015 1703 3070; x_wconf 82' lang='lat' dir='ltr'><strong>factus</strong></span> <span class='ocrx_word' id='word_1_510' title='bbox 1745 3015 1950 3087; x_wconf 84' lang='lat' dir='ltr'><strong>negabi</strong></span> 
     </span>
    </p>
   </div>
   <div class='ocr_carea' id='block_1_61' title="bbox 2129 3003 3745 3087">
    <p class='ocr_par' dir='ltr' id='par_1_61' title="bbox 2163 3003 3745 3086">
     <span class='ocr_line' id='line_1_62' title="bbox 2163 3003 3745 3086; baseline -0.006 -21"><span class='ocrx_word' id='word_1_511' title='bbox 2163 3010 2452 3086; x_wconf 81' lang='grc' dir='ltr'>ὁμολογῶν</span> <span class='ocrx_word' id='word_1_512' title='bbox 2514 3010 2642 3064; x_wconf 88' lang='grc' dir='ltr'>Θεὸν</span> <span class='ocrx_word' id='word_1_513' title='bbox 2700 3010 2789 3063; x_wconf 81' lang='grc' dir='ltr'><strong>τὸν</strong></span> <span class='ocrx_word' id='word_1_514' title='bbox 2848 3008 3080 3082; x_wconf 70' lang='grc' dir='ltr'>Πατέρα,</span> <span class='ocrx_word' id='word_1_515' title='bbox 3139 3006 3229 3060; x_wconf 82' lang='grc' dir='ltr'><strong>καὶ</strong></span> <span class='ocrx_word' id='word_1_516' title='bbox 3288 3005 3417 3060; x_wconf 88' lang='grc' dir='ltr'>Θεὸν</span> <span class='ocrx_word' id='word_1_517' title='bbox 3467 3004 3561 3056; x_wconf 85' lang='grc' dir='ltr'><strong>τὸν</strong></span> <span class='ocrx_word' id='word_1_518' title='bbox 3591 3003 3745 3071; x_wconf 77' lang='grc' dir='ltr'>Υὶὸν,</span> 
     </span>
    </p>
   </div>
   <div class='ocr_carea' id='block_1_62' title="bbox 341 3091 1957 3171">
    <p class='ocr_par' dir='ltr' id='par_1_62' title="bbox 341 3094 1957 3164">
     <span class='ocr_line' id='line_1_63' title="bbox 341 3094 1957 3164; baseline 0.007 -16"><span class='ocrx_word' id='word_1_519' title='bbox 341 3094 568 3149; x_wconf 83' lang='lat' dir='ltr'><strong>Patrem</strong></span> <span class='ocrx_word' id='word_1_520' title='bbox 599 3112 727 3151; x_wconf 84' lang='lat' dir='ltr'><strong>esse</strong></span> <span class='ocrx_word' id='word_1_521' title='bbox 740 3097 943 3164; x_wconf 89' lang='lat' dir='ltr'><strong>Deum,</strong></span> <span class='ocrx_word' id='word_1_522' title='bbox 961 3100 1359 3156; x_wconf 84' lang='lat' dir='ltr'><strong>autconfitens</strong></span> <span class='ocrx_word' id='word_1_523' title='bbox 1374 3103 1601 3159; x_wconf 88' lang='lat' dir='ltr'><strong>Patrem</strong></span> <span class='ocrx_word' id='word_1_524' title='bbox 1626 3120 1754 3159; x_wconf 84' lang='lat' dir='ltr'><strong>esse</strong></span> <span class='ocrx_word' id='word_1_525' title='bbox 1778 3105 1957 3161; x_wconf 88' lang='lat' dir='ltr'><strong>Deum</strong></span> 
     </span>
    </p>
   </div>
   <div class='ocr_carea' id='block_1_63' title="bbox 2136 3091 3752 3171">
    <p class='ocr_par' dir='ltr' id='par_1_63' title="bbox 2136 3091 3752 3171">
     <span class='ocr_line' id='line_1_64' title="bbox 2136 3091 3752 3171; baseline -0.007 -17"><span class='ocrx_word' id='word_1_526' title='bbox 2136 3101 2185 3154; x_wconf 80' lang='lat' dir='ltr'><strong>ui</strong></span> <span class='ocrx_word' id='word_1_527' title='bbox 2218 3097 2429 3153; x_wconf 77' lang='grc' dir='ltr'>ἀκούων</span> <span class='ocrx_word' id='word_1_528' title='bbox 2490 3098 2654 3153; x_wconf 74' lang='grc' dir='ltr'>αὑτοῦ</span> <span class='ocrx_word' id='word_1_529' title='bbox 2703 3095 2979 3171; x_wconf 71' lang='grc' dir='ltr'>λέγοντος,</span> <span class='ocrx_word' id='word_1_530' title='bbox 3026 3119 3054 3147; x_wconf 89' lang='grc'><strong>‹‹</strong></span> <span class='ocrx_word' id='word_1_531' title='bbox 3104 3094 3248 3169; x_wconf 85' lang='grc' dir='ltr'><strong>Ἐγώ</strong></span> <span class='ocrx_word' id='word_1_532' title='bbox 3299 3093 3412 3165; x_wconf 78' lang='grc' dir='ltr'>εἶμι</span> <span class='ocrx_word' id='word_1_533' title='bbox 3445 3092 3599 3158; x_wconf 84' lang='grc' dir='ltr'>Θεὸς,</span> <span class='ocrx_word' id='word_1_534' title='bbox 3657 3091 3752 3145; x_wconf 81' lang='grc' dir='ltr'><strong>καὶ</strong></span> 
     </span>
    </p>
   </div>
   <div class='ocr_carea' id='block_1_64' title="bbox 340 3172 1956 3261">
    <p class='ocr_par' dir='ltr' id='par_1_64' title="bbox 340 3181 1952 3261">
     <span class='ocr_line' id='line_1_65' title="bbox 340 3181 1952 3261; baseline 0.009 -26"><span class='ocrx_word' id='word_1_535' title='bbox 340 3181 659 3255; x_wconf 84' lang='lat' dir='ltr'><strong>itidemque</strong></span> <span class='ocrx_word' id='word_1_536' title='bbox 693 3184 903 3241; x_wconf 91' lang='lat' dir='ltr'><strong>Filium</strong></span> <span class='ocrx_word' id='word_1_537' title='bbox 936 3203 1064 3243; x_wconf 87' lang='lat' dir='ltr'><strong>esse</strong></span> <span class='ocrx_word' id='word_1_538' title='bbox 1097 3189 1392 3261; x_wconf 63' lang='lat' dir='ltr'><strong>Deum,jet</strong></span> <span class='ocrx_word' id='word_1_539' title='bbox 1420 3208 1555 3247; x_wconf 89' lang='lat' dir='ltr'><strong>eum</strong></span> <span class='ocrx_word' id='word_1_540' title='bbox 1618 3193 1862 3249; x_wconf 84' lang='lat' dir='ltr'><strong>audiens</strong></span> <span class='ocrx_word' id='word_1_541' title='bbox 1896 3195 1952 3249; x_wconf 90' lang='lat' dir='ltr'><strong>di</strong></span> 
     </span>
    </p>
   </div>
   <div class='ocr_carea' id='block_1_65' title="bbox 2135 3172 3751 3261">
    <p class='ocr_par' dir='ltr' id='par_1_65' title="bbox 2135 3180 3751 3259">
     <span class='ocr_line' id='line_1_66' title="bbox 2135 3180 3751 3259; baseline -0.008 -14"><span class='ocrx_word' id='word_1_542' title='bbox 2135 3190 2197 3245; x_wconf 81' lang='grc' dir='ltr'>ὑκ</span> <span class='ocrx_word' id='word_1_543' title='bbox 2253 3186 2395 3243; x_wconf 66' lang='grc' dir='ltr'>ἔστιν</span> <span class='ocrx_word' id='word_1_544' title='bbox 2452 3185 2643 3259; x_wconf 82' lang='grc' dir='ltr'>ἄλλος,</span> <span class='ocrx_word' id='word_1_545' title='bbox 2702 3211 2729 3239; x_wconf 84' lang='grc'><strong>››</strong></span> <span class='ocrx_word' id='word_1_546' title='bbox 2780 3185 2904 3259; x_wconf 86' lang='grc' dir='ltr'>μίαν</span> <span class='ocrx_word' id='word_1_547' title='bbox 2966 3183 3195 3253; x_wconf 82' lang='grc' dir='ltr'>Θεότητα</span> <span class='ocrx_word' id='word_1_548' title='bbox 3236 3180 3626 3256; x_wconf 72' lang='grc' dir='ltr'>ὁμολογήσεις,</span> <span class='ocrx_word' id='word_1_549' title='bbox 3659 3180 3751 3233; x_wconf 79' lang='grc' dir='ltr'><strong>καὶ</strong></span> 
     </span>
    </p>
   </div>
   <div class='ocr_carea' id='block_1_66' title="bbox 349 3267 1965 3351">
    <p class='ocr_par' dir='ltr' id='par_1_66' title="bbox 349 3271 1958 3351">
     <span class='ocr_line' id='line_1_67' title="bbox 349 3271 1958 3351; baseline 0.009 -26"><span class='ocrx_word' id='word_1_550' title='bbox 349 3271 661 3337; x_wconf 90' lang='lat' dir='ltr'><strong>dicentem,</strong></span> <span class='ocrx_word' id='word_1_551' title='bbox 694 3296 719 3323; x_wconf 77' lang='grc' dir='ltr'><strong>α</strong></span> <span class='ocrx_word' id='word_1_552' title='bbox 754 3274 872 3346; x_wconf 90' lang='lat' dir='ltr'><strong>Ego</strong></span> <span class='ocrx_word' id='word_1_553' title='bbox 910 3293 1040 3331; x_wconf 89' lang='lat' dir='ltr'><strong>sum</strong></span> <span class='ocrx_word' id='word_1_554' title='bbox 1079 3282 1247 3347; x_wconf 90' lang='lat' dir='ltr'><strong>Deus,</strong></span> <span class='ocrx_word' id='word_1_555' title='bbox 1278 3284 1335 3335; x_wconf 87' lang='lat' dir='ltr'><strong>et</strong></span> <span class='ocrx_word' id='word_1_556' title='bbox 1358 3285 1566 3351; x_wconf 72' lang='lat' dir='ltr'><strong>prater</strong></span> <span class='ocrx_word' id='word_1_557' title='bbox 1618 3299 1709 3337; x_wconf 86' lang='lat' dir='ltr'><strong>me</strong></span> <span class='ocrx_word' id='word_1_558' title='bbox 1752 3301 1865 3339; x_wconf 90' lang='lat' dir='ltr'><strong>non</strong></span> <span class='ocrx_word' id='word_1_559' title='bbox 1897 3301 1958 3339; x_wconf 92' lang='lat' dir='ltr'><strong>es</strong></span> 
     </span>
    </p>
   </div>
   <div class='ocr_carea' id='block_1_67' title="bbox 2135 3267 3751 3351">
    <p class='ocr_par' dir='ltr' id='par_1_67' title="bbox 2135 3267 3751 3348">
     <span class='ocr_line' id='line_1_68' title="bbox 2135 3267 3751 3348; baseline -0.008 -14"><span class='ocrx_word' id='word_1_560' title='bbox 2135 3279 2158 3334; x_wconf 78' lang='grc' dir='ltr'>ὑ</span> <span class='ocrx_word' id='word_1_561' title='bbox 2189 3275 2550 3338; x_wconf 71' lang='grc' dir='ltr'>κινδυνεύσεις</span> <span class='ocrx_word' id='word_1_562' title='bbox 2571 3279 2669 3347; x_wconf 89' lang='grc'><strong>(4).</strong></span> <span class='ocrx_word' id='word_1_563' title='bbox 2703 3277 2851 3332; x_wconf 83' lang='grc' dir='ltr'>Μακ.</span> <span class='ocrx_word' id='word_1_564' title='bbox 2884 3272 3027 3348; x_wconf 84' lang='grc' dir='ltr'>Ἐγὼ</span> <span class='ocrx_word' id='word_1_565' title='bbox 3088 3271 3212 3345; x_wconf 85' lang='grc' dir='ltr'>μίαν</span> <span class='ocrx_word' id='word_1_566' title='bbox 3273 3271 3502 3339; x_wconf 80' lang='grc' dir='ltr'>θεότητα</span> <span class='ocrx_word' id='word_1_567' title='bbox 3555 3268 3620 3322; x_wconf 76' lang='grc' dir='ltr'>οὗ</span> <span class='ocrx_word' id='word_1_568' title='bbox 3654 3267 3751 3322; x_wconf 74' lang='grc' dir='ltr'><strong>λέ-</strong></span> 
     </span>
    </p>
   </div>
   <div class='ocr_carea' id='block_1_68' title="bbox 348 3356 1964 3443">
    <p class='ocr_par' dir='ltr' id='par_1_68' title="bbox 348 3359 1960 3442">
     <span class='ocr_line' id='line_1_69' title="bbox 348 3359 1960 3442; baseline 0.007 -27"><span class='ocrx_word' id='word_1_569' title='bbox 348 3359 520 3427; x_wconf 89' lang='lat' dir='ltr'><strong>alius,</strong></span> <span class='ocrx_word' id='word_1_570' title='bbox 558 3383 584 3409; x_wconf 87' lang='lat'>»</span> <span class='ocrx_word' id='word_1_571' title='bbox 618 3363 851 3418; x_wconf 86' lang='lat' dir='ltr'><strong>unicam</strong></span> <span class='ocrx_word' id='word_1_572' title='bbox 884 3364 1158 3421; x_wconf 87' lang='lat' dir='ltr'><strong>deitatem</strong></span> <span class='ocrx_word' id='word_1_573' title='bbox 1193 3368 1584 3437; x_wconf 83' lang='lat' dir='ltr'><strong>fatebereis,ct</strong></span> <span class='ocrx_word' id='word_1_574' title='bbox 1615 3389 1725 3426; x_wconf 91' lang='lat' dir='ltr'><strong>non</strong></span> <span class='ocrx_word' id='word_1_575' title='bbox 1763 3371 1960 3442; x_wconf 87' lang='lat' dir='ltr'><strong>pericli</strong></span> 
     </span>
    </p>
   </div>
   <div class='ocr_carea' id='block_1_69' title="bbox 2136 3356 3752 3443">
    <p class='ocr_par' dir='ltr' id='par_1_69' title="bbox 2136 3356 3752 3441">
     <span class='ocr_line' id='line_1_70' title="bbox 2136 3356 3752 3441; baseline -0.009 -19"><span class='ocrx_word' id='word_1_576' title='bbox 2136 3390 2199 3424; x_wconf 89' lang='grc' dir='ltr'>ω.</span> <span class='ocrx_word' id='word_1_577' title='bbox 2237 3369 2379 3441; x_wconf 81' lang='grc' dir='ltr'><strong>Ὀρθ.</strong></span> <span class='ocrx_word' id='word_1_578' title='bbox 2410 3365 2530 3420; x_wconf 72' lang='grc' dir='ltr'>Ἐὰν</span> <span class='ocrx_word' id='word_1_579' title='bbox 2565 3366 2655 3419; x_wconf 74' lang='grc' dir='ltr'><strong>οὖν</strong></span> <span class='ocrx_word' id='word_1_580' title='bbox 2686 3363 2913 3437; x_wconf 78' lang='grc' dir='ltr'>ἀκούσῃς</span> <span class='ocrx_word' id='word_1_581' title='bbox 2968 3366 3066 3417; x_wconf 79' lang='grc' dir='ltr'>τοῦ</span> <span class='ocrx_word' id='word_1_582' title='bbox 3123 3361 3407 3437; x_wconf 70' lang='grc' dir='ltr'>προφήτου</span> <span class='ocrx_word' id='word_1_583' title='bbox 3468 3356 3527 3411; x_wconf 78' lang='grc' dir='ltr'>ἐκ</span> <span class='ocrx_word' id='word_1_584' title='bbox 3576 3376 3752 3431; x_wconf 67' lang='grc' dir='ltr'>προσι</span> 
     </span>
    </p>
   </div>
   <div class='ocr_carea' id='block_1_70' title="bbox 346 3445 1962 3528">
    <p class='ocr_par' dir='ltr' id='par_1_70' title="bbox 346 3449 1961 3525">
     <span class='ocr_line' id='line_1_71' title="bbox 346 3449 1961 3525; baseline 0.007 -21"><span class='ocrx_word' id='word_1_585' title='bbox 346 3449 583 3505; x_wconf 88' lang='lat' dir='ltr'><strong>taberis.</strong></span> <span class='ocrx_word' id='word_1_586' title='bbox 623 3450 828 3507; x_wconf 73' lang='lat' dir='ltr'><strong>Mared.</strong></span> <span class='ocrx_word' id='word_1_587' title='bbox 885 3453 1001 3525; x_wconf 87' lang='lat' dir='ltr'><strong>Ego</strong></span> <span class='ocrx_word' id='word_1_588' title='bbox 1054 3456 1288 3510; x_wconf 87' lang='lat' dir='ltr'><strong>unicam</strong></span> <span class='ocrx_word' id='word_1_589' title='bbox 1342 3458 1617 3514; x_wconf 85' lang='lat' dir='ltr'><strong>deitatem</strong></span> <span class='ocrx_word' id='word_1_590' title='bbox 1669 3477 1781 3515; x_wconf 89' lang='lat' dir='ltr'><strong>non</strong></span> <span class='ocrx_word' id='word_1_591' title='bbox 1832 3461 1961 3516; x_wconf 90' lang='lat' dir='ltr'><strong>dico</strong></span> 
     </span>
    </p>
   </div>
   <div class='ocr_carea' id='block_1_71' title="bbox 2137 3445 3753 3528">
    <p class='ocr_par' dir='ltr' id='par_1_71' title="bbox 2137 3445 3753 3528">
     <span class='ocr_line' id='line_1_72' title="bbox 2137 3445 3753 3528; baseline -0.008 -17"><span class='ocrx_word' id='word_1_592' title='bbox 2137 3478 2249 3511; x_wconf 71' lang='grc' dir='ltr'>»που</span> <span class='ocrx_word' id='word_1_593' title='bbox 2325 3456 2536 3510; x_wconf 90' lang='grc' dir='ltr'>πάντων</span> <span class='ocrx_word' id='word_1_594' title='bbox 2623 3457 2729 3508; x_wconf 81' lang='grc' dir='ltr'><strong>τῶν</strong></span> <span class='ocrx_word' id='word_1_595' title='bbox 2806 3451 2967 3528; x_wconf 81' lang='grc' dir='ltr'>ἁγίων</span> <span class='ocrx_word' id='word_1_596' title='bbox 3040 3448 3319 3526; x_wconf 80' lang='grc' dir='ltr'>λέγοντος,</span> <span class='ocrx_word' id='word_1_597' title='bbox 3376 3472 3395 3497; x_wconf 77' lang='grc' dir='ltr'><strong>ι</strong></span> <span class='ocrx_word' id='word_1_598' title='bbox 3461 3445 3603 3501; x_wconf 82' lang='grc' dir='ltr'>Ἀπὸ</span> <span class='ocrx_word' id='word_1_599' title='bbox 3652 3449 3753 3499; x_wconf 67' lang='grc' dir='ltr'>τοῦ</span> 
     </span>
    </p>
   </div>
   <div class='ocr_carea' id='block_1_72' title="bbox 346 3531 1962 3617">
    <p class='ocr_par' dir='ltr' id='par_1_72' title="bbox 346 3538 1962 3616">
     <span class='ocr_line' id='line_1_73' title="bbox 346 3538 1962 3616; baseline 0.008 -24"><span class='ocrx_word' id='word_1_600' title='bbox 346 3538 565 3594; x_wconf 79' lang='lat' dir='ltr'><strong>Orth.Si</strong></span> <span class='ocrx_word' id='word_1_601' title='bbox 600 3540 781 3612; x_wconf 83' lang='lat' dir='ltr'><strong>igitur</strong></span> <span class='ocrx_word' id='word_1_602' title='bbox 808 3542 1013 3598; x_wconf 85' lang='lat' dir='ltr'><strong>audias</strong></span> <span class='ocrx_word' id='word_1_603' title='bbox 1045 3545 1385 3616; x_wconf 87' lang='lat' dir='ltr'><strong>prophetam</strong></span> <span class='ocrx_word' id='word_1_604' title='bbox 1409 3547 1697 3603; x_wconf 87' lang='lat' dir='ltr'><strong>dicentem</strong></span> <span class='ocrx_word' id='word_1_605' title='bbox 1722 3550 1962 3605; x_wconf 89' lang='lat' dir='ltr'><strong>omniun</strong></span> 
     </span>
    </p>
   </div>
   <div class='ocr_carea' id='block_1_73' title="bbox 2135 3531 3751 3617">
    <p class='ocr_par' dir='ltr' id='par_1_73' title="bbox 2135 3531 3751 3617">
     <span class='ocr_line' id='line_1_74' title="bbox 2135 3531 3751 3617; baseline -0.009 -17"><span class='ocrx_word' id='word_1_606' title='bbox 2135 3546 2293 3608; x_wconf 81' lang='grc' dir='ltr'>ίῶνος</span> <span class='ocrx_word' id='word_1_607' title='bbox 2324 3546 2422 3599; x_wconf 86' lang='grc' dir='ltr'><strong>οὑκ</strong></span> <span class='ocrx_word' id='word_1_608' title='bbox 2450 3542 2780 3616; x_wconf 76' lang='grc' dir='ltr'>ἠκούσαμεν,</span> <span class='ocrx_word' id='word_1_609' title='bbox 2813 3539 2927 3596; x_wconf 75' lang='grc' dir='ltr'>οὐδ’</span> <span class='ocrx_word' id='word_1_610' title='bbox 2957 3542 3009 3595; x_wconf 76' lang='lat' dir='ltr'><strong>oi</strong></span> <span class='ocrx_word' id='word_1_611' title='bbox 3054 3537 3329 3617; x_wconf 77' lang='grc' dir='ltr'>ὀφθαλμοὶ</span> <span class='ocrx_word' id='word_1_612' title='bbox 3377 3538 3538 3609; x_wconf 76' lang='grc' dir='ltr'>ἡμῶν</span> <span class='ocrx_word' id='word_1_613' title='bbox 3601 3531 3751 3588; x_wconf 71' lang='grc' dir='ltr'>εἶδον</span> 
     </span>
    </p>
   </div>
   <div class='ocr_carea' id='block_1_74' title="bbox 348 3623 1964 3708">
    <p class='ocr_par' dir='ltr' id='par_1_74' title="bbox 348 3632 1964 3698">
     <span class='ocr_line' id='line_1_75' title="bbox 348 3632 1964 3698; baseline 0.006 -14"><span class='ocrx_word' id='word_1_614' title='bbox 348 3634 684 3685; x_wconf 89' lang='lat' dir='ltr'><strong>sanctorum</strong></span> <span class='ocrx_word' id='word_1_615' title='bbox 728 3632 985 3698; x_wconf 89' lang='lat' dir='ltr'><strong>nomine,</strong></span> <span class='ocrx_word' id='word_1_616' title='bbox 1032 3656 1059 3683; x_wconf 85' lang='lat'><strong>«</strong></span> <span class='ocrx_word' id='word_1_617' title='bbox 1111 3638 1157 3689; x_wconf 84' lang='lat' dir='ltr'>A</span> <span class='ocrx_word' id='word_1_618' title='bbox 1205 3635 1414 3691; x_wconf 64' lang='lat' dir='ltr'><strong>saeculo</strong></span> <span class='ocrx_word' id='word_1_619' title='bbox 1467 3654 1579 3692; x_wconf 92' lang='lat' dir='ltr'><strong>non</strong></span> <span class='ocrx_word' id='word_1_620' title='bbox 1631 3638 1964 3695; x_wconf 78' lang='lat' dir='ltr'><strong>audivimus</strong></span> 
     </span>
    </p>
   </div>
   <div class='ocr_carea' id='block_1_75' title="bbox 2128 3623 3744 3708">
    <p class='ocr_par' dir='ltr' id='par_1_75' title="bbox 2128 3623 3744 3706">
     <span class='ocr_line' id='line_1_76' title="bbox 2128 3623 3744 3706; baseline -0.008 -19"><span class='ocrx_word' id='word_1_621' title='bbox 2128 3636 2250 3706; x_wconf 61' lang='grc' dir='ltr'>θεὸν,</span> <span class='ocrx_word' id='word_1_622' title='bbox 2284 3632 2429 3703; x_wconf 76' lang='grc' dir='ltr'>πλὴν</span> <span class='ocrx_word' id='word_1_623' title='bbox 2464 3637 2583 3701; x_wconf 77' lang='grc' dir='ltr'>σοῦ,</span> <span class='ocrx_word' id='word_1_624' title='bbox 2617 3658 2645 3685; x_wconf 91' lang='grc'><strong>››</strong></span> <span class='ocrx_word' id='word_1_625' title='bbox 2677 3632 2729 3687; x_wconf 86' lang='grc' dir='ltr'><strong>τί</strong></span> <span class='ocrx_word' id='word_1_626' title='bbox 2763 3631 2897 3703; x_wconf 81' lang='grc' dir='ltr'>ἐρεῖς</span> <span class='ocrx_word' id='word_1_627' title='bbox 2946 3629 3082 3705; x_wconf 87' lang='grc' dir='ltr'>πρὸς</span> <span class='ocrx_word' id='word_1_628' title='bbox 3142 3626 3372 3695; x_wconf 50' lang='grc' dir='ltr'>αὐτούς</span> <span class='ocrx_word' id='word_1_629' title='bbox 3433 3625 3582 3680; x_wconf 83' lang='grc' dir='ltr'>Μακ.</span> <span class='ocrx_word' id='word_1_630' title='bbox 3642 3623 3744 3677; x_wconf 85' lang='grc' dir='ltr'><strong>Τὸν</strong></span> 
     </span>
    </p>
   </div>
   <div class='ocr_carea' id='block_1_76' title="bbox 346 3712 1962 3799">
    <p class='ocr_par' dir='ltr' id='par_1_76' title="bbox 346 3720 1922 3799">
     <span class='ocr_line' id='line_1_77' title="bbox 346 3720 1922 3799; baseline 0.006 -26"><span class='ocrx_word' id='word_1_631' title='bbox 346 3735 535 3790; x_wconf 89' lang='lat' dir='ltr'><strong>neque</strong></span> <span class='ocrx_word' id='word_1_632' title='bbox 586 3720 739 3775; x_wconf 92' lang='lat' dir='ltr'><strong>oculi</strong></span> <span class='ocrx_word' id='word_1_633' title='bbox 792 3722 973 3777; x_wconf 91' lang='lat' dir='ltr'><strong>nostri</strong></span> <span class='ocrx_word' id='word_1_634' title='bbox 1022 3722 1290 3780; x_wconf 90' lang='lat' dir='ltr'><strong>viderunt</strong></span> <span class='ocrx_word' id='word_1_635' title='bbox 1341 3725 1547 3797; x_wconf 85' lang='lat' dir='ltr'><strong>Deum,</strong></span> <span class='ocrx_word' id='word_1_636' title='bbox 1599 3732 1807 3799; x_wconf 69' lang='lat' dir='ltr'><strong>praeter</strong></span> <span class='ocrx_word' id='word_1_637' title='bbox 1848 3732 1922 3795; x_wconf 87' lang='lat' dir='ltr'><strong>te,</strong></span> 
     </span>
    </p>
   </div>
   <div class='ocr_carea' id='block_1_77' title="bbox 2135 3712 3751 3799">
    <p class='ocr_par' dir='ltr' id='par_1_77' title="bbox 2135 3712 3751 3799">
     <span class='ocr_line' id='line_1_78' title="bbox 2135 3712 3751 3799; baseline -0.007 -21"><span class='ocrx_word' id='word_1_638' title='bbox 2135 3726 2221 3779; x_wconf 75' lang='grc' dir='ltr'>’ίὸν</span> <span class='ocrx_word' id='word_1_639' title='bbox 2256 3722 2421 3799; x_wconf 66' lang='grc' dir='ltr'>λέγει.</span> <span class='ocrx_word' id='word_1_640' title='bbox 2454 3720 2662 3780; x_wconf 82' lang='grc' dir='ltr'>Ἀλλον</span> <span class='ocrx_word' id='word_1_641' title='bbox 2693 3722 2794 3797; x_wconf 79' lang='grc' dir='ltr'>γὰρ</span> <span class='ocrx_word' id='word_1_642' title='bbox 2827 3720 2927 3775; x_wconf 81' lang='grc' dir='ltr'><strong>οὑκ</strong></span> <span class='ocrx_word' id='word_1_643' title='bbox 2951 3715 3166 3791; x_wconf 81' lang='grc' dir='ltr'>εἷ’δομεν</span> <span class='ocrx_word' id='word_1_644' title='bbox 3186 3716 3231 3771; x_wconf 80' lang='grc' dir='ltr'>εἰ</span> <span class='ocrx_word' id='word_1_645' title='bbox 3258 3718 3334 3788; x_wconf 79' lang='grc' dir='ltr'>μὴ</span> <span class='ocrx_word' id='word_1_646' title='bbox 3366 3714 3456 3769; x_wconf 90' lang='grc' dir='ltr'><strong>τὸν</strong></span> <span class='ocrx_word' id='word_1_647' title='bbox 3483 3712 3751 3787; x_wconf 77' lang='grc' dir='ltr'>ἑνανθρω-</span> 
     </span>
    </p>
   </div>
   <div class='ocr_carea' id='block_1_78' title="bbox 347 3802 1963 3888">
    <p class='ocr_par' dir='ltr' id='par_1_78' title="bbox 347 3810 1963 3884">
     <span class='ocr_line' id='line_1_79' title="bbox 347 3810 1963 3884; baseline 0.006 -20"><span class='ocrx_word' id='word_1_648' title='bbox 347 3810 483 3880; x_wconf 91' lang='lat' dir='ltr'><strong>quid</strong></span> <span class='ocrx_word' id='word_1_649' title='bbox 537 3811 620 3865; x_wconf 90' lang='lat' dir='ltr'><strong>eis</strong></span> <span class='ocrx_word' id='word_1_650' title='bbox 682 3813 1103 3884; x_wconf 83' lang='lat' dir='ltr'><strong>responderis?</strong></span> <span class='ocrx_word' id='word_1_651' title='bbox 1146 3813 1343 3870; x_wconf 80' lang='lat' dir='ltr'><strong>Maced.</strong></span> <span class='ocrx_word' id='word_1_652' title='bbox 1414 3815 1619 3871; x_wconf 86' lang='lat' dir='ltr'><strong>Filium</strong></span> <span class='ocrx_word' id='word_1_653' title='bbox 1671 3817 1830 3872; x_wconf 89' lang='lat' dir='ltr'><strong>dicit.</strong></span> <span class='ocrx_word' id='word_1_654' title='bbox 1877 3818 1963 3873; x_wconf 28' lang='lat' dir='ltr'><strong>Net</strong></span> 
     </span>
    </p>
   </div>
   <div class='ocr_carea' id='block_1_79' title="bbox 2136 3802 3752 3888">
    <p class='ocr_par' dir='ltr' id='par_1_79' title="bbox 2136 3802 3752 3888">
     <span class='ocr_line' id='line_1_80' title="bbox 2136 3802 3752 3888; baseline -0.008 -21"><span class='ocrx_word' id='word_1_655' title='bbox 2136 3817 2345 3885; x_wconf 69' lang='grc' dir='ltr'>ςήσαντα</span> <span class='ocrx_word' id='word_1_656' title='bbox 2404 3812 2550 3869; x_wconf 69' lang='grc' dir='ltr'><strong>Υἱόν.</strong></span> <span class='ocrx_word' id='word_1_657' title='bbox 2604 3812 2749 3888; x_wconf 74' lang='grc' dir='ltr'><strong>Ὀρθ.</strong></span> <span class='ocrx_word' id='word_1_658' title='bbox 2785 3835 2811 3861; x_wconf 92' lang='grc'><strong>‹‹</strong></span> <span class='ocrx_word' id='word_1_659' title='bbox 2872 3816 2930 3866; x_wconf 87' lang='grc' dir='ltr'>Ὁ</span> <span class='ocrx_word' id='word_1_660' title='bbox 2977 3805 3036 3861; x_wconf 70' lang='grc' dir='ltr'><strong>δὲ</strong></span> <span class='ocrx_word' id='word_1_661' title='bbox 3084 3805 3338 3880; x_wconf 71' lang='grc' dir='ltr'>ἑωρακὼς</span> <span class='ocrx_word' id='word_1_662' title='bbox 3366 3803 3457 3859; x_wconf 89' lang='grc' dir='ltr'><strong>τὸν</strong></span> <span class='ocrx_word' id='word_1_663' title='bbox 3489 3802 3613 3856; x_wconf 68' lang='grc' dir='ltr'>Υὶὸν</span> <span class='ocrx_word' id='word_1_664' title='bbox 3648 3802 3752 3855; x_wconf 56' lang='lat' dir='ltr'><strong>Ed:-</strong></span> 
     </span>
    </p>
   </div>
   <div class='ocr_carea' id='block_1_80' title="bbox 350 3892 1966 3981">
    <p class='ocr_par' dir='ltr' id='par_1_80' title="bbox 350 3898 1966 3978">
     <span class='ocr_line' id='line_1_81' title="bbox 350 3898 1966 3978; baseline 0.004 -26"><span class='ocrx_word' id='word_1_665' title='bbox 350 3898 504 3954; x_wconf 89' lang='lat' dir='ltr'><strong>enim</strong></span> <span class='ocrx_word' id='word_1_666' title='bbox 540 3900 719 3955; x_wconf 87' lang='lat' dir='ltr'><strong>alium</strong></span> <span class='ocrx_word' id='word_1_667' title='bbox 752 3902 926 3957; x_wconf 91' lang='lat' dir='ltr'><strong>deum</strong></span> <span class='ocrx_word' id='word_1_668' title='bbox 960 3903 1418 3976; x_wconf 89' lang='lat' dir='ltr'><strong>vidimus,quam</strong></span> <span class='ocrx_word' id='word_1_669' title='bbox 1454 3905 1793 3978; x_wconf 89' lang='lat' dir='ltr'><strong>Filium,qui</strong></span> <span class='ocrx_word' id='word_1_670' title='bbox 1817 3907 1966 3962; x_wconf 62' lang='lat' dir='ltr'><strong>hom:</strong></span> 
     </span>
    </p>
   </div>
   <div class='ocr_carea' id='block_1_81' title="bbox 2134 3892 3750 3981">
    <p class='ocr_par' dir='ltr' id='par_1_81' title="bbox 2136 3892 3750 3975">
     <span class='ocr_line' id='line_1_82' title="bbox 2136 3892 3750 3975; baseline -0.009 -16"><span class='ocrx_word' id='word_1_671' title='bbox 2136 3925 2230 3959; x_wconf 87' lang='grc' dir='ltr'><strong>ακε</strong></span> <span class='ocrx_word' id='word_1_672' title='bbox 2258 3904 2348 3959; x_wconf 85' lang='grc' dir='ltr'><strong>τὸν</strong></span> <span class='ocrx_word' id='word_1_673' title='bbox 2385 3902 2619 3975; x_wconf 79' lang='grc' dir='ltr'>ΙΙατὲρα.</span> <span class='ocrx_word' id='word_1_674' title='bbox 2659 3925 2679 3949; x_wconf 76' lang='grc' dir='ltr'><strong>ι</strong></span> <span class='ocrx_word' id='word_1_675' title='bbox 2730 3899 2845 3957; x_wconf 84' lang='grc' dir='ltr'><strong>Μία</strong></span> <span class='ocrx_word' id='word_1_676' title='bbox 2872 3895 2972 3972; x_wconf 78' lang='grc' dir='ltr'><strong>ἄρα</strong></span> <span class='ocrx_word' id='word_1_677' title='bbox 3003 3895 3194 3966; x_wconf 72' lang='grc' dir='ltr'>θεᾶτης</span> <span class='ocrx_word' id='word_1_678' title='bbox 3228 3895 3441 3969; x_wconf 81' lang='grc' dir='ltr'>Ιῐατρὸς</span> <span class='ocrx_word' id='word_1_679' title='bbox 3470 3892 3560 3947; x_wconf 82' lang='grc' dir='ltr'><strong>καὶ</strong></span> <span class='ocrx_word' id='word_1_680' title='bbox 3597 3892 3750 3945; x_wconf 68' lang='grc' dir='ltr'>Υἱοῧ.</span> 
     </span>
    </p>
   </div>
   <div class='ocr_carea' id='block_1_82' title="bbox 354 3986 1970 4067">
    <p class='ocr_par' dir='ltr' id='par_1_82' title="bbox 354 3989 1964 4067">
     <span class='ocr_line' id='line_1_83' title="bbox 354 3989 1964 4067; baseline 0.006 -25"><span class='ocrx_word' id='word_1_681' title='bbox 354 3989 541 4043; x_wconf 77' lang='lat' dir='ltr'><strong>factus</strong></span> <span class='ocrx_word' id='word_1_682' title='bbox 572 3993 683 4046; x_wconf 89' lang='lat' dir='ltr'><strong>est.</strong></span> <span class='ocrx_word' id='word_1_683' title='bbox 719 3991 867 4047; x_wconf 81' lang='lat' dir='ltr'><strong>Orth.</strong></span> <span class='ocrx_word' id='word_1_684' title='bbox 901 3993 968 4047; x_wconf 86' lang='lat' dir='ltr'><strong>At</strong></span> <span class='ocrx_word' id='word_1_685' title='bbox 997 3993 1151 4048; x_wconf 90' lang='lat' dir='ltr'><strong>enim</strong></span> <span class='ocrx_word' id='word_1_686' title='bbox 1186 4018 1212 4042; x_wconf 88' lang='grc'><em>‹‹</em></span> <span class='ocrx_word' id='word_1_687' title='bbox 1249 3995 1355 4060; x_wconf 87' lang='lat' dir='ltr'><strong>Qui</strong></span> <span class='ocrx_word' id='word_1_688' title='bbox 1388 3995 1531 4050; x_wconf 87' lang='lat' dir='ltr'><strong>vidit</strong></span> <span class='ocrx_word' id='word_1_689' title='bbox 1576 3996 1808 4067; x_wconf 87' lang='lat' dir='ltr'><strong>Filium,</strong></span> <span class='ocrx_word' id='word_1_690' title='bbox 1853 3997 1964 4052; x_wconf 91' lang='lat' dir='ltr'><strong>vidi</strong></span> 
     </span>
    </p>
   </div>
   <div class='ocr_carea' id='block_1_83' title="bbox 1353 3986 2969 4067">
    <p class='ocr_par' dir='ltr' id='par_1_83' title="bbox 1353 3986 2969 4067">
     <span class='ocr_line' id='line_1_84' title="bbox 1353 3986 2969 4067; baseline -0.002 -19"><span class='ocrx_word' id='word_1_691' title='bbox 1353 4044 1355 4047; x_wconf 88' lang='lat'><strong>.</strong></span> <span class='ocrx_word' id='word_1_692' title='bbox 1388 3995 1531 4050; x_wconf 81' lang='lat' dir='ltr'><strong>vidit</strong></span> <span class='ocrx_word' id='word_1_693' title='bbox 1576 3996 1808 4067; x_wconf 85' lang='lat' dir='ltr'><strong>Filium,</strong></span> <span class='ocrx_word' id='word_1_694' title='bbox 1853 3997 1995 4052; x_wconf 81' lang='lat' dir='ltr'><strong>vidit</strong></span> <span class='ocrx_word' id='word_1_695' title='bbox 2104 3998 2247 4052; x_wconf 86' lang='grc' dir='ltr'>Μακ.</span> <span class='ocrx_word' id='word_1_696' title='bbox 2282 3992 2422 4051; x_wconf 82' lang='grc' dir='ltr'>Μίαν</span> <span class='ocrx_word' id='word_1_697' title='bbox 2455 3990 2682 4060; x_wconf 81' lang='grc' dir='ltr'>θεότητα</span> <span class='ocrx_word' id='word_1_698' title='bbox 2714 3989 2775 4044; x_wconf 82' lang='grc' dir='ltr'>οὑ</span> <span class='ocrx_word' id='word_1_699' title='bbox 2807 3986 2969 4065; x_wconf 69' lang='grc' dir='ltr'>λέγω.</span> 
     </span>
    </p>
   </div>
   <div class='ocr_carea' id='block_1_84' title="bbox 356 4080 1991 4153">
    <p class='ocr_par' dir='ltr' id='par_1_84' title="bbox 356 4080 1991 4153">
     <span class='ocr_line' id='line_1_85' title="bbox 356 4080 1991 4153; baseline 0.006 -23"><span class='ocrx_word' id='word_1_700' title='bbox 356 4082 585 4133; x_wconf 88' lang='lat' dir='ltr'><strong>Patrem</strong></span> <span class='ocrx_word' id='word_1_701' title='bbox 638 4080 701 4131; x_wconf 76' lang='grc'><strong>⁷³.</strong></span> <span class='ocrx_word' id='word_1_702' title='bbox 760 4081 881 4136; x_wconf 89' lang='lat' dir='ltr'><strong>Una</strong></span> <span class='ocrx_word' id='word_1_703' title='bbox 930 4081 1103 4153; x_wconf 85' lang='lat' dir='ltr'><strong>igitur</strong></span> <span class='ocrx_word' id='word_1_704' title='bbox 1159 4083 1346 4139; x_wconf 89' lang='lat' dir='ltr'><strong>deitas</strong></span> <span class='ocrx_word' id='word_1_705' title='bbox 1394 4090 1481 4141; x_wconf 87' lang='lat' dir='ltr'><strong>est</strong></span> <span class='ocrx_word' id='word_1_706' title='bbox 1528 4086 1715 4142; x_wconf 89' lang='lat' dir='ltr'><strong>Patris</strong></span> <span class='ocrx_word' id='word_1_707' title='bbox 1754 4092 1809 4143; x_wconf 89' lang='lat' dir='ltr'><strong>et</strong></span> <span class='ocrx_word' id='word_1_708' title='bbox 1842 4087 1991 4142; x_wconf 87' lang='lat' dir='ltr'><strong>Filii.</strong></span> 
     </span>
    </p>
   </div>
   <div class='ocr_carea' id='block_1_85' title="bbox 354 4166 3737 4263">
    <p class='ocr_par' dir='ltr' id='par_1_85' title="bbox 354 4166 3737 4263">
     <span class='ocr_line' id='line_1_86' title="bbox 354 4166 3737 4263; baseline 0.01 -42"><span class='ocrx_word' id='word_1_709' title='bbox 354 4167 564 4222; x_wconf 80' lang='lat' dir='ltr'><strong>Maced.</strong></span> <span class='ocrx_word' id='word_1_710' title='bbox 598 4166 784 4223; x_wconf 88' lang='lat' dir='ltr'><strong>Unam</strong></span> <span class='ocrx_word' id='word_1_711' title='bbox 819 4170 1086 4225; x_wconf 87' lang='lat' dir='ltr'><strong>deitatem</strong></span> <span class='ocrx_word' id='word_1_712' title='bbox 1122 4189 1239 4228; x_wconf 88' lang='lat' dir='ltr'><strong>non</strong></span> <span class='ocrx_word' id='word_1_713' title='bbox 1269 4172 1417 4229; x_wconf 89' lang='lat' dir='ltr'><strong>dico.</strong></span> <span class='ocrx_word' id='word_1_714' title='bbox 2429 4260 2439 4263; x_wconf 89' lang='lat'><em>_</em></span> <span class='ocrx_word' id='word_1_715' title='bbox 2500 4260 2508 4263; x_wconf 89' lang='lat'>_</span> <span class='ocrx_word' id='word_1_716' title='bbox 2578 4258 2630 4263; x_wconf 84' lang='lat'><strong>__</strong></span> <span class='ocrx_word' id='word_1_717' title='bbox 2750 4258 2789 4263; x_wconf 85' lang='lat'>__</span> <span class='ocrx_word' id='word_1_718' title='bbox 2869 4256 2879 4263; x_wconf 86' lang='lat'>_</span> <span class='ocrx_word' id='word_1_719' title='bbox 2950 4254 2961 4263; x_wconf 89' lang='lat'><strong>_</strong></span> <span class='ocrx_word' id='word_1_720' title='bbox 3053 4258 3078 4263; x_wconf 36' lang='grc' dir='ltr'>μ</span> <span class='ocrx_word' id='word_1_721' title='bbox 3152 4253 3165 4263; x_wconf 61' lang='grc'><strong>,</strong></span> <span class='ocrx_word' id='word_1_722' title='bbox 3216 4256 3242 4263; x_wconf 82' lang='lat'><strong><em>_</em></strong></span> <span class='ocrx_word' id='word_1_723' title='bbox 3446 4251 3457 4263; x_wconf 82' lang='grc'><strong>,</strong></span> <span class='ocrx_word' id='word_1_724' title='bbox 3615 4249 3668 4263; x_wconf 56' lang='grc' dir='ltr'>,η</span> <span class='ocrx_word' id='word_1_725' title='bbox 3723 4246 3737 4263; x_wconf 72' lang='grc'><strong>,</strong></span> 
     </span>
    </p>
   </div>
   <div class='ocr_carea' id='block_1_86' title="bbox 425 4249 2041 4336">
    <p class='ocr_par' dir='ltr' id='par_1_86' title="bbox 425 4256 1996 4336">
     <span class='ocr_line' id='line_1_87' title="bbox 425 4256 1996 4336; baseline 0.009 -30"><span class='ocrx_word' id='word_1_726' title='bbox 425 4256 476 4308; x_wconf 90' lang='grc'><strong>7.</strong></span> <span class='ocrx_word' id='word_1_727' title='bbox 516 4256 682 4311; x_wconf 80' lang='lat' dir='ltr'><strong>Orlh.</strong></span> <span class='ocrx_word' id='word_1_728' title='bbox 716 4256 859 4311; x_wconf 91' lang='lat' dir='ltr'><strong>Cum</strong></span> <span class='ocrx_word' id='word_1_729' title='bbox 885 4258 1028 4313; x_wconf 90' lang='lat' dir='ltr'><strong>dicit</strong></span> <span class='ocrx_word' id='word_1_730' title='bbox 1061 4260 1211 4315; x_wconf 90' lang='lat' dir='ltr'><strong>Deus</strong></span> <span class='ocrx_word' id='word_1_731' title='bbox 1243 4263 1395 4333; x_wconf 87' lang='lat' dir='ltr'><strong>apud</strong></span> <span class='ocrx_word' id='word_1_732' title='bbox 1440 4264 1711 4319; x_wconf 86' lang='lat' dir='ltr'><strong>eumdem</strong></span> <span class='ocrx_word' id='word_1_733' title='bbox 1744 4266 1996 4336; x_wconf 87' lang='lat' dir='ltr'><strong>prephe-</strong></span> 
     </span>
    </p>
   </div>
   <div class='ocr_carea' id='block_1_87' title="bbox 2139 4249 3755 4336">
    <p class='ocr_par' dir='ltr' id='par_1_87' title="bbox 2176 4249 3755 4336">
     <span class='ocr_line' id='line_1_88' title="bbox 2176 4249 3755 4336; baseline -0.011 -19"><span class='ocrx_word' id='word_1_734' title='bbox 2176 4267 2229 4317; x_wconf 88' lang='lat'><strong>7.</strong></span> <span class='ocrx_word' id='word_1_735' title='bbox 2267 4263 2411 4336; x_wconf 81' lang='grc' dir='ltr'><strong>Ὀρθ.</strong></span> <span class='ocrx_word' id='word_1_736' title='bbox 2428 4260 2548 4314; x_wconf 81' lang='grc' dir='ltr'><strong>Ἐὰν</strong></span> <span class='ocrx_word' id='word_1_737' title='bbox 2578 4258 2712 4333; x_wconf 79' lang='grc' dir='ltr'>λὲγῃ</span> <span class='ocrx_word' id='word_1_738' title='bbox 2742 4256 2919 4329; x_wconf 68' lang='grc' dir='ltr'>ὁζΘεὸς</span> <span class='ocrx_word' id='word_1_739' title='bbox 2946 4254 2996 4308; x_wconf 69' lang='grc' dir='ltr'>ἐν</span> <span class='ocrx_word' id='word_1_740' title='bbox 3013 4258 3093 4326; x_wconf 78' lang='grc' dir='ltr'>τῷ</span> <span class='ocrx_word' id='word_1_741' title='bbox 3112 4253 3255 4324; x_wconf 81' lang='grc' dir='ltr'><strong>σὸτῷ</strong></span> <span class='ocrx_word' id='word_1_742' title='bbox 3276 4251 3592 4336; x_wconf 53' lang='grc' dir='ltr'>προφήτῃάι</span> <span class='ocrx_word' id='word_1_743' title='bbox 3615 4249 3755 4323; x_wconf 79' lang='grc' dir='ltr'><strong>Ἐγὼ</strong></span> 
     </span>
    </p>
   </div>
   <div class='ocr_carea' id='block_1_88' title="bbox 354 4335 1970 4425">
    <p class='ocr_par' dir='ltr' id='par_1_88' title="bbox 354 4335 1970 4422">
     <span class='ocr_line' id='line_1_89' title="bbox 354 4335 1970 4422; baseline 0.008 -25"><span class='ocrx_word' id='word_1_744' title='bbox 354 4348 530 4414; x_wconf 78' lang='lat' dir='ltr'><strong>tam,-</strong></span> <span class='ocrx_word' id='word_1_745' title='bbox 566 4345 682 4416; x_wconf 91' lang='lat' dir='ltr'><strong>Ego</strong></span> <span class='ocrx_word' id='word_1_746' title='bbox 716 4346 870 4401; x_wconf 91' lang='lat' dir='ltr'><strong>Deus</strong></span> <span class='ocrx_word' id='word_1_747' title='bbox 886 4347 1195 4418; x_wconf 86' lang='lat' dir='ltr'><strong>primus,et</strong></span> <span class='ocrx_word' id='word_1_748' title='bbox 1219 4367 1324 4422; x_wconf 86' lang='lat' dir='ltr'><strong>ego</strong></span> <span class='ocrx_word' id='word_1_749' title='bbox 1342 4335 1776 4422; x_wconf 35' lang='lat' dir='ltr'><strong>postremusnp)</strong></span> <span class='ocrx_word' id='word_1_750' title='bbox 1802 4335 1970 4409; x_wconf 80' lang='lat' dir='ltr'><strong>utruu</strong></span> 
     </span>
    </p>
   </div>
   <div class='ocr_carea' id='block_1_89' title="bbox 2141 4335 3757 4425">
    <p class='ocr_par' dir='ltr' id='par_1_89' title="bbox 2141 4335 3757 4425">
     <span class='ocr_line' id='line_1_90' title="bbox 2141 4335 3757 4425; baseline -0.011 -20"><span class='ocrx_word' id='word_1_751' title='bbox 2141 4352 2236 4411; x_wconf 64' lang='grc' dir='ltr'>νεὸς</span> <span class='ocrx_word' id='word_1_752' title='bbox 2265 4335 2606 4425; x_wconf 77' lang='grc' dir='ltr'>πρῶτος,καὶ</span> <span class='ocrx_word' id='word_1_753' title='bbox 2636 4346 2745 4420; x_wconf 82' lang='grc' dir='ltr'>ἐγὼ</span> <span class='ocrx_word' id='word_1_754' title='bbox 2776 4344 2851 4406; x_wconf 78' lang='grc' dir='ltr'>εἰς</span> <span class='ocrx_word' id='word_1_755' title='bbox 2881 4343 2946 4397; x_wconf 72' lang='grc' dir='ltr'>τὰ</span> <span class='ocrx_word' id='word_1_756' title='bbox 2977 4340 3338 4418; x_wconf 68' lang='grc' dir='ltr'>ἐπερχόμενα,</span> <span class='ocrx_word' id='word_1_757' title='bbox 3376 4362 3396 4389; x_wconf 73' lang='grc' dir='ltr'><strong>ι</strong></span> <span class='ocrx_word' id='word_1_758' title='bbox 3430 4335 3553 4391; x_wconf 84' lang='grc' dir='ltr'>τίνα</span> <span class='ocrx_word' id='word_1_759' title='bbox 3574 4335 3757 4409; x_wconf 75' lang='grc' dir='ltr'>λὲγεις</span> 
     </span>
    </p>
   </div>
   <div class='ocr_carea' id='block_1_90' title="bbox 357 4425 1973 4530">
    <p class='ocr_par' dir='ltr' id='par_1_90' title="bbox 357 4432 1965 4511">
     <span class='ocr_line' id='line_1_91' title="bbox 357 4432 1965 4511; baseline 0.008 -25"><span class='ocrx_word' id='word_1_760' title='bbox 357 4432 613 4503; x_wconf 89' lang='lat' dir='ltr'><strong>illorum,</strong></span> <span class='ocrx_word' id='word_1_761' title='bbox 648 4452 794 4505; x_wconf 89' lang='lat' dir='ltr'><strong>quos</strong></span> <span class='ocrx_word' id='word_1_762' title='bbox 827 4453 1009 4491; x_wconf 91' lang='lat' dir='ltr'><strong>unum</strong></span> <span class='ocrx_word' id='word_1_763' title='bbox 1044 4442 1101 4492; x_wconf 84' lang='lat' dir='ltr'><strong>et</strong></span> <span class='ocrx_word' id='word_1_764' title='bbox 1143 4456 1324 4494; x_wconf 87' lang='lat' dir='ltr'><strong>unum</strong></span> <span class='ocrx_word' id='word_1_765' title='bbox 1357 4457 1486 4496; x_wconf 88' lang='lat' dir='ltr'><strong>esse</strong></span> <span class='ocrx_word' id='word_1_766' title='bbox 1534 4443 1857 4511; x_wconf 88' lang='lat' dir='ltr'><strong>arbitraris,</strong></span> <span class='ocrx_word' id='word_1_767' title='bbox 1894 4443 1965 4499; x_wconf 89' lang='lat' dir='ltr'><strong>ho</strong></span> 
     </span>
    </p>
   </div>
   <div class='ocr_carea' id='block_1_91' title="bbox 2144 4425 3760 4530">
    <p class='ocr_par' dir='ltr' id='par_1_91' title="bbox 2144 4425 3760 4530">
     <span class='ocr_line' id='line_1_92' title="bbox 2144 4425 3760 4508; baseline -0.009 -15"><span class='ocrx_word' id='word_1_768' title='bbox 2144 4445 2215 4493; x_wconf 79' lang='grc' dir='ltr'>ὦν</span> <span class='ocrx_word' id='word_1_769' title='bbox 2252 4439 2323 4500; x_wconf 77' lang='grc' dir='ltr'>εἶς</span> <span class='ocrx_word' id='word_1_770' title='bbox 2358 4437 2445 4492; x_wconf 84' lang='grc' dir='ltr'><strong>καὶ</strong></span> <span class='ocrx_word' id='word_1_771' title='bbox 2479 4436 2553 4497; x_wconf 80' lang='grc' dir='ltr'>εἷς</span> <span class='ocrx_word' id='word_1_772' title='bbox 2594 4434 2906 4508; x_wconf 49' lang='grc' dir='ltr'>εθρηκέναη</span> <span class='ocrx_word' id='word_1_773' title='bbox 2957 4434 3103 4488; x_wconf 80' lang='grc' dir='ltr'>Μακ.</span> <span class='ocrx_word' id='word_1_774' title='bbox 3155 4430 3253 4483; x_wconf 86' lang='grc' dir='ltr'><strong>Τὸν</strong></span> <span class='ocrx_word' id='word_1_775' title='bbox 3308 4426 3542 4500; x_wconf 70' lang='grc' dir='ltr'>Πατέρα.</span> <span class='ocrx_word' id='word_1_776' title='bbox 3608 4425 3760 4498; x_wconf 76' lang='grc' dir='ltr'>Ὀρθ.</span> 
     </span>
     <span class='ocr_line' id='line_1_93' title="bbox 2484 4513 3720 4530; baseline 0 0"><span class='ocrx_word' id='word_1_777' title='bbox 2484 4526 2509 4530; x_wconf 78' lang='lat'><strong>__</strong></span> <span class='ocrx_word' id='word_1_778' title='bbox 2639 4524 2651 4530; x_wconf 86' lang='lat'><strong>-</strong></span> <span class='ocrx_word' id='word_1_779' title='bbox 2718 4523 2772 4530; x_wconf 78' lang='lat'><strong>-_</strong></span> <span class='ocrx_word' id='word_1_780' title='bbox 2956 4528 2968 4530; x_wconf 96' lang='lat'><strong>_</strong></span> <span class='ocrx_word' id='word_1_781' title='bbox 3027 4519 3038 4530; x_wconf 93' lang='lat'><strong>.</strong></span> <span class='ocrx_word' id='word_1_782' title='bbox 3155 4519 3208 4530; x_wconf 89' lang='lat'><strong>-.</strong></span> <span class='ocrx_word' id='word_1_783' title='bbox 3334 4516 3401 4530; x_wconf 66' lang='grc' dir='ltr'><strong>..ν</strong></span> <span class='ocrx_word' id='word_1_784' title='bbox 3543 4520 3574 4530; x_wconf 55' lang='grc' dir='ltr'><strong>Α</strong></span> <span class='ocrx_word' id='word_1_785' title='bbox 3618 4515 3629 4527; x_wconf 64' lang='grc' dir='ltr'><strong>ς</strong></span> <span class='ocrx_word' id='word_1_786' title='bbox 3709 4513 3720 4530; x_wconf 63' lang='grc' dir='ltr'><strong>ν</strong></span> 
     </span>
    </p>
   </div>
   <div class='ocr_carea' id='block_1_92' title="bbox 360 4516 1976 4619">
    <p class='ocr_par' dir='ltr' id='par_1_92' title="bbox 360 4522 1976 4605">
     <span class='ocr_line' id='line_1_94' title="bbox 360 4522 1976 4605; baseline 0.005 -28"><span class='ocrx_word' id='word_1_787' title='bbox 360 4522 577 4579; x_wconf 74' lang='lat' dir='ltr'><strong>dixisse</strong></span> <span class='ocrx_word' id='word_1_788' title='bbox 608 4525 921 4579; x_wconf 79' lang='lat' dir='ltr'><strong>censebis?</strong></span> <span class='ocrx_word' id='word_1_789' title='bbox 952 4527 1149 4582; x_wconf 73' lang='lat' dir='ltr'><strong>.ilaccd.</strong></span> <span class='ocrx_word' id='word_1_790' title='bbox 1184 4532 1434 4584; x_wconf 87' lang='lat' dir='ltr'><strong>Patrem.</strong></span> <span class='ocrx_word' id='word_1_791' title='bbox 1470 4531 1842 4587; x_wconf 77' lang='lat' dir='ltr'><strong>0rth.Filium</strong></span> <span class='ocrx_word' id='word_1_792' title='bbox 1866 4549 1976 4605; x_wconf 61' lang='lat' dir='ltr'><strong>ergi</strong></span> 
     </span>
    </p>
   </div>
   <div class='ocr_carea' id='block_1_93' title="bbox 2144 4516 3760 4619">
    <p class='ocr_par' dir='ltr' id='par_1_93' title="bbox 2144 4516 3760 4619">
     <span class='ocr_line' id='line_1_95' title="bbox 2144 4516 3760 4599; baseline -0.012 -15"><span class='ocrx_word' id='word_1_793' title='bbox 2144 4530 2207 4584; x_wconf 90' lang='grc' dir='ltr'>’ὸν</span> <span class='ocrx_word' id='word_1_794' title='bbox 2270 4528 2391 4582; x_wconf 70' lang='grc' dir='ltr'>Υἱὸν</span> <span class='ocrx_word' id='word_1_795' title='bbox 2449 4526 2541 4581; x_wconf 77' lang='grc' dir='ltr'><strong>οὖν</strong></span> <span class='ocrx_word' id='word_1_796' title='bbox 2604 4524 2666 4579; x_wconf 76' lang='grc' dir='ltr'><strong>οἱ)</strong></span> <span class='ocrx_word' id='word_1_797' title='bbox 2718 4523 2890 4599; x_wconf 73' lang='grc' dir='ltr'>λὲγεις</span> <span class='ocrx_word' id='word_1_798' title='bbox 2942 4519 3114 4588; x_wconf 81' lang='grc' dir='ltr'>Θεόν;</span> <span class='ocrx_word' id='word_1_799' title='bbox 3155 4519 3300 4574; x_wconf 78' lang='grc' dir='ltr'>Μακ.</span> <span class='ocrx_word' id='word_1_800' title='bbox 3334 4516 3502 4570; x_wconf 82' lang='grc' dir='ltr'>Εἶπον</span> <span class='ocrx_word' id='word_1_801' title='bbox 3538 4516 3671 4568; x_wconf 88' lang='grc' dir='ltr'>Θεὸν</span> <span class='ocrx_word' id='word_1_802' title='bbox 3702 4516 3760 4566; x_wconf 73' lang='grc' dir='ltr'>ἐκ</span> 
     </span>
     <span class='ocr_line' id='line_1_96' title="bbox 2529 4603 3695 4619; baseline 0 0"><span class='ocrx_word' id='word_1_803' title='bbox 2529 4612 2654 4619; x_wconf 83' lang='grc'><strong>-.</strong></span> <span class='ocrx_word' id='word_1_804' title='bbox 2857 4609 3139 4619; x_wconf 83' lang='grc'><strong>..--.</strong></span> <span class='ocrx_word' id='word_1_805' title='bbox 3327 4603 3695 4619; x_wconf 52' lang='grc' dir='ltr'><strong>ιλ....μ</strong></span> 
     </span>
    </p>
   </div>
   <div class='ocr_carea' id='block_1_94' title="bbox 369 4603 1985 4707">
    <p class='ocr_par' dir='ltr' id='par_1_94' title="bbox 369 4603 1978 4677">
     <span class='ocr_line' id='line_1_97' title="bbox 369 4603 1978 4677; baseline 0.006 -11"><span class='ocrx_word' id='word_1_806' title='bbox 369 4630 483 4667; x_wconf 90' lang='lat' dir='ltr'><strong>non</strong></span> <span class='ocrx_word' id='word_1_807' title='bbox 519 4611 665 4667; x_wconf 90' lang='lat' dir='ltr'><strong>dicis</strong></span> <span class='ocrx_word' id='word_1_808' title='bbox 698 4613 935 4669; x_wconf 91' lang='lat' dir='ltr'><strong>Deum?</strong></span> <span class='ocrx_word' id='word_1_809' title='bbox 965 4615 1171 4671; x_wconf 66' lang='lat' dir='ltr'><strong>Macati.</strong></span> <span class='ocrx_word' id='word_1_810' title='bbox 1207 4617 1329 4672; x_wconf 78' lang='lat' dir='ltr'><strong>Dixi</strong></span> <span class='ocrx_word' id='word_1_811' title='bbox 1368 4620 1545 4674; x_wconf 83' lang='lat' dir='ltr'><strong>Deum</strong></span> <span class='ocrx_word' id='word_1_812' title='bbox 1583 4637 1650 4675; x_wconf 83' lang='lat' dir='ltr'><strong>ex</strong></span> <span class='ocrx_word' id='word_1_813' title='bbox 1680 4621 1816 4676; x_wconf 89' lang='lat' dir='ltr'><strong>Deo.</strong></span> <span class='ocrx_word' id='word_1_814' title='bbox 1844 4603 1978 4677; x_wconf 63' lang='grc' dir='ltr'><strong>Ονιλ</strong></span> 
     </span>
    </p>
   </div>
   <div class='ocr_carea' id='block_1_95' title="bbox 2139 4603 3755 4707">
    <p class='ocr_par' dir='ltr' id='par_1_95' title="bbox 2139 4603 3755 4707">
     <span class='ocr_line' id='line_1_98' title="bbox 2139 4603 3755 4707; baseline -0.011 -35"><span class='ocrx_word' id='word_1_815' title='bbox 2139 4623 2269 4674; x_wconf 57' lang='lat' dir='ltr'><strong>iam”).</strong></span> <span class='ocrx_word' id='word_1_816' title='bbox 2304 4618 2448 4689; x_wconf 79' lang='grc' dir='ltr'><strong>Ὀρῦ.</strong></span> <span class='ocrx_word' id='word_1_817' title='bbox 2484 4615 2544 4669; x_wconf 75' lang='lat' dir='ltr'><strong>Ei</strong></span> <span class='ocrx_word' id='word_1_818' title='bbox 2569 4612 2747 4668; x_wconf 86' lang='grc' dir='ltr'>τοίνυν</span> <span class='ocrx_word' id='word_1_819' title='bbox 2782 4611 2909 4673; x_wconf 88' lang='grc' dir='ltr'>Θεὸς</span> <span class='ocrx_word' id='word_1_820' title='bbox 2941 4610 2967 4663; x_wconf 86' lang='grc' dir='ltr'>ὁ</span> <span class='ocrx_word' id='word_1_821' title='bbox 2999 4609 3210 4683; x_wconf 78' lang='grc' dir='ltr'>Πατὴρ,</span> <span class='ocrx_word' id='word_1_822' title='bbox 3255 4604 3344 4661; x_wconf 84' lang='grc' dir='ltr'><strong>καὶ</strong></span> <span class='ocrx_word' id='word_1_823' title='bbox 3376 4606 3506 4707; x_wconf 33' lang='grc' dir='ltr'>Θὶεὸς</span> <span class='ocrx_word' id='word_1_824' title='bbox 3533 4604 3576 4707; x_wconf 46' lang='lat'>‘6</span> <span class='ocrx_word' id='word_1_825' title='bbox 3610 4603 3755 4707; x_wconf 46' lang='grc' dir='ltr'>Υἱὸς,</span> 
     </span>
    </p>
   </div>
   <div class='ocr_carea' id='block_1_96' title="bbox 362 4691 1978 4781">
    <p class='ocr_par' dir='ltr' id='par_1_96' title="bbox 362 4702 1978 4776">
     <span class='ocr_line' id='line_1_99' title="bbox 362 4702 1978 4776; baseline 0.007 -22"><span class='ocrx_word' id='word_1_826' title='bbox 362 4703 564 4772; x_wconf 87' lang='lat' dir='ltr'><strong>Itaque</strong></span> <span class='ocrx_word' id='word_1_827' title='bbox 596 4702 642 4756; x_wconf 92' lang='lat' dir='ltr'><strong>si</strong></span> <span class='ocrx_word' id='word_1_828' title='bbox 680 4702 845 4758; x_wconf 88' lang='lat' dir='ltr'><strong>Pater</strong></span> <span class='ocrx_word' id='word_1_829' title='bbox 874 4710 961 4759; x_wconf 90' lang='lat' dir='ltr'><strong>est</strong></span> <span class='ocrx_word' id='word_1_830' title='bbox 993 4705 1230 4773; x_wconf 89' lang='lat' dir='ltr'><strong>Deus,et</strong></span> <span class='ocrx_word' id='word_1_831' title='bbox 1264 4707 1439 4764; x_wconf 85' lang='lat' dir='ltr'><strong>Filius</strong></span> <span class='ocrx_word' id='word_1_832' title='bbox 1472 4710 1789 4776; x_wconf 88' lang='lat' dir='ltr'><strong>Deus,dicit</strong></span> <span class='ocrx_word' id='word_1_833' title='bbox 1812 4715 1978 4766; x_wconf 88' lang='lat' dir='ltr'><strong>auten</strong></span> 
     </span>
    </p>
   </div>
   <div class='ocr_carea' id='block_1_97' title="bbox 2146 4691 3762 4781">
    <p class='ocr_par' dir='ltr' id='par_1_97' title="bbox 2146 4691 3762 4781">
     <span class='ocr_line' id='line_1_100' title="bbox 2146 4691 3762 4781; baseline -0.011 -19"><span class='ocrx_word' id='word_1_834' title='bbox 2146 4708 2265 4781; x_wconf 72' lang='grc' dir='ltr'>,ἐγει</span> <span class='ocrx_word' id='word_1_835' title='bbox 2299 4703 2355 4759; x_wconf 71' lang='grc' dir='ltr'><strong>δὲ</strong></span> <span class='ocrx_word' id='word_1_836' title='bbox 2387 4706 2414 4758; x_wconf 84' lang='grc' dir='ltr'>ὁ</span> <span class='ocrx_word' id='word_1_837' title='bbox 2464 4702 2616 4773; x_wconf 86' lang='grc' dir='ltr'>Θεὸς,</span> <span class='ocrx_word' id='word_1_838' title='bbox 2672 4728 2698 4753; x_wconf 90' lang='grc'><strong>‹‹</strong></span> <span class='ocrx_word' id='word_1_839' title='bbox 2740 4701 2877 4776; x_wconf 85' lang='grc' dir='ltr'>Ἐγὼ</span> <span class='ocrx_word' id='word_1_840' title='bbox 2910 4697 3037 4760; x_wconf 87' lang='grc' dir='ltr'>Θεὸς</span> <span class='ocrx_word' id='word_1_841' title='bbox 3069 4701 3309 4769; x_wconf 81' lang='grc' dir='ltr'>πρῶτος,</span> <span class='ocrx_word' id='word_1_842' title='bbox 3338 4693 3427 4748; x_wconf 83' lang='grc' dir='ltr'><strong>καὶ</strong></span> <span class='ocrx_word' id='word_1_843' title='bbox 3459 4692 3564 4781; x_wconf 73' lang='grc' dir='ltr'><strong>ἐγὼ</strong></span> <span class='ocrx_word' id='word_1_844' title='bbox 3593 4691 3669 4752; x_wconf 49' lang='grc' dir='ltr'>εἷς</span> <span class='ocrx_word' id='word_1_845' title='bbox 3695 4691 3762 4745; x_wconf 80' lang='grc' dir='ltr'>τὰ</span> 
     </span>
    </p>
   </div>
   <div class='ocr_carea' id='block_1_98' title="bbox 368 4779 1984 4872">
    <p class='ocr_par' dir='ltr' id='par_1_98' title="bbox 368 4792 1984 4872">
     <span class='ocr_line' id='line_1_101' title="bbox 368 4792 1984 4872; baseline 0.007 -28"><span class='ocrx_word' id='word_1_846' title='bbox 368 4795 537 4860; x_wconf 87' lang='lat' dir='ltr'><strong>Deus,</strong></span> <span class='ocrx_word' id='word_1_847' title='bbox 575 4815 601 4842; x_wconf 85' lang='lat'><strong>«</strong></span> <span class='ocrx_word' id='word_1_848' title='bbox 650 4792 763 4864; x_wconf 89' lang='lat' dir='ltr'><strong>Ego</strong></span> <span class='ocrx_word' id='word_1_849' title='bbox 812 4793 966 4848; x_wconf 90' lang='lat' dir='ltr'><strong>Dcus</strong></span> <span class='ocrx_word' id='word_1_850' title='bbox 1016 4796 1265 4866; x_wconf 89' lang='lat' dir='ltr'><strong>primus,</strong></span> <span class='ocrx_word' id='word_1_851' title='bbox 1317 4803 1373 4853; x_wconf 90' lang='lat' dir='ltr'><strong>et</strong></span> <span class='ocrx_word' id='word_1_852' title='bbox 1420 4816 1526 4871; x_wconf 87' lang='lat' dir='ltr'><strong>ego</strong></span> <span class='ocrx_word' id='word_1_853' title='bbox 1572 4804 1924 4872; x_wconf 86' lang='lat' dir='ltr'><strong>postremus,</strong></span> <span class='ocrx_word' id='word_1_854' title='bbox 1981 4825 1984 4847; x_wconf 68' lang='grc' dir='ltr'><strong>ι</strong></span> 
     </span>
    </p>
   </div>
   <div class='ocr_carea' id='block_1_99' title="bbox 2145 4779 3761 4872">
    <p class='ocr_par' dir='ltr' id='par_1_99' title="bbox 2145 4779 3761 4872">
     <span class='ocr_line' id='line_1_102' title="bbox 2145 4779 3761 4872; baseline -0.025 -1"><span class='ocrx_word' id='word_1_855' title='bbox 2145 4779 2474 4871; x_wconf 68' lang='grc' dir='ltr'>πέρχόμεναο</span> <span class='ocrx_word' id='word_1_856' title='bbox 2512 4816 2538 4844; x_wconf 85' lang='lat'><em>”</em></span> <span class='ocrx_word' id='word_1_857' title='bbox 2576 4792 2674 4864; x_wconf 74' lang='grc' dir='ltr'><strong>μία</strong></span> <span class='ocrx_word' id='word_1_858' title='bbox 2706 4792 2806 4864; x_wconf 73' lang='grc' dir='ltr'><strong>ἄρα</strong></span> <span class='ocrx_word' id='word_1_859' title='bbox 2838 4782 3052 4857; x_wconf 73' lang='grc' dir='ltr'>θεὸτης.</span> <span class='ocrx_word' id='word_1_860' title='bbox 3087 4788 3234 4843; x_wconf 85' lang='grc' dir='ltr'>Μακ.</span> <span class='ocrx_word' id='word_1_861' title='bbox 3269 4781 3373 4839; x_wconf 63' lang='grc' dir='ltr'>Κᾶν</span> <span class='ocrx_word' id='word_1_862' title='bbox 3426 4779 3659 4837; x_wconf 81' lang='grc' dir='ltr'>πλείονα</span> 
     </span>
    </p>
   </div>
   <div class='ocr_carea' id='block_1_100' title="bbox 366 4871 1982 4973">
    <p class='ocr_par' dir='ltr' id='par_1_100' title="bbox 366 4871 1982 4961">
     <span class='ocr_line' id='line_1_103' title="bbox 366 4871 1982 4961; baseline 0.006 -27"><span class='ocrx_word' id='word_1_863' title='bbox 366 4898 500 4951; x_wconf 89' lang='lat' dir='ltr'><strong>ergo</strong></span> <span class='ocrx_word' id='word_1_864' title='bbox 536 4882 705 4937; x_wconf 89' lang='lat' dir='ltr'><strong>unica</strong></span> <span class='ocrx_word' id='word_1_865' title='bbox 737 4888 826 4938; x_wconf 89' lang='lat' dir='ltr'><strong>est</strong></span> <span class='ocrx_word' id='word_1_866' title='bbox 856 4883 1064 4940; x_wconf 84' lang='lat' dir='ltr'><strong>deitas.</strong></span> <span class='ocrx_word' id='word_1_867' title='bbox 1089 4887 1548 4943; x_wconf 81' lang='lat' dir='ltr'><strong>Maced.Etiamsi</strong></span> <span class='ocrx_word' id='word_1_868' title='bbox 1577 4871 1747 4961; x_wconf 88' lang='lat' dir='ltr'><strong>plura</strong></span> <span class='ocrx_word' id='word_1_869' title='bbox 1771 4888 1982 4945; x_wconf 86' lang='lat' dir='ltr'><strong>dixeris</strong></span> 
     </span>
    </p>
   </div>
   <div class='ocr_carea' id='block_1_101' title="bbox 2146 4871 3762 4973">
    <p class='ocr_par' dir='ltr' id='par_1_101' title="bbox 2148 4871 3762 4960">
     <span class='ocr_line' id='line_1_104' title="bbox 2148 4871 3762 4960; baseline -0.009 -20"><span class='ocrx_word' id='word_1_870' title='bbox 2148 4882 2430 4960; x_wconf 64' lang='grc' dir='ltr'>ῗπῃς,ἐγὼ</span> <span class='ocrx_word' id='word_1_871' title='bbox 2492 4881 2615 4955; x_wconf 88' lang='grc' dir='ltr'>μίαν</span> <span class='ocrx_word' id='word_1_872' title='bbox 2671 4874 2898 4949; x_wconf 77' lang='grc' dir='ltr'>θεὸτητα</span> <span class='ocrx_word' id='word_1_873' title='bbox 2957 4877 3123 4932; x_wconf 73' lang='grc' dir='ltr'>εἰπεῖν</span> <span class='ocrx_word' id='word_1_874' title='bbox 3181 4874 3243 4929; x_wconf 76' lang='grc' dir='ltr'>οὗ</span> <span class='ocrx_word' id='word_1_875' title='bbox 3300 4871 3762 4944; x_wconf 74' lang='grc' dir='ltr'>πείθομαι.’ορθ.</span> 
     </span>
    </p>
   </div>
   <div class='ocr_carea' id='block_1_102' title="bbox 366 4958 1982 5047">
    <p class='ocr_par' dir='ltr' id='par_1_102' title="bbox 366 4972 1982 5042">
     <span class='ocr_line' id='line_1_105' title="bbox 366 4972 1982 5042; baseline 0.006 -19"><span class='ocrx_word' id='word_1_876' title='bbox 366 4987 476 5024; x_wconf 87' lang='lat' dir='ltr'><strong>non</strong></span> <span class='ocrx_word' id='word_1_877' title='bbox 510 4972 873 5042; x_wconf 85' lang='lat' dir='ltr'><strong>persuaseris</strong></span> <span class='ocrx_word' id='word_1_878' title='bbox 901 4973 1065 5041; x_wconf 83' lang='lat' dir='ltr'><strong>mihi,</strong></span> <span class='ocrx_word' id='word_1_879' title='bbox 1122 4980 1184 5029; x_wconf 90' lang='lat' dir='ltr'><strong>ut</strong></span> <span class='ocrx_word' id='word_1_880' title='bbox 1233 4978 1461 5032; x_wconf 82' lang='lat' dir='ltr'><strong>unicam</strong></span> <span class='ocrx_word' id='word_1_881' title='bbox 1494 4978 1770 5035; x_wconf 85' lang='lat' dir='ltr'><strong>deitatem</strong></span> <span class='ocrx_word' id='word_1_882' title='bbox 1795 4978 1982 5034; x_wconf 89' lang='lat' dir='ltr'><strong>dicam</strong></span> 
     </span>
    </p>
   </div>
   <div class='ocr_carea' id='block_1_103' title="bbox 2151 4958 3767 5047">
    <p class='ocr_par' dir='ltr' id='par_1_103' title="bbox 2151 4958 3767 5047">
     <span class='ocr_line' id='line_1_106' title="bbox 2151 4958 3767 5047; baseline -0.013 -17"><span class='ocrx_word' id='word_1_883' title='bbox 2151 4973 2183 5031; x_wconf 66' lang='grc' dir='ltr'>τι</span> <span class='ocrx_word' id='word_1_884' title='bbox 2219 4958 2293 5047; x_wconf 62' lang='grc' dir='ltr'>μή</span> <span class='ocrx_word' id='word_1_885' title='bbox 2330 4958 2439 5027; x_wconf 77' lang='grc' dir='ltr'>ἐστι</span> <span class='ocrx_word' id='word_1_886' title='bbox 2476 4970 2572 5043; x_wconf 90' lang='grc' dir='ltr'><strong>μία</strong></span> <span class='ocrx_word' id='word_1_887' title='bbox 2603 4965 2793 5040; x_wconf 77' lang='grc' dir='ltr'>Θεότης</span> <span class='ocrx_word' id='word_1_888' title='bbox 2825 4967 3037 5041; x_wconf 66' lang='lat' dir='ltr'><strong>Ila-.96:</strong></span> <span class='ocrx_word' id='word_1_889' title='bbox 3065 4964 3154 5020; x_wconf 81' lang='grc' dir='ltr'><strong>καὶ</strong></span> <span class='ocrx_word' id='word_1_890' title='bbox 3213 4963 3365 5034; x_wconf 73' lang='grc' dir='ltr'>ἶ“ἱοῦ,</span> <span class='ocrx_word' id='word_1_891' title='bbox 3424 4959 3570 5030; x_wconf 79' lang='grc' dir='ltr'>ἄλλη</span> <span class='ocrx_word' id='word_1_892' title='bbox 3634 4958 3767 5027; x_wconf 69' lang='grc' dir='ltr'>ἐστὶ,</span> 
     </span>
    </p>
   </div>
   <div class='ocr_carea' id='block_1_104' title="bbox 369 5050 1985 5134">
    <p class='ocr_par' dir='ltr' id='par_1_104' title="bbox 369 5060 1984 5124">
     <span class='ocr_line' id='line_1_107' title="bbox 369 5060 1984 5124; baseline 0.005 -9"><span class='ocrx_word' id='word_1_893' title='bbox 369 5062 529 5115; x_wconf 80' lang='lat' dir='ltr'><strong>Orlh.</strong></span> <span class='ocrx_word' id='word_1_894' title='bbox 576 5060 696 5115; x_wconf 88' lang='lat' dir='ltr'><strong>Nisi</strong></span> <span class='ocrx_word' id='word_1_895' title='bbox 750 5079 865 5116; x_wconf 87' lang='lat' dir='ltr'><strong>una</strong></span> <span class='ocrx_word' id='word_1_896' title='bbox 898 5063 975 5118; x_wconf 90' lang='lat' dir='ltr'><strong>sit</strong></span> <span class='ocrx_word' id='word_1_897' title='bbox 1023 5064 1210 5120; x_wconf 83' lang='lat' dir='ltr'><strong>deitas</strong></span> <span class='ocrx_word' id='word_1_898' title='bbox 1256 5067 1445 5121; x_wconf 88' lang='lat' dir='ltr'><strong>Patris</strong></span> <span class='ocrx_word' id='word_1_899' title='bbox 1492 5074 1549 5122; x_wconf 87' lang='lat' dir='ltr'><strong>et</strong></span> <span class='ocrx_word' id='word_1_900' title='bbox 1595 5068 1723 5123; x_wconf 83' lang='lat' dir='ltr'><strong>Filii</strong></span> <span class='ocrx_word' id='word_1_901' title='bbox 1778 5068 1891 5124; x_wconf 75' lang='lat' dir='ltr'><strong>alia</strong></span> <span class='ocrx_word' id='word_1_902' title='bbox 1923 5086 1984 5123; x_wconf 88' lang='lat' dir='ltr'><strong>es</strong></span> 
     </span>
    </p>
   </div>
   <div class='ocr_carea' id='block_1_105' title="bbox 2150 5050 3766 5134">
    <p class='ocr_par' dir='ltr' id='par_1_105' title="bbox 2156 5050 3766 5134">
     <span class='ocr_line' id='line_1_108' title="bbox 2156 5050 3766 5134; baseline -0.011 -16"><span class='ocrx_word' id='word_1_903' title='bbox 2156 5063 2312 5130; x_wconf 82' lang='grc' dir='ltr'>εὸτης</span> <span class='ocrx_word' id='word_1_904' title='bbox 2345 5065 2441 5116; x_wconf 82' lang='grc' dir='ltr'><strong>τοῦ</strong></span> <span class='ocrx_word' id='word_1_905' title='bbox 2475 5060 2712 5134; x_wconf 79' lang='grc' dir='ltr'>Ιίατρὸς,</span> <span class='ocrx_word' id='word_1_906' title='bbox 2742 5057 2832 5112; x_wconf 81' lang='grc' dir='ltr'><strong>καὶ</strong></span> <span class='ocrx_word' id='word_1_907' title='bbox 2864 5054 3009 5126; x_wconf 81' lang='grc' dir='ltr'>ἄλλη</span> <span class='ocrx_word' id='word_1_908' title='bbox 3056 5053 3248 5123; x_wconf 81' lang='grc' dir='ltr'>θεότης</span> <span class='ocrx_word' id='word_1_909' title='bbox 3276 5056 3373 5106; x_wconf 75' lang='grc' dir='ltr'>τοῦ</span> <span class='ocrx_word' id='word_1_910' title='bbox 3420 5050 3571 5107; x_wconf 76' lang='grc' dir='ltr'>Υἱοῦ,</span> <span class='ocrx_word' id='word_1_911' title='bbox 3626 5055 3766 5105; x_wconf 67' lang='lat' dir='ltr'><strong>Mn.</strong></span> 
     </span>
    </p>
   </div>
   <div class='ocr_carea' id='block_1_106' title="bbox 368 5138 1984 5242">
    <p class='ocr_par' dir='ltr' id='par_1_106' title="bbox 368 5149 1984 5230">
     <span class='ocr_line' id='line_1_109' title="bbox 368 5149 1984 5230; baseline 0.004 -25"><span class='ocrx_word' id='word_1_912' title='bbox 368 5149 570 5213; x_wconf 85' lang='lat' dir='ltr'><strong>Patris,</strong></span> <span class='ocrx_word' id='word_1_913' title='bbox 608 5150 723 5206; x_wconf 87' lang='lat' dir='ltr'><strong>alia</strong></span> <span class='ocrx_word' id='word_1_914' title='bbox 750 5160 837 5206; x_wconf 86' lang='lat' dir='ltr'><strong>est</strong></span> <span class='ocrx_word' id='word_1_915' title='bbox 870 5152 998 5207; x_wconf 86' lang='lat' dir='ltr'><strong>Filii</strong></span> <span class='ocrx_word' id='word_1_916' title='bbox 1050 5154 1257 5210; x_wconf 88' lang='lat' dir='ltr'><strong>deitas.</strong></span> <span class='ocrx_word' id='word_1_917' title='bbox 1303 5156 1503 5212; x_wconf 73' lang='lat' dir='ltr'><strong>Maced.</strong></span> <span class='ocrx_word' id='word_1_918' title='bbox 1558 5162 1706 5214; x_wconf 88' lang='lat' dir='ltr'><strong>Sane</strong></span> <span class='ocrx_word' id='word_1_919' title='bbox 1749 5158 1984 5230; x_wconf 88' lang='lat' dir='ltr'><strong>quidem</strong></span> 
     </span>
    </p>
   </div>
   <div class='ocr_carea' id='block_1_107' title="bbox 2148 5138 3764 5242">
    <p class='ocr_par' dir='ltr' id='par_1_107' title="bbox 2148 5138 3764 5242">
     <span class='ocr_line' id='line_1_110' title="bbox 2148 5138 3764 5242; baseline -0.012 -34"><span class='ocrx_word' id='word_1_920' title='bbox 2148 5152 2219 5208; x_wconf 72' lang='grc' dir='ltr'><strong>ἰαὶ</strong></span> <span class='ocrx_word' id='word_1_921' title='bbox 2254 5151 2411 5206; x_wconf 86' lang='grc' dir='ltr'>πάνυ.</span> <span class='ocrx_word' id='word_1_922' title='bbox 2451 5151 2595 5223; x_wconf 85' lang='grc' dir='ltr'>Ὀρθ.</span> <span class='ocrx_word' id='word_1_923' title='bbox 2624 5145 2808 5217; x_wconf 75' lang='grc' dir='ltr'>’Ἄλλη</span> <span class='ocrx_word' id='word_1_924' title='bbox 2841 5144 2898 5201; x_wconf 74' lang='grc' dir='ltr'><strong>δὲ</strong></span> <span class='ocrx_word' id='word_1_925' title='bbox 2926 5145 3016 5199; x_wconf 80' lang='grc' dir='ltr'><strong>καὶ</strong></span> <span class='ocrx_word' id='word_1_926' title='bbox 3046 5142 3193 5211; x_wconf 74' lang='grc' dir='ltr'>ἄλλη</span> <span class='ocrx_word' id='word_1_927' title='bbox 3229 5140 3420 5211; x_wconf 80' lang='grc' dir='ltr'>θεότης</span> <span class='ocrx_word' id='word_1_928' title='bbox 3476 5139 3576 5242; x_wconf 65' lang='grc' dir='ltr'><strong>οὐκ</strong></span> <span class='ocrx_word' id='word_1_929' title='bbox 3634 5138 3764 5242; x_wconf 68' lang='grc' dir='ltr'>εἰσὶν</span> 
     </span>
    </p>
   </div>
   <div class='ocr_carea' id='block_1_108' title="bbox 369 5229 1985 5315">
    <p class='ocr_par' dir='ltr' id='par_1_108' title="bbox 369 5229 1985 5315">
     <span class='ocr_line' id='line_1_111' title="bbox 369 5229 1985 5315; baseline 0.006 -21"><span class='ocrx_word' id='word_1_930' title='bbox 369 5238 664 5296; x_wconf 76' lang='lat' dir='ltr'><strong>Ortlz.Alia</strong></span> <span class='ocrx_word' id='word_1_931' title='bbox 696 5248 892 5296; x_wconf 89' lang='lat' dir='ltr'><strong>autem</strong></span> <span class='ocrx_word' id='word_1_932' title='bbox 926 5245 981 5297; x_wconf 90' lang='lat' dir='ltr'><strong>et</strong></span> <span class='ocrx_word' id='word_1_933' title='bbox 1012 5241 1469 5315; x_wconf 87' lang='lat' dir='ltr'><strong>aliadeitas,non</strong></span> <span class='ocrx_word' id='word_1_934' title='bbox 1493 5250 1632 5301; x_wconf 85' lang='lat' dir='ltr'><strong>sunt</strong></span> <span class='ocrx_word' id='word_1_935' title='bbox 1664 5229 1817 5303; x_wconf 83' lang='lat' dir='ltr'><strong>unus</strong></span> <span class='ocrx_word' id='word_1_936' title='bbox 1842 5249 1985 5303; x_wconf 84' lang='lat' dir='ltr'><strong>Deus</strong></span> 
     </span>
    </p>
   </div>
   <div class='ocr_carea' id='block_1_109' title="bbox 2151 5229 3767 5315">
    <p class='ocr_par' dir='ltr' id='par_1_109' title="bbox 2151 5229 3767 5312">
     <span class='ocr_line' id='line_1_112' title="bbox 2151 5229 3767 5312; baseline -0.011 -16"><span class='ocrx_word' id='word_1_937' title='bbox 2151 5242 2198 5305; x_wconf 73' lang='grc' dir='ltr'><strong>ἴς</strong></span> <span class='ocrx_word' id='word_1_938' title='bbox 2229 5237 2376 5303; x_wconf 83' lang='grc' dir='ltr'>Θεός.</span> <span class='ocrx_word' id='word_1_939' title='bbox 2411 5242 2555 5298; x_wconf 85' lang='grc' dir='ltr'>Μακ.</span> <span class='ocrx_word' id='word_1_940' title='bbox 2616 5238 2693 5296; x_wconf 80' lang='grc' dir='ltr'><strong>Οὐ</strong></span> <span class='ocrx_word' id='word_1_941' title='bbox 2749 5239 2851 5312; x_wconf 82' lang='grc' dir='ltr'>γὰρ</span> <span class='ocrx_word' id='word_1_942' title='bbox 2908 5232 3053 5311; x_wconf 70' lang='grc' dir='ltr'>λέγω</span> <span class='ocrx_word' id='word_1_943' title='bbox 3108 5229 3200 5287; x_wconf 72' lang='grc' dir='ltr'>ἕνα</span> <span class='ocrx_word' id='word_1_944' title='bbox 3230 5231 3358 5287; x_wconf 84' lang='grc' dir='ltr'>Θεὸν</span> <span class='ocrx_word' id='word_1_945' title='bbox 3416 5229 3631 5303; x_wconf 70' lang='grc' dir='ltr'>Πατέρα</span> <span class='ocrx_word' id='word_1_946' title='bbox 3682 5229 3767 5281; x_wconf 64' lang='grc' dir='ltr'><strong>καὶ</strong></span> 
     </span>
    </p>
   </div>
   <div class='ocr_carea' id='block_1_110' title="bbox 437 5431 2053 5517">
    <p class='ocr_par' dir='ltr' id='par_1_110' title="bbox 437 5440 2053 5517">
     <span class='ocr_line' id='line_1_113' title="bbox 437 5440 2053 5517; baseline 0.002 -21"><span class='ocrx_word' id='word_1_947' title='bbox 437 5441 481 5474; x_wconf 69' lang='grc'><strong>⁸³</strong></span> <span class='ocrx_word' id='word_1_948' title='bbox 511 5440 621 5497; x_wconf 88' lang='lat' dir='ltr'><strong>Isa.</strong></span> <span class='ocrx_word' id='word_1_949' title='bbox 655 5456 816 5509; x_wconf 79' lang='lat' dir='ltr'><strong>xun,</strong></span> <span class='ocrx_word' id='word_1_950' title='bbox 854 5443 939 5514; x_wconf 91' lang='grc'><strong>11,</strong></span> <span class='ocrx_word' id='word_1_951' title='bbox 975 5443 1059 5499; x_wconf 88' lang='grc'><strong>12.</strong></span> <span class='ocrx_word' id='word_1_952' title='bbox 1136 5443 1182 5479; x_wconf 79' lang='grc' dir='ltr'><strong>⁷ο</strong></span> <span class='ocrx_word' id='word_1_953' title='bbox 1209 5448 1324 5500; x_wconf 90' lang='lat' dir='ltr'><strong>Isa.</strong></span> <span class='ocrx_word' id='word_1_954' title='bbox 1356 5461 1484 5514; x_wconf 82' lang='lat' dir='ltr'><strong>XLV,</strong></span> <span class='ocrx_word' id='word_1_955' title='bbox 1518 5446 1714 5501; x_wconf 74' lang='lat'><strong>22-24.</strong></span> <span class='ocrx_word' id='word_1_956' title='bbox 1790 5449 1833 5482; x_wconf 74' lang='grc' dir='ltr'><strong>’τί</strong></span> <span class='ocrx_word' id='word_1_957' title='bbox 1876 5444 2053 5517; x_wconf 67' lang='lat' dir='ltr'><strong>Phili;</strong></span> 
     </span>
    </p>
   </div>
   <div class='ocr_carea' id='block_1_111' title="bbox 1841 5431 3457 5517">
    <p class='ocr_par' dir='ltr' id='par_1_111' title="bbox 1876 5431 3457 5517">
     <span class='ocr_line' id='line_1_114' title="bbox 1876 5431 3457 5517; baseline -0.01 -16"><span class='ocrx_word' id='word_1_958' title='bbox 1876 5444 2129 5517; x_wconf 89' lang='lat' dir='ltr'><strong>Philipp.</strong></span> <span class='ocrx_word' id='word_1_959' title='bbox 2163 5460 2226 5511; x_wconf 82' lang='grc' dir='ltr'><strong>ιι,</strong></span> <span class='ocrx_word' id='word_1_960' title='bbox 2264 5443 2348 5498; x_wconf 90' lang='grc'><strong>10.</strong></span> <span class='ocrx_word' id='word_1_961' title='bbox 2451 5440 2495 5474; x_wconf 73' lang='lat'><strong>7*</strong></span> <span class='ocrx_word' id='word_1_962' title='bbox 2523 5439 2693 5496; x_wconf 80' lang='lat' dir='ltr'><strong>Joan.</strong></span> <span class='ocrx_word' id='word_1_963' title='bbox 2726 5450 2839 5503; x_wconf 72' lang='lat' dir='ltr'><strong>xxv,</strong></span> <span class='ocrx_word' id='word_1_964' title='bbox 2870 5436 2926 5490; x_wconf 85' lang='lat'><strong>9.</strong></span> <span class='ocrx_word' id='word_1_965' title='bbox 3003 5434 3048 5469; x_wconf 79' lang='grc'><strong>⁷⁸</strong></span> <span class='ocrx_word' id='word_1_966' title='bbox 3080 5435 3191 5489; x_wconf 77' lang='lat' dir='ltr'><strong>Isa.</strong></span> <span class='ocrx_word' id='word_1_967' title='bbox 3222 5446 3373 5495; x_wconf 68' lang='grc' dir='ltr'>κων,</span> <span class='ocrx_word' id='word_1_968' title='bbox 3402 5431 3457 5495; x_wconf 87' lang='grc'>6,</span> 
     </span>
    </p>
   </div>
   <div class='ocr_carea' id='block_1_112' title="bbox 440 5627 2056 5714">
    <p class='ocr_par' dir='ltr' id='par_1_112' title="bbox 440 5635 1108 5714">
     <span class='ocr_line' id='line_1_115' title="bbox 440 5635 1108 5714; baseline 0.003 -19"><span class='ocrx_word' id='word_1_969' title='bbox 440 5642 516 5714; x_wconf 79' lang='grc'><strong>(4)</strong></span> <span class='ocrx_word' id='word_1_970' title='bbox 548 5640 757 5698; x_wconf 61' lang='lat' dir='ltr'><strong>Patet...</strong></span> <span class='ocrx_word' id='word_1_971' title='bbox 792 5635 1108 5697; x_wconf 78' lang='grc' dir='ltr'>κινδυνεύει.</span> 
     </span>
    </p>
   </div>
   <div class='ocr_carea' id='block_1_113' title="bbox 1324 5627 2940 5714">
    <p class='ocr_par' dir='ltr' id='par_1_113' title="bbox 2197 5627 2940 5711">
     <span class='ocr_line' id='line_1_116' title="bbox 2197 5627 2940 5711; baseline -0.008 -18"><span class='ocrx_word' id='word_1_972' title='bbox 2197 5639 2268 5711; x_wconf 89' lang='grc'><strong>(5)</strong></span> <span class='ocrx_word' id='word_1_973' title='bbox 2301 5636 2513 5707; x_wconf 51' lang='lat' dir='ltr'><strong>Palat&quot;,</strong></span> <span class='ocrx_word' id='word_1_974' title='bbox 2545 5630 2663 5692; x_wconf 74' lang='grc' dir='ltr'><strong>Ἐὰν</strong></span> <span class='ocrx_word' id='word_1_975' title='bbox 2695 5627 2940 5687; x_wconf 84' lang='grc' dir='ltr'>πλείονα.</span> 
     </span>
    </p>
   </div>
  </div>
