2046 3109
136 181 215 212 1213

605 180 657 211 DE
679 181 830 212 SANCTA
854 180 1067 211 TRINITATE
1091 178 1286 212 DIALOGUS
1307 179 1359 211 ΠΙ.

1766 175 1845 206 1214

137 246 212 275 Υἱόν.
229 246 301 284 ὀρθ.
323 246 385 275 Ἐὰν
410 245 455 273 οὖν
480 245 598 283 ἀκούσῃς
620 244 668 273 τοῦ
693 246 836 285 προφήτου
866 245 961 283 λέγον-

1024 246 1118 274 "acad.
1132 246 1189 274 Nec
1204 246 1282 274 enim
1298 246 1373 279 dico,
1387 247 1498 272 Patrem
1511 246 1540 272 et
1551 243 1657 272 Filium
1675 251 1738 270 esse
1750 251 1842 269 unum

136 301 194 327 τος,
212 290 321 319 »Οὕτω
350 290 423 328 λέγει
454 290 550 328 Κύριος
581 288 701 318 σαϐαώθ·
726 289 887 318 Ἐκοπίασεν
911 288 960 316 Δῖ-

138 345 252 374 γυπτος,
277 335 322 362 καὶ
350 334 468 373 ἰμπορία
494 335 643 363 Αἰθιόπων·
667 335 713 362 καὶ
737 335 763 362 οἱ
786 332 962 371 Σαϐαεὶμ(ϐ)

141 378 237 417 ἄνδρες
253 379 356 416 ὑψηλοὶ
371 379 415 407 ἐπὶ
440 379 468 407 σὶ
492 376 679 415 διαϐήσονται,
695 379 739 407 καὶ
763 378 964 414 ἀκολουθήσου-

142 435 184 451 σιν
202 424 289 451 ὀπίσω
311 434 353 451 σοι
378 422 515 460 δεδεμένοι
540 422 725 462 χειροπέδαις,
740 423 785 451 καὶ
809 423 964 460 προσκυνή-

140 468 219 495 σουσί
235 478 287 496 σοι.
305 468 343 495 Σὺ
358 468 410 506 γὰρ
427 468 452 495 εἴ
465 468 542 502 Θεὸς,
557 468 602 495 καὶ
623 467 672 495 οὐκ
687 466 810 505 ᾔδειμεν,
826 468 890 498 Θεὸς
916 469 965 494 τοῦ

140 512 253 550 Ἰσραήλ
282 514 332 549 (7),
362 524 376 538 ι)
404 512 465 540 τίνα
493 512 582 550 λέγεις
613 513 748 550 εἷρηκέναι
775 514 876 546 ταῦτα;
893 514 964 539 Μακ.

139 558 194 585 Τὸν
211 557 281 585 Υἶόν.
309 557 384 594 Ὀρῦ.
411 556 443 584 Εἴ
467 555 495 584 δὲ
523 557 568 584 καὶ
599 557 624 584 οἱ
651 556 864 587 ἀκολουθοῦντες
895 556 966 593 αὐτῷ

141 602 374 639 προσκυνήσουσιν
403 601 429 628 ἰν
459 600 533 638 αἰ)τῷ
571 599 808 639 προσευχόμενοι,
838 600 967 636 ἀληθινός

141 646 200 674 ἐστι
216 645 280 676 Θεός
294 659 301 680 ;
317 649 388 674 Μακ.
405 645 466 674 Ναί.
492 646 568 682 Ὀρο,
596 648 813 684 Προσκυνοῦντες
840 644 869 672 δὲ
895 644 968 682 αὐτῷ

140 690 194 718 οὐκ
207 689 349 727 ἀλλοτρίῳ
364 692 422 726 Θεῷ
437 692 655 728 προσκυνοῦμεν,
672 689 735 718 οὐδὲ
751 689 799 717 δύο
821 693 908 721 Θεοῖς·
924 690 968 727 γέ-

140 745 261 773 γραπται
286 735 349 773 γάρ·
367 746 381 761 ‹‹
398 734 496 772 Κύριον
524 735 571 762 τὸν
599 734 663 762 Θεόν
688 745 736 762 σου
760 735 968 772 προσκυνήσεις,

140 779 188 807 καὶ
218 779 292 815 αὐτῷ
323 780 399 816 μόνῳ
426 778 593 816 λατρεύσεις.
611 792 622 806 ι
642 779 683 806 Εἷ-
700 778 728 807 δὲ
757 781 970 816 προσκυνοῦντες

141 825 229 860 αὐτῷ,
244 823 289 851 καὶ
317 823 358 860 τῷ
386 824 472 861 Πατρί
501 824 592 861 Κυρίῳ
615 826 655 860 τῷ
680 823 738 860 Θεῷ
753 825 968 861 προσκυνοῦμεν,

142 868 191 896 καὶ
206 869 280 905 αὐτῷ
303 868 380 905 μόνῳ
405 867 584 905 λατρεύομεν·
603 868 651 905 μία
675 867 725 906 ἄρα
745 868 840 903 θεότης
864 868 968 905 Πατρὸς

142 914 189 940 καὶ
219 913 291 942 Υἱοῦ.
307 913 388 941 Οὕτω
415 913 467 951 γὰρ
496 912 540 940 καὶ
570 913 694 949 ἐροῦμεν,
710 912 750 940 ὅτι
765 925 778 938 α
797 912 834 939 Σὺ
850 913 864 939 6
892 912 970 947 Θεὸς,
986 930 1009 962 Β

142 958 189 985 καὶ
206 957 232 984 ἐν
249 957 290 985 σοὶ
307 958 321 985 6
336 957 414 993 Θεὸς,
428 957 474 985 καὶ
491 957 541 985 οὑκ
556 956 611 985 ἔστι
627 957 692 988 Θεὸς
707 956 780 992 πλήν
797 959 855 986 σοῦ.
868 968 881 982 ιι
899 960 969 984 Μακ.

145 1002 177 1030 Ei
194 1002 219 1029 ἐν
233 1002 306 1038 αὑτῷ
321 1002 335 1029 6
352 1002 427 1038 Θεὸς,
443 1004 502 1033 πῶς
529 1001 579 1038 μία
603 1002 716 1037 θεότης;
731 1002 806 1039 Ὀρθ.
822 1002 883 1030 ’Ότι
909 1001 970 1028 ἐπι-

145 1046 231 1086 φέρεν
249 1059 263 1072 ‹‹
280 1046 329 1073 Καὶ
356 1047 406 1073 οὑκ
428 1045 484 1074 ἔστι
509 1046 573 1077 Θεὸς
599 1046 673 1080 πλὴν
690 1048 749 1075 σοῦ.
767 1059 778 1072 ι
797 1046 845 1073 Καὶ
861 1047 875 1073 6
891 1047 970 1082 Ἰερε-

147 1091 210 1128 μίας
235 1090 317 1129 λέγει’
335 1091 452 1121 «Οὗτος
476 1091 492 1118 ἀ
520 1091 584 1122 Θεὸς
609 1092 702 1126 ἡμῶν,
719 1091 750 1118 οὗ
780 1090 970 1128 λογισθήσεται

144 1134 236 1171 ’ἑτερος
264 1135 332 1173 πρὸς
361 1132 452 1163 αὑτόν.
470 1135 574 1172 Ἐξεῦρε
602 1138 688 1162 πᾶσαν
713 1134 775 1162 ὁδὸν
803 1135 970 1171 ἐπιστήμης,

143 1179 191 1207 καὶ
206 1178 305 1208 ἔδωκεν
322 1179 405 1213 αὐτὴν
422 1177 519 1208 Ἰακὼϐ
533 1181 573 1215 τῷ
587 1178 664 1206 παιδὶ
686 1180 778 1215 αὑτοῦ,
794 1179 838 1206 καὶ
858 1179 969 1217 Ἰσραὴλ

142 1225 185 1260 τῷ
213 1224 384 1263 ἠγαπημένῳ
414 1223 458 1251 ὑπ’
473 1224 565 1252 αὑτοῦ.
582 1224 655 1252 Μετὰ
679 1226 763 1251 ταῦτα
779 1223 822 1251 ἐπὶ
847 1227 895 1258 τῆς
919 1227 970 1261 γῆς

143 1266 298 1308 ὤφθη,παὶ
328 1271 386 1300 τοῖς
416 1268 571 1305 ἀνθρώποις
601 1269 812 1308 συνανεστράφη.
845 1280 858 1294 υ
887 1267 917 1296 Εἰ
941 1266 970 1295 δὲ

143 1314 226 1344 οὗτος
239 1313 254 1340 ὁ
268 1312 311 1340 ἐπὶ
326 1316 377 1351 γῆς
393 1313 485 1352 ὀφθείς
500 1312 570 1340 ἐστιν
587 1313 601 1340 6
616 1313 681 1344 Θεὸς
696 1314 789 1349 ἡμῶν,
805 1312 849 1340 καὶ
866 1312 896 1340 οὗ
922 1312 970 1340 λο-

143 1359 303 1396 γισθήσεται
318 1356 410 1396 ἕτερος
432 1358 498 1395 πρὸς
520 1357 610 1385 αὐτόν·
638 1357 686 1394 μία
709 1356 760 1395 ἄρα
784 1357 880 1393 θεότης
911 1358 971 1385 Πα-

142 1403 209 1440 τρὸς
224 1401 268 1429 καὶ
285 1402 358 1430 Γὶοῦ.

179 1449 206 1475 8.
224 1447 296 1475 Μακ.
312 1446 344 1474 Et
376 1446 425 1483 μία
452 1446 548 1481 Θεότης
577 1446 657 1481 ἐστὶν,
675 1446 822 1484 ἀγέννητος
846 1445 874 1474 δέ
899 1446 969 1474 ἐστιν

143 1492 227 1526 ἧτοῦ
256 1491 375 1528 Ματρὸς,
400 1491 513 1528 γεννητή
544 1489 573 1518 δέ
599 1490 654 1518 ἰστι
682 1493 731 1518 τοῦ
760 1491 834 1518 Υὶοῖι·
859 1501 970 1529 γεννητ-

143 1534 289 1573 αγέννητός
314 1536 353 1572 (8)
369 1535 439 1563 ἐστιν
461 1535 479 1570 ἡ
505 1534 611 1570 Θεότης.
633 1535 706 1572 Ὀρθ.
728 1534 839 1563 Γελοῖον
867 1535 972 1572 ὑπομέ-

147 1591 252 1618 μνηκας
278 1579 415 1619 φρόνημα.
433 1582 501 1616 Ἀρα
521 1579 582 1617 γὰρ,
600 1578 641 1606 ὅτι
667 1580 681 1606 ὁ
696 1579 765 1615 ἀνὴρ
791 1580 836 1607 καὶ
860 1580 877 1615 ἡ
901 1581 966 1618 γυνή

143 1625 195 1653 οὑκ
210 1624 260 1652 elui
281 1614 340 1660 66o,
356 1614 429 1651 ἀλλὰ
454 1614 503 1661 μία
527 1614 603 1661 σὰρξ,
619 1624 687 1651 κατὰ
713 1614 763 1659 τὴν
790 1622 839 1652 τοῦ
868 1614 968 1661 Κυριου
983 1614 1005 1647 C

145 1670 251 1707 φωνὴν,
274 1667 465 1706 ἀνδρογύναιός
494 1668 564 1696 ἐστιν
579 1669 596 1703 ἠ
623 1668 711 1706 σάρξς
736 1672 808 1696 Μακ.
838 1668 927 1696 Ἀλλὰ
950 1669 968 1703 ἠ

144 1714 210 1752 σὰρξ
223 1712 272 1741 τοῦ
287 1711 382 1751 ἀνδρὸς
396 1713 441 1740 καὶ
463 1714 511 1747 τῆς
531 1713 671 1750 γυναικὸς,
687 1713 718 1740 ὲκ
741 1716 804 1749 μιᾶς
830 1713 971 1749 ὑποκειμέμ

144 1769 194 1793 νης
211 1757 280 1793 ὕλης
296 1757 359 1793 εἰσὶ,
373 1761 424 1792 τῆς
440 1761 504 1795 γῆς.
520 1758 595 1796 Ὀρθ.
611 1758 671 1785 Ἐὰν
690 1756 736 1784 οὖν
762 1756 828 1796 λέγῃ
843 1758 859 1792 ἠ
877 1758 969 1796 Γραφὴ

146 1803 209 1840 περὶ
237 1805 291 1830 τῶν
320 1802 531 1838 πιστευσάντων,
556 1814 570 1828 ‹‹
601 1803 649 1830 Ἠν
677 1802 768 1833 αὑτοῖς
796 1801 893 1840 καρδία
921 1801 971 1839 μία

144 1847 191 1875 καὶ
217 1848 295 1885 ψυχὴ
312 1847 371 1884 μία,
388 1859 402 1872 ››
432 1847 466 1882 ἦν
493 1847 524 1874 τὸ
552 1846 660 1881 πλῆθος
689 1849 742 1874 τῶν
772 1847 968 1875 πιστευσάντων

147 1892 172 1929 ἐξ
193 1890 297 1930 ἀνδρῶν
323 1891 368 1919 καὶ
392 1893 539 1929 γυναιιῶν,
555 1890 745 1929 ἀνδρογύναιος
774 1892 808 1927 ἦν
833 1892 849 1927 ἠ
872 1892 969 1930 ψυχή;

146 1936 208 1964 Ἐὰν
229 1935 258 1964 δὲ
281 1935 349 1974 λέγῃ
375 1935 492 1971 Παῦλος,
514 1948 528 1962 ‹‹
550 1938 596 1963 Ἓν
620 1937 699 1973 σῶμα
727 1937 771 1963 καὶ
799 1934 826 1964 ἓν
853 1938 969 1973 πνεῦμα,

145 1981 236 2013 καθὼς
252 1980 297 2007 καὶ
312 1980 447 2016 ἐκλήθητε
461 1979 486 2007 έν
501 1983 550 2017 μιᾷ
560 1979 652 2008 έΛπίδι
662 1984 712 2015 τῆς
721 1980 846 2017 κλήσεως
859 1981 946 2017 ὑμῶν,
956 1992 969 2006 ››

145 2024 340 2063 ἀνδρογύναιον
357 2024 447 2062 λέγεις
469 2025 520 2060 τήν
545 2023 652 2059 ἐλπίδα,
667 2024 759 2060 ἐπειδὴ
786 2025 848 2061 μίαν
872 2023 971 2053 ἐλπίδα

145 2069 240 2108 ἆνόρις
255 2070 300 2097 καὶ
314 2072 437 2107 γυναῖκες
451 2069 569 2107 ἕχομενς
586 2073 657 2098 Max.
675 2070 761 2097 Πάλιν
787 2070 868 2107 λέγω,
889 2070 970 2107 ἡμεῖς

148 2114 211 2151 μίαν
225 2113 341 2149 Θεότητα
354 2114 385 2141 οὑ
401 2113 525 2151 λέγομεν.
543 2114 615 2151 Ὀρθ.
633 2114 694 2142 Ἐὰν
722 2113 768 2141 οὖν
790 2113 858 2151 λέγῃ
875 2114 889 2141 ὁ
904 2114 969 2145 Θεὸς

146 2157 192 2186 διὰ
206 2161 254 2186 τοῦ
269 2156 365 2194 Δαὸὶδ,
384 2170 394 2183 ι
412 2159 558 2193 1Ἄκουσον,
569 2157 635 2189 λαός
653 2158 768 2194 μου,καί
784 2157 899 2193 λαλήσω
915 2167 968 2185 σσιθ

146 2203 269 2241 Ἰσραὴλ,
284 2203 329 2230 καὶ
346 2201 584 2241 διαμαρτυροῦμαί
600 2213 652 2230 σοι.
671 2202 729 2229 Ἐὰν
758 2202 875 2240 ἀκούσῃς
905 2213 968 2239 μου,

147 2248 198 2275 οὑκ
214 2247 288 2275 ἔσται
304 2247 330 2274 ἐν
351 2247 393 2274 σοὶ
417 2247 482 2278 Θεὸς
507 2246 673 2285 πρόσφατος,
689 2245 752 2274 οὐδὲ
773 2248 968 2285 προσκυνήσεις

1019 291 1118 318 Deum.
1136 292 1215 320 Orlh.
1227 291 1253 318 Si
1271 291 1373 319 audias
1389 290 1479 326 igitur
1494 289 1664 326 prophetam
1679 287 1841 315 dicentem:

1017 347 1031 360 ‹‹
1047 335 1093 363 sic
1108 335 1179 363 dicit
1203 336 1345 363 Dominus
1361 334 1540 362 exercituum
1558 342 1564 361 :
1583 332 1736 360 Laboravit
1757 334 1843 367 x‘Egy-

1018 382 1097 416 ptus,
1114 382 1142 407 et
1158 380 1315 416 negotiatio
1330 379 1508 415 Ethiopum,
1525 380 1554 406 et
1568 377 1685 404 Sabaim
1704 376 1755 402 viri
1773 384 1841 411 pro-

1019 424 1087 459 ceri,
1099 425 1135 451 ad
1151 427 1179 452 te
1193 424 1372 458 transibunt,
1385 426 1413 451 et
1425 426 1451 451 te
1467 424 1627 458 sequentur
1640 421 1762 447 manicis
1779 420 1846 446 vin-

1020 470 1069 503 cti,
1085 473 1113 498 et
1127 472 1155 497 te
1170 470 1342 498 adorabunt.
1359 470 1400 497 Tu
1417 469 1494 497 enim
1512 476 1542 495 es
1556 471 1640 499 Deus,
1654 469 1680 493 rt
1698 465 1846 501 ignoravi-

1021 523 1110 542 mus:
1129 515 1205 542 Deus
1221 514 1383 546 Israelis'”,
1400 524 1413 538 ››
1440 522 1526 549 quem
1542 513 1601 539 hmc
1618 511 1726 537 dixisse
1747 509 1846 537 existi-

1023 560 1109 587 mas?
1132 559 1232 587 Maced.
1254 559 1370 587 Filium.
1397 558 1475 588 Orth.
1501 558 1581 590 Quod
1599 557 1621 583 si
1649 556 1697 590 qui
1715 563 1781 582 eum
1807 563 1851 581 se-

1023 606 1158 640 quentur,
1170 604 1265 639 ipsum
1284 603 1448 631 adorabunt
1463 603 1491 629 in
1513 603 1576 637 ejus
1594 600 1712 627 non‘xine
1730 607 1851 634 prccan-

1023 651 1078 684 tes,
1095 657 1191 676 nonne
1216 657 1300 676 verus
1325 650 1370 675 est
1392 647 1491 675 Deus?
1514 646 1618 674 Maced.
1647 645 1739 671 Etiam
1770 644 1851 671 0th-

1023 693 1096 720 Cum
1121 696 1219 720 autem
1245 701 1312 720 eum
1337 692 1506 725 adoramus,
1523 690 1650 718 alienum
1677 689 1767 716 Deum
1793 696 1851 714 non

1024 738 1191 771 adoramus,
1209 745 1302 772 neque
1324 737 1397 764 duos
1415 736 1485 764 Deos
1502 744 1508 762 :
1526 735 1667 770 scriptum
1685 735 1729 759 est
1746 731 1823 759 enim
1841 739 1848 759 :

1025 793 1039 807 «
1056 782 1215 809 Dominum
1230 782 1322 809 Deum
1346 784 1430 808 tuum
1446 779 1594 812 adorabis,
1610 781 1637 805 et
1662 777 1702 804 illi
1717 776 1770 803 soli
1786 784 1848 803 ser-

1024 827 1085 854 vies
1095 827 1125 853 “¹¹.
1145 838 1158 851 ››
1170 827 1250 858 Quod
1262 825 1286 853 si
1300 834 1365 853 eum
1379 825 1546 858 adorantes,
1558 824 1644 850 etiam
1664 822 1775 848 Patrem
1792 821 1848 847 Do-

1025 871 1138 898 minum
1155 871 1247 899 Deum
1262 871 1432 903 adoramus,
1448 872 1476 896 ct
1490 868 1515 895 ei
1536 868 1589 895 soli
1608 867 1762 900 servimus,
1779 873 1850 892 sane

1025 924 1084 943 una
1100 918 1144 943 est
1159 914 1262 947 Patris,
1274 917 1302 942 et
1316 914 1380 941 Filii
1396 913 1501 941 deitas.
1518 912 1565 940 Sic
1582 912 1657 939 enim
1676 910 1763 937 etiam
1782 909 1855 936 dici-

1025 968 1114 988 mus:
1135 971 1144 984 ι
1163 960 1206 987 Tu
1221 968 1252 987 es
1272 959 1359 993 Deus,
1376 961 1405 986 et
1428 958 1457 985 in
1475 960 1504 985 te
1531 958 1604 984 Deus
1623 959 1675 989 est,
1693 958 1720 982 et
1739 963 1793 981 non
1811 954 1856 981 est

1025 1004 1101 1032 Deus
1118 1007 1222 1040 prater
1238 1007 1274 1031 te.
1292 1014 1307 1028 α»
1323 1003 1424 1031 Μιισείί.
1447 1001 1476 1030 Si
1494 1002 1522 1028 in
1539 1001 1601 1037 ipso
1618 1006 1658 1027 est
1676 1000 1761 1031 Deus,
1779 1006 1850 1033 quo-

1025 1050 1111 1077 modo
1127 1057 1185 1076 una
1200 1050 1245 1076 est
1268 1047 1384 1076 deitas?
1400 1047 1480 1075 Orth.
1507 1046 1648 1079 Quoniam
1675 1042 1827 1078 subjunxit
1842 1050 1849 1069 :

1026 1105 1039 1118 ε(
1057 1093 1088 1121 ΕΙ.
1103 1102 1161 1120 non
1177 1095 1220 1121 est
1244 1092 1320 1120 Deus
1346 1094 1448 1127 printer
1463 1094 1502 1118 to.
1519 1102 1533 1115 n
1559 1090 1632 1117 4-ιὸ
1659 1089 1692 1116 Et
1707 1087 1849 1115 Jcremias

1026 1138 1147 1174 inquit:
1164 1149 1176 1162 ‹ι
1195 1137 1246 1169 Hic
1273 1141 1318 1164 est
1342 1137 1420 1164 Deus
1443 1138 1551 1169 noster,
1579 1143 1634 1161 non
1660 1132 1853 1160 eestimabitur

1025 1182 1101 1210 alius
1111 1190 1179 1210 cum
1194 1190 1237 1209 eo.
1251 1181 1363 1209 Invenit
1378 1188 1495 1208 omnem
1510 1179 1586 1206 viam
1605 1178 1741 1209 scientiae,
1758 1179 1785 1203 et
1800 1176 1852 1203 de-

1024 1227 1067 1254 dit
1082 1235 1146 1254 cam
1158 1226 1248 1254 Jacob
1264 1234 1352 1261 puero
1364 1233 1428 1260 suo,
1440 1227 1468 1252 ct
1485 1223 1571 1251 Israel
1584 1223 1687 1250 dilecto
1704 1230 1766 1249 suo.
1787 1221 1857 1248 Post

1024 1272 1085 1299 hac
1101 1271 1131 1298 in
1148 1273 1230 1298 terra
1240 1270 1320 1298 visus
1328 1272 1384 1304 est,
1397 1272 1505 1297 etcum
1516 1268 1685 1296 hominibus
1702 1273 1855 1293 conversa-

1024 1319 1073 1343 tus
1088 1317 1132 1343 est
1141 1316 1173 1342 ⁷⁸.
1190 1327 1204 1341 ››
1223 1315 1303 1349 Quod
1321 1314 1345 1342 si
1360 1314 1425 1347 iste,
1443 1313 1491 1349 qui
1509 1312 1588 1339 visus
1605 1315 1647 1338 cst
1665 1311 1691 1337 in
1709 1314 1795 1344 terra,
1809 1303 1856 1336 est

1024 1360 1102 1388 Deus
1118 1362 1227 1393 noster,
1246 1367 1296 1387 nec
1323 1358 1398 1386 alius
1413 1366 1479 1385 cum
1497 1365 1530 1385 eo
1546 1356 1749 1387 mstiumbitur,
1768 1354 1854 1381 unica

1025 1413 1093 1441 ergo
1110 1406 1155 1432 est
1171 1404 1264 1432 Patris
1279 1406 1308 1431 et
1324 1403 1387 1431 Filii
1404 1402 1505 1429 deitas.

1060 1449 1086 1475 8.
1103 1449 1205 1476 Maced.
1225 1448 1253 1475 Si
1271 1447 1357 1475 unica
1380 1449 1425 1474 est
1439 1446 1543 1480 dcitas,
1568 1449 1595 1472 et
1617 1443 1709 1471 Patris
1734 1443 1854 1478 quidem

1025 1494 1120 1521 deitas
1144 1494 1188 1520 est
1212 1501 1270 1520 non
1292 1491 1399 1527 genita,
1418 1491 1479 1519 Filii
1509 1498 1574 1518 vero
1598 1489 1705 1525 genita,
1731 1487 1857 1515 efﬁcitur

1026 1537 1164 1565 deitatem
1185 1545 1250 1564 esse
1274 1534 1514 1573 γενηταγέννητον,
1540 1534 1568 1562 id
1585 1536 1638 1566 est,
1666 1541 1720 1560 non
1739 1532 1854 1567 genito—

1025 1581 1163 1617 genitam.
1181 1580 1261 1608 Orlh.
1280 1580 1441 1608 Ridiculum
1452 1579 1656 1615 cogitationem
1674 1584 1851 1604 commemo-

1025 1634 1083 1654 ras.
1099 1627 1141 1654 An
1161 1626 1239 1653 enim
1264 1625 1332 1661 quia
1357 1625 1400 1652 vir
1414 1627 1441 1652 et
1457 1632 1528 1652 uxor
1548 1632 1604 1650 non
1630 1624 1699 1650 sunt
1715 1622 1782 1656 duo,
1800 1621 1850 1648 sed

1024 1679 1083 1698 una
1097 1679 1174 1704 caro,
1192 1673 1224 1698 ut
1249 1670 1320 1698 dicit
1336 1669 1488 1702 Dominus,
1502 1677 1568 1696 caro
1589 1668 1648 1694 hanc
1673 1669 1717 1694 est
1734 1674 1851 1693 mascu-

1024 1715 1240 1743 lino-feminina
1252 1716 1263 1742 it
1276 1714 1375 1742 Κααθὰ.
1393 1714 1446 1742 Sed
1461 1721 1528 1741 caro
1543 1713 1595 1740 viri
1614 1715 1641 1739 et
1658 1711 1765 1743 uxoris,
1781 1712 1854 1738 sunt

1024 1768 1059 1787 ex
1086 1768 1146 1787 una
1182 1760 1331 1787 substrata
1361 1757 1493 1791 materia,
1524 1765 1557 1784 ex
1587 1757 1677 1783 humo
1707 1755 1853 1781 videlicet.

1025 1804 1099 1832 Orlh.
1131 1803 1274 1837 Quoniam
1301 1811 1369 1839 ergo
1398 1803 1469 1831 dicit
1497 1802 1650 1837 Scriptura
1677 1801 1711 1827 de
1739 1800 1773 1825 iis
1802 1798 1852 1833 qui

1025 1849 1221 1882 crediderunt,
1262 1860 1275 1874 ι‹
1305 1848 1374 1876 Erat
1402 1848 1444 1876 eis
1482 1855 1531 1874 cor
1560 1853 1651 1872 unum
1691 1846 1719 1871 et
1752 1843 1852 1870 anima

1025 1894 1124 1926 una",
1146 1903 1159 1918 η
1186 1893 1341 1921 constabat
1362 1895 1460 1920 autem
1486 1890 1665 1918 credentium
1693 1888 1849 1914 multitudo

1024 1946 1059 1966 ex
1073 1938 1143 1965 viris
1157 1940 1185 1965 et
1208 1936 1391 1969 mulieribus,
1407 1945 1443 1964 an
1468 1935 1575 1962 idcirco
1593 1934 1650 1960 hmo
1676 1933 1773 1959 anima
1789 1933 1851 1958 erat

1025 1981 1363 2010 masculino-feminina?
1379 1981 1493 2008 Etcum
1509 1978 1578 2006 dicit
1596 1978 1710 2009 Paulus,
1726 1988 1735 2000 α
1755 1976 1850 2003 Unum

1024 2035 1130 2062 corpus
1155 2029 1183 2054 et
1198 2034 1276 2053 unus
1301 2025 1423 2061 spiritus
1448 2024 1532 2056 estis,
1549 2023 1623 2051 sicut
1649 2022 1735 2048 etiam
1761 2021 1853 2048 vocati

1024 2072 1096 2098 estis
1117 2071 1151 2098 ad
1178 2070 1311 2098 eamdem
1329 2077 1410 2104 spem
1436 2067 1595 2096 vocationis
1621 2066 1763 2098 vestrm“,
1781 2077 1794 2090 ››
1816 2074 1851 2092 an

1024 2123 1107 2151 spem
1141 2114 1227 2142 istam
1258 2122 1343 2141 vocas
1373 2111 1736 2143 masculino-femininam,
1773 2110 1850 2145 quod

1024 2160 1156 2187 eamdem
1186 2167 1268 2195 spem
1293 2161 1355 2186 tum
1379 2157 1432 2184 viri
1459 2160 1520 2184 tum
1548 2156 1661 2184 femina:
1688 2154 1850 2182 habemus?

1024 2204 1125 2232 Mared.
1143 2204 1281 2236 Rursum,
1299 2203 1429 2238 inquam.
1445 2209 1533 2229 unam
1550 2200 1684 2228 deitatem
1703 2208 1759 2226 non
1776 2199 1848 2225 dici-

1024 2256 1100 2275 mus.
1129 2247 1207 2276 0rlh.
1232 2249 1302 2275 Cum
1327 2255 1395 2283 ergo
1423 2245 1494 2274 dicit
1517 2245 1594 2273 Deus
1623 2253 1672 2279 per
1701 2243 1850 2275 Davidem,

147 2294 206 2328 θεῷ
223 2291 375 2329 ὶλλοτρίῳ.
391 2292 460 2330 Ἐγὼ
482 2293 533 2330 γάρ
559 2291 616 2328 εἰμι
644 2290 741 2330 Κύριος
757 2292 771 2319 ὁ
787 2291 851 2322 Θεός
882 2302 940 2326 σου,
956 2292 968 2319 6

1025 2304 1040 2318 α
1054 2293 1141 2326 Audi,
1159 2291 1263 2328 popule
1279 2300 1372 2324 meus,
1390 2293 1418 2318 et
1432 2290 1544 2325 loquar,
1557 2289 1656 2320 israel,
1673 2292 1700 2315 et
1714 2288 1849 2315 testiﬁca-

148 2337 285 2374 ἀναγαγών
311 2346 340 2363 σε
363 2335 393 2364 ix
416 2339 468 2374 γῆς
492 2335 640 2374 Αἰγύπτου,
657 2348 670 2362 ››
684 2336 743 2363 τίνα
758 2335 848 2373 λέγεις
865 2336 970 2374 εἰρηκέ-

147 2391 189 2408 ναι
204 2390 211 2415 ;
226 2381 273 2408 τὸν
301 2381 408 2419 Πατέρα
436 2380 453 2415 ἢ
482 2380 528 2407 τὸν
560 2380 641 2416 rid-4;
659 2383 730 2409 Μακ.
755 2381 798 2412 Ὠς
827 2379 970 2416 Ἰουδαῖος,

148 2425 201 2453 ὰπὸ
229 2429 280 2460 τῆς
307 2424 432 2456 Παλαιᾶς
462 2435 508 2461 μοι
538 2426 675 2460 Διαθήκης
705 2424 830 2463 διαλέγῃ.
849 2426 923 2464 Ὀρθ.
939 2426 971 2454 Ὁ

147 2470 263 2508 Χριστὸς
288 2469 370 2497 εἶπεν·
389 2481 403 2494 (ι
431 2470 572 2506 Ἐρευνᾶτε
599 2470 646 2500 τὰς
677 2470 793 2509 Γραφᾶις,
824 2469 865 2497 ὅτι
894 2470 971 2498 αὗταί

147 2514 214 2542 ιίσιν
246 2515 273 2541 αἱ
303 2516 487 2551 μαρτυροῦσαι
510 2513 571 2551 περὶ
587 2513 666 2550 ἐμοῦ.
682 2526 696 2540 ››
727 2517 796 2542 Max.
826 2514 892 2544 ’Δπὸ
920 2518 970 2549 τῆς

148 2560 249 2593 Καινῆς
263 2557 309 2585 οὖν
339 2559 477 2594 Διαθήκης
504 2557 553 2585 οὑκ
581 2556 651 2586 ἔστιν
674 2559 759 2596 εὑρεῖν
774 2559 819 2587 τὸν
835 2559 970 2597 Χριστόν;

149 2605 222 2641 Ὀρθ.
240 2602 289 2630 Καὶ
313 2603 392 2630 πάνυ.
409 2600 554 2639 Φοϐοῦμαι
578 2601 607 2630 δὲ
624 2603 722 2639 μήπως
752 2603 788 2634 ὡς
816 2605 972 2641 Μανιχαῖος

181 2686 205 2703 ⁷⁸
219 2685 276 2712 Isa.
292 2693 356 2718 xw,
374 2684 416 2719 14,
434 2684 477 2712 15.
515 2684 538 2701 ⁷⁵
553 2683 656 2712 Matth.
674 2693 711 2719 iv,
730 2684 772 2712 10.
811 2685 833 2702 ⁷⁸
848 2685 960 2714 Baruch

1045 2685 1090 2718 37,
1105 2686 1149 2714 38.
1189 2685 1210 2703 ⁷⁷
1225 2687 1290 2713 Aet.
1316 2693 1355 2719 iv,
1370 2685 1415 2712 3'2.
1453 2684 1475 2701 ⁷⁸
1491 2682 1595 2719 Ephes.
1621 2690 1657 2714 ιν,
1675 2682 1700 2707 4.

148 2729 232 2754 ιω,
246 2720 325 2748 9-11.

196 2809 223 2844 6)
240 2808 344 2842 Palat.,
359 2804 479 2844 Σαὸαΐμ.

216 2846 226 2881 )
241 2845 287 2873 Ita
299 2852 371 2873 mss.
392 2843 468 2873 Editi
482 2850 561 2878 vero,
577 2844 615 2874 εἷς
638 2843 749 2875 Θεὸς....
765 2844 830 2873 Θεὸν
844 2845 893 2872 τοῦ
906 2844 972 2882 Ἰσρ,

1025 2337 1078 2365 bor
1092 2337 1154 2364 tibi.
1173 2336 1201 2364 Si
1227 2344 1273 2363 me
1298 2335 1437 2369 audieris,
1455 2343 1512 2362 non
1536 2334 1591 2362 erit
1608 2334 1635 2360 in
1663 2337 1688 2360 te
1716 2333 1789 2359 Deus
1807 2340 1852 2359 rc-

1025 2390 1105 2413 cens,
1118 2389 1211 2416 neque
1222 2381 1357 2408 adorabis
1371 2380 1459 2407 Deum
1470 2378 1609 2407 alienum.
1628 2381 1682 2412 Ego
1694 2377 1771 2404 enim
1785 2384 1851 2403 sum

1026 2426 1167 2454 Dominus
1198 2425 1275 2453 Deus
1317 2427 1397 2458 tuus,
1431 2423 1482 2459 qui
1520 2422 1605 2450 eduxi
1647 2425 1674 2449 te
1707 2422 1741 2448 de
1776 2424 1852 2447 terra

1025 2471 1182 2508 Egypti",
1200 2482 1213 2495 υ
1239 2477 1398 2506 quemnam
1413 2469 1487 2496 dicis
1513 2467 1640 2496 locutum
1660 2467 1772 2494 fuisse?
1799 2468 1850 2492 Pa-

1025 2518 1110 2550 trem,
1127 2524 1163 2543 au
1179 2514 1305 2543 Filium?
1322 2514 1420 2542 Μιιεειι.
1447 2513 1583 2549 Disputas
1600 2520 1725 2544 mecum,
1743 2514 1774 2539 ut
1798 2511 1849 2538 Ju-

1026 2561 1105 2588 daaus
1120 2568 1154 2588 ex
1174 2559 1269 2587 Veteri
1295 2560 1492 2587 Testamento.
1510 2557 1587 2586 Orth.
1609 2557 1741 2584 Christus
1757 2556 1826 2583 dixit
1844 2564 1850 2582 :

1026 2616 1040 2629 α
1055 2604 1233 2633 Serutamini
1258 2603 1433 2639 Scripturas,
1449 2603 1588 2639 quoniam
1605 2611 1642 2629 ea:
1658 2602 1853 2629 testiﬁcantur

1739 2680 1760 2697 ⁷⁸
1775 2678 1851 2706 Psal.

1063 2810 1102 2846 (8)
1117 2809 1276 2845 Palatinus,
1292 2809 1516 2847 γενηταγένητος.
