4092 6218
385 329 544 388 1215

1552 331 1615 391 S.
1662 327 2188 391 ATHANASIUS.
2213 358 2294 373 -—-
2321 329 2630 391 SPUBIA.

3657 327 3831 391 1216

392 461 464 517 de
516 476 610 516 me
650 460 718 516 ⁸ο.
772 483 798 509 ››
853 461 1053 517 Maced.
1103 465 1310 518 Annon
1360 463 1497 519 licet
1537 481 1605 519 ex
1642 464 1798 520 Novo
1840 464 2077 529 Testa-1

2191 458 2480 535 ῖαραγράφῃ
2551 460 2651 529 τήν
2714 458 2955 516 [Ῑαλαιὰν
3016 461 3316 531 Διαθήκην,
3377 462 3454 533 μή
3517 459 3824 531 πιστεύων,

394 559 591 606 mento
647 549 941 606 Christum
1002 551 1304 607 invenire?
1363 552 1524 609 Orth.
1588 553 1739 608 Sane
1786 552 2047 625 quidem.

402 639 618 695 Vereor
666 643 880 705 autem,
919 656 989 694 ne
1038 640 1337 696 Manichzei
1389 642 1595 713 instar,
1626 642 1809 698 Vetus
1848 644 2049 697 Testa-

402 733 667 784 mentum
702 744 1022 800 expungas,
1058 735 1123 784 ut
1171 730 1269 801 qui
1303 748 1415 786 non
1471 733 1695 799 eredas,
1728 736 1846 787 tam
1882 731 2052 797 illud,

391 834 568 889 quam
619 816 727 871 hoc
781 816 959 873 fuisse
1009 836 1041 872 a
1090 819 1206 875 Deo
1256 821 1560 876 dictatum.
1614 821 1812 877 Maced.
1869 820 2051 875 Deum

404 908 533 962 novi
565 910 691 962 tum
741 907 923 962 Vetus
962 914 1084 963 tum
1132 910 1354 966 Novum
1402 913 1841 968 Testamentum
1894 910 2053 984 pepi-

405 995 602 1068 gisse;
638 997 737 1051 sed
770 1014 836 1052 ex
883 996 1037 1051 Novo
1070 999 1288 1054 erudiri
1319 1000 1512 1069 velim,
1547 1002 1827 1073 quoniam
1868 1000 2054 1056 mani-

412 1085 625 1139 festius
656 1088 774 1139 tres
806 1083 937 1139 illas
966 1086 1310 1158 hypostases
1343 1090 1558 1146 docuit.

478 1175 530 1226 9.
583 1173 740 1231 Orzh.
801 1176 942 1228 Cum
996 1175 1175 1246 igitur
1230 1179 1398 1234 audis
1454 1180 1697 1235 Paulum
1747 1180 2059 1247 dicentem,

413 1283 441 1311 ‹‹
494 1262 778 1327 Quoniam
834 1279 901 1317 ex
958 1264 1085 1335 ipso
1122 1269 1177 1320 et
1227 1283 1329 1338 per
1387 1268 1603 1339 ipsum,
1648 1275 1705 1324 et
1756 1270 1813 1324 in
1866 1269 2060 1341 ipsum

417 1356 557 1405 sunt
603 1350 801 1405 omnia
843 1351 905 1421 εί,
961 1374 987 1400 ››
1040 1357 1236 1409 utrum
1280 1372 1347 1411 ex
1394 1356 1531 1425 illis,
1583 1376 1730 1430 quos
1779 1375 1961 1414 unum
2011 1361 2067 1413 et

417 1456 600 1494 unum
661 1454 788 1494 esse
838 1439 1057 1511 dixisti,
1108 1443 1425 1514 significari
1476 1448 1817 1504 existimas?
1867 1448 2063 1504 Maced.

421 1530 674 1583 Patrem.
731 1528 884 1583 Ortli.
937 1532 1022 1585 An
1072 1548 1186 1586 non
1238 1539 1377 1589 sunt
1424 1552 1525 1606 per
1572 1536 1779 1592 Filium
1826 1536 2067 1593 omnia?

418 1616 623 1674 Maced.
660 1617 765 1672 Per
814 1616 1020 1673 Filium
1056 1636 1290 1693 quoque
1343 1629 1481 1678 sunt
1508 1626 1726 1685 omnia.
1780 1626 1929 1683 Orth.
1963 1629 2077 1693 Qui

425 1707 491 1761 ﬁt
551 1705 729 1777 igitur
776 1710 837 1761 ut
885 1724 997 1762 non
1052 1724 1119 1764 ex
1168 1711 1316 1782 ipso,
1368 1718 1425 1767 et
1485 1731 1584 1785 per
1635 1715 1851 1786 ipsum,
1903 1722 1959 1773 et
2012 1717 2070 1771 in

2160 545 2242 601 ὅτι
2278 549 2305 601 ὁ
2336 546 2495 610 αὐτὸς
2529 548 2556 602 6
2588 549 2716 610 Θεὸς
2740 547 2993 619 κάκείνην
3026 548 3264 620 ἐλάλησε
3292 548 3382 604 καὶ
3410 549 3637 620 ταύτην.
3664 551 3823 606 Max.

2162 633 2319 702 Οἶδα,
2353 635 2434 690 ὅτι
2468 635 2626 699 αὐτὸς
2657 638 2785 700 Θεὸς
2818 637 2908 692 καὶ
2937 638 3036 707 τήν
3095 634 3339 694 Παλαιὰν
3394 640 3672 709 Διαθήκην
3726 636 3825 691 καὶ

2160 725 2258 793 τὴν
2289 726 2489 794 Καινὴν
2525 723 2747 789 διέθετο·
2782 724 2929 781 ἀλλὰ
2962 725 3235 801 βούλομαι
3294 726 3400 781 ἀπὸ
3450 734 3552 797 τῆς
3612 728 3823 795 Καινῆς

2166 820 2377 887 μαθεῖν,
2410 812 2597 884 ἐπειδὴ
2639 814 2773 884 αὐτὴ
2825 816 3190 892 φανερώτερον
3236 816 3332 879 τὰς
3376 822 3523 892 τρεῖς
3582 816 3827 871 ὑποστά-

2164 924 2271 964 σεις
2304 900 2556 974 ἐδίδαξεν.

2240 1173 2295 1225 9.
2327 1172 2475 1245 Ὀρθ,
2513 1171 2630 1226 Ἐὰν
2661 1170 2751 1226 οὖν
2786 1172 3018 1246 ἀκούσῃς
3050 1172 3273 1230 Παύλου
3313 1170 3599 1248 λέγοντος,
3637 1197 3664 1223 ‹‹
3693 1176 3833 1230 "Oti

2171 1258 2220 1332 ἐξ
2252 1258 2433 1331 αὐτοῦ,
2462 1260 2551 1315 καὶ
2583 1258 2651 1315 δι’
2686 1260 2871 1331 αὐτοῦ,
2904 1262 2995 1316 καὶ
3026 1261 3100 1325 εἷς
3132 1261 3289 1317 αὐτὸν
3320 1264 3387 1317 τὰ
3415 1264 3611 1333 πάντα,
3640 1288 3670 1313 ››
3701 1263 3838 1317 τίνα

2173 1347 2348 1424 λέγεις
2406 1348 2656 1424 λέγεσθαι
2712 1356 2818 1405 τῶν
2872 1353 2947 1413 εἷς
2979 1352 3068 1406 καὶ
3103 1354 3177 1414 εἷς
3207 1370 3221 1420 ;
3251 1357 3390 1410 Max.
3422 1354 3523 1407 Τὸν
3583 1353 3837 1428 Πατέρα.

2176 1439 2325 1512 Ὀρθ.
2377 1437 2492 1495 Ούκ
2545 1437 2653 1494 ἔστι
2713 1436 2803 1493 διὰ
2855 1444 2952 1495 τοῦ
3009 1442 3137 1495 Υἱοῦ
3187 1441 3255 1496 τὰ
3309 1443 3516 1512 adv-ca;
3548 1447 3689 1500 Max.
3727 1439 3840 1495 Καὶ

2178 1524 2267 1582 διὰ
2319 1532 2415 1582 τοῦ
2475 1529 2602 1582 Υἱοῦ
2658 1528 2724 1583 τὰ
2774 1528 2969 1585 πάντα.
3014 1531 3161 1605 Ὀρθ.
3210 1532 3334 1592 Πῶς
3380 1529 3471 1585 οὖν
3533 1530 3634 1585 οὐκ
3661 1532 3748 1603 (9)
3783 1529 3838 1601 ἐξ

2180 1615 2364 1688 αὐτοῦ,
2395 1617 2482 1671 καὶ
2534 1614 2602 1671 δι’
2634 1617 2821 1686 αὑτοῦ,
2852 1618 2942 1673 καὶ
2993 1618 3068 1681 εἷς
3116 1619 3275 1675 αὐτὸν
3322 1618 3390 1673 τὰ
3435 1618 3646 1687 “trina;
3682 1625 3838 1673 Max.

2180 1707 2241 1764 Ὁ
2285 1708 2473 1780 Ιῐατὴρ
2523 1704 2636 1781 ἔχει
2687 1707 2776 1761 καὶ
2823 1707 2887 1762 τὸ
2925 1733 2945 1758 ι
2981 1707 3032 1778 ἐξ
3075 1708 3159 1778 οὗ,
3195 1732 3224 1760 ››
3267 1710 3355 1763 καί
3410 1707 3473 1763 τὸ
3503 1732 3532 1760 ιι
3562 1706 3633 1763 δι’
3667 1708 3760 1779 οὗ,
3812 1732 3841 1759 ιι

422 1794 617 1866 ipsum
650 1795 768 1849 sint
816 1796 1058 1851 omnia?
1090 1798 1289 1854 Marcii.
1340 1805 1509 1857 Pater
1542 1803 1714 1859 habet
1744 1804 1908 1875 illud,
1942 1829 1969 1855 «
2003 1823 2072 1861 ex

2191 1795 2271 1850 καὶ
2300 1796 2362 1848 τὸ
2393 1820 2420 1847 ‹‹
2456 1795 2533 1857 εἰς
2566 1794 2750 1854 αὐτόν,
2774 1819 2801 1847 ››
2829 1797 2891 1853 Ὀ
2923 1793 2980 1850 δὲ
3011 1798 3134 1858 Υἱὸς
3161 1796 3225 1852 τὸ
3261 1798 3397 1871 μένα
3426 1795 3496 1851 δι’
3526 1794 3588 1851 οὗ
3626 1824 3652 1847 n
3686 1795 3841 1871 ἔχει⁹

425 1902 560 1955 quo,
589 1906 616 1934 »
650 1888 704 1939 et
732 1883 873 1939 illud
907 1908 933 1934 «
963 1902 1064 1957 per
1092 1904 1290 1958 quem,
1318 1912 1345 1938 »
1376 1896 1433 1945 et
1462 1890 1628 1958 illud,
1665 1917 1688 1942 ‹‹
1723 1892 1780 1947 in
1802 1895 2017 1966 ipsum.
2042 1917 2069 1944 »

425 1973 607 2029 Filius
640 1977 829 2029 autem
864 1973 1037 2029 habet
1069 1978 1305 2048 quidem
1339 1978 1502 2047 illud,
1544 2002 1570 2034 α
1601 1998 1703 2053 per
1732 1999 1930 2054 quem,
1954 2006 1981 2034 ››
2017 1988 2075 2039 at

427 2080 541 2117 non
575 2061 740 2128 illud,
797 2083 822 2113 α
853 2080 919 2119 ex
966 2081 1101 2135 quo.
1142 2088 1167 2115 ››
1219 2066 1367 2121 Orth.
1427 2070 1572 2142 Lege
1617 2071 1789 2127 verba
1829 2072 1977 2143 ipsa,
2012 2078 2074 2127 ut

428 2151 915 2217 discas,s.mctum
942 2154 1283 2224 Apostolum
1326 2155 1493 2223 illud,
1534 2160 1781 2233 «exipso
1810 2185 1835 2209 n
1860 2167 2077 2233 etaper

427 2240 642 2311 ipsum,
678 2263 705 2289 »
738 2244 793 2295 et
814 2264 839 2290 ‹‹
860 2241 917 2295 in
950 2242 1139 2313 ipsum
1165 2251 1304 2300 sunt
1333 2247 1549 2318 omnia,
1572 2271 1597 2297 η
1632 2254 1758 2305 tum
1791 2251 1862 2305 de
1884 2250 2075 2318 Patre,

428 2334 557 2383 tum
589 2329 660 2383 de
693 2328 830 2384 Filio
882 2330 1116 2388 dixisse.
1152 2333 1295 2389 Nam
1329 2336 1376 2390 si
1412 2336 1631 2393 dictum
1680 2326 1823 2394 illud
1855 2339 1913 2394 in
1962 2356 2079 2394 una

431 2422 659 2473 tantum
711 2434 961 2490 persona
1006 2421 1195 2478 valere
1237 2423 1401 2492 velis,
1452 2428 1841 2500 comperietur
1898 2428 2079 2484 Filius

432 2506 700 2577 ignorare
732 2524 857 2579 quze
891 2511 1117 2564 Patrem
1161 2518 1449 2582 spectant,
1482 2533 1671 2587 neque
1700 2518 2075 2573 consiliorum

433 2596 623 2666 ipsius
652 2611 781 2650 esse
826 2597 1115 2669 particeps
1149 2616 1161 2654 :
1197 2600 1280 2656 vel
1314 2603 1484 2658 Pater
1532 2605 1799 2676 ignorare
1847 2623 1977 2679 qua:
2004 2608 2076 2662 ad

433 2685 641 2739 Filium
692 2685 964 2753 attinent,
999 2704 1104 2743 nec
1152 2690 1527 2747 consiliorum
1561 2695 1690 2764 ejus
1741 2712 1868 2751 esse
1899 2696 2078 2767 parti-

440 2791 595 2845 ceps.
650 2774 846 2830 Maced.
882 2775 1003 2845 Dic,
1064 2778 1160 2832 ubi
1212 2780 1495 2853 scriptum
1547 2784 1625 2838 sit
1658 2802 1669 2838 :
1702 2784 1950 2855 Spiritus
1991 2790 2081 2841 est

444 2865 611 2919 Deus.
645 2864 792 2921 0rlh.
832 2864 996 2920 Prius
1031 2867 1187 2922 disce
1238 2868 1369 2923 illas
1400 2870 1743 2944 hypostases
1776 2875 2083 2930 manifeste

441 2953 709 3008 docuisse
748 2954 925 3009 Vetus
956 2954 1127 3010 etiam
1185 2958 1646 3017 Testamentum.
1697 2963 1893 3019 Maced.
1946 2963 2081 3019 Ubi-

435 3057 571 3095 nam
601 3041 659 3095 id
693 3041 975 3113 scriptum
999 3045 1130 3099 est?
1163 3045 1323 3101 Orth.
1359 3047 1421 3101 In
1455 3047 1663 3105 Genesi
1697 3068 1709 3104 :
1743 3073 1769 3100 «
1800 3050 2084 3123 Apparuit

436 3129 589 3184 Deus
618 3129 911 3184 Abraham
953 3133 1175 3187 sedenti
1209 3135 1362 3207 apud
1405 3153 1685 3207 quercum
1717 3138 1997 3210 Mambre,
2028 3144 2082 3195 et

437 3232 567 3271 ecce
624 3222 743 3271 tres
799 3217 903 3271 viri
965 3224 1251 3277 steterunt
1298 3240 1475 3295 super
1522 3228 1744 3283 eum”.
1798 3251 1825 3279 »
1882 3228 2080 3286 Maced.
2114 3194 2157 3262 Ο

437 3306 581 3360 Tres
604 3304 786 3376 igitur
815 3306 945 3361 illos
978 3309 1128 3365 viros
1160 3310 1307 3367 dicis
1333 3330 1463 3369 esse
1486 3315 1735 3384 Patrem,
1771 3317 2003 3387 Filium,
2028 3323 2085 3374 et

436 3394 717 3465 Spiritum
774 3396 1088 3453 sanctum?
1139 3400 1291 3455 Orth.
1324 3401 1404 3458 Ne
1447 3406 1805 3475 perturbare,
1839 3409 1939 3464 sed
1974 3408 2086 3464 ista

438 3499 571 3537 cum
619 3481 713 3537 Dei
750 3483 956 3539 timore
1008 3484 1293 3559 legamus.
1328 3491 1479 3546 Dicit
1526 3493 1829 3565 Scriptura
1863 3511 1875 3549 :
1914 3518 1941 3545 ‹‹
1970 3498 2083 3568 Ap-

442 3571 637 3644 paruit
678 3572 831 3629 Deus
877 3574 1193 3648 Abraham,
1222 3583 1280 3632 et
1323 3595 1455 3635 ecce
1488 3586 1606 3636 tres
1654 3584 1760 3637 viri
1800 3588 2088 3641 steterunt

442 3678 623 3732 supra
668 3678 823 3716 eum.
865 3686 885 3712 -
947 3667 1084 3720 Tres
1143 3665 1226 3720 illi
1278 3667 1381 3722 viri
1443 3675 1610 3726 erant
1668 3678 1834 3727 Deus.
1883 3674 2082 3730 Maccd.

443 3756 593 3807 Deus
625 3756 749 3807 erat
780 3768 931 3808 unus
956 3753 1212 3828 illorum,
1248 3756 1296 3812 is
1328 3757 1605 3815 nimirum
1628 3778 1802 3832 quem
1826 3761 2085 3835 alloqui-

443 3845 576 3908 tur;
623 3840 717 3895 alii
769 3858 902 3898 vero
953 3844 1069 3899 duo
1122 3850 1288 3902 erant
1336 3848 1547 3921 angeli.
1596 3850 1756 3909 Orth.
1809 3853 1899 3907 Sic
1948 3852 2089 3908 dicit

444 3930 774 4001 Scriptura:
795 3954 820 3978 ‹‹
841 3934 1127 4004 Apparuit
1150 3934 1200 3990 ei
1234 3935 1385 3991 Deus
1408 3938 1476 3992 ad
1503 3955 1781 4010 quercum
1806 3940 2086 4007 Mambre,

447 4036 578 4074 cum
610 4020 837 4075 sederet
883 4019 940 4074 in
990 4023 1139 4079 ostio
1189 4024 1547 4081 tabernaculi
1596 4027 1709 4098 sui,
1742 4028 2003 4098 meridie,
2037 4034 2093 4085 et

450 4107 700 4164 sublatis
759 4110 911 4164 446
962 4111 1146 4168 oculis
1192 4116 1462 4185 respexit,
1512 4120 1570 4171 et
1624 4133 1753 4172 ecce
1810 4123 1927 4173 tres
1985 4116 2092 4172 viri

453 4213 630 4263 supra
661 4197 853 4269 ipsum
890 4202 1174 4256 steterunt
1208 4219 1220 4257 :
1254 4203 1472 4275 quibus
1504 4204 1922 4271 visis,occurrit
1950 4206 2093 4277 ipsis

452 4284 675 4339 obviam
710 4285 781 4339 ab
829 4287 976 4343 ostio
1006 4290 1364 4346 tabernaculi
1401 4293 1514 4360 sui,
1542 4298 1598 4348 et
1637 4294 1898 4350 adoravit
1928 4294 2092 4350 humi

452 4377 777 4445 prostratus
806 4376 868 4431 ⁸³.
916 4399 943 4426 ››
992 4380 1172 4445 Quem
1218 4381 1479 4437 adoravit
1526 4382 1690 4439 humi
1722 4383 2095 4455 prostratus?

453 4480 593 4518 num
626 4464 829 4521 viros?
854 4468 1059 4523 Maced.
1097 4468 1241 4535 Dixi,
1294 4471 1441 4527 duos
1484 4472 1721 4544 angelos
1753 4473 1933 4529 fuisse
1963 4490 2094 4529 cum

2178 1885 2241 1939 τὸ
2272 1881 2330 1939 δὲ
2366 1907 2392 1937 ιι
2421 1884 2471 1957 ἐξ
2504 1882 2566 1939 οὗ
2597 1908 2624 1936 ››
2661 1884 2758 1939 οὐκ
2806 1882 2943 1959 ἔχει.
2980 1886 3122 1960 Ὀρθ.
3181 1886 3473 1962 Ἀνάγνωθι
3522 1887 3585 1940 τὸ
3641 1885 3841 1962 ῥητὸν,

2176 1971 2268 2027 ’ἱνα
2296 1978 2461 2048 γνῷς,
2486 1971 2567 2028 ὅτι
2597 1973 2660 2029 τὸ
2694 1997 2722 2025 ι(
2754 1972 2803 2046 ἐξ
2854 1972 3039 2042 αὐτοῦ,
3073 1996 3102 2025 ››
3136 1975 3225 2029 καὶ
3278 2000 3305 2026 ‹‹
3336 1972 3404 2029 δι’
3458 1973 3647 2042 αὐτοῦ,
3683 1998 3711 2024 π
3745 1974 3845 2027 καὶ

2184 2087 2211 2113 ‹‹
2246 2062 2321 2123 εἰς
2352 2061 2510 2117 αύτὸν
2544 2062 2611 2117 τὰ
2634 2064 2823 2135 πάντα,
2858 2088 2879 2117 ι
2916 2062 3005 2117 καὶ
3036 2064 3158 2137 περὶ
3188 2068 3284 2118 τοῦ
3336 2064 3542 2137 ΙΙατρὸς
3597 2062 3688 2117 καὶ
3736 2066 3845 2116 ’τυῦ

2184 2153 2311 2206 Υῖοῦ
2366 2153 2510 2206 εἶπεν
2543 2153 2571 2206 6
2631 2152 2782 2228 ἅγιος
2842 2152 3198 2214 Ἀπόστολος.
3234 2152 3353 2207 Ἐὰν
3411 2152 3511 2228 γὰρ
3570 2152 3702 2207 αὐτὸ
3756 2150 3843 2227 ἐφ’

2186 2241 2301 2304 ἑνὸς
2334 2242 2631 2318 προσώπου
2662 2245 2885 2316 στήσῃς,
2920 2243 2947 2296 ὁ
2980 2244 3103 2304 Υἱὸς
3136 2243 3480 2315 εὑρεθήσεται
3532 2242 3611 2314 μὴ
3672 2238 3843 2301 εἰδὼς

2184 2332 2251 2385 τὰ
2293 2335 2391 2385 τοῦ
2438 2331 2670 2400 ΙΙατοὸς,
2706 2328 2849 2404 μηδὲ
2895 2326 3212 2404 σύμϐουλος
3263 2330 3428 2387 αὐτοῦ
3468 2328 3566 2400 ὢν,
3598 2330 3634 2398 ἦ
3659 2330 3688 2383 6
3720 2330 3845 2386 Πα-

2184 2421 2287 2493 τὴρ
2320 2420 2661 2495 εὑρεθήσεται
2696 2422 2771 2493 μή
2804 2418 2963 2482 εἰδὼς
2991 2421 3059 2475 τὰ
3086 2425 3182 2476 τοῦ
3214 2422 3362 2491 ι’ἱοῦ,
3398 2417 3541 2493 μηδὲ
3588 2414 3842 2490 σύμϐου-

2189 2508 2284 2570 λος
2343 2507 2505 2563 αὐτοῦ
2533 2505 2628 2566 ὤν.
2664 2516 2805 2566 Max.
2840 2508 2994 2582 Εἰπὲ,
3047 2514 3154 2564 ποῦ
3209 2508 3528 2585 γεγράπται,
3584 2509 3716 2567 Θεὸς
3776 2508 3847 2561 τὸ

2190 2600 2447 2671 ΙΙνεῦμα;
2482 2599 2629 2673 Ὀρθ.
2666 2599 2810 2653 Naida
2843 2603 3082 2672 πρῶτον,
3116 2597 3198 2652 ὅτι
3253 2598 3342 2653 καὶ
3373 2600 3408 2667 ἡ
3443 2595 3662 2654 ΙΙαλαιὰ
3710 2605 3845 2649 Δια-

2190 2688 2331 2757 Οήκη
2391 2686 2484 2748 τὰς
2538 2692 2684 2762 τρεῖς
2745 2686 3060 2750 ὑποστάσεις
3119 2691 3361 2764 φανερῶς
3408 2682 3635 2755 ἐδίδαξε.
3687 2686 3846 2741 Max.

2189 2776 2346 2844 Εἰπὲ,
2378 2779 2483 2830 ποῖ’)
2513 2774 2849 2852 γέγραπται;
2882 2777 3026 2850 Ὀρθ,
3059 2776 3148 2833 Ἐν
3203 2779 3272 2850 τῇ
3331 2776 3561 2830 Γενέσει·
3599 2799 3621 2823 ι
3658 2774 3845 2849 Ὠφθη

2189 2868 2217 2920 6
2247 2866 2375 2927 Θεὸς
2400 2870 2480 2937 τῷ
2512 2859 2764 2941 Ἀϐραὰμ
2783 2864 3079 2938 καθημένῳ
3109 2866 3245 2941 πρὸς
3275 2868 3344 2938 τῇ
3394 2861 3518 2935 δρυῒ
3563 2866 3631 2936 τῇ
3677 2868 3848 2932 Μαμ-

2190 2951 2319 3031 ϐρῇ·
2352 2954 2440 3009 καὶ
2473 2951 2592 3009 ἰδοὺ
2646 2960 2788 3031 τρεῖς
2820 2951 3007 3029 ἄνδρες
3066 2952 3292 3025 ἔστησαν
3352 2952 3531 3007 ἐπάνω
3588 2950 3777 3006 αὐτοῦ.
3818 2975 3847 2999 n

2189 3047 2335 3102 Μακ.
2369 3044 2472 3100 Καὶ
2500 3042 2625 3105 τοὺς
2654 3049 2798 3119 τρεῖς
2828 3041 3022 3118 ἄνδρας
3057 3042 3235 3118 λὲγεις
3282 3043 3517 3118 Πατέρα,
3548 3041 3638 3095 καὶ
3693 3040 3848 3105 ι’ῖὸν,

2192 3134 2281 3188 καὶ
2313 3132 2461 3209 ἅγιον
2504 3136 2773 3205 ΙΙνεῦμα;
2816 3134 2970 3209 ⁷ορθ.
3014 3134 3107 3200 Μὴ
3162 3130 3453 3206 ταράττου,
3500 3127 3649 3185 ἀλλὰ
3707 3129 3853 3201 μετᾶ

2195 3216 2367 3300 φόϐου
2425 3225 2558 3277 Θεοῦ
2615 3221 2929 3297 ἀναγνῶμεν
2967 3266 2979 3277 .
3038 3219 3196 3295 Λέγει
3264 3217 3321 3275 δὶ
3374 3222 3410 3289 ἡ
3470 3217 3702 3296 Γραφὴ,
3760 3218 3853 3272 ὅτι

2193 3338 2222 3364 (ι
2256 3312 2429 3389 Ὠφθη
2465 3311 2493 3365 6
2523 3311 2651 3372 Θεὸς
2703 3315 2782 3383 τῷ
2834 3305 3106 3387 ’Δὸραάμ,
3137 3309 3226 3364 καὶ
3280 3306 3400 3364 ἰδοὺ
3448 3305 3637 3380 ἄνδρες
3696 3313 3853 3381 τρεῖς

2194 3400 2423 3476 ἔρτησαν
2456 3399 2634 3455 ἐπάνω
2666 3398 2848 3457 αὐτοῦ.
2886 3423 2913 3452 ››
2945 3401 3014 3457 Οἱ
3044 3405 3190 3475 τρεῖς
3222 3395 3410 3473 ἄνδρες
3458 3398 3593 3466 ἦσαν
3628 3398 3661 3453 6
3691 3395 3850 3458 Θεὸς.

2195 3497 2334 3546 Μακ.
2370 3491 2430 3547 Ὁ
2488 3489 2617 3551 Θεὸς
2676 3489 2742 3558 ἦν
2803 3490 2904 3557 εἷς,
2935 3489 3071 3564 πρὸς
3102 3489 3161 3544 ’ὸν
3214 3488 3304 3543 καὶ
3338 3483 3668 3561 διαλέγεται·
3703 3487 3757 3539 οἱ
3792 3482 3855 3539 δὲ

2195 3576 2359 3635 ἄλλοι
2417 3575 2535 3646 δύο,
2585 3574 2831 3653 ἄγγελοι.
2887 3578 3037 3652 Ὀρθ.
3102 3578 3251 3653 Λέγει
3306 3579 3342 3646 ἡ
3400 3576 3589 3652 Γραφὴ
3646 3574 3851 3635 οὕτως·

2199 3692 2227 3721 ‹‹
2256 3669 2431 3745 ’Ώφθη
2466 3664 2523 3721 δὲ
2551 3664 2696 3738 αὐτῷ
2725 3666 2853 3728 Θεὸς
2884 3667 3019 3742 πρὸς
3052 3670 3119 3740 τῇ
3151 3664 3275 3742 δρυῒ
3311 3669 3380 3739 τῇ
3409 3658 3681 3739 Μαμϐρῆ,
3709 3664 3854 3717 καθ-

2196 3754 2401 3829 ημένου
2457 3752 2619 3810 αὐτοῦ
2667 3754 2756 3811 ἐπὶ
2803 3762 2903 3824 τῆς
2933 3755 3095 3830 θύρας
3124 3762 3224 3825 τῆς
3258 3756 3461 3825 σκηνῆς
3520 3753 3690 3808 αὐτοῦ
3751 3773 3853 3824 με·

2196 3867 2262 3915 ση
2275 3840 2487 3921 μϐρίας·
2523 3844 2611 3899 καὶ
2644 3838 2950 3918 ἀναϐλέψας
2979 3850 3096 3907 τοῖς
3129 3842 3439 3923 ὀφθαλμοῖς
3481 3841 3650 3897 αὐτοῦ
3681 3838 3852 3907 εἶδεν,

2197 3934 2288 3989 καὶ
2347 3932 2466 3988 ἰδοὺ
2520 3939 2665 4005 τρεῖς
2726 3929 2913 4008 ἄνδρες
2972 3929 3198 4004 ἔστησαν
3257 3931 3437 3988 ἐπάνω
3493 3929 3700 3986 αὐτοῦ·
3756 3929 3852 3985 καὶ

2201 4021 2330 4078 ἰδὼν
2364 4020 2733 4099 προσέδραμεν
2767 4022 2843 4085 εἷς
2877 4022 3191 4095 συνάντησιν
3223 4021 3407 4084 αὐτοῖς
3438 4020 3545 4077 ἀπὸ
3593 4023 3695 4085 τῆς
3752 4018 3853 4074 06-

2202 4134 2294 4189 ρας
2350 4115 2445 4181 τῆς
2501 4119 2702 4182 σκηνῆς
2759 4112 2946 4185 αὐτοῦ,
2995 4114 3087 4168 καὶ
3145 4111 3536 4187 προσεκύνησεν
3600 4109 3692 4165 ἐπὶ
3746 4110 3850 4177 τὴν

2201 4209 2326 4278 γῆν.
2360 4226 2387 4253 ››
2418 4202 2530 4257 Τίνι
2558 4201 2949 4278 προσεκύνησεν
2983 4200 3071 4256 ἐπὶ
3117 4203 3215 4271 τήν
3262 4204 3387 4279 γῆν,
3415 4202 3451 4269 ἢ
3486 4204 3602 4261 τοῖς
3651 4196 3854 4274 ἀνδρά-

2203 4312 2324 4362 σιν;
2356 4299 2497 4349 Μακ.
2531 4293 2721 4361 Εἶπον,
2754 4291 2837 4346 ὅτι
2868 4292 2921 4347 οἱ
2950 4288 3045 4346 δύο
3095 4290 3315 4368 ἄγγελοι
3373 4292 3507 4360 ἦσαν
3569 4288 3707 4362 μετὰ
3751 4292 3856 4343 τοῦ

2204 4384 2357 4449 Θεοῦ,
2391 4379 2480 4435 καὶ
2510 4379 2824 4454 προσεκύνει
2868 4376 3129 4450 δηλονότι
3158 4384 3237 4451 τῷ
3263 4384 3399 4451 Θεῷ,
3431 4376 3559 4453 οὐχὶ
3589 4382 3710 4439 τοῖς
3751 4377 3854 4451 ἀγ-

2203 4471 2409 4545 γέλοις.
2442 4469 2537 4524 Καὶ
2567 4470 2667 4545 γὰρ
2707 4468 2933 4531 ἀναστὰς
2965 4470 3131 4525 εἶπεν·
3166 4492 3195 4520 ‹‹
3228 4468 3410 4541 Κύριε,
3443 4466 3489 4521 εἰ
3539 4466 3694 4541 εὗρον
3745 4466 3853 4540 χά-

455 4555 584 4607 Deo.
620 4554 887 4610 Adoravit
918 4556 1095 4629 igitur
1144 4558 1344 4630 procul
1393 4561 1569 4616 dubio
1606 4567 1805 4629 Deum,
1842 4579 1954 4618 non
1987 4580 2077 4618 an-

2206 4580 2287 4635 ριν
2322 4558 2556 4614 ἐναντίον
2586 4579 2704 4629 σου,
2740 4559 2816 4632 μή
2848 4556 3123 4634 παρέλθῃς
3151 4556 3243 4613 τὰν
3276 4553 3445 4611 παῖδά
3477 4576 3596 4611 σου.
3633 4577 3655 4607 ι
3695 4555 3852 4627 Ὀρο.

450 4640 630 4713 gelos.
666 4642 811 4699 Cum
845 4645 1000 4700 enim
1050 4648 1421 4719 surrexisset,
1454 4649 1601 4705 dixit
1633 4667 1645 4704 :
1685 4675 1704 4699 ε
1742 4651 2007 4722 Domine,
2041 4652 2091 4707 si

449 4730 643 4787 inveni
702 4734 950 4806 gratiam
1013 4735 1069 4790 in
1126 4744 1439 4810 conspectu
1499 4745 1619 4808 tuo,
1671 4758 1743 4796 ne
1787 4745 2092 4813 prmtereas

2199 4654 2368 4705 Τοῦτο
2397 4646 2497 4725 γάρ
2529 4646 2693 4717 ἐστιν,
2727 4648 2757 4702 ’ὁ
2788 4646 3047 4721 λέγομεν,
3074 4645 3158 4702 ὅτι
3186 4646 3281 4708 τὰς
3327 4650 3471 4721 τρεῖς
3531 4644 3857 4704 ὑποστάσεις

2204 4741 2400 4813 Κύριον
2434 4735 2610 4795 καλεῖ.
2645 4738 2791 4795 Μακ.
2824 4737 2913 4806 Μὴ
2945 4734 3188 4810 γένοιτοι

448 4836 684 4877 servum
715 4827 877 4879 tuum
911 4826 974 4880 ⁸⁸.
1007 4849 1033 4875 ››
1067 4827 1225 4883 Orta.
1260 4828 1563 4885 Enimvero
1607 4829 1751 4886 illud
1784 4830 1977 4903 ipsum
2026 4835 2136 4901 est,
2179 4831 2330 4902 quod
2363 4830 2637 4896 dicimus,
2671 4832 2790 4884 tres
2836 4827 3183 4902 hypostasee
3214 4827 3285 4882 ab
3332 4840 3401 4883 eo
3430 4823 3625 4880 vocari
3654 4822 3863 4879 Domi-

452 4926 612 4965 num.
646 4912 842 4969 Maccd.
880 4915 1081 4971 Absit!

524 4999 609 5054 viO.
645 5002 797 5058 Orth.
831 5004 979 5059 Audi
1018 5004 1217 5077 igitur,
1252 5023 1379 5079 quae
1412 5014 1744 5080 sequuntur
1776 5026 1787 5064 :
1823 5032 1850 5058 ‹‹
1884 5011 2099 5066 Suma-

446 5092 545 5143 tnr
567 5094 759 5145 autem
786 5109 957 5164 aqua,
983 5098 1039 5148 et
1067 5093 1261 5149 lavent
1286 5098 1461 5167 pedes
1494 5103 1714 5154 vestros
1743 5104 1833 5155 :et
1862 5099 2098 5171 refrige-

445 5180 654 5234 ramini
702 5181 810 5236 sub
863 5182 1068 5238 arbore

446 5268 783 5340 comedetis,
817 5274 874 5325 et
922 5275 1123 5342 postea
1170 5275 1607 5345 prosequemini
1654 5277 1763 5333 iter
1812 5283 2095 5343 vestrum,

2283 5008 2367 5063 1Ο.
2402 5008 2552 5077 Ὀρθ.
2585 5012 2786 5061 ’Ἄκουε
2809 5002 2898 5060 οὖν
2926 5008 3031 5058 τῶν
3065 5003 3209 5074 ἑξῆς·
3242 5027 3267 5053 «ι
3304 5001 3582 5079 Ληφθήτω
3635 4996 3694 5054 δὲ
3744 5001 3862 5071 (10)

2209 5095 2376 5173 ὕδωρ,
2411 5096 2499 5151 καὶ
2554 5096 2863 5169 νιψάτωσαν
2912 5093 3041 5155 τοὺς
3099 5089 3271 5154 πόδας
3323 5092 3496 5163 ὑμῶν·
3550 5090 3641 5143 καὶ
3699 5110 3867 5144 καταο

1117 5201 1129 5239 :
1184 5184 1393 5241 deinde
1439 5186 1721 5259 accipiam
1778 5204 2009 5260 panem,
2043 5205 2073 5243 e

2208 5185 2402 5264 φύξατε
2435 5184 2537 5239 ὑπὸ
2567 5184 2628 5239 τὸ
2673 5180 2914 5261 δένδρον.
2946 5181 3049 5240 Καὶ
3101 5180 3352 5254 λήψομαι
3405 5176 3586 5254 ἄρτον,
3616 5178 3711 5232 καὶ
3761 5178 3863 5253 φάο

2206 5276 2383 5349 γεσθε,
2433 5273 2523 5328 καὶ
2586 5272 2718 5343 μετὰ
2772 5271 2938 5327 τοῦτο
2994 5268 3387 5345 παρελεύσεσθε
3443 5267 3519 5331 εἷς
3578 5268 3678 5335 τὴν
3732 5264 3861 5321 ὁδὸν

520 5466 564 5501 ⁸ο
589 5466 759 5523 Joan.
790 5484 848 5538 v,
881 5468 967 5523 39.
1045 5469 1086 5505 ⁸¹
1124 5469 1288 5527 Rom.
1322 5488 1399 5540 x1,
1433 5472 1518 5527 36.
1597 5472 1643 5506 ⁸³
1674 5475 1813 5528 Gen.
1846 5488 2007 5545 xvm,
2042 5475 2066 5529 1

2255 5473 2300 5508 ⁸³
2330 5471 2471 5529 ibid.
2547 5471 2593 5506 ⁸⁴
2620 5469 2763 5526 ibid.
2796 5470 2865 5524 3.‘

521 5668 593 5740 (9)
625 5667 688 5722 ln
721 5683 863 5725 mss.
899 5665 997 5722 οὐκ
1027 5669 1212 5728 deest.

2274 5675 2388 5748 (10)
2416 5678 2582 5745 Mam,
2614 5669 2705 5744 δή.
2732 5670 2891 5731 Editi
2922 5685 3079 5739 vero,
3114 5661 3195 5725 δέ.
