4092 6218
280 371 439 432 131⁵1
1242 380 1344 439 DE
1391 380 1695 442 SANCTA
1736 375 1919 437 THIN

2037 374 2167 434 iTE
2213 376 2599 443 DIALOGUS
2647 382 2750 444 lll.
3531 401 3689 461 1218

283 503 462 575 ὑμῶν,
521 502 583 558 οὗ
639 500 806 560 ἕνεκεν
867 504 1161 577 ἐξεκλίνατε
1207 509 1341 584 πρὸς
1395 512 1487 565 τὸν
1540 508 1709 565 παῖδα
1754 510 1921 582 ὑμῶν.

2046 510 2522 581 quandoquidem
2573 515 2878 574 declinatis
2929 522 2997 575 ad
3051 539 3281 581 servum
3314 540 3592 587 vestrum.
3631 540 3690 590 Et

282 593 389 648 Καὶ
434 592 583 647 εἶπον
641 594 805 666 αὐτῷ’
856 596 1043 660 Οὕτως
1091 597 1347 671 ποίησον,
1397 600 1534 663 καθᾶ
1600 596 1840 671 εἷ’ρηκας.
1903 625 1924 653 ι

280 682 604 756 Γέγραπται,
664 685 697 753 ἧ
760 683 820 739 οὐ
872 685 1203 762 γέγραπται;
1258 690 1402 745 Μακ.
1460 690 1763 764 Γέγραπται
1807 686 1929 744 ὅλα.

281 771 435 845 Ὀρθ.
495 772 550 825 Ὁ
609 770 665 827 δὲ
712 779 838 835 παῖς
892 774 1120 851 Κυρίου,
1174 776 1256 832 ὅτι
1309 780 1420 851 (11)
1452 784 1579 839 παῖς
1612 779 1749 834 ἐστιν
1784 778 1933 853 εἰρη-

280 859 395 921 κὼς
426 860 622 933 αὐτῶν,
650 864 748 930 τήν
779 863 945 933 αὐτὴν
985 865 1280 941 κυριότητα
1324 866 1499 921 αὐτῶν
1551 866 1931 943 ὡμολόγησεν.

282 946 428 1005 Οὐδὲ
458 950 559 1025 γὰρ
611 950 776 1006 εἶπεν·
828 950 905 1010 Οὗ
947 951 1122 1009 ἕνεκεν
1170 954 1439 1026 έξέκλινας
1486 957 1619 1031 πρὸς
1648 958 1737 1012 τὸν
1768 954 1936 1012 παῖδά

282 1056 405 1092 σου⁶
458 1037 623 1102 ἀλλὰ,
678 1064 699 1091 ιι
752 1041 1051 1112 ἐξεκλίνατε
1094 1046 1230 1116 πρὸς
1277 1046 1367 1101 τὸν
1394 1044 1561 1101 παῖδα
1594 1047 1765 1119 ὑμῶν·
1798 1071 1825 1099 ››
1863 1045 1936 1102 ὦν

278 1127 527 1188 καὶτοὺς
586 1126 754 1191 πόδας
802 1131 1014 1204 ὁμοίως
1065 1132 1210 1206 νίψαι
1244 1132 1591 1192 ἐσπούδασεν.
1655 1137 1801 1192 Μακ.
1836 1136 1934 1190 Καὶ

277 1215 336 1269 τί
368 1213 566 1271 ἄτοπον
591 1216 843 1293 ἀγγέλων
865 1218 1015 1293 νίψαι
1038 1218 1207 1283 πόδας
1234 1242 1247 1291 ;
1282 1223 1381 1277 Καὶ
1408 1223 1511 1299 γὰρ
1543 1221 1758 1280 οὐδέπω
1790 1225 1933 1301 ᾔδει,

280 1304 369 1359 ὅτι
402 1307 430 1359 6
461 1306 588 1367 Θεὸς
619 1308 683 1375 ἦν
716 1306 864 1380 αὐτῷ
898 1308 1103 1387 ὀφθεὶς,
1137 1308 1262 1366 ἀλλ’
1292 1306 1531 1385 ἐνόμιζεν
1572 1315 1686 1387 (12)
1740 1312 1934 1393 ἄνδρας

280 1394 468 1463 ξένους
498 1393 735 1464 ξενίζειν.
782 1397 922 1470 Ὀρθ.
959 1402 1171 1471 Δῶμεν,
1224 1399 1308 1454 ὅτι
1365 1396 1613 1475 Ἀϐραὰμ
1664 1402 1933 1478 ἐνόμιζεν,

281 1484 364 1545 ὡς
396 1489 570 1547 εἴπας·
606 1486 656 1539 οἱ
688 1482 911 1562 ἄγγελοι
946 1488 1044 1543 οὐκ
1076 1490 1133 1543 ἂν
1168 1495 1317 1545 εἷπον
1344 1491 1513 1564 αὐτῷ,
1555 1491 1637 1548 6'1:
1672 1495 1748 1567 μή
1795 1498 1932 1570 ἡμῖν

284 1572 553 1647 ἴσοτίμως
609 1574 883 1652 πρόσεχε;
941 1574 1063 1639 Ηῶς
1108 1575 1165 1633 δὲ
1211 1578 1299 1633 καὶ
1353 1579 1591 1652 ἐνόμιζεν
1623 1582 1650 1636 ὁ
1683 1578 1936 1660 ’Δϐραὰμ

281 1658 484 1738 ἄνδρας
543 1663 721 1736 ξένους
774 1663 1016 1737 ξενίζειν,
1076 1666 1105 1721 ὁ
1153 1669 1330 1722 πεσὼν
1381 1667 1469 1723 ἐπὶ
1523 1672 1622 1740 τὴν
1663 1658 1795 1748 γῆν,
1843 1675 1933 1730 καὶ

280 1753 688 1825 προσκυνήσας,
721 1754 809 1807 καὶ
843 1754 1170 1827 θεασάμενος
1220 1755 1413 1819 αὐτοὺς
1466 1756 1646 1813 ἐπάνω
1697 1762 1928 1833 ἑαυτοῦ;

280 1838 443 1895 Οὓτω
498 1841 597 1916 γὰρ
655 1841 973 1916 γέγραπται,
1037 1842 1121 1898 ὅτι
1182 1868 1207 1895 ‹‹

281 1927 593 2005 ὀφθαλμοῖς
630 1930 790 1985 αὐτοῦ
822 1929 982 2002 εἶδεν,
1014 1931 1103 1986 καὶ
1137 1929 1255 1987 ἰδοὺ
1285 1939 1430 2007 τρεῖς
1474 1932 1659 2009 ἄνδρες
1704 1934 1928 2009 ἔστησαν

282 2015 467 2071 ἒπάνω
499 2016 683 2087 αὐτοῦ,
719 2045 740 2072 ι
796 2019 922 2096 οόχὶ
972 2017 1029 2075 δὲ
1077 2017 1378 2095 ἔμπροσθεν
1429 2023 1596 2079 αὐτοῦ
1648 2031 1790 2084 Μακ.
1824 2028 1930 2085 Οὐ-

280 2103 431 2160 δέπω
461 2107 527 2175 ἦν
558 2110 857 2181 φανερωθὲν
888 2108 1053 2181 αὐτῷ,
1114 2109 1195 2165 ὅτι
1247 2112 1297 2165 οἱ
1351 2111 1444 2185 μὲν
1494 2112 1713 2189 ἄγγελοι
1770 2119 1926 2190 ἦσαν,

272 2195 302 2249 6
340 2192 397 2250 δὲ
428 2195 579 2258 Θεός.
624 2197 772 2272 Ὀρθ.
804 2199 949 2260 Τέως
982 2197 1073 2253 οὖν
1109 2198 1375 2272 ἰσοτίμως
1409 2204 1522 2275 (14)
1570 2202 1766 2267 αὐτοὺς
1815 2203 1927 2261 ἐδέ-

270 2284 421 2354 ξατο·
456 2309 483 2335 ‹‹
546 2290 810 2341 Ἔσπευσε
856 2287 956 2363 γὰρ
997 2282 1248 2363 Ἀϐραὰμ
1296 2287 1383 2344 ἐπὶ
1423 2292 1521 2358 τήν
1558 2293 1761 2362 σκηνὴν
1792 2296 1926 2369 πρὸς

274 2372 517 2450 Σάρραν,
557 2373 646 2428 καὶ
679 2376 824 2429 εἶπεν
871 2375 1028 2449 αὐτῇ·
1082 2381 1320 2431 Σπεῦσον
1381 2378 1469 2431 καὶ
1520 2377 1755 2455 φόρασον
1802 2383 1926 2458 τρία

274 2462 447 2536 μέτρα
478 2460 843 2535 σεμιδάλεως,
883 2464 970 2519 καὶ
1019 2465 1250 2531 ποίησον
1314 2465 1629 2544 ἐγκρυφίας.
1688 2470 1786 2524 Καὶ
1844 2472 1923 2535 εἷς

268 2552 369 2613 τὰς
430 2551 559 2627 βόας
612 2549 842 2627 ἔδραμεν
887 2548 1158 2628 Ἀϐραὰμ,
1218 2554 1307 2609 καὶ
1365 2550 1553 2610 ἔλαϐεν
1617 2560 1919 2635 μοσχάριον

273 2638 487 2695 ἁπαλὸν
536 2641 625 2695 καὶ
668 2640 857 2713 καλὸν,
905 2640 997 2697 καὶ
1044 2639 1240 2697 ἔδωκεν
1272 2646 1352 2714 τῷ
1398 2641 1552 2699 παιδὶ
1609 2644 1794 2715 αὐτοῦ,
1828 2649 1917 2703 καὶ

271 2728 530 2805 ἐτάχυνεν
557 2733 655 2784 τοῦ
696 2736 944 2799 ποιῆσαν
986 2725 1175 2786 ἔλαϐεν
1211 2728 1269 2785 δὲ
1319 2732 1601 2807 βούτυρον,
1635 2735 1723 2788 καὶ
1754 2736 1917 2811 γάλα’

270 2818 458 2873 καὶτὸ
504 2820 831 2896 μοσχάριον,
879 2818 910 2873 ὅ
940 2818 1179 2890 ἐποίησε,
1238 2820 1539 2897 παρέθηκεν
1568 2821 1774 2895 αὐτοῖς,
1831 2828 1921 2881 καὶ

274 2907 496 2984 ἔφαγον.
559 2907 731 2970 Αὐτὸς
779 2905 836 2963 δὲ
881 2911 1228 2980 παρειστήκει
1278 2908 1463 2973 αὐτοῖς
1523 2912 1625 2967 ὑπὸ
1680 2914 1742 2968 τὸ
1803 2912 1919 2970 δέν-

272 2993 427 3070 δρον.
491 3019 519 3047 ››
578 2997 903 3073 Γέγραπται,
953 2999 988 3066 ἢ
1030 2995 1091 3053 οὔ
1119 3017 1132 3067 ;
1165 3004 1305 3054 Max.
1339 2998 1462 3056 Ναί.
1522 3001 1671 3077 Ὀρθ.
1705 3002 1807 3058 Καὶ
1868 3004 1918 3057 οἱ

269 3083 493 3159 ἄγγελοι
523 3087 807 3156 συνήσθιον
840 3090 918 3159 τῷ
948 3091 1081 3159 Θεῷ.
1115 3089 1261 3145 Max.
1316 3089 1577 3145 Ὀπτασία
1624 3090 1714 3160 ἦν,
1748 3090 1829 3146 ὅτι
1862 3090 1919 3147 δὲ

269 3172 496 3247 ἄγγελοι
526 3176 682 3243 ἦσαν,
710 3175 828 3229 εἰπὲ
855 3176 921 3231 τὰ
946 3174 1098 3249 ἓξῆς,
1132 3176 1220 3231 καὶ
1255 3176 1521 3253 εὑρήσεις.

350 3440 433 3496 11.
468 3440 610 3513 Ὀρθ.
642 3438 738 3494 Καὶ
770 3441 933 3512 ἡμεῖς
969 3438 1141 3513 ἴσμεν,
1188 3440 1269 3496 ὅτι
1323 3440 1373 3496 ἐν
1421 3447 1537 3504 τοῖς
1598 3441 1720 3515 ἑξῆς
1769 3444 1920 3521 ἀγγέ-

274 3526 406 3589 λους
437 3525 580 3604 λέγει
611 3530 736 3590 τοὺς
768 3526 883 3583 δύο·
918 3529 1064 3585 ἀλλὰ
1092 3529 1256 3585 πάλιν
1289 3529 1340 3585 ἐν
1372 3535 1487 3592 τοῖς
1541 3532 1675 3604 μετὰ
1702 3533 1768 3588 τὰ
1798 3535 1919 3606 ἑξῆς

269 3615 466 3689 Κύριον
497 3616 691 3679 αὐτοὺς
740 3618 775 3687 ἡ
818 3618 1004 3696 Γραφὴ
1052 3616 1228 3675 καλεῖ.
1279 3618 1457 3689 Δῆλον
1488 3620 1612 3698 γὰρ,
1652 3623 1736 3677 ὃτι
1767 3622 1855 3679 καὶ
1889 3625 1917 3678 6

264 3705 389 3767 Υἱὸς
421 3703 656 3781 ἄγγελος
715 3704 977 3777 κέκληται
1031 3708 1119 3762 καὶ
1174 3709 1237 3763 τὸ
1281 3713 1498 3782 Πνεῦμα
1540 3710 1601 3765 οὐ
1637 3711 1798 3786 μόνον
1833 3712 1916 3768 έν-

259 3798 452 3863 ταῦθα,
485 3793 632 3850 ἀλλά
688 3795 777 3850 καὶ
837 3795 890 3850 ἐν
941 3795 1157 3859 ἄλλοις.
1208 3795 1387 3853 Ἀλλᾶ
1435 3797 1666 3875 ἄγγελος
1701 3800 1917 3877 λέγεται

263 3888 738 3959 καταχρηστικῶς.
788 3885 861 3946 ὡς
907 3884 958 3939 ἐν
1010 3883 1345 3962 Εὐαγγελίῳ,
1381 3888 1505 3942 ’ὁταν
1539 3887 1687 3965 λέγῃ
1724 3916 1751 3942 ‹‹
1784 3897 1916 3947 "Av-

270 3972 489 4047 θρωπός
518 3994 602 4035 τις
636 3973 913 4051 ἐφύτευσεν
966 3973 1284 4047 ἀμπελῶνα,
1344 3976 1432 4030 καὶ
1490 3976 1699 4048 ἐξέδοτο
1755 3979 1914 4035 αὐτὸν

265 4067 556 4137 γεωργοῖς·
619 4088 648 4114 ››
708 4062 821 4118 εἶτα
875 4064 1009 4135 μετᾶ
1055 4067 1222 4118 ταῦτα
1269 4062 1433 4140 λέγει·
1488 4089 1516 4118 ‹‹
1578 4067 1915 4123 Ἐπέστειλεν

273 4149 402 4211 τοὺς
434 4147 668 4213 δούλους
734 4150 920 4222 αὐτοῦ,
974 4150 1062 4206 καὶ
1124 4154 1257 4225 μετὰ
1302 4153 1427 4216 τοὺς
1456 4151 1687 4218 δούλους
1714 4154 1824 4229 ἕνα,
1858 4156 1915 4210 δν

263 4239 429 4313 εἶχεν,
467 4238 604 4293 υἱόν·
640 4264 668 4291 ››
717 4237 885 4309 δῆλον
939 4241 1022 4295 ’ὁτι
1062 4241 1155 4297 τὸν
1193 4242 1401 4317 Πατέρα
1432 4242 1575 4318 λέγει
1608 4244 1912 4319 ἄνθρωπον.

263 4326 362 4380 Καὶ
391 4327 453 4381 τὸ
484 4331 623 4398 (15),
660 4352 688 4379 ι(
737 4329 1057 4403 Ἄνθρωπός
1099 4352 1181 4393 τις
1215 4330 1387 4385 ἐποίει
1415 4332 1621 4407 γάμους
1678 4338 1757 4405 τῷ
1814 4334 1917 4405 υἱῴ

263 4414 449 4469 αὐτοῦ·
486 4440 515 4466 ››
547 4416 637 4471 καὶ
678 4415 896 4472 ἐνταῦθα
948 4414 1005 4472 δὲ
1052 4416 1220 4492 ἄνδρα
1268 4418 1427 4474 αὐτὸν
1479 4418 1643 4496 λέγει·
1701 4419 1848 4476 ἀλλὰ
1877 4423 1913 4491 ἡ

266 4505 615 4579 πραγματεία
663 4512 763 4575 τῆς
815 4512 1032 4585 Γραφῆς
1082 4508 1210 4563 Θεὸν
1252 4508 1411 4563 αὐτὸν
1445 4506 1729 4567 δείκνυσιν.
1792 4512 1914 4568 ’Ότι

1268 1840 1599 1936 Ἀναϐλέψας
1816 1857 1933 1915 τοῖς
1965 1870 2012 1936 Β

2043 596 2314 653 dixerunt
2343 601 2392 655 ei
2420 617 2431 655 :
2467 603 2552 658 Ita
2583 605 2776 676 facito,
2817 613 2877 663 ut
2907 610 3104 666 dixisti
3127 613 3189 668 ⁸⁵.
3215 636 3242 665 ››
3278 619 3527 675 Hoccine
3559 624 3697 677 scri-

2044 689 2210 756 ptum
2267 694 2375 757 est,
2422 708 2494 746 an
2556 695 2726 748 non?
2769 697 2976 754 Maced.
3031 700 3239 758 Omnia
3296 705 3415 762 haec
3473 710 3693 782 scripta

2044 780 2200 832 sunt.
2228 777 2379 833 Orth.
2412 783 2623 838 Servus
2671 790 2865 842 autem
2918 788 3169 858 Domini,
3204 810 3335 848 cum
3380 813 3441 852 se
3476 799 3692 857 diceret

2044 879 2245 919 eorum
2277 884 2531 937 servum,
2555 875 2825 929 eumdem
2858 877 3035 933 trium
3063 883 3425 941 dominatum
3459 891 3686 959 profes-

2045 969 2145 1008 sus
2191 961 2299 1011 est.
2333 957 2530 1030 Neque
2577 963 2731 1017 enim
2766 965 2910 1020 dixit
2942 984 2955 1021 :
2990 957 3477 1044 Quandoquidem
3509 978 3689 1035 decli-

2046 1044 2194 1098 nasti
2227 1046 2296 1099 ad
2332 1063 2562 1103 servum
2588 1054 2774 1120 tuum,
2803 1056 2903 1109 sed
2927 1077 2954 1105 ‹‹
2988 1058 3326 1117 declinastis
3349 1066 3417 1120 ad
3453 1083 3687 1125 servum

2045 1136 2381 1201 vestrum,»
2418 1153 2663 1206 quorum
2722 1142 2893 1197 etiam
2956 1147 3132 1217 pedes
3191 1149 3382 1208 lavare
3442 1158 3688 1217 studuit.

2045 1223 2259 1276 Maced.
2292 1223 2438 1287 Quid
2472 1243 2605 1282 vero
2652 1230 2889 1286 absurdi
2924 1238 3013 1289 est
3046 1235 3103 1290 in
3134 1253 3221 1307 eo,
3256 1244 3408 1311 quod
3454 1246 3692 1316 angelo-

2046 1325 2174 1364 rum
2210 1312 2387 1381 pedes
2435 1312 2610 1369 lavit?
2645 1317 2755 1371 Nec
2804 1319 2958 1375 enim
2993 1324 3184 1379 adhuc
3233 1340 3464 1385 noverat
3509 1312 3693 1393 deum

2045 1398 2156 1453 sibi
2189 1402 2554 1472 apparuisse,
2588 1406 2685 1459 sed
2734 1409 2973 1477 putabat
3017 1429 3078 1467 se
3127 1420 3432 1474 extraneos
3464 1420 3693 1494 aliquos

2044 1486 2196 1541 viros
2246 1488 2499 1560 hospitio
2548 1494 2828 1565 excipere.
2853 1497 3005 1554 ΟνιΙι.
3042 1507 3253 1559 Demus
3287 1486 3578 1567 Abraham
3608 1514 3689 1570 ita

2042 1575 2429 1647 existimasse,
2458 1584 2520 1635 ut
2550 1586 2608 1636 tu
2643 1582 2824 1641 dicis:
2851 1604 3044 1643 annon
3076 1592 3125 1645 ei
3159 1594 3444 1654 dixissent
3474 1603 3686 1674 angeli,

2043 1679 2113 1719 ne
2146 1681 2251 1721 nos
2281 1668 2404 1737 pari
2438 1686 2502 1723 ac
2534 1670 2711 1726 istum
2758 1674 2974 1732 honore
3004 1680 3270 1737 afficias?
3301 1686 3366 1740 Et
3397 1668 3685 1758 quomodo

2043 1755 2335 1812 Abraham
2380 1759 2731 1818 existimavit
2775 1772 3078 1825 extraneos
3130 1772 3394 1833 homines
3426 1797 3458 1834 a
3490 1798 3552 1837 se
3583 1784 3685 1839 ho-

2042 1844 2218 1915 spitio
2249 1848 2453 1919 excipi,
2489 1850 2588 1921 qui
2622 1858 2949 1921 prostratus
2982 1858 3039 1913 in
3072 1865 3283 1918 terram
3320 1868 3601 1938 adoravit,
3635 1876 3692 1929 et

2042 1948 2141 1987 eos
2172 1951 2351 2005 supra
2384 1951 2446 1991 se
2476 1938 2659 1994 vidit?
2685 1940 2776 1996 Sic
2821 1944 2977 2001 enim
3018 1949 3301 2021 scriptum
3338 1964 3423 2011 est
3458 1976 3504 2013 :u
3542 1960 3689 2017 Sub-

2040 2022 2176 2079 latis
2206 2026 2391 2081 oculis
2422 2029 2693 2101 respexit,
2718 2038 2775 2088 et
2822 2050 2953 2091 ecce
2984 2043 3100 2095 tres
3132 2042 3236 2097 viri
3285 2061 3461 2117 super
3490 2049 3687 2121 ipsum

2040 2115 2348 2185 steterunt,
2377 2136 2404 2163 ››
2438 2132 2552 2171 non
2602 2125 2818 2190 autem,
2873 2140 3064 2182 coram
3116 2129 3263 2201 ipso.
3296 2115 3494 2192 Μάεείί.
3529 2140 3684 2197 Non-

2038 2200 2180 2255 dum
2236 2207 2360 2257 erat
2416 2204 2468 2258 ei
2523 2208 2902 2283 patefactum,
2936 2214 3078 2271 istos
3123 2200 3358 2291 quidem
3420 2230 3681 2301 angelos,

2038 2288 2201 2343 illum
2236 2307 2367 2346 vero
2396 2292 2581 2349 Deum
2625 2313 2772 2355 esse.
2808 2301 2959 2357 Orth.
2994 2288 3156 2363 Tunc
3186 2309 3365 2382 igitur
3408 2288 3529 2372 eos”
3556 2288 3684 2390 pari

2034 2376 2253 2434 honore
2283 2382 2503 2451 excepit
2535 2398 2548 2437 :
2581 2406 2607 2431 ‹‹
2641 2385 2958 2446 Festinavit
2987 2395 3144 2452 enim
3176 2400 3469 2460 Abraham
3504 2376 3572 2463 in‘
3594 2414 3683 2465 ta-

2036 2463 2415 2523 bernaculum
2450 2473 2519 2526 ad
2551 2472 2775 2543 Saram,
2810 2484 2867 2533 et
2898 2481 3043 2537 dixit
3073 2485 3122 2540 ei
3160 2503 3173 2542 :
3208 2489 3441 2547 Festina
3468 2501 3524 2550 et
3554 2463 3681 2567 pin-

2033 2552 2145 2607 sito
2205 2559 2324 2611 tres
2382 2557 2589 2615 similae
2646 2579 2975 2637 mensuras,
3008 2576 3063 2627 et
3121 2576 3208 2631 fac
3262 2582 3683 2644 subcinericios

2032 2658 2233 2712 panes.
2271 2644 2488 2704 Deinde
2533 2654 2591 2705 et
2650 2662 2983 2713 armentum
3043 2667 3303 2722 cucurrit
3362 2673 3680 2743 Abraham,

2032 2738 2455 2806 acceptumque
2484 2738 2729 2797 vitulum
2782 2749 3048 2804 tenerum
3097 2757 3154 2807 et
3202 2758 3463 2826 opimum
3519 2738 3679 2821 dedit

2030 2834 2195 2875 servo
2227 2838 2354 2892 suo,
2383 2826 2482 2896 qui
2535 2834 2860 2902 properavit
2891 2841 2956 2891 ut
2983 2839 3193 2897 faceret
3216 2859 3229 2897 :
3255 2853 3674 2923 acceptumque

2031 2907 2309 2980 butyrum
2357 2919 2411 2968 et
2458 2914 2568 2983 lac,
2615 2922 2670 2973 et
2720 2937 2891 2991 quem
2952 2907 3672 2999 prmparaverativitulhrri

2030 2994 2175 3065 ipsis
2205 3002 2498 3071 apposuit,
2531 3005 2631 3076 qui
2663 2994 3044 3069 comederunt
3129 3018 3252 3091 ipse
3284 3039 3415 3080 vero
3448 2994 3675 3084 astabat

2030 3085 2114 3140 eis
2145 3087 2254 3141 sub
2294 3089 2497 3147 arbore
2517 3093 2581 3147 ⁸⁸.
2612 3118 2631 3143 ι
2670 3099 2929 3157 Haeccine
2974 3106 3191 3177 scripta
3222 3117 3381 3180 sunt,
3407 3132 3477 3169 an
3512 3118 3675 3173 non?

2028 3175 2243 3230 Maced.
2279 3172 2465 3233 Etiam
2499 3182 2651 3238 Orth.
2686 3185 2755 3241 Et
2784 3190 2975 3261 angeli
3026 3172 3141 3250 una
3170 3213 3303 3253 eum
3336 3172 3450 3258 Deo
3484 3172 3675 3263 come-

2031 3262 2284 3319 derunt?
2312 3266 2521 3325 Maced.
2550 3271 2709 3328 Visio
2754 3281 2878 3331 erat
2910 3296 2922 3334 :
2956 3283 3193 3354 angelos
3224 3295 3420 3346 autem
3470 3294 3674 3367 fuisse,

2027 3352 2155 3423 lege
2184 3368 2312 3424 quae
2344 3363 2688 3429 sequuntur,
2722 3368 2780 3419 et
2806 3352 3085 3427 invenies.

2099 3441 2185 3495 11.
2230 3440 2379 3499 ΟνιΙι.
2438 3450 2506 3503 Et
2560 3466 2666 3506 nos
2722 3469 2955 3526 quoque
3012 3461 3281 3522 novimus
3337 3468 3468 3526 illos
3524 3474 3674 3531 duos

2028 3534 2229 3601 postea
2265 3534 2505 3606 angelos
2537 3538 2673 3604 diei,
2704 3543 2805 3597 sed
2838 3560 3075 3604 rursum
3123 3568 3221 3608 eos
3269 3564 3471 3626 postea
3516 3562 3672 3617 Scri-

2028 3623 2199 3688 ptura
2254 3621 2569 3681 Dominum
2629 3630 2904 3701 appellat.
2946 3636 3090 3694 Filio
3140 3621 3287 3698 vero-
3324 3652 3381 3701 et
3431 3649 3671 3718 Spiritui

2026 3716 2256 3767 constat
2285 3714 2475 3785 angeli
2527 3734 2738 3774 nomen
2788 3722 2988 3790 tribui,
3022 3744 3134 3782 non
3184 3731 3292 3787 hoc
3341 3733 3463 3791 loco
3518 3738 3669 3793 dun-

2026 3804 2203 3871 taxat,
2234 3818 2434 3858 verum
2485 3803 2660 3860 etiam
2709 3808 2866 3865 alibi.
2901 3813 3010 3867 Sed
3061 3819 3305 3889 angelus
3354 3824 3672 3899 improprie

2026 3895 2266 3945 vocatur
2305 3891 2482 3947 veluti
2539 3910 2671 3950 cum
2732 3896 2788 3951 in
2853 3903 3158 3973 Evangelia
3215 3891 3457 3967 dicitzti
3490 3914 3673 3973 Homo

2028 3978 2268 4048 quidam
2312 3980 2595 4051 plantavit
2644 3984 2893 4058 vineam,
2926 3994 2983 4045 et
3010 3989 3221 4051 locavit
3270 4014 3398 4055 eam
3452 4005 3676 4073 agricos

2026 4064 2198 4133 lis";
2228 4087 2255 4114 »
2288 4069 2344 4120 et
2390 4074 2592 4138 postea
2639 4069 2832 4143 inquit
2867 4092 2931 4129 :u
2966 4077 3124 4136 Misit
3172 4100 3370 4143 servos
3417 4064 3576 4160 suos,
3619 4097 3677 4148 et

2027 4160 2161 4225 post
2190 4170 2386 4210 servos
2428 4155 2637 4223 ﬁlium,
2671 4177 2842 4231 quem
2895 4167 3136 4226 unicum
3185 4172 3519 4250 habebat",
3542 4205 3570 4232 »
3605 4181 3674 4238 li-

2028 4249 2167 4315 quet
2196 4244 2421 4300 Patrem
2456 4247 2527 4301 ab
2559 4266 2625 4303 eo
2656 4250 2770 4305 dici
2816 4252 3135 4315 hcminem.
3171 4263 3398 4321 Etcum
3432 4244 3626 4342 inquit
3657 4291 3671 4329 :

2033 4355 2054 4381 ι
2090 4332 2273 4389 Homo
2305 4333 2541 4405 quidam
2577 4336 2708 4393 fecit
2737 4344 2975 4412 nuptias
3006 4345 3124 4404 ﬁlio
3154 4367 3261 4407 suo
3282 4354 3346 4420 3°,
3372 4379 3401 4405 »
3425 4332 3676 4431 ibique-

2028 4438 2142 4493 que
2173 4420 2470 4479 hominem
2504 4440 2638 4480 eum
2665 4436 2861 4497 vocat;
2886 4432 2983 4487 sed
3018 4452 3158 4492 usus
3180 4442 3487 4515 Scriptura;
3523 4448 3674 4505 hunc

2027 4526 2158 4564 esse
2217 4516 2395 4567 Deum
2456 4514 2839 4573 demonstrat.
2912 4523 3210 4596 Scriptura
3276 4514 3410 4588 vero
3486 4539 3672 4593 mani-

266 4590 324 4646 δὲ
355 4594 704 4670 φανερώτατα
733 4594 806 4656 εἶς
838 4600 946 4649 τῶν
983 4592 1077 4649 δύο
1110 4595 1354 4670 ἀγγέλων
1392 4596 1419 4697 ό
1453 4599 1569 4660 Υἱὸς
1622 4599 1720 4697 ἰὴ),
1740 4687 1752 4697 ι
1778 4597 1912 4697 αὖτῇ

2037 4600 2344 4656 l'estissime
2401 4602 2587 4668 docet,
2642 4622 2827 4663 unum
2886 4626 2954 4665 ex
3013 4612 3105 4670 his
3162 4618 3393 4677 duobus
3450 4626 3673 4697 angelis

264 4683 301 4749 ἡ
339 4683 520 4759 Γραφὴ
583 4679 834 4753 ἰδῐδαξεν.
886 4689 1029 4739 Μακ.
1086 4690 1246 4753 [JF-3;;
1298 4687 1440 4758 Ὀρθ.
1497 4686 1645 4741 Μετᾶ
1696 4687 1794 4763 γὰρ
1853 4688 1916 4743 τὸ

265 4775 451 4846 φαγεῖν
488 4769 679 4834 αὐτοὺς
709 4772 799 4825 καὶ
849 4771 1216 4846 εὐλογηθῆναι
1247 4775 1335 4828 τὸν
1369 4769 1637 4850 Ἀϐραὰμ,
1696 4776 1785 4830 καὶ
1814 4777 1913 4845 τὴν

263 4862 362 4911 τοῦ
420 4860 600 4915 Ἰσαὰκ
652 4855 837 4915 λαϐεῖν
884 4860 1041 4915 αὐτὸν
1102 4860 1443 4935 ἐπαγγελίαν,
1495 4863 1666 4925 οὕτως
1723 4865 1916 4940 γέγρα-

264 4967 415 5015 πται,
445 4948 534 5001 καὶ
568 4948 654 5003 ἐὰν
691 4948 1148 5024 μακροθύμήσῃς,
1183 4949 1351 5025 λέγω.
1397 4957 1537 5006 Μακ.
1573 4952 1725 5006 Εἰπέ.
1763 4954 1911 5029 Ὀρθ.

263 5059 290 5084 «ι
328 5035 425 5089 Καὶ
459 5036 487 5089 6
542 5037 735 5111 Κύριος
795 5038 961 5093 εἶπεν.
1017 5038 1093 5095 Οὐ
1157 5038 1232 5110 μή
1281 5038 1472 5115 κρύψω
1511 5040 1615 5094 ἀπὸ
1666 5035 1915 5115 Ἀϐραὰμ

2030 4689 2212 4745 fuisse
2256 4690 2482 4746 Filium.
2517 4695 2723 4750 Maced.
2758 4701 3103 4764 Quomodo?
3151 4705 3302 4763 Orth.
3337 4710 3481 4767 Nam
3517 4689 3676 4785 post-

2028 4795 2207 4849 quam
2239 4780 2648 4853 comedissent,
2667 4790 2723 4839 et
2757 4786 3097 4848 benedictus
3130 4780 3674 4872 fuissetAbraham,

2028 4873 2264 4939 accepta
2317 4869 2475 4925 Isaac
2538 4874 2942 4943 promissione,
3001 4880 3081 4937 ita
3137 4887 3418 4958 scriptum
3478 4899 3586 4964 est,
3620 4900 3679 4951 et

2028 4955 2243 5024 dicam,
2294 4960 2345 5013 si
2395 4963 2567 5014 modo
2617 4963 2928 5021 sustineas.
2962 4969 3162 5029 Maced.
3200 4955 3316 5033 Die.
3362 4980 3511 5036 Orth.
3547 4955 3585 5033 ‹‹’
3608 4984 3679 5040 Et

2027 5044 2309 5101 Dominus
2366 5047 2513 5102 dixit
2574 5065 2585 5102 :
2648 5050 2772 5106 Non
2832 5054 3031 5113 celabo
3092 5062 3379 5123 Abraham
3442 5088 3674 5131 servum

329 5225 376 5261 ⁸⁸
406 5226 547 5283 Gen.
581 5244 741 5295 xvm,
777 5230 828 5299 4,
859 5230 913 5284 5.
988 5229 1033 5265 ⁸⁸
1065 5229 1205 5285 ibid.
1238 5230 1358 5284 6-8.
1437 5231 1481 5265 ⁸⁷
1511 5236 1647 5287 Luc.
1680 5248 1772 5303 xx,
1802 5232 1858 5287 9.

2037 5232 2152 5287 bid.
2188 5234 2373 5289 10-13.
2450 5235 2495 5271 ⁸ο
2525 5236 2731 5296 Matth.
2765 5259 2903 5315 xxn,
2932 5251 2986 5303 2.

291 5404 447 5528 ὄμι)
476 5404 597 5460 Ὅτι
630 5405 796 5461 abest
825 5422 860 5461 a
888 5405 1008 5463 Pal.
1044 5406 1266 5464 Ibidem
1316 5422 1486 5481 mss.,
1521 5409 1755 5485 εἰρηκὼς
1784 5412 1905 5467 ἐαυ-

323 5495 373 5527 ν.

254 5493 373 5527 τον.

326 5544 439 5689 (12;
472 5544 979 5633 Ραιαῐ.,ἐνόμισεγ.
1384 5621 1397 5638 ‘
1450 5619 1466 5643 ⁹
1540 5622 1553 5643 ‘
1718 5628 1742 5640 θ
1821 5625 1831 5641 '

472 5618 673 5689 Palat.,
726 5618 808 5675 ὅτι
855 5636 947 5675 και
996 5612 1260 5678 ML...
1308 5640 1400 5677 και
1454 5616 1568 5679 ιδου
1623 5642 1769 5701 τρεις
1801 5625 1903 5702 ἁγ-

252 5707 434 5767 γελοιο

2094 5413 3060 5515 (ἓὲὶξβιίξλὲἓυίῗὲῗέξ,ἶσοξίμουςο
3094 5435 3221 5491 Mox
3268 5445 3401 5515 post
3432 5437 3667 5515 ἐδέξατο,

2021 5486 2084 5540 in
2104 5484 2289 5541 editis
2317 5484 2552 5559 legitur,
2587 5484 2769 5568 ὡσπερ
2802 5484 3669 5577 γέγραπέέκιζἱιῖιὲἆὲὲιῖἱῗῖῒιί

2024 5573 2171 5613 mss.

2103 5627 2215 5700 (15)
2246 5625 2316 5681 Τό
2341 5628 2503 5686 deest
2532 5629 2590 5687 in
2619 5634 2902 5695 Palatino.
