4092 6218
429 374 588 434 1219

1586 357 1651 426 S.
1704 355 2225 426 ATHANASIUS.
2257 397 2334 407 —
2363 361 2668 426 SPURIA.

3693 367 3849 429 1220

436 521 655 570 meum,
689 519 817 575 quae
866 517 970 572 ego
1023 516 1152 555 sum
1215 495 1496 554 facturus.
1534 496 1826 552 Abraham
1889 503 2055 552 auten

2168 499 2301 562 ¹τοιζὶ
2331 492 2524 556 παιδός
2563 517 2689 567 μου,
2725 496 2756 550 ἃ
2819 492 3009 567 μέλλω
3062 492 3236 548 ποιεῖν
3298 495 3423 571 ἐγώ.
3483 492 3741 571 Ἀϐραὰμ
3795 495 3850 552 δὲ

433 598 530 648 tiet
553 593 612 646 in
645 596 878 664 gentem
913 605 1186 661 magnam
1219 594 1273 642 et
1303 588 1622 658 copiosam,
1647 593 1703 641 et
1733 587 1790 640 in
1821 603 1888 640 eo
1921 586 2084 640 bene-

431 681 702 737 dicentur
730 696 933 736 omnes
984 683 1146 734 terras
1197 677 1465 732 nationes
1497 692 1561 731 :n
1595 681 1653 730 et
1685 674 1855 746 paulo
1901 678 2036 746 post
2067 690 2080 728 :

430 794 457 820 ‹‹
497 770 647 825 Dixit
693 775 888 824 autem
941 768 1267 823 Dominus:
1313 763 1541 820 Clamor
1589 765 1974 819 Sodomorum
2027 768 2085 818 et

429 858 764 915 Gomorrhae
816 855 1105 912 increbuit
1146 854 1218 909 ad
1267 871 1379 918 me,
1413 857 1470 909 et
1527 853 1787 924 ipsorum
1847 855 2084 924 peccata

431 956 572 1005 sunt
604 965 818 1019 magna
847 945 1030 1002 valde.
1057 947 1204 1000 447
1241 944 1614 1000 Descendens
1644 942 1825 1015 igitur
1851 941 2078 1009 videbo,

433 1056 572 1095 num
606 1037 930 1093 secundum
978 1034 1292 1090 clamorem
1323 1033 1585 1104 ipsorum
1619 1032 1719 1104 qui
1751 1032 1823 1087 ad
1857 1048 1950 1086 me
1982 1046 2079 1086 ve-

432 1128 520 1182 nit
550 1126 882 1198 compleant
908 1141 921 1180 :
951 1124 1040 1178 sin
1071 1140 1240 1178 secus
1273 1127 1381 1188 est,
1418 1127 1480 1176 ut
1508 1121 1711 1176 sciam.
1738 1121 1801 1175 Et
1832 1118 2078 1192 digressi

426 1217 564 1271 inde
595 1215 699 1270 viri
731 1218 1012 1269 venerunt
1051 1212 1306 1268 Sodoma
1339 1229 1351 1267 :
1385 1210 1678 1266 Abraham
1722 1226 1854 1264 vero
1886 1209 2080 1264 stabat

420 1320 613 1360 coram
673 1303 934 1372 Domino,
994 1308 1050 1356 et
1107 1299 1589 1373 appropinquans
1647 1299 1793 1353 dixit
1848 1315 1861 1353 :
1923 1298 2074 1353 Num

415 1393 624 1464 perdes
660 1393 890 1460 justum
925 1408 1041 1444 una
1093 1407 1226 1444 cum
1286 1389 1489 1461 impio,
1527 1394 1582 1443 et
1631 1389 1741 1443 erit
1780 1388 1981 1458 justus
2015 1391 2078 1442 ut

413 1481 676 1553 impius?
704 1480 760 1535 Si
813 1481 1024 1535 fuerint
1057 1479 1114 1532 in
1151 1479 1293 1534 urbe
1326 1477 1756 1550 quinquaginta
1795 1476 1966 1547 justi,
1999 1493 2069 1531 an

416 1589 516 1628 eos
548 1570 776 1642 perdes,
813 1585 996 1639 neque
1028 1569 1129 1622 toti
1173 1566 1299 1622 loco
1332 1567 1594 1622 remittes
1635 1570 1871 1638 propter
1901 1565 2072 1636 quin-

422 1659 705 1732 quaginta
756 1660 964 1728 iustos,
997 1657 1044 1712 si
1080 1657 1138 1710 in
1173 1656 1315 1711 urbe
1348 1654 1602 1710 fuerint?
1633 1654 1802 1709 Absit
1852 1659 1915 1708 ut
1962 1652 2071 1708 hoc

419 1766 580 1820 agas,
618 1751 681 1802 ut
721 1747 956 1818 justum
1009 1762 1142 1799 cum
1196 1745 1373 1811 impio
1405 1742 1745 1809 interﬁcias,
1779 1747 1835 1796 et
1868 1743 2069 1812 justus

417 1837 528 1891 erit
577 1841 639 1890 ut
689 1833 944 1906 impius!
1006 1833 1195 1888 absit!
1227 1835 1309 1886 An
1366 1831 1464 1902 qui
1517 1831 1694 1902 judex
1742 1835 1832 1886 est
1888 1831 2067 1886 totius

414 1930 603 1994 terra},
637 1941 751 1978 non
799 1921 1138 1992 judicabit?
1196 1921 1344 1974 Dixit
1395 1926 1589 1974 autem
1643 1919 1923 1973 Dominus
1958 1936 1970 1973 :
2005 1918 2062 1973 Si

412 2017 468 2069 in
503 2012 770 2069 Sodomis
803 2013 1074 2066 invenero
1117 2009 1176 2064 in
1221 2009 1361 2063 urbe
1393 2007 1821 2080 quinquaginta
1844 2008 2060 2078 justos,

410 2103 516 2158 toti
564 2103 688 2158 loco
737 2100 1032 2155 remittam
1086 2099 1143 2152 in
1193 2114 1394 2152 eorum
1448 2097 1696 2168 gratiam
1719 2098 1836 2150 9°.»
1872 2098 1936 2150 Et
1983 2096 2060 2151 ita

410 2191 703 2246 Abraham
735 2189 1041 2244 subductis
1086 2187 1369 2258 quinque,
1404 2192 1461 2240 et
1506 2201 1742 2240 rursum
1777 2186 2060 2256 quinque,

411 2279 674 2351 pervenit
705 2294 890 2350 usque
933 2277 1004 2331 ad
1051 2277 1251 2332 decem
1286 2292 1352 2328 :u
1391 2275 1653 2345 Dixitque
1707 2276 1854 2329 Deus
1889 2292 1902 2330 :
1936 2275 2058 2329 Non

416 2370 655 2441 perdam
690 2367 746 2422 in
779 2365 1028 2439 gratiam
1061 2365 1259 2420 decem
1293 2364 1538 2419 istorum
1567 2381 1580 2417 :
1613 2368 1670 2418 et
1698 2363 1842 2418 abiit
1870 2362 2060 2418 Domi-

415 2475 557 2527 nus,
617 2463 926 2530 postquam
987 2453 1261 2508 desiisset
1323 2451 1483 2524 loqui
1550 2453 1618 2507 ad
1687 2451 1979 2507 Abraham
2041 2469 2054 2506 :

413 2547 707 2602 Abraham
741 2560 974 2616 quoque
1007 2541 1179 2598 rediit
1207 2542 1449 2596 domum
1484 2557 1652 2597 suam
1675 2542 1735 2595 9'.
1767 2564 1788 2589 ι

484 2636 568 2690 12.
599 2633 796 2690 Maced.
835 2634 929 2687 Dic
961 2649 1088 2704 quae
1139 2647 1272 2686 mox
1321 2635 1665 2702 sequuntur.
1703 2629 1852 2684 llrth.
1887 2653 1914 2680 ‹‹
1943 2629 2057 2684 Ve-

408 2729 622 2779 nerunt
669 2728 863 2778 autem
917 2721 1032 2776 duo
1087 2720 1173 2776 illi
1233 2719 1421 2792 angeli
1479 2719 1802 2774 Sodoma.»
1853 2718 2052 2774 Ητιρεά.

408 2813 592 2869 Audis
618 2813 764 2868 duos
799 2811 931 2866 illos
979 2809 1161 2865 fuisse
1209 2807 1486 2880 angelos?
1518 2808 1668 2863 Orth.
1703 2809 1884 2863 Antea
1914 2807 2052 2876 dixi,

407 2905 560 2957 sicut
589 2901 893 2972 Scriptura
922 2901 1067 2954 duos
1102 2896 1232 2952 illos
1267 2896 1488 2952 vocavit
1513 2897 1683 2962 viros,
1708 2897 1807 2968 qui
1858 2903 2051 2951 tamen

404 2992 508 3044 viri
544 2997 752 3044 natura
783 3006 894 3044 non
929 2991 1112 3053 erant,
1138 2987 1220 3042 sic
1252 2985 1427 3040 etiam
1481 2985 1612 3039 illos
1665 2985 1824 3056 ipsos
1852 3001 2055 3041 vocare

403 3081 662 3150 angelos,
688 3077 787 3148 qui
818 3076 1008 3146 angeli
1043 3081 1251 3130 natura
1283 3091 1398 3129 non
1427 3081 1614 3139 erant,
1640 3073 1815 3144 idque
1844 3073 2056 3144 impro-

402 3167 544 3238 prie,
575 3182 639 3221 eo
672 3165 826 3236 quod
861 3165 960 3219 Dei
992 3162 1300 3218 consilium
1333 3163 1693 3218 nuntiarent.
1721 3163 2050 3217 Audiamus

2194 584 2422 658 γενόμεν
2438 605 2488 644 σς
2524 581 2669 637 ἔσται
2701 584 2775 645 εἷς
2803 582 2953 647 ἔθνος
2991 586 3129 659 μέγα
3158 583 3246 638 καὶ
3279 582 3444 652 πολὺ,
3484 585 3576 639 καὶ
3625 585 3848 641 ένευλο-

2191 674 2526 748 γηθήσοντιι
2559 672 2611 727 έν
2644 672 2790 744 αύτῷ
2837 673 3005 727 πάντα
3035 674 3100 726 τὰ
3139 670 3266 742 ἔθνη
3315 681 3419 742 τῆς
3467 680 3595 748 γῆς·
3647 698 3676 725 ι)
3735 677 3846 728 εἶτα

2196 762 2311 834 μετ’
2343 761 2519 838 ὀλίγα·
2557 787 2584 811 ‹‹
2611 763 2743 816 Εἶπε
2771 758 2827 816 δὲ
2858 763 2884 815 6
2919 762 3136 835 Κύριος*
3174 763 3396 839 Κραυγὴ
3455 760 3720 835 Σοδόμων
3753 766 3842 818 καί

2193 851 2474 927 Γομόρρας
2507 850 2881 922 πεπλήθυνται
2913 851 3049 926 πρὸς
3082 851 3168 923 με,
3200 851 3289 905 καὶ
3338 853 3392 906 αἱ
3448 853 3710 927 ἀμαρτᾶιι
3749 853 3838 907 16-

2188 946 2296 996 τῶν
2333 942 2568 1017 μεγάλαι
2625 939 2850 1019 σφόδρα.
2913 936 3163 1004 Καταϐὰς
3213 941 3303 996 οὖν
3339 939 3570 1016 ὄψομαι,
3601 943 3651 998 εἴ
3707 947 3844 999 κατὰ

2187 1031 2286 1099 τήν
2339 1032 2576 1107 κραυγὴν
2637 1029 2809 1084 αὐτῶν
2865 1031 2961 1098 τήν
3009 1029 3318 1106 ἐρχομένην
3367 1033 3502 1106 πρὸς
3565 1033 3632 1104 μὲ
3666 1053 3844 1086 συντε-

2190 1119 2431 1176 λοῦνται“
2468 1121 2511 1175 εἰ
2564 1118 2620 1175 δὲ
2668 1120 2766 1192 μὴ,
2811 1118 2902 1172 ἵνα
2929 1123 3061 1195 γνῶ.
3097 1120 3200 1176 Καὶ
3235 1121 3665 1198 ἀποστραφέντες
3697 1121 3840 1176 ἐκεῖ-

2187 1212 2272 1264 θεν
2306 1212 2357 1264 οἱ
2389 1207 2598 1285 ἄνδρες,
2628 1208 2799 1278 ἦλθον
2832 1208 2904 1270 εἷς
2938 1206 3181 1282 Σόδομα.
3214 1204 3468 1284 ’Δϐραᾶμ
3497 1207 3556 1264 δὲ
3584 1213 3652 1279 ἦν
3684 1209 3842 1278 ἐπη-

2184 1301 2292 1360 κὼς
2326 1296 2495 1354 ἔναντι
2529 1298 2742 1373 Κυρίου·
2803 1297 2891 1353 καὶ
2942 1297 3152 1374 ἐγγίσας
3203 1294 3457 1373 Ἀϐραὰμ
3502 1300 3676 1354 εἶπεν·
3741 1303 3839 1369 Μή

2183 1387 2568 1450 συναπολέσεις
2601 1391 2711 1461 (16)
2745 1383 2946 1442 δίναιον
2982 1388 3116 1460 μετᾶ
3171 1383 3420 1461 ἀσεϐοῦς,
3473 1387 3565 1442 καὶ
3624 1383 3780 1443 ἔσται
3813 1392 3842 1443 6

2182 1476 2412 1547 δίκαιος,
2445 1477 2519 1540 ὡς
2552 1478 2579 1531 6
2607 1471 2806 1548 ἀσεϐής
2833 1496 2847 1546 ;
2881 1476 3007 1533 Ἀὰν
3040 1477 3139 1531 ὦσι
3173 1479 3508 1548 πεντήκοντα
3539 1474 3746 1532 δίκαιοι
3789 1478 3843 1532 ἐν

2178 1570 2246 1639 τῇ
2278 1564 2459 1636 πόλει,
2491 1564 2777 1627 ἀπολέσεις
2809 1564 3024 1630 αὐτοὺς,
3056 1565 3145 1620 καὶ
3200 1565 3298 1620 οὐκ
3357 1566 3572 1638 ἀνήσεις
3628 1567 3843 1620 ἅπαντα

2177 1656 2267 1710 τὸν
2300 1656 2466 1710 τόπον
2496 1652 2672 1709 ἕνεκεν
2724 1659 2831 1708 τῶν
2891 1656 3223 1725 πεντήκοντα
3267 1651 3514 1727 δικαίων,
3549 1655 3636 1709 ἐὰν
3701 1655 3836 1709 ὦσιν

2178 1743 2230 1798 έν
2263 1743 2432 1817 miti];
2468 1740 2753 1814 Μηδαμῶς
2787 1742 2848 1795 σὺ
2882 1745 3113 1816 ποιήσῃς
3145 1744 3258 1816 (17)
3311 1742 3376 1797 τὸ
3435 1743 3588 1818 ῥῆμα
3644 1747 3834 1812 τοῦτο,

2175 1837 2272 1887 τοῦ
2327 1832 2637 1887 ἀποκτεῖναι
2697 1829 2902 1886 δίκαιον
2966 1833 3100 1904 μετά
3159 1826 3404 1899 ἀσεϐοῦς,
3463 1832 3554 1886 καὶ
3592 1827 3745 1886 ἔσται
3805 1835 3836 1886 6

2177 1919 2384 1982 δίκαιος
2417 1921 2488 1980 ὡς
2516 1921 2544 1974 6
2596 1914 2811 1990 ἀσεϐής·
2851 1917 3142 1992 μηδαμῶς.
3177 1920 3238 1977 Ὁ
3280 1919 3477 1996 κρίνων
3511 1927 3686 1975 πᾶσαν
3725 1923 3827 1989 τὴν

2172 2017 2271 2086 γῆν
2307 2009 2366 2064 ού
2399 2011 2615 2079 ποιήσει
2647 2009 2862 2083 κρίσιν;
2906 2010 3066 2063 Εἶπεν
3102 2007 3158 2063 δέ
3207 2010 3234 2063 6
3265 2009 3483 2085 Κύριος·
3527 2010 3652 2064 Ἐὰν
3691 2010 3832 2085 εὕρω

2173 2099 2222 2153 ἐν
2260 2096 2532 2170 Σοδόμοις
2561 2100 2892 2168 πεντήκοντα
2924 2096 3165 2159 δικαίους
3198 2097 3247 2151 ἐν
3279 2102 3347 2172 τῇ
3387 2097 3570 2168 πόλει,
3631 2099 3830 2177 ἀφήσω

2170 2189 2344 2242 πάντα
2397 2188 2489 2242 τὸν
2547 2189 2714 2241 τόπον
2772 2184 2840 2240 δι’
2889 2186 3106 2250 αὐτούς.
3171 2211 3199 2238 ››
3258 2187 3356 2240 Καὶ
3388 2186 3564 2250 οὕτως
3601 2187 3828 2266 ὑφείλας

2169 2277 2351 2345 πέντε,
2380 2277 2468 2330 καὶ
2499 2275 2662 2330 πάλιν
2725 2277 2902 2345 πέντε,
2936 2274 3098 2345 ἦλθεν
3129 2273 3235 2337 ἕως
3269 2273 3414 2330 δέκα·
3478 2303 3504 2326 ι(
3540 2277 3638 2331 Καὶ
3675 2279 3826 2332 εἶπεν

2169 2366 2198 2420 6
2225 2365 2374 2428 Θεός.
2407 2365 2513 2422 Οὑν
2543 2363 2800 2420 ἀπολέσω
2831 2361 3008 2419 ἕνεκεν
3037 2369 3143 2419 τῶν
3179 2361 3324 2421 δέκα.
3379 2366 3654 2434 Ἀπῆλθεν
3707 2363 3767 2421 δὲ
3795 2368 3826 2420 ὁ

2169 2455 2386 2529 Κύριος,
2421 2454 2494 2516 ὡς
2528 2453 2792 2508 ἐπαύσατο
2827 2451 3010 2509 λαλῶν
3043 2455 3120 2526 τῷ
3159 2448 3535 2528 Ἀϐραάμ.καὶ
3571 2455 3828 2530 ὑπέστρε-

2167 2546 2261 2615 ψεν
2296 2541 2370 2604 εἷς
2399 2542 2490 2596 τὸν
2524 2541 2672 2596 οἶκον
2702 2541 2886 2595 αὐτοῦ.
2925 2565 2952 2592 ››

2241 2636 2324 2688 12.
2359 2633 2502 2688 Μακ.
2535 2630 2669 2685 Eia}
2698 2631 2765 2684 τὰ
2795 2631 2938 2702 ἑξῆς.
2973 2631 3121 2701 Ὀρθ.
3177 2654 3204 2681 υ
3259 2628 3461 2695 ’Ἡλθον
3521 2628 3579 2685 δὲ
3637 2634 3691 2686 οἱ
3724 2630 3820 2688 δύο

2166 2718 2388 2797 ἄγγελοι
2421 2720 2496 2781 εἰς
2558 2717 2800 2791 Σόδομα.
2862 2742 2890 2768 υ
2949 2721 3094 2775 Μακ.
3158 2719 3420 2792 Ἀκούεις,
3454 2718 3537 2774 ὅτι
3594 2720 3819 2797 ἄγγελοι

2164 2809 2300 2877 ἦσαν
2324 2810 2374 2862 oi
2407 2806 2540 2876 6'50;
2575 2810 2723 2881 Ὀρθ.
2757 2803 3056 2883 Προλαϐὼν
3093 2809 3266 2879 εἶπον,
3300 2806 3381 2862 ὅτι
3433 2807 3616 2884 ὥσπερ
3667 2811 3813 2886 λέγει

2161 2897 2287 2958 τοὺς
2347 2894 2443 2951 δύο
2502 2894 2716 2972 ἄνδρὰς,
2746 2895 2836 2950 καὶ
2877 2897 2975 2950 οὑκ
3003 2899 3134 2964 ἦσαν
3167 2900 3234 2970 τῇ
3285 2896 3434 2974 φύσει
3469 2895 3682 2974 ἄνδρες
3718 2898 3815 2953 o6-

2161 3007 2269 3047 τως
2326 2985 2414 3039 καὶ
2469 2984 2593 3046 τοὺς
2630 2983 2724 3038 δύο
2786 2983 3048 3060 ἀγγέλους
3106 2983 3272 3060 λέγει,
3305 2985 3394 3039 καὶ
3421 2987 3522 3040 οὑκ
3545 2989 3685 3053 ἦσαν
3743 2993 3813 3053 τῆ

2162 3074 2314 3151 φύσει
2349 3073 2587 3150 ἄγγελοι,
2621 3071 2764 3128 ἀλλὰ
2793 3078 3266 3148 καταχρηστικῶς,
3319 3073 3370 3128 έν
3393 3078 3489 3128 τοῦ
3521 3075 3817 3151 ἀγγέλλειν

2161 3163 2356 3224 αὑτοὺς
2385 3165 2483 3230 τὴν
2513 3167 2606 3216 τοῦ
2639 3166 2773 3217 Θεοῦ
2828 3159 3054 3237 βουλήν.
3096 3164 3216 3218 Τῶν
3268 3159 3324 3216 δὲ
3377 3162 3498 3235 ἑξῆς
3558 3165 3814 3220 ἀκούσω-

399 3236 594 3309 autem
627 3270 754 3325 quae
787 3239 1136 3322 sequuntur.
1173 3250 1355 3322 Magis
1397 3251 1551 3305 enim
1588 3267 1620 3304 a
1651 3251 1821 3306 ruina
1851 3250 2046 3306 civita-

2168 3273 2280 3325 μεν.
2316 3251 2539 3306 Μᾶλλον
2575 3252 2675 3326 γὰρ
2709 3271 2766 3305 εκ
2793 3255 2890 3304 τοῦ
2940 3249 3159 3327 ἐδαφίου
3214 3248 3598 3324 διδασκόμεθα.
3665 3257 3818 3314 Μακ.

397 3344 472 3398 tis
504 3341 827 3396 erudimur.
866 3339 1060 3394 Maced.
1101 3339 1220 3394 Dic.
1255 3338 1407 3394 Orth.
1445 3363 1470 3388 ‹‹
1509 3339 1803 3393 Venerunt
1849 3343 2045 3395 autem

401 3433 518 3486 duo
566 3429 647 3485 illi
706 3429 896 3501 angeli
946 3432 1195 3484 Sodoma
1235 3445 1490 3498 vespere,
1525 3429 1666 3483 Loth
1723 3434 1917 3485 autem
1976 3431 2046 3484 ad

401 3525 628 3591 portam
681 3519 1067 3574 Sodomorum
1115 3517 1369 3584 sedebal,
1395 3515 1494 3587 qui
1525 3533 1622 3571 eos
1654 3516 2046 3587 conspicatus,

401 3608 656 3664 occurrit
685 3607 830 3679 ipsis
859 3605 1109 3676 obviam,
1133 3610 1189 3660 et
1247 3604 1389 3660 facie
1418 3605 1475 3659 in
1510 3611 1720 3659 terram
1756 3609 2048 3675 prostrata

406 3695 688 3762 adoravit,
723 3695 981 3765 dixitque
1015 3712 1027 3749 :
1083 3699 1243 3761 Ecce,
1292 3693 1536 3756 domini.
1570 3693 1940 3748 diversamini
1985 3695 2045 3749 in

401 3788 645 3842 domum
677 3785 826 3841 servi
850 3783 1044 3852 vestri,
1069 3789 1125 3838 et
1159 3787 1512 3854 perncctate,
1534 3788 1590 3838 et
1621 3781 1840 3837 abluite
1872 3783 2046 3853 pedes

398 3883 644 3941 vestros,
679 3879 735 3930 et
777 3871 1038 3930 diluculo
1085 3872 1396 3943 experrecti
1431 3872 1682 3944 pergetis
1730 3877 1918 3926 vestro
1949 3873 2044 3926 iti-

396 3983 531 4020 nere
554 3964 619 4018 ⁰².
653 3985 679 4012 ››
716 3964 917 4026 Audis,
951 3961 1103 4032 quod
1153 3979 1252 4016 eos
1297 3959 1641 4028 adoraverit,
1673 3967 1730 4014 et
1776 3960 2046 4015 dominos

391 4051 666 4124 appellet,
690 4059 744 4106 et
773 4069 974 4106 eorum
1008 4065 1239 4105 servum
1271 4065 1399 4104 sese
1422 4049 1798 4120 proﬁteatur?
1828 4050 2040 4105 Maccd.

397 4142 649 4196 Putabat
678 4157 775 4196 eos
808 4157 935 4195 esse
962 4138 1246 4204 homines,
1274 4144 1349 4206 et,
1373 4155 1504 4192 cum
1530 4137 1836 4209 hospitalis
1869 4144 2040 4208 esset,

397 4229 660 4284 adoravit
715 4244 835 4294 eos,
887 4233 944 4283 et
998 4227 1269 4282 dominos
1328 4226 1569 4281 vocavit.
1623 4226 1775 4280 ()rlh.
1826 4227 1932 4281 Sed
1993 4228 2041 4282 si

396 4318 648 4372 fuissent
701 4315 918 4389 angeli,
962 4315 1249 4371 dixissent
1301 4315 1352 4369 ei
1387 4333 1450 4368 :a
1489 4315 1800 4370 Dominum
1857 4315 2040 4370 Deum

396 4411 564 4460 tuum
597 4406 794 4460 adora.
830 4405 946 4460 Nos
995 4405 1150 4459 enim
1186 4409 1249 4458 ut
1286 4409 1345 4458 tu
1379 4403 1640 4459 conservi
1688 4419 1897 4459 sumus
1919 4405 1980 4460 ’3.
2009 4427 2036 4455 »

391 4495 611 4550 Maced.
648 4492 953 4548 Enimvero
987 4510 1102 4565 qua
1150 4494 1207 4546 in
1240 4509 1300 4547 re
1330 4492 1604 4563 peccabat
1652 4493 1903 4547 adorans
1934 4510 2036 4548 an-

2167 3341 2320 3397 Εἷπέ.
2350 3342 2492 3415 Ὀρθ.
2532 3362 2557 3394 ι
2586 3336 2790 3403 Ἧλοον
2821 3335 2877 3393 δέ
2936 3341 2987 3392 οἱ
3046 3337 3141 3395 δύο
3189 3339 3411 3415 ἄγγελοι
3461 3341 3536 3402 εἷς
3591 3341 3820 3416 Σόδομα

2161 3429 2402 3505 ἑσπέρας,
2435 3430 2560 3482 Λὼτ
2592 3426 2648 3482 δὲ
2681 3427 2912 3498 ἐκάθητο
2961 3429 3083 3503 περὶ
3125 3430 3224 3497 τὴν
3274 3427 3456 3499 πύλην
3516 3429 3812 3504 Σοδόμων.

2159 3516 2309 3574 Ἰδὼν
2339 3515 2396 3572 δὲ
2424 3519 2569 3584 Λὼτ,
2633 3516 2879 3586 ἐξανέστη
2940 3517 3016 3578 εἱς
3072 3518 3389 3587 συνάντησιν
3447 3519 3659 3588 αὑτοῖς,
3723 3523 3814 3576 καὶ

2155 3605 2552 3682 προσεκύνησεν
2585 3609 2664 3676 τῷ
2719 3605 2998 3678 προσώπῳ
3052 3605 3217 3660 αὑτοῦ
3275 3605 3360 3659 ἐπὶ
3400 3607 3497 3674 τήν
3529 3613 3656 3681 γῆν·
3721 3610 3810 3664 καὶ

2157 3695 2323 3752 εἶπεν.
2359 3693 2514 3764 Ἰδοὺ,
2565 3694 2765 3770 κύριοι,
2813 3692 3094 3748 έκκλίνατε
3137 3695 3213 3756 εἱς
3243 3695 3333 3749 τὸν
3364 3697 3512 3750 οἷκον
3542 3699 3642 3750 τοῦ
3675 3718 3809 3752 παι-

2157 3781 2248 3844 δὸς
2305 3783 2478 3855 ὑμῶν,
2537 3783 2625 3836 καὶ
2684 3780 3018 3837 καταλύσατε
3073 3784 3212 3855 (l8),
3264 3782 3354 3837 καὲ
3405 3784 3625 3856 νίψασθε
3678 3786 3807 3847 τοὺς

2153 3870 2322 3933 πόδας
2357 3872 2533 3944 ὑμῶν,
2582 3870 2670 3924 καὶ
2730 3869 3096 3945 ὀρθρίσαντεθ,
3152 3870 3510 3926 ἀπελεύσεσθε
3570 3872 3646 3933 εἷς
3679 3876 3802 3940 “his

2155 3957 2277 4015 ὁδὸν
2314 3961 2486 4032 ὑμῶν.
2517 3983 2545 4011 ››
2577 3958 2842 4028 Ἀκούεις,
2875 3958 2957 4012 ὅτι
3004 3958 3401 4034 προσεκύνησεν
3459 3959 3681 4028 αὐτοὺς,
3712 3963 3802 4016 καὶ

2151 4048 2490 4126 κυριολογεῖ,
2550 4049 2636 4103 καὶ
2695 4053 2824 4109 παῖς
2881 4047 3010 4102 εἶναι
3071 4049 3247 4102 αὑτῶν
3291 4047 3599 4123 ὀμολογεῖ;
3657 4053 3802 4107 Μακ.

2154 4139 2432 4212 Ἑνόμιζεν
2495 4138 2628 4192 εἶναι
2686 4136 2878 4198 αὑτοὺς
2921 4135 3258 4205 ἀνθρώπους,
3290 4137 3378 4191 καὶ
3411 4136 3694 4215 φιλόξενος
3729 4138 3800 4193 ὢν

2151 4226 2552 4302 προσεκύνησεν
2584 4229 2696 4298 (19)
2741 4225 2957 4294 αὐτοὺς,
3016 4226 3106 4280 καὶ
3155 4225 3373 4299 κυρίους
3425 4225 3606 4282 καλεῖ.
3656 4227 3803 4303 Ὀρθ.

2152 4314 2307 4370 Ἀλλ’
2366 4315 2410 4370 εἰ
2457 4317 2591 4384 ἦσαν
2653 4313 2898 4389 ἄγγελοι,
2954 4314 3101 4368 εἷπον
3156 4313 3215 4368 ἂν
3267 4316 3435 4386 αὐτῷ,
3479 4316 3670 4391 Κυρίῳ
3727 4322 3806 4388 τῷ

2152 4406 2267 4477 Θεῴ
2298 4426 2392 4459 σου
2422 4404 2730 4479 προσκύνει·
2764 4406 2925 4476 ἡμεῖς
2952 4404 3056 4479 γάρ
3086 4424 3180 4457 σου
3231 4401 3532 4475 ὁμόδουλοί
3560 4404 3748 4478 ἐσμεν.
3775 4431 3802 4457 ιθ

2151 4496 2294 4550 Μακ.
2354 4491 2414 4547 Τί
2471 4493 2574 4567 γὰρ
2633 4489 2876 4560 ἠδικεῖτο
2922 4497 3236 4564 προσκυνῶν
3278 4491 3581 4566 ἀγγέλοοςς
3642 4496 3800 4570 Ὀρθ.

389 4581 592 4654 gelos?
624 4582 776 4638 Orth.
823 4582 984 4653 Saepe
1033 4581 1224 4635 audivi
1258 4597 1378 4646 vos,
1413 4596 1546 4634 cum
1595 4579 1885 4646 diceretis,
1920 4599 2034 4638 non

2172 4584 2387 4639 Ηκουσα
2416 4581 2567 4654 ὐμῶν
2631 4580 2901 4654 λεγόντων
2951 4578 3245 4649 πολλάκις,
3291 4577 3376 4635 ὅτι
3420 4583 3483 4636 o6
3516 4578 3600 4636 δεῖ
3628 4603 3802 4659 προσο

389 4689 518 4726 esse
550 4671 912 4726 adorandum
959 4669 1242 4741 Spiritum
1285 4672 1578 4723 sanctum.
1613 4668 1806 4724 Maced.
1839 4670 2038 4742 Neque

389 4763 546 4816 enim
582 4761 667 4814 fas
711 4765 818 4815 est.
846 4758 996 4814 Orth.
1021 4760 1138 4814 Cur
1185 4757 1364 4830 igitur
1411 4774 1567 4812 nunc
1596 4757 1776 4813 dicis:
1807 4759 1929 4822 Qua
1977 4760 2036 4816 in

394 4867 454 4904 re
487 4854 725 4904 sanctus
761 4847 902 4903 Loth
938 4846 1231 4919 peccabat,
1257 4847 1506 4901 adorans
1537 4845 1814 4917 angelos?
1841 4847 2034 4903 Maced.

393 4938 519 4992 Non
586 4937 742 4992 enim
811 4953 908 4992 eos
978 4941 1040 4990 ut
1104 4934 1418 4991 Dominum
1488 4939 1666 4989 Deum
1737 4935 2038 4991 adoravit?

391 5025 556 5082 Orth.
593 5025 741 5096 Lege
798 5042 926 5096 quae
983 5023 1186 5078 ordine
1244 5027 1592 5094 sequuntur.
1643 5024 1838 5079 Maced.
1893 5025 2038 5098 Lege

385 5120 448 5170 tu
503 5115 647 5187 ipse.
682 5113 834 5169 Orth.
872 5111 946 5167 lis
978 5129 1108 5182 quae
1161 5111 1531 5166 recitavimus
1583 5112 1832 5183 subjecit
1884 5115 2037 5184 quod

384 5203 677 5276 exceperit
706 5218 805 5258 eos
857 5199 1131 5272 hospitio,
1165 5204 1222 5256 et
1251 5207 1534 5257 venerunt
1565 5199 1671 5254 viri
1719 5199 1829 5256 loci
1879 5201 2036 5259 illius

455 5412 499 5448 9°
527 5409 669 5468 Gen.
700 5425 862 5477 xvm,
895 5407 1082 5464 17-28.
1158 5407 1200 5443 θί
1234 5405 1376 5464 ibid.
1410 5406 1501 5478 32,
1530 5407 1622 5464 33.

459 5605 570 5679 (Ψ)
602 5603 766 5679 Ms_s.,
799 5598 1200 5679 συναπολὲσιις.
1234 5601 1406 5672 Editi,
1437 5596 1825 5675 συναπολέσῃς.

462 5675 576 5752 (17)
606 5675 818 5746 Palat",
838 5675 1110 5746 ποιήσεις.

2147 4677 2320 4726 κυνεῖν
2380 4669 2649 4742 Πνεύματι
2705 4673 2783 4740 τῷ
2839 4669 2994 4745 ἁγίῳ.
3055 4671 3199 4725 Μακ.
3261 4671 3358 4724 Καὶ
3416 4671 3520 4744 γὰρ
3583 4672 3646 4725 06
3699 4668 3800 4728 δεῖ.

2148 4761 2291 4835 Ὀρθ.
2325 4758 2419 4812 Καὶ
2461 4762 2578 4818 πῶς
2628 4761 2717 4810 νῦν
2775 4756 2974 4831 λέγεις·
3008 4756 3075 4813 Τί
3106 4759 3210 4834 γὰρ
3241 4752 3546 4812 ἐϐλάπτετο
3580 4760 3608 4812 6
3641 4761 3800 4833 ἅγιος

2147 4849 2270 4902 Λὼτ
2317 4851 2629 4917 προσνυνῶν
2680 4851 2795 4907 τοῖς
2846 4844 3146 4921 ἀγγέλοις;
3205 4853 3344 4903 Μακ.
3406 4848 3500 4914 Μὴ
3558 4847 3662 4923 γὰρ
3726 4849 3801 4911 ὡς

2148 4936 2329 5012 Κυρίῳ
2379 4940 2458 5008 τῷ
2515 4939 2630 5006 Θεῷ
2690 4940 2982 5010 προσκυνεῖ
3038 4936 3268 5004 αὺτοῖς;
3313 4937 3464 5011 Ὀρθ.
3495 4938 3802 5012 Ἀνάγνωθι

2145 5025 2211 5079 τὰ
2271 5025 2412 5094 ἑξῆς.
2487 5025 2630 5080 Μακ.
2713 5023 3010 5097 ’Δνάγνωθι
3085 5023 3268 5086 αὑτός.
3330 5024 3480 5099 Ὀρθ.
3533 5026 3686 5079 Μετὰ
3736 5026 3802 5080 τὰ

2147 5111 2550 5187 ἀναγνωσθέντα
2621 5110 2885 5188 ἐπιφέρει,
2963 5109 3046 5165 ὅτι
3117 5111 3339 5181 ἐξένισεν
3416 5111 3637 5173 αὐτούς’
3713 5113 3798 5167 καὶ

2146 5200 2315 5270 ἦλθον
2349 5201 2401 5254 οἱ
2453 5197 2638 5274 ἄνδρες
2668 5203 2764 5253 τοῦ
2793 5198 2965 5254 τόπου
2999 5197 3227 5266 ἑκείνου,
3283 5203 3570 5269 ζητοῦντες
3627 5220 3799 5275 παρα-

1698 5408 1743 5444 ⁹²
1775 5408 1919 5467 Gen.
1951 5427 2066 5483 xix,
2098 5411 2151 5483 1,
2182 5411 2237 5468 2.
2315 5410 2359 5447 ⁸³
2388 5412 2565 5482 Apoc.
2597 5425 2716 5478 xix,
2748 5411 2834 5466 10.

2244 5603 2330 5750 18)
2360 5603 2455 5660 Sic
2484 5601 2669 5660 Palat.
2699 5603 2876 5678 Editi,
2906 5601 3295 5670 καταλύσασθε.

2244 5677 2308 5733 19
2359 5676 2528 5747 Mss.,
2559 5674 2902 5750 προσεκύνει.

2243 5674 2326 5750 19)
2359 5676 2528 5747 Mss.,
2559 5674 2902 5752 προσεκύνει.
