4092 6218
300 322 447 384 1221

1264 313 1367 375 DE
1411 313 1716 376 SANCTA
1755 311 2180 373 TRINITATE
2223 312 2609 376 DIALOGUS
2653 313 2760 377 Ill.

3555 330 3706 389 1222

300 457 538 527 νομῆσαι
571 450 648 513 εἰς
678 447 802 511 τοὺς
833 446 1046 524 ἄνδρας.
1098 447 1196 502 Καὶ
1231 445 1259 499 6
1318 446 1442 500 Λὼτ
1506 444 1600 506 τὰς
1653 442 1986 518 Θυγατὲραςλ

2099 445 2256 500 nimo
2290 445 2489 518 ﬂagitii
2543 448 2823 504 adversus
2881 448 3012 506 illos
3070 456 3493 514 committendi.
3559 463 3704 518 Lulh

308 540 488 600 ἐδίδου
520 541 596 602 εἱς
629 533 782 613 ὕϐριν
821 535 1034 611 μᾶλλον
1063 536 1098 606 ἣ
1131 535 1257 597 τοὺς
1285 531 1501 608 ἄνδρας.
1537 534 1632 588 Καὶ
1666 532 1950 605 ἐπιμενόν-

305 653 416 688 των
465 634 576 686 τῶν
622 625 942 700 Σοδομιτῶν
994 629 1063 700 τῇ
1121 625 1262 697 ἀθέῳ
1308 624 1526 699 γνώμῃ,
1556 622 1867 678 ἐπεσπῶντο
1901 621 1954 675 οἱ

311 718 534 799 ἄγγελοι
564 719 654 773 τὸν
690 717 814 772 Λὼτ
846 715 920 778 εἰς
951 717 1047 784 τήν
1082 713 1277 785 οῗκίαν,
1310 712 1548 774 ἐκείνους
1603 709 1660 766 δὲ
1699 711 1958 781 ἐπάταξαν

311 809 560 884 ἆορασίᾳ.
623 809 692 864 ἸΙ
751 805 858 881 οὐχ
914 804 1120 871 οὕτως
1173 805 1318 860 Μακ.
1381 801 1590 863 Οὕτως.
1641 802 1791 876 Ὀρθ.
1853 799 1957 856 Καὶ

315 901 436 971 ἒξῆς
465 897 782 974 γέγραπται·
818 921 846 946 «
880 893 1051 948 Εἶπον
1084 890 1140 947 δὲ
1169 893 1220 946 οἱ
1251 889 1437 967 ἄνδρες
1469 891 1603 966 πρὸς
1631 889 1772 946 Λώτ,
1808 891 1960 946 Ἔστι

316 1011 400 1044 σοι
433 985 540 1042 ὧδε
569 981 842 1062 γαμϐρὸς,
900 983 934 1051 ἣ
988 982 1118 1048 υἱοὶ,
1165 982 1199 1050 ἢ
1251 980 1571 1055 θυγατέρες;
1621 980 1656 1048 ἢ
1691 977 1843 1040 εἷ’τίς
1876 999 1959 1032 σοι

317 1077 491 1138 ἄλλος
529 1075 673 1131 ἐστιν
707 1073 761 1128 ἐν
791 1075 859 1146 τῇ
888 1070 1300 1146 πόλει,ἐξάγαγε
1332 1072 1391 1124 ἐκ
1418 1073 1515 1124 τοῦ
1543 1069 1714 1124 τόπου
1742 1069 1960 1125 τούτου.

315 1168 440 1224 ’Ότι
471 1162 789 1236 ἀπόλλυμεν
822 1164 984 1234 ἡμεῖς
1012 1160 1104 1214 τὸν
1127 1159 1295 1213 τόπον
1325 1162 1536 1230 τοῦτον,
1569 1157 1651 1212 ὅτι
1707 1158 1892 1231 ὑψώθη
1927 1159 1963 1226 ἡ

315 1257 523 1332 κραυγή
556 1253 732 1308 αὐτῶν
763 1249 999 1306 ἐναντίον
1033 1247 1253 1324 Κυρίου,
1285 1247 1373 1302 καὶ
1405 1245 1716 1302 ἀπέστειλεν
1761 1249 1907 1318 ἡμᾶς
1939 1247 1967 1300 ὁ

317 1344 515 1418 Κύριος
548 1341 793 1419 ἐκτρέψαι
817 1339 1007 1410 αὐτήν.
1045 1364 1071 1390 ››

396 1525 482 1580 13·
524 1523 672 1578 Μακ.
731 1516 1003 1587 Ἀκούεις,
1058 1514 1142 1571 ὅτι
1199 1513 1570 1590 ὁμολογοῦσιν
1635 1512 1972 1569 ἀπεστάλθαι

323 1613 471 1686 παρᾶ
527 1609 767 1685 Κυρίους
828 1607 915 1674 Μὴ
972 1604 1124 1660 αὐτοὶ
1185 1603 1372 1680 Κόριοῖ
1432 1603 1782 1677 εἴσιηὉρΘ.
1844 1604 1970 1656 Ἐὰν

328 1699 421 1756 οὖν
453 1698 591 1775 λέγῃ
631 1697 683 1754 ἐν
711 1701 826 1757 τοῖς
859 1693 1208 1770 Εὗαγγελίοις
1241 1694 1269 1748 ὁ
1302 1694 1520 1769 Σωτὴρ,
1552 1692 1635 1747 ὅτι
1669 1716 1696 1743 ‹‹
1729 1691 1843 1748 Οὐκ
1873 1692 1974 1745 ἀπ-

329 1789 582 1859 εστάλην,
627 1787 672 1842 εἰ
725 1787 801 1860 μή
853 1785 928 1846 εἰς
975 1785 1042 1839 τὰ
1091 1778 1337 1860 πρόϐατα
1365 1784 1432 1836 τὰ
1460 1779 1794 1836 ἀπολωλότα
1823 1780 1976 1835 οἴκου

331 1875 574 1954 Ἰσραήλ·
639 1901 667 1927 ››
724 1875 814 1930 καὶ
873 1871 1147 1949 ἀλλαχοῦ’
1204 1895 1232 1923 ‹‹
1281 1872 1469 1932 Καθὼς
1503 1869 1812 1925 ἀπέστειλέν
1849 1891 1914 1942 με
1945 1870 1972 1922 ὁ

333 1973 437 2038 ζῶν
473 1967 681 2040 Πατήρ²
712 1965 800 2019 καὶ
832 1964 860 2018 ὁ
890 1962 1108 2036 πέμψας
1144 1983 1210 2034 με
1253 1959 1481 2030 ἐντολήν
1520 1981 1611 2033 μοι
1657 1956 1904 2016 δέδωκενο
1942 1983 1969 2008 ››

327 2057 382 2111 τί
414 2054 572 2126 εἴπω,
605 2055 640 2122 ἢ
672 2052 724 2108 τι
773 2051 1041 2122 λαλήσω;
1102 2049 1293 2124 Οὖκετι
1350 2046 1702 2123 ὁμολογεῖται
1753 2047 1975 2123 Κύριος,

331 2141 520 2212 ἐπειδή
552 2141 826 2211 ἀπεστάλη
856 2158 869 2208 ;
904 2141 1048 2196 Μακ.
1084 2137 1185 2194 Καὶ
1245 2137 1274 2190 ὁ
1331 2136 1453 2198 Υἱὸς
1512 2133 1974 2211 ὁμολογουμένως

331 2232 528 2310 Κύριός
577 2231 740 2286 ἐστιν’
801 2229 877 2303 μὴ
928 2227 1017 2282 καὶ
1047 2228 1109 2281 τὸ
1171 2230 1422 2299 11νεῦμα;
1457 2225 1605 2300 Ὀρθ.
1636 2223 1868 2285 Τελείως
1899 2222 1978 2277 ἐν·

328 2325 498 2378 ταῦθα
553 2320 642 2376 καὶ
702 2321 1189 2394 συμπροσκυνεῖται
1238 2316 1328 2369 καὶ
1361 2313 1872 2388 συγκυριολογεῖται
1900 2315 1979 2383 τῷ

335 2413 468 2486 Υἱῷ.
502 2418 642 2467 Μακ.
675 2404 818 2478 ’Ήδη
849 2407 949 2484 γὰρ
981 2403 1268 2472 δέδεικται,
1301 2403 1384 2458 ’ὁτι
1433 2404 1556 2465 Υἱὸς
1614 2405 1680 2471 ἦν
1733 2406 1812 2473 τῷ
1855 2402 1979 2455 Λὼτ

338 2505 366 2558 ὁ
399 2499 828 2576 διαλεγόμενος;
861 2497 1010 2572 Ὀρθ.
1044 2493 1414 2570 Μακροθόμει,
1447 2491 1535 2546 καὶ
1589 2490 1979 2567 ὁμολογήσεις.

341 2600 480 2650 Max.
545 2587 703 2660 Οἶδα,
761 2588 844 2642 ὅτι
903 2589 1164 2661 περισπᾷς
1218 2603 1304 2656 με,
1355 2583 1430 2655 μή
1465 2579 1758 2654 δυνάμενος
1790 2579 1982 2647 εἶπεῖν,

341 2687 446 2737 ποῦ
501 2681 798 2755 γέγραπται
857 2676 986 2737 Θεὸς
1043 2675 1107 2728 τὸ
1155 2677 1390 2744 Πνεῦμα,
1455 2672 1596 2744 Ὀρθ.
1659 2671 1801 2732 Τὲως
1849 2674 1984 2744 γνῶ-

347 2793 464 2845 μεν,
494 2769 632 2829 τίνες
660 2770 795 2836 ἦσαν
827 2762 975 2820 οὗτοι
1007 2764 1059 2818 οἱ
1109 2761 1421 2834 φαινόμενοι
1469 2757 1676 2836 ἄνδρες,
1727 2759 1816 2814 καὶ
1863 2760 1987 2814 τότε

345 2859 474 2914 αὐτὸ
498 2859 560 2913 16
593 2860 812 2930 Πνεῦμα
869 2851 1028 2908 δώσει
1078 2853 1293 2906 πάντων
1337 2854 1446 2904 τῶν
1500 2849 1848 2922 ζητουμένων
1885 2848 1987 2917 τὴν

344 2949 570 3024 εὕρεσιν.
632 2951 772 3001 Max.
825 2943 986 3019 Ἐγὼ,
1045 2943 1120 3003 ὡς
1181 2937 1296 3016 ἔχει
1353 2942 1388 3009 ἡ
1443 2939 1652 3014 Γραφή,
1730 2935 1990 3013 ἀγγέλους

345 3037 508 3114 λέγω.
567 3036 718 3110 Ὀλρθ.
774 3033 934 3107 Κάγὼ
981 3028 1250 3106 ἀγγέλους
1296 3029 1386 3084 καὶ
1435 3025 1630 3103 ἄνδρας
1661 3025 1831 3102 λέγω·
1866 3026 1991 3082 ἀλλ’

349 3125 530 3200 ὥσπερ
560 3122 694 3184 τέως
745 3118 1109 3194 ὡμολόγηται
1139 3121 1298 3191 ἡμῖν,
1330 3117 1412 3171 ’ὁτι
1447 3117 1520 3178 εἷς
1566 3121 1674 3171 τῶν
1707 3120 1872 3192 τριῶν
1903 3115 1993 3170 ἆν-

2062 550 2196 589 vero
2229 535 2401 602 ﬁlias,
2435 537 2632 607 potius
2664 555 2842 608 quam
2875 541 3028 597 viros
3059 542 3210 614 illos,
3244 547 3520 604 offerebat
3551 551 3707 623 ipso-

2065 641 2194 679 rum
2223 625 2608 682 contumeliae.
2641 631 2900 700 Cumque
2944 641 3349 702 permanerent
3411 637 3469 692 in
3532 639 3712 712 impia

2065 711 2166 767 illa
2223 715 2512 769 sententia
2565 717 2896 784 Sodomitas,
2929 723 3293 778 retraxerunt
3326 725 3569 781 Lotbum
3605 711 3708 784 an-

2067 801 2180 872 geli
2226 802 2488 874 domum,
2561 803 2689 859 illos
2757 822 2886 861 vero
2954 811 3207 867 caecitate
3271 823 3710 886 percusserunt,

2069 907 2260 946 annon
2292 890 2373 946 ita
2405 893 2684 964 scriptum
2718 899 2802 949 est
2826 896 2852 949 ?
2883 897 3089 953 Macer].
3143 901 3225 955 Ita
3283 903 3431 958 Orth.
3499 906 3714 964 Deinde

2072 979 2356 1052 scriptum
2406 986 2494 1036 est
2528 997 2538 1036 :
2576 1005 2601 1031 ‹‹
2637 983 2913 1039 Dixerunt
2945 991 3135 1044 autem
3171 991 3239 1044 ad
3279 994 3414 1047 Loth
3450 996 3549 1050 viri
3585 996 3666 1052 illi
3701 1015 3713 1052 :

2077 1068 2246 1123 Estne
2273 1069 2376 1123 tibi
2409 1085 2606 1141 gener,
2637 1071 2725 1126 vel
2775 1072 2895 1141 ﬁlii,
2958 1075 3043 1130 vel
3098 1076 3274 1133 ﬁlias?
3329 1087 3428 1136 aut
3481 1085 3528 1138 si
3586 1085 3719 1156 quis

2075 1156 2225 1212 alius
2283 1158 2388 1212 tibi
2443 1164 2531 1214 est
2576 1161 2630 1213 in
2665 1161 2828 1232 urbe,
2861 1163 3007 1219 educ
3036 1181 3169 1221 eum
3206 1184 3275 1223 ex
3305 1169 3412 1225 hoc
3447 1172 3589 1228 loco.
3624 1176 3727 1230 Su-

2077 1262 2210 1301 mus
2240 1247 2395 1301 enim
2430 1247 2566 1302 huic
2595 1247 2789 1304 locum
2823 1252 3482 1329 destructuri,quoniam
3510 1261 3734 1320 clamor

2077 1351 2276 1390 eorum
2311 1334 2580 1391 sublatus
2611 1342 2701 1392 est
2730 1355 2921 1394 coram
2985 1343 3247 1414 Domino,
3298 1358 3354 1402 et
3407 1350 3568 1406 misit
3627 1369 3732 1409 nos

2081 1425 2386 1490 Dominus,
2420 1429 2483 1479 ut
2515 1425 2662 1481 hanc
2698 1428 2900 1484 urbem
2935 1430 3236 1490 deleamus
3259 1437 3323 1490 9‘.
3357 1460 3383 1486 ››

2154 1514 2239 1568 13.
2295 1513 2492 1570 Maced.
2551 1515 2724 1572 Audis
2783 1517 2942 1589 ipsos
2999 1523 3163 1578 fateri
3209 1542 3270 1580 se
3304 1527 3514 1583 missos
3545 1547 3733 1587 essea

2083 1603 2374 1658 Domino?
2421 1620 2560 1658 num
2608 1604 2782 1676 igitur
2841 1608 2953 1679 ipsi
3020 1616 3158 1666 sunt
3225 1614 3509 1672 Domini?
3577 1619 3726 1676 Orth.

2084 1696 2226 1750 Cum
2286 1692 2466 1764 igitur
2518 1693 2674 1749 dicat
2725 1696 2782 1749 in
2841 1697 3170 1770 Evangeliis
3202 1703 3507 1762 Salvator:
3544 1731 3570 1758 «
3605 1710 3730 1765 Non

2085 1799 2216 1836 sum
2249 1781 2485 1848 missus,
2521 1783 2631 1838 nisi
2678 1787 2748 1840 ad
2804 1803 2934 1842 oves
2992 1806 3118 1860 quae
3177 1792 3474 1863 perierunt
3523 1798 3735 1856 domus

2087 1871 2264 1926 Israel
2295 1871 2379 1926 πε
2417 1894 2442 1920 ››
2486 1881 2536 1927 el
2599 1873 2738 1929 alibi
2797 1892 2810 1929 :
2871 1899 2898 1926 ‹‹
2960 1878 3118 1934 Sicut
3175 1881 3335 1938 misit
3391 1902 3480 1940 me
3537 1887 3735 1944 vivens

2083 1961 2281 2029 Pater;
2308 1965 2366 2016 et
2396 1962 2495 2031 qui
2530 1962 2690 2018 misit
2722 1981 2834 2032 me,
2864 1970 3208 2024 mandatum
3244 1972 3401 2028 dedit
3432 1975 3576 2030 mihi
3606 1979 3680 2044 96;
3705 2000 3733 2026 ι»

2087 2049 2227 2120 quid
2261 2047 2474 2115 dicam,
2509 2053 2608 2104 aut
2656 2051 2794 2122 quid
2855 2051 3104 2125 loquar?
3159 2061 3243 2113 An
3305 2062 3560 2133 amplius
3619 2082 3735 2122 non

2088 2137 2424 2207 agnoscitur
2483 2153 2610 2194 esse
2664 2140 2964 2210 Dominus,
2993 2145 3090 2216 qui
3127 2148 3347 2205 missus
3374 2153 3503 2206 est?
3533 2153 3731 2208 i’llaced.

2090 2224 2270 2281 Filius
2317 2242 2550 2298 quoque
2599 2227 2726 2284 sine
2792 2235 3184 2290 controversia
3253 2241 3531 2298 Dominus
3597 2248 3732 2299 est:

2089 2331 2232 2369 num
2282 2331 2418 2370 vero
2468 2316 2643 2371 etiam
2703 2318 3001 2390 Spiritus?
3053 2323 3203 2380 Orth.
3261 2327 3503 2387 Prorsus
3535 2332 3628 2387 hic
3659 2331 3741 2388 si-

2092 2401 2213 2457 mul
2237 2404 2532 2475 adoratur,
2563 2411 2620 2460 et
2643 2406 2816 2462 simul
2852 2411 3132 2468 Dominus
3163 2417 3546 2488 compellatur
3601 2437 3736 2478 cum

2093 2491 2256 2548 Filio.
2314 2493 2511 2549 Maced.
2571 2494 2700 2550 Jam
2759 2513 2892 2553 vero
2931 2501 3084 2556 448
3117 2503 3494 2562 demonstrati
3529 2511 3740 2568 Filium

2095 2581 2276 2637 fuisse
2315 2599 2472 2650 eum,
2532 2584 2628 2654 qui
2693 2586 2828 2642 Loth
2890 2587 3344 2661 alloquebatur?
3403 2598 3551 2653 0rlh.
3609 2601 3745 2656 Ani-

2098 2687 2259 2725 mum
2293 2671 2517 2739 cohibe,
2543 2677 2598 2728 et
2629 2674 2919 2731 fateberis.
2956 2679 3152 2734 Maced.
3179 2685 3295 2737 Hoc
3327 2687 3565 2755 quidem
3599 2689 3742 2756 scio,

2098 2761 2252 2832 quod
2287 2777 2378 2816 me
2407 2761 2796 2834 circumagas,
2829 2781 2961 2821 cum
2997 2784 3108 2822 non
3154 2771 3344 2841 possis
3402 2775 3591 2832 dicere
3643 2778 3745 2834 ubi

2099 2849 2381 2921 scriptum
2436 2849 2512 2906 sit
2567 2868 2579 2907 :
2640 2852 2894 2924 Spiritus
2949 2862 3038 2911 est
3075 2858 3250 2916 Deus.
3295 2861 3445 2918 Orth.
3480 2865 3742 2924 Primum

2099 2938 2358 2994 sciamus
2390 2940 2629 3010 quinam
2663 2941 2928 2999 homines
2962 2946 3302 3022 fuerint,qui
3326 2964 3746 3027 apparuerunt,

2102 3037 2153 3083 et
2189 3031 2326 3082 tunc
2353 3027 2478 3099 ipse
2508 3027 2759 3099 Spiritus
2817 3038 3055 3088 sanctus
3113 3035 3278 3092 dabit
3331 3045 3396 3094 ut
3454 3044 3745 3115 quidquid

2105 3116 2426 3188 quaerimus
2484 3117 2868 3175 inveniamus.
2902 3120 3100 3179 illac-ed.
3133 3125 3272 3196 Ego,
3309 3133 3370 3182 ut
3402 3129 3574 3186 habet
3601 3133 3750 3189 Scri-

350 3193 720 3290 δρῶνΚόριος
752 3211 780 3264 ὁ
801 3193 966 3281 νΘεὸς,
998 3207 1171 3269 οὕτως
1199 3209 1234 3276 ἡ
1286 3204 1516 3279 ἐξέτασις
1545 3204 1759 3279 εὑρήσει
1795 3205 1912 3291 ¹καὶ
1943 3205 1986 3259 oi

2109 3210 2302 3278 ptura,
2333 3205 2572 3278 angelos
2605 3208 2752 3263 dico.
2791 3209 2942 3265 Orth.
2975 3211 3092 3283 Ego
3125 3193 3263 3271 vero
3288 3223 3343 3272 et
3402 3221 3640 3292 angelos
3697 3228 3755 3281 et

353 3289 448 3359 δύο
478 3302 620 3364 τίνες
681 3303 839 3369 ἦσαν.
900 3300 1046 3355 Μακ.
1095 3296 1228 3351 Εἰπὲ
1261 3294 1315 3350 τί
1349 3295 1522 3359 θὲλεις
1555 3296 1688 3368 (20),
1723 3289 1868 3369 Ὀρθ.
1925 3294 1999 3348 Τὰ

355 3394 475 3463 ἑξῆς
521 3389 907 3465 ἀναγινώσκω;
960 3389 1103 3444 Max.
1156 3383 1470 3461 Ἀνάγνωθι.
1522 3384 1673 3460 Ὀρθ.
1737 3409 1763 3436 (ι
1813 3383 2001 3438 ἹΙνίκα

359 3480 416 3536 δὲ
440 3477 636 3556 ὄρθρος
666 3477 894 3555 ἐγένετο,
926 3471 1322 3544 ἐπεσπούδαζον
1357 3474 1407 3528 οἳ
1441 3471 1665 3549 ἄγγελοι
1703 3471 1795 3526 τὸν
1851 3473 1998 3543 Λὼτ,

359 3570 628 3645 λέγοντες·
664 3567 921 3628 Ἀναστὰς
954 3559 1088 3620 λαϐὲ
1117 3565 1213 3634 τήν
1244 3561 1468 3638 γυναῖκά
1514 3583 1610 3616 σου
1640 3562 1728 3616 καὶ
1780 3562 1874 3624 τὰς
1904 3559 2000 3616 δύο

359 3660 673 3735 θυγατέρας,
733 3655 794 3718 ἃς
851 3652 1020 3730 ἔχεις,
1067 3653 1154 3708 καὶ
1204 3651 1402 3723 ἔξελθε,
1447 3649 1540 3706 ἵνα
1587 3651 1663 3725 μή
1721 3648 1999 3724 συιαπόλῃ

359 3754 480 3810 ταῖς
541 3745 794 3820 ἀνομίαις
847 3751 948 3813 τῆς
1003 3741 1242 3804 πόλεως.
1303 3741 1398 3796 Καὶ
1461 3739 1857 3817 ἐταράχθησαν,
1913 3738 2004 3794 καί

356 3837 654 3913 ἐκράτησαν
688 3835 739 3888 οἳ
774 3831 990 3910 ἄγγελοι
1021 3834 1119 3901 τῆς
1149 3831 1335 3906 χειρὸς
1392 3829 1577 3896 αὐτοῦ,
1615 3829 1705 3884 καὶ
1737 3836 1835 3899 τῆς
1885 3849 2005 3904 χει-

359 3928 450 4002 ρὸς
480 3932 581 3994 τῆς
613 3923 860 4000 γυναικὸς
890 3921 1075 3990 αὐτοῦ,
1103 3920 1194 3974 καὶ
1223 3924 1328 3974 τῶν
1356 3923 1558 3995 χειρῶν
1599 3923 1704 3973 τῶν
1758 3915 1854 3972 δύο
1912 3920 2004 3972 θυ-

354 4015 592 4089 γατέρων
651 4011 836 4079 αὐτοῦ,
894 4009 946 4064 ἐν
999 4014 1080 4082 τῷ
1123 4008 1398 4086 φείσασθαι
1432 4008 1627 4082 Κύριον
1659 4007 1843 4062 αὐτοῦ.
1905 4006 2004 4060 Καὶ

357 4103 564 4178 ἐγένετο
608 4101 772 4170 ἡνίκα
819 4097 1078 4175 ἐξήγαγον
1130 4096 1321 4158 αὐτοὺς
1369 4094 1490 4168 ἔξω,
1530 4096 1620 4150 καὶ
1648 4097 1817 4150 εἶπον.
1856 4096 2006 4163 Σῶζε

354 4192 454 4260 τὴν
485 4191 678 4245 ἑαυτοῦ
723 4189 931 4262 ψυχὴν,
971 4185 1060 4240 καὶ
1113 4185 1189 4257 μή
1238 4179 1545 4260 περιϐλὲψῃ
1579 4181 1654 4244 εἷς
1684 4183 1751 4236 τὰ
1803 4181 2004 4248 ἀπίσω,

361 4277 502 4354 μηδὲ
528 4283 657 4353 στῇς
691 4276 748 4333 ἐν
775 4278 918 4350 πάσῃ
944 4277 1013 4348 τῇ
1043 4273 1368 4350 περιχώρῳ.
1416 4271 1507 4333 Εἰς
1538 4271 1600 4325 τὸ
1648 4267 1773 4345 ὅρος
1805 4270 2004 4338 σώζου,

362 4371 436 4444 μή
471 4389 606 4424 ποτε
635 4363 1133 4440 συμπαραληφθῇς.
1168 4361 1301 4418 Εἶπε
1345 4356 1402 4414 δὲ
1451 4359 1575 4414 Λὼτ
1630 4360 1765 4444 πρὸς
1821 4357 2002 4413 αὐτόν·

358 4443 580 4532 Δὲομαι,
618 4457 798 4530 Κύριε,
832 4450 1020 4521 ἐπειδὴ
1053 4450 1201 4526 εὗρεν
1245 4451 1272 4503 6
1318 4454 1445 4510 παῖς
1497 4469 1592 4503 σου
1646 4443 1797 4510 ἔλεος
1857 4447 2007 4502 ἐναν-

353 4549 472 4603 τίον
505 4568 623 4614 σου,
655 4544 746 4599 καὶ
779 4539 1111 4618 ἐμεγάλυνας
1129 4539 1226 4608 τὴν
1252 4535 1598 4607 δικαιοσύνην
1624 4558 1740 4608 σου,
1771 4535 1801 4590 6'
1831 4541 2006 4598 ποιεῖς

357 4637 439 4692 ἐπ’
472 4635 592 4708 ἐμὲ,
622 4638 722 4688 τοῦ
755 4636 850 4706 ζῇν
879 4631 976 4699 τὴν
1003 4631 1187 4704 ψυχήν
1245 4648 1371 4700 μου.
1433 4626 1570 4701 Ἐγὼ
1625 4623 1682 4680 δὲ
1739 4625 1801 4680 οὐ
1842 4623 2002 4696 δυνή-

357 4746 522 4798 σομαι
557 4725 799 4791 σωθῆναι
830 4719 904 4782 εἰς
956 4719 1017 4773 16
1047 4713 1194 4791 ὅρος,
1248 4718 1322 4789 μή
1356 4736 1488 4770 ποτε
1524 4709 1805 4789 μεταλάϐῃ
1851 4735 1917 4788 με
1939 4715 2007 4768 τὰ

353 4815 496 4870 κακά
550 4811 638 4867 καί
687 4810 960 4866 ἀποθάνω.
1017 4805 1155 4864 Ἰδοὺ
1212 4808 1248 4875 ἡ
1294 4803 1456 4866 πόλις
1510 4803 1642 4874 αὕτη
1679 4802 1856 4879 ἐγγὺς,
1908 4807 2006 4857 τοῦ

353 4905 712 4980 κασαφρυγεῖν
750 4919 817 4971 με
846 4896 976 4967 ἐκεῖ,
1098 4893 1207 4949 ἐστι
1243 4894 1431 4968 μικρά.
1485 4897 1626 4947 Ἐκεῖ
1658 4895 2004 4964 σωθήσομαι.

355 4992 434 5050 Οὐ
493 4991 661 5066 μικρά
716 4988 864 5056 ἐστι;
923 4983 1012 5039 καὶ
1064 4984 1280 5053 ζήσεται
1310 4984 1346 5050 ἡ
1397 4983 1550 5056 ψυχή
1589 5001 1715 5054 μου,
1750 5005 1779 5032 η
1812 4980 2008 5037 Ἀκού.

355 5103 459 5150 εις,
519 5078 564 5134 εἰ
596 5079 708 5132 ὦτα
760 5072 927 5151 ἔχεις,
986 5070 1091 5141 ὅτι,
1152 5070 1312 5146 γνοὺς
1371 5069 1544 5124 αὐτῶν
1589 5071 1689 5139 τήν
1717 5070 2010 5139 κοινότητα

353 5169 443 5224 καὶ
477 5169 726 5237 ἑνότητα,
776 5162 1096 5238 προσπεσὼν
1148 5160 1332 5221 αὐτοῖς
1376 5159 1544 5212 εἶπενο
1585 5182 1612 5210 ‹‹
1647 5159 1870 5231 Δέομαι,
1905 5158 2007 5211 Κό-

356 5279 462 5335 ριε,
496 5280 524 5308 η
555 5255 708 5330 οὐχὶ,
742 5253 948 5328 Κύριοι.
982 5246 1134 5319 ’ῌδει
1166 5248 1290 5323 γὰρ,
1324 5246 1407 5302 ὅτι
1427 5243 1604 5309 οὐδεὶς
1636 5244 1854 5302 δύναται
1889 5244 2008 5301 δυσὶ

2107 3295 2260 3351 viros
2319 3295 2446 3350 dico
2493 3313 2506 3350 :
2555 3297 2677 3366 sed,
2711 3302 2774 3353 ut
2804 3305 2973 3354 antea
3004 3302 3155 3357 inter
3185 3321 3291 3360 nos
3321 3311 3754 3383 consensimus,

2110 3400 2290 3438 unum
2324 3382 2568 3439 istorum
2600 3386 2778 3442 trium
2810 3387 2988 3444 fuisse
3034 3392 3348 3450 Dominum
3407 3397 3612 3466 Deum,
3673 3382 3755 3457 ita

2108 3470 2280 3526 etiam
2339 3478 2540 3527 exacta
2591 3475 3074 3548 pervestigatione
3131 3480 3462 3539 invenietur
3507 3489 3751 3558 quinam

2110 3560 2287 3616 etiam
2345 3561 2440 3616 isti
2490 3561 2605 3618 duo
2663 3561 2894 3620 fuerint.
2926 3567 3126 3625 Maced.
3161 3569 3263 3627 Dic
3289 3575 3443 3643 quod
3478 3577 3747 3633 volueris.

2112 3651 2266 3738 Orlh.
2326 3651 2536 3723 Legam
2595 3668 2724 3724 quae
2774 3659 3258 3726 consequuntur?
3316 3664 3517 3718 Maced.
3586 3671 3752 3738 Lege.

2113 3737 2262 3794 Orth.
2297 3763 2323 3788 ‹‹
2359 3744 2497 3795 Orto
2517 3757 2652 3828 vero
2684 3741 2944 3797 diluculo
3002 3747 3288 3816 urgebant
3348 3751 3482 3805 Loth
3541 3737 3756 3828 angeli,

2113 3829 2372 3884 dicentes
2436 3847 2448 3883 :
2507 3819 2688 3901 Surge
2735 3835 2791 3884 et
2817 3833 3012 3903 accipe
3047 3851 3282 3890 uxorem
3311 3842 3493 3910 tuam,
3527 3849 3582 3896 et
3612 3819 3761 3901 duas

2115 3915 2284 3981 filias,
2322 3933 2468 3986 quas
2500 3916 2702 3986 habes,
2735 3923 2792 3970 et
2821 3920 3114 3990 egredere,
3148 3939 3218 3978 ne
3251 3941 3364 3980 una
3417 3944 3548 3984 cum
3601 3931 3764 3988 urbis

2114 4003 2432 4059 sceleribus
2465 4021 2686 4076 pereas.
2726 4007 2837 4077 Ipsi
2861 4024 2992 4063 vero
3023 4011 3242 4067 turbati
3272 4021 3764 4090 sunt,appreben-

2114 4091 2441 4163 deruntque
2473 4093 2663 4164 angeli
2699 4111 2939 4150 manum
2973 4099 3122 4168 ejus,
3154 4105 3212 4156 et
3269 4119 3506 4160 manum
3570 4111 3763 4168 uxoris

2113 4180 2266 4250 ejus,
2306 4191 2359 4236 et
2392 4197 2601 4236 manus
2631 4183 2881 4238 duarum
2915 4184 3164 4244 ﬁliarum
3195 4191 3344 4262 ejus,
3379 4198 3532 4264 quod
3567 4201 3761 4255 Domi-

2116 4287 2228 4325 nus
2259 4269 2310 4324 ei
2341 4272 2691 4342 parceret.Et
2723 4273 2937 4330 tactum
2973 4281 3062 4330 est
3089 4294 3223 4334 cum
3268 4281 3608 4342 eduxissent
3664 4306 3763 4346 eos

2115 4358 2277 4426 foris,
2311 4358 2582 4414 dixerunt
2615 4378 2626 4415 :
2661 4367 2830 4416 Serva
2860 4368 3020 4422 tuan.
3050 4364 3235 4436 ipsius
3269 4371 3548 4440 animam,
3575 4393 3764 4448 neque

2121 4447 2344 4519 respice
2374 4465 2407 4503 a
2438 4452 2622 4521 tergo,
2658 4466 2844 4522 neque
2877 4453 3131 4510 consiste
3196 4457 3255 4512 in
3315 4447 3769 4534 circumjecente

2037 4560 2084 4624 Ι)
2120 4539 2350 4609 regione
2379 4556 2392 4592 :
2427 4537 2624 4594 salvus
2653 4545 2775 4595 esto
2807 4542 2863 4595 in
2898 4548 3193 4614 monte,ne
3223 4547 3400 4604 simul
3435 4551 3764 4613 involvaris.

2119 4626 2340 4683 Lothus
2371 4644 2502 4682 vero
2536 4627 2680 4682 dixit
2726 4629 2774 4684 ei
2813 4630 3124 4702 :Obsecro,
3175 4634 3439 4708 Domine,
3502 4648 3767 4714 quando-

2116 4716 2352 4787 quidem
2383 4716 2603 4772 invenit
2636 4733 2837 4773 servus
2860 4725 2996 4775 tuus
3021 4720 3480 4785 misericordiam
3509 4736 3662 4804 apud
3687 4741 3763 4806 te,

2116 4809 2172 4858 et
2203 4805 2589 4875 magnificasti
2617 4806 2908 4876 justitiam
2940 4814 3126 4880 tuam,
3159 4829 3334 4884 quam
3371 4820 3510 4874 facis
3543 4823 3599 4876 in
3648 4841 3761 4898 me,

2118 4899 2183 4948 ut
2239 4893 2392 4948 vivat
2446 4894 2645 4949 anima
2703 4912 2850 4950 mea.
2915 4904 3024 4976 tfgo
3057 4906 3254 4958 autem
3287 4922 3400 4962 non
3433 4926 3672 4979 possum
3703 4893 3763 4971 in

2122 4987 2317 5036 monte
2349 4982 2589 5048 servari,
2623 4999 2693 5038 ne
2723 4986 3221 5056 comprehendant
3251 5010 3344 5049 me
3378 4999 3528 5052 mala
3559 5008 3614 5056 et
3644 5020 3768 5073 per-

2119 5087 2270 5126 eam.
2305 5071 2444 5124 Ecce
2488 5069 2605 5125 hzec
2664 5073 2803 5128 urbs
2861 5091 3059 5146 prope,
3121 5085 3184 5134 ut
3237 5080 3376 5139 illuc
3433 5069 3768 5162 confugiam

2122 5176 2296 5231 parva
2350 5163 2457 5213 est.
2493 5159 2614 5214 illic
2644 5164 2940 5216 servabor.
2974 5163 3248 5238 Nunquid
3284 5188 3397 5228 non
3431 5159 3773 5245 parva—est?

2121 5252 2178 5303 et
2208 5248 2360 5304 vivet
2387 5247 2584 5304 anima
2616 5264 2748 5306 mea
2777 5251 2840 5305 ⁸⁷.
2889 5273 2918 5301 ››
2974 5255 3177 5323 Audis,
3238 5259 3287 5313 si
3340 5279 3510 5320 aures
3566 5265 3770 5339 habes,

414 5428 477 5489 λδ
503 5451 650 5518 Gen.
680 5465 798 5521 xu,
831 5449 919 5515 12,
953 5446 1039 5502 13.
1115 5444 1160 5480 ⁸⁵
1189 5442 1398 5500 Matth.
1429 5459 1522 5511 xv,
1551 5443 1644 5499 24.
1720 5441 1765 5480 ⁹⁶
1786 5443 1954 5501 Joan.

2121 5442 2211 5498 49.
2285 5443 2328 5478 ⁹¹¹
2361 5442 2506 5501 Gen.
2534 5461 2653 5513 xxx,
2687 5444 2875 5502 45-20.

437 5654 552 5730 (20)
581 5652 734 5710 Edit.
766 5649 992 5725 Steph,
1024 5646 1078 5705 τί
1107 5644 1311 5725 λὲγεις.
