4092 6218
392 358 415 415 1
429 355 547 415 223

1547 348 1606 409 8.
1655 340 2175 407 ATHANASIUS.
2208 377 2286 389 —
2324 342 2635 407 SPURIA.

3522 84 3527 99 γ
3842 11 3921 209 Ι
4022 13 4090 239 l

3522 112 3527 121 .

3653 349 3815 408 1294

393 488 552 554 Loth,
586 501 719 541 cum
752 486 949 538 nosset
980 498 1178 537 eorum
1214 481 1683 535 communionem
1732 485 1781 535 et
1844 479 2025 532 unita!

2272 475 2281 491 ρ
2405 474 2429 493 ς
2502 474 2517 487 κ
2581 477 2592 495 ρ
2737 473 2790 493 -υ
2904 477 2913 491 .
3154 474 3162 491 1
3388 478 3403 493 ς
3568 482 3595 492 ..
3768 481 3778 497 .

2161 496 2367 550 κυριοις
2402 492 2698 529 οουΛευειν·
2733 496 2828 529 ουο
2863 472 2921 530 δε
2954 474 3103 545 εἰσιν,
3133 476 3221 530 61s
3276 477 3305 530 6
3349 497 3441 548 μεν
3500 498 3665 533 τουτο
3729 482 3809 533 θε-

390 585 527 642 tem,
587 574 867 629 accidisse
916 572 987 627 ad
1020 588 1220 626 eorum
1260 571 1456 641 pedes,
1481 575 1538 624 et
1566 570 1785 624 dixisse
1817 586 1829 623 :
1865 590 1890 617 ‹‹
1927 567 2038 622 Ob-

390 681 571 729 secro,
606 663 870 728 Domine,
907 684 933 710 »
965 677 1103 729 non,
1136 659 1387 715 Domini.
1415 658 1640 713 Sciebat
1670 658 1826 713 enim
1862 656 2043 712 nemi-

390 770 522 809 nem
589 768 757 825 posse
826 750 1057 806 duobus
1126 748 1383 804 dominis
1413 748 1647 804 servire.
1712 748 1836 803 Duo
1904 750 2043 803 sunt

391 848 608 909 autem,
668 858 800 896 cum
860 856 1014 895 unus
1070 838 1310 910 quidem
1362 837 1490 904 hoc,
1524 841 1670 892 alter
1708 837 1865 892 istud
1895 835 2038 890 vult.

390 932 491 988 Dic
522 931 701 1003 igitur
729 935 786 986 et.
815 934 875 984 tu
911 929 1052 983 Filio
1084 944 1149 982 ac
1210 927 1457 998 Spiritui
1520 944 1532 982 :
1595 927 1867 993 Obsecro,
1929 925 2039 980 Do-

391 1021 568 1087 mine,
629 1018 1103 1091 quandoquidem
1168 1016 1634 1071 misericordiam
1695 1020 1904 1070 nactus
1954 1018 2043 1069 est

388 1127 590 1165 servus
626 1114 761 1163 tuus
792 1107 945 1178 apud
975 1111 1049 1171 te,
1086 1123 1223 1175 non,
1257 1106 1421 1177 Apud
1455 1122 1575 1170 vos,
1611 1122 1681 1160 ne
1712 1103 2039 1159 dominium

387 1196 781 1254 dividas.Nam
811 1195 857 1250 si
892 1195 992 1265 qui
1024 1194 1279 1249 adhsaret
1312 1194 1613 1263 Deo,unus
1643 1198 1732 1248 est
1773 1192 2037 1263 spiritus,

387 1286 677 1359 quomodo
710 1284 963 1355 separari
1001 1284 1185 1353 possit
1211 1282 1460 1353 Spiritus
1492 1283 1564 1338 ab
1596 1299 1683 1350 eo,
1711 1282 1809 1351 qui
1841 1281 2038 1352 ipsum

385 1372 765 1446 suppeditat?
823 1371 1039 1426 Maccd.
1099 1370 1326 1425 Scilicet
1371 1371 1498 1441 jam
1560 1370 1868 1441 probatum
1926 1375 2036 1435 est,

386 1462 624 1535 angelos
673 1461 807 1516 illos
853 1460 1033 1514 fuisse
1101 1460 1309 1513 Filium
1381 1463 1438 1514 et
1503 1459 1812 1531 Spiritum.
1884 1459 2035 1516 Orlh.

390 1553 539 1607 Dixit
592 1566 727 1621 ergo
785 1554 1025 1604 sanctus
1088 1548 1230 1603 Loth
1293 1548 1362 1603 iis
1422 1548 1522 1619 qui
1577 1548 1769 1620 angeli
1830 1552 2035 1603 natura

383 1645 550 1698 erant
581 1659 593 1695 :
629 1662 655 1689 «
690 1639 958 1707 Obsecro,
992 1638 1255 1703 Domine,
1306 1637 1780 1708 quandoquidem
1832 1652 2033 1692 servus

381 1736 521 1786 tuus
578 1727 798 1784 invenit
853 1726 1310 1780 misericordiam
1366 1726 1517 1796 apud
1570 1730 1647 1789 te,
1679 1730 1737 1779 et
1770 1724 2035 1795 magnifi-

2152 562 2258 631 λει,
2295 565 2322 618 6
2354 562 2411 618 δὲ
2439 569 2622 619 τοῦτο.
2658 564 2790 619 Εἰπὲ
2823 564 2915 619 οῦν
2948 565 3037 619 καὶ
3079 565 3238 626 αὐτὸς
3271 567 3381 637 Υῖῷ
3411 566 3501 620 καὶ
3529 572 3610 639 τῷ
3640 568 3811 622 Πνεῦο

2155 672 2301 725 ματι·
2339 656 2560 725 Δέομαι,
2596 654 2777 729 Κύριε,
2804 652 2991 722 ἐπειδή
3026 654 3175 729 εὗρεν
3224 654 3252 707 ὁ
3305 660 3432 716 παῖς
3492 676 3589 709 σου
3648 654 3807 719 ἔλεος

2152 740 2389 797 ἐναντίον
2423 762 2541 811 σου,
2576 742 2693 813 οὑκ,
2728 739 2996 797 ῬΝαντίον
3028 743 3199 815 ὑμῶν,
3257 744 3341 797 ἱνα
3375 745 3450 815 μή
3495 742 3681 818 διὲλῃς
3705 755 3805 814 τήν

2150 830 2466 906 κυριότητα.
2501 830 2563 885 Εἰ
2594 830 2692 906 γὰρ
2726 832 2753 886 6
2785 830 3144 904 κολλώμενος
3169 830 3248 904 τῷ
3300 837 3419 903 Θεῷ
3474 829 3530 887 ’ἐν
3591 836 3811 906 πνεῦμά

2151 918 2284 985 ἐστι,
2312 921 2430 981 πῶς
2462 917 2684 974 δυνατὸν
2713 921 2775 975 τὸ
2830 925 3049 992 Πτεῦμα
3093 922 3420 997 χωρίζεσθαι
3476 927 3573 976 τοῦ
3624 942 3807 997 χορη-

2150 1013 2374 1083 γοῦντος
2409 1009 2571 1073 αὑτό;
2608 1010 2748 1066 Μακ,
2784 1006 2924 1075 Ἤδη
2956 1010 3056 1085 γὰρ
3080 1006 3456 1076 δέδεικται,ὅτι
3487 1012 3547 1065 τὸ
3583 1016 3809 1084 Πνεῦμα

2149 1097 2239 1152 καὶ
2299 1099 2325 1152 6
2374 1099 2498 1159 Υἱὸς
2557 1100 2690 1166 ἦσαν
2752 1099 2802 1152 οἱ
2864 1096 3105 1174 ἄγγελοι.
3139 1100 3291 1173 Ὀρθ.
3325 1102 3455 1161 Τοῖς
3500 1098 3594 1153 οὖν
3646 1101 3803 1177 cpias:

2148 1185 2401 1262 ἀγγέλοις
2433 1186 2576 1241 εἶπεν
2606 1189 2634 1241 6
2668 1188 2820 1256 ἅγιος
2854 1186 2997 1241 Λώτ·
3040 1212 3058 1236 ι
3096 1188 3319 1260 Δέομαι,
3352 1188 3540 1262 Κύριε,
3604 1188 3800 1259 ἐπειδή

2150 1275 2295 1351 εὗρεν
2329 1277 2356 1330 6
2384 1281 2513 1337 παῖς
2545 1297 2639 1330 σου
2692 1275 2852 1352 χάριν
2913 1276 3154 1331 ἐναντίον
3188 1297 3305 1344 σου,
3331 1277 3420 1330 καὶ
3463 1277 3804 1354 ἐμεγάλυνας

2145 1366 2245 1433 τήν
2274 1362 2619 1435 δικαιοσύνην
2653 1386 2769 1433 σου,
2802 1366 2831 1419 6
2888 1371 3063 1427 ποιεῖς
3102 1364 3185 1420 ἐπ’
3246 1365 3365 1438 ἐμὲ,
3416 1366 3513 1422 τοῦ
3566 1371 3662 1439 ζῇν
3698 1372 3804 1441 ψυ-

2147 1456 2254 1528 χήν
2290 1475 2413 1526 μου.
2451 1479 2476 1503 ››
2513 1456 2657 1511 Μακ,
2691 1453 2788 1507 Καὶ
2819 1453 2977 1509 πάνυ.
3040 1456 3188 1530 Ὁρθ.
3238 1454 3449 1512 Οὐκοῦν
3498 1453 3661 1511 ἄκουε
3711 1457 3803 1511 καὶ

2144 1541 2309 1597 πάλιν
2338 1548 2445 1597 τῶν
2498 1544 2638 1616 ἑξῆςυ
2675 1565 2699 1596 ι
2739 1544 2835 1597 Καὶ
2892 1544 3032 1597 εἶπεν
3068 1543 3235 1617 αὐτῷ’
3296 1569 3323 1595 ››
3382 1545 3560 1600 οὐκέτι
3622 1544 3799 1620 λέγει,

2145 1633 2214 1688 Οἱ
2244 1632 2490 1706 ἄγγελοι,
2538 1630 2684 1686 ἀλλά
2731 1629 3007 1701 δηλονότι.
3037 1633 3098 1688 Ὁ
3144 1630 3514 1707 ὁμολογηθεὶς
3576 1634 3798 1709 Κύριοςο

2149 1745 2169 1771 α
2204 1717 2345 1776 Ἰδοὺ
2375 1719 2652 1791 ἐθαύμασά
2684 1740 2778 1774 σου
2807 1717 2870 1773 16
2904 1719 3219 1795 πρόσωπον,
3272 1720 3363 1774 καὶ
3414 1718 3500 1774 ἐπὶ
3555 1725 3637 1792 τῷ

381 1820 522 1875 casti
545 1816 840 1889 justitiam
874 1821 1059 1878 tuam,
1093 1831 1269 1885 quam
1305 1815 1445 1869 facis
1475 1830 1611 1885 erga
1643 1831 1755 1879 me,
1789 1818 1854 1868 ut
1884 1814 2025 1869 vivat

2148 1810 2479 1885 ματιτούτῳ
2525 1815 2621 1865 τοῦ
2673 1812 2748 1883 μή
2799 1812 3158 1886 καταστρέψαι
3189 1812 3288 1880 τήν
3318 1810 3480 1867 πόλιν
3539 1812 3669 1887 περὶ
3728 1814 3798 1881 ἧς

2143 1899 2155 1916 9
2220 1899 2259 1916 ις
2496 1907 2530 1916 ,η
2610 1904 2634 1914 -
2830 1901 2851 1916 ρ
3008 1904 3031 1914 -
3175 1907 3233 1916 _..
3365 1900 3379 1916 ς
3449 1907 3472 1916 ..
3547 1901 3614 1916 η.
3735 1903 3746 1916 .

384 1909 580 1963 anima
612 1922 758 1960 mea.
798 1928 824 1953 ››
878 1903 1085 1959 Maced.
1145 1904 1297 1958 Sane
1354 1904 1611 1973 quidem.
1673 1903 1824 1958 Orth.
1879 1903 2028 1957 Audi

381 1997 560 2070 igitur
617 2000 911 2066 praeterea,
972 2010 1097 2063 quse
1158 1997 1528 2063 sequuntur:
1566 2015 1593 2041 «
1632 1993 1694 2046 Et
1725 1991 1869 2046 dixit
1899 1993 1973 2057 ei,
2000 2011 2027 2040 η

382 2089 512 2156 (non
547 2083 806 2156 amplius
836 2082 997 2146 dicit,
1033 2081 1259 2152 Angeli,
1293 2082 1391 2136 sed
1427 2081 1475 2135 is
1505 2080 1793 2145 videlicet,
1854 2097 2026 2152 quem

384 2173 692 2230 Dominum
752 2171 1055 2244 professus
1104 2174 1273 2237 erat),
1309 2190 1335 2217 ‹‹
1371 2170 1509 2224 Ecce
1540 2170 1865 2225 admiratus
1895 2186 2027 2225 sum

381 2264 587 2319 faciem
620 2265 780 2316 tuam
816 2265 881 2314 ut
912 2275 1025 2314 non
1059 2259 1391 2313 subvertam
1429 2258 1658 2324 urbem,
1689 2259 1759 2312 de
1791 2275 1908 2329 qua
1940 2257 2027 2312 lo-

381 2356 552 2407 cutus
582 2367 663 2405 es.
701 2349 952 2419 Propera
1008 2346 1208 2418 igitur,
1269 2352 1333 2401 ut
1392 2345 1530 2400 illuc
1588 2347 1853 2402 serveris.
1914 2346 2029 2401 Nec

378 2441 534 2496 enim
568 2444 766 2511 potero
795 2436 1119 2507 quidquam
1151 2450 1344 2507 agere,
1376 2435 1559 2489 donec
1590 2450 1656 2490 eo
1689 2437 1773 2489 sis
1802 2435 2025 2506 ingres-

380 2547 482 2584 sus
504 2530 568 2582 ⁸⁸.
605 2552 624 2576 ι
662 2527 858 2597 Neque
905 2524 1048 2578 dixit
1107 2540 1120 2579 :
1181 2524 1305 2578 Non
1362 2524 1703 2595 poterimus,
1762 2524 2029 2594 quamvis

376 2617 542 2672 initio
567 2615 852 2671 dixissent
883 2629 896 2667 :
931 2613 1077 2677 Quia
1108 2611 1431 2667 delebimus
1462 2611 1610 2666 hanc
1643 2612 1867 2680 urbem,
1894 2628 2026 2667 cum

2139 1899 2432 1970 ἐλάλησας.
2493 1904 2734 1954 Σπεῦσον
2791 1901 2881 1954 οῦν
2941 1904 3036 1954 τοῦ
3087 1907 3326 1969 σωθῆναι
3361 1900 3489 1957 ἐκεῖ.
3543 1901 3620 1958 Οὔ
3683 1903 3791 1977 γὰρ

2138 1986 2437 2061 δυνήσομαι
2498 1996 2723 2058 ποιῆσαι
2769 1996 3011 2065 πρᾶγμα,
3067 1986 3172 2051 ἕως
3229 1994 3326 2044 τοῦ
3402 1990 3667 2054 εἶσελθεῖν
3732 2014 3790 2046 σε

2137 2078 2264 2134 ἐκεῖ.
2320 2102 2341 2129 ι
2397 2078 2498 2133 Καὶ
2557 2077 2734 2133 οὐκέτι
2796 2078 2961 2136 εἶπεν.
3020 2078 3395 2150 Δυνησόμιθα,
3442 2079 3687 2155 καίτειγε
3736 2079 3789 2135 ἐν

2137 2169 2283 2243 ἀρχῇ
2317 2164 2527 2240 ἔλεγον,
2579 2166 2663 2221 ὅτι
2698 2162 3050 2241 Ἐκτρίϐομεν
3100 2170 3265 2239 ἡμεῖς
3315 2169 3414 2237 τήν
3454 2168 3648 2236 πόλιν,
3700 2170 3791 2224 ὅτε

2136 2255 2330 2317 αὑτοὺς
2362 2255 2605 2328 ἐνόμιζεν
2663 2253 2857 2331 ἄνδρας
2901 2257 2990 2311 καὶ
3038 2255 3304 2332 ἀγγέλους
3355 2257 3509 2315 εἶναι.
3541 2260 3674 2315 ’Ὁτι
3732 2256 3791 2313 δὲ

2138 2345 2311 2399 αὐτῶν
2343 2348 2443 2414 τὴν
2467 2346 2760 2418 κυριότητα
2788 2342 2947 2419 ἔγνω,
2981 2347 3071 2400 καὶ
3139 2346 3318 2401 οὐκὲτι
3350 2346 3576 2422 κυρίους
3607 2347 3793 2419 καλεῖ,

2138 2432 2277 2488 ἀλκὰ
2308 2433 2500 2509 Κύριον
2536 2433 2704 2508 λέγει,
2741 2432 2943 2508 λέγων,
2977 2459 3003 2485 ‹‹
3050 2435 3274 2507 Δὲομαι,
3339 2434 3518 2511 Κύριε,
3580 2461 3611 2487 ι»
3666 2437 3794 2492 τότε

2136 2522 2224 2576 καὶ
2255 2522 2406 2576 αὐτοὶ
2440 2523 2515 2584 ὡς
2547 2524 2623 2584 εἷς
2655 2521 2801 2594 αὖτῴ
2832 2520 3195 2599 διαλέγονται.
3231 2523 3309 2581 Οὐ
3356 2524 3458 2600 γὰρ
3517 2524 3797 2599 λέγουσιν,

2138 2612 2547 2684 Ἐθαυμάσαμὲν
2579 2633 2674 2666 σου
2701 2613 2764 2665 τὸ
2794 2612 3113 2687 πρόσωπον,
3145 2612 3312 2683 ἀλλά,
3348 2638 3375 2664 ‹‹
3404 2613 3740 2687 Ἐθαύμασα.
3765 2635 3793 2667 ο

377 2724 475 2762 eos
508 2705 700 2761 adhuc
730 2703 973 2776 putabat
1002 2718 1130 2757 esse
1160 2702 1332 2767 viros,
1368 2705 1423 2755 et
1454 2700 1714 2772 angelos.
1749 2700 1853 2756 Ubi
1889 2718 2023 2756 vero
2054 2717 2249 2756 eorum
2280 2702 2587 2757 dominum
2619 2703 2874 2773 agnovit,
2907 2720 3099 2775 neque
3156 2703 3414 2776 amplius
3470 2721 3571 2760 eos
3626 2722 3803 2775 vocat

376 2795 677 2860 Dominos,
738 2792 838 2847 sed
896 2790 1208 2846 Dominum
1240 2790 1459 2853 dicens,
1494 2813 1521 2840 ‹‹
1556 2789 1829 2856 Obsecro,
1866 2790 2128 2859 Domine,
2166 2814 2185 2839 -
2225 2797 2363 2846 tunc
2393 2797 2449 2846 et
2478 2792 2589 2862 ipsi
2614 2794 2739 2862 jam
2771 2808 2904 2847 cum
2938 2809 3004 2848 eo
3036 2797 3320 2865 tanquam
3354 2809 3508 2849 unus
3539 2792 3803 2865 loquun-

377 2890 490 2939 tur.
524 2883 724 2953 Neque
753 2881 909 2935 enim
942 2879 1164 2949 dicunt,
1197 2878 1481 2934 Admirati
1521 2895 1751 2944 sumus,
1785 2879 1883 2934 sed
1918 2901 1947 2928 ‹‹
1978 2880 2316 2935 Admiratus
2347 2897 2501 2936 sum.
2534 2902 2561 2929 ιι

444 2974 531 3028 14.
562 2971 770 3027 Maced.
805 2970 957 3025 Num
993 2968 1169 3040 igitur
1200 2969 1365 3023 Pater
1396 2985 1514 3023 una
1544 2984 1679 3023 cum
1715 2968 1787 3023 iis
1846 2985 2026 3039 appa-

376 3062 614 3116 ruerat?
678 3058 829 3115 Orth.
901 3056 1167 3113 Omnino.
1238 3055 1434 3111 Maced.
1489 3058 1785 3121 Quomodo
1842 3056 2027 3127 igitur

375 3151 627 3205 dicit:«
659 3150 842 3204 Deum
903 3163 1071 3202 nemo
1118 3146 1261 3200 vidit
1319 3162 1576 3217 unquam
1637 3146 1722 3199 99?
1779 3167 1807 3195 »
1869 3144 2020 3200 Orth.

379 3240 681 3309 Pmpterea
738 3236 894 3291 enim
955 3238 1354 3305 apparuerunt
1411 3239 1691 3305 tanquam
1724 3234 1851 3302 viri,
1882 3250 2022 3305 quor

375 3327 532 3380 niam
564 3325 620 3379 id
655 3325 805 3394 quod
838 3327 1046 3378 natura
1076 3323 1229 3377 Deus
1260 3327 1546 3391 est,nemo
1567 3321 1709 3376 vidit
1739 3339 2025 3393 unquam,

374 3431 562 3486 neque
590 3413 782 3468 videre
831 3412 1036 3483 possit.
1085 3411 1281 3466 Maced.
1341 3413 1412 3465 At
1467 3426 1573 3480 ego
1631 3410 1838 3465 Filium
1889 3425 2022 3466 eum

373 3519 500 3558 esse
532 3503 683 3568 dico,
716 3502 813 3573 qui
848 3501 919 3555 ab
951 3499 1282 3554 Abrahamo
1315 3498 1476 3553 visus
1508 3499 1634 3553 fuit.
1669 3499 2023 3555 Orth.Redeo

372 3592 551 3664 igitur
581 3591 651 3646 ad
684 3591 766 3656 id,
798 3590 951 3660 quod
986 3588 1176 3660 legere
1220 3603 1531 3658 cmperam.
1594 3587 1793 3642 Maced.
1852 3587 2018 3659 Lege.

373 3681 521 3737 Orth.
584 3704 612 3730 «
668 3679 757 3734 Sol
798 3682 1034 3734 exortus
1068 3682 1157 3731 est
1186 3693 1362 3747 super
1392 3680 1627 3743 terram,
1662 3681 1717 3730 et
1751 3675 1893 3731 Loth
1930 3676 2018 3730 in-

370 3769 530 3824 troiit
559 3768 617 3823 in
648 3769 853 3823 urbem
885 3765 1371 3838 Segor.Dominus
1405 3764 1553 3836 pluit
1574 3782 1752 3836 supra
1772 3766 2024 3821 Sodoma

371 3858 565 3929 ignem
626 3862 684 3912 et
736 3856 987 3928 sulphur
1044 3872 1075 3910 a
1134 3855 1377 3909 Domino
1437 3872 1466 3909 e
1525 3854 1687 3923 cmlo,
1724 3859 1781 3908 et
1814 3870 2021 3909 omnes

370 3948 499 4003 illas
528 3947 704 4002 urbes
736 3944 1016 4001 subvertit
1048 3948 1088 3997 ¹.
1127 3968 1153 3994 »
1188 3942 1327 4008 Quis
1363 3942 1687 3998 Dominus?
1745 3945 1795 3998 is
1845 3943 2016 3998 nimi-

372 4054 498 4091 rum
556 4036 653 4107 qui
686 4035 912 4090 dixerat
943 4034 1011 4089 ad
1046 4033 1189 4088 Loth
1226 4050 1238 4087 :
1274 4055 1299 4081 ‹‹
1330 4033 1516 4087 Etiam
1545 4031 1600 4086 in
1635 4033 1785 4087 449
1819 4032 1927 4087 hac
1960 4048 2018 4087 re

370 4124 694 4179 admiratus
726 4140 855 4178 sum
895 4121 1097 4177 faciem
1128 4126 1313 4186 tuam,
1348 4138 1419 4175 ne
1448 4121 1651 4175 urbem
1703 4121 1886 4187 illam,
1947 4121 2017 4175 de

370 4230 485 4284 qua
528 4212 757 4266 locutus
789 4226 872 4276 es,
906 4211 1261 4265 subvertam.
1291 4209 1541 4280 Propera
1572 4210 1771 4280 igitur,
1805 4214 1868 4264 ut
1900 4209 2017 4265 illic

370 4301 638 4355 serveris.
674 4299 788 4353 Nec
815 4299 968 4354 enim
999 4303 1198 4369 potero
1230 4298 1550 4369 quidquam
1584 4315 1772 4370 agere,
1832 4298 2016 4353 donec

368 4406 433 4443 eo
466 4388 549 4442 sis
576 4387 898 4458 ingressus.
935 4407 961 4433 ››
985 4384 1185 4439 Μαεεά.
1210 4383 1371 4439 Unus
1404 4383 1637 4437 illorum
1672 4387 1797 4438 erat
1826 4383 2018 4439 Domi-

367 4499 479 4537 nus
513 4498 524 4536 :
560 4496 700 4536 num
735 4478 890 4534 enim
920 4478 1032 4550 ipsi
1064 4478 1179 4533 duo
1204 4482 1225 4533 Ρ
1255 4477 1405 4532 Orth.
1441 4476 1566 4531 Dixi
1598 4477 1845 4531 Lothum
1876 4493 2012 4532 cum

2209 2970 2290 3023 14.
2329 2970 2475 3024 Μακ.
2532 2971 2591 3025 Ὀ
2651 2971 2834 3043 Πατήρ
2896 2967 2985 3023 οὗν
3047 2970 3114 3038 ἦν
3168 2971 3284 3042 μετ’
3334 2970 3510 3025 αὐτῶν
3566 2971 3793 3048 ὀφθείς

2134 3056 2285 3131 Ὀρθ.
2322 3056 2422 3113 Καὶ
2455 3055 2612 3111 πάνυ.
2649 3058 2793 3114 Μακ.
2828 3062 2953 3119 Πῶς
2985 3056 3075 3111 οῦν
3129 3056 3297 3134 λέγει’
3348 3083 3375 3109 ιι
3433 3064 3563 3114 Θεον
3612 3057 3796 3122 οὐδεὶς

2138 3145 2368 3218 ἑώρακεν
2430 3145 2687 3214 πώποτε;
2750 3148 2897 3221 Ὀρθ.
2959 3148 3056 3201 Διά
3107 3147 3211 3223 γὰρ
3257 3152 3419 3203 τοῦτο
3469 3148 3544 3208 ὡς
3604 3145 3796 3224 ἄνδρες

2137 3231 2412 3311 ὤφθησαν,
2464 3232 2649 3304 ἐπειδὴ
2684 3234 2713 3289 ὅ
2757 3235 2965 3309 ἐστι
3022 3235 3197 3313 φύσει,
3238 3233 3416 3297 οὐδεὶς
3463 3234 3589 3291 οὔτε
3629 3236 3795 3305 εἶδεν,

2136 3323 2259 3378 οὕτε
2289 3321 2420 3378 ἰδεῖν
2472 3321 2711 3381 δύναται.
2764 3326 2909 3381 Μακ.
2959 3326 3107 3400 Ἐγὼ
3145 3324 3310 3400 λέγω,
3343 3326 3425 3379 ’ὁτι
3448 3327 3476 3379 ὁ
3509 3326 3634 3387 Υἱὸς
3664 3329 3732 3395 ἦν
3766 3328 3796 3381 6

2138 3411 2320 3488 ὀφθεὶς
2374 3417 2453 3483 τῷ
2507 3407 2779 3487 ’Δϐραάμ.
2832 3415 2977 3487 Ὀρθ.
3026 3413 3203 3471 Πάλιν
3254 3413 3344 3468 οὖν
3386 3416 3665 3490 ἀναχωρῶ
3695 3419 3795 3470 τοῦ

2136 3501 2594 3574 ἀναγνώσματοςς
2653 3505 2794 3558 Mn.
2858 3503 3181 3578 Ἀνάγνωθι.
3234 3504 3384 3578 Ὀρθ.
3448 3529 3475 3555 ‹‹
3535 3505 3593 3556 Ὀ
3625 3503 3793 3571 ἣλιος

2133 3588 2349 3659 ἐξῆλθεν
2385 3589 2592 3658 ἐπὶτήν
2624 3597 2750 3664 γῆν,
2779 3592 2868 3645 καὶ
2929 3592 3053 3646 Λὼτ
3112 3589 3363 3660 εἰσῆλθεν
3422 3592 3498 3654 εἰς
3558 3596 3789 3668 Σηγώρ·

2131 3677 2326 3752 Κοδριος
2356 3673 2562 3753 ἔϐρεξεν
2595 3678 2680 3733 ἐπὶ
2715 3677 2937 3752 Σόδομα
2977 3685 3083 3754 πῦρ
3135 3681 3226 3735 καὶ
3285 3687 3427 3745 θεῖον
3481 3683 3628 3756 παρά
3682 3682 3791 3736 Κύ-

2130 3767 2248 3840 ρίου
2280 3766 2340 3821 ἐκ
2364 3772 2461 3821 τοῦ
2489 3767 2743 3842 οὐρανοῦ,
2786 3768 2870 3823 καὶ
2915 3770 3269 3845 κατέστρεψεν
3314 3770 3486 3832 πάσας
3535 3771 3630 3831 τὰς
3684 3772 3789 3825 πό-

2131 3853 2262 3916 λεις.
2300 3878 2327 3906 ›)
2358 3857 2524 3917 Ποῖος
2556 3857 2751 3930 Κύριος
2782 3876 2796 3925 ;
2826 3855 3021 3926 δῆλον,
3064 3857 3147 3913 ὅτι
3179 3860 3206 3913 6
3238 3858 3472 3934 εἰρηκώς
3499 3864 3581 3930 τῷ
3634 3861 3783 3925 Λὼτ,

2129 3942 2210 3997 ὅτι
2250 3968 2270 3994 ι
2323 3944 2630 4016 Ἐθαύμασά
2678 3966 2772 3999 σου
2817 3947 2880 4000 16
2930 3946 3247 4020 πρόσωπον,
3298 3948 3388 4001 καὶ
3439 3946 3527 4002 ἐπὶ
3568 3953 3647 4019 τῷ
3680 3951 3782 4021 ρή-

2130 4054 2256 4104 ματι
2287 4031 2465 4105 τούτῳ
2491 4034 2567 4104 μὴ
2600 4036 2712 4106 (21)
2742 4036 3106 4110 καταστρέψαι
3137 4037 3237 4103 τήν
3286 4035 3470 4101 πόλιν,
3530 4036 3653 4109 περὶ
3717 4040 3785 4105 ἧς

2125 4119 2427 4190 ἀλάλησας.
2464 4126 2702 4175 Σπεῦσον
2739 4120 2831 4177 οὖν
2860 4131 3102 4192 σωθῆναι
3136 4123 3266 4181 ἐκεῖ.
3319 4124 3398 4181 Οὐ
3449 4125 3551 4198 γὰρ
3613 4122 3781 4195 δυνή-

2127 4230 2290 4281 σομαι
2323 4216 2546 4278 ποιῆσαι
2597 4217 2823 4286 πρᾶγμα
2852 4208 2957 4274 ἕως
3007 4218 3105 4267 τοῦ
3152 4212 3413 4277 εἰσελθεῖν
3464 4235 3519 4268 σε
3580 4212 3716 4271 ἐκεῖ.
3753 4238 3780 4265 ιι

2128 4300 2272 4355 Μακ.
2330 4300 2387 4357 Ὀ
2445 4298 2517 4360 εἶς
2570 4303 2636 4367 ἦν
2695 4301 2723 4354 6
2776 4300 2995 4375 Κύριος”
3062 4304 3139 4373 μὴ
3186 4303 3287 4377 γὰρ
3336 4303 3388 4356 οἱ
3434 4300 3566 4370 δ·3ο;
3624 4304 3780 4377 Ὀρθ.

2124 4388 2315 4458 Εἶπον,
2365 4387 2448 4443 ὅτι
2498 4393 2616 4449 τοῖς
2671 4386 2817 4442 δυσὶν
2870 4390 2944 4451 ὡς
2992 4389 3069 4444 {vi
3119 4388 3414 4465 διελέγετο.
3464 4391 3693 4464 Ἀμέλει
3728 4394 3783 4447 οἱ

2125 4473 2220 4530 δύο
2278 4475 2543 4550 λέγουσιν·
2611 4499 2633 4526 ι
2694 4476 2755 4531 Εἴ
2793 4474 2904 4532 ἔστι
2956 4499 3040 4533 σοι
3072 4476 3179 4534 ὧδε
3208 4475 3478 4555 γαμϐρὸς,
3508 4483 3543 4549 ἢ
3575 4482 3709 4547 uici,
3743 4484 3781 4551 ἢ

364 4571 593 4624 duobus
626 4567 764 4632 illis,
796 4572 1076 4638 tanquam
1110 4581 1243 4619 cum
1277 4581 1392 4619 uno
1425 4564 1607 4621 fuisse
1637 4563 2012 4621 collocutum.

2137 4564 2428 4641 )uya1éps;,
2488 4564 2706 4641 ἐξάγαγε
2764 4568 2898 4639 μετά
2955 4573 3203 4623 σεαυτοῦ.
3252 4568 3614 4643 ’Δπόλλυμεν
3674 4573 3782 4647 γὰρ

364 4659 575 4714 Dicunt
606 4656 758 4713 enim
793 4656 908 4711 duo
942 4654 1024 4709 illi
1060 4672 1072 4709 ε
1112 4676 1131 4702 ι
1169 4652 1227 4708 Si
1259 4655 1388 4723 quis
1420 4653 1515 4708 hic
1545 4658 1635 4708 est
1664 4653 1766 4707 tibi
1816 4669 2012 4725 gener,

364 4752 465 4802 aut
520 4745 641 4813 filii,
704 4748 804 4800 aut
841 4743 988 4809 tiliae,
1022 4743 1168 4798 educ
1194 4758 1294 4797 eos
1318 4746 1532 4798 tecum.
1568 4742 1682 4796 Nos
1706 4741 1859 4797 enim
1887 4759 2014 4813 per-

363 4838 572 4891 demus
603 4834 753 4888 hanc
785 4832 1149 4887 civitatem.»
1178 4830 1347 4885 Modo
1381 4830 1560 4901 igitur
1591 4830 1753 4894 dicit,
1779 4852 1799 4879 ι
1823 4830 1957 4897 Nos,
1986 4853 2015 4881 »

366 4928 600 4996 propter
632 4924 992 4995 bypostases,
1054 4919 1225 4974 modo
1286 4935 1419 4973 vero
1479 4919 1640 4989 dicit,
1701 4943 1727 4968 «
1787 4920 1922 4990 Ego,
1986 4942 2013 4969 ››

362 5018 596 5085 propter
656 5015 949 5066 naturam.
993 5030 1019 5059 ‹‹
1053 5006 1364 5079 Intelligite
1389 5024 1546 5079 ergo,
1582 5030 1609 5057 »
1637 5013 1701 5063 ut
1726 5009 2013 5080 scriptum

361 5107 469 5169 est,
505 5099 907 5171 «insipientes
953 5098 1010 5153 in
1072 5095 1308 5169 populo,
1366 5101 1422 5151 et
1479 5097 1637 5151 stulti
1701 5096 2014 5166 aliquando

359 5190 547 5263 sapite
595 5190 635 5244 ².
694 5209 722 5238 ››
756 5187 901 5243 Nam
931 5190 990 5243 et
1019 5184 1334 5249 Abraham,
1364 5185 1579 5256 agnitis
1607 5185 1796 5240 tribus
1828 5184 2012 5257 hypo-

358 5278 637 5349 stasibus,
663 5277 973 5334 Dominum
1004 5274 1149 5330 dicit
1182 5290 1195 5327 :
1230 5277 1286 5328 et
1317 5273 1455 5328 Loth
1488 5273 1717 5330 duabus
1746 5274 2012 5329 animad-

2125 4656 2289 4727 ἡμεῖς
2319 4656 2417 4723 τήν
2450 4654 2610 4709 πόλιν
2663 4656 2886 4725 ταύτην.
2951 4681 2971 4708 ι
3009 4658 3147 4714 ΙῙοτὶ
3193 4656 3283 4712 οῦν
3332 4659 3395 4713 τὸ
3441 4684 3469 4710 ‹‹
3519 4660 3715 4732 Ἡμεῖς
3749 4685 3779 4712 η

2123 4742 2266 4817 λέγει
2295 4740 2384 4797 διὰ
2410 4743 2504 4804 τὰς
2539 4744 2880 4815 ὑποστάσεις,
2910 4746 3044 4800 ποτὲ
3074 4743 3132 4801 δὲ
3155 4747 3218 4801 τὸ
3252 4774 3279 4798 ‹‹
3315 4747 3454 4823 Ἐγὼ
3484 4771 3511 4801 ι
3548 4746 3638 4802 διὰ
3675 4750 3777 4817 τήν

2123 4831 2298 4908 φύσιν.
2340 4857 2359 4881 ιι
2419 4831 2610 4886 Σύνετε
2667 4832 2783 4903 οὗν,
2817 4857 2845 4883 ››
2903 4835 3078 4896 καθὼς
3111 4833 3341 4909 εἴρηται,
3397 4860 3425 4888 ‹‹
3460 4834 3692 4913 ἄφρονες
3722 4837 3777 4891 ἐν

2119 4924 2199 4991 τῷ
2255 4918 2392 4992 λαῷ,
2451 4921 2539 4974 καὶ
2590 4921 2769 4994 μωροί
2836 4943 2969 4977 ποτε
3020 4926 3343 5000 φρονήσατε.
3410 4950 3436 4973 n
3496 4928 3621 4982 ’Ὁτι
3683 4927 3777 4981 καὶ

2122 5003 2388 5082 Ἀϐραὰμ,
2451 5010 2544 5071 τὰς
2618 5014 2763 5083 τρεῖς
2837 5011 3155 5074 ὑποστάσεις
3232 5012 3501 5087 ἐγνωκὼς,
3580 5014 3781 5089 Κύριον

2121 5095 2287 5172 λέγει·
2335 5096 2424 5151 καί
2476 5097 2619 5167 Λὼτ,
2662 5101 2757 5161 τὰς
2791 5096 2885 5153 δύο
2914 5099 3186 5173 ἐγνωκὼς,
3220 5101 3429 5174 ὁμοίως
3454 5102 3652 5175 Κύριον
3690 5103 3780 5159 λέ-

2118 5203 2220 5259 γει·
2276 5185 2366 5241 καὶ
2441 5188 2516 5259 μή
2590 5184 2847 5264 διαιρεῖτε
2922 5189 2986 5243 τὰ
3050 5187 3353 5265 ἀδιαίρετα,
3416 5188 3558 5264 μηδὲ
3619 5191 3783 5267 μερί-

2123 5277 2237 5341 ζετε
2269 5276 2380 5347 (22)
2409 5274 2477 5328 τὰ
2530 5274 2815 5350 ἀμέριστα.
2875 5280 3018 5333 Max.
3067 5277 3257 5351 Ἔχεις
3308 5298 3400 5350 μοι
3447 5278 3635 5350 εἰπεῖν,
3670 5283 3779 5333 ποῦ

424 5483 466 5518 9'
497 5484 636 5539 Gen.
667 5497 782 5550 xxx,
812 5481 903 5551 21,
933 5479 1023 5533 22.
1099 5477 1144 5513 ⁹⁰
1170 5476 1341 5533 Joan.
1376 5493 1417 5546 ι,
1450 5477 1538 5533 18.
1620 5481 1634 5514 ¹
1668 5478 1811 5535 Gen.
1840 5497 1958 5552 xxx,
1987 5480 2024 5536 2

2137 5479 2202 5536 lli.
2278 5482 2301 5516 ²
2330 5480 2479 5538 Psal.
2511 5497 2671 5553 xcm,
2694 5482 2750 5537 8.

422 5663 534 5739 (21)
562 5661 657 5719 Sic
688 5676 833 5717 mss.
868 5662 1042 5717 recte.
1068 5662 1131 5714 In
1164 5656 1336 5715 editis
1372 5655 1448 5731 μὴ
1482 5657 1664 5715 deest.

2203 5663 2319 5735 (22)
2350 5662 2436 5720 Ita
2465 5661 2649 5720 Palat.
2681 5662 2836 5721 Editi
2864 5678 3021 5733 vero,
3056 5661 3355 5741 μιρίζεσθθ.
