4092 6218
317 339 345 400 1
356 335 474 403 225

314 559 402 614 καὶ
451 562 486 630 ἡ
541 559 754 616 Παλαιά
800 563 1038 633 Διαθήκη
1093 560 1206 617 οἶδε
1255 561 1348 624 τὰς
1399 567 1545 638 τρεῖς
1593 559 1914 621 ὑποστάσεις
1949 577 1961 589 ·

313 651 402 704 καὶ
461 649 561 704 οὑκ
613 649 1077 724 έπιλανθανομένη
1137 655 1242 706 τῶν
1298 649 1711 728 προειρημένων
1774 646 1963 724 λέγει’

320 763 347 792 ιι
381 737 576 815 Κύριος
607 739 635 793 6
667 737 796 802 Θεός
834 761 952 812 σου,
990 739 1183 818 Κύριος
1239 741 1312 802 εἷς
1363 739 1525 812 ἐστιν,
1561 763 1588 790 ››
1621 737 1747 794 ἀλλ’
1779 737 1970 792 ένοῦσα

317 829 414 898 τήν
447 827 696 899 θεότητα.
727 830 924 885 ’Ἄκουε
953 827 1043 884 οῦν
1094 828 1191 885 τοῦ
1239 825 1364 885 Ἰὼϐ
1415 828 1684 906 λέγοντος·
1720 851 1748 879 ‹‹
1790 828 1846 880 Ὀ
1874 846 1967 880 τα-

317 917 474 980 νύσας
505 918 597 972 τὸν
643 917 869 993 ούρανὸν
924 917 1086 992 μόνος
1136 920 1224 974 καί
1275 923 1584 992 περιπατῶν
1641 917 1726 972 ἐπὶ
1775 913 1970 970 θαλάσ-

318 1029 416 1077 σης
448 1007 522 1069 ὡς
555 1007 641 1062 ἐπὶ
674 1005 920 1086 έδάιρους.
956 1007 1158 1082 Δῆλον,
1191 1007 1273 1064 ὅτι
1319 1009 1410 1064 τὸν
1459 1008 1582 1062 rte»
1633 1005 1782 1082 λέγει
1829 1025 1968 1080 προ-

321 1101 563 1175 φητικῶς
631 1099 690 1154 Ὀ
741 1099 845 1173 γὰρ
895 1099 1266 1174 περιπατήσας
1320 1097 1407 1153 ἐπὶ
1469 1096 1748 1168 θαλάσσης
1810 1094 1969 1155 αὐτὸς

321 1185 409 1241 ἐστ
418 1209 461 1240 ιν
472 1231 484 1242 .

1267 340 1367 404 DE
1412 339 1710 404 SANCTA
1763 331 2188 402 TRlNlTATE
2231 335 2622 400 DIALOGUS
2668 332 2775 398 Ill.

316 469 637 546 γέγραπται,
671 472 800 534 Θεὸς
827 471 890 527 τὸ
939 475 1154 546 Πνεῦμα
1187 491 1200 542 ;
1231 479 1376 547 Ὀρθ.
1411 472 1565 535 Τέως
1611 468 1829 544 ἔμαθες,
1880 469 1955 525 ὅτι

2079 470 2162 526 sis
2220 469 2532 526 Dominum
2597 468 2794 546 itidem
2855 469 3053 526 dicit:
3118 487 3308 544 neque
3365 472 3607 531 dividite
3663 493 3734 534 ea

3563 327 3731 402 me

2079 575 2208 632 quae
2263 559 2441 614 dividi
2503 577 2618 614 non
2673 563 2944 631 possunt,
2991 577 3180 632 neque
3236 563 3539 634 partimini
3601 581 3730 638 qua

2077 647 2450 721 partitionem
2512 665 2625 703 non
2687 649 3029 704 admittunt.
3090 650 3293 706 Maced.
3354 652 3525 710 Potes
3584 653 3731 710 mihi

2077 737 2292 807 dicere,
2323 737 2426 793 ubi
2457 738 2743 810 scriptum
2797 738 2894 809 sit,
2927 739 3180 810 Spiritus
3213 745 3303 797 est
3338 741 3492 799 Deus
3517 742 3544 798 ?
3574 741 3729 800 Orth.

2078 827 2369 882 Hactenus
2427 826 2724 893 didicisti,
2782 828 2974 883 Veteri
3037 845 3272 901 quoque
3347 832 3726 890 Testamento

2078 915 2341 989 cognitas
2369 916 2550 971 fuisse
2580 921 2699 971 tres
2729 916 3094 989 hypostases,
3129 919 3284 991 quod
3329 920 3487 976 enim
3519 923 3723 980 Testa-

2078 1009 2346 1060 mentum
2379 1003 2788 1077 praedictorum
2822 1011 3016 1062 tamen
3054 1024 3168 1062 non
3201 1008 3512 1066 immemor
3539 1009 3720 1068 dicit:

2080 1115 2108 1144 «
2141 1093 2430 1151 Dominus
2480 1094 2634 1150 Deus
2663 1098 2828 1166 tuus,
2879 1096 3162 1152 Dominus
3209 1114 3365 1154 unus
3407 1103 3496 1156 est
3519 1100 3562 1166 ³,
3593 1122 3621 1150 ››
3654 1104 3722 1157 ul:

2078 1183 2352 1240 deitatem
2409 1185 2480 1240 ad
2511 1201 2694 1240 unum
2744 1143 3048 1257 redigeret.
3101 1187 3246 1241 Audi
3277 1143 3720 1260 igitu'rﬂJobu;

320 1278 611 1334 dicentem
646 1295 658 1333 :
694 1298 721 1327 ς(
754 1277 863 1342 Qui
893 1277 1056 1333 solus
1105 1276 1314 1334 caelum
1344 1277 1622 1349 extendit,
1655 1279 1714 1332 et
1741 1291 1920 1348 super
1967 1289 2129 1330 mare
2157 1274 2324 1346 quasi
2353 1274 2412 1329 in
2462 1272 2586 1330 solo
2616 1273 2944 1330 inambulat
2975 1275 3014 1328 ⁴.
3049 1296 3078 1325 ››
3112 1275 3312 1332 Palam
3362 1281 3451 1334 est
3487 1294 3621 1334 eum
3651 1279 3724 1336 de

320 1367 464 1422 Filio
496 1366 834 1440 prOphetice
865 1365 1048 1438 loqui.
1083 1369 1134 1423 Is
1165 1367 1322 1424 enim
1355 1372 1462 1438 est,
1495 1365 1592 1438 qui
1623 1381 1802 1438 super
1832 1379 1992 1420 mare
2023 1361 2355 1420 ambulavit.

392 1477 476 1531 15.
511 1471 715 1532 Μακεδ.
751 1471 852 1529 Ἰδὲ
900 1474 990 1528 οῦν
1045 1473 1233 1544 πάλιν,
1267 1475 1294 1529 ὁ
1327 1474 1448 1536 Υἱὸς
1504 1473 1665 1546 μόνος
1705 1473 1965 1547 περιεπά-

315 1584 474 1634 τησεν
535 1562 621 1618 ἐπὶ
679 1565 774 1631 τῆς
821 1561 1117 1632 θαλάσσης.
1166 1569 1316 1638 Ὀρθ.
1367 1561 1524 1620 Ἀλλ’
1577 1562 1747 1629 εἶπον,
1788 1560 1870 1616 ὅτι
1901 1559 1964 1615 τὸ

321 1653 484 1724 μόνος
517 1651 604 1706 ἐπὶ
634 1659 734 1721 τῆς
763 1651 1016 1720 θεότητος
1047 1646 1464 1725 λαμϐανόμενον
1489 1651 1563 1712 ὡς
1597 1649 1684 1706 ἐπὶ
1712 1653 1774 1706 τὸ
1806 1649 1964 1706 πλεῖ-

317 1763 440 1796 στον
509 1740 738 1816 Πατέρα,
795 1742 885 1795 καὶ
945 1741 1105 1810 Υἱὸν,
1164 1740 1253 1795 καὶ
1311 1741 1463 1814 ἅγιον
1525 1744 1742 1813 Πνεῦμα
1791 1737 1961 1814 λέγει.

319 1829 438 1885 Εἰσὶ
469 1827 688 1902 δέτινα,
721 1828 754 1884 ἃ
786 1829 954 1902 μόνου
1002 1833 1100 1883 τοῦ
1147 1829 1276 1883 Υἱοῦ
1328 1826 1439 1883 ἴδιά
1492 1829 1614 1886 εἶσι.
1649 1827 1826 1890 Μόνος
1860 1828 1964 1903 γὰρ

319 1917 699 1994 ἐνηνθρώπησε
732 1962 746 1989 ,
807 1917 971 1990 μόνος
1024 1913 1365 1989 ἐϐαπτίσθη,
1425 1917 1589 1990 μόνος
1641 1917 1700 1972 ἐκ
1757 1916 1966 1991 Πατρὸς

315 2007 650 2084 γεγέννηται,
711 2006 874 2079 μόνος
923 2006 1260 2082 ἐσταυρώθη,
1317 2007 1407 2060 καὶ
1464 2004 1561 2061 ὅσα
1607 2010 1846 2061 τοιαῦτα’
1900 2005 1962 2060 οὑ

318 2096 610 2172 χωρισθεὶς
655 2102 756 2164 τῆς
799 2100 896 2150 τοῦ
951 2097 1159 2170 [ἰατρὸς
1211 2095 1576 2166 ὑποστάσεως,
1613 2093 1736 2150 ἀλλ’
1788 2093 1860 2149 ὢν
1911 2093 1964 2150 ἐν

316 2186 484 2258 αὐτῷ,
539 2186 628 2240 καὶ
686 2185 844 2240 αὑτὸν
893 2181 1035 2260 ἔχων
1094 2185 1144 2240 έν
1201 2186 1393 2257 ἑαυτῷ,
1457 2182 1806 2240 ίδιοποιεῖται
1860 2185 1959 2253 τὴν

313 2275 714 2348 ἐνανθρώπησιν
751 2320 766 2347 ,
821 2271 913 2328 ’ίνα
969 2274 1411 2345 διευκρινηθῶσιν
1477 2274 1531 2327 αἱ
1595 2271 1909 2335 ὑποστάσεις
1945 2316 1958 2328 .

309 2367 429 2420 Ἳνα
459 2361 516 2419 δὲ
549 2364 624 2436 μή
657 2362 908 2435 νομίσῃς,
939 2361 1022 2417 ὅτι
1055 2365 1090 2432 ἡ
1143 2360 1357 2418 Παλαιὰ
1408 2361 1546 2435 μόνη
1598 2357 1711 2415 οἶδε
1747 2362 1838 2416 τὸν
1869 2357 1964 2416 ἕνα

309 2453 403 2508 καὶ
440 2452 601 2525 μόνον
631 2453 756 2507 Θεὸν
789 2449 1196 2527 καταγγέλλειν,
1232 2452 1456 2505 ἄκουσον
1500 2449 1664 2505 αὑτοῦ
1696 2453 1790 2504 τοῦ
1841 2455 1959 2503 Σω-

305 2550 481 2618 τῆρος
539 2540 814 2616 λέγοντος·
853 2563 879 2590 ‹‹
939 2540 1261 2615 Γέγραπται,
1321 2539 1500 2615 Κυρίῳ
1556 2540 1634 2610 τῷ
1693 2543 1808 2611 Θεῷ
1865 2559 1960 2592 σου

307 2632 724 2703 προσκυνήσεις,
779 2629 868 2683 καὶ
919 2628 1066 2700 αὑτῷ
1119 2626 1271 2702 μόνῳ
1323 2627 1658 2704 λατρεύσεις.
1694 2651 1722 2679 ››
1754 2627 1855 2684 Καὶ
1907 2626 1959 2683 ἐν

310 2718 530 2786 ἀλλοις,
588 2717 902 2795 ἐρωτηθεὶς,
957 2716 1088 2772 ποία
1145 2716 1341 2786 ἐντολή
1405 2716 1614 2792 μεγάλη
1679 2715 1728 2771 ἐν
1781 2716 1958 2789 νόμῳ,

311 2809 478 2863 εἶπενο
519 2833 546 2859 ‹‹
580 2809 906 2883 Ἀγαπήσεις
963 2803 1157 2882 Κύριον
1217 2807 1307 2860 τὸν
1366 2805 1494 2860 Θεόν
1556 2826 1650 2859 σου
1713 2804 1762 2875 ἐξ
1820 2805 1958 2876 ὅλης

307 2905 413 2968 τῆς
443 2899 625 2972 ψυχῆς
660 2917 777 2964 σου,
809 2895 900 2950 καὶ
931 2893 982 2965 ἐξ
1029 2894 1167 2962 ὅλης
1215 2901 1313 2964 τῆς
1354 2890 1578 2966 καρδίας
1633 2914 1748 2962 σου,
1781 2893 1868 2948 καὶ
1908 2893 1958 2964 ἐξ

309 2987 452 3058 ὅλης
480 2993 580 3056 τῆς
615 2985 804 3061 ἰσχύος
837 2983 1047 3039 σου-καὶ
1078 2983 1168 3038 τὸν
1189 2980 1426 3054 πλησίον
1452 3004 1545 3038 σου
1578 2982 1653 3044 ὡς
1681 2981 1958 3038 σεαυτόν.»

307 3079 470 3152 Ἀρα,
533 3072 719 3144 ἐπειδὴ
781 3073 878 3129 οὑκ
935 3075 1048 3128 εἶπε
1106 3073 1302 3149 Κύριον
1355 3072 1448 3127 τὸν
1509 3070 1635 3127 Θεόν
1695 3093 1814 3139 σου,
1865 3071 1955 3125 καὶ

305 3166 432 3221 Υίὸν
464 3165 649 3234 αὑτοῦ,
683 3164 743 3219 οὐ
777 3161 858 3218 δεῖ
887 3163 1094 3239 ἀγαπᾷν
1139 3165 1311 3235 ἡμᾶς,
1364 3159 1577 3235 μᾶλλον
1623 3158 1681 3216 δὲ
1725 3181 1951 3236 συναγα-

303 3261 411 3327 πᾷν
472 3254 654 3328 Κυρίῳ
706 3258 783 3325 τῷ
839 3257 955 3325 Θεῷ
1007 3251 1096 3307 καὶ
1152 3251 1298 3320 Υἱὸν,
1356 3251 1444 3306 καὶ
1501 3250 1563 3305 τὸ
1621 3254 1841 3323 Πνεῦμα
1886 3249 1950 3304 τὸ

302 3346 503 3421 ἅγιον;
538 3344 743 3401 Μακεὸ.
778 3341 899 3398 Ναί.
953 3339 1110 3397 Ἀλλ’
1159 3339 1295 3408 sint,
1327 3344 1434 3394 ποῦ
1482 3339 1611 3402 Θεὸς
1643 3341 1705 3394 τὸ
1737 3344 1952 3412 Πνεῦμα

307 3430 543 3510 εἴρηται.
569 3434 719 3509 Ὀρθ.
765 3431 909 3493 Τέως
961 3435 1096 3504 μάθε
1144 3429 1274 3484 αὐτὸ
1308 3431 1384 3502 μὴ
1418 3429 1674 3505 χωρίζειν
1705 3435 1806 3498 τῆς
1835 3447 1952 3483 κοι-

306 3523 496 3584 νωνίας
549 3525 647 3577 τοῦ
703 3519 914 3593 ΙΙατρὸς
966 3519 1055 3574 καὶ
1112 3523 1211 3574 τοῦ
1259 3520 1406 3590 Υἶοῦ,
1440 3515 1587 3573 ἀλλὰ
1643 3523 1951 3593 συναγαπᾷν

304 3617 386 3684 τῷ
411 3611 606 3688 ΙΙατρὶ,
636 3609 725 3665 καὶ
750 3614 829 3682 τῷ
858 3609 991 3681 Υίῴ,
1021 3607 1111 3663 καὶ
1159 3609 1222 3664 τὸ
1254 3609 1405 3684 ἅγιον
1457 3611 1698 3680 Πνεῦμα,
1732 3607 1781 3680 ἐξ
1813 3607 1953 3678 ὅλης

305 3705 405 3772 τῆς
435 3701 625 3778 ἰσχύος
656 3693 772 3772 σου,
803 3699 892 3754 καὶ
925 3697 975 3770 ἐξ
1003 3695 1141 3769 ὅλης
1182 3699 1282 3766 τῆς
1336 3699 1519 3772 ψυχῆς
1568 3717 1687 3766 σου,
1714 3697 1803 3752 καὶ
1832 3696 1956 3752 τότε

309 3792 595 3868 ἐπίγνωσιν
645 3793 777 3845 Θεοῦ
826 3787 1094 3864 εὑρήσεις.
1138 3783 1345 3844 Μακεδ.
1397 3787 1624 3861 Ἀγαπῶ
1681 3787 1774 3858 μὲν
1825 3785 1954 3842 αὑτὸ

301 3882 353 3956 ἐξ
386 3880 524 3952 ὅλης
555 3886 656 3949 τῆς
685 3875 929 3953 καρδίας,
961 3877 1051 3932 καὶ
1099 3875 1150 3946 ἐξ
1181 3875 1320 3946 ὅλης
1365 3881 1464 3944 τῆς
1497 3877 1680 3951 ψυχῆς
1711 3875 1800 3929 καὶ
1834 3872 1951 3930 δια-

301 3971 473 4033 νοίας“
511 3969 574 4024 οὑ
636 3969 742 4041 μὴν
791 3964 1039 4042 θεολογῶ
1096 3964 1248 4022 αὑτό.
1309 3965 1460 4041 Ὀρθ.
1510 3967 1634 4026 Πῶς
1684 3964 1785 4040 γὰρ
1823 3961 1951 4038 δύνῃ

300 4059 627 4134 θεολογῆσαι
656 4057 719 4111 τὸ
750 4059 991 4129 Πνεῦμα,
1024 4055 1052 4108 6
1087 4054 1163 4127 μὴ
1210 4051 1382 4117 θέλων
1435 4051 1601 4107 εἰπεῖν
1650 4053 1747 4120 τὴν
1781 4053 1946 4121 αὐτὴν

294 4147 600 4218 ούσίαν,καὶ
633 4143 904 4216 δόξαν,καὶ
941 4142 1171 4220 βουλήν,
1203 4142 1294 4198 καὶ
1329 4139 1556 4213 δύναμιν
1605 4141 1814 4216 ΙΙατρὸς
1858 4141 1947 4195 καὶ

289 4241 419 4293 Υἰοῦ
439 4257 453 4307 ;
473 4235 605 4293 ἀλλ’
634 4233 846 4289 ἐναντία
869 4232 1092 4306 εὑρέθης
1117 4230 1292 4307 λέγων
1374 4224 1752 4304 προσεϐάλλου
1771 4229 1946 4283 πίστει

290 4333 386 4383 τοῦ
424 4324 694 4401 μακαρίο)
725 4326 1046 4380 Λουκιανοῦ.
1094 4317 1296 4376 Μακεδ.
1352 4318 1489 4393 Ἐγὼ
1519 4317 1776 4384 πιστεύω,
1809 4318 1883 4380 ὡς
1916 4318 1944 4372 ὁ

294 4417 563 4492 μακάριος
613 4413 936 4485 Λουκιανὸς,
987 4410 1077 4466 καὶ
1126 4408 1270 4486 λέγω
1318 4407 1521 4476 οὐσίας,
1567 4406 1655 4462 καὶ
1710 4405 1940 4482 βουλῆς,

1998 1793 2044 1857 Β

2149 1472 2235 1526 15.
2272 1471 2468 1528 Maced.
2506 1471 2760 1528 Rursum
2792 1471 2974 1544 igitur
3002 1473 3152 1540 vide,
3187 1473 3349 1530 solus
3407 1474 3591 1532 Filius
3623 1491 3728 1533 su-

2076 1577 2180 1632 per
2223 1577 2384 1617 mare
2438 1560 2740 1618 amulavit.
2776 1561 2932 1618 Orth.
2965 1565 3040 1617 At
3091 1579 3196 1636 ego
3246 1563 3364 1619 dixi
3413 1564 3594 1638 istud,
3627 1583 3726 1624 so-

2075 1650 2189 1718 lus,
2224 1667 2359 1706 cum
2402 1649 2605 1706 deitati
2653 1650 2958 1720 tribuitur,
2992 1650 3341 1724 plerumque
3387 1653 3639 1723 Patrem,
3671 1660 3730 1712 et

2078 1737 2386 1807 Filium,et
2415 1739 2698 1811 Spiritum
2731 1745 3003 1796 sanctum
3038 1739 3724 1801 declarare.Suntautem

2076 1829 2342 1900 quszdam
2376 1828 2558 1885 solius
2590 1829 2716 1884 Filii
2748 1829 3002 1901 propria.
3023 1829 3196 1886 Solus
3226 1831 3382 1886 enim
3417 1832 3605 1890 factus
3635 1839 3726 1892 est

2074 1916 2270 1987 homo,
2305 1918 2468 1974 solus
2499 1918 2827 1991 baptizatus
2857 1922 2966 1986 est,
2999 1919 3162 1975 solus
3194 1935 3262 1976 ex
3292 1919 3458 1978 Patre
3487 1921 3722 1994 genitus

2074 2011 2184 2077 est,
2203 2007 2364 2064 solus
2394 2007 2505 2062 fuit
2525 2008 2860 2073 cruciﬁxus,
2881 2013 2938 2064 et
2959 2025 3321 2081 quaecunque
3341 2016 3481 2066 sunt
3513 2011 3720 2084 hujus-

2075 2097 2269 2152 modi:
2301 2096 2475 2168 idque
2519 2113 2634 2152 non
2686 2103 2985 2169 separatus
3013 2116 3046 2154 a
3068 2099 3236 2154 Patre
3262 2099 3582 2172 hypostasi,
3615 2102 3718 2158 sed

2073 2190 2138 2241 ut
2168 2186 2268 2257 qui
2301 2185 2360 2240 in
2393 2186 2520 2257 ipso
2552 2191 2727 2256 esset,
2745 2189 2801 2241 et
2829 2203 2964 2242 eum
2993 2187 3054 2242 in
3085 2203 3215 2243 sese
3244 2187 3505 2258 haberet,
3525 2189 3717 2248 incar-

2075 2274 2368 2330 nationem
2391 2274 2503 2329 sibi
2523 2273 2818 2346 propriam
2837 2275 3032 2344 habet,
3066 2282 3130 2331 ut
3151 2276 3257 2332 rite
3279 2278 3724 2352 distinguantur

2073 2362 2441 2434 hypostases.
2477 2366 2550 2418 Ac
2584 2379 2653 2418 ne
2696 2363 2992 2420 existimes
3045 2364 3237 2420 solum
3285 2365 3468 2423 Vetus
3517 2369 3720 2427 Testa-

2075 2457 2338 2508 mentum
2372 2469 2556 2507 unum
2606 2457 2662 2507 et
2714 2451 2906 2508 solum
2958 2454 3138 2509 Deum
3179 2457 3549 2530 annuntiare,
3581 2457 3722 2515 audi

2070 2540 2426 2598 Salvatorem
2456 2541 2651 2613 ipsum
2703 2541 2994 2600 dicentem
3028 2559 3041 2599 :
3076 2567 3103 2594 «
3139 2545 3433 2618 Scriptum
3465 2551 3572 2620 est,
3607 2553 3716 2605 Do-

2071 2631 2299 2686 minum
2331 2635 2512 2686 Deum
2542 2637 2713 2687 tuum
2745 2631 3100 2699 adorabis,et
3130 2631 3214 2688 illi
3249 2634 3358 2690 soli
3389 2636 3604 2694 servies
3631 2637 3718 2694 ⁵.»

2070 2718 2138 2774 Et
2167 2717 2329 2788 alibi,
2362 2725 2600 2791 rogatus
2633 2720 2928 2790 quodnam
2961 2726 3114 2776 esset
3145 2722 3471 2779 maximum
3503 2725 3560 2780 in
3593 2726 3718 2800 lege

2071 2807 2715 2880 praeceptumjnquitm
2748 2808 2962 2881 Diliges
2995 2809 3309 2866 Dominum
3338 2817 3514 2870 Deum
3545 2817 3714 2872 tuum

2070 2913 2138 2952 ex
2169 2901 2288 2951 tota
2319 2897 2516 2952 anima
2545 2901 2668 2964 tua,
2698 2902 2756 2952 et
2786 2913 2856 2952 ex
2886 2901 3004 2953 toto
3031 2899 3204 2955 corde
3234 2904 3355 2969 tuo,
3386 2904 3444 2957 et
3473 2918 3542 2958 ex
3575 2901 3716 2961 totis

2069 2988 2290 3044 viribus
2321 2990 2442 3044 tuis
2474 3006 2487 3044 :
2521 2993 2578 3044 et
2607 2989 2936 3060 proximum
2968 2994 3136 3045 tuum
3169 2990 3322 3047 sicut
3352 2991 3602 3065 leipsum
3633 2994 3712 3052 ⁸.»

2067 3077 2218 3133 Num
2267 3093 2400 3133 vero
2449 3076 2725 3148 quoniam
2774 3095 2890 3132 non
2937 3078 3114 3147 dixit,
3163 3080 3475 3136 Dominum
3525 3079 3710 3139 Deum

1983 3163 2024 3231 C
2063 3171 2229 3222 tuum
2263 3171 2320 3222 et
2353 3165 2560 3221 Filium
2607 3166 2759 3237 ejus,
2789 3184 2907 3223 non
2937 3172 3164 3238 oportet
3193 3185 3300 3224 nos
3349 3168 3615 3243 diligere,
3643 3187 3712 3228 ac

2059 3271 2176 3310 non
2207 3256 2403 3327 potius
2435 3271 2552 3311 una
2581 3271 2713 3310 cum
2749 3256 2912 3311 Patre
2955 3255 3119 3329 diligi
3149 3262 3276 3312 tum
3309 3257 3543 3328 Filium,
3578 3263 3706 3318 tum

2060 3344 2347 3416 Spiritum
2394 3343 2714 3400 sanctum?
2746 3343 2942 3400 Maced.
2995 3345 3170 3403 Sane.
3213 3346 3323 3402 Sed
3370 3347 3569 3419 dicito,
3603 3348 3704 3406 ubi

2061 3433 2318 3506 Spiritus
2365 3438 2603 3490 sanctus
2651 3433 2846 3489 dictus
2877 3433 2952 3489 sit
2997 3433 3172 3491 Deus.
3231 3436 3391 3492 Orth.
3441 3438 3704 3496 Primum

2063 3524 2220 3580 disce
2250 3522 2537 3595 Spiritum
2569 3539 2684 3578 non
2716 3539 2989 3594 separare
3019 3540 3053 3578 a
3082 3523 3268 3581 Patris
3299 3530 3356 3582 et
3385 3526 3514 3582 Filii
3545 3544 3710 3585 com-

2065 3612 2364 3681 munione,
2408 3628 2512 3668 seu
2561 3628 2679 3666 una
2725 3628 2860 3667 eum
2913 3611 3074 3668 Patre
3121 3618 3182 3668 et
3228 3614 3374 3670 Filio
3423 3616 3708 3688 Spiritum

2065 3717 2296 3773 quoque
2325 3705 2593 3757 sanctum
2626 3699 2866 3773 diligere
2895 3701 3034 3757 totis
3063 3701 3283 3758 viribus
3313 3703 3708 3778 tuis,totaque

2064 3791 2263 3844 anima
2293 3795 2411 3859 tua,
2431 3793 2488 3845 et
2517 3793 2656 3844 tunc
2687 3789 2955 3845 notitiam
2988 3789 3089 3844 Dei
3119 3792 3474 3862 assequeris.
3508 3793 3708 3851 Maced.

2060 3878 2374 3950 Diligimus
2405 3894 2537 3932 eum
2569 3881 2692 3932 toto
2723 3877 3159 3950 corde,totaque
3176 3879 3373 3934 anima
3402 3887 3461 3936 et
3491 3887 3706 3954 mente,

2061 3984 2250 4038 neque
2279 3971 2474 4022 tamen
2507 3983 2640 4021 eum
2671 3966 2925 4022 dicimus
2957 3967 3140 4022 Deum
3171 3985 3319 4024 esse.
3349 3969 3707 4029 0r:h.Enim-

2057 4072 2211 4120 vero,
2243 4054 2340 4124 qui
2373 4054 2565 4126 possis
2595 4054 2878 4124 Spiritum
2929 4056 3120 4111 dicere
3169 4062 3372 4128 Deum,
3405 4061 3506 4132 qui
3550 4061 3704 4122 nolis

2056 4145 2321 4200 eamdem
2355 4143 2747 4199 substantiam
2779 4148 2836 4199 et
2875 4144 3145 4216 gloriam.
3178 4146 3332 4203 idem
3365 4149 3700 4224 consilium,
3723 4139 3736 4150 ’

2054 4234 2440 4304 eamdemque
2489 4236 2837 4304 potestatem
2887 4233 3096 4303 Patris,
3128 4240 3185 4292 et
3231 4236 3358 4292 Filii
3410 4239 3596 4310 fateri,
3641 4246 3700 4298 et

2055 4324 2388 4392 compertus
2415 4321 2499 4376 sis
2527 4319 2641 4392 ipsi
2673 4321 2826 4377 beati
2859 4321 3094 4380 Luciani
3127 4326 3499 4400 confessioni,
3520 4345 3699 4402 quam

2052 4408 2710 4482 opponebas,contraria
2735 4410 2952 4468 sentire
2973 4411 3000 4466 ?
3018 4412 3223 4470 Maced.
3257 4414 3374 4487 Ego
3395 4414 3478 4473 ita
3501 4418 3696 4490 credo,

290 4503 718 4578 καὶδυνάμεως,
769 4502 860 4557 καὶ
911 4498 1069 4571 δόξης
1119 4496 1541 4575 ἀπαράλλακτον
1593 4495 1789 4551 εἶ’κόνα·
1840 4497 1939 4566 τήν

2068 4504 2117 4555 1t
2146 4500 2354 4555 beatus
2385 4498 2698 4569 Lucianus,
2713 4503 2769 4554 et
2794 4498 2976 4557 fateor
3002 4500 3321 4574 imaginem
3353 4506 3697 4564 substantiae

289 4596 458 4666 αὑτήν
489 4595 551 4650 οῦ
583 4593 730 4669 λέγω
775 4590 900 4648 οὑδὲ
948 4591 1154 4658 οὐσίαν,
1206 4585 1330 4644 οὐδὲ
1373 4588 1620 4657 θεότητα,
1654 4584 1780 4642 οὑδὲ
1814 4587 1940 4662 βου-

289 4684 420 4755 λὴν,
481 4684 607 4740 οὕτε
660 4681 906 4757 δύναμιν,
965 4681 1089 4736 οὑτε
1147 4677 1327 4751 δόξαν.
1388 4679 1536 4754 Ὀρθ.
1601 4681 1792 4748 Σαυτῷ
1850 4673 1939 4730 οῦν

286 4774 500 4830 ἐναντία
532 4773 714 4849 λέγεις
746 4772 836 4827 καὶ
866 4775 945 4844 τῷ
999 4768 1244 4844 μακαρίῳ
1295 4771 1596 4838 Λουκιανῷε
1631 4765 1720 4820 καὶ
1761 4759 1942 4840 ὥσπερ

285 4865 339 4919 οἱ
375 4866 678 4938 Μανιχαῖοι
741 4861 832 4917 καὶ
891 4861 1119 4936 Φρύγες,
1176 4857 1267 4912 καὶ
1328 4863 1494 4911 πᾶσαι
1551 4855 1782 4932 αἱρέσεις
1833 4857 1945 4930 (23)

285 4952 564 5030 λέγουσιν,
599 4951 770 5012 οὕτως
801 4949 1147 5022 πιστεύομεν,
1189 4949 1262 5009 ὡς
1315 4948 1367 5000 οἱ
1415 4943 1736 5000 ἀπόστολοι⁹
1771 4943 1946 5014 ἐξετα-

285 5043 511 5115 ζόμενοι
562 5038 640 5113 δὲ,
694 5040 902 5096 ἐναντία
953 5036 1289 5111 εὑρίσκονται
1344 5035 1605 5109 λέγοντες·
1657 5033 1799 5088 οὕτω
1855 5032 1944 5088 καὶ

280 5132 448 5192 αὑτὸς
476 5136 672 5191 ποιεῖς.
700 5129 794 5184 Καὶ
828 5125 1100 5184 Ἰουδαίων
1132 5123 1190 5180 δὶ
1219 5123 1362 5180 ἔστιν
1396 5124 1645 5192 ἀκοῦσαι,
1678 5122 1760 5178 ὅτι
1792 5122 1946 5177 Οὕτω

285 5221 642 5294 πιστεύομεν,
676 5219 749 5280 ὡς
780 5219 808 5274 ὁ
842 5216 1104 5293 μακάριος
1153 5221 1357 5284 Μωσῆς
1405 5211 1495 5268 καὶ
1546 5213 1597 5267 οἱ
1646 5217 1944 5290 προφῆται,

356 5455 382 5490 ⁸
417 5454 584 5510 Deut.
613 5468 695 5521 v1,
723 5452 776 5507 6.
852 5449 875 5486 ⁸
905 5449 1016 5507 Job
1043 5465 1125 5520 Ix,
1156 5449 1211 5505 8.
1288 5448 1310 5482 ⁸
1337 5445 1542 5506 Matth.
1576 5462 1653 5515 IV,
1689 5445 1776 5503 10.

361 5677 477 5755 (23)
508 5673 915 5750 Manuscripti,
944 5677 1088 5731 πᾶσα
1115 5668 1346 5748 αἵρεσις.

618 5805 878 5870 Parant.
930 5803 1039 5868 Gn.
1089 5799 1362 5868 XXVIII.

2050 4593 2108 4644 et
2155 4587 2404 4655 consilii,
2453 4594 2508 4643 et
2554 4589 2878 4659 potestatis,
2929 4595 2986 4645 et
3037 4589 3233 4664 gloriae
3282 4592 3631 4654 invariatam
3680 4615 3694 4655 :

2051 4678 2317 4734 eamdem
2350 4682 2546 4732 tamen
2579 4677 2974 4734 substantiam
3023 4696 3138 4735 non
3170 4681 3322 4752 dico,
3356 4701 3546 4757 neque
3576 4685 3696 4742 dei-

2050 4771 2251 4834 tatem,
2286 4783 2476 4837 neque
2505 4767 2658 4823 idem
2693 4767 3026 4839 consilium,
3060 4785 3248 4842 neque
3296 4775 3563 4830 eamdem
3595 4793 3699 4848 po-

2054 4860 2350 4924 testatem,
2386 4871 2568 4926 neque
2615 4856 2885 4928 gloriam.
2921 4856 3072 4913 Orth.
3113 4859 3312 4931 Itaque
3359 4867 3417 4917 et
3446 4862 3556 4919 tibi
3586 4864 3699 4936 ipsi

2053 4950 2112 5002 et
2143 4947 2308 5001 beato
2360 4945 2614 5000 Luciano
2669 4946 3022 5002 contradicis
3055 4966 3068 5004 :
3102 4952 3701 5021 et'quemadmodum

2053 5033 2356 5089 Manichaei
2388 5037 2446 5088 et
2477 5033 2752 5106 Phryges,
2787 5052 3107 5107 omnesque
3137 5039 3282 5094 adeo
3325 5039 3577 5099 haereses
3605 5042 3699 5098 di-

2055 5123 2286 5190 ctitant,
2321 5122 2637 5190 credimus,
2672 5129 2734 5177 ut
2766 5125 2948 5180 sancti
2983 5127 3229 5198 apostoli
3275 5130 3649 5188 crediderunt
3681 5149 3695 5188 :

2055 5212 2157 5267 ubi
2187 5214 2385 5266 autem
2433 5209 2863 5279 examinantur,
2896 5215 3184 5274 contraria
3229 5217 3423 5276 dicere
3465 5235 3696 5291 compe-

1851 5444 1874 5480 ⁶
1905 5443 2072 5500 Deut.
2102 5458 2182 5514 v1,
2212 5443 2268 5499 5.

3307 5795 3390 5864 39

3949 0 4026 18 ...νη

3889 55 3902 74 ι
3933 49 4034 74 ’-εὶ-

3887 75 3952 92 .s.~
3993 77 4024 98 ,-

3953 105 4044 128 ’ωτι

3893 141 3906 152 ι
3955 127 4034 160 :>',

3909 171 3916 178 ’
3979 179 3988 182 .

3895 193 3912 200 ρ
3997 189 4048 200 τ·-

3907 223 3916 228 .
3963 201 3978 208 "
4017 209 4030 228 ς

4035 235 4046 242 .

4025 329 4048 358 ζ

3973 379 3980 394 ⁵
4033 373 4052 384 ,ο

3907 411 3914 418 ο
3985 397 4012 416 ⁸ο

4017 419 4056 436 ,τί

3955 451 3998 476 ’.ο

3981 537 3990 544 ο
4049 509 4062 534 ’1

3969 569 3974 572 _
4001 567 4008 572 ,
4045 559 4050 568 1

3963 587 3968 592 ς
4001 579 4034 594 _.’
4065 577 4072 586 “’

4043 595 4050 604 ι

4021 625 4048 632 -.

3919 671 3950 688 κ’

3885 701 3888 704 ’
4021 697 4030 716 ο

4005 741 4058 764 ...π

4017 875 4056 892 ⁴1

3967 919 4004 944 -ἔῆ
4039 917 4066 944 ἦ.

4021 943 4048 956 ν..

4025 971 4040 982 η

3909 1003 3914 1010 ι
3957 1001 3966 1010 .
4011 985 4068 1014 ,ζ’

3967 1025 3980 1042 'o
4017 1023 4040 1038 ’-

3879 1049 3896 1063 ’
4029 1045 4068 1088 σξ-

3951 1075 3958 1082 .
4025 1075 4062 1090 .,

3983 1115 4068 1140 κίε

3889 1163 3894 1168 ς
3937 1167 3940 1170 ,
4039 1149 4052 1166 ὐ

3967 1171 3984 1192 4
4029 1177 4064 1208 λι

3973 1209 4016 1224 ,_
4061 1211 4064 1216 .

4045 1233 4070 1252 θ.

4003 1261 4010 1266 .
4057 1275 4072 1290 Γ

4043 1299 4060 1310 ο.

4055 1331 4060 1338 .

4021 1381 4068 1404 ‘5

3947 1419 3952 1424 ι
3991 1411 4010 1426 θ’
4071 1423 4076 1428 ,

4078 5387 4083 5716 |
