4092 6218
424 310 575 369 i227

1589 302 1652 360 S.
1700 297 2220 363 ATHANASIUS.
2258 335 2329 343 —
2363 294 2671 365 SPUlllA.

3682 298 3711 358 1
3724 296 3844 359 228

423 444 678 509 riuntur,
726 440 801 495 ita
834 443 890 495 et
937 441 999 494 tu
1032 436 1194 494 facis.
1232 438 1352 492 Imo
1400 437 1574 492 etiam
1606 452 1675 491 ex
1720 434 1935 490 Judaeis
1964 452 2053 490 au«

2182 434 2271 489 καὶ
2330 433 2379 488 ἐν
2430 441 2549 496 ταῖς
2609 433 2933 511 ἐρωτήσεσιν
3001 432 3159 489 αὐτὸν
3214 432 3304 489 τὸν
3351 431 3837 512 προφητευόμενον

419 536 541 589 dire
572 532 707 586 licet
738 548 750 586 :
786 530 871 583 Ita
900 527 1217 593 credimus,
1252 530 1316 580 ut
1364 526 1569 580 beatus
1600 525 1790 580 Moses
1835 527 1892 579 et
1921 540 2064 596 pro-

2180 522 2517 599 εὑρίσκονται
2548 526 2976 602 σταυρώσαντες.

420 624 626 697 pbetaa,
662 636 806 693 quos
858 623 1051 674 tamen
1105 616 1151 671 si
1184 616 1524 688 interroges,
1577 613 1942 686 reperientur
1988 630 2123 669 eum
2175 614 2393 686 ipsum,
2428 617 2497 672 de
2547 634 2661 689 quo
2704 616 3004 673 vaticinati
3053 618 3193 671 sunt
3243 612 3561 688 prophetm,
3596 611 3838 668 cruciﬁ-

420 728 597 768 11886.

496 801 650 857 450
683 799 769 854 16.
795 796 1127 852 Maced.Nos
1147 793 1400 849 dicimus
1424 792 1632 847 Filium
1660 808 1788 848 esse
1822 792 2074 848 invaria-

424 897 545 947 tam
570 889 885 960 imaginem
910 885 1329 952 substantiam!
1348 881 1663 946 eonsilii,et
1685 882 2077 954 potestatis,et

424 978 619 1053 gloria:
644 977 971 1043 Patris,non
1001 973 1252 1028 dicimus
1277 976 1466 1026 tamen
1496 987 1621 1026 esse
1646 987 1713 1026 ex
1738 970 1922 1025 Patris
1941 971 2074 1026 sub-

425 1069 660 1133 stantia,
696 1081 884 1137 neque
914 1063 1179 1118 eamdem
1213 1058 1625 1128 substantiam,
1658 1064 1715 1115 et
1744 1060 1899 1116 idem
1934 1076 2070 1115 con-

423 1157 917 1222 silium,eamdem
952 1156 1301 1224 potestatem
1333 1156 1388 1204 et
1417 1149 1979 1222 gloriam.Superest
2012 1153 2073 1204 ut

422 1246 658 1316 dicas,si
685 1243 974 1316 potes,ubi
999 1241 1282 1312 scriptum
1302 1238 1682 1310 sit,Spiritum
1705 1255 1832 1294 esse
1867 1245 2066 1295 Deum.

426 1336 540 1390 Dic.
573 1333 719 1397 Quid
755 1348 844 1387 me
877 1330 1154 1403 paulatim
1207 1327 1463 1383 enecas?
1496 1328 1644 1383 Orlh.
1680 1329 1822 1383 Cum
1873 1333 1929 1383 te
1960 1328 2068 1384 tibi

418 1424 526 1497 ipsi
560 1437 886 1494 repugnare
917 1418 1308 1484 ostenderem,
1346 1423 1409 1472 ut
1440 1419 1735 1472 auditores
1769 1423 2071 1487 norunt,ot

419 1514 458 1567 ii
492 1513 866 1583 cognoscent,
898 1507 997 1579 qui
1050 1507 1169 1561 hznc
1222 1509 1362 1559 sunt
1410 1518 1612 1577 postea
1665 1504 1893 1574 lecturi,
1928 1510 2067 1561 tunc

420 1603 594 1657 etiam
627 1598 855 1655 ostendi
884 1594 1555 1665 Paracletum,8piritum
1587 1593 1751 1648 illum
1784 1594 2066 1661 veritatis,

419 1706 548 1745 esse
601 1690 807 1758 Deum,
853 1692 910 1741 et
954 1686 1246 1757 opiﬁcem,
1279 1689 1334 1737 et
1381 1682 1693 1737 viviticum.
1748 1682 1949 1738 Macati.
2004 1682 2063 1738 Si

418 1779 506 1835 vel
541 1794 723 1833 unum
757 1777 1002 1831 istorum
1035 1771 1379 1835 ostenderis.
1414 1772 1547 1827 (iam
1593 1772 2063 1828 consubstantia-

2257 796 2342 849 16.
2376 791 2574 850 Μακεδ.
2609 796 2799 868 Ἡμεῖς
2833 793 3038 865 οὐσίας,
3061 791 3149 847 καὶ
3177 791 3500 868 βουλῆς,καί
3528 788 3841 863 δυνάμεως,

2181 881 2269 935 καὶ
2304 880 2486 952 δόξης,
2512 881 2930 955 ἀπαράλλακτον
2962 882 3142 937 εἰκόνα
3173 879 3405 957 λὲγομεν
3448 882 3539 936 τὸν
3574 880 3700 934 ria»
3742 883 3842 933 τοῦ

2183 972 2416 1045 Πατρός·
2453 970 2574 1027 οὔτε
2605 969 2661 1027 δὲ
2694 972 2752 1028 ἐκ
2778 980 2880 1043 τῆς
2914 972 3096 1035 οὐσίας
3129 971 3381 1046 λέγομεν,
3408 969 3529 1026 οὔτε
3552 972 3648 1039 τήν
3667 969 3838 1037 α-Βτῆν

2182 1060 2387 1131 οὗσέαν,
2419 1062 2507 1116 καὶ
2544 1060 2772 1137 βουλὴν,
2805 1064 2893 1117 καὶ
2928 1059 3179 1137 δύναμιν,
3212 1061 3300 1117 καὶ
3348 1058 3762 1132 δόξαν,Λοιπὸν,
3795 1059 3844 1113 εἰ

2181 1146 2328 1225 ἔχεις
2373 1151 2566 1221 εἰπεῖν,
2598 1156 2703 1206 ποῦ
2734 1153 3056 1229 γέγραπται,
3108 1153 3239 1214 Θεὸς
3288 1150 3350 1207 τὸ
3400 1152 3640 1222 Πνεῦμα,
3696 1145 3838 1203 εἴτι-ἑ.

2177 1239 2237 1293 Τί
2272 1260 2338 1312 με
2368 1242 2557 1310 σήπεις
2592 1260 2604 1309 ;
2641 1241 2785 1314 Ὀρθ.
2834 1244 2962 1299 ’Ὁτι
3014 1238 3205 1315 ἔδειξα,
3257 1240 3340 1297 ὅτι
3393 1239 3571 1310 σαυτῷ
3622 1235 3842 1292 ἐναντία

2178 1325 2376 1403 λέγεις,
2410 1329 2483 1392 ὡς
2517 1331 2567 1384 οἰ
2600 1329 2857 1404 ἀκροαταὶ
2891 1328 3054 1403 ἴσασι,
3088 1330 3177 1385 καὶ
3210 1332 3263 1384 οἱ
3312 1329 3443 1404 μετᾶ
3483 1332 3651 1383 ταῦτα
3702 1327 3845 1381 ἀνα-

2177 1418 2535 1491 γινώσκοντες
2578 1419 2899 1495 γνώσονται,
2931 1418 3054 1475 τότε
3104 1417 3375 1493 δεῖκιυμι,
3437 1417 3518 1472 ὅτι
3566 1416 3656 1471 καὶ
3705 1415 3843 1477 Θεὸς

2176 1507 2263 1560 καὶ
2311 1506 2534 1578 κτίστης
2592 1508 2680 1563 καὶ
2744 1508 3013 1578 ζωοποιός
3074 1508 3213 1565 ἐστιν
3269 1510 3297 1563 ὁ
3358 1507 3721 1584 Παράκλητος
3772 1505 3843 1559 τὸ

2179 1601 2397 1670 Πνεῦμα
2450 1604 2550 1667 τῆς
2609 1596 2888 1667 ἀληθείας.
2952 1594 3153 1653 Μακεδ.
3216 1596 3321 1652 Κέἰν
3370 1596 3425 1651 ἓν
3460 1598 3572 1670 (24)
3619 1595 3840 1650 τούτων

2174 1680 2383 1759 δείξῃς,
2444 1685 2666 1761 γίνομαι
2724 1688 3164 1758 ὁμοουσιαστής.
3228 1687 3387 1762 ὈρΘ.
3439 1685 3552 1739 Τίνι
3613 1684 3761 1739 εἶπεν
3810 1689 3840 1740 ὁ

2173 1775 2320 1836 Θεός’
2352 1800 2378 1825 ι(
2427 1778 2750 1849 Ποιήσωμεν
2800 1773 3080 1851 ἄνθρωπον
3142 1777 3257 1830 κατ’
3316 1774 3496 1830 εἰκόνα
3552 1775 3836 1849 ἡμετέραν

416 1869 572 1924 lista.
605 1871 768 1926 Orth.
822 1864 1065 1918 Cuinam
1115 1861 1260 1916 dixit
1308 1861 1460 1915 Deus
1496 1877 1507 1913 :
1542 1882 1569 1909 «
1606 1860 1908 1915 Faciamus
1960 1860 2053 1915 bo-

2170 1863 2260 1919 καὶ
2290 1865 2407 1917 καθ’
2439 1864 2701 1936 ὁμοίωσιν
2737 1884 2750 1934 ;
2787 1888 2813 1915 ››
2846 1862 3048 1922 Μακεδ.
3082 1866 3141 1922 Ὁ
3178 1865 3307 1926 Θεὸς
3336 1864 3424 1919 καὶ
3466 1866 3658 1939 Ιῐατὴρ
3709 1864 3839 1919 ἔλε-

420 1960 638 2014 minem
672 1956 740 2010 ad
776 1953 1091 2024 imaginem
1124 1956 1181 2006 et
1212 1950 1659 2005 similitudinem
1695 1950 2064 2005 nostraml?»

417 2047 615 2103 Maced.
669 2045 822 2099 Deus
872 2044 1041 2098 Pater
1076 2040 1181 2095 hoc
1231 2038 1372 2093 dicit
1406 2038 1545 2093 Filio
1594 2044 1723 2093 Deo.
1778 2038 1938 2097 Orlh.
1989 2040 2065 2095 Ex

418 2155 483 2194 eo
533 2138 679 2208 ipso,
713 2133 863 2205 quod
915 2131 1183 2186 effectum
1236 2133 1343 2192 cst,
1379 2144 1696 2199 possumus
1743 2126 2065 2199 intelligere

415 2227 651 2282 cuinam
686 2223 740 2277 id
770 2220 978 2276 dixerit
1009 2217 1163 2291 quod
1200 2222 1400 2289 postea
1432 2217 1703 2271 effectum
1738 2217 1862 2271 fuit.
1890 2217 2065 2271 Estne

416 2316 589 2370 homo
624 2313 694 2368 ad
730 2309 1046 2382 imaginem
1085 2306 1178 2362 Dei
1211 2306 1418 2373 factus,
1450 2321 1641 2359 annon
1670 2304 1697 2358 ?
1728 2304 1921 2360 Mared.
1960 2305 2060 2359 Est

418 2419 579 2460 sane.
614 2402 763 2459 Orth.
800 2398 900 2454 Dic
931 2397 1113 2469 igitur
1146 2412 1159 2451 ι
1195 2395 1343 2452 Num
1383 2398 1572 2465 potest
1605 2393 1775 2448 homo
1804 2411 1933 2449 esse
1968 2396 2062 2449 Dei

419 2495 634 2565 imago,
664 2505 796 2545 cum
830 2505 944 2542 non
978 2486 1049 2542 sit
1082 2484 1371 2556 perfectus
1404 2499 1415 2538 :
1450 2488 1505 2537 et
1538 2498 1676 2536 num
1716 2487 1896 2553 potest
1934 2500 2062 2554 per-

423 2587 606 2641 fectus
638 2598 786 2647 esse,
819 2595 989 2650 quem
1021 2576 1268 2649 Spiritus
1301 2579 1540 2629 sanctus
1572 2590 1685 2628 non
1729 2576 2061 2629 sanctiﬁca-

424 2673 545 2729 rit?
568 2669 995 2730 Maredﬂmnes
1027 2666 1204 2738 igitur
1236 2664 1501 2719 homines
1537 2663 1747 2717 habent
1777 2662 2061 2733 Spiritum

422 2766 689 2820 sanctum
717 2756 975 2814 ?0rth.Si
1008 2770 1212 2812 omnes
1234 2758 1369 2807 sunt
1389 2751 1712 2806 secundum
1744 2750 2059 2821 imaginem

420 2852 679 2928 perfecti,
706 2864 910 2904 omnes
941 2828 1172 2917 quoque
1203 2841 1485 2913 Spiritum
1519 2845 1788 2894 sanetum
1822 2839 2057 2895 habent.

417 2944 629 3000 Maccd.
664 2940 879 2996 Omnes
912 2935 1128 2990 habent
1160 2931 1325 2986 illum
1360 2929 1683 2984 secundum
1719 2928 2057 2999 imaginem.

416 3034 566 3091 Orth.
620 3027 919 3095 Quomodo
966 3023 1144 3095 igitur
1198 3019 1407 3075 Paulus
1460 3019 1694 3089 inquit:
1747 3041 1774 3067 «
1808 3017 1877 3072 Ut
1928 3018 2058 3073 sitis

412 3121 738 3178 secundum
790 3113 1105 3185 imaginem
1154 3110 1302 3178 ejus,
1345 3108 1443 3181 qui
1494 3106 1755 3163 condilit
1803 3124 1901 3161 vos
1931 3106 1993 3160 8‘.’
2026 3130 2053 3156 ››

412 3216 470 3267 et
502 3209 635 3265 alibi
673 3224 723 3261 ιι(
753 3206 914 3259 Sicut
943 3198 1306 3273 portavimus
1331 3197 1642 3268 imaginem
1679 3197 2052 3267 terreni,por-

2173 1973 2233 2028 γε
2274 1957 2352 2005 τῶ
2401 1954 2511 2024 1Ἵῷ
2560 1952 2646 2007 καὶ
2693 1954 2830 2025 Θεῷ.
2876 1954 3020 2029 Ὀρθ.
3070 1960 3192 2009 Ἀπ’
3238 1952 3403 2009 αὐτοῦ
3450 1957 3547 2007 τοῦ
3595 1953 3837 2029 γεγονό-

2172 2062 2265 2103 τος
2300 2038 2568 2113 δυνάμεθα
2614 2046 2837 2117 γνῶναι,
2877 2042 2983 2096 τίνι
3036 2038 3187 2119 ἔλεγε
3234 2043 3297 2097 τὸ
3340 2042 3590 2117 γεγονός.
3624 2043 3690 2098 Ὀ
3740 2040 3837 2096 ἇν-

2175 2131 2391 2205 Ορωπος
2432 2129 2637 2205 ἐγένετο
2680 2136 2796 2185 κατ’
2845 2130 3025 2186 εἰκόνα
3073 2136 3231 2202 Θεοῦ,
3264 2132 3297 2200 ἢ
3332 2129 3395 2187 οὗ
3428 2150 3441 2200 ;
3475 2127 3680 2187 Μακεδ.
3734 2131 3837 2184 Καὶ

2172 2218 2329 2275 πάνυ.
2384 2220 2540 2295 Ὀρθ.
2596 2219 2731 2273 Εἰπὲ
2786 2218 2901 2291 οῦν,
2952 2220 2999 2275 εἷ’
3040 2218 3253 2275 δόναται
3302 2220 3459 2275 εἰκὼν
3509 2223 3643 2276 Θεοῦ
3698 2219 3837 2275 εἶναι

2174 2309 2480 2384 ἄνθρωπος,
2518 2310 2593 2381 μή
2646 2308 2717 2362 ὣν
2771 2306 2975 2383 ἄρτιος*
3028 2310 3116 2363 καί
3175 2309 3221 2364 ei
3271 2307 3489 2363 δύναται
3542 2308 3679 2363 εἶναι
3732 2312 3832 2385 ἄρ-

2170 2418 2307 2467 τιος,
2338 2399 2419 2465 τὶή
2452 2397 2727 2471 ἀγιασΟείς
2768 2403 2848 2469 τῷ
2897 2398 3165 2472 Πνεῦματι
3199 2406 3298 2468 τῆς
3339 2398 3669 2473 ἁγιωσύνης.
3708 2405 3828 2453 Μα-

2171 2482 2283 2542 κεδ.
2320 2486 2419 2542 Καὶ
2452 2487 2642 2549 πάντες
2675 2485 2765 2540 οῦν
2809 2488 2860 2540 οἱ
2910 2486 3184 2563 ἄνθρωποι
3220 2490 3437 2560 Πνεῦμα
3468 2488 3617 2563 ἅγιον
3653 2482 3830 2563 ἔχου-

2171 2597 2250 2629 σιν
2288 2598 2302 2646 ς
2338 2577 2485 2650 Ὀρθ.
2548 2574 2609 2632 Εἰ
2668 2574 2859 2637 πάντες
2918 2575 3018 2630 εἰσί
3078 2584 3192 2631 κατ’
3248 2577 3427 2631 εἰκόνα
3477 2578 3680 2652 ἄρτιοι,
3735 2576 3829 2631 καὶ

2171 2666 2363 2726 πάντες
2452 2668 2673 2736 Πνεῦμα
2756 2666 2907 2739 ἅγιον
2994 2661 3233 2741 ἔχουσιν.
3314 2663 3542 2722 Μακεδ.
3618 2668 3829 2727 Πάντες

2172 2751 2364 2828 ἔχουσι
2393 2754 2454 2808 τὸ
2485 2754 2600 2807 κατ’
2630 2753 2829 2810 εἰκόνα.
2866 2754 3012 2829 Ὀρθ.
3050 2756 3176 2816 ΙΙῶς
3211 2752 3300 2808 οῦν
3334 2755 3362 2807 ὁ
3390 2755 3545 2829 ἅγιος
3604 2753 3830 2816 Παῦλος

2172 2841 2339 2917 λέγει’
2381 2866 2401 2894 ι
2452 2845 2639 2903 Ἵὶπως
2690 2841 2919 2917 γένησθε
2974 2844 3091 2898 κατ’
3150 2843 3330 2898 εἰκόνα
3382 2847 3479 2898 τοῦ
3536 2843 3828 2906 κτῖσαντος

2171 2932 2308 3003 ὑμᾶς
2346 2950 2359 2999 ;
2395 2956 2421 2981 ››
2455 2931 2540 2984 καὶ
2575 2930 2626 2985 ἐν
2658 2929 2870 2993 ἄλλοις*
2907 2956 2933 2983 ‹‹
2964 2932 3062 2986 Καὶ
3116 2934 3289 2997 καθὼς
3343 2930 3675 3009 ἐφορέσαμεν
3722 2934 3827 3001 τήν

2169 3020 2347 3075 εἰκόνα
2388 3024 2485 3075 τοῦ
2534 3025 2752 3096 χοϊκοῦ,
2798 3020 3111 3098 φορέσωμεν
3162 3022 3261 3090 τὴν
3312 3021 3491 3076 εἰκόνα
3534 3026 3630 3076 τοῦ
3664 3021 3828 3076 ἐπου-

2168 3108 2353 3185 ρανίου
2388 3128 2455 3177 ;››
2508 3105 2708 3164 Μακεδ.
2761 3109 2876 3165 Οὐκ
2924 3108 3080 3182 ἐσμὲν
3124 3108 3215 3164 οῦν
3268 3110 3460 3172 πάντες
3512 3112 3629 3165 κατ’
3671 3110 3825 3165 εἰκό-

2308 3200 2320 3219 ,
2597 3200 2609 3213 .
2783 3198 2792 3213 .
3077 3196 3102 3215 ν
3372 3199 3387 3217 .
3563 3201 3573 3216 .
3796 3204 3820 3214 -

2166 3220 2228 3252 να
2261 3218 2273 3268 ;
2326 3200 2456 3271 ΟρΟ.
2491 3199 2555 3251 Oi
2586 3218 3007 3274 αμαρτανοντες,
3040 3219 3123 3253 ου’
3162 3200 3212 3253 οἱ
3246 3197 3301 3254 δὲ
3331 3221 3424 3261 τας
3468 3201 3689 3274 πραξεις
3722 3222 3825 3254 του

2085 3248 2126 3314 C

2165 3288 2417 3358 σώματος
2465 3288 2835 3354 θανατοῦντες,
2883 3288 2971 3342 καὶ
3023 3285 3458 3363 ἐνδιδυσκόμενοι
3508 3289 3599 3343 τὸν
3628 3288 3822 3343 καινὸν

2160 3375 2465 3449 ἄνθρωπον,
2515 3377 2605 3430 τὸν
2657 3377 2790 3431 κατὰ
2838 3378 2965 3431 Θεὸν
3014 3374 3317 3445 κτισθέντα,
3351 3376 3538 3453 ἔχουσι
3592 3379 3655 3431 τὸ
3701 3381 3827 3433 κατ’

2158 3464 2356 3520 εἰκόνα.
2394 3468 2655 3526 Τοιοῦτος
2700 3465 2800 3541 γὰρ
2845 3468 2909 3534 ἢν
2943 3467 2969 3520 ὁ
3004 3464 3181 3540 Ἀδὰμ
3211 3468 3316 3543 πρὸ
3357 3473 3457 3536 τῆς
3502 3474 3817 3541 παρακοῆς.

2158 3553 2392 3615 Ἐκεῖνος
2427 3552 2515 3607 οῦν
2568 3555 2595 3608 ὁ
2639 3556 2753 3608 κατ’
2804 3553 2978 3609 εἰκόνα
3025 3561 3121 3609 τοῦ
3151 3561 3284 3610 Θεοῦ
3329 3557 3563 3619 κτισθείς
3598 3556 3816 3632 ἄνθρω-

2155 3663 2254 3704 πος
2288 3643 2431 3717 παρᾶ
2490 3644 2726 3718 ΙΙατρὸς,
2784 3645 2871 3698 καὶ
2930 3646 3078 3715 Υἱοῦ,
3127 3645 3215 3700 καὶ
3278 3646 3431 3721 ἁγίου
3492 3645 3818 3719 ΙΙνεῦματος

403 3744 744 3817 imaginem.
797 3737 1096 3809 competit.
1132 3732 1290 3789 Talis
1342 3731 1495 3787 enim
1529 3735 1652 3785 erat
1695 3732 1876 3784 Adam
1910 3738 2046 3786 ante

2166 3731 2391 3802 ἐκτίσθη.
2425 3757 2451 3783 ι(
2504 3734 2899 3805 Ποιήσωμεν»
2950 3734 3072 3809 γαρ,
3127 3737 3292 3806 εἶπεν,
3338 3733 3427 3788 ’ἕνα
3474 3736 3573 3803 τήν
3628 3737 3821 3809 συνέρ-

404 3830 955 3906 transgressionem.
992 3826 1171 3880 llomo
1214 3822 1390 3894 igitur
1421 3819 1516 3875 ille
1547 3819 1868 3874 secundum
1896 3818 2043 3875 ima-

2166 3842 2297 3896 (ειαν
2350 3818 2493 3895 εἷ’πῃ,
2545 3820 2695 3897 οὐχὶ,
2726 3824 3024 3893 Ποιήσατε,
3050 3822 3140 3878 ’ἱνα
3174 3825 3251 3893 μὴ
3303 3823 3365 3878 σὺ
3398 3823 3563 3880 πάλιν
3605 3824 3817 3901 ὑπουρ-

397 3924 592 3995 ginem
648 3917 748 3975 Dei
799 3920 1049 3983 creatus,
1084 3930 1116 3968 a
1162 3912 1346 3977 Patre,
1399 3913 1455 3965 et
1508 3907 1667 3975 Filio,
1718 3912 1774 3963 et
1822 3907 2040 3979 Spiritu

2166 3911 2245 3984 τὸν
2279 3910 2367 3964 καί
2401 3910 2714 3987 λειτουργὸν
2751 3908 2926 3985 εἴπῃς.

394 4018 601 4070 sancto
629 4013 857 4066 creatus
889 4010 998 4061 est.
1050 4002 1203 4058 Dixit
1234 4000 1411 4067 enim,
1445 4021 1471 4049 ‹‹
1507 3998 1831 4065 Faciamus,
1866 4021 1891 4047 ›ι
1926 4003 1991 4054 ut
2040 4002 2505 4074 cooperationem
2560 4002 2900 4072 declararet,
2938 4020 3051 4059 non
3106 4009 3324 4073 autem,
3372 4004 3586 4072 Facite,
3624 4024 3696 4062 ne
3746 4013 3813 4063 tu

394 4118 602 4160 rursus
631 4098 1082 4156 subordinstum
1113 4092 1438 4164 operarium
1471 4094 1528 4144 et
1559 4088 1893 4143 ministrum
1926 4088 2109 4147 dicas.

470 4195 554 4247 17.
589 4188 785 4246 Maced.
820 4185 1099 4258 Spiritum
1134 4184 1404 4239 sanctum
1437 4177 1583 4233 dicis
1613 4177 1796 4233 Patris
1827 4184 1884 4233 et
1916 4178 2042 4233 Filii

2225 4180 2312 4234 47.
2347 4177 2545 4236 Μακεδ.
2579 4179 2647 4234 T6
2708 4181 2931 4253 Πνεῦμα
2984 4182 3047 4235 τὸ
3105 4181 3254 4255 ἅγιον
3314 4182 3562 4256 συνεργὸν
3624 4182 3808 4258 λέγεις

396 4283 727 4353 adjutorem
764 4282 822 4332 et
852 4275 1043 4347 Operis
1075 4271 1296 4327 socium
1322 4269 1350 4323 ‘I
1380 4268 1553 4339 Atqui
1586 4267 1885 4338 Scriptura
1908 4284 2043 4322 san-

2166 4267 2366 4342 [Ιατρὸς
2397 4268 2485 4322 καὶ
2521 4268 2645 4322 Υἰοῦ
2680 4288 2694 4337 ς
2727 4269 2788 4323 Ἡ
2818 4270 3001 4347 Γραφὴ
3051 4266 3108 4323 δὲ
3155 4268 3244 4324 καὶ
3292 4269 3419 4331 τοὺς
3454 4270 3638 4346 ἁγίους
3672 4273 3809 4329 ἀπο⁴

396 4342 519 4427 etes
546 4367 723 4424 etiam
755 4342 1050 4438 apostolos
1079 4371 1238 4417 vocat
1272 4359 1587 4430 adjutores.
1620 4357 1781 4414 Orth.
1819 4377 1843 4407 ιι
1876 4356 2045 4412 Nam-

2166 4355 2378 4419 πόλους
2410 4354 2697 4432 συνεργοὺς
2729 4342 2903 4414 καλεῖ.
2940 4342 3087 4433 ἰΟρϐ.
3129 4382 3155 4413 α
3186 4357 3308 4427 Nai,
3363 4358 3439 4421 εἰς
3485 4342 3586 4428 τὴν
3620 4381 3805 4433 σωτηο

2148 4444 2262 4520 ρίαν
2321 4450 2428 4500 τῶν
2482 4445 2883 4519 σωζομξνων,››
2936 4445 2996 4500 οὗ
3060 4448 3169 4520 μὴν
3220 4447 3297 4509 εἰς
3352 4449 3453 4516 τὴν
3504 4446 3749 4527 δημιουρ
3783 4485 3807 4494 ο

2144 4534 2263 4608 γίαν
2314 4534 2647 4607 κτισμάτων.
2680 4537 2742 4589 Οἱ
2787 4535 2880 4609 μὶν
2930 4533 3021 4590 οὖν
3236 4535 3533 4592 ἀπόστολοι
3586 4539 3662 4601 εἰς
3696 4543 3802 4611 τήν

2145 4623 2412 4699 σωτηρίαν
2441 4628 2548 4678 τῶν
2600 4622 2899 4699 ἀνθρώπων
2956 4626 3224 4701 συνεργοὶ,
3260 4624 3447 4695 ἐπειδή
3498 4632 3595 4681 τοῦ
3630 4630 3803 4685 ΙΙνεῦο

2146 4733 2313 4784 ματος
2344 4715 2477 4781 ἦσαν
2531 4712 2622 4767 καὶ
2682 4712 2812 4767 εἰσὶν
2871 4713 3015 4775 ναός·
3051 4713 3181 4769 αὐτὸ
3239 4712 3296 4769 δὲ
3343 4715 3403 4769 τὸ
3460 4717 3685 4789 Πνεῦμα
3718 4717 3802 4780 εἷς

2618 4801 2803 4859 Musz
2841 4849 2853 4861 .
2916 4802 3011 4857 Kui
3071 4798 3217 4879 ἔχεις
3282 4825 3375 4878 μοι
3433 4801 3646 4874 δεῖξαι,
3705 4805 3801 4862 ὅτε

2140 4892 2471 4967 συνήργησεν
2534 4890 2609 4953 εἰς
2651 4892 2751 4960 τὴν
2814 4888 3175 4966 δημιουργίαν
3230 4898 3338 4947 τῶν
3385 4892 3689 4969 ἀνθρώπων
3734 4895 3798 4950 τὸ

2138 4982 2358 5053 Πνεῦμα
2391 4998 2404 5045 ;
2443 4981 2589 5054 Ὀρθ.
2642 4979 2936 5039 Δέδεικται.
2988 4978 3195 5039 Μακεδ.
3251 4984 3377 5045 ΙΙῶς
3413 5003 3426 5053 ;
3464 4984 3613 5057 Ὀρθ.
3664 4984 3795 5039 ’Ὁτι

2136 5069 2223 5123 τὸν
2276 5069 2556 5133 κτισθέντα
2598 5070 2879 5145 ἄνθρωπον
2936 5072 3052 5125 κατ’
3113 5070 3313 5141 εἰκόνα,
3361 5072 3494 5146 μετᾶ
3542 5079 3642 5142 τῆς
3692 5070 3796 5127 τοῦ

2137 5158 2451 5231 ΙΙνεόματος
2512 5157 2814 5236 συνεργείας
2873 5159 3089 5235 ὁρῶμεν
3144 5155 3290 5220 ὅντα.
3350 5158 3533 5217 Μακεδ
3567 5207 3581 5220 .
3647 5163 3794 5239 Ἐγὼ

410 3304 605 3355 temus
636 3295 946 3365 imaginem
981 3288 1231 3344 cmlestis
1261 3288 1282 3321 θ
1306 3287 1333 3339 ?
1364 3307 1390 3335 η
1425 3285 1843 3340 Maced.Annon
1875 3286 2055 3357 igitur

409 3404 614 3445 omnes
646 3399 856 3440 sumus
889 3379 1213 3434 secundum
1259 3375 1576 3446 imaginem
1598 3375 1625 3429 ‘?
1657 3374 1811 3429 Orth.
1851 3375 2052 3430 Pecca-

406 3482 561 3533 tores
593 3487 964 3545 nequaquam
1001 3487 1011 3521 :
1048 3467 1147 3539 qui
1181 3482 1312 3521 vero
1344 3465 1537 3519 carnis
1567 3463 1823 3518 actiones
1850 3463 2049 3519 morti-

406 3567 602 3631 ﬂcant,
637 3568 695 3617 et
727 3562 978 3615 induunt
1026 3572 1238 3611 novum
1269 3553 1438 3608 illum
1472 3552 1765 3607 hominem
1799 3552 1868 3607 ad
1902 3553 2047 3608 ima-

401 3656 597 3729 ginem
633 3653 730 3706 Dei
779 3648 1101 3713 conditum,
1136 3644 1209 3698 iis
1240 3644 1475 3698 demum
1525 3640 1688 3707 illud,
1720 3643 2044 3697 seeundum

394 4476 466 4533 pe
492 4460 560 4514 ad
597 4456 844 4512 salutem
878 4468 1102 4518 eorum,
1137 4449 1233 4521 qui
1268 4451 1588 4514 servantur,
1626 4469 1651 4494 ››
1686 4462 1796 4501 non
1839 4452 2035 4502 autem

390 4550 461 4604 ad
513 4544 864 4602 creationem
918 4556 1134 4595 rerum.
1181 4534 1438 4607 Apostoli
1490 4534 1668 4605 igitur
1715 4534 2031 4604 coeperarii

386 4636 623 4709 quidem
674 4634 955 4688 dicuntur
986 4629 1055 4684 ad
1090 4626 1395 4682 hominum
1444 4623 1718 4689 salutem,
1752 4621 2031 4692 quoniam

382 4728 618 4781 fuerunt
648 4728 705 4779 et
753 4726 896 4777 sunt
922 4717 1205 4790 templum
1257 4714 1509 4786 Spiritus
1560 4710 1769 4779 sancti,
1803 4716 1863 4765 at
1906 4710 2033 4782 ipse

378 4816 631 4889 Spiritus
678 4815 1024 4884 cooperatus
1073 4813 1158 4863 est
1211 4807 1280 4860 ad
1332 4803 1671 4859 creandum.
1716 4802 1909 4857 Maced.
1943 4804 2028 4856 An

377 4923 509 4961 vero
543 4904 685 4960 mihi
720 4903 1122 4957 demonstrare
1179 4894 1390 4967 possis,
1422 4892 1703 4963 Spiritum
1756 4908 2027 4962 coopera-

377 5001 501 5052 tum
535 5010 665 5050 esse
696 4992 765 5047 ad
802 4989 1107 5046 hominum
1142 4985 1491 5041 creationem
1517 4982 1543 5036 ‘?
1575 4982 1732 5038 Orfh.
1766 4982 1890 5035 lam
1926 4981 2024 5035 de-

377 5087 767 5139 monstratum
803 5084 910 5135 est.
946 5072 1517 5138 Maccd.Quomodo?
1547 5071 1702 5129 Orth.
1738 5070 2021 5135 Quoniam

372 5172 638 5232 videmus
670 5168 966 5226 hominem
999 5169 1255 5221 creatum
1290 5163 1361 5218 ad
1396 5161 1736 5233 imaginem,
1769 5158 2023 5231 Spiritus

2142 4798 2503 4876 δημιουργίαν
2544 4845 2555 4858 .

4052 4474 4053 4513 l

4050 4566 4051 4607 ι

4048 4626 4049 4701 i

4044 4738 4047 4795 Α

4044 4820 4045 4889 i

4042 4902 4043 4980 i

437 5379 458 5419 ⁷
490 5382 630 5438 Gen.
663 5396 705 5449 ι,
734 5378 825 5433 26.
902 5374 922 5410 ⁸
953 5371 1174 5429 Coloss.
1209 5385 1295 5439 In,
1330 5370 1412 5424 10.
1492 5369 1512 5403 ⁰
1544 5367 1565 5424 Ι
1596 5367 1724 5423 Cor.
1758 5382 1851 5438 xv,
1883 5366 1971 5421 49.

2120 5560 2214 5621 ἀπ.
2275 5584 2325 5646 σ.
2388 5560 2819 5646 λὲγ-ει.-Μαξιεδε
2881 5564 2982 5646 Ναὶ
3041 5562 3089 5646 εἰ
3144 5587 3198 5626 τ.
3257 5584 3308 5628 σ.
3365 5566 3429 5624 οὗ
3492 5589 3550 5646 μ.
3605 5566 3685 5634 εἰς
3732 5565 3788 5630 δ.

454 5579 548 5647 24)
578 5573 985 5647 Mauuscripti,
1018 5563 1247 5647 Ἐὰνὲν.

454 5580 525 5635 24
578 5579 985 5647 Mauuscripti,
1019 5579 1141 5625 Ἐὰν
1170 5579 1247 5624 ἒν.
2120 5579 2214 5621 απ.
2275 5584 2325 5619 σ,
2390 5579 2552 5641 Λεγει.
2614 5579 2819 5623 Μακεο.
2882 5579 2982 5620 Ναί
3041 5579 3086 5620 ει
3144 5587 3198 5626 τ.
3257 5584 3308 5628 σ.
3365 5579 3429 5624 οὐ
3492 5589 3550 5646 μ.
3605 5579 3685 5634 εἰς
3732 5579 3788 5630 δ.

575 5650 743 5720 Mse.,
790 5646 879 5702 καὶ
930 5640 1079 5701 Υἰοῦ.
1113 5643 1257 5721 Ὀρθ.
1305 5643 1365 5694 Ἥ
1414 5636 1599 5717 Γραφὴ
1652 5632 1701 5694 δ.
1750 5636 1838 5691 καὶ
1867 5657 1919 5694 τ.
1951 5635 2001 5695 ἃ.
2114 5636 2447 5713 κτισμάτων.
2479 5637 2631 5716 Ὀρθ.
2662 5636 2725 5694 Oi
2760 5634 2854 5715 μὶν
2887 5634 2999 5712 οῦν,
3032 5643 3145 5699 etc.
4018 5654 4027 5735 γ

575 5632 743 5720 Μέθη
790 5632 898 5702 καὶ⁵
930 5632 1079 5701 Υἰοῦ.
1113 5643 1257 5721 Ὀρθ.
1305 5643 1365 5694 Ἥ
1414 5636 1599 5717 Γραφὴ
1652 5632 1701 5694 δ.
1750 5636 1838 5691 καὶ
1867 5657 1919 5694 τ.
1951 5635 2001 5695 ἀ.
