4092 6218
296 354 458 416 1229
1252 352 1352 414 DE
1398 355 1488 414 SA
1499 350 1702 414 NGTA
1744 350 1912 412 TRll‘

2100 354 2171 412 ΓΕ
2216 350 2609 415 DIALOGUS
2654 348 2759 414 Ill.
3558 361 3716 421 1230

296 484 470 539 πάντα
529 473 807 561 ἄνθρωπον
867 492 981 541 κατ’
1041 485 1219 540 εἶκὸνα
1272 482 1438 560 λέγω.
1501 485 1650 558 Ὀρθ.
1708 483 1912 555 Λυνσὶμε

2097 485 2467 556 00peratione
2523 502 2671 541 esse.
2703 486 2902 542 Maced.
2946 487 3063 559 Ego
3123 503 3357 543 omnem
3415 489 3713 547 hominem

296 572 500 649 λὲγεις,
530 576 566 643 ἢ
600 572 842 650 ἐνεργείᾳ
871 595 884 644 ;
918 574 1121 635 Maneo.
1158 574 1258 632 Καὶ
1289 573 1340 628 τί
1385 572 1525 627 ἐστιν
1561 570 1781 645 δυνάμει
1809 591 1823 640 ;
1856 593 1912 626 κο

2102 573 2186 629 ico
2217 589 2345 629 esse
2376 575 2702 629 secundum
2733 574 3050 648 imaginem
3085 577 3201 632 Dei.
3232 577 3387 633 Orth.
3420 578 3710 636 Potestate

293 662 346 716 τί
410 662 552 717 ἐστιν
608 662 885 739 ἐνεργείᾳ;
930 664 1075 738 Ὀρθ.
1138 661 1367 735 Δυνάμει
1429 661 1592 732 ἐστὶν,
1644 662 1673 716 ὃ
1728 658 1909 716 δύνατο

2102 659 2223 729 icis,
2258 678 2331 717 an
2364 661 2745 733 operatione?
2787 662 2985 719 Maccd.
3022 665 3091 719 Et
3137 664 3421 736 quidnam
3469 671 3560 723 est
3607 684 3715 738 po-

293 751 538 824 γενέσθαι
572 772 583 783 ο
646 750 888 827 ἐνεργείᾳ
945 749 1001 807 δὲ
1057 753 1085 805 6
1144 752 1374 827 ἐναργῶν
1434 751 1500 805 τὰ
1570 756 1670 819 τῆς
1740 748 1909 804 εἷκόνε

2092 753 2284 818 estate,
2308 751 2588 822 quidnam
2630 752 3012 824 operatione?
3043 753 3194 809 Orth.
3232 754 3517 811 Potestate
3563 755 3708 812 illud

293 839 501 911 καλλη.
534 843 737 916 Ὥσπερ
766 842 828 896 τὸ
863 841 1057 917 βρέφος
1104 839 1328 913 δυνάμει
1379 840 1491 895 ἐστὶ
1543 844 1677 908 ζῶον
1729 838 1909 915 λογικὸ

2094 844 2163 907 st,
2211 841 2366 911 quod
2415 841 2538 895 ﬁeri
2596 846 2785 912 potest
2818 860 2830 897 :
2865 842 3202 913 operatione
3232 860 3363 900 vero
3413 848 3520 912 est,
3554 846 3710 916 quod

290 928 507 999 θνητόν·
566 928 802 1004 ἐνεργείᾳ
859 926 915 983 δὲ
970 930 1171 1005 γίνεται
1204 929 1450 1001 αὐξηθὲν,
1500 928 1529 982 ’ὁ
1588 927 1694 1002 πρὸ
1749 926 1906 982 τούτο

2087 928 2326 1001 naginis
2344 929 2842 1001 pulchritudinem
2871 937 3163 1002 operatur.
3192 932 3703 996 Quemadmodum

287 1021 356 1091 τῇ
416 1015 658 1091 amittet-
694 1017 836 1072 οὕτω
894 1019 984 1073 καὶ
1034 1020 1149 1073 κατ’
1200 1018 1381 1073 εἰκόνα
1431 1021 1564 1072 Θεοῦ
1614 1016 1754 1071 ἐστιν
1810 1012 1903 1070 ἕκα

2096 1017 2233 1088 gitur
2264 1034 2411 1089 puer
2440 1022 2531 1074 est
2561 1018 2777 1073 animal
2806 1023 3089 1089 potestate
3119 1019 3463 1078 rationabile
3482 1032 3537 1078 et
3558 1040 3712 1079 mor-

290 1127 414 1168 στος
473 1104 718 1179 δυνάμει.
755 1108 878 1162 Ἐὰν
942 1106 999 1162 δῖε
1059 1105 1422 1178 ἀπεκδύσηται
1471 1107 1571 1174 τὴν
1623 1104 1906 1180 νεκρὸτητσ

2088 1105 2167 1161 ale
2222 1123 2234 1161 :
2290 1106 2389 1162 ubi
2447 1111 2642 1162 autem
2702 1108 2970 1175 excrevit,
3024 1108 3359 1179 operatione
3420 1112 3482 1165 ﬁt
3536 1110 3704 1183 illud,

288 1197 349 1264 ἣν
408 1192 731 1250 ἐπενδύσατο
786 1193 875 1250 διὰ
942 1204 1044 1267 τῆς
1102 1192 1455 1272 παραϐάσεως
1515 1196 1543 1249 6
1603 1191 1799 1268 Ἀδὰμ,
1852 1215 1904 1248 κε

2096 1196 2205 1251 ιιοά
2241 1200 2363 1251 erat
2410 1200 2581 1251 antea
2610 1200 2920 1268 potestate,
2957 1196 3035 1251 ita
3065 1197 3244 1253 etiam
3297 1200 3708 1273 unusquisque

287 1281 573 1354 ἐνδύσηται
626 1286 717 1340 τὸν
776 1287 958 1341 καινὸν
1021 1288 1303 1362 άνθρωπον
1357 1288 1456 1354 τῆς
1511 1282 1831 1360 ἀφθαρσίας,
1880 1284 1903 1338 ’ὀ

2092 1288 2141 1341 st
2199 1288 2485 1357 potestate
2533 1286 2859 1341 secundum
2917 1285 3239 1357 imaginem
3304 1288 3420 1342 Dei.
3453 1290 3616 1353 Quod
3658 1290 3708 1345 si

288 1370 652 1445 ἐκδυσάμενος
708 1371 906 1446 Ἀδὰμ,
965 1375 1169 1449 γυμνὸς
1229 1373 1432 1448 ηὑρὲοη
1469 1390 1482 1404 ·
1543 1372 1665 1427 τότε.
1739 1372 1904 1448 γίνετο

2093 1374 2277 1430 ruerit
2309 1373 2747 1441 mortalitatem,
2780 1390 2897 1444 qua
2926 1373 3180 1430 amictus
3212 1374 3324 1430 fuit
3354 1376 3537 1431 Adam
3572 1394 3709 1448 pro-

285 1460 528 1537 ἐνεργείᾳ
557 1465 671 1536 (26)
701 1464 818 1517 κατ’
851 1463 1030 1517 εἰκόνα
1058 1467 1154 1518 τοῦ
1201 1464 1502 1530 κτίσαντος,
1534 1463 1640 1516 οἷοι
1692 1460 1901 1537 ἐγὲνοντ

2093 1470 2182 1519 ter
2242 1464 2505 1519 mandati
2561 1462 3116 1534 transgressionem,
3151 1468 3208 1519 et
3268 1481 3478 1519 novum
3538 1465 3708 1522 illum

288 1552 343 1604 οἱ
378 1549 786 1618 ἀπόστολοι,ὦν
812 1554 844 1621 ὴ
879 1552 1002 1607 σκιὰ
1032 1550 1285 1625 δυνάμεις
1320 1548 1808 1608 ἀπετέλει.Μακεδ.
1828 1558 1903 1627 Πρ

2092 1552 2349 1608 ominem
2420 1552 2879 1623 incorruptionis
2947 1552 3237 1620 induerit,
3293 1570 3409 1625 quo
3467 1560 3707 1612 exactus

282 1639 480 1695 τούτου
517 1639 606 1694 οῦν
641 1640 741 1695 οὐκ
769 1643 903 1711 ἦσαν
949 1643 1063 1696 κατ’
1098 1641 1276 1696 εἰκόνα
1320 1642 1371 1696 οἱ
1418 1638 1749 1710 ἀπόστολοις
1784 1642 1898 1715 Ὀρ(

2088 1642 2233 1697 .dam
2282 1642 2477 1697 nudus
2527 1644 2865 1713 compertus
2897 1646 2987 1697 est
3019 1658 3031 1696 :
3067 1646 3207 1698 tunc
3259 1642 3323 1697 ﬁt
3370 1643 3564 1715 reipsa
3612 1660 3704 1700 se—

286 1730 384 1798 Μή
417 1729 507 1783 τὸν
543 1728 642 1800 ἔξω
694 1731 1000 1805 ἄνθρωπον,
1033 1732 1090 1785 ὃν
1126 1728 1520 1809 διαφθείρεσθαι
1569 1731 1710 1784 εἶπεν
1740 1731 1767 1784 ὁ
1800 1734 1902 1784 Παῐ

2093 1732 2308 1786 undum
2341 1730 2661 1803 imaginem
2695 1731 3042 1800 conditoris,
3078 1730 3281 1803 quales
3313 1732 3561 1803 apostoli
3591 1736 3709 1789 fue-

288 1816 601 1894 λος,λέγεις
631 1819 722 1873 τὸν
751 1820 866 1873 κατ’
894 1819 1239 1895 εἷκόνα,οὐχὶ
1265 1816 1320 1873 δὲ
1341 1819 1430 1872 τὸν
1466 1815 1571 1872 ἔσω
1600 1819 1691 1872 τὸν
1725 1819 1904 1871 ἀνακαε

363 1907 375 1923 Ι
626 1915 671 1925 ι.
779 1906 802 1925 ἢ
856 1910 915 1925 νηὶ
993 1908 1014 1925 ν
1127 1907 1145 1925 Χ
1172 1910 1181 1925 Ι
1362 1909 1375 1925 ς
1466 1908 1479 1923 9
1728 1906 1740 1925 Ι

2090 1826 2211 1889 unt,
2240 1839 2491 1894 quorum
2526 1824 2737 1879 umbra
2766 1823 3012 1879 virtutes
3045 1823 3272 1879 edebat.
3297 1823 3497 1879 Maced.
3522 1826 3706 1879 Antea

282 1907 586 1980 νο·3μινον;
624 1906 823 1966 Μακεδ.
856 1910 953 1963 Τὸν
990 1908 1093 1963 ἔσω
1127 1907 1294 1983 λέγω,
1324 1909 1412 1963 τὸν
1456 1906 1898 1979 ἀνακαινούμενοη

2087 1911 2228 1983 gitur
2258 1928 2374 1967 non
2433 1917 2598 1968 erant
2648 1912 2894 1984 apostoli
2954 1912 3280 1967 secundum
3332 1912 3651 1984 imaginem
3676 1914 3703 1969 ?

285 1994 411 2050 οὐδὲ
466 1998 569 2073 γὰρ
629 1997 1093 2077 ἀνθρωπόμορφον
1147 1996 1295 2074 λέγω
1340 1996 1432 2067 τρν
1479 1997 1624 2053 Θεόν.
1681 1998 1829 2072 Ὀρθ.
1877 1997 1901 2044 ’4

2087 2002 2201 2056 ‘rth.
2234 2001 2388 2057 Num
2438 2002 2785 2057 exteriorem
2834 2000 3003 2057 illum
3055 2001 3379 2069 hominem,
3404 2019 3578 2073 quem
3610 2002 3703 2057 in-

283 2086 435 2154 Θιὸς,
488 2087 550 2141 οὗ
618 2086 756 2141 ἐστιν
824 2086 980 2141 εἷκὼν
1040 2089 1067 2142 6
1130 2089 1433 2163 ἅνθρωπος,
1484 2085 1711 2161 ἀόρατός
1757 2085 1895 2140 ἐστιν

2093 2089 2175 2145 uit
2213 2089 2531 2161 Apostolus
2575 2091 2892 2163 corrumpi,
2920 2092 3069 2146 dicis
3118 2092 3441 2147 secundum
3494 2092 3702 2163 imagi-

284 2173 488 2232 Μακεδ.
542 2177 708 2234 Πάνυ.
741 2178 882 2251 ’Θρθ.
918 2178 1156 2251 Ἀνάγκη
1219 2175 1309 2231 οὖν
1366 2181 1462 2231 τοῦ
1518 2176 1751 2250 ἀοράτου
1801 2182 1899 2231 Θεο

2088 2194 2181 2234 em
2213 2180 2388 2247 ~esse,
2438 2195 2505 2235 ac
2561 2196 2677 2235 non
2736 2180 2932 2251 potius
2986 2180 3322 2236 interiorem
3378 2180 3565 2246 illum,
3600 2182 3700 2253 qui

280 2264 511 2340 ἀόρατον
547 2265 679 2319 εἶναι
709 2266 799 2320 καὶ
822 2267 922 2335 τήν
957 2265 1158 2339 εἰκόνα,
1191 2265 1279 2321 καὶ
1311 2273 1410 2336 τῆς
1450 2264 1680 2341 ἀοράτου
1727 2264 1896 2319 εῗκὸνο

2085 2266 2397 2323 enovatur?
2426 2262 2634 2322 Maced.
2664 2268 3004 2324 Interiorem
3036 2268 3204 2324 illum
3227 2269 3375 2338 dico,
3401 2270 3498 2341 qui
3534 2287 3701 2327 reno-

282 2354 511 2431 ἆόρατον
542 2354 635 2408 τὸν
666 2355 782 2408 κατ’
815 2354 995 2409 εἰκόνα
1027 2353 1330 2430 ἄνθρωπον.
1367 2350 1572 2411 Μακεδ.
1610 2352 1731 2410 Ἐὰν
1772 2350 1898 2425 δέξω

2084 2360 2215 2411 atur
2248 2374 2260 2412 :
2295 2372 2398 2412 nec
2446 2356 2604 2412 enim
2637 2357 2753 2413 Deo
2803 2356 3125 2412 humanam
3183 2360 3431 2414 formam
3484 2359 3700 2417 tribuo.

287 2464 406 2515 μαι,
440 2442 521 2497 ὅτι
554 2443 581 2497 6
613 2444 728 2498 κατ’
760 2443 940 2498 εἰκόνα
970 2444 1207 2519 γεγονὼς
1240 2442 1520 2518 ἅνθρωπος
1554 2443 1581 2497 6
1613 2440 1663 2496 ἐν
1702 2445 1777 2513 τῷ
1806 2462 1903 2517 κρυ

2084 2445 2203 2501 ινιὴ.
2239 2446 2416 2511 Deus,
2448 2446 2619 2517 cujus
2650 2445 2846 2518 imago
2890 2449 2980 2501 est
3031 2445 3230 2513 homo,
3264 2464 3457 2503 nonne
3488 2452 3577 2504 est
3607 2450 3700 2504 in-

278 2537 403 2603 πτῷ
436 2531 738 2602 ἐστιν,ἀλλ’
772 2532 833 2586 οὐ
865 2530 1011 2607 λέγω
1041 2534 1102 2587 τὸ
1134 2534 1355 2606 Πνεῦμα
1374 2533 1435 2587 τὸ
1468 2532 1620 2607 ἅγιον
1645 2551 1894 2601 πεποιηκε

2086 2534 2292 2591 isibilis
2316 2534 2344 2590 ?
2389 2534 2587 2590 Maced.
2625 2534 2894 2591 Maxime.
2928 2535 3080 2591 Orth.
3116 2540 3350 2608 Oportet
3403 2537 3583 2609 igitur
3614 2539 3702 2593 in-

277 2643 367 2675 ναι
399 2621 892 2698 αὒτόν.’ορθ.Τίθῃ
924 2619 980 2677 δὲ
1012 2621 1281 2692 ὅλως,ὅτι
1304 2624 1331 2676 6
1365 2619 1545 2695 Ἀδὰμ
1574 2619 1625 2676 ἐν
1657 2624 1737 2692 τῷ
1767 2640 1893 2695 παρι

2080 2623 2295 2679 isibilis
2328 2623 2427 2679 Dei
2467 2622 2823 2680 invisibilem
2871 2640 3103 2695 quoque
3152 2642 3279 2681 esse
3330 2626 3648 2697 imaginem
3685 2644 3696 2683 :

278 2707 444 2784 δείσῳ
491 2712 639 2785 ἅγιος
689 2712 754 2779 ἦν
785 2740 797 2779 ς
831 2708 1030 2767 Μακεδ.
1064 2711 1185 2767 Ναί.
1222 2713 1366 2787 Ὀρθ.
1400 2711 1553 2767 Οὕτω
1606 2710 1864 2782 κτισθεῖς,

2083 2716 2102 2767 ι
2132 2730 2266 2768 cum
2300 2712 2617 2768 invisibilis
2641 2713 2720 2768 sit
2750 2713 3324 2785 imago,invisibilem
3356 2732 3483 2770 esse
3516 2716 3699 2770 homi-

278 2798 334 2869 ὲξ
366 2800 559 2875 αρετῆς
592 2799 875 2875 γενόμενος
904 2804 1189 2872 10105104;
1223 2796 1429 2857 Μακεδ.
1465 2799 1622 2856 Οὕτω
1673 2797 1894 2853 κτισθείς

2087 2817 2199 2867 em,
2234 2799 2334 2870 qui
2366 2801 2691 2855 secundum
2724 2800 3032 2872 imaginem
3064 2800 3160 2855 sit.
3193 2800 3389 2855 Naced.
3420 2801 3477 2855 Si
3510 2803 3695 2856 admi-

276 2906 411 2945 sero
443 2889 765 2957 hominem,
791 2891 889 2962 qui
922 2892 1244 2947 secundum
1280 2891 1594 2963 imaginem
1624 2891 1701 2947 sit
1730 2890 1937 2956 tactus,
1968 2904 2097 2944 esse
2128 2888 2424 2943 occultum
2458 2887 2626 2943 illum
2659 2891 2807 2946 451
2844 2895 2903 2944 et
2932 2888 3231 2961 latentem,
3254 2895 3313 2945 at
3344 2907 3457 2945 non
3494 2896 3690 2947 tamen

277 2979 409 3035 dico
444 2980 658 3034 factum
718 2996 846 3035 esse
894 2997 927 3034 a
975 2980 1196 3052 Spiritu
1254 2987 1480 3037 sancto.
1515 2980 1668 3035 Arlh.
1703 2982 1912 3035 Annon
1956 2994 2089 3033 vero
2138 2993 2381 3048 prorsus
2427 2978 2718 3043 concedis,
2750 2979 3042 3034 Adamum
3082 2979 3142 3033 in
3174 2980 3446 3049 paradiso
3509 2979 3690 3036 fuisse

278 3070 600 3126 sanctum?
646 3070 847 3126 Maccd.
882 3071 1093 3127 Etiam.
1126 3071 1280 3127 Arth.
1325 3075 1411 3126 An
1460 3071 1733 3142 quoniam
1788 3069 1923 3126 talis
1975 3074 2225 3135 creatus,
2259 3084 2333 3123 an
2365 3068 2520 3139 quod
2554 3085 2663 3124 sua
2691 3068 2901 3124 virtute
2955 3068 3088 3125 talis
3140 3069 3429 3125 evaserit?
3485 3070 3690 3128 Maced.

280 3160 445 3223 Quod
478 3160 611 3215 talis
642 3164 796 3216 esset
824 3165 1073 3216 creatus.

358 3249 443 3305 18.
477 3248 626 3323 Ὀρθ.
665 3246 977 3303 Συνὲκτισεν
1036 3250 1136 3325 ἄρα
1183 3252 1262 3320 τῷ
1320 3248 1490 3323 Πατρὶ
1540 3247 1629 3303 καὶ
1685 3252 1765 3319 τῷ
1824 3246 1974 3319 Γιῷ(

2118 3246 2203 3301 18.
2237 3244 2388 3302 ΟνιΙι.
2420 3246 2621 3317 Itaque
2645 3246 2901 3318 Spiritus
2931 3250 3191 3313 sanctus,
3216 3263 3334 3303 una
3364 3264 3496 3303 cum
3525 3248 3690 3305 Patre

278 3338 345 3392 τὸ
376 3340 594 3410 Πνεῦμα
622 3337 685 3391 τὸ
738 3339 890 3412 ἅγιον
934 3338 1023 3392 τὸν
1077 3338 1383 3412 ἄνθρωπον.
1416 3334 1625 3395 Μακεδ.
1657 3335 1767 3392 Οὐκ
1814 3333 1894 3390 tat

2076 3338 2096 3390 t
2125 3334 2269 3390 Filio
2309 3335 2606 3391 hominem
2652 3334 2883 3391 creavit.
2913 3337 3112 3391 illaced.
3146 3336 3449 3391 Enimvero
3494 3354 3686 3393 annon

281 3445 409 3478 νατο
442 3424 542 3499 γᾶρ
575 3423 733 3479 αὐτὸν
767 3426 794 3479 6
826 3427 948 3488 Υἱὸς
982 3428 1130 3502 ἅγιον
1187 3426 1363 3480 κτίσαι
1392 3445 1405 3495 ;
1437 3427 1584 3501 Ὀρθ.
1619 3426 1716 3480 Καὶ
1768 3428 1897 3479 πάνυ

2081 3427 2265 3480 oterat
2321 3423 2502 3480 Filius
2570 3424 2695 3495 ipse
2751 3428 3021 3479 sanctum
3089 3424 3387 3480 hominem
3451 3430 3693 3483 creare?

282 3510 491 3571 Μακεδ.
525 3513 589 3571 Τί
642 3510 731 3567 οῦν
786 3512 990 3589 λέγεις,
1041 3514 1121 3569 ὅτι
1163 3515 1227 3570 τὸ
1279 3517 1498 3587 Πνεῦμα
1525 3517 1587 3569 τὸ
1636 3516 1787 3590 ἅγιον
1832 3512 1896 3568 αὖ

2076 3513 2196 3569 'rth.
2255 3512 2407 3569 Sane
2463 3530 2617 3569 vero.
2678 3512 2876 3569 Maced.
2936 3515 3226 3579 Quorsum
3286 3515 3465 3587 igitur
3521 3516 3692 3586 dicis,

280 3602 372 3656 τὸν
425 3600 716 3671 ἐποίησενς
752 3603 897 3677 Ὀρθ.
930 3606 1130 3678 Ὥσπερ
1178 3604 1205 3658 6
1238 3604 1443 3676 Πατὴρ,
1478 3600 1771 3675 δυνάμενος
1816 3601 1896 3657 κτί

2078 3606 2309 3658 reatum
2352 3602 2536 3657 fuisse
2565 3620 2599 3657 a
2648 3602 2871 3674 Spiritu
2918 3602 3167 3659 sancto?
3214 3603 3364 3659 Orth.
3402 3603 3691 3665 Quemad-

284 3711 370 3744 σαι
401 3692 495 3745 τὸν
525 3688 831 3764 ἄνθρωπον,
867 3692 1002 3764 μετᾶ
1045 3696 1142 3745 τοῦ
1194 3692 1320 3745 Υἱοῦ
1370 3691 1560 3763 κτίζει,
1587 3689 1678 3745 ’ίνα
1736 3688 1900 3767 δειχθ·

2081 3692 2286 3746 modum
2320 3692 2511 3759 Pater,
2543 3708 2676 3746 cum
2719 3696 2916 3763 posset
2964 3691 3265 3747 hominem
3316 3708 3529 3761 creare,
3563 3707 3697 3746 cum

280 3780 345 3834 τὸ
402 3780 595 3834 ταυτὸν
644 3786 744 3849 τῆς
797 3782 1025 3858 ιρύσεως·
1061 3779 1203 3835 οὕτω
1250 3780 1339 3835 καὶ
1390 3781 1418 3834 6
1460 3781 1603 3848 Υἱὸς,
1638 3778 1896 3853 δυνάμενο

2092 3779 2187 3835 ilio
2218 3780 2460 3847 creavit,
2495 3785 2559 3835 ut
2588 3785 2811 3835 natura:
2842 3780 3123 3836 identitas
3153 3781 3594 3836 ostenderetur:
3624 3780 3705 3835 ita

283 3869 461 3923 κτίσαι
496 3869 645 3944 ἅγιον
673 3869 767 3923 τὸν
801 3869 1106 3945 ἄνθρωπον,
1143 3870 1277 3943 μετᾶ
1318 3874 1412 3925 τοῦ
1467 3870 1773 3943 [ινεῦματος
1822 3869 1899 3924 κτέ

2086 3869 2339 3936 tFilius,
2374 3886 2508 3925 cum
2563 3875 2761 3939 posset
2814 3868 3113 3924 hominem
3166 3873 3431 3924 sanctum
3484 3884 3700 3935 creare,

290 3964 388 4029 ζει,
415 3956 509 4012 ’ίνα
550 3955 743 4034 δειχθῇ
788 3960 850 4014 τὸ
893 3959 1116 4036 γεγονὸς
1167 3956 1323 4035 ἔργον
1375 3958 1606 4032 ΙΙατρὸς,
1636 3957 1726 4011 καὶ
1787 3958 1906 4011 Υἱοῦ

2087 3976 2184 4013 um
2220 3958 2440 4029 Spiritu
2486 3958 2720 4023 creavit,
2755 3962 2817 4011 ut
2847 3958 3002 4028 quod
3052 3957 3271 4012 factum
3323 3962 3433 4023 est,
3468 3962 3701 4014 consta-

287 4048 376 4102 καὶ
438 4046 594 4121 ἁγίου
650 4049 983 4120 ΙΙνεύματος.
1034 4048 1221 4109 Οὕτως
1279 4052 1407 4122 γοῦν
1468 4046 1556 4100 καὶ
1616 4045 1903 4101 πεπτωκὸτ

2083 4052 2140 4102 et
2184 4062 2313 4102 esse
2361 4046 2573 4113 Patris,
2606 4051 2664 4101 et
2716 4045 2867 4111 Filii,
2900 4052 2956 4100 et
3006 4046 3192 4101 sancti
3244 4046 3499 4117 Spiritus
3532 4064 3699 4119 opus.

286 4137 378 4191 τὸν
430 4135 736 4212 ἄνθρωπον,
788 4137 874 4191 καὶ
925 4130 1344 4211 παραϐληθέντα
1388 4141 1507 4196 τοῖς
1557 4138 1771 4205 κτήνεσι
1822 4139 1902 4188 τοῑ

2096 4135 2146 4189 ic
2196 4135 2376 4206 igitur
2432 4134 2730 4189 hominem
2783 4134 2958 4190 etiam
3012 4134 3270 4206 lapsum,
3311 4140 3367 4189 et
3415 4136 3707 4205 jumentis

288 4226 566 4297 ἀνοήτοις,
600 4225 723 4279 ἄνευ
771 4229 868 4280 τοῦ
918 4224 1231 4297 Πνεύματος
1278 4223 1377 4278 οὐκ
1419 4224 1764 4277 ἀνεκαίνισεν·
1799 4221 1904 4277 ἀλλ

2095 4224 2299 4278 ιιίοηὶε
2329 4222 2665 4294 expertibus
2719 4223 2973 4278 similem
3027 4224 3270 4294 factum,
3306 4242 3421 4278 non
3473 4229 3711 4280 renovat

291 4312 475 4376 καθὼς
511 4312 538 4366 6
571 4314 866 4389 Προφήτης
898 4310 1067 4387 λέγει’
1110 4336 1131 4365 ι
1168 4310 1581 4383 Ἑξαπὸστειλον
1622 4311 1684 4365 τὸ
1725 4314 1907 4382 Πνεῦμ

2095 4314 2279 4383 bsque
2310 4312 2531 4383 Spiritu
2557 4329 2570 4368 :
2598 4312 2721 4380 sed,
2750 4319 2812 4367 ut
2843 4313 3037 4384 inquit
3083 4313 3374 4384 PrOpheta
3399 4332 3410 4369 :
3437 4338 3464 4363 ‹‹
3499 4314 3711 4370 Emitte

290 4422 411 4468 σου,
444 4400 534 4455 καὶ
590 4403 993 4471 κτισθήσονται,
1026 4402 1116 4455 καὶ
1168 4401 1493 4462 ἀνακαινιεῖς
1541 4401 1604 4454 τὸ
1648 4400 1906 4470 πρόσωπα

2102 4401 2342 4474 piritum
2376 4408 2567 4469 tuum,
2600 4405 2655 4457 et
2685 4402 3060 4471 creabuntur,
3090 4408 3148 4457 et
3178 4403 3484 4460 renovabis
3516 4403 3718 4458 faciem

288 4498 391 4560 τῆς
440 4491 565 4566 γῆς.
599 4514 626 4541 n
662 4487 870 4547 Μακεδ.
923 4491 1021 4544 Καὶ
1074 4490 1237 4563 ἡμεῖς
1297 4489 1550 4565 Λὲγομεν,
1584 4486 1666 4542 ὅτι
1724 4487 1904 4542 ἀνακαι

2099 4491 2308 4547 arras”.
2343 4513 2370 4541 »
2418 4489 2620 4546 Maced.
2683 4490 2945 4547 Dicimus
3001 4495 3060 4546 et
3112 4506 3218 4546 nos
3280 4492 3715 4547 renovationem

293 4579 488 4653 νισμὸς
522 4580 680 4653 ἡμῶν
716 4577 803 4633 διὰ
832 4583 930 4634 τοῦ
963 4578 1271 4652 Ιινεύματος
1324 4578 1543 4653 γίνεται*
1579 4579 1800 4649 Πνεῦμα
1846 4575 1909 4651 γᾶ

2104 4578 2246 4635 ostri
2282 4594 2382 4650 per
2411 4578 2695 4651 Spiritum
2744 4579 2896 4634 efﬁci
2930 4596 2944 4634 :
2979 4584 3069 4635 est
3096 4579 3253 4635 enim
3284 4580 3535 4651 Spiritus
3581 4597 3717 4636 san-

300 4667 617 4743 ἆγιωσῦνης
680 4667 838 4724 ἐστίν.
904 4668 1052 4743 Ὀρθ.
1107 4693 1133 4719 ‹‹
1187 4668 1364 4722 Πάντα
1421 4668 1514 4740 μὶν
1576 4666 1781 4741 καθαρὰ
1836 4671 1916 4719 τοῑ

2102 4667 2459 4723 tiﬁcationis.
2495 4667 2646 4722 Orth.
2682 4690 2708 4717 ‹‹
2744 4666 2954 4723 Omnia
3002 4668 3241 4739 quidem
3293 4670 3516 4723 munda
3547 4686 3717 4725 mun-

296 4761 579 4830 καθαροῖς.
632 4781 659 4809 ››
703 4754 927 4825 Ἐπειδή
980 4754 1037 4811 δὲ
1087 4756 1187 4811 οἰκ
1230 4754 1280 4811 ἐν
1332 4755 1600 4827 ἁπλότητι
1642 4757 1820 4825 εἴπας,
1869 4752 1912 4809 δι

2111 4759 2158 4813 is
2185 4758 2244 4812 ".
2271 4782 2297 4806 η
2332 4756 2619 4820 Quoniam
2670 4761 2867 4811 autem
2918 4756 3084 4821 illud,
3120 4774 3222 4828 per
3272 4757 3555 4829 Spiritum
3585 4775 3724 4814 san-

294 4850 396 4900 τοῦ
450 4844 788 4918 Πνεῦματος,
819 4845 1122 4920 ἀναγκαίως
1171 4844 1231 4901 οὐ
1280 4850 1641 4921 παρασιωπῶ.
1679 4844 1811 4900 Εἰπὲ
1863 4843 1910 4898 οἰ

2105 4853 2248 4914 tum,
2283 4864 2399 4901 non
2440 4846 2667 4901 sincere
2700 4845 3013 4917 protulisti,
3042 4848 3372 4901 necessario
3405 4863 3579 4919 cogor
3628 4848 3721 4903 in-

302 4957 422 5009 μοι,
456 4936 485 4988 6
518 4936 905 5008 ἀνακαινισμὸς
952 4936 1111 5009 ἡμῶν
1160 4934 1226 4988 οὗ
1275 4932 1363 4989 διὰ
1414 4934 1647 5009 λουτροῦ
1693 4940 1791 5003 τῆς
1850 4954 1918 4987 πα

2104 4951 2227 4991 srea
2258 4952 2372 4989 non
2406 4933 2598 4989 silere.
2631 4933 2728 4988 Hic
2761 4934 2941 5005 igitur
2972 4933 3156 4989 mihi:
3191 4934 3504 4991 Renovatio
3538 4936 3720 4992 nostri

300 5023 641 5100 λιγγενισίας
707 5025 950 5103 γίνεται;
997 5021 1204 5082 Μακεδ.
1271 5023 1391 5079 Ναί.
1464 5025 1611 5098 Ὀρο.
1678 5027 1798 5083 Πῶς
1866 5020 1916 5076 οἶ

2104 5039 2264 5079 .onne
2314 5024 2377 5076 fit
2436 5040 2536 5093 per
2595 5021 2887 5078 lavacrum
2950 5023 3450 5094 regenerationis?
3503 5024 3720 5081 Maced.

304 5112 728 5189 βαπτιζόμεθας
794 5116 869 5176 είς
926 5114 985 5168 τὸ
1045 5109 1219 5187 ὄνομα
1273 5117 1370 5167 τοῦ
1433 5113 1661 5187 Ματρὸς,
1718 5111 1806 5165 καὶ
1863 5131 1920 5165 το

2108 5113 2280 5168 :tiam.
2314 5110 2466 5166 Orth.
2500 5112 2802 5176 Quomodo
2834 5128 2967 5177 ergo
2998 5113 3412 5183 baptizamur?
3445 5115 3503 5169 in
3537 5114 3724 5170 Patris

302 5204 462 5272 Υἱοῦ,
493 5202 582 5256 καὶ
630 5207 727 5257 τοῦ
775 5204 929 5279 ἁγίου
983 5201 1292 5275 ΙΙνεύματος
1340 5203 1452 5274 (27)
1479 5220 1491 5270 ;
1523 5196 1726 5255 Μακεδ.
1760 5198 1851 5260 Εἰς
1897 5219 1918 5252 1

2111 5210 2129 5259 ι
2160 5201 2310 5268 Filii,
2344 5219 2416 5257 an
2449 5218 2582 5257 vero
2612 5202 2789 5257 etiam
2841 5203 2897 5257 in
2928 5202 3184 5273 Spiritus
3222 5207 3411 5261 sancti
3444 5205 3727 5262 nomine?

304 5288 485 5364 ὄνομα
512 5296 609 5346 τοῦ
640 5293 872 5366 Πατρὸς,
904 5291 993 5346 καὶ
1023 5295 1120 5347 τοῦ
1152 5290 1301 5362 Υἱοῦ,
1334 5288 1421 5344 καὶ
1452 5293 1549 5343 τοὺ
1582 5287 1741 5363 ἁγίου
1801 5293 1920 5341 Πνει

2114 5291 2270 5348 ’aced.
2309 5300 2370 5347 tu
2403 5291 2639 5347 nomine
2671 5292 2949 5360 Patris,et
2978 5294 3204 5362 Filii,et
3231 5297 3483 5367 Spiritus
3516 5294 3730 5352 sancti.

309 5399 508 5455 ματος.
542 5381 694 5458 Ὀρθ.
747 5380 809 5435 Τί
867 5378 957 5435 οῦν
1017 5377 1193 5456 λὲγεις
1232 5378 1324 5433 τὸν
1356 5376 1741 5449 ἆνακαινισμὸν
1797 5377 1925 5451 ήμῶ

2122 5382 2233 5439 rth.
2257 5380 2546 5445 Quorsum
2580 5397 2718 5454 ergo
2758 5381 2907 5438 dicis
2939 5382 3127 5439 nostri
3159 5384 3591 5440 renovationem
3633 5399 3737 5455 per

383 5497 430 5533 ¹⁰
458 5497 612 5553 Psal.
643 5513 763 5570 CIII,
795 5498 885 5554 30.
964 5499 1004 5533 ³¹
1035 5496 1145 5551 Tit.
1179 5511 1224 5564 ι,
1256 5495 1343 5550 15.

412 5612 815 5689 ἓβΓΕνεργξίᾳ
840 5614 1077 5689 αδδεὶῆ
1101 5610 1284 5689 Palat-
1473 5678 1499 5689 ..
1608 5678 1621 5689 .
1739 5686 1765 5689 _
1829 5682 1843 5689 -
1895 5681 1905 5689 .

2117 5611 2424 5689 ἰδεύματος.
2480 5613 2633 5687 Mox,
2692 5612 3017 5672 Macedonii
3074 5631 3424 5689 responsum
3482 5613 3645 5671 abest
3700 5631 3733 5674 a

412 5614 484 5668 26
536 5612 654 5669 'Evs
692 5612 815 5689 γείᾳ
840 5614 1008 5671 abest
1037 5629 1071 5669 a
1101 5612 1284 5668 Palat.

387 5612 505 5761 €273
533 5688 625 5743 Sic
655 5633 841 5746 Palat.
870 5688 944 5745 Αι
985 5682 1135 5745 F610.
1167 5688 1227 5743 et
1272 5681 1437 5755 editi,
1468 5678 1503 5752 ἥ
1533 5678 1625 5737 καὶ
1671 5686 1770 5738 τοῦ
1818 5681 1974 5765 ἁγίου

647 5612 815 5742 Ἐγείᾳ
840 5614 1008 5671 abest
1037 5629 1071 5669 a
1101 5612 1284 5668 Palat.
1350 5681 1361 5693 .
1400 5682 1410 5693 .
2085 5612 2263 5687 Πδεύμ

703 5686 841 5746 alat.
870 5688 944 5745 At
985 5682 1135 5745 Felc.
1167 5688 1227 5743 et
1272 5681 1437 5755 editi,
1468 5678 1503 5752 ἥ
1533 5678 1625 5737 καὶ
1671 5686 1770 5738 τοῦ
1818 5681 1974 5765 ἁγίου
2082 5686 2263 5745 Palat.

4008 850 4019 895 ί
