4092 6218
60 5 74 28 .‘

60 35 74 66 ῃ

58 75 74 130 ti

363 309 508 369 1231
1523 305 1582 363 S.
1631 303 1987 364 ATHANAS

2102 303 2150 364 5.
2180 336 2254 346 —
2286 299 2598 366 SPUttiA.
3626 302 3778 366 l232

359 442 643 514 Spiritum
691 444 962 496 sanctum
1018 438 1160 508 fieri,
1203 455 1316 494 non
1368 441 1560 493 autem
1609 454 1676 492 ex
1729 441 1915 503 Patre,
1949 452 1987 491 ο

2119 431 2208 487 διὰ
2257 434 2568 507 Ηνεύματος
2627 431 2779 510 ’ἁγίου
2836 431 3112 510 γίνεσθαι;
3147 432 3275 510 οὐχὶ
3337 431 3394 490 δὲ
3447 431 3506 489 ἐκ
3561 435 3776 509 Πατρὸς

361 530 527 598 Filio,
563 534 620 584 et
671 529 888 601 Spiritu
941 533 1141 584 sancto
1167 527 1194 581 ?
1236 527 1444 584 Maced.
1477 528 1680 581 Nonne
1727 525 2013 597 scriptum

360 623 449 673 est
482 636 529 673 :u
564 619 668 684 Qui
703 635 768 672 ex
810 617 996 672 multa
1046 633 1154 670 sua
1209 615 1608 670 misericordia
1656 613 2014 685 regeneravit

359 724 487 772 nos,
521 722 624 777 per
654 705 944 761 lavacrum
981 704 1458 776 regenerationis,
1493 708 1549 758 et
1580 703 2008 758 renovationem

360 794 614 867 Spiritus
674 795 858 850 sancti
887 794 972 848 1"2
1015 816 1042 842 ››
1097 794 1250 848 Orth.
1303 794 1473 847 Prius
1532 791 1677 858 dixi,
1725 815 1752 840 ‹‹
1813 792 2011 846 omnia

359 885 581 938 munda
614 884 869 938 mundis.
899 905 923 931 »
959 883 1262 937 Enimvero
1297 883 1450 953 apud
1502 897 1605 935 nos
1651 882 1821 951 juxta
1851 880 2007 934 Scri-

359 977 544 1043 pturae
599 989 863 1043 scopum,
904 994 922 1019 α
978 988 1079 1043 per
1139 987 1336 1043 quem,
1373 993 1400 1018 ››
1450 969 1602 1025 idem
1666 973 1755 1024 est
1809 973 2006 1040 atque,

359 1084 386 1110 ‹‹
423 1078 490 1116 ex
533 1077 721 1131 quo.»
757 1061 906 1116 Sane
956 1059 1098 1115 dicit
1146 1064 1387 1114 sanctus
1437 1057 1659 1113 Paulus
1693 1074 1704 1112 :
1737 1077 1762 1108 α
1793 1056 2007 1112 Fidelis

357 1155 528 1218 Deus,
580 1167 682 1222 per
729 1166 904 1221 quem
966 1149 1151 1204 vocati
1215 1148 1379 1215 estis,
1412 1148 1469 1201 in
1530 1147 2004 1202 communionem

354 1239 480 1293 Filii
529 1237 718 1310 ipsius
747 1239 811 1307 η,
834 1263 859 1288 ››
896 1254 1106 1309 nempe
1149 1237 1240 1292 hic
1272 1251 1524 1307 quoque,
1559 1258 1586 1284 «
1622 1252 1723 1308 per
1752 1250 1948 1306 quem,
1979 1256 1999 1283 ι

354 1329 594 1400 ponitur
643 1343 745 1399 pro
778 1349 805 1376 «ι
839 1345 906 1381 ex
939 1343 1075 1398 quo.
1112 1348 1139 1375 »
1175 1327 1372 1381 Fatere
1424 1326 1602 1396 igitur
1651 1324 2000 1379 creationem

355 1422 615 1472 nostram
671 1417 852 1470 fuisse
903 1434 934 1470 a
985 1416 1171 1483 Patre,
1210 1415 1370 1480 Filio,
1402 1420 1457 1468 et
1505 1413 1726 1485 Spiritu
1779 1419 1998 1468 sancto.

353 1507 468 1562 Nec
527 1506 680 1561 enim
742 1505 890 1560 alius
939 1505 1172 1565 creavit.
1221 1510 1276 1559 et
1323 1503 1475 1558 alius
1526 1503 1863 1558 renovavit:
1899 1503 1997 1557 sed

355 1596 506 1651 Deus
538 1596 588 1650 is
619 1599 727 1659 est,
762 1595 860 1666 qui
905 1593 1116 1649 creavit
1150 1609 1280 1648 cum
1317 1592 1477 1658 Filio,
1513 1596 1569 1647 ct
1615 1591 1831 1663 Spiritu
1862 1609 2002 1646 san-

352 1689 463 1740 cto.
521 1685 650 1739 Ideo
710 1684 878 1738 initio
930 1683 1118 1737 dixit:
1156 1705 1181 1732 «
1219 1681 1527 1736 Faciamus
1577 1681 1875 1735 hominem
1927 1681 1994 1736 ad

351 1774 669 1845 imaginem
729 1777 786 1828 et
844 1771 1292 1826 similitudinem
1352 1772 1705 1840 nostram“,
1739 1793 1765 1818 ››
1821 1774 1883 1824 ut
1932 1786 2000 1824 ex

352 1863 755 1935 cooperatione
785 1860 1143 1916 indicaretur
1175 1867 1394 1914 natura:
1424 1858 1724 1913 identitas.

425 2043 508 2096 19.
545 2040 741 2096 Maced.
793 2040 1134 2093 Demonstra
1184 2037 1326 2091 mihi
1378 2037 1659 2109 apertius,
1711 2035 1996 2107 Spiritum

349 2136 616 2190 sanctum
649 2145 862 2184 creare.
891 2127 1041 2183 Orlh.
1067 2126 1376 2182 Sufficiunt
1402 2125 1636 2197 quidem
1664 2142 1818 2179 sana=
1845 2141 2004 2178 men-

346 2223 422 2275 tis
455 2218 674 2275 homini
708 2235 832 2289 qua!
862 2217 1032 2271 modo
1063 2216 1341 2281 diximus,
1366 2215 1435 2269 ad
1471 2218 1731 2286 apertam
1760 2213 1999 2268 demon-

345 2309 689 2364 strationem
711 2324 723 2361 :
747 2305 1025 2376 quoniam
1049 2311 1244 2358 tamen
1268 2302 1738 2358 testimoniorum
1765 2319 1997 2373 quoque

345 2396 730 2453 multitudine
754 2396 924 2449 ﬁdem
961 2392 1064 2448 tibi
1091 2393 1209 2447 ﬁeri
1238 2392 1345 2456 vis,
1369 2391 1502 2447 audi
1537 2393 1641 2446 Job
1666 2392 1993 2445 dicentem:

345 2486 657 2558 «Spiritus
708 2483 942 2538 divinus
1000 2483 1050 2537 is
1106 2487 1211 2546 est,
1241 2483 1339 2552 qui
1402 2497 1491 2534 me
1549 2481 1704 2540 fecit.
1736 2485 1792 2534 et
1823 2481 1998 2534 ﬂatus

343 2572 760 2646 omnipotentis
819 2571 1015 2626 docuit
1083 2587 1173 2625 me
1204 2571 1268 2625 ‘5.
1319 2592 1345 2617 ι»
1391 2569 1591 2624 Maced.
1659 2568 1816 2624 Elius
1874 2568 1995 2623 hinc

341 2665 501 2732 dicit,
537 2678 726 2734 neque
773 2659 1117 2732 simpliciter
1165 2659 1264 2714 ait.
1300 2681 1326 2707 ‹‹
1360 2660 1468 2722 Qui
1509 2656 1643 2712 fecit
1691 2673 1803 2724 me,
1834 2679 1859 2704 ››
1891 2658 1991 2712 sed

340 2757 422 2812 ita
451 2755 592 2810 dicit
623 2771 635 2811 :
667 2777 694 2803 ‹‹
729 2758 946 2806 Purum
981 2756 1069 2806 est
1098 2750 1289 2805 verbis
1331 2766 1429 2803 cor
1468 2764 1686 2818 meum,
1722 2755 1777 2803 ct
1809 2747 1989 2803 labio-

340 2862 470 2901 rum
505 2860 770 2899 meorum
822 2840 1210 2913 intelligentia
1263 2855 1408 2910 pura
1457 2842 1546 2894 est
1593 2837 1987 2908 cogitatione:

338 2933 594 3006 Spiritus
625 2931 858 2987 divinus
909 2931 958 2985 is
993 2935 1100 2994 est,
1135 2928 1230 2999 qui
1268 2945 1358 2982 me
1390 2927 1524 2981 fecit
1573 2943 1719 2998 pura
1768 2925 1988 2996 cogita-

337 3041 398 3080 re
419 3026 460 3058 ¹⁶
485 3023 744 3095 (inquit).
805 3025 1003 3090 Itaque
1057 3018 1312 3091 Spiritus
1362 3021 1602 3072 sanctus
1653 3017 1786 3071 iecit
1834 3032 1926 3070 me
1962 3038 1988 3065 ››

336 3129 546 3184 nempe
586 3111 720 3166 fecit
774 3126 863 3164 me
913 3125 1058 3179 pura
1106 3108 1379 3179 cogitare.
1413 3107 1565 3162 Orth.
1601 3108 1673 3160 At
1723 3111 1782 3160 tu
1837 3110 1989 3160 certe

2031 1813 2078 1876 B

2122 523 2210 576 καὶ
2266 524 2410 590 Γιοῦ,
2459 523 2548 578 καὶ
2597 523 2752 599 ἁγίου
2802 524 3159 598 Πνεῦματος;
3195 520 3395 580 Μακεδ.
3446 523 3524 581 Οὑ
3576 524 3778 599 γέγρα-

2121 631 2270 681 πται,
2331 611 2412 666 ὅτι
2469 612 2603 667 κατὰ
2660 612 2722 668 τὸ
2778 611 2924 668 πολὺ
2983 610 3136 676 ἔλεος
3190 611 3354 668 αὐτοῦ
3411 612 3778 687 ἀναγεννήσας

2124 701 2270 772 ἡμᾶς
2325 697 2412 754 διὰ
2468 698 2704 777 λουτροῦ
2769 698 3208 777 παλιγγενεσίας,
3264 702 3354 756 καὶ
3386 701 3778 763 ἂνακαινισεως

2121 787 2435 861 Πνεῦματος
2495 790 2699 864 ἁγίου;
2765 815 2792 840 η
2849 791 3021 865 Ὀρθ.
3085 785 3388 867 Προλαϐὼν
3445 790 3630 860 εἶπον,
3696 789 3778 845 ὅτι

2123 900 2148 926 ‹‹
2182 883 2294 939 τοῖς
2352 881 2607 954 καθαροῖς
2667 879 2839 934 πάντα
2893 879 3121 957 καθαρά.
3187 904 3213 931 ››
3275 880 3409 952 Παρ⁹
3465 882 3600 953 ἡμῖν
3660 881 3777 952 (28)

2117 965 2242 1042 γὰρ,
2277 968 2412 1022 κατᾶ
2456 967 2546 1022 τὸν
2599 969 2796 1023 σκοπὸν
2831 975 2928 1039 τῆς
2961 975 3203 1046 Γραφῆς,
3233 969 3297 1024 τὸ
3328 993 3357 1020 ιε
3392 965 3464 1023 δι’
3494 968 3554 1023 οὗ
3591 993 3616 1019 ››
3645 989 3776 1023 ταυ·

2114 1054 2206 1109 τόν
2267 1054 2377 1111 ἐστι
2433 1062 2512 1130 τῷ
2544 1082 2570 1108 ‹‹
2606 1057 2654 1132 ἐξ
2688 1057 2772 1114 οὗ.
2809 1082 2836 1108 ››
2868 1057 3096 1132 Ἀμέλει
3149 1061 3279 1134 γοῦν
3335 1057 3479 1132 λέγει
3538 1057 3567 1110 ὁ
3616 1059 3776 1130 ἅγιος

2117 1149 2359 1208 Παῦλος·
2402 1171 2421 1197 ι
2458 1147 2653 1209 Πιστὸς
2687 1147 2714 1201 ὁ
2748 1147 2903 1216 Θεὸς,
2937 1143 3006 1202 δι’
3038 1147 3100 1202 οῦ
3131 1144 3402 1218 ἐκλήθητε
3453 1146 3524 1208 εἷς
3575 1167 3776 1200 κοινω-

2113 1233 2228 1287 νίαν
2284 1238 2379 1289 τοῦ
2429 1236 2558 1290 Υἱοῦ
2606 1236 2805 1294 αὐτοῦ.
2861 1260 2888 1287 ››
2938 1236 3037 1291 Καὶ
3084 1235 3312 1292 ἐνταῦθα
3364 1235 3467 1312 γὰρ
3513 1235 3576 1289 τὸ
3629 1259 3658 1286 ι(
3705 1232 3783 1290 δι’

2115 1323 2176 1376 οῦ
2211 1348 2236 1374 ››
2271 1323 2387 1379 ἀντὶ
2440 1329 2538 1380 τοῦ
2587 1350 2614 1376 ‹‹
2667 1324 2717 1396 ἐξ
2769 1325 2830 1380 οὗ
2878 1349 2905 1377 ››
2956 1330 3149 1383 κεῖται.
3183 1323 3476 1400 Ὀμολόγει
3527 1321 3644 1396 οὖν,
3689 1322 3775 1378 ὅτι

2112 1413 2147 1481 ἡ
2201 1412 2373 1474 κτίσις
2421 1415 2582 1486 ἡμῶν
2637 1414 2782 1490 ποιρᾶ
2821 1415 3052 1492 Πατρὸς,
3112 1415 3202 1468 καὶ
3272 1415 3412 1486 fini},
3463 1413 3552 1468 καὶ
3612 1412 3778 1488 ἁγίου

2113 1500 2426 1574 Πνεῦματος
2461 1501 2693 1577 ἐγένετο.
2728 1502 2806 1558 Οὐ
2837 1504 2941 1580 γὰρ
2974 1501 3145 1566 ἄλλος
3197 1499 3419 1571 ἔκτισεν,
3449 1502 3540 1557 καὶ
3595 1500 3776 1564 ἄλλος

2111 1589 2457 1645 ἀνεκαίνισεν·
2508 1590 2636 1647 ἀλλ’
2669 1593 2695 1646 ὁ
2748 1591 2933 1654 κτίσας
2982 1592 3110 1654 Θεὸς
3161 1593 3297 1665 μετᾶ
3337 1596 3434 1646 τοῦ
3492 1592 3620 1647 Ποῦ
3680 1591 3776 1646 καὶ

2112 1679 2424 1753 Πνεῦματος
2483 1681 2637 1756 ἁγίου
2673 1725 2686 1737 .
2747 1682 2845 1736 Καὶ
2903 1679 2992 1736 διὰ
3049 1685 3208 1736 τοῦτο
3267 1679 3316 1735 ἐν
3379 1681 3527 1758 ἀρχῇ
3584 1681 3770 1735 εἶπεν·

2111 1794 2140 1820 ‹‹
2195 1771 2514 1842 Ποιήσωμεν
2582 1768 2864 1844 ἄνθρωπον
2939 1772 3060 1825 κατ’
3107 1769 3286 1824 εἰκόνα
3344 1772 3614 1846 ἡμετέραν
3677 1771 3772 1824 καῖ

2111 1858 2229 1920 καθ’
2280 1856 2565 1929 ὁμοίωσιν,
2601 1883 2628 1910 ››
2667 1856 2759 1913 ’ίνα
2817 1857 2875 1914 ἐκ
2934 1867 3035 1930 τῆς
3097 1858 3400 1936 συνεργείας
3455 1859 3517 1914 τὸ
3575 1859 3775 1913 ταυτὸν

2109 1953 2208 2015 τῆς
2241 1946 2450 2024 φύσεως
2479 1944 2638 2021 δείξῃ.

2185 2038 2267 2090 19.
2304 2033 2500 2092 Μακεδ.
2539 2036 2924 2113 Φανερώτερόν
2963 2058 3057 2110 μοι
3091 2034 3284 2109 δεῖξον,
3318 2035 3400 2092 ὅτι
3448 2036 3510 2091 τὸ
3545 2038 3774 2110 Πνεῦμα

2108 2123 2169 2177 τὸ
2227 2126 2374 2199 ἅγιον
2429 2124 2617 2193 κτίζει.
2671 2126 2812 2200 Ὀρθ.
2869 2127 3054 2202 Ἀρκεῖ
3105 2127 3200 2199 μὲν
3246 2126 3336 2181 καὶ
3385 2126 3451 2180 τὰ
3497 2145 3772 2202 προειρη-

2113 2211 2242 2285 μένα
2273 2213 2350 2284 τῷ
2380 2217 2504 2266 νοῦν
2549 2209 2732 2288 ἔχοντι
2785 2215 2920 2290 πρὸς
2965 2215 3194 2293 φανερὰν
3245 2213 3543 2285 ἀπόδειξιν·
3576 2213 3773 2284 ἐπειδῆ

2109 2298 2166 2355 δὲ
2195 2301 2283 2355 καὶ
2317 2300 2375 2355 ἐκ
2405 2306 2500 2355 τοῦ
2533 2301 2783 2373 πλήθους
2811 2305 2919 2358 τῶν
2957 2308 3267 2380 μαρτυριῶν
3299 2311 3641 2374 πιστωθῆναι
3679 2303 3770 2358 Θε-

2109 2388 2242 2455 λεις,
2278 2388 2503 2444 ἄκουσον
2531 2395 2628 2444 τοῦ
2661 2386 2786 2447 Ἰὼϐ
2830 2391 3107 2467 λὲγοντος·
3146 2417 3164 2442 ι
3200 2394 3423 2465 Πνεῦμα
3448 2394 3560 2466 (‘29)
3591 2394 3765 2462 Θεῖον,

2103 2478 2166 2532 τὸ
2213 2479 2458 2548 ⁸ποιῆσάν
2517 2478 2625 2552 με’
2690 2482 2827 2549 πνοῆ
2903 2478 2960 2535 δὲ
3033 2481 3470 2558 παντοκράτορος
3526 2484 3561 2551 ἡ
3615 2479 3772 2536 διδά-

2105 2569 2305 2620 σκουσα
2337 2589 2421 2640 με.
2460 2591 2488 2618 ››
2529 2565 2728 2623 Μακεδ.
2764 2566 2986 2625 Ἐλιούδ
3036 2569 3176 2624 ἐστιν
3226 2571 3253 2624 ὁ
3303 2567 3497 2647 λέγων,
3529 2570 3619 2624 καὶ
3670 2571 3775 2626 οὐκ

2103 2656 2243 2710 εἶπεν
2304 2654 2515 2725 ἁπλῶς,
2554 2657 2678 2712 «Tn
2726 2658 2956 2727 ποιῆσαν
3011 2679 3098 2732 με,
3137 2683 3163 2709 ››
3193 2657 3339 2712 ἀλλὰ
3388 2657 3532 2733 λέγει
3595 2658 3768 2714 οὕτω·

2104 2769 2132 2796 ‹‹
2192 2745 2411 2819 Καθαρά
2473 2765 2576 2817 μου
2633 2748 2667 2815 ἡ
2729 2743 2922 2818 καρδία
2980 2746 3242 2821 ῥήμασιν,
3305 2745 3508 2809 σύνεσις
3557 2744 3615 2801 δὲ
3663 2768 3768 2824 χε-

2102 2831 2240 2888 λέων
2285 2855 2388 2904 μου
2436 2835 2643 2907 καθαρὰ
2689 2838 2895 2906 νοήσει·
2951 2841 3168 2909 Πνεῦμα
3219 2838 3361 2891 Θεῖον
3411 2836 3474 2891 τὸ
3521 2842 3761 2906 ποιῆσαν

2104 2943 2170 2994 με
2198 2922 2403 2998 καθαρά
2427 2925 2634 2993 νοήσει.
2660 2949 2766 2974 ››--
2791 2949 2818 2976 ι(
2841 2929 3061 2998 Πνεῦμα
3093 2931 3237 2988 θεῖον
3258 2926 3320 2980 τὸ
3353 2925 3583 2995 ποιῆσαν
3622 2947 3709 2999 με.
3732 2951 3760 2977 n

2097 3011 2360 3079 τουτὲστι,
2391 3013 2454 3066 τὸ
2485 3013 2716 3083 ποιῆσαν
2775 3034 2841 3087 με
2887 3015 3094 3092 καθαρᾶ
3138 3022 3352 3084 νοῆσαι.
3401 3016 3548 3090 Ὀρθ.
3579 3016 3757 3088 Ὁμο-

2100 3096 2284 3174 λογεῖς
2335 3098 2391 3155 δὲ
2439 3100 2586 3163 ὅλως
2637 3105 2779 3157 Θεῖον
2819 3103 2881 3157 τὸ
2913 3105 3151 3176 Πνεῦμα.
3187 3101 3400 3161 Μακεδ.
3444 3105 3534 3173 Μή
3584 3105 3694 3180 γὰρ
3727 3106 3760 3160 ὁ

334 3181 572 3256 omnino
609 3199 824 3266 fateris,
850 3197 1112 3252 divinum
1142 3213 1268 3252 esse
1310 3196 1614 3268 Spiritum.
1643 3194 1840 3250 Maced.
1866 3195 1986 3250 Imo

2103 3184 2223 3246 Ἰὼϐ
2255 3188 2383 3245 αὐτὸ
2414 3192 2578 3246 εἶπεν
2617 3189 2742 3246 ἀλλ’
2775 3193 2802 3246 ὁ
2835 3189 3079 3266 Ἐλιοὺδ,
3111 3193 3169 3248 ’ὸν
3219 3193 3502 3268 ἐμέμψατο
3537 3195 3565 3247 ὃ
3597 3194 3758 3256 Θεὸς.

329 3290 438 3346 Job
487 3289 596 3344 hoc
646 3305 761 3342 non
793 3287 956 3352 dixit,
993 3287 1092 3340 sed
1148 3285 1534 3355 Eliud,quem
1585 3284 1739 3338 Deus
1788 3299 1981 3355 repre-

329 3379 554 3434 hendit.
592 3377 745 3433 Orth.
770 3379 839 3430 At
871 3393 984 3430 non
1016 3375 1212 3446 ipsum
1237 3375 1293 3429 in
1320 3389 1384 3428 eo
1409 3373 1804 3445 reprehendit,
1825 3373 1976 3444 quod

331 3467 622 3539 Spiritum
673 3465 936 3520 divinum
995 3463 1286 3518 dixisset?
1336 3462 1532 3517 Maced.
1581 3463 1728 3517 Deus
1781 3465 1978 3516 tamen

334 3573 468 3612 eum
502 3553 892 3628 reprehendit.
938 3553 1087 3607 Orth.
1113 3553 1257 3618 Quid
1292 3552 1340 3606 si
1375 3552 1551 3622 igitur
1579 3552 1770 3622 ipsum
1804 3550 1977 3606 etiam

328 3645 440 3702 Job
471 3645 676 3700 audias
707 3644 1032 3697 dicentem:
1067 3665 1091 3689 ‹‹
1125 3642 1278 3695 Vivit
1309 3640 1611 3704 Dominus,
1639 3639 1736 3710 qui
1772 3640 1854 3693 sic
1887 3657 1978 3695 me

323 3733 629 3807 judicavit,
661 3737 718 3788 et
755 3731 1162 3802 Omnipotens,
1197 3729 1298 3800 qui
1347 3729 1738 3784 amaritudine
1787 3727 1980 3783 affecit

329 3823 585 3879 animam
620 3837 831 3877 meam.
863 3819 1025 3875 Certe
1057 3819 1238 3874 donec
1269 3818 1508 3872 habitus
1542 3817 1686 3871 mihi
1717 3817 1892 3883 inest,
1923 3821 1979 3872 et

327 3911 578 3985 Spiritus
602 3910 836 3965 divinus
857 3912 1124 3980 superest
1156 3906 1296 3961 mihi
1331 3906 1389 3961 in
1423 3905 1663 3960 naribus
1687 3906 1749 3959 ¹⁷.
1775 3926 1802 3955 ››
1827 3905 1975 3968 Quid

327 4002 508 4057 habes
532 4000 683 4071 quod
728 4000 1008 4054 adversus
1045 3996 1238 4067 ipsum
1273 3995 1449 4050 etiam
1481 3995 1589 4049 Job
1621 3994 1826 4049 dicas?
1857 3999 1974 4050 Ma-

325 4090 440 4144 ceri.
464 4089 618 4143 Voco
656 4087 832 4142 etiam
883 4102 988 4157 ego
1039 4086 1320 4155 Spiritum
1356 4085 1507 4140 452
1539 4084 1824 4147 divinum,
1859 4099 1973 4138 non

325 4178 530 4232 Deum.
567 4177 720 4232 Orth.
753 4179 824 4230 At
871 4175 1122 4246 Spiritus
1174 4173 1408 4228 divinus
1465 4173 1602 4244 quid
1657 4172 1811 4226 aliud
1863 4177 1974 4237 est,

322 4282 498 4338 quam
538 4267 722 4320 Deus?
744 4263 941 4319 Maced.
965 4262 1160 4318 Absit!
1195 4262 1346 4318 Orlh.
1377 4262 1472 4316 Dic
1506 4261 1706 4333 igitur,
1729 4277 1974 4330 ecquam

324 4353 657 4410 divinarum
702 4357 1054 4425 potestatum
1105 4351 1400 4423 Scriptura
1434 4350 1687 4404 divinum
1723 4348 1931 4404 dixerit
1963 4365 1976 4403 :

323 4442 557 4515 perlege
583 4443 764 4496 Vetus
796 4448 852 4496 et
879 4441 1100 4495 Novum
1136 4442 1576 4494 Testamentum
1613 4437 1974 4502 universum,

2093 3279 2222 3353 Ὀρθ
2258 3321 2270 3334 .
2331 3281 2419 3349 Mi;
2497 3280 2600 3357 γὰρ
2660 3280 2944 3356 ἐμέμψατο
3014 3281 3172 3338 αὐτὸν
3209 3327 3224 3352 ,
3285 3280 3429 3338 διατί
3486 3283 3632 3337 εἶπεν
3692 3284 3760 3338 τὸ

2091 3369 2309 3441 Πνεῦμα
2365 3371 2548 3438 θεῖον;
2601 3368 2820 3426 Μακεδ.
2880 3374 3072 3444 Ὅμως
3145 3371 3427 3446 ἐμέμψατο
3499 3371 3660 3427 αὐτὸν
3724 3373 3756 3426 6

2091 3457 2242 3518 Θεὸς.
2277 3459 2418 3533 Ὀρθ.
2455 3458 2576 3513 Ἐὰν
2609 3458 2699 3514 οὖν
2731 3460 2962 3534 ἀκούσῃς
3017 3461 3106 3515 καὶ
3157 3465 3254 3516 τοῦ
3285 3456 3410 3519 Ἰὼϐ
3469 3458 3752 3537 λέγοντος’

2090 3571 2116 3598 ‹‹
2153 3550 2228 3620 Ζῇ
2261 3549 2477 3622 Κύριος,
2513 3548 2574 3610 ’ὀς
2611 3547 2755 3603 οὕτω
2790 3570 2856 3621 με
2885 3547 3124 3624 κὲκρινεν
3158 3551 3294 3624 (29),
3326 3551 3415 3605 καὶ
3469 3551 3498 3605 ὁ
3547 3571 3750 3606 παντοο

2088 3637 2302 3711 κράτωρ
2334 3637 2361 3689 ὁ
2393 3637 2650 3711 πικράνας
2717 3658 2820 3711 μου
2863 3638 2964 3707 τὴν
3011 3641 3220 3716 ψυχήν.
3253 3644 3322 3694 Ἥ
3357 3640 3462 3712 μῆν
3511 3637 3588 3694 ἔτι
3645 3646 3753 3708 τῆς

2086 3727 2257 3793 πνοῆς
2311 3745 2405 3797 μοι
2456 3723 2700 3796 ἐνούσης·
2736 3724 2954 3800 Πνεῦμα
3001 3725 3058 3782 δὲ
3108 3733 3251 3792 θεῖον
3296 3728 3357 3782 τὸ
3403 3722 3588 3802 περιὸν
3645 3750 3746 3802 μοι

2087 3812 2141 3868 ἐν
2175 3812 2331 3888 ῥισίν,
2367 3838 2394 3866 ››
2426 3813 2479 3868 τί
2511 3812 2656 3889 ἔχεις
2691 3813 2858 3870 εἰπεῖν
2896 3814 2985 3870 καὶ
3033 3815 3158 3891 περὶ
3208 3820 3305 3871 τοῦ
3334 3811 3458 3871 Ἰώδ
3487 3834 3501 3885 ;
3533 3815 3743 3876 Μακεδ.

2087 3902 2185 3956 Καὶ
2235 3900 2380 3977 λέγω
2443 3908 2583 3966 θεῖον
2631 3903 2695 3957 τὸ
2749 3908 2988 3977 Πνεῦμα,
3022 3904 3084 3960 οὗ
3139 3906 3246 3977 μὴν
3291 3904 3444 3962 Θιόν.
3485 3907 3638 3980 Ὀρθ.
3672 3908 3748 3962 Τὸ

2088 3987 2144 4045 δὲ
2202 3992 2343 4045 θεῖον
2394 3995 2609 4064 Πνεῦμα
2654 3991 2706 4046 τί
2753 3989 2892 4047 ἄλλο
2951 3991 3092 4047 ἐστὶν
3123 3993 3158 4062 ἦ
3193 3994 3362 4062 Θεός;
3399 3991 3608 4051 Μακεδ.
3646 3995 3746 4063 Μὴ

2085 4081 2328 4153 γὲνοιτοί
2360 4082 2508 4155 Ὀρθ.
2562 4079 2771 4137 Οὐκοῦν
2819 4081 2955 4153 εἶ’πὶ,
3005 4078 3058 4137 εἷ’
3101 4103 3222 4136 τινα
3269 4083 3380 4137 τῶν
3434 4083 3605 4157 ἁγίων
3659 4081 3750 4138 δυο

2085 4169 2298 4241 νάμιων
2358 4175 2499 4231 θεῖον
2563 4170 2705 4224 εἶπεν
2768 4172 2803 4240 ἡ
2863 4173 3072 4248 Γραφή.
3125 4171 3426 4247 ’Δνάγνωθι
3481 4173 3584 4241 τήν
3633 4179 3750 4227 Πα-

2089 4255 2244 4311 λαιὰν
2276 4263 2447 4311 πᾶσαν
2480 4260 2754 4329 Διαθήκην
2787 4258 2876 4312 καὶ
2922 4261 3022 4328 τὴν
3066 4260 3291 4330 Καινὴν⁹
3324 4259 3369 4313 εί
3420 4259 3614 4334 εὑρέθη
3663 4282 3753 4324 τις

2083 4350 2190 4400 τῶν
2225 4347 2387 4422 ἁγίων
2418 4345 2667 4422 ἀγγέλων
2725 4353 2866 4411 θεῖον
2921 4347 3219 4423 λεγόμενος
3269 4353 3510 4422 Πνεῦμα.
3543 4348 3754 4407 Mans.

2087 4432 2253 4491 Οὐδὲν
2329 4435 2429 4512 γὰρ
2503 4440 2611 4490 τῶν
2685 4435 2871 4491 ἄλλων
2949 4437 3271 4511 πνευμάτων
3349 4439 3566 4494 τοιοῦτό
3641 4438 3756 4495 ἐστι

319 4532 368 4588 si
401 4532 537 4604 quis
568 4536 908 4586 sanctorum
943 4528 1282 4601 angelorum
1319 4532 1584 4598 repertus
1615 4532 1725 4589 est,
1755 4527 1852 4597 qui
1889 4526 1973 4579 di-

2102 4528 2342 4614 ὶΙνεῦμα·
2408 4521 2697 4596 μοναδικὸν
2767 4525 2869 4601 γάρ
2932 4525 3065 4584 ἐστι.
3128 4529 3296 4601 Ὀρθ.
3357 4527 3754 4604 Ὁμολογεῖ-ται

317 4622 491 4676 vinus
521 4619 776 4691 Spiritus
808 4619 885 4674 sit
914 4619 1128 4672 dictus.
1160 4617 1355 4672 Maced.
1393 4614 1602 4671 Nullus
1633 4614 1789 4669 enim
1825 4615 1976 4670 alius

315 4709 558 4782 spiritus
582 4714 668 4764 est
690 4707 1049 4762 istiusmodi.
1077 4707 1178 4760 Est
1201 4705 1357 4759 enim
1389 4703 1616 4758 unicus.
1647 4702 1809 4757 Orth.
1833 4704 1978 4774 Ergo

312 4804 369 4854 et
403 4804 460 4853 tu
495 4797 721 4866 fateris,
747 4796 976 4851 nullum
1010 4811 1137 4850 esse
1169 4793 1340 4848 talem
1370 4791 1676 4863 Spiritum,
1703 4792 1852 4846 inter
1884 4809 1975 4846 res

313 4893 557 4942 creatas.
591 4886 790 4941 Maccd.
841 4886 1064 4939 Fateor.
1103 4883 1257 4938 Orth.
1296 4883 1498 4936 Restat
1548 4879 1730 4952 igitur
1779 4885 1842 4936 ut
1888 4880 1974 4934 vi-

310 4977 557 5031 deamus
588 4992 779 5030 annon
817 4979 1026 5027 natura
1075 4971 1552 5026 communionem
1596 4970 1802 5024 haheat
1836 4986 1968 5024 cum

311 5068 480 5121 Patre
511 5071 568 5120 et
599 5064 768 5119 Filio.
797 5062 1006 5116 Moneri.
1036 5061 1148 5116 lloc
1180 5061 1224 5114 si
1275 5061 1448 5113 fuerit
1482 5061 1969 5125 demonstratum,

313 5157 464 5212 Deus
495 5155 672 5210 etiam
707 5167 836 5208 esse
883 5152 1321 5205 demonstratus
1370 5148 1566 5203 fuerit.
1602 5149 1752 5204 Arth.
1787 5154 1970 5203 Antea

310 5246 782 5302 demonstratum
831 5245 948 5307 est,
980 5254 1109 5294 esse
1140 5237 1426 5292 divinum.
1460 5237 1659 5292 Maced.
1692 5237 1801 5292 Sed
1853 5254 1967 5292 non

2089 4611 2184 4666 οῦν
2216 4615 2305 4666 καὶ
2337 4614 2483 4686 παρὰ
2514 4618 2631 4683 σοῦ,
2670 4615 2744 4686 μὴ
2799 4615 2930 4669 εἶναι
2979 4615 3030 4670 ἐν
3079 4621 3195 4677 τοῖς
3237 4616 3497 4688 κτίσμασι
3531 4615 3756 4691 Πνεῦμα

2087 4699 2338 4756 τοιοῦτο.
2401 4698 2618 4758 Manes.
2680 4701 3092 4777 Ὀμολογεῖται.
3150 4706 3294 4780 Ὀρθ.
3352 4701 3589 4778 Ἴδωμεν
3659 4703 3758 4759 οῦν

2089 4791 2301 4861 λοιπὸν,
2338 4791 2381 4843 εἱ
2441 4789 2539 4844 οὐκ
2595 4787 2712 4865 ἔχει
2775 4791 2908 4863 μετὰ
2967 4792 3176 4868 Πατρὸς
3204 4793 3294 4847 καὶ
3330 4793 3454 4848 Υἱοῦ
3483 4794 3584 4861 τήν
3613 4795 3758 4849 κατᾶ

2086 4880 2239 4958 φύσιν
2297 4879 2601 4936 κοινωνίαν.
2651 4877 2856 4938 Manu-:3.
2891 4885 3060 4935 Τοῦτο
3107 4881 3196 4936 ἐὰν
3249 4879 3472 4957 δειχθῇ,
3521 4880 3752 4959 ἐδείχθη

2083 4968 2170 5022 καὶ
2221 4967 2370 5028 Θεός.
2406 4969 2551 5041 ’(ὶρΘ.
2585 4968 2733 5030 Τέως
2793 4969 3012 5041 Πνεῦμα
3062 4975 3204 5032 θεῖον
3252 4966 3498 5044 ἐδείχθη.
3536 4968 3754 5027 Μακεδ.

2084 5055 2242 5112 Ἀλλ’
2289 5055 2350 5110 οὐ
2403 5056 2566 5117 Θεός.
2619 5057 2786 5132 Ὀρθ.
2840 5058 2960 5112 Ἐὰν
3011 5059 3331 5131 ἀκούσωμεν
3381 5057 3605 5115 Παύλου
3655 5064 3760 5114 τοῦ

2079 5144 2391 5201 ἀποστόλου
2424 5143 2812 5220 λέγοντος,τὸν
2837 5147 2966 5202 Θεὸν
2995 5145 3165 5221 μηδὲν
3189 5146 3331 5204 ἄλλο
3366 5148 3500 5202 εἶναι
3523 5149 3558 5218 ἢ
3582 5151 3732 5204 Θεῖον

2080 5235 2282 5311 ἀνάγκη
2345 5213 2625 5300 συνθέσθαι
2682 5235 2744 5291 τὸ
2804 5237 2946 5293 Θεῖον
2995 5213 3137 5293 ἐἶναι
3195 5237 3347 5293 Θεόν.
3400 5213 3614 5296 Mam-i5.
3663 5213 3762 5296 Οῦ

381 5417 426 5454 ¹²
457 5415 571 5472 Tit.
604 5431 690 5483 ιιι,
722 5415 776 5468 5.
857 5412 900 5446 ¹³
932 5413 952 5466 I
985 5410 1112 5466 Cor.
1147 5426 1187 5477 ι,
1217 5411 1271 5465 9.
1350 5408 1393 5444 ¹⁸
1423 5409 1565 5466 Gen.
1599 5424 1638 5477 ι,
1668 5407 1760 5464 26.
1837 5409 1879 5444 ³⁵
1906 5409 1987 5466 Jol

2102 5425 2246 5478 :xm,
2277 5409 2330 5464 4.
2408 5409 2451 5444 ¹⁰
2482 5407 2631 5464 Ibid.
2664 5407 2718 5477 3,
2751 5408 2805 5464 4.
2885 5410 2928 5446 ¹’¹
2957 5409 3091 5468 Job.
3121 5425 3301 5482 XXVII,
3330 5409 3388 5480 2,
3417 5411 3475 5471 3.

401 5586 492 5657 28)
527 5585 621 5657 Sic
654 5584 836 5640 Palat.
876 5586 1054 5657 recte.
1085 5579 1244 5657 Editi
1273 5594 1434 5657 vero,
1461 5577 1586 5650 παρ’
1619 5575 1769 5657 ὑμὶν.

401 5587 492 5657 28)
527 5587 621 5640 Sic
654 5587 836 5640 Palat.
876 5587 1054 5638 recte.
1087 5587 1240 5635 Editi
1273 5594 1426 5646 vero,
1461 5587 1586 5650 παρ’
1619 5587 1769 5650 ὑμῖν.

377 5587 490 5742 ίῖθ)
524 5656 852 5728 Palatinus,
873 5656 1098 5730 Πνεῦμα
1126 5653 1272 5709 Θεοῦ.
1294 5650 1475 5708 Paulo
1505 5656 1638 5725 post
1664 5665 1960 5709 manuscr.

2084 5579 2320 5649 Ἐλιούς,
2353 5584 2410 5637 et
2440 5580 2592 5637 infra
2621 5580 2910 5638 similiter.

2146 5653 2280 5729 (29‘)
2311 5652 2488 5726 Editi,
2515 5653 2776 5730 κεκρινεν.
2807 5653 2968 5712 Εωτ.

4055 4457 4059 4527 λ

4053 4537 4057 4617 l

4053 4619 4055 4709 ί

4049 4727 4053 4810 l

4045 4811 4051 4893 ί

4047 4907 4049 4985 l

4044 5007 4047 5075 ⁴
