4092 6218
344 434 502 496 1233

1303 434 1405 495 DE
1451 435 1757 496 SANCTA
1802 431 2224 493 'l‘RlNITATE
2271 433 2658 496 DIALOGUS
2707 433 2810 493 IIl.

3605 436 3761 498 1234

342 569 578 630 πάντως.
637 565 776 626 Οὐδὲ
833 567 935 643 γὰρ
995 563 1182 636 ἐπειδὴ
1231 567 1258 622 6
1307 567 1434 629 Θεὸς
1489 567 1731 638 Πνεῦμα,
1783 563 1873 619 καὶ
1928 564 1975 619 τε

2107 569 2195 622 est
2229 567 2398 623 Deus.
2435 568 2591 626 Orth.
2625 569 2679 624 Si
2710 587 2777 626 ex
2826 569 3007 626 Paulo
3057 569 3318 642 apostolo
3372 570 3756 637 audierimus,

343 659 485 714 θεῖον
536 659 758 732 Πνεῦμα
806 660 917 730 (30)
969 655 1119 719 Θεὸς.
1172 658 1284 714 ΙΙοῦ
1327 654 1385 712 δὶ
1431 657 1755 733 γέγραπται,
1806 655 1834 708 6
1865 653 1995 716 Θεὸς

343 748 526 816 θεῖον;
576 749 726 824 Ὀρθ.
779 748 863 802 Ἐν
912 750 1030 808 ταῖς
1077 746 1301 822 Πράξεσι
1350 750 1458 801 τῶν
1492 744 1810 801 ἀποστόλων
1843 743 1991 818 λέγει

956 835 1110 896 Γένος
1163 833 1254 889 οὖν
1309 836 1644 910 ὑπάρχοντες
1704 837 1804 887 τοῦ
1831 836 1988 904 Θεοῦ,

339 923 438 982 οὐκ
485 924 777 1004 ὀφείλομεν
825 923 1066 998 νομίζειν
1112 929 1303 1000 χρυσῷ
1331 925 1366 994 ἢ
1401 923 1639 1001 ἀργύρῳ,
1673 921 1985 998 χαράγματι

335 1015 539 1091 τέχνης
596 1014 685 1070 καὶ
743 1014 1090 1088 ἐνθυμήσεως
1145 1014 1469 1088 ἀνθρώπων,
1526 1013 1588 1069 τὸ
1648 1015 1790 1067 θεῖον
1852 1011 1984 1065 εἶναι

343 834 558 898 Παῦλος
615 836 810 897 οὕτως’
874 860 901 886 ‹‹

337 1103 556 1177 ὅμοιον.
589 1127 618 1156 n

2104 655 2289 712 Deum
2323 657 2468 713 nihil
2500 657 2659 715 aliud
2684 676 2832 728 esse,
2858 677 3032 732 quam
3060 660 3351 730 divinum,
3377 677 3611 716 necesse
3643 661 3759 717 fue-

2105 745 2178 800 rit
2207 749 2542 816 concedere,
2599 749 2681 816 id,
2739 750 2891 820 quod
2951 749 3212 804 divinum
3247 755 3354 820 est,
3396 756 3572 805 Deum
3605 766 3753 807 esse.

2101 833 2297 890 Maccd.
2333 836 2456 891 Non
2493 855 2750 909 prorsus.
2785 839 2983 910 Neque
3015 839 3170 893 enim
3219 839 3450 894 etiamsi
3493 845 3638 895 Deus
3669 844 3759 896 est

2099 922 2374 996 Spiritus,
2409 925 2626 983 idcirco
2659 927 2891 983 divinus
2925 945 3155 1000 quoque
3178 928 3434 999 Spiritus
3469 935 3556 984 est
3579 929 3752 986 Deus.

2097 1010 2346 1068 Ubinam
2395 1031 2528 1070 vero
2588 1016 2876 1088 scriptum
2917 1023 3005 1072 est
3036 1017 3218 1073 Deum
3267 1035 3393 1073 esse
3443 1018 3756 1074 divinum?

2097 1102 2259 1156 Orth.
2298 1105 2356 1157 In
2393 1104 2548 1159 Actis
2581 1105 2983 1178 apostolorum
3033 1106 3117 1161 sic
3167 1106 3429 1178 loquitur
3483 1107 3700 1163 Paulus
3735 1124 3746 1161 :

337 1215 368 1245 «
398 1195 594 1251 Genus
625 1209 762 1267 ergo
794 1209 928 1249 eum
961 1193 1150 1249 simus
1181 1193 1301 1264 Dei,
1336 1210 1452 1248 non
1484 1192 1766 1248 debemus
1795 1189 2084 1246 aestimare
2112 1205 2254 1245 auro
2284 1196 2386 1246 aut
2416 1198 2674 1265 argento,
2718 1193 3031 1260 scalpturae
3079 1194 3220 1250 artis
3268 1200 3324 1249 et
3379 1195 3750 1266 cogitationis

339 1283 672 1354 hominum,
706 1283 974 1338 divinum
1005 1297 1136 1339 esse
1164 1281 1356 1338 simile
1388 1282 1451 1338 ‘3.
1485 1303 1514 1332 »ι

405 1391 496 1445 20.
530 1386 738 1446 Μακεδ.
791 1388 1008 1451 Φθὰσας
1058 1385 1232 1456 εἷπον,
1283 1387 1364 1441 δτι
1418 1385 1514 1440 κᾶν
1548 1388 1646 1454 θῶ,
1682 1382 1762 1438 ὅτι
1795 1384 1823 1437 ὁ
1855 1383 1982 1444 Θεὸς

330 1477 556 1550 Πνεῦμά
599 1475 760 1548 ἐστιν,
814 1475 876 1530 οὗ
923 1476 1140 1537 πάντως
1189 1475 1278 1530 καὶ
1309 1476 1371 1530 τὸ
1405 1476 1546 1530 Θεῖον
1579 1476 1798 1546 Πνεῦμα
1827 1472 1980 1533 Θεός.

331 1565 482 1642 Ὀρθ.
534 1565 595 1620 Εἴ
641 1559 794 1620 οὐῖὶν
848 1568 955 1619 τῶν
1007 1565 1318 1637 κτισμάτων
1365 1568 1583 1636 Πνεῦμα
1628 1564 1794 1631 θεῖον,
1829 1557 1980 1615 οὐδὲν

329 1659 552 1727 Πνεῦμα
628 1653 960 1730 ἁγιωσύνης,
1036 1654 1188 1708 κοινὰ
1264 1650 1320 1707 δὲ
1384 1657 1550 1707 ταῦτα
1611 1652 1842 1725 Πατρὸς,
1892 1650 1982 1704 καὶ

331 1745 483 1812 Υἱοῦ,
526 1743 616 1798 καὶ
671 1743 828 1818 ἁγίου
879 1741 1215 1815 Ηνεύματος⁸
1264 1748 1364 1811 τῆς
1413 1740 1577 1810 αὐτῆς
1617 1736 1719 1816 ἄρα
1773 1738 1981 1818 φύσεως

328 1833 538 1904 Πατὴρ,
589 1834 677 1888 καὶ
724 1832 869 1894 Υἱὸς.
921 1831 1011 1886 καὶ
1061 1832 1216 1907 ἅγιον
1271 1835 1504 1903 Πνεῦμα.
1561 1827 1768 1887 Μακεδ.
1801 1829 1979 1899 Δεῖξον

2163 1385 2251 1440 20.
2285 1388 2490 1443 Μιιεεά.
2521 1389 2658 1444 ,Ιαιη
2697 1390 2863 1460 prius
2911 1390 3192 1460 dixeram,
3235 1389 3466 1445 etiamsi
3497 1406 3745 1460 posuero

2094 1473 2277 1530 Deum
2311 1493 2439 1533 esse
2468 1478 2779 1550 Spiritum,
2813 1496 2926 1534 non
2960 1481 3224 1551 protinus
3256 1479 3445 1550 sequi,
3482 1477 3746 1534 divinum

2092 1563 2267 1619 etiam
2299 1566 2583 1638 Spiritum
2615 1585 2744 1624 esse
2778 1573 2979 1625 Deum.
3011 1569 3168 1628 Orth.
3207 1569 3262 1624 Si
3299 1585 3490 1624 rerum
3522 1573 3745 1624 creata-

2093 1669 2223 1708 rum
2259 1654 2419 1710 nulla
2449 1661 2537 1712 est
2566 1657 2821 1728 Spiritus
2854 1658 3110 1728 divinus,
3145 1657 3306 1713 nulla
3356 1662 3443 1712 est
3493 1657 3745 1728 Spiritus

2092 1743 2598 1802 sanctiﬁcationis:
2633 1746 2754 1801 haac
2786 1751 2979 1802 autem
3013 1747 3350 1802 communia
3381 1752 3518 1802 sunt
3565 1747 3740 1814 Patri,

2095 1829 2255 1898 Filio,
2290 1836 2345 1887 et
2384 1833 2630 1906 Spiritui
2672 1839 2898 1906 sancto,
2943 1851 3154 1907 nempe
3203 1835 3466 1905 ejusdem
3518 1840 3738 1889 natura

331 1920 447 1995 οῦν,
497 1918 602 1990 ὅτι,
664 1920 844 1998 ὥσπερ
893 1923 922 1976 6
969 1921 1153 1995 Πατὴρ
1203 1919 1398 1995 ἐγείρει
1441 1918 1569 1981 τοὺς
1619 1917 1839 1996 νεκροὺς
1886 1918 1975 1972 καὶ

2089 1918 2304 1975 fuerint
2340 1922 2528 1992 Pater,
2581 1923 2786 1992 Filius,
2817 1928 2874 1979 et
2923 1924 3175 1996 Spiritus
3223 1929 3484 1979 sanctus.
3534 1924 3737 1978 Maced.

333 2015 615 2080 ζωοποιεῖ,
666 2009 878 2085 ὁμοίως
925 2007 986 2066 δὲ
1023 2009 1111 2064 καὶ
1145 2009 1173 2063 6
1207 2009 1348 2076 Υἱὸς,
1383 2007 1524 2062 οὕτω
1551 2007 1637 2062 καὶ
1671 2007 1731 2062 τὸ
1763 2011 1977 2080 Πνεῦμα

334 2105 611 2170 ζωοποιεῖ.
673 2101 823 2176 Ὀρθ.
875 2098 1030 2176 Λέγει
1089 2095 1327 2160 Παῦλοςο
1381 2122 1408 2148 ι(
1469 2097 1653 2170 Ὑμεῖς
1699 2093 1756 2150 δὲ
1803 2094 1976 2151 οὐκέτ’

331 2188 449 2245 ἐστὲ
497 2189 548 2244 ἐν
601 2189 780 2265 σαρκὶ,
832 2187 981 2264 εἴπερ
1035 2191 1254 2260 Πνεῦμα
1280 2191 1378 2242 τοῦ
1410 2191 1542 2242 Θεοῦ
1574 2185 1712 2240 οἰκεῖ
1740 2185 1792 2240 έν
1825 2185 1974 2258 ὑμῖν.

2087 2007 2337 2066 Ostende
2369 2011 2566 2083 igitur,
2601 2013 2753 2069 sicut
2781 2018 2952 2070 Pater
2982 2014 3192 2069 excitat
3239 2025 3522 2082 mortuos,
3559 2019 3616 2068 et
3651 2013 3735 2068 vi-

2087 2097 2302 2170 viﬁcat,
2336 2106 2393 2156 et
2425 2101 2605 2156 Filius
2636 2119 2890 2173 quoque,
2923 2103 3002 2158 ita
3044 2102 3222 2158 etiam
3269 2102 3546 2174 Spiritum
3597 2119 3736 2158 san-

2089 2191 2245 2242 ctum
2278 2189 2588 2246 vivificare.
2622 2192 2778 2248 Orth.
2836 2191 2979 2246 Dicit
3027 2191 3244 2247 Paulus
3279 2208 3291 2246 :
3333 2213 3360 2245 ιι
3388 2191 3505 2247 Vos
3537 2195 3734 2247 autem

330 2279 394 2337 Et
441 2277 498 2334 δέ
543 2301 627 2342 τις
682 2283 899 2352 Πνεῦμα
956 2279 1190 2353 Χριστοῦ
1221 2276 1319 2331 οὐκ
1349 2274 1488 2352 ἔχει,
1516 2274 1676 2338 οὗτος
1707 2274 1807 2330 οὐκ
1835 2272 1974 2330 ἔστιν

2089 2275 2200 2347 iam
2233 2294 2347 2333 non
2379 2278 2520 2334 estis
2545 2279 2602 2334 in
2625 2280 2882 2347 carne,si
2914 2284 3110 2336 tamen
3138 2280 3389 2352 Spiritus
3425 2280 3523 2337 Dei
3561 2280 3736 2336 babi-

327 2370 443 2443 (31)
475 2367 660 2424 αὐτοῦ.
715 2367 779 2422 Εἰ
831 2364 889 2423 δὲ
935 2367 1162 2443 Χριστὸς
1210 2366 1261 2421 έν
1297 2367 1442 2440 ὑμῖν,
1478 2367 1542 2421 τὸ
1578 2367 1671 2439 μὲν
1706 2369 1864 2438 σῶμα
1893 2385 1977 2419 νε-

326 2458 457 2534 κρὸν
488 2455 559 2511 δι’
607 2456 893 2534 ἁμαρτίαν,
942 2457 1006 2511 τὸ
1056 2454 1114 2510 δὲ
1158 2457 1381 2528 Πνεῦμα
1432 2456 1545 2524 ζωὴ
1587 2452 1676 2509 διὰ
1707 2452 1978 2509 δικαιοσύ-

325 2567 446 2617 νην.
481 2547 547 2604 Εἰ
579 2545 636 2601 δὲ
662 2548 725 2602 τὸ
757 2551 974 2619 Πνεῦμα
1007 2549 1104 2600 τοῦ
1135 2544 1442 2620 ἰγείραντος
1499 2546 1708 2614 Ἰησοῦν
1750 2543 1974 2619 Χριστὸν

325 2635 490 2690 οἰκεῖν
525 2634 578 2690 ἐν
615 2635 765 2708 ὑμῖν,
799 2637 828 2689 6
861 2634 1068 2710 ἐγείρας
1101 2635 1326 2710 Χριστὸν
1362 2633 1412 2687 έν
1445 2637 1646 2707 νεκρῶν
1702 2634 1976 2702 ζωοποιή-

325 2745 405 2779 σει
453 2724 542 2779 καί
586 2725 654 2778 τὰ
699 2724 866 2794 Θνητὰ
916 2725 1141 2797 σώματα
1186 2723 1338 2796 ὑμῶν
1389 2721 1479 2777 8ιὰ
1513 2726 1611 2776 τοῦ
1642 2721 1979 2783 ἐνοικοῦντος

329 2813 494 2868 αὐτοῦ
553 2811 866 2886 Πνεῦματος
910 2812 960 2867 ἐν
1011 2813 1161 2885 ὑμῖν.
1216 2835 1244 2863 ››
1296 2809 1501 2870 Μακεδ.
1558 2811 1742 2873 Οὕτως
1794 2810 1855 2865 οὐ
1887 2810 1977 2885 γέ-

330 2922 586 2978 γραπται,
643 2899 731 2958 διὰ
784 2907 882 2957 τοῦ
942 2901 1300 2972 ἐνοικοῦντος,
1360 2899 1506 2957 ἀλλὰ
1577 2899 1639 2954 τὸ
1713 2899 1975 2956 ἐνοικοῦν.

331 2993 483 3068 Ὀρθ.
544 2992 666 3047 Ἐὰν
715 2989 930 3068 δειχθῇ,
981 2989 1066 3046 ὅτι
1115 3015 1144 3042 ‹‹
1195 2989 1283 3045 διὰ
1319 2995 1415 3045 τοῦ
1447 2989 1780 3051 ἐνοικοῦντος
1842 3013 1868 3041 ››
1899 2987 1980 3065 γέ-

331 3101 566 3158 γραπται
643 3080 828 3156 πείθῃ,
906 3079 988 3135 ὅτι
1062 3087 1162 3150 τῆς
1243 3079 1407 3150 αὐτῆς
1485 3079 1596 3136 ἐστι
1652 3078 1860 3157 φύσεως
1919 3079 1979 3132 τὸ

333 3173 557 3242 Πνεῦμα
601 3169 774 3244 Πατρὶ
819 3167 910 3224 καὶ
957 3171 1103 3241 Υἱῷ;
1158 3165 1362 3225 Μακεδ.
1422 3168 1544 3226 Ἐὰν
1588 3165 1679 3222 οῦν
1722 3188 1826 3221 που
1853 3163 1908 3220 ἓν
1941 3167 1974 3236 ἢ

2089 2369 2173 2421 tat
2194 2365 2252 2421 in
2271 2367 2528 2424 vobis.Si
2554 2369 2684 2440 quis
2716 2369 2815 2440 qui
2848 2374 3042 2424 autem
3073 2369 3352 2442 Spiritum
3377 2370 3587 2426 Christi
3622 2389 3738 2426 non

2089 2454 2284 2525 habet,
2313 2457 2362 2512 is
2393 2474 2504 2512 non
2539 2463 2628 2514 est
2655 2458 2800 2528 ejus.
2836 2458 2889 2512 Si
2925 2463 3119 2514 autem
3151 2459 3417 2516 Christus
3460 2461 3518 2514 in
3579 2462 3743 2515 vobis

2089 2549 2177 2600 est
2205 2563 2415 2618 corpus
2449 2548 2684 2618 quidem
2711 2552 3006 2602 mortuum
3029 2553 3118 2604 est
3144 2553 3380 2622 propter
3414 2555 3741 2621 peceatum,

2087 2635 2339 2706 Spiritus
2369 2653 2500 2692 vero
2540 2636 2654 2693 vita
2683 2641 2768 2692 est
2829 2640 3067 2709 propter
3106 2639 3423 2709 justitiam.
3475 2639 3639 2703 Quod
3692 2639 3742 2692 si

2089 2719 2340 2796 Spiritus
2370 2726 2625 2798 ejus,qui
2648 2727 3173 2782 suscitavitJesum
3197 2727 3494 2783 Christum
3524 2746 3556 2782 a
3580 2745 3739 2782 mor-

2089 2814 2230 2877 tuis,
2271 2814 2498 2870 habitat
2537 2816 2592 2871 in
2636 2815 2820 2883 vobis,
2871 2815 2970 2888 qui
3020 2817 3323 2871 suscitavit
3374 2816 3668 2871 Christum
3703 2832 3738 2871 θ.

2091 2902 2339 2958 mortuis
2375 2903 2683 2960 vivilicahit
2713 2921 2940 2976 quoque
2974 2906 3244 2961 mortalia
3274 2923 3515 2977 corpora
3542 2909 3738 2961 vestra

2090 3007 2191 3062 per
2219 2991 2642 3048 inhabitantem
2677 2993 2958 3065 Spiritum
2991 2996 3118 3066 ejus
3150 2995 3205 3049 in
3245 2995 3404 3050 vobis
3452 2996 3514 3048 η.
3557 3018 3576 3042 υ
3631 2995 3738 3048 Μα-

2087 3080 2198 3136 ced.
2231 3086 2356 3136 Non
2387 3081 2468 3136 ita
2499 3082 2781 3154 scriptum
2815 3087 2923 3148 est,
2950 3107 2969 3132 ι
2998 3101 3098 3154 per
3129 3083 3618 3152 inhabitantem,»
3633 3083 3733 3137 sed

2096 3190 2116 3219 ι
2135 3174 2369 3242 propter
2387 3170 2399 3222 i
2415 3169 3109 3229 nhabitantem.»Orlh.Si
3137 3173 3443 3228 ostendero
3464 3173 3736 3244 scriptum

333 3255 581 3334 δεύτερον
630 3257 952 3336 ἀντίγραφον
1006 3256 1196 3331 εὑρεθῇ
1247 3253 1588 3333 ἐσφαλμένον
1647 3255 1970 3357 παρ’ᾒὺμῖν,

2089 3276 2236 3329 esse,
2261 3281 2288 3310 ‹‹
2315 3276 2417 3330 per
2441 3259 2889 3327 inhabitantem,
2915 3285 2943 3311 ››
2968 3279 3108 3316 num
3129 3261 3232 3316 tibi
3251 3279 3600 3332 persuasum
3621 3263 3738 3318 fue-

327 3347 388 3402 έκ
442 3346 643 3402 τούτου
701 3342 848 3422 ἔχεις
912 3367 978 3420 με
1025 3351 1245 3415 πεῖσαι;
1298 3346 1443 3419 Ὀρθ.
1489 3349 1734 3420 ’Έχομεν
1784 3341 1969 3414 δεῖξαι.

325 3437 410 3492 ὃτι
461 3435 512 3491 έν
561 3435 715 3498 ὅλοις
763 3441 879 3498 τοῖς
928 3435 1182 3511 ἀρχαίοις
1232 3435 1575 3511 ἀντιγράφοις
1607 3434 1749 3488 οὕτω
1780 3432 1973 3509 γέγρα-

325 3545 474 3583 πται.
538 3525 686 3580 Ἐπεὶ
737 3521 795 3579 δὶ
840 3523 1084 3598 νομίζεις
1138 3528 1300 3579 τοῦτο
1351 3520 1764 3599 ἀντιλεγόμενον
1815 3522 1969 3595 εἶναι,

324 3613 785 3693 πληροφορήθητι
836 3613 924 3669 καὶ
979 3613 1030 3684 ἐξ
1078 3611 1258 3683 ἄλλης
1303 3619 1573 3691 γραφικῆς
1627 3609 1968 3682 ἀποδείξεως.

327 3700 532 3761 Μακεδ.
592 3702 744 3760 Εἰπέ·
799 3707 960 3758 τοῦτο
1017 3708 1119 3778 γὰρ
1168 3701 1520 3777 ἀντιλέγεται.
1556 3702 1699 3775 Ὀρθ.
1733 3699 1886 3777 Λέγει
1943 3701 1971 3755 6

326 3793 486 3854 αὐτὸς
534 3793 564 3846 6
613 3793 768 3866 ἅγιος
820 3789 1063 3853 Παῦλος·
1118 3815 1145 3842 ι(
1193 3789 1312 3866 Οὐχ
1358 3789 1442 3844 ὅτι
1490 3789 1666 3845 ἱκανοί
1693 3789 1850 3863 ἐσμεν
1883 3789 1972 3868 ἀφ’

328 3883 529 3937 ὲαιτῶν
564 3879 876 3956 λογίσασθαί
904 3903 979 3953 τι,
1012 3882 1086 3942 ὡς
1120 3880 1170 3951 ἐξ
1202 3880 1426 3951 ἑαυτῶν,
1459 3879 1584 3936 ἀλλ’
1632 3883 1666 3949 ἡ
1717 3879 1971 3950 ἱκανότης

325 3973 489 4043 ἡμῶν
539 3970 599 4026 ἐκ
639 3975 734 4025 τοῦ
782 3975 936 4026 Θεοῦ·
986 3969 1043 4032 ὅς
1096 3969 1185 4024 καὶ
1223 3969 1481 4025 ἱκάνωσεν
1515 3973 1661 4042 ἡμᾶς
1692 3965 1973 4031 διακόνους

328 4060 528 4126 Καινῆς
578 4059 877 4128 Διαθήκης,
929 4057 990 4112 οὐ
1040 4057 1389 4133 γράμματος,
1441 4055 1587 4113 ἁλλὰ
1633 4056 1970 4130 Ιῐνεύματος.

323 4147 395 4201 Τὸ
423 4147 524 4221 γὰρ
554 4147 786 4220 γράμμα
817 4145 1143 4216 ἀποκτείνει,
1175 4146 1237 4201 τὸ
1271 4144 1329 4201 δὲ
1361 4151 1582 4218 Πνεῦμα
1633 4151 1909 4216 ζωοποιεῖ.
1946 4171 1966 4200 ι

325 4233 532 4292 Μακεδ.
583 4239 882 4290 Ζωοποιεῖν
936 4234 1146 4312 λέγεται
1190 4236 1252 4290 τὸ
1302 4235 1407 4289 ἀπὸ
1469 4236 1745 4310 ἁμαρτιῶν
1826 4236 1974 4309 ἄγειν

323 4324 405 4385 εἰς
435 4321 802 4393 δικαιοσύνην.
856 4323 933 4381 Οὐ
988 4325 1092 4396 μὴν
1145 4323 1340 4398 ἐγείρει
1392 4322 1633 4398 νεκροὺς,
1678 4323 1752 4384 ὡς
1785 4325 1812 4378 ὁ
1843 4329 1972 4399 Χρι-

322 4414 449 4475 στὸς
495 4410 735 4488 ἤγειρεν
789 4414 940 4488 Ὀρο.
987 4411 1206 4474 Παῦλος
1257 4413 1284 4466 6
1323 4411 1630 4473 ἀπόστολος
1662 4410 1853 4488 ἤγειρε
1879 4413 1970 4467 τὸν

323 4499 574 4577 Εὔτυχον
629 4497 989 4570 ἀποθανόντα,
1041 4503 1076 4570 ἢ
1129 4499 1229 4568 oti;
1291 4499 1498 4558 Μακεδ.
1565 4499 1718 4556 Ἀλλ’
1766 4501 1866 4555 οὐκ
1907 4501 1974 4570 ἦν

327 4590 544 4653 Παῦλος
575 4592 603 4645 6
635 4592 953 4662 ἀναστήσας,
985 4587 1112 4644 ἀλλ’
1158 4591 1186 4643 6
1216 4589 1266 4644 ἐν
1296 4580 1504 4661 Παύλῳ
1547 4588 1792 4660 λαλήσας
1842 4596 1971 4665 Χρι-

2088 3349 2181 3416 rit,
2215 3349 2642 3419 ejusdem°esse
2673 3355 2913 3418 naturas,
2957 3350 3240 3422 Spiritum
3292 3356 3466 3422 atque
3507 3351 3737 3406 Patrem

2081 3441 2135 3494 et
2167 3437 2426 3492 Filium?
2457 3439 2674 3493 Macati.
2710 3440 2794 3493 An
2845 3455 2996 3509 vero,
3039 3442 3089 3495 si
3144 3457 3326 3494 unum
3380 3447 3436 3494 et
3488 3439 3738 3496 alterum

2083 3527 2431 3583 mendosum
2481 3526 2778 3599 exemplar
2825 3529 2978 3599 apud
3031 3545 3130 3584 vos
3180 3529 3529 3596 inveniatur,
3601 3530 3738 3584 inde

2082 3617 2225 3672 illud
2261 3615 2402 3671 mihi
2433 3616 2798 3688 persuaseris
2827 3620 2849 3672 ξ’
2877 3619 3036 3675 Orlh.
3077 3618 3398 3674 Possumus
3431 3619 3735 3672 ostendere

2082 3706 2165 3761 ita
2197 3706 2252 3760 in
2286 3706 2512 3762 cunctis
2545 3706 2792 3762 vetustis
2808 3705 3242 3778 exemplaribus
3265 3707 3550 3776 scriptum
3583 3723 3731 3762 esse.

2082 3796 2368 3862 Quoniam
2399 3799 2595 3851 tamen
2629 3795 2699 3850 de
2730 3795 2837 3850 hoc
2865 3796 3214 3851 controverti
3247 3796 3570 3858 existimas,
3605 3795 3734 3851 aliis

2083 3883 2280 3955 petitis
2311 3901 2380 3940 ex
2411 3884 2713 3954 Scriptura
2737 3883 3338 3938 demonstrationibus
3364 3883 3575 3937 certior
3605 3884 3732 3938 ﬁas.

2081 3973 2278 4028 Maced.
2312 3973 2429 4027 Has
2461 3971 2638 4042 igitur
2667 3971 2879 4042 profer,
2912 3989 3048 4028 nam
3077 3971 3223 4027 illud
3255 3972 3312 4026 in
3344 3972 3734 4027 controversia

2083 4067 2193 4116 est.
2224 4062 2383 4119 Orth.
2414 4061 2574 4116 Idem
2607 4060 2821 4116 Paulus
2855 4060 2994 4115 dicit
3024 4079 3042 4116 :
3069 4084 3088 4109 ιι
3124 4061 3249 4115 Non
3284 4061 3436 4130 quod
3469 4078 3532 4114 ex
3563 4059 3730 4116 nobis

2083 4149 2226 4221 ipsis
2263 4148 2452 4204 idonei
2485 4149 2672 4203 simus
2707 4150 2965 4222 cogitare
3000 4149 3223 4220 aliquid
3255 4166 3322 4204 ex
3352 4150 3539 4216 nobis,
3563 4149 3732 4220 quasi

2081 4256 2149 4295 ex
2177 4237 2473 4306 nobis,sed
2505 4238 2656 4309 quod
2683 4237 2876 4292 idonei
2897 4255 3127 4305 sumus,
3163 4237 3216 4293 id
3244 4255 3310 4294 ex
3335 4238 3450 4293 Deo
3470 4244 3558 4292 est
3584 4254 3597 4292 :
3632 4238 3730 4308 qui

2080 4327 2258 4384 etiam
2293 4327 2426 4383 fecit
2459 4332 2520 4381 ut
2551 4326 2742 4381 idonei
2781 4327 3030 4382 ministri
3063 4343 3330 4382 essemus
3356 4327 3496 4382 Novi
3527 4327 3732 4381 Testa-

2085 4416 2410 4482 menti,non
2434 4415 2767 4480 litterae,sed
2799 4415 3304 4486 Spiritus.Littera
3324 4415 3478 4470 enim
3499 4413 3730 4480 occidit,

2081 4505 2335 4576 Spiritus
2367 4510 2560 4558 autem
2594 4504 2847 4558 vivificat
2878 4505 2941 4559 ³9.
2966 4527 2988 4554 ι
3026 4505 3224 4558 Maced.
3253 4503 3556 4558 Viviticare
3588 4503 3729 4558 diei-

2083 4601 2179 4649 tur
2209 4612 2240 4648 a
2263 4599 2497 4664 peccato
2524 4593 2593 4646 ad
2611 4593 2908 4663 justitiam
2938 4595 3260 4647 traducere.
3286 4597 3359 4646 At
3382 4609 3494 4646 non
3519 4593 3734 4648 excitat

325 4680 476 4742 στός.
511 4685 654 4756 Ὀρθ.
689 4656 949 4754 Καίτοιγε
979 4678 1200 4741 Παῦλος
1234 4678 1401 4754 λέγει,
1433 4656 1514 4734 ὅτι
1568 4702 1595 4729 (ι
1647 4656 1970 4753 Χριστὸςηέν

2089 4656 2366 4747 mortuos,
2427 4681 2578 4734 sicut
2611 4656 2906 4734 varistus
2961 4678 3251 4733 excitavit.
3314 4679 3477 4733 ()rth.
3514 4679 3730 4734 Paulus

327 4767 554 4842 δυνάμει
607 4769 926 4842 Ιινεύματος
976 4768 1132 4843 ἁγίου
1178 4767 1470 4838 πεποίηκεν
1517 4765 1568 4821 έν
1615 4765 1738 4840 ἐμοὶ
1781 4769 1847 4823 τὰ
1877 4790 1974 4839 ση-

330 4863 478 4932 μεῖα.
517 4884 537 4908 1
557 4857 730 4934 ⁵Λέγει
759 4858 863 4934 γὰρ
893 4857 1087 4927 οὕτως,
1119 4856 1202 4912 ὅτι
1234 4881 1262 4909 ι(
1299 4856 1373 4915 Οὐ
1401 4855 1596 4930 τολμῶ
1624 4878 1675 4911 τι
1721 4856 1830 4932 ἐγὼ
1878 4855 1972 4912 λέ-

321 4967 437 5022 γειν
488 4948 561 5001 ὢν
608 4946 670 5001 οὐ
719 4945 1105 5022 κατειργάσατο
1144 4947 1372 5019 Χριστὸς
1405 4943 1474 5000 δι’
1506 4944 1641 5018 ἐμοῦ
1673 4945 1827 5021 λόγῳ
1885 4947 1972 5002 καὶ

322 5034 495 5112 ἔργῳ,
544 5035 618 5097 εἰς
665 5036 910 5104 ὑπακοήν
971 5034 1158 5107 ἐθνῶν,
1203 5034 1254 5089 ἐν
1315 5032 1534 5106 δυνάμει
1581 5034 1822 5107 σημείων
1883 5036 1972 5090 καὶ

321 5125 588 5200 τεράτων,
643 5123 693 5179 ἐν
755 5122 978 5197 δυνάμει
1039 5123 1353 5197 Πνεῦματος
1420 5122 1594 5198 ἁγίου.
1659 5149 1679 5175 ι
1764 5123 1970 5181 Μακεδ.

322 5214 436 5269 Οὐκ
486 5212 706 5269 ἐδύνατο
755 5213 859 5290 γὰρ
907 5214 936 5268 6
967 5214 1196 5288 Χριστὸς
1246 5212 1370 5268 ἄνευ
1401 5216 1496 5266 τοῦ
1529 5212 1845 5286 Ιίνεύματος
1876 5218 1972 5268 τοῦ

323 5303 483 5380 ἁγίου
532 5310 757 5374 ποιῆσαι
800 5303 867 5358 τὰ
919 5308 1123 5376 σημεῖα
1164 5301 1253 5356 καὶ
1282 5301 1348 5356 τὰ
1373 5300 1605 5376 ripa-ca;
1661 5303 1807 5377 Ὀρθ.
1864 5303 1974 5359 Οὐκ

2081 4770 2390 4842 Apostolus
2425 4769 2748 4840 Eutychum
2797 4774 3096 4822 mortuum
3146 4768 3434 4833 excitavit,
3481 4785 3674 4822 annon
3703 4768 3731 4822 ‘I

2082 4859 2292 4915 Muced.
2327 4860 2396 4912 At
2427 4873 2542 4912 non
2599 4857 2648 4912 is
2679 4861 2770 4911 est
2825 4855 3062 4920 Paulus,
3094 4855 3189 4924 qui
3244 4855 3406 4910 illum
3440 4856 3728 4927 excitavit,

2083 4949 2181 5006 sed
2215 4948 2314 5020 qui
2347 4946 2577 5002 locutus
2605 4951 2695 5000 est
2727 4945 2783 4999 in
2817 4945 2992 4999 Paulo
3024 4943 3310 5000 Christus.
3350 4945 3497 5000 Orlh.
3532 4945 3728 5016 Atqui,

2081 5037 2273 5110 inquit
2297 5037 2548 5091 Paulus:
2581 5058 2606 5084 «ι
2637 5034 2906 5090 Christus
2939 5036 2993 5087 in
3028 5035 3238 5088 virtute
3259 5034 3515 5104 Spiritus
3544 5034 3729 5088 sancti

2082 5128 2216 5182 fecit
2246 5127 2305 5180 in
2341 5141 2432 5180 me
2462 5124 2650 5194 signa.
2689 5145 2716 5171 ››
2747 5123 2841 5178 Sic
2871 5123 3024 5178 enim
3061 5121 3138 5177 ait
3172 5139 3185 5176 :
3221 5144 3247 5171 ‹‹
3281 5123 3403 5178 Non
3437 5123 3595 5178 enim
3627 5139 3731 5177 au-

2081 5219 2188 5272 deo
2211 5214 2535 5286 quidQuam
2563 5211 2722 5283 loqui
2745 5212 2898 5282 quod
2923 5227 3036 5267 non
3068 5210 3321 5268 effecerit
3342 5213 3605 5266 Christus
3630 5228 3732 5281 per

2083 5323 2196 5374 me,
2230 5303 2406 5360 verbo
2437 5307 2494 5358 et
2527 5302 2676 5357 facto
2709 5302 2778 5356 ad
2813 5301 3202 5356 obedientiam
3236 5303 3521 5372 gentium,
3548 5300 3732 5354 invir-

397 5501 444 5539 ιε
474 5465 600 5557 Aet.
631 5516 773 5569 xvu,
801 5500 892 5556 29.
971 5499 1016 5536 ¹⁹
1044 5497 1211 5556 Rom.
1244 5511 1367 5566 vm,
1395 5497 1552 5556 9-11.
1630 5496 1678 5535 ²⁰
1709 5499 1756 5556 ΙΙ
1786 5499 1920 5558 Cor.
1951 5517 2037 5576 ιιι,
2067 5500 2124 5571 5;
2153 5501 2207 5557 6.

400 5688 644 5774 ‘Kal
672 5688 736 5774 E6
769 5692 920 5774 θεῖον.
957 5690 1185 5774 Πνεῦμα
1237 5687 1467 5774 abs-stus
1504 5687 1948 5761 manuscriptis.

325 5757 648 5820 Et'ibidem
680 5757 737 5816 δὲ
767 5761 929 5820 deest
956 5759 1016 5819 in
1057 5757 1498 5832 m‘anuscriptis.

2153 5672 2266 5760 (31')
2305 5686 2509 5754 Palat,
2541 5682 2713 5739 οὐκέτ’
2745 5681 2844 5738 οῦκ
2871 5680 3035 5739 ἔστιν.
