4092 6218
363 429 514 489 1235
1530 428 1595 487 S.
1642 420 2028 486 ATHANAS]

2152 465 2166 481 .
2192 456 2266 465 —
2290 422 2595 484 SPURIA.
3620 424 3789 486 1236

358 565 482 617 tute
514 561 815 633 signorum
865 565 921 616 et
963 560 1384 634 prodigiorum,
1417 559 1477 615 in
1507 558 1723 614 virtute
1753 555 2007 628 Spiritus

2149 550 2342 609 δύνατο
2390 553 2490 630 γὰρ
2550 555 2578 611 6
2637 554 2825 628 Πατὴρ
2887 552 3010 612 ἄνευ
3066 554 3168 612 τοῦ
3243 559 3373 613 Υἱοῦ
3433 559 3658 626 ποιῆσαι
3710 558 3789 612 τὰ

362 651 546 705 sancti
576 652 643 703 ¹¹.
676 673 703 701 ››
737 651 935 707 Maced.
987 655 1075 705 An
1121 667 1257 706 vero
1305 666 1419 705 non
1469 651 1697 721 poterat
1746 645 2013 701 Christus

2145 642 2325 712 rivru;
2380 643 2586 702 Μακεδ.
2640 645 2758 699 Ναί·
2810 644 2935 701 ἀλλ’
2982 645 3076 701 ἵνα
3129 646 3217 703 καὶ
3266 648 3388 709 Υἱὸς
3437 645 3789 722 δημιουργὸς

362 740 584 810 absque
635 740 851 811 Spiritu
902 745 1104 794 sancto
1149 741 1320 795 edere
1368 739 1537 809 signa
1584 741 1640 791 et
1695 735 2015 807 prodigia?

2145 734 2341 807 ἱειχθῇ.
2396 734 2541 806 Ὀρθ.
2596 737 2692 805 Tt}
2740 734 2886 806 αὑτῷ
2931 733 3103 811 λόγῳ,
3140 734 3437 809 δυνάμενος
3467 736 3557 790 xui
3590 738 3619 792 6
3654 737 3792 798 Υἱὸς

364 829 514 885 Orth.
543 829 743 884 Nonne
772 827 974 883 itidem
1006 834 1233 899 poterat
1260 833 1427 883 Pater
1448 828 1669 897 absque
1692 823 1836 880 Filio
1860 823 2012 880 458

2145 829 2347 891 τοιῆσαι
2404 823 2471 877 τὰ
2516 829 2718 896 σημεῖα
2766 823 2854 878 xui
2899 824 2967 878 τὰ
3012 824 3207 898 τέρατα
3255 828 3388 897 (3'3),
3439 830 3586 881 ποιεῖ
3615 825 3669 880 ἐν
3698 830 3792 897 τῷ

363 919 610 973 condere
644 918 888 974 omnia?
920 918 1115 974 Maccd.
1152 918 1338 973 Etiam
1367 934 1379 972 :
1407 919 1503 972 sed
1541 917 1557 987 (
1593 916 1770 971 «ideo
1802 930 1903 988 per
1920 914 2014 967 Fi-

2158 910 2420 983 Ῐνεῦματι,
2448 909 2540 967 ’ἱνα
2565 910 2761 987 δειχθῇ
2792 916 2880 967 xui
2908 913 2971 968 τὸ
3001 915 3228 988 Πνεῦμα
3257 915 3317 969 τὸ
3350 916 3502 991 ἅγιον
3532 915 3597 970 τὰ
3638 914 3787 968 αὖτᾶ

364 1006 509 1060 lium
544 1008 852 1062 condidit»
886 1010 905 1074 )
936 1012 1002 1062 ut
1033 1007 1241 1062 Filium
1274 1023 1504 1078 quoque
1550 1008 1855 1077 appareret
1886 1019 2015 1058 esse

2145 1004 2312 1054 ποιοῦν
2349 1005 2427 1072 τῷ
2462 1002 2634 1077 Πατρὶ
2664 1000 2753 1055 καὶ
2783 1006 2861 1073 τῷ
2891 1003 3021 1075 Υἱῷ.

368 1096 749 1150 conditorem.
787 1097 943 1151 Orth.
976 1097 1185 1151 Eadem
1222 1096 1463 1151 ratione.
1498 1095 1679 1149 Filius
1723 1110 1856 1148 cum
1907 1096 2107 1163 posset
2154 1093 2325 1146 edere
2373 1091 2544 1164 signa
2593 1097 2650 1148 et
2697 1093 2984 1165 prodigia,
3037 1094 3220 1148 edidit
3252 1111 3315 1149 ea
3348 1095 3403 1148 in
3436 1096 3679 1168 Spiritu,
3718 1100 3799 1150 ut

362 1186 695 1239 ostenderet
723 1184 1004 1255 Spiritum
1036 1191 1303 1239 sanctum
1336 1186 1535 1240 eadem
1570 1184 1757 1237 facere
1788 1199 1914 1253 quas
1952 1185 2119 1236 Pater
2151 1185 2205 1235 et
2236 1180 2438 1235 Filius.

432 1275 522 1327 21.
561 1274 759 1329 Mared.
790 1274 905 1328 Nos
936 1274 1219 1345 Spiritum
1254 1278 1523 1329 sanctum
1551 1290 1665 1327 non
1700 1287 2019 1343 possumus

364 1368 546 1417 Deum
581 1363 793 1417 dicere.
827 1365 980 1420 Orth.
1018 1363 1115 1417 Ais
1165 1363 1393 1418 divinas
1443 1363 1779 1433 Scripturas
1811 1378 1843 1415 a
1888 1360 2021 1431 Spi-

364 1452 480 1505 ritu
530 1456 733 1505 sancto
784 1452 1117 1507 enuntiatae
1164 1468 1265 1523 per
1313 1451 1628 1523 prophetas
1679 1454 1736 1503 et
1786 1452 2022 1520 aposto-

366 1540 475 1606 los,
512 1542 753 1595 annon?
784 1541 987 1596 Maced.
1037 1541 1161 1596 Aio.
1209 1542 1367 1600 Orth.
1420 1541 1566 1612 Ergo
1620 1538 1874 1611 Spiritus
1922 1532 2024 1609 qui

365 1646 465 1686 eos
496 1630 714 1684 afflavit
746 1632 894 1686 Deus
925 1636 1032 1686 cst.
1078 1631 1276 1686 Macati.
1326 1630 1488 1685 Absit
1518 1633 1583 1683 ut
1629 1628 1737 1683 hoc
1787 1628 1978 1683 dicam
2009 1625 2022 1681 !

368 1721 523 1777 Orth.
558 1721 613 1774 Si
648 1720 959 1791 Scriptura“:
992 1721 1063 1775 ab
1095 1720 1221 1792 ipso
1261 1719 1580 1791 inepiratas,
1631 1722 1769 1772 sunt
1821 1734 1851 1770 a
1913 1722 2024 1771 Deo

368 1808 689 1878 inspirata),
739 1808 876 1879 quid
930 1807 1089 1863 aliud
1148 1808 1405 1879 Spiritus
1460 1806 1559 1861 ille
1615 1805 1789 1860 fuerit
1846 1820 2023 1875 quam

370 1900 567 1953 Deus?
621 1897 819 1953 Maced.
871 1897 1126 1968 Spiritus
1184 1896 1283 1951 ille
1330 1895 1498 1952 nobis
1556 1894 2104 1978 subministravitB

376 1987 475 2042 Dei
511 1986 858 2057 doctrinam,
882 2004 1007 2059 quae
1037 1985 1253 2041 idcirco
1281 1985 1498 2041 dicitur
1520 2002 1552 2039 a
1574 1988 1684 2038 Deo
1716 1982 2020 2055 inspirata.

374 2076 535 2134 Orth.
568 2078 651 2130 An
686 2091 844 2141 vero,
875 2074 1151 2147 quoniam
1195 2074 1579 2130 sanctiﬁcatio
1608 2089 1724 2144 qua
1754 2088 1860 2127 nos
1890 2070 2026 2143 Spi-

374 2164 525 2219 ritus
557 2164 731 2219 etiam
756 2163 1102 2230 sanctiﬁcat,
1124 2168 1211 2219 est
1245 2164 1339 2218 Dei
1371 2162 1776 2227 sanctiﬁcatio,
1809 2160 2025 2215 idcirco

378 2269 494 2308 non
528 2257 617 2308 est
647 2253 719 2308 ab
751 2254 876 2324 ipso
898 2253 1151 2323 Spiritus
1174 2252 1559 2307 sanctiﬁcatio
1585 2250 1613 2305 ‘2
1644 2250 1849 2306 Μαρια.
1877 2254 2028 2304 Sane

379 2346 469 2397 est
499 2341 675 2397 etiam
708 2341 777 2396 ab
810 2341 937 2412 ipso
984 2341 1201 2413 Spiritu
1236 2339 1643 2396 sanctiﬁcatio.
1680 2340 1833 2396 Orlh.
1866 2339 2028 2393 Sicut

381 2446 519 2501 ergo
548 2430 931 2486 sanctiﬁcatio
962 2435 1051 2485 est
1081 2447 1110 2484 a
1142 2431 1329 2497 Patre,
1368 2429 1530 2496 Filio,
1563 2434 1620 2485 et
1647 2428 1864 2501 Spiritu
1899 2444 2029 2484 san-

387 2523 477 2574 cto
504 2537 516 2584 ;
551 2519 632 2573 ita
662 2522 718 2574 et
748 2535 914 2575 sacra
942 2519 1256 2589 Scriptura.
1292 2518 1563 2574 Doctrina
1592 2517 1770 2590 igitur
1797 2520 1887 2571 cst
1927 2516 2028 2570 Pa-

384 2608 513 2675 tris,
550 2606 699 2675 Filii,
734 2612 791 2663 et
820 2608 1072 2680 Spiritus
1103 2606 1307 2663 sancti.
1354 2609 1425 2662 At
1452 2607 1808 2679 Scripturam
1856 2605 2028 2677 proﬁ-

389 2700 546 2751 tetur
574 2700 815 2753 sanctus
846 2696 1061 2752 Paulus
1091 2713 1219 2753 esse
1249 2713 1283 2751 a
1303 2697 1419 2751 Deo
1448 2696 1795 2767 inspiratam
1831 2710 1843 2747 :
1876 2694 2031 2749 Deus

386 2788 474 2840 est
494 2785 676 2857 igitur
696 2785 885 2853 Pater,
908 2785 1089 2841 Filius
1112 2790 1169 2841 et
1190 2785 1441 2856 Spiritus
1459 2788 1718 2839 sanctus.
1738 2786 1918 2848 Quam
1930 2783 2028 2836 nb-

383 2889 504 2928 rem
536 2874 710 2928 etiam
742 2873 969 2928 dictum
1001 2878 1089 2929 est
1117 2874 1271 2946 apud
1306 2872 1618 2945 prophetas
1652 2890 1662 2926 :
1701 2895 1728 2921 ‹‹
1764 2872 1827 2926 Et
1861 2874 2033 2926 erunt

380 2978 584 3017 omnes
616 2962 768 3018 docti
802 2979 835 3018 a
874 2962 988 3017 Deo
1038 2963 1104 3018 9’.
1159 2986 1186 3014 «
1220 2962 1414 3017 Maced.
1449 2961 1722 3032 Quisquis
1754 2961 1970 3015 dicitur
2000 2976 2034 3015 a

382 3054 573 3120 Patro,
604 3055 845 3106 vocatur
876 3052 1081 3106 doctus
1113 3068 1145 3106 a
1178 3051 1315 3106 Deo.
1369 3050 1525 3107 Orth.
1573 3051 1735 3105 Sicut
1764 3050 1861 3121 qui
1895 3065 2031 3103 san-

381 3138 670 3193 ctiﬁcatur
700 3156 733 3193 a
765 3139 931 3193 Patre
961 3144 1017 3193 ct
1046 3139 1209 3208 Filio,
1252 3141 1656 3195 sanctiﬁcatur
1692 3155 1919 3210 quoque
1950 3138 2034 3191 si-

382 3226 602 3280 militer
632 3243 664 3280 a
692 3227 912 3298 Spiritu
949 3232 1153 3282 sancto
1189 3227 1309 3283 :ita
1339 3227 1440 3299 qui
1473 3227 1677 3282 didicit
1708 3244 1737 3282 a
1771 3231 1959 3291 Patre,
2002 3243 2034 3281 a

384 3311 525 3367 Filio
558 3328 791 3384 quoque
822 3314 1015 3383 discit,
1053 3318 1110 3369 et
1141 3331 1173 3369 a
1202 3314 1418 3385 Spiritu
1451 3319 1653 3368 sancto
1687 3329 1699 3367 :
1736 3314 2027 3385 siquidem

380 3416 512 3455 cum
559 3400 772 3457 dixerit
821 3401 1090 3457 Christus
1133 3420 1145 3456 :
1182 3425 1208 3451 ‹‹
1243 3402 1366 3457 Νοη
1397 3419 1499 3458 vos
1526 3402 1669 3456 estis
1700 3404 1799 3472 qui
1838 3401 2029 3472 loqui-

384 3490 550 3557 mini,
571 3491 671 3546 sed
704 3490 957 3561 Spiritus
987 3491 1173 3545 Patris
1204 3491 1404 3556 vestri,
1432 3491 1533 3561 qui
1562 3490 1821 3561 loquitur
1853 3492 1909 3545 in
1933 3507 2029 3545 vo-

384 3579 475 3633 bis
506 3579 569 3633 ”.
601 3600 628 3629 η
665 3579 914 3635 Sanctus
946 3579 1160 3635 Paulus
1191 3579 1335 3634 dicit
1364 3594 1376 3632 :
1402 3602 1430 3628 ‹‹
1453 3582 1535 3633 Αη
1567 3579 2029 3649 experimentum

384 3667 643 3739 quaeritis
676 3668 805 3738 ejus
838 3668 937 3739 qui
969 3667 1229 3738 loquitur
1258 3669 1314 3722 in
1350 3683 1443 3722 me
1479 3667 1693 3722 Christi
1726 3668 1812 3721 2“?
1842 3690 1868 3717 ››
1923 3675 2035 3721 Au-

385 3757 478 3812 dis
511 3756 725 3812 Christi
756 3757 1082 3812 doctrinam
1115 3772 1244 3812 esse
1281 3773 1348 3812 ea
1382 3773 1509 3827 quas
1550 3755 1809 3827 loquitur
1847 3756 2031 3828 Spiri-

383 3851 479 3899 tus
514 3861 527 3898 :
561 3850 619 3900 et
650 3844 840 3901 Patris
872 3845 1200 3900 doctrinam
1232 3861 1383 3911 esse,
1414 3862 1482 3901 ea
1525 3861 1654 3915 quae
1681 3844 1949 3901 Christus
1978 3850 2035 3899 et

388 3935 643 4005 Spiritus
677 3935 1018 4007 loquuntur.
1053 3934 1213 4000 Quod
1247 3934 1294 3989 si
1340 3937 1421 3988 ita
1463 3938 1572 4001 est,
1606 3950 1731 4005 qua:
1773 3933 2034 4004 loquitur

384 4023 566 4092 Pater,
599 4027 655 4078 et
687 4023 890 4095 Filius,
918 4028 975 4078 et
1004 4023 1255 4095 Spiritus
1285 4029 1544 4089 sanctus,
1568 4027 1706 4078 sunt
1735 4023 2033 4094 Scriptura

383 4127 415 4166 a
446 4112 560 4166 Deo
593 4110 901 4181 inspirata.

452 4289 542 4343 22.
576 4288 784 4343 Maced.
837 4290 979 4345 Cum
1028 4305 1166 4361 ergo
1218 4289 1361 4344 dicit
1408 4289 1594 4353 Pater,
1637 4311 1664 4337 «
1698 4289 1800 4344 Hic
1830 4294 1919 4345 est
1952 4290 2037 4344 Fi-

386 4377 503 4431 lius
526 4392 692 4431 meus
716 4376 984 4439 dilectus,
1008 4379 1065 4432 in
1094 4395 1208 4449 quo
1233 4378 1376 4433 mihi
1402 4379 1552 4433 bene
1573 4378 1896 4449 complacui
1922 4380 1987 4443 2⁸,
2008 4401 2035 4429 ι)

386 4466 496 4520 hoc
526 4465 669 4520 dicit
698 4466 886 4534 Pater,
922 4466 1127 4533 Filius,
1157 4472 1214 4521 et
1257 4466 1514 4538 Spiritus
1561 4472 1823 4522 sanctus.
1876 4468 2031 4524 Orth.

386 4554 658 4617 Quaedam
692 4560 831 4610 sunt
850 4572 1016 4611 voces
1039 4557 1281 4625 propriis
1313 4557 1587 4626 Patris,et
1614 4556 1877 4627 quaedam
1906 4573 2034 4626 pro-

2202 1270 2291 1323 21.
2344 1266 2542 1324 Μακεδ.
2603 1270 2790 1339 Ἡμεῖς
2859 1269 2919 1324 οὐ
2992 1268 3265 1343 δυνάμεθα
3319 1272 3484 1325 εἶπεῖν
3540 1271 3674 1327 Θεὸν
3722 1272 3798 1325 τὸ

2136 1360 2371 1429 Πνεῦμα.
2432 1359 2581 1432 Ὀρθ.
2644 1358 2825 1431 Λέγεις
2880 1361 2992 1432 (33)
3045 1361 3140 1421 τὰς
3198 1360 3340 1423 θείας
3402 1362 3612 1438 Γραφᾶς
3679 1361 3794 1414 ὑπὸ

2131 1449 2227 1499 τοῦ
2284 1444 2593 1517 Πνεύματος
2642 1450 2739 1501 τοῦ
2796 1446 2949 1523 ἁγίου
2999 1448 3244 1525 εἰρῆσθαι
3290 1446 3379 1503 διὰ
3418 1455 3525 1503 τῶν
3559 1470 3796 1527 προφη-

2132 1538 2240 1587 τῶν
2296 1534 2383 1589 καὶ
2439 1540 2548 1589 τῶν
2609 1530 2950 1607 ἀποστὸλων,
3008 1540 3041 1606 ἢ
3088 1534 3189 1606 οῦ;
3238 1536 3438 1593 Μακεδ.
3473 1537 3590 1594 Ναί.
3629 1540 3794 1607 Ὀρθ.

2134 1623 2261 1685 Θεὸς
2306 1620 2407 1697 ἄρα
2448 1624 2511 1678 τὸ
2559 1622 2858 1698 ἐμπνεῦσαν
2907 1624 3100 1687 αὐτοὺς
3148 1631 3388 1700 Πνεῦμα.
3441 1625 3647 1682 Μακεδ.
3684 1630 3797 1695 Μὴ

2133 1712 2342 1788 γένοιτο
2419 1714 2627 1769 εἱπεῖνῐ
2703 1715 2852 1789 Ὀρθ.
2932 1715 2995 1769 Εἰ
3050 1716 3103 1769 αἱ
3182 1718 3520 1770 πνευσθεῖσαι
3574 1716 3802 1793 Γραφςιὶ

2134 1804 2262 1877 παρ’
2315 1801 2480 1856 αὐτοῦ
2539 1802 2881 1858 θεόπνευστοῖ
2943 1805 3097 1873 εἰσιν,
3148 1805 3199 1858 τί
3255 1803 3313 1858 ἂν
3374 1802 3513 1859 ἄλλο
3574 1803 3661 1875 εἴή
3726 1806 3802 1859 τὸ

2138 1892 2358 1963 Πνεῦμα
2404 1893 2438 1960 ἢ
2495 1890 2663 1960 Θεός;
2715 1889 2915 1949 Μαγυεδ,
2967 1893 3074 1961 Τὴν
3119 1897 3219 1947 τοῦ
3265 1897 3399 1948 Θεοῦ
3431 1890 3801 1948 διδασκαλξαν

2135 1978 2455 2050 διηκόνησεν
2513 1983 2672 2053 ἡμῖν,
2730 1981 2821 2035 καὶ
2868 1978 2958 2036 διὰ
3003 1986 3164 2036 τοῦτο
3218 1982 3350 2050 αὐτ-ἦ
3392 1984 3427 2051 ἡ
3462 1980 3803 2038 διδασκαλία.

2133 2068 2481 2131 θεόπνευστος
2532 2068 2767 2144 λέγεται.
2820 2071 2967 2146 Ὀρθ.
3021 2068 3242 2139 Ἐπειδὴ
3288 2070 3379 2125 καὶ
3430 2072 3455 2124 6
3487 2070 3797 2144 ἁγιασμὸς,

2135 2157 2192 2213 δν
2225 2158 2433 2233 ἁγιάζει
2489 2156 2578 2212 xui
2624 2162 2772 2231 ἡμᾶς
2820 2160 2883 2214 τὸ
2947 2161 3187 2232 Πνεῦμα,
3247 2164 3381 2215 Θεοῦ
3439 2158 3575 2214 ἐστιν
3632 2160 3773 2232 ἅγια

2136 2248 2295 2319 σμὸς,
2355 2246 2454 2302 οὐκ
2499 2246 2638 2303 ἔστιν
2691 2247 2855 2303 αὐτοῦ
2901 2252 2998 2303 τοῦ
3050 2249 3367 2321 Πνεῦμα-τος
3420 2250 3448 2303 6
3482 2249 3800 2324 ὴιασμόςς

2136 2333 2337 2392 Μακεδ.
2386 2336 2508 2408 Ναὶ,
2560 2337 2648 2391 xui
2698 2336 2862 2392 αὐτοῦ
2902 2343 3000 2393 τοῦ
3050 2337 3368 2410 ἰΙνεῦματός
3399 2336 3538 2392 ἐστιν
3568 2340 3594 2392 6
3632 2339 3797 2412 ἁγια-

2139 2425 2293 2498 σμός.
2354 2429 2501 2499 Ὀρθ.
2574 2428 2776 2500 ’Ὠσπερ
2830 2425 2921 2480 οῦν
2983 2426 3011 2480 6
3069 2427 3337 2501 ἁγιασμὸς
3394 2427 3631 2501 Πατρὸς,
3692 2426 3795 2480 xui

2137 2516 2287 2581 Υἱοῦ,
2316 2514 2405 2569 xui
2464 2514 2620 2589 ἁγίου
2666 2513 2983 2586 Πνεῦματός
3030 2514 3192 2586 ἐστιν,
3244 2515 3414 2576 οὕτως
3462 2515 3549 2570 xui
3598 2518 3636 2584 ἡ
3670 2515 3800 2570 θεία

2138 2607 2346 2679 Γραφή.
2396 2605 2457 2661 Ἡ
2506 2603 2683 2658 τοίνυν
2734 2601 3056 2659 διδασκαλία
3106 2605 3339 2679 Πατρὸς,
3386 2604 3474 2659 xui
3508 2605 3661 2671 Ποῦ,
3694 2606 3799 2658 xui

2141 2691 2291 2767 άγὲου
2323 2691 2628 2766 Ιῐνεῦματός
2674 2692 2836 2747 ἐστιν.
2879 2692 3237 2753 Θεόπνευστος
3277 2691 3335 2747 δὲ
3363 2695 3396 2761 ἡ
3430 2694 3615 2770 Γραφή
3653 2694 3805 2764 ὁμο-

2141 2777 2384 2854 λογεῖται
2452 2779 2597 2853 παρᾶ
2642 2780 2721 2850 τῷ
2772 2779 2906 2853 ἁγίῳ
2958 2778 3181 2852 Παύλῳ·
3235 2780 3362 2841 Θεὸς
3415 2778 3515 2855 ἄρα
3573 2782 3805 2855 Πατὴρ,

2140 2867 2228 2923 καὶ
2287 2868 2428 2939 Υἱὸς,
2488 2868 2577 2922 xui
2627 2869 2780 2943 ἅγιον
2826 2870 3064 2941 Πνεῦμα.
3120 2870 3210 2924 Διὸ
3257 2870 3346 2923 καὶ
3401 2868 3610 2944 εἴρηται
3644 2872 3802 2944 παρᾶ

2139 2961 2253 3015 τοῖς
2284 2958 2609 3033 προφήταις·
2645 2982 2672 3005 ‹‹
2708 2956 2805 3011 Καὶ
2838 2953 3045 3012 ἔσονται
3080 2959 3273 3019 πάντες
3306 2955 3546 3012 διδακτοὶ
3574 2962 3731 3014 Θεοῦ.
3771 2983 3801 3009 ι)

2147 3042 2351 3101 Μακεδ.
2416 3050 2524 3106 Πᾶς
2582 3045 2611 3098 6
2674 3046 2857 3116 μαθὼν
2921 3046 3067 3121 παρὰ
3120 3050 3217 3100 τοῦ
3269 3046 3478 3122 Πατρὸς
3538 3043 3805 3108 διδακτὸς

2143 3138 2276 3190 Θεοῦ
2324 3132 2527 3191 ἀκούει.
2589 3135 2739 3206 Ὀρθ.
2788 3136 2989 3210 Ὥσπερ
3041 3137 3068 3191 6
3100 3130 3455 3211 ἀγιαζόμενος
3510 3137 3656 3211 παρᾶ
3690 3140 3803 3190 τοῦ

2146 3223 2363 3297 Πατρὸς
2440 3222 2530 3276 xui
2615 3221 2764 3293 Υἱοῦ,
2842 3223 3111 3299 ἁγιάζεται
3184 3223 3389 3295 ὁμοίως
3485 3225 3577 3279 καὶ
3652 3228 3813 3300 παρά

2142 3311 2239 3368 τοῦ
2290 3312 2626 3385 Πνεύματος·
2692 3313 2863 3376 οῦτως
2912 3314 2940 3368 6
2991 3316 3173 3386 μαθὼν
3232 3315 3376 3383 παρὰ
3435 3315 3649 3388 Πατρὸς
3706 3317 3811 3370 xui

2143 3403 2294 3473 Υἱοῦ,
2350 3403 2441 3456 xui
2506 3405 2666 3476 ἁγίου
2721 3403 3033 3474 Πνεύματος
3114 3403 3386 3475 μανθάνει·
3451 3404 3648 3475 ἀμέλει
3702 3410 3855 3463 τοῦ,

2142 3492 2374 3565 Χριστοῦ
2432 3490 2736 3564 εἰρηκότος,
2779 3491 2859 3546 ὅτι
2916 3515 2943 3544 ‹‹
2970 3492 3085 3549 Οὐκ
3115 3492 3234 3547 ἐστέ
3265 3493 3418 3564 ὑμεῖς
3473 3494 3524 3546 οἱ
3556 3491 3808 3547 λαλοῦν-

2138 3600 2249 3649 τες,
2284 3578 2430 3635 ἀλλὰ
2456 3580 2518 3634 τὸ
2551 3583 2771 3651 Πνεῦμα
2798 3585 2895 3635 τοῦ
2945 3582 3157 3655 Πατρὸς
3202 3580 3355 3653 ὐμῶν
3406 3583 3467 3635 τὸ
3500 3579 3706 3636 λαλοῦν
3746 3582 3805 3637 ἐν

2144 3669 2293 3741 ὑμῖν,
2355 3693 2382 3719 ››
2429 3669 2457 3723 6
2512 3670 2665 3743 ἅγιος
2712 3668 2928 3730 Παῦλος
2976 3668 3142 3744 λέγει·
3195 3694 3222 3721 ‹‹
3274 3670 3344 3725 Ἦ
3395 3667 3631 3742 δοκιμὴν
3678 3674 3805 3745 (34)

2145 3762 2353 3827 ζητεῖτε
2378 3762 2476 3812 τοῦ
2507 3757 2559 3813 ἐν
2595 3756 2717 3830 ἐμοὶ
2758 3756 3057 3819 λαλοῦντος
3107 3761 3382 3833 Χριστοῦς
3435 3782 3462 3809 ››
3522 3759 3801 3828 Ἀκούεις,

2142 3845 2223 3901 ὅτι
2283 3843 2505 3900 ἃλαλεῖ
2558 3848 2621 3900 τὸ
2673 3850 2915 3919 Πνεῦμα,
2967 3848 3203 3920 Χριστοῦ
3262 3844 3585 3903 διδασκαλία
3630 3846 3801 3902 ἐστίν·

2141 3934 2230 3990 καὶ
2291 3934 2324 3989 a
2371 3933 2531 3990 λαλεῖ
2579 3935 2809 4009 Χριστὸς
2861 3934 2951 3990 καὶ
2996 3936 3061 3991 τὸ
3115 3940 3357 4009 Πνεῦμα,
3403 3937 3612 4010 Πατρὸς
3645 3934 3803 3991 διδα-

2142 4022 2339 4079 σκαλία
2394 4022 2552 4079 ἐστίν.
2605 4025 2671 4081 Et
2730 4022 2787 4079 δὲ
2841 4028 3024 4093 τοῦτο,
3082 4025 3187 4099 ἄρα
3236 4022 3521 4080 ἃλαλεῖὀ
3580 4027 3802 4098 Πατὴρ,

2141 4112 2231 4168 καὶ
2290 4113 2318 4167 6
2379 4112 2522 4179 Υἱὸς,
2600 4112 2687 4168 καὶ
2749 4113 2811 4168 τὸ
2878 4114 3117 4186 Πνεῦμα,
3191 4113 3537 4175 θεόπνευστος
3607 4119 3800 4190 Γραφή

2143 4200 2311 4259 ἐστιν.

2213 4293 2304 4347 22.
2347 4287 2553 4347 Μακεδ.
2608 4293 2768 4345 Ὅταν
2826 4290 2917 4345 οῦν
2982 4290 3118 4366 λέγῃ
3178 4292 3206 4346 6
3260 4293 3472 4365 Πατήρ·
3535 4316 3563 4343 ‹‹
3622 4290 3808 4355 Οὗτός

2146 4378 2285 4435 ἐστιν
2318 4381 2346 4434 6
2377 4380 2500 4442 Υἱός
2536 4401 2641 4451 μου
2671 4380 2699 4433 6
2731 4380 3098 4453 ἀγαπητὸς,ἐν
3207 4378 3548 4450 ηὐδόκησαη)
3581 4383 3808 4456 Πατὴρ,

2145 4469 2233 4523 xui
2280 4469 2425 4533 Υἱὸς,
2469 4469 2558 4523 καὶ
2609 4471 2756 4542 ἅγιον
2812 4474 3031 4541 Πνεῦμα
3077 4475 3239 4525 τοῦτο
3272 4469 3441 4544 λέγει.
3493 4476 3642 4543 Ὀρθ.
3677 4472 3808 4527 Eia?

2147 4558 2318 4634 φωναὶ
2381 4554 2511 4611 ἴδιαι
2568 4563 2664 4612 τοῦ
2724 4559 2955 4634 Πατρὸς,
3011 4558 3100 4613 xui
3147 4559 3250 4613 εἱσὶ
3301 4559 3475 4627 φωναὶ
3508 4558 3645 4615 ἴδιαι
3701 4566 3812 4616 τοῦ

391 4643 526 4714 price
557 4660 724 4698 voces
749 4644 965 4709 Filii,et
991 4646 1254 4715 quaedam
1275 4662 1443 4700 voces
1465 4645 1719 4715 Spiritus
1749 4646 1995 4716 pmpriaa
2022 4664 2028 4700 :

2148 4648 2295 4713 Υἱοῦ,
2353 4647 2443 4700 xui
2504 4647 2601 4701 sici
2662 4648 2833 4723 φωναὶ
2886 4645 3017 4702 ἴδιαι
3065 4653 3163 4702 τοῦ
3199 4649 3535 4719 Πνεύματος·
3570 4650 3660 4703 xui
3694 4648 3809 4704 εἰσί

388 4736 529 4787 sunt
559 4736 615 4786 et
645 4734 913 4802 quaedam
952 4734 1129 4799 Patri,
1166 4740 1222 4789 et
1256 4734 1416 4799 Filio,
1450 4739 1508 4788 et
1535 4733 1777 4805 Spiritui
1835 4740 2028 4789 sanctc

2145 4735 2319 4790 κοιναὶ
2383 4736 2615 4808 Πατρὸς.
2672 4738 2822 4804 Υἱοῦ,
2871 4736 2959 4790 xui
3020 4736 3176 4811 ἁγίου
3238 4738 3579 4809 Πνεῦματος.
3631 4740 3810 4795 ’Όταν

395 4838 759 4877 communes.
794 4823 936 4877 Cum
972 4823 1168 4890 igitur,
1202 4828 1267 4878 ut
1313 4829 1373 4878 tu
1424 4824 1587 4895 prius
1619 4824 1837 4891 dixisti,
1874 4823 2028 4877 Pater

2146 4823 2237 4877 οὖν
2273 4824 2405 4898 λέγῃ
2437 4827 2553 4893 (35)
2588 4826 2616 4878 6
2652 4826 2860 4899 Πατὴρ,
2896 4826 2968 4885 ὼς
3002 4820 3296 4899 προλαϐὼν
3346 4823 3588 4901 εθρηκας,
3624 4850 3653 4877 ι(
3686 4827 3809 4883 Οὗ-

387 4910 596 4979 inquit,
624 4933 650 4959 ‹‹
675 4911 779 4965 Hic
811 4915 901 4965 est
945 4911 1124 4965 Pilius
1158 4928 1323 4966 meus
1353 4912 1621 4975 dilectus,
1655 4912 1712 4965 in
1744 4928 1860 4981 quo
1894 4912 2028 4967 mihi

2145 4913 2235 4973 τός
2276 4911 2414 4967 ἐστιν
2468 4915 2495 4967 ὁ
2544 4913 2664 4975 Υἱός
2719 4936 2822 4986 μου
2853 4915 2881 4969 6
2915 4915 3213 4989 ἀγαπητὸς,
3248 4914 3299 4968 ἐν
3332 4915 3377 4986 ᾧ
3426 4912 3734 4984 ηὐδόκησα.
3778 4941 3809 4967 υ

386 4999 532 5054 bene
562 4999 913 5070 complacui,
951 5021 978 5047 ››
1012 5000 1131 5054 haec
1179 5006 1270 5056 est
1299 5002 1487 5073 ipsius
1518 5001 1709 5056 Patris
1736 5018 1860 5055 vox.
1894 5002 2028 5056 Item

2145 5000 2307 5056 αὐτοῦ
2354 5007 2450 5056 τοῦ
2484 5002 2692 5075 Πατρός
2738 5001 2846 5057 ἐστι
2896 5006 3075 5080 φωνή.
3108 5004 3205 5058 Καὶ
3237 5004 3445 5076 ὁμοίως
3475 5003 3605 5058 ὅταν
3644 5004 3807 5081 λέγῃ,

384 5104 517 5141 cum
555 5088 768 5159 inquit,
829 5111 858 5138 «
916 5092 1058 5143 Ecce
1116 5106 1262 5160 puer
1313 5105 1480 5146 meus
1524 5090 1793 5157 dilectus,
1826 5090 1882 5143 in
1918 5106 2028 5160 quo

2145 5114 2172 5140 ι‹
2207 5087 2346 5145 Ἰδοὺ
2405 5091 2431 5143 ὁ
2493 5093 2626 5152 Παῖς
2677 5112 2781 5163 μου
2829 5092 2856 5145 6
2894 5092 3175 5166 ἀγαπητὸς
3218 5092 3270 5147 ἐν
3319 5094 3365 5164 ᾧ
3411 5090 3704 5163 εὐδόκησεν
3764 5097 3802 5163 ἡ

383 5176 742 5249 complacuit
788 5177 986 5233 anima
1029 5194 1205 5234 mea:
1256 5195 1470 5249 ponam
1519 5178 1798 5251 Spiritum
1835 5194 2028 5233 meum

2145 5180 2294 5253 ψυχή
2359 5196 2482 5250 μου·
2545 5180 2697 5249 θήσω
2745 5180 2807 5235 τὸ
2862 5182 3085 5253 Πνεῦμά
3136 5202 3240 5253 μου
3290 5180 3372 5235 ἐπ’
3412 5181 3597 5236 αὐτόν·
3646 5208 3675 5233 υ
3708 5183 3806 5237 xui

452 5364 493 5399 ‘”
528 5363 695 5421 Rom.
727 5379 818 5430 xv,
854 5362 940 5431 18,
971 5363 1059 5420 19.
1135 5364 1182 5400 ²²
1213 5365 1323 5422 Isa.
1357 5381 1469 5433 LIV,
1501 5365 1587 5420 15.
1664 5364 1708 5399 ’³
1739 5363 1940 5419 Matth.
1976 5380 2028 5433 x,

2145 5405 2152 5418 .
2229 5365 2275 5400 ³⁸
2304 5364 2352 5422 Il
2382 5369 2505 5424 Cor.
2539 5382 2666 5436 xm,
2697 5367 2750 5422 3.
2828 5367 2871 5403 ³³
2900 5367 3101 5425 Matth.
3136 5385 3220 5439 III,
3255 5368 3340 5423 17.

456 5542 561 5611 (32)
596 5538 956 5617 Pos_t_répuz_u
989 5541 1046 5596 in
1097 5541 1270 5617 editis
1314 5538 1530 5613 legitur
1559 5536 1699 5617 iiut)
1727 5544 1824 5595 τοῦ
1855 5538 2027 5595 mea-

397 5633 584 5682 ματος,
621 5615 718 5669 sed
750 5613 870 5668 haec
901 5614 1114 5668 desunt
1146 5613 1200 5668 in
1240 5629 1380 5667 mss.
1414 5613 1709 5667 omnibus.

457 5686 567 5760 (3.3)
603 5684 936 5760 P5113059-
985 5684 1186 5760 ιέἐγξεξς.
1220 5702 1312 5760 ῖοξς
1359 5682 1779 5760 maereas.
1806 5682 1970 5760 ,Λέγει
2003 5684 2031 5737 δ

457 5716 567 5753 μω)
603 5716 743 5749 ηιμ,
806 5716 849 5739 υ
890 5716 936 5735 υ.
985 5716 1168 5758 Aqu
1230 5716 1310 5743 ιυιι.
1360 5716 1503 5744 ww...
1546 5716 1779 5760 ιρυιγυις.
1815 5716 1970 5757 mw
2003 5716 2029 5737 υ

399 5752 618 5814 Παῦλος
647 5756 681 5823 ἦ
712 5752 771 5808 οὔ
796 5773 810 5825 ;
845 5716 1044 5811 Πακεδ.
1083 5754 1206 5811 Ναί.
1241 5755 1391 5830 Ὀρθ.
1420 5752 1633 5817 Ταύτας
1679 5752 1735 5811 δὲ
1764 5754 1857 5816 τὰς
1888 5753 2029 5818 θείας

2142 5542 2354 5621 ξραφᾶς
2387 5542 2772 5621 θεοπνεύστους
2814 5540 2959 5621 λέγει
2990 5545 3209 5609 Παῦλος
3238 5546 3272 5615 ἢ
3301 5543 3364 5601 οὗ
3392 5566 3406 5617 ;
3439 5545 3645 5606 Μακεδ.
3680 5549 3805 5606 Ναί.

2142 5613 2450 5690 0991935;
2470 5613 2593 5690 ἀρα,
2626 5621 2736 5690 etc.

2213 5688 2322 5755 (34)
2358 5683 2562 5755 Palat.,
2621 5685 2685 5739 Ei
2733 5683 2935 5755 δοκιμή

2214 5688 2322 5755 (34)
2358 5687 2562 5755 Palat.,
2621 5687 2685 5739 Et
2733 5687 2985 5759 δοκιμιίν.
3040 5690 3187 5746 Editi
3243 5706 3404 5763 vero,
3450 5691 3521 5749 ’Ἡ
3554 5687 3797 5766 δοκιμήν

2214 5758 2327 5830 (35)
2361 5758 2564 5829 Palat.,
2599 5758 2697 5812 Καὶ
2723 5757 2845 5814 ὅταν
2882 5728 3033 5836 λέγῃ.
