4092 6218
316 361 472 421 1239

1475 358 1537 418 S.
1589 355 2109 418 ATHANASIUS.
2139 388 2217 401 —
2248 356 2556 418 SPURIA.

3580 357 3762 417 1240

317 493 597 549 Dominus
629 508 725 563 per
759 506 931 563 quem
964 489 1202 546 omnia?
1229 492 1390 549 Orlh.
1416 491 1538 560 Dic,
1564 497 1619 547 et
1650 506 1804 547 unus
1835 490 1966 563 Spi-

2085 493 2177 542 τοῦ
2212 487 2479 561 στόματος
2511 487 2675 545 αὐτοῦ
2708 494 2849 545 πᾶσα
2881 491 2915 560 ἡ
2954 484 3182 564 δύναμις
3214 488 3409 544 αὐτῶν.
3445 512 3471 539 ι)
3524 487 3748 547 Max:6-

316 583 465 636 ritus
498 581 552 635 in
587 597 701 651 quo
734 579 950 635 omnia.
983 579 1181 635 Maced.
1219 580 1324 636 Ubi
1360 582 1467 637 hoc
1498 582 1783 653 scriptum
1831 579 1966 636 est?

320 670 473 727 Orlh.
510 670 673 741 Apud
710 668 978 723 Davidem
1016 686 1028 727 ;
1061 693 1087 717 ‹‹
1119 669 1306 724 Verbo
1335 670 1561 725 Domini
1594 669 1721 724 coeli
1757 670 1970 724 ﬁrmati

318 766 479 829 sunt,
530 764 588 814 et
612 759 835 830 Spiritu
867 758 984 813 oris
1011 759 1138 829 ejus
1166 760 1360 815 omnis
1390 759 1576 816 virtus
1606 776 1807 814 eorum
1839 759 1902 811 δι.
1940 780 1967 806 ››

318 849 516 905 Maced.
550 850 657 903 Sed
691 846 944 919 Spiritus
988 848 1105 902 oris
1167 848 1354 919 ipsius
1405 865 1518 903 non
1573 854 1657 903 est
1716 848 1970 919 Spiritus

316 943 574 994 sanctus.
613 937 768 992 Orth.
803 937 947 1008 Ergo
981 954 1051 991 no
1082 937 1340 992 Verbum
1375 938 1612 1009 quidem
1646 941 1735 992 est
1768 935 1966 991 Filius.

314 1028 512 1083 Maced.
543 1026 669 1082 Non
704 1026 1002 1097 signiﬁcat
1029 1043 1096 1081 eo
1128 1025 1253 1081 loco
1296 1027 1555 1082 Verbum
1610 1026 1966 1092 subsistens,

317 1134 422 1172 nec
452 1116 734 1188 Spiritum
765 1115 1207 1170 subsistentem.
1230 1119 1386 1174 Orth.
1410 1116 1481 1172 Ut
1508 1116 1614 1174 tibi
1650 1116 1788 1171 illud
1826 1132 1968 1187 quo-

316 1223 427 1277 que
458 1205 829 1269 concedatur,
863 1204 1017 1275 quod
1051 1204 1205 1259 Deus
1233 1205 1443 1260 habeat
1480 1206 1727 1262 Verbum
1772 1203 1970 1277 prola-

316 1297 536 1364 titium,
570 1294 665 1349 die
698 1294 890 1363 nobis,
924 1293 1254 1349 Verbumne
1284 1294 1643 1361 subsistens,
1676 1297 1765 1349 est
1812 1293 1966 1364 quod

315 1384 489 1439 oculos
545 1383 817 1451 firmavit,
876 1400 950 1437 an
1012 1383 1424 1455 prolatitium‘?
1470 1385 1676 1440 Maced.
1709 1381 1968 1439 Verbum

320 1472 683 1545 prolatitium
717 1471 946 1543 appello
978 1473 1322 1528 mandatum
1356 1474 1561 1545 ipsius.
1586 1496 1606 1523 α
1628 1473 1779 1528 Dixit
1812 1470 1967 1527 enim

2079 575 2252 634 Ἀλλὰ
2297 578 2359 632 τὸ
2422 581 2643 651 ΙΙνεῦμα
2691 584 2787 634 τοῦ
2848 578 3117 652 στόματος
3170 578 3269 633 οὐκ
3325 575 3436 633 ἔστι
3486 579 3548 633 16
3580 580 3747 656 ἀγιον

2084 671 2326 740 Πνεῦμα.
2384 669 2525 742 Ὀρϐ.
2588 668 2791 723 Οὐκοῦν
2845 666 2970 723 οὐδὲ
3023 670 3049 723 6
3107 667 3278 743 Λόγος
3339 668 3485 730 Υἱός.
3529 666 3754 726 Μακεδ.

2084 758 2343 820 Ἐνταῦθα
2399 756 2459 811 οὐ
2503 756 2594 811 τὸν
2650 756 3003 813 ἐνυπόστατον
3057 756 3228 833 Λόγον
3282 756 3455 833 λέγει,
3503 756 3633 812 οὐδὲ
3682 761 3757 813 τὸ

2083 844 2433 901 ἐνυπόστατον
2502 850 2740 921 ΙΙνεῦμα.
2792 850 2940 923 Ὀρο’
3000 850 3114 902 Ἵνα
3170 868 3254 901 σοι
3304 847 3392 901 καί
3443 844 3573 921 δοοῇ
3640 846 3753 902 λό-

2081 957 2174 1011 γον
2208 931 2351 1011 ἔχειν
2409 937 2741 1014 προφορικὸν
2789 938 2878 992 τὸν
2941 937 3091 1006 Θεὸν,
3148 935 3264 991 εἶ’πὶ
3293 938 3453 1008 ἡμῖν,
3487 938 3514 991 6
3548 935 3759 991 ἐνυπό-

2084 1045 2272 1085 στατος
2333 1024 2505 1100 Λόγος
2572 1024 2711 1079 ἐστὶν
2771 1026 2933 1079 όπτὸδ
2981 1024 3208 1101 οὒρανὸν
3256 1025 3573 1098 στερεώσας,
3643 1028 3681 1094 ἢ
3722 1027 3760 1080 ὁ

2082 1113 2460 1189 προφορικόςς
2522 1111 2730 1173 Μακεδ.
2777 1116 2874 1169 Τὸν
2934 1115 3268 1192 προφορικὸν
3323 1112 3495 1187 λέγω,
3529 1115 3632 1182 τήν
3670 1113 3765 1168 ἐν-

2080 1201 2250 1270 τολὴν
2310 1202 2494 1257 αὐτοῦ·
2556 1229 2583 1255 ‹‹
2642 1204 2814 1265 Αὐτὸς
2872 1204 2976 1279 γὰρ
3036 1204 3173 1271 εἶπε,
3237 1204 3326 1257 καὶ
3381 1203 3757 1278 ἐγενήθησαν

2084 1290 2243 1352 αὐτὸς
2301 1290 2627 1361 ἐνετείλατο,
2675 1291 2764 1347 καὶ
2814 1291 3147 1362 ἐκτίσθησαν.
3187 1316 3215 1343 ››
3250 1294 3384 1346 Εἴπε
3416 1289 3472 1346 δὲ
3501 1294 3618 1365 (42)
3653 1293 3759 1346 καὶ

2084 1379 2378 1435 ἐνετείλατο
2435 1386 2514 1453 τῷ
2572 1382 2703 1454 Υἱῲ,
2734 1380 3077 1454 ἐνυποστάτῳ
3109 1381 3290 1458 Λόγῳ’
3325 1383 3352 1437 6
3384 1379 3556 1451 δὲτὴν
3591 1380 3763 1437 ἐντο-

2084 1468 2187 1537 λῆν
2221 1464 2403 1525 λαϐὼν
2440 1471 2564 1533 Υἱὸς
2602 1469 2824 1530 ἔκτισεν.

322 1568 378 1619 et
410 1564 557 1618 facta
583 1567 740 1633 sunt,
774 1561 898 1633 ipse
929 1563 1228 1617 mandavit
1260 1568 1317 1619 et
1348 1570 1543 1620 creata
1571 1567 1713 1620 sunt
1741 1563 1809 1617 ³2.
1846 1586 1873 1611 ››
1906 1560 2059 1617 Dixit
2088 1566 2282 1617 autem
2314 1567 2371 1618 et
2400 1563 2702 1619 mandavit
2733 1562 2898 1632 Filio,
2934 1563 3121 1619 Verbo
3179 1562 3447 1618 videlicet
3506 1560 3763 1618 subsis-

320 1653 462 1708 tenti
499 1670 510 1707 :
545 1651 727 1707 Filius
755 1668 887 1707 vero
918 1657 1153 1723 accepto
1185 1654 1463 1709 mandato
1490 1654 1726 1709 creavit.

386 1743 475 1795 24.
508 1740 665 1799 Orth.
699 1741 824 1796 Non
852 1740 1069 1796 fuerint
1096 1741 1274 1813 igitur
1333 1743 1460 1799 σα)Ιί
1520 1742 1737 1797 ﬁrmati
1793 1741 1965 1797 verbo

2144 1740 2233 1794 24.
2269 1740 2401 1813 Ορθ.
2454 1738 2648 1795 Οὐκέτι
2699 1739 2790 1795 οῦν
2844 1744 2921 1812 τῷ
2972 1737 3125 1815 λόγῳ
3184 1738 3349 1793 αὐτοῦ
3397 1738 3758 1812 ἐστερεώθη-

316 1832 526 1904 ipsius,
576 1831 676 1886 sed
728 1830 856 1885 Filii
887 1831 1237 1903 operatione.
1270 1834 1545 1904 Adeoque
1577 1832 1788 1888 falsum
1824 1830 1967 1885 illud

317 1921 427 1976 erit
460 1938 473 1976 :
502 1944 528 1970 ‹‹
564 1919 752 1975 Verbo
784 1920 1017 1975 Domini
1048 1921 1171 1975 crsli
1205 1922 1417 1976 ﬁrmati
1451 1926 1609 1979 sunt.
1637 1943 1665 1971 ››
1685 1923 1831 1978 Cum
1865 1920 1971 1975 hoc

319 2009 573 2064 Verbum
607 2024 722 2064 non
753 2008 1025 2064 habuerit
1054 2027 1181 2065 eam
1206 2010 1476 2065 virtutem
1512 2028 1639 2082 quae
1670 2026 1973 2065 concurre-

319 2103 426 2165 ret,
460 2098 560 2153 scd
598 2097 724 2152 Filii
756 2097 1044 2153 actionem
1076 2100 1455 2169 exspectarit:
1478 2116 1667 2172 neque
1695 2098 1976 2171 intelligis

324 2188 380 2241 in
414 2202 590 2257 quam
622 2186 1045 2242 absurditatem
1077 2192 1179 2242 tua
1207 2188 1326 2243 base
1386 2189 1569 2243 oratio
1632 2187 1979 2244 delabatur?

328 2276 431 2332 Dic
469 2274 626 2331 enim
659 2276 849 2344 nobis,
884 2276 1193 2344 multiscie,
1230 2283 1427 2332 utrum
1458 2277 1635 2333 Filius
1666 2281 1977 2349 postquam

336 2364 560 2421 audivit
588 2382 621 2420 a
648 2365 838 2432 Patre,
858 2382 965 2421 sua
991 2366 1177 2437 ipsius
1204 2366 1556 2434 substantia,
1578 2377 1699 2423 arte
1728 2367 1979 2437 quadam

337 2458 393 2509 et
425 2453 699 2509 methodo
756 2459 1070 2522 commota,
1128 2454 1334 2510 coelum
1396 2456 1670 2523 ﬁrmavit,
1722 2473 1794 2511 an
1848 2472 1981 2511 vero

339 2558 610 2597 sermons
657 2541 792 2598 fecit
838 2547 903 2597 ut
932 2544 1279 2599 exsisteret?
1308 2544 1507 2600 Maced.
1538 2544 1712 2600 Verbi
1744 2545 1978 2616 quidem

335 2632 579 2687 verbum
608 2635 1053 2688 concurrentem
1076 2632 1281 2688 habuit
1308 2633 1581 2690 virtutem
1616 2651 1629 2688 :
1664 2633 1852 2689 Patris
1880 2650 1980 2688 au-

332 2726 449 2777 tem
473 2720 737 2787 verbum,
778 2720 990 2777 Christi
1049 2725 1293 2778 verbum
1343 2721 1714 2795 exspectavit.
1775 2725 1979 2777 Annon

328 2810 484 2866 enim
518 2814 685 2865 Pater
711 2809 762 2864 ei
791 2811 1065 2882 praecepit
1094 2816 1159 2865 ut
1186 2813 1385 2867 omnia
1415 2813 1661 2867 faceret?
1686 2811 1834 2867 Orth.
1865 2812 1981 2867 Hoc

328 2901 615 2972 scriptum
647 2916 761 2955 non
794 2904 903 2967 est,
938 2901 1038 2956 sed
1074 2901 1238 2956 Verbi
1273 2902 1499 2957 Patrem
1527 2902 1727 2957 omnia
1779 2901 1979 2956 condi-

328 2986 506 3041 disse.
535 2986 737 3041 Maced.
768 2986 827 3040 Si
862 2987 1028 3043 Pater
1059 2987 1211 3053 fecit,
1257 2990 1553 3060 quomodo
1608 3006 1708 3060 per
1770 2988 1977 3044 Filium

2084 1846 2198 1893 σαν,
2233 1825 2377 1881 ἀλλά
2417 1831 2486 1901 τῇ
2536 1833 2631 1882 τοῦ
2692 1829 2822 1881 Υίοῦ
2871 1826 3124 1904 ἐνεργείᾳ.
3167 1827 3269 1883 Καὶ
3303 1823 3497 1900 ψεῦδος
3554 1827 3619 1880 τὸ
3658 1825 3759 1882 λέ-

2083 1935 2217 1989 γειν.
2257 1937 2281 1968 ιι
2330 1920 2415 1987 Τῷ
2448 1915 2610 1991 Λόγῳ
2650 1916 2847 1991 Κυρίου
2898 1918 2947 1971 οἱ
2997 1914 3216 1989 οὐρανοὶ
3250 1913 3677 1984 ἐστεόεώθησαν.
3720 1940 3750 1965 η

2084 2005 2198 2075 (43)
2228 2004 2304 2062 Οὐ
2334 2004 2434 2080 γὰρ
2488 2004 2643 2081 ἔσχεν
2697 2005 2724 2059 6
2785 2004 2954 2080 Λόγος
2985 2002 3287 2079 σύνδρομον
3315 2004 3413 2070 τήν
3474 1999 3745 2075 δύναμιν,

2085 2090 2211 2148 ἀλλ’
2243 2092 2503 2166 ἐνέμεινεν
2554 2095 2654 2164 τήν
2700 2097 2797 2148 τοῦ
2848 2095 2975 2147 Υὶοῦ
3024 2091 3316 2169 ἐνέργειαν.
3360 2092 3455 2146 Καὶ
3490 2091 3565 2151 εἷς
3598 2090 3744 2161 δσην

2089 2182 2310 2237 ἀτοπίαν
2373 2181 2616 2238 ἐκπίπτει
2676 2205 2770 2237 σου
2831 2184 2858 2237 6
2914 2180 3100 2258 λόγος,
3146 2183 3395 2258 ἀγνοεῖς;
3449 2180 3581 2235 Εἰπὲ
3634 2180 3744 2257 γὰρ

2087 2274 2246 2344 ἡμῖν,
2281 2271 2597 2345 πολυμαθες
2662 2276 2791 2347 (44),
2839 2274 2939 2347 ἄρα
2983 2272 3010 2326 6
3042 2272 3167 2334 Υἱὸς
3200 2270 3432 2332 ἀκούσας
3463 2272 3611 2345 παρὰ
3643 2274 3746 2324 τοῦ

2092 2362 2325 2433 ΙΙατρὸς,
2383 2364 2605 2432 κινήσας
2656 2360 2847 2417 ἐαυτοῦ
2885 2363 2984 2430 τὴν
3039 2359 3223 2415 οὐσίαν
3256 2362 3426 2435 τὲχνγ⁸
3484 2359 3587 2413 τινὶ
3650 2358 3745 2413 καὶ

2095 2448 2310 2522 μεθόδῳ
2354 2450 2642 2527 ἓστερέωσε
2689 2452 2777 2505 τὸν
2831 2449 3080 2527 οὐρανὸν,
3128 2450 3162 2518 ἦ
3206 2447 3360 2525 λόγῳ
3412 2447 3571 2503 αὐτὸν
3638 2448 3746 2502 ὁπ-

2091 2541 2389 2609 εστγςσατο;
2449 2537 2654 2597 Μακεδ.
2688 2541 2747 2597 Ὀ
2782 2539 2874 2612 μὶν
2920 2543 3015 2593 τοῦ
3064 2534 3241 2614 Λόγου
3299 2536 3461 2613 λόγος
3506 2534 3740 2610 συνδροο

2095 2649 2193 2700 μον
2228 2626 2353 2704 ἔσχε
2380 2630 2479 2697 τὴν
2512 2626 2760 2700 δύναμιν·
2820 2628 2846 2681 6
2879 2624 2935 2681 δὲ
2972 2630 3073 2681 τοῦ
3134 2626 3341 2701 Ιῐατρὸς
3371 2624 3536 2701 λόγος
3571 2622 3747 2695 ἐξεδε-

2090 2720 2212 2788 ξατο
2246 2720 2353 2790 (45)
2412 2719 2500 2771 τὸν
2554 2722 2649 2775 τοῦ
2707 2718 2941 2791 Χριστοῦ
2998 2711 3183 2791 λόγον.
3242 2715 3356 2773 Οὐκ
3402 2713 3550 2786 αὐτῷ
3582 2714 3676 2767 οῦν
3714 2715 3743 2769 6

2091 2807 2280 2880 Ιίατὴρ
2313 2805 2612 2861 ἐνετείλατο
2660 2812 2885 2875 ποιῆσαι
2924 2805 2991 2859 τὰ
3034 2806 3241 2872 πάντα;
3293 2805 3439 2877 ὈρΘ.
3470 2806 3643 2857 Τοῦτο
3677 2801 3742 2856 οῦ

2089 2894 2403 2970 γέγραπται,
2436 2894 2563 2950 ἀλλ’
2594 2894 2677 2950 ὅτι
2710 2896 2737 2949 6
2769 2896 2953 2972 ΙΙατὴρ
2982 2898 3078 2948 τοῦ
3110 2889 3285 2969 Λόγου
3336 2890 3505 2952 ὅντως
3562 2892 3744 2945 πάντα

2090 2983 2363 3055 ἐποίησεν.
2398 2982 2605 3041 Μακεδ.
2638 2983 2701 3039 Εἰ
2734 2986 2923 3057 ΙῘατὴρ
2956 2983 3150 3055 ἐποίει,
3182 2987 3300 3045 πῶς
3327 2980 3415 3037 διὰ
3458 2985 3556 3035 τοῦ
3604 2982 3739 3034 Υἱοῦ

322 3076 457 3131 fecit
478 3075 504 3129 ?
536 3075 696 3131 ΟνιΙι.
728 3075 887 3131 Sicut
919 3075 1017 3131 lux
1049 3094 1150 3149 per
1182 3078 1549 3147 splendorem
1584 3078 1861 3145 illustrat,
1897 3078 1973 3133 ita

2088 3078 2272 3143 ποιεῖ;
2327 3075 2474 3149 Ὀρθ.
2520 3075 2608 3136 Ὡς
2630 3075 2692 3128 τὸ
2723 3077 2837 3151 φῶς
2870 3069 2957 3127 διὰ
3002 3077 3102 3127 τοῦ
3147 3070 3568 3147 ἀπαυγάσματος
3619 3092 3738 3147 (ρω-

326 3166 495 3219 Pater
523 3182 626 3236 per
655 3164 863 3220 Filium
898 3169 1054 3220 creat
1086 3182 1097 3221 :
1133 3171 1191 3221 et
1219 3166 1397 3221 veluti
1431 3184 1596 3223 mens
1628 3184 1730 3238 per
1760 3184 1977 3222 sermo-

322 3270 453 3307 nem
484 3253 668 3320 docet,
702 3253 779 3308 ita
812 3254 985 3309 etiam
1024 3254 1194 3308 Pater
1222 3270 1325 3326 per
1355 3254 1564 3310 Filium
1607 3262 1780 3311 creat.
1855 3262 1975 3312 Ma-

325 3342 435 3397 ced.
474 3345 683 3397 Annon
719 3358 822 3413 per
852 3343 1180 3414 Spiritum?
1213 3343 1490 3401 Orth.Per
1508 3345 1762 3400 Verbum
1798 3350 1975 3415 creat,

328 3436 383 3484 et
416 3448 517 3502 per
546 3430 828 3502 Spiritum
890 3431 1237 3487 sanctiﬁcat.
1293 3433 1491 3488 Maced.
1542 3434 1660 3489 Hoc
1705 3435 1973 3490 admitto.

331 3520 480 3574 Orth.
509 3521 621 3574 Hoc
651 3519 793 3575 illud
827 3525 915 3575 est
947 3520 1156 3592 igitur:
1184 3544 1211 3571 ‹‹
1244 3520 1432 3577 Verbo
1470 3522 1693 3578 Domini
1726 3523 1851 3577 coeli
1879 3524 1975 3577 ﬁr-

329 3609 471 3663 mati
506 3612 723 3679 sunt,et
741 3608 960 3680 Spiritu
994 3609 1110 3664 oris
1155 3609 1283 3681 ejus
1301 3609 1493 3665 omnis
1509 3611 1693 3666 virtus
1714 3628 1974 3666 eorum.»

329 3698 528 3754 Maced.
563 3698 677 3753 Sed
707 3697 888 3753 Filius
916 3699 1154 3769 quidem
1187 3704 1364 3768 creat,
1398 3699 1651 3771 Spiritus
1672 3717 1806 3756 vero
1841 3718 1975 3756 san-

327 3788 563 3853 ctiﬁcat,
597 3787 696 3843 sed
731 3804 845 3842 non
875 3792 1018 3843 erat.
1053 3788 1205 3843 Orth.
1248 3789 1446 3854 Quivis
1506 3790 1763 3861 prudens
1824 3790 1971 3847 455

328 3876 561 3931 auditor
620 3876 780 3932 novit
840 3877 1327 3933 sanctiﬁcationis
1359 3878 1596 3934 nomine
1625 3878 1973 3934 creationem

326 3982 559 4038 quoque
590 3964 1015 4037 intelligi.Cum
1045 3966 1341 4034 audimus,
1364 3966 1511 4021 «Cor
1543 3968 1827 4022 mundum
1846 3985 1978 4023 crea

326 4056 386 4110 in
424 4072 533 4119 me,
569 4056 718 4110 Deus
750 4056 815 4124 ³³,
852 4076 879 4104 ››
921 4054 1059 4126 quid
1118 4055 1275 4111 aliud
1337 4060 1530 4112 mente
1588 4056 1976 4129 concipimus,

329 4161 527 4215 quam,
559 4144 669 4199 Cor
699 4160 912 4215 purum
945 4144 1003 4198 in
1040 4160 1130 4198 me
1163 4146 1484 4212 sanctiﬁca,
1509 4147 1976 4212 Deus?Quand0-

324 4234 560 4303 quidem
593 4237 787 4286 autem
821 4233 906 4287 vis
938 4233 1461 4290 sanetiﬁcationem
1493 4236 1667 4291 simul
1700 4253 1833 4291 cum
1867 4244 1976 4291 cce-

323 4321 398 4375 lis
420 4320 699 4376 exsistere
731 4322 999 4392 coepisse,
1032 4321 1124 4375 dic
1155 4323 1293 4393 quid
1329 4325 1521 4395 majus
1555 4324 1631 4380 sit
1660 4342 1853 4381 creare
1904 4342 1977 4380 an

326 4409 710 4465 sanctiﬁcare.
769 4409 981 4465 Maced.
1016 4409 1221 4467 Creare
1251 4418 1339 4468 est
1368 4412 1463 4467 Dei
1490 4430 1657 4486 Opus.
1693 4414 1845 4471 Orth.
1882 4415 1978 4470 Dei

329 4500 565 4570 quidem
599 4515 746 4570 Opus
777 4503 866 4555 est
897 4515 1114 4567 creare,
1150 4506 1209 4555 at
1239 4518 1352 4557 non
1383 4504 1577 4573 majus
1606 4521 1776 4575 quam
1840 4521 1974 4558 san-

329 4589 603 4644 ctiﬁcare.
637 4588 779 4644 Nam
814 4592 870 4645 et
903 4589 1030 4661 ipsa
1059 4590 1469 4656 sanctiﬁcatio,
1502 4597 1592 4647 est
1652 4593 1744 4647 Dei
1803 4610 1971 4664 opus.

328 4679 623 4749 Scriptum
675 4682 764 4732 est
795 4678 947 4733 enim
985 4696 997 4732 :
1038 4700 1065 4727 ‹‹
1098 4681 1267 4733 Pater
1296 4684 1515 4749 sancte,
1549 4680 1845 4735 sanetiﬁca
1876 4698 1975 4737 eos

326 4766 385 4821 in
418 4766 659 4821 veritate
689 4770 790 4821 tua
820 4768 883 4821 ³ι.
920 4788 947 4816 ››
975 4767 1347 4822 Sanctiﬁcare
1374 4783 1510 4822 vero
1560 4769 1754 4840 majus
1802 4770 1973 4841 quid-

324 4856 460 4909 dam
523 4870 651 4909 esse
712 4871 888 4926 quam
922 4872 1135 4923 creare,
1164 4871 1449 4929 cognosce
1481 4873 1549 4911 ex
1582 4857 1709 4929 ipso
1741 4863 1972 4928 eventu,

323 4960 453 4997 eum
489 4943 623 5016 quis
652 4944 1173 4999 sanctiﬁcationcm
1204 4944 1675 5001 amiserit.Audit
1704 4947 1857 5002 enim
1893 4949 1975 5003 in-

318 5032 454 5086 felix
486 5031 583 5086 ille
610 5032 799 5087 Judas
834 5048 846 5087 :
882 5055 908 5081 ‹‹
949 5033 1165 5088 Bonum
1198 5039 1353 5089 esset
1385 5033 1608 5089 homini
1641 5034 1747 5106 illi,
1789 5036 1837 5092 si
1872 5054 1972 5092 na-

317 5125 411 5174 tus
482 5137 594 5175 non
654 5121 859 5177 fuisset
905 5122 970 5176 ³⁵.
1026 5144 1053 5170 ››
1106 5121 1317 5178 Maced.
1379 5123 1604 5179 Bonum
1661 5124 1841 5197 igitur
1889 5125 1972 5181 illi

320 5210 548 5283 fuisset,
584 5210 634 5267 si
667 5214 842 5267 natus
874 5226 990 5266 non
1026 5210 1235 5268 fuisset
1268 5227 1279 5266 :
1314 5212 1415 5268 sed
1449 5217 1600 5269 Deus
1632 5215 1793 5271 solus
1816 5215 1865 5272 is
1887 5220 1976 5273 est

2085 3164 2248 3233 τίζει,
2324 3162 2496 3225 οὕτως
2558 3164 2584 3217 6
2636 3164 2829 3236 Πατὴρ
2886 3160 2975 3216 διὰ
3022 3166 3118 3217 τοῦ
3152 3164 3278 3215 Υίοῦ
3308 3160 3501 3229 κτίζει’
3536 3161 3629 3214 καὶ
3661 3159 3739 3220 ὡς

2084 3257 2210 3314 νοῦς
2244 3250 2332 3306 διὰ
2358 3257 2455 3306 τοῦ
2506 3250 2679 3327 λόγου
2735 3249 2995 3322 διδάσκει,
3037 3250 3208 3312 οὕτως
3242 3252 3331 3304 καὶ
3364 3249 3390 3304 ὀ
3426 3250 3614 3324 Πατὴρ
3651 3246 3744 3303 διὰ

2083 3345 2181 3395 τοῦ
2244 3343 2377 3395 Υίοῦ
2428 3341 2616 3410 κτίζει.
2679 3338 2881 3396 Μακεδ.
2935 3341 3025 3409 Μή
3087 3337 3175 3394 διὰ
3230 3344 3326 3393 τοῦ
3377 3337 3739 3409 Ιῐνεόματοςς

2088 3432 2234 3506 Ὀρθ.
2293 3429 2389 3484 Διὰ
2444 3434 2540 3484 τοῦ
2591 3428 2771 3504 Λόγου
2816 3427 3006 3497 κτίζει,
3055 3428 3143 3483 καὶ
3178 3426 3266 3481 διὰ
3293 3432 3389 3481 τοῦ
3422 3427 3742 3498 ΙΙνεόματος

2085 3520 2310 3594 ἁγιάζει.
2347 3514 2549 3573 Μακεδ.
2579 3522 2746 3571 Τοῦτο
2781 3514 3036 3590 δέχομαι.
3071 3518 3217 3591 Ὀρθ.
3247 3519 3416 3569 Τοῦτο
3462 3512 3553 3567 οὖν
3601 3513 3737 3569 ἐστι’

2087 3633 2115 3660 α
2164 3613 2251 3679 Τῷ
2310 3602 2471 3681 Λόγῳ
2529 3605 2731 3681 Κυρίου
2790 3607 2841 3660 οἱ
2892 3605 3112 3682 οὐρανοὶ
3162 3604 3587 3679 ἐστερεώθησαν,
3646 3603 3739 3657 καὶ

2082 3702 2163 3768 τῷ
2220 3695 2491 3768 Ιῐνεόματι
2551 3700 2647 3748 τοῦ
2706 3693 2977 3767 στόματος
3037 3693 3203 3748 αὐτοῦ
3252 3698 3393 3747 πᾶσα
3440 3695 3474 3762 ἡ
3508 3690 3738 3765 δύναμις

2085 3784 2282 3839 αὐτῶν.
2344 3808 2372 3834 ››
2434 3780 2637 3840 Μακεδ.
2693 3780 2850 3839 Ἀλλ’
2905 3783 2933 3836 6
2986 3782 3079 3855 μὲν
3140 3783 3263 3837 Υἱὸς
3312 3782 3498 3850 κτίζει,
3556 3781 3618 3834 τὸ
3682 3778 3741 3835 δὲ

2086 3877 2311 3945 Πνεῦμα
2367 3874 2595 3949 ἁγιάζει,
2675 3872 2763 3927 καὶ
2823 3872 2884 3926 οὐ
2941 3870 3131 3941 κτίζει.
3194 3873 3341 3947 Ὀρθ.
3400 3872 3457 3927 Ὀ
3516 3871 3738 3931 συνετὸς

2085 3961 2294 4016 ἀκούων
2355 3959 2517 4029 οἶδεν,
2598 3960 2679 4016 ὅτι
2748 3961 2837 4015 καὶ
2903 3962 2965 4015 τὸ
3027 3957 3264 4034 ἁγιάζειν
3324 3959 3521 4028 κτίζειν
3574 3957 3736 4015 ἐστίν.

2084 4053 2243 4109 Ὅταν
2274 4050 2613 4123 ἀκούσωμεν,
2646 4075 2674 4103 ‹‹
2710 4047 2938 4125 Καρδίαν
2984 4050 3220 4124 καθαρὰν
3254 4048 3436 4103 κτίσον
3484 4046 3536 4102 ἐν
3588 4047 3740 4121 ἐμοὶ,

2087 4142 2115 4195 6
2148 4143 2296 4210 Θεὸς,
2329 4166 2355 4191 ››
2411 4140 2463 4195 τί
2516 4139 2655 4196 ἄλλο
2713 4143 2943 4212 νοοῦμεν
3001 4140 3035 4208 ἣ
3089 4138 3172 4209 τὸ,
3225 4134 3456 4213 Καρδίαν
3494 4137 3740 4211 καθαρὰν

2087 4229 2305 4307 ἁγίασον
2338 4230 2389 4285 ἐν
2430 4230 2575 4303 ἐμοὶ,
2628 4232 2655 4285 ὁ
2687 4228 2857 4297 Θεός;
2908 4224 3127 4296 Ἐπειδθ⁴
3170 4224 3227 4281 δὲ
3275 4226 3337 4281 σὺ
3400 4225 3587 4301 βούλει
3617 4246 3741 4279 συν-

2088 4322 2365 4375 ουσιᾶσθαι
2421 4319 2511 4374 τὸν
2571 4318 2833 4394 ἀγιασμὸν
2890 4321 3006 4378 τοῖς
3058 4316 3326 4391 οὐρανοῖς,
3355 4314 3491 4383 εἰπὲ,
3523 4316 3576 4368 τί
3612 4320 3737 4386 μεῖο

2093 4408 2177 4478 ζόν
2230 4408 2361 4474 ἐστι,
2410 4407 2605 4476 κτίζειν
2648 4409 2681 4476 ἢ
2710 4404 2985 4480 ἁγιάζεινς
3018 4401 3223 4462 Μακεδ.
3256 4404 3335 4460 Τὸ
3366 4402 3585 4475 κτίζειν,
3652 4401 3742 4478 ἕρ-

2087 4519 2184 4571 γον
2219 4501 2351 4551 Θεοῦ
2384 4495 2543 4552 ἐστιν.
2580 4496 2726 4570 Ὀρθ.
2760 4497 2953 4570 Ἔργον
2990 4493 3084 4565 μὶν
3126 4496 3260 4547 Θεοῦ
3308 4491 3416 4546 ἐστι
3446 4491 3508 4546 16
3539 4491 3742 4560 κτίζειν

2086 4586 2147 4640 οὐ
2183 4587 2287 4659 μὴν
2326 4590 2507 4657 μεῖζον
2535 4587 2631 4639 τοῦ
2668 4581 2903 4658 ἀγιάζειν
2939 4581 3103 4639 ἐστίν.
3138 4581 3232 4635 Καὶ
3265 4581 3369 4655 γὰρ
3399 4580 3488 4633 καὶ
3522 4579 3655 4634 αὐτὸ
3677 4580 3740 4634 τὸ

2086 4675 2340 4749 ἁγιάζειν,
2374 4672 2526 4749 ἔργον
2558 4676 2691 4727 Θεοῦ
2723 4671 2880 4726 ἐστιν.
2938 4672 3239 4745 Γέγραπται
3285 4667 3406 4746 γάρ’
3476 4692 3503 4723 α
3564 4669 3740 4743 Πάτερ

2086 4766 2221 4841 ἅγιε,
2256 4766 2471 4840 ἁγίασον
2507 4762 2698 4824 αὐτοὺς
2730 4760 2779 4816 ἐν
2812 4765 2879 4836 τῇ
2912 4759 3141 4832 ἀληθείᾳ
3173 4781 3289 4817 σου.
3341 4784 3369 4811 )›
3410 4760 3535 4816 ’Ότι
3587 4756 3646 4813 δὶ
3675 4760 3739 4813 τὸ

2086 4856 2317 4931 ἀγιάζειν
2374 4855 2556 4926 μεῖζόν
2618 4851 2727 4907 ἐστι
2758 4856 2855 4906 τοῦ
2891 4850 3109 4920 κτίζειν,
3146 4848 3203 4904 ἐκ
3230 4854 3328 4905 τοῦ
3358 4848 3741 4920 ἀποτελέσμαο

2083 4966 2173 5005 τος
2206 4945 2398 5017 γνῶθι,
2457 4942 2580 4996 ὅταν
2639 4962 2721 5002 τις
2781 4938 3021 5013 ἀπολέσῃ
3070 4940 3161 4993 τὸν
3194 4936 3482 5013 ἁγιασμόν.
3517 4938 3739 4993 Ἀκούει

2084 5036 2112 5089 ὁ
2164 5033 2354 5097 ἅθλιος
2388 5029 2617 5093 Ἰούδας·
2655 5058 2682 5084 ‹‹
2717 5029 2892 5086 Καλὸν
2929 5030 2995 5099 ἦν
3028 5029 3201 5101 αὐτῷ,
3248 5030 3293 5085 εἰ
3326 5029 3423 5084 οὐκ
3473 5027 3738 5102 ἐγεννήθη

2084 5126 2112 5179 6
2144 5122 2428 5199 ἄνθρωπος
2480 5120 2704 5181 ἐκεῖνος.
2742 5144 2769 5171 ››
2822 5116 3026 5174 Μακεδ.
3062 5117 3238 5173 Καλὸν
3273 5119 3368 5191 μὲν
3395 5119 3463 5187 ἦν
3487 5118 3662 5190 αὑτῷ,
3696 5119 3741 5172 εἱ

2084 5213 2183 5269 οὐκ
2239 5212 2494 5290 ἐγεννήθη
2557 5212 2584 5266 6
2634 5211 2918 5284 ἄνθρωπος
2968 5208 3192 5272 ἐκεῖνος.
3240 5207 3397 5267 Ἀλλ’
3452 5209 3482 5263 6
3539 5206 3739 5277 κτίζων

396 5409 439 5445 δι
473 5406 626 5465 Psal.
658 5423 835 5477 mn,
866 5409 921 5463 6.
998 5408 1044 5443 ⁸³
1076 5406 1227 5465 Psal.
1260 5424 1494 5478 cxnvm,
1524 5411 1581 5467 5.
1656 5411 1701 5446 ³³
1730 5410 1884 5468 Psal.
1918 5429 1967 5468 ι.

2085 5416 2113 5471 ι.
2189 5412 2234 5448 ³⁴
2262 5412 2430 5469 Joan.
2464 5424 2603 5477 xvn,
2636 5409 2723 5466 17.
2799 5408 2843 5444 ³³
2871 5408 3072 5465 Matth.
3104 5422 3255 5478 xxvx,
3285 5406 3377 5461 24.

402 5605 514 5676 (42)
548 5602 610 5657 At
640 5605 806 5662 deest
837 5604 896 5661 in
928 5604 1210 5662 Palatino.

406 5676 519 5747 (43)
549 5676 643 5733 Sic
676 5693 818 5735 mss.
856 5677 914 5733 In
947 5677 1119 5734 editis
1141 5693 1273 5734 vero
1296 5677 1536 5737 deerant
1567 5678 1856 5749 quaedam.

2157 5609 2265 5679 (44)
2298 5606 2618 5675 Palatinus,
2651 5601 2971 5679 πολυμαθῆ.

2149 5672 2261 5752 (45)
2293 5672 2615 5750 Palatinus,
2648 5672 2880 5757 ἐδέξατο.
