4092 6218
312 405 467 467 1241

1262 401 1364 461 DE
1410 396 1711 460 SANCTA
1761 396 2189 458 TRINITA'I‘E
2235 398 2624 461 DIALOGUS
2669 396 2776 459 ΠΙ.

3569 405 3724 465 1242

310 535 403 591 καὶ
436 533 787 610 δημιουργῶν
817 531 884 588 τὰ
917 532 992 607 μὴ
1027 527 1154 587 ὅντα
1185 532 1258 594 ὡς
1287 526 1433 603 ὄντα,
1468 531 1633 603 μόνος
1666 527 1777 584 ἐστὶ
1811 526 1939 589 Θεός

2078 529 2178 602 qui
2211 535 2368 586 creat
2397 535 2454 588 et
2469 531 2647 587 efﬁcit
2664 546 2795 603 quas
2825 547 2941 587 non
2976 534 3415 605 sunttanquam
3442 534 3488 591 si
3508 543 3724 592 essent.

382 628 470 682 25.
509 626 657 699 Ὀρθ.
710 620 983 678 Δέδεικται
1039 623 1151 696 μὲν,
1187 619 1271 676 ὅτι
1316 621 1399 690 16,
1434 644 1461 671 «
1506 621 1833 691 ῐίοιῆσωμεν
1870 615 1960 671 ἄν·

318 726 559 791 θρωπον,
593 736 621 764 ››
652 711 740 766 ἐπὶ
790 712 1005 785 ῙΙατρὸς
1052 709 1141 765 καὶ
1169 711 1297 764 Υ¹ιοῦ
1321 710 1410 764 καὶ
1442 709 1597 784 ἁγίου
1642 705 1957 778 ΙΙνεῦματος

311 802 584 859 λέλεκται·
619 801 707 856 καὶ
736 800 819 870 τὸ,
858 825 884 849 ‹‹
918 801 1246 872 Ποιήσωμεν
1280 798 1425 870 αὖτῷ
1462 797 1661 874 βοηθὸν
1711 796 1827 850 κατ’
1868 794 1959 849 αὖ·

310 893 427 962 τὸν,
463 916 490 941 ››
522 889 729 963 ὁμοίως
781 889 866 944 ἐπὶ
920 890 1128 965 [Ῑατρὸς
1158 888 1249 943 καὶ
1300 889 1433 942 Υἳοῦ
1481 887 1569 941 καὶ
1602 884 1759 961 ἁγίου
1791 883 1957 941 Πνεῦ-

312 1001 480 1055 ματος
514 978 745 1055 εἶ’ρηται.
775 981 891 1037 Ἵνα
922 976 979 1033 δὲ
1015 980 1088 1051 μή
1137 976 1489 1054 περιέλκηται
1524 978 1551 1031 6
1583 975 1768 1051 λόγος,
1802 970 1958 1028 ἄκου-

310 1092 401 1127 σον
434 1075 531 1125 τοῦ
577 1068 903 1145 Εὖαγγελίου
945 1066 1226 1144 λέγοντος,
1278 1067 1359 1122 ὅτι
1408 1067 1500 1122 τὸν
1548 1066 1673 1120 ναὸν
1719 1069 1815 1119 τοῦ
1857 1063 1959 1118 σώ-

308 1181 480 1234 ματος
537 1164 633 1215 τοῦ
682 1162 915 1234 Χριστοῦ
952 1201 966 1227 ,
1021 1159 1083 1212 τὸ
1138 1159 1359 1230 ΙΙνεῦμα
1415 1156 1477 1210 τὸ
1548 1156 1697 1231 ἅγιον
1757 1151 1952 1210 ἔκτισε.

302 1248 507 1307 Μακεδ.
544 1248 678 1306 Εἰπὲ
726 1252 830 1302 ποῦ
866 1267 880 1318 ;
915 1248 1061 1323 Ὀρθ.
1099 1270 1127 1299 »
1155 1251 1259 1301 T06
1307 1250 1487 1317 Ἰησοῦ
1518 1248 1551 1311 ἡ
1586 1245 1790 1319 γένεσις
1840 1245 1953 1315 (46)

303 1338 479 1393 οὕτως
510 1338 599 1407 ἦν’
635 1336 1058 1411 μνηστευθείσης
1102 1339 1200 1401 τῆς
1260 1335 1469 1411 μητρὸς
1520 1330 1686 1388 αὐτοῦ
1737 1330 1954 1408 Μαρίας

302 1432 384 1501 τῷ
445 1428 666 1496 Ἰωσὴφ.
728 1427 852 1503 πρὶν
912 1427 946 1495 ἦ
1016 1424 1287 1489 συνελθεῖν
1348 1422 1541 1484 αὐτοὺς
1576 1467 1589 1493 ,
1651 1420 1838 1497 εῦρέθη
1898 1419 1949 1474 ἐν

301 1517 496 1593 γαστρὶ
530 1515 735 1593 ἔχουσα
779 1516 839 1571 ἐκ
887 1513 1200 1588 ΙΙνεύματος
1251 1512 1423 1589 ἁγίου.
1464 1538 1483 1563 ι
1512 1509 1711 1568 Mam-:6.
1734 1514 1792 1568 '0
1819 1511 1949 1572 Υἱὸς

302 1605 395 1661 οῦν
430 1606 568 1662 ἐστιν
599 1607 626 1660 6
659 1606 870 1676 Ἰησοῦς
918 1608 1014 1659 τοῦ
1063 1603 1398 1676 ΙΙνεῦματος.
1434 1604 1584 1677 Ὀρθ.
1634 1602 1696 1656 Ἡ
1725 1601 1949 1674 γένεσις,

300 1695 465 1764 εἶπεν,
496 1694 621 1771 οὐχῖ
655 1696 689 1764 ἡ
720 1695 987 1770 γέννησις·
1019 1692 1074 1747 ’ὲν
1109 1690 1250 1766 λέγει
1286 1694 1421 1765 (47),
1453 1691 1581 1765 οὐχὶ
1613 1686 1946 1746 δύο.Μακεδ.

298 1782 459 1839 Ἀλλ’
492 1786 518 1838 6
552 1782 785 1860 ἄγγελος
838 1784 973 1836 εἷπε·
1010 1807 1035 1831 ‹‹
1069 1782 1140 1837 Τὸ
1179 1782 1283 1857 γὰρ
1333 1780 1385 1836 ἐν
1433 1779 1567 1845 αὐτῆ
1608 1780 1856 1854 γεννηθὲν
1890 1777 1950 1833 ἐκ

296 1871 615 1945 ῙΙνεύματός
665 1871 802 1925 ἐστιν
838 1870 1013 1945 ἁγίου.
1047 1893 1074 1921 ››
1108 1871 1258 1944 Ὀρο.
1294 1872 1521 1944 Πρῶτον
1554 1868 1750 1943 γένεσιν
1781 1866 1948 1920 ἄκου-
1980 1904 2026 1968 Β

300 1983 393 2016 σον
452 1965 548 2015 τοῦ
607 1965 759 2028 ναοῦ,
816 1959 905 2014 καὶ
962 1958 1085 2013 τότε
1138 1959 1404 2035 γέννησιν.
1466 1956 1566 2013 Καὶ
1625 1956 1728 2031 γὰρ
1776 1955 1864 2010 καὶ
1897 1955 1948 2009 οἱ

307 2048 583 2125 ἅνθρωποι
636 2054 851 2124 πρῶτον
903 2047 1193 2123 γιγνόμεθα
1245 2044 1678 2121 δημιουργικῶς,
1711 2045 1806 2099 εἶθ’
1858 2044 1948 2099 οὕ-

304 2160 413 2200 τως
443 2142 758 2214 γεννώμεθα
788 2141 1263 2212 καταχρησ-τῖικίὺς⁸
1304 2162 1324 2187 α
1360 2135 1520 2196 ι”ιοῦς
1556 2160 1583 2186 ››
1615 2136 1715 2210 γὰρ
1750 2159 1776 2185 ‹‹
1813 2133 1950 2208 ἐγέν-

301 2250 462 2299 νησα,
510 2228 598 2282 καὶ
653 2227 861 2301 ὕψωσα,
900 2251 926 2278 ››
957 2227 1279 2302 γέγραπται,
1336 2224 1396 2279 οῦ
1455 2229 1692 2302 φυσικῶς
1753 2221 1949 2293 δηλον-

302 2316 411 2388 ότι,
456 2315 601 2372 ἆλλὰ
648 2319 1123 2392 καταχρηστικῶς.
1184 2311 1387 2371 Μακεδ.
1441 2316 1568 2375 Ιῐῶς
1599 2313 1740 2367 εἶπεν
1776 2313 1803 2367 6
1838 2320 1947 2367 Σο-

298 2405 512 2479 λομών·
553 2429 580 2461 α
623 2406 685 2462 ’Π
733 2405 908 2482 Σοφία
955 2401 1309 2477 ᾠκυδόμησεν
1363 2404 1524 2476 ἑαυτῇ
1575 2402 1721 2457 οἶκον
1756 2405 1941 2478 ;Ὀρθ.

292 2499 467 2551 Τοῦτο
525 2495 624 2571 γάρ
686 2494 824 2550 ἐστιν
884 2495 913 2549 ’ὀ
972 2491 1138 2569 λέγω,
1200 2492 1283 2548 ὅτι
1340 2492 1511 2547 πάντα
1567 2492 1633 2546 τὰ
1677 2490 1806 2568 ἔργα
1847 2497 1943 2545 τοῦ

294 2584 525 2660 Ηατρὸς,
574 2584 665 2639 καὶ
721 2588 819 2639 τοῦ
884 2584 1058 2650 Υἱοῦ,
1117 2582 1205 2637 καὶ
1263 2586 1358 2637 τοῦ
1417 2581 1571 2658 ἁγίου
1628 2580 1941 2654 Πνεῦμα-τός

292 2672 425 2728 ἐστι’
478 2673 567 2728 καὶ
618 2670 705 2727 διὰ
754 2677 915 2727 τοῦτο
964 2672 1097 2727 ποτὶ
1144 2676 1240 2726 τοῦ
1289 2670 1500 2746 ΙΙατρὸς
1544 2668 1780 2745 λέγεται,
1811 2670 1944 2726 ποτὲ

290 2767 387 2817 τοῦ
448 2763 598 2833 Υἱοῦ,
632 2762 764 2817 ποτὲ
818 2760 913 2816 τοῦ
962 2760 1117 2836 ἁγίου
1151 2760 1489 2832 Ιῐνεύματος.
1522 2757 1741 2833 Ἀμέλει
1795 2756 1941 2835 λέγει

296 2850 573 2914 Παῦλοςὸ
632 2853 787 2926 ἅγιος
846 2848 1173 2912 ἀπόστολος
1239 2852 1421 2907 α”Οτε
1470 2846 1526 2904 δὲ
1584 2846 1940 2919 ηὖδόκησενὸ

294 2941 446 3011 Θεὸς,
476 2941 504 2994 6
547 2939 804 3017 ἀφορίσας
852 2961 917 3012 με
967 2938 1025 2993 ἐκ
1065 2937 1279 3000 κοιλίας
1316 2936 1521 3014 μητρός
1573 2959 1697 3010 μου,
1733 2936 1940 2991 ἀποκα-

292 3028 580 3103 λύψαιτὸν
628 3029 750 3082 Υἶὸν
804 3027 966 3082 αὐτοῦ
1025 3027 1076 3082 ἐν
1128 3027 1250 3101 ἐμοί
1309 3053 1328 3078 ι
1364 3027 1452 3081 καὶ
1500 3027 1664 3082 πάλιν
1700 3027 1727 3081 6
1776 3024 1935 3089 αῦτὸς

292 3116 461 3192 λέγει’
497 3142 525 3169 ‹‹
561 3117 778 3179 ΙΙαῦλος
809 3114 1006 3179 δοῦλος
1036 3118 1218 3186 Ἰησοῦ
1248 3118 1506 3193 Χριστοῦ,
1536 3115 1734 3183 κλητὸς
1771 3114 1933 3172 Ἀπό-

289 3207 505 3274 στολος,
553 3207 931 3284 ἀφωρισμένος
980 3206 1052 3268 είς
1100 3206 1429 3282 Εὖαγγέλιον
1482 3210 1631 3261 Θεοῦ.
1670 3230 1696 3256 ››
1730 3203 1928 3260 Μακεδ.

285 3296 345 3351 Τί
373 3301 533 3351 τοῦτο
565 3302 715 3351 ποιεῖ
749 3315 761 3364 ;
797 3298 946 3372 Ὀρθ.
984 3295 1260 3369 Βούλομαί
1308 3317 1391 3351 σοι
1433 3293 1620 3365 δεῖξαι,
1671 3293 1751 3349 ὅτι
1802 3297 1933 3349 ποτὶ

288 3386 472 3440 ἑαυτὸν
519 3385 797 3463 ἀφόρισμα
847 3385 991 3461 λέγει
1040 3389 1133 3439 τοῦ
1178 3385 1412 3458 ΙΙατρὸς,
1465 3385 1596 3439 ποτὲ
1642 3388 1740 3439 τοῦ
1780 3384 1928 3440 Υἱοῦ.

286 3472 511 3536 Μακεδ.
572 3477 661 3543 Μή
709 3496 797 3529 και
853 3479 948 3529 τοῦ
990 3475 1300 3548 ΙΙνεύματος
1336 3494 1348 3543 ;
1385 3476 1526 3549 ὈρΘ.
1587 3473 1739 3537 Μὰθε
1792 3471 1882 3528 οῦν
1917 3518 1930 3543 ,

282 3562 367 3618 ὅτι
416 3565 505 3618 καὶ
563 3565 624 3618 τὸ
678 3566 897 3636 Πνεῦμα
954 3564 1111 3619 αὐτὸν
1169 3564 1459 3642 ἀφώρισεν,
1510 3563 1582 3625 ὡς
1632 3560 1740 3632 ἤδη
1792 3584 1931 3637 προ-

282 3652 516 3727 είρηται.
578 3652 876 3729 Γέγραπται
938 3650 995 3707 δὲ
1046 3653 1216 3715 οὕτως
1279 3653 1331 3706 ἐν
1381 3658 1497 3714 ταῖς
1550 3654 1777 3727 Πρὰξεσι
1824 3658 1929 3707 τῶν

281 3740 627 3797 ἀποστόλωνο
664 3766 691 3794 ‹‹
727 3742 860 3798 Εἰπε
912 3739 968 3796 δὲ
1013 3742 1075 3797 16
1126 3745 1346 3814 Πνεῦμα
1384 3741 1584 3802 αὐτοῖς’
1618 3740 1933 3819 Ἀφορίσατέ

287 3852 381 3903 μοι
411 3831 506 3885 τὸν
542 3825 806 3906 βαρνὰὗαν
852 3831 941 3885 καὶ
973 3830 1062 3885 τὸν
1096 3829 1306 3885 Σαῦλον
1340 3833 1450 3903 (48)
1484 3830 1559 3892 εἷς
1602 3830 1663 3884 16
1694 3828 1871 3905 ἔργον,
1903 3830 1932 3884 ’ὀ

280 3919 701 3995 προσκέκλημαι
760 3917 973 3980 αὐτούς.
1038 3942 1065 3969 ››
1128 3916 1328 3973 Μακεδ.
1392 3919 1551 3994 Κάγὼ
1610 3917 1777 3994 λέγω,
1838 3919 1931 3981 οὓς

281 4006 500 4064 καλεῖὁ
565 4009 773 4084 Πατὴρ,
806 4007 1033 4070 τούτους
1091 4006 1251 4063 καλεῖ
1306 4008 1395 4063 καὶ
1453 4009 1481 4061 6
1536 4008 1657 4070 Υἱὸς
1723 4007 1813 4061 καὶ
1869 4008 1931 4062 τὸ

281 4099 508 4171 Πνεῦμα
538 4116 550 4129 ⁸
584 4097 674 4151 καὶ
724 4096 813 4159 οὓς
873 4098 1080 4172 ἁγιάζει
1136 4098 1163 4150 6
1194 4098 1383 4171 Πατὴρ
1425 4143 1438 4164 ,
1466 4098 1693 4158 τούτους
1726 4097 1929 4172 ἁγιάζει

279 4186 463 4241 καὶτὸ
495 4188 740 4259 Ιῐνεῦμα,
791 4185 915 4241 ἀλλ’
970 4186 1031 4239 06
1080 4186 1248 4254 κτίζει
1286 4186 1348 4240 τὸ
1383 4187 1624 4258 Πνεῦμα.
1660 4187 1807 4258 Ὀρθ.
1844 4186 1932 4239 Δέ-

282 4272 509 4344 δεικται,
561 4275 643 4330 ὅτι
691 4275 857 4344 κτίζει
914 4276 976 4329 τὸ
1036 4277 1276 4348 Πνεῦμα.
1328 4274 1541 4351 Ηὺρέθη
1574 4274 1677 4350 γὰρ
1732 4276 1766 4343 ἠ
1810 4274 1931 4349 ἁγία

280 4364 463 4438 Μαρία
493 4364 543 4419 ἐν
574 4364 763 4440 γαστρί
818 4362 1020 4439 ἔχουσα
1048 4363 1107 4418 ἐκ
1155 4362 1467 4437 ΙΙνεύματος
1512 4363 1692 4437 ἁγίου.
1725 4361 1927 4420 Μακεδ.

280 4453 396 4511 Οὐκ
440 4452 606 4521 εἶπεν,
659 4452 711 4508 ὲν
766 4453 953 4529 γαστρὶ
1006 4449 1211 4528 ἔχουσα
1263 4452 1542 4513 κτίσαντος
1598 4456 1694 4506 τοῦ
1753 4452 1929 4509 Ilva-.6-

280 4564 451 4615 ματος
493 4547 592 4597 τοῦ
643 4542 815 4617 ἁγίουο
863 4540 987 4597 ἀλλ’
1031 4540 1219 4603 ἁπλῶς
1271 4540 1503 4614 εἷ’ρηται’
1554 4565 1579 4591 ‹‹
1631 4541 1840 4616 Ηῦρέθη
1875 4541 1926 4595 ἐν

2140 622 2229 676 25.
2268 621 2420 677 Ortk.
2456 621 2771 677 Ostensum
2828 621 3063 693 quidem
3118 626 3205 677 est
3236 621 3378 677 illud
3418 641 3430 678 :
3464 647 3491 673 ‹‹
3527 625 3727 682 Facia-

2070 726 2204 765 mus
2247 710 2548 765 hominem
2580 712 2644 778 ³⁸,
2681 732 2706 758 ››
2741 711 2813 765 de
2862 711 3051 775 Patre,
3097 716 3152 767 et
3198 711 3359 782 Filio,
3403 717 3460 767 et
3503 716 3723 787 Spiritu

2070 812 2272 855 sancto
2304 800 2522 855 dictum
2556 816 2721 866 esse;
2757 804 2812 854 et
2843 798 2989 854 illud
3022 817 3035 854 :
3071 822 3098 849 ‹‹
3133 800 3438 857 Faciamus
3464 802 3521 875 _ei
3556 804 3723 875 adju-

2068 888 2284 943 torium
2336 887 2448 959 ipsi
2503 887 2854 944 conveniens
2885 888 2948 956 ³⁷,
2987 910 3014 935 »
3060 888 3266 944 itidem
3320 891 3389 945 de
3444 866 3635 957 Patre,
3671 898 3726 947 et

2069 976 2233 1045 Filio,
2266 983 2323 1031 et
2353 976 2571 1048 Spiritu
2624 982 2824 1033 sancto
2856 976 3073 1031 dictum
3125 994 3273 1034 esse.
3305 979 3436 1033 Jam
3486 998 3617 1035 vero
3651 998 3723 1037 ne

2066 1066 2300 1138 longius
2321 1066 2695 1137 protrahatur
2714 1066 3059 1129 oratio,audi
3085 1066 3461 1138 Evangelium
3495 1070 3719 1136 dicens,

2066 1154 2351 1227 templum
2403 1155 2658 1226 corporis
2708 1154 2919 1209 Christi
2969 1154 3149 1210 fuisse
3180 1172 3213 1211 a
3244 1157 3461 1228 Spiritu
3516 1164 3718 1213 sancto

2065 1243 2386 1299 conditum.
2423 1243 2619 1299 Maced.
2654 1244 2951 1299 Ubinam?
2984 1244 3139 1300 Orth.
3176 1268 3203 1294 «
3236 1246 3376 1301 Jesu
3426 1251 3588 1301 ortus
3633 1250 3717 1303 sic

2063 1333 2190 1388 fuit:
2208 1350 2340 1388 cum
2367 1338 2519 1389 esset
2541 1332 2893 1404 desponsata
2916 1338 3102 1388 mater
3125 1334 3251 1405 ejus
3275 1336 3451 1390 Maria
3471 1337 3707 1409 Joseph,

2064 1426 2376 1494 antequam
2411 1423 2805 1489 convenirent,
2826 1423 3063 1479 inventa
3094 1428 3183 1479 est
3211 1424 3434 1480 habens
3457 1426 3513 1480 in
3549 1431 3712 1483 utero

2062 1528 2130 1567 ex
2161 1512 2378 1584 Spiritu
2412 1516 2614 1567 sancto
2647 1513 2711 1567 ⁵⁸.
2748 1534 2773 1562 »ι
2806 1512 3005 1568 Maced.
3034 1517 3207 1568 Jesus
3255 1529 3391 1585 ergo
3422 1522 3507 1571 est
3538 1516 3715 1587 Spiri-

2060 1604 2155 1657 tus
2184 1600 2369 1657 sancti
2422 1600 2621 1656 Filius.
2674 1601 2835 1660 Orth.
2885 1599 3092 1663 Γὲνεσις
3140 1603 3220 1672 [id
3270 1607 3357 1658 est
3405 1626 3432 1654 ‹‹
3465 1610 3631 1661 ortus
3661 1607 3712 1677 ι]

2061 1688 2344 1757 dixit,non
2377 1686 2625 1763 γέννησις
2657 1692 2777 1763 [seu
2802 1692 3154 1763 generatio];
3181 1709 3364 1747 unum
3400 1694 3561 1760 dicit,
3596 1711 3712 1750 non

2059 1780 2197 1834 duo.
2228 1780 2436 1834 Maced.
2469 1780 2578 1835 Sed
2610 1778 2856 1853 angelus
2890 1780 3074 1836 dixit:
3113 1803 3134 1830 ι
3170 1782 3330 1847 Quod
3366 1782 3520 1838 enim
3554 1783 3612 1837 in
3646 1801 3715 1841 ea

2058 1872 2263 1924 natum
2298 1871 2480 1936 est,ex
2510 1869 2729 1941 Spiritu
2763 1874 2965 1925 sancto
2997 1874 3085 1925 est
3116 1872 3179 1925 3°.
3203 1892 3230 1919 »
3264 1870 3413 1925 Orth.
3447 1872 3710 1928 Primum

2062 1956 2198 2012 audi
2228 1962 2423 2013 ortum
2456 1958 2743 2029 templi,et
2759 1966 2963 2030 postea
2980 1959 3216 2014 demum
3246 1962 3705 2031 generationem.

2059 2047 2207 2103 Nam
2240 2052 2296 2103 et
2326 2065 2433 2103 nos
2464 2047 2733 2103 homines
2764 2048 3019 2121 primum
3053 2048 3341 2105 efficimur
3371 2055 3435 2105 ut
3484 2052 3553 2106 ab
3586 2052 3709 2123 opi-

2059 2137 2165 2192 fice
2195 2142 2252 2192 et
2292 2136 2610 2200 conditore,
2646 2137 2856 2193 deinde
2904 2138 2988 2193 sic
3017 2138 3318 2210 gignimur
3366 2141 3707 2212 improprie.

2060 2225 2206 2282 Illud
2239 2227 2417 2297 enim,
2445 2248 2471 2280 ι
2502 2226 2678 2282 Filios
2705 2226 2961 2298 genui,et
2985 2227 3229 2283 exaltavi
3261 2229 3362 2296 ιον)
3386 2234 3541 2284 certe
3565 2232 3706 2285 scri-

2057 2318 2221 2387 ptum
2255 2320 2363 2385 est,
2398 2332 2511 2371 non
2566 2317 2931 2383 naturaliter,
2965 2318 3064 2372 sed
3119 2317 3456 2390 improprie.
3504 2320 3703 2375 Maccd.

2054 2405 2355 2469 Quomodo
2406 2404 2551 2459 dixit
2597 2404 2869 2460 Salomon
2919 2422 2931 2460 :
2988 2428 3016 2455 «
3048 2406 3347 2479 Sapientia
3398 2409 3707 2466 aedificavit

2055 2494 2167 2549 sibi
2198 2495 2439 2549 domum
2471 2494 2742 2553 “‘I»0rth.
2775 2494 3079 2551 Enimvero
3112 2496 3221 2551 hoc
3249 2496 3391 2551 illud
3427 2502 3511 2552 est
3547 2500 3703 2570 quod

2054 2582 2204 2654 dico,
2254 2584 2454 2639 omnia
2500 2583 2770 2639 videlicet
2818 2600 2995 2656 opera
3042 2599 3171 2640 esse
3221 2585 3427 2655 Patris,
3471 2587 3597 2641 Filii
3648 2592 3705 2644 et

2054 2672 2307 2745 Spiritus
2360 2672 2568 2743 sancti,
2604 2672 2851 2744 ideoque
2899 2673 3071 2728 modo
3122 2674 3309 2729 Patris
3356 2675 3489 2744 dici,
3526 2678 3698 2732 modo

2055 2760 2200 2828 Filii,
2237 2763 2407 2816 modo
2458 2762 2708 2833 Spiritus
2738 2761 2946 2817 sancti.
2980 2762 3279 2834 Siquidem
3332 2764 3550 2820 Paulus
3600 2765 3697 2821 ille

2050 2856 2290 2906 sanctus
2342 2851 2664 2923 apostolus,
2712 2852 2906 2923 inquit
2938 2867 2951 2904 :
2987 2874 3015 2901 «
3048 2851 3191 2906 Cum
3225 2858 3419 2906 autem
3472 2852 3697 2925 placuit

2049 2940 2185 3011 Deo,
2218 2940 2317 3012 qui
2349 2957 2441 2995 me
2488 2940 2813 3013 segregavit
2851 2957 2917 2995 ex
2968 2944 3132 2996 utero
3186 2940 3389 2996 matris
3437 2958 3597 3008 metu,
3633 2946 3698 2997 ut

2046 3029 2322 3085 revelaret
2349 3029 2558 3084 Filium
2580 3046 2753 3085 suum
2776 3028 2832 3083 in
2858 3046 2950 3085 me
2974 3030 3042 3097 ‘9;
3066 3051 3094 3079 »
3116 3034 3171 3085 et
3188 3029 3313 3103 ipse
3331 3048 3568 3087 rursum
3602 3032 3690 3085 di-

2045 3118 2125 3173 cit
2158 3136 2169 3173 :
2205 3142 2231 3167 «
2268 3118 2484 3173 Paulus
2515 3134 2717 3173 servus
2745 3118 2885 3174 Jesu
2917 3117 3410 3187 Christi,vocatus
3442 3122 3690 3192 Aposto-

2043 3208 2504 3280 1us,segregatus
2537 3207 2595 3262 in
2626 3206 3006 3280 Evangelium
3042 3207 3139 3263 Dei
3172 3208 3273 3262 “.n
3305 3210 3507 3264 Maced.
3542 3210 3693 3273 Quid

2044 3314 2111 3352 ex
2169 3298 2277 3352 hoc
2333 3297 2631 3351 efﬁcitur?
2682 3300 2839 3355 Orth.
2898 3296 3041 3351 Volo
3100 3297 3205 3353 tibi
3264 3299 3690 3367 demonstrare,

2042 3386 2287 3441 Paulum
2320 3386 2510 3441 dicere
2532 3403 2591 3442 se
2614 3386 2895 3459 quiddam
2918 3403 3045 3443 esse
3072 3392 3437 3460 segregatum
3466 3390 3638 3445 modo
3662 3406 3696 3444 a

2042 3476 2228 3543 Patre,
2285 3476 2455 3531 modo
2482 3494 2510 3531 a
2546 3475 2707 3532 Filio.
2742 3476 2955 3534 Maced.
3002 3477 3153 3533 Num
3203 3478 3377 3533 etiam
3412 3496 3444 3533 a
3475 3478 3694 3551 Spiritu

2042 3570 2243 3621 sancto
2274 3569 2299 3619 ρ
2343 3568 2494 3625 Orth.
2557 3567 2720 3621 Disce
2773 3566 2952 3637 igitur
3000 3568 3150 3638 quod
3209 3569 3387 3623 etiam
3437 3568 3692 3639 Spiritus

2042 3659 2284 3709 sanctus
2313 3654 2510 3727 ipsum
2543 3656 2953 3728 segregarit,ut
2976 3657 3102 3727 jam
3130 3663 3303 3712 antea
3324 3658 3547 3711 dictum
3580 3663 3685 3713 est.

2042 3743 2136 3799 Sic
2162 3743 2315 3799 enim
2344 3744 2625 3815 scriptum
2652 3752 2741 3800 est
2767 3746 2821 3799 in
2848 3746 3004 3800 Actis
3030 3745 3423 3816 apostolorum
3454 3764 3511 3799 ζα
3543 3746 3692 3801 Dixit

2040 3839 2232 3887 autem
2265 3833 2349 3887 eis
2381 3833 2685 3903 Spiritus:
2720 3833 3032 3905 Segregate
3083 3833 3224 3888 mihi
3272 3835 3597 3889 Barnabam
3632 3840 3690 3890 et

2040 3922 2280 3976 Saulum
2331 3922 2401 3976 ad
2436 3937 2583 3993 opus
2615 3922 2685 3976 ad
2733 3922 2882 3992 quod
2915 3922 3075 3993 ipsos
3118 3922 3387 3977 advocavi
3419 3924 3481 3977 “.
3518 3948 3544 3971 ››
3578 3924 3685 3978 Μα-

2040 4011 2151 4065 ced.
2189 4011 2320 4065 Dico
2368 4010 2541 4065 etiam
2593 4026 2719 4082 ego,
2753 4027 2898 4082 quos
2943 4016 3108 4067 vocat
3160 4014 3345 4081 Pater,
3380 4028 3478 4067 eos
3526 4016 3690 4067 vorat

2041 4098 2241 4164 Filius,
2276 4104 2331 4153 et
2356 4098 2603 4170 Spiritus
2636 4104 2873 4154 sanctus
2907 4116 2919 4154 :
2954 4104 3013 4155 et
3044 4116 3193 4171 quos
3223 4100 3550 4155 sanctiﬁcat
3580 4106 3686 4156 Pa-

2040 4192 2146 4255 ter,
2180 4204 2277 4242 eos
2323 4187 2649 4241 sanctiﬁcat
2681 4188 2850 4241 etiam
2908 4187 3184 4259 Spiritus,
3217 4190 3314 4243 sed
3368 4206 3479 4243 non
3532 4193 3691 4245 creat

2041 4276 2314 4348 Spiritus.
2350 4276 2515 4332 Orth.
2550 4276 3026 4331 Demonstratum
3072 4282 3158 4331 est
3209 4278 3490 4350 Spiritum
3542 4295 3687 4349 quo-

2040 4382 2152 4436 que
2212 4381 2426 4419 creare.
2464 4366 2699 4419 Inventa
2752 4372 2840 4420 est
2896 4365 3051 4420 enim
3114 4365 3295 4422 Maria
3354 4366 3575 4421 habens
3628 4368 3687 4422 in

2040 4458 2203 4509 utero
2236 4455 2304 4509 de
2336 4454 2553 4526 Spiritu
2589 4457 2810 4508 sancto.
2847 4454 3041 4510 Μαρια.
3075 4454 3197 4509 Non
3233 4456 3397 4521 dixit,
3435 4456 3490 4510 in
3527 4462 3687 4513 utero

2038 4543 2284 4612 habens,
2331 4548 2564 4598 creante
2612 4543 2825 4614 Spiritu
2882 4549 3131 4599 sancto:
3189 4545 3288 4600 sed
3340 4545 3687 4617 simpliciter

273 4631 465 4708 γαστρὶ
518 4630 721 4706 ἔχουσα
768 4631 826 4685 ἐκ
878 4630 1189 4702 Ιινεῦματος
1242 4630 1420 4705 ἁγίου.
1456 4654 1483 4682 ››
1520 4632 1667 4704 Ὀρθ.
1705 4631 1775 4685 Τὸ
1807 4629 1921 4700 οῦν,

2053 4632 2251 4687 lictum
2281 4638 2370 4687 est
2394 4650 2441 4687 :u
2470 4633 2703 4688 inventa
2728 4638 2817 4688 est
2839 4632 3059 4688 habens
3087 4633 3144 4689 in
3170 4639 3333 4689 utero
3366 4636 3435 4689 de
3460 4634 3681 4705 Spiritu

276 4746 304 4772 ‹‹
338 4720 398 4775 ἐκ
424 4722 740 4793 Ιῐνεῦματος
793 4719 969 4795 ἁγίου,
1007 4744 1034 4771 ››
1063 4719 1115 4774 τί
1146 4718 1284 4774 ἄλλο
1334 4722 1442 4795 ἡγῇ
1496 4718 1641 4788 πλὴν
1686 4723 1781 4774 τοῦ
1812 4720 1923 4774 κτί-

274 4828 412 4877 σαι;
465 4806 666 4865 Μακεδ.
717 4810 855 4883 Ἐγὼ
898 4810 996 4878 τήν
1050 4808 1362 4880 οἰκονομίαν
1416 4807 1558 4883 λέγω
1617 4812 1712 4863 τοῦ
1762 4808 1929 4865 ΙΙνεῦ-

277 4920 449 4971 ματος
508 4897 729 4953 ἐνταῦθα
761 4898 1115 4971 σημαίνεσθαι
1153 4942 1165 4954 .
1228 4899 1389 4972 Ὀρθ.
1452 4899 1540 4967 Μὴ
1604 4898 1694 4952 οὖν
1752 4897 1925 4961 θέλεις

272 4989 444 5043 εἰπεῖν
499 4987 562 5042 τὸ
621 4987 885 5063 Κυριακὸν
936 4992 1093 5060 σῶμα
1140 4986 1389 5060 κτίσμα;
1443 4984 1665 5043 Μακεδ.
1717 4986 1928 5060 Κτίσμα

272 5078 370 5151 μὲν
404 5076 554 5152 λέγω
584 5078 644 5132 16
675 5077 855 5149 σῶμα,
891 5075 1013 5131 ἀλλ’
1048 5075 1111 5131 o6
1139 5081 1234 5131 106
1264 5076 1578 5150 ΙΙνεύματος
1610 5075 1739 5130 αὐτὸ
1785 5075 1927 5152 λέγω

266 5165 494 5239 κτίσμα,
552 5164 699 5222 ἀλλὰ
754 5169 852 5220 τοῦ
902 5166 1177 5241 Χριστοῦ.
1242 5167 1386 5241 Ὀρθ.
1431 5163 1589 5220 Ἀλλ’
1642 5167 1676 5236 ἡ
1738 5166 1924 5244 Γραφή

2034 4728 2237 4777 sancto
2259 4723 2371 4777 ‘5.»
2403 4722 2563 4779 Ortk.
2601 4723 2754 4777 Istud
2791 4739 2926 4793 ergo
2962 4739 3024 4776 :«
3058 4727 3133 4777 De
3164 4722 3382 4795 Spiritu
3420 4728 3683 4788 sancto,»

2039 4811 2173 4883 quid
2210 4811 2368 4865 aliud
2425 4828 2552 4866 esse
2603 4816 2791 4883 putas,
2824 4828 2999 4882 quam
3049 4812 3243 4882 ipsum
3301 4813 3685 4868 condidisse?

2037 4899 2233 4955 Maced.
2270 4899 2405 4954 Dico
2446 4899 2701 4970 Spiritus
2744 4900 2926 4954 sancti
2962 4902 3343 4956 mconomiam
3379 4901 3469 4955 his
3503 4902 3683 4973 signi-

2038 4988 2219 5044 ficari.
2252 4988 2413 5047 Orth.
2444 4988 2566 5042 Non
2617 4990 2704 5043 vis
2755 4988 2937 5060 igitur
2978 4990 3142 5044 fateri
3199 4991 3419 5045 Domini
3473 5008 3683 5062 corpus

2037 5093 2165 5133 esse
2212 5081 2469 5133 creatum
2492 5078 2519 5131 ?
2550 5078 2757 5131 Maced.
2812 5077 3015 5132 Fateor
3043 5079 3276 5147 quidem
3319 5096 3528 5151 corpus
3556 5097 3684 5137 esse

2036 5171 2315 5237 creatum,
2341 5184 2457 5222 non
2488 5171 2684 5221 tamen
2718 5182 2751 5221 a
2781 5165 2998 5238 Spiritu
3032 5173 3234 5224 sancto
3266 5174 3520 5224 creatum
3555 5187 3683 5227 esse

335 5380 381 5453 ’ξ
411 5379 555 5436 Gen.
591 5380 795 5453 1,26.”
822 5379 866 5453 ³7
898 5379 1036 5434 Gen.
1072 5379 1617 5453 11,_18.'_{Matth.
1652 5398 1691 5448 1,
1723 5382 1813 5436 38.
1889 5380 1934 5416 ³⁹

2053 5379 2104 5436 [1.
2136 5381 2223 5436 20.
2305 5379 2349 5414 ⁶⁰
2380 5382 2490 5438 lsa.
2524 5398 2561 5452 1,
2593 5383 2647 5437 2.
2724 5381 2768 5418 “
2793 5380 2956 5437 Prov.
2989 5396 3069 5451 Ix,
3104 5382 3154 5438 1.
3230 5383 3274 5417 ⁵³
3303 5381 3488 5438 Galat.
3517 5398 3555 5453 1,
3588 5384 3673 5436 15.

267 5454 315 5488 ⁸³
347 5451 518 5508 Rom.
552 5468 592 5520 1,
626 5451 678 5506 1.
757 5450 803 5484 “
826 5452 951 5506 Act.
982 5466 1106 5521 χιιι,
1137 5451 1190 5506 2.
1269 5451 1314 5487 ιδ
1344 5451 1552 5508 Matth.
1584 5470 1624 5518 1,
1661 5453 1746 5509 18.

343 5663 457 5736 (46)
491 5661 1110 5736 ξαξαῐὶιψεκγέννησις.

347 5731 462 5808 (47)
498 5734 678 5793 Palat.
707 5731 762 5789 ’ὲν
794 5731 989 5815 λέγει,
1052 5734 1177 5810 οὐχὶ
1236 5732 1284 5790 ὃ.
1346 5736 1521 5813 Εᾶίῑί-
1546 5736 1714 5810 male,
1757 5735 1920 5795 ἐννόει

2103 5668 2192 5741 (48
2222 5666 2388 5741 Μεει,
2421 5664 2668 5737 Παῦλον,
2691 5668 2840 5725 lbid.
2874 5667 3082 5739 Palat.,
3106 5662 3182 5728 εἷς
3216 5662 3347 5763 ὅπερ
3377 5660 3674 5734 κέκλημαι.
