4092 6218
348 428 503 487 1243

1509 421 1570 480 S.
1622 422 2149 484 ATHANASIUS.
2178 453 2254 466 —
2281 420 2589 485 SPURIA.

3599 425 3774 484 1244

351 560 501 626 dico,
536 557 637 613 sed
671 573 704 611 a
733 555 985 612 Christo.
1018 556 1173 614 Orth.
1208 554 1377 626 Atqui
1426 553 1725 626 Scriptura
1754 552 1947 625 inquit
1978 570 1990 608 :

2136 550 2275 606 ίπεν’
2338 576 2366 603 ››
2428 553 2638 630 Ηὺρέθη
2699 553 2751 609 ἓν
2807 557 2997 632 γαστρὶ
3056 554 3259 633 ἔχουσα
3326 555 3385 610 ἐκ
3448 553 3776 628 Πνεῦματος

354 672 381 701 ‹‹
423 649 658 703 inventa
687 650 775 700 est
809 645 862 699 in
903 649 1062 701 utero
1094 643 1316 699 habens
1363 644 1432 699 de
1463 642 1681 715 Spiritu
1714 646 1934 698 sancto.
1971 663 1999 692 »

424 738 514 792 26.
550 736 749 791 Maccd.
788 734 883 788 Dic
919 733 1060 787 mihi
1104 734 1200 788 ubi
1233 732 1518 805 scriptum
1568 732 1663 801 sit,
1698 731 2001 803 quidpiam

356 845 389 884 a
418 825 633 897 Spiritu
669 827 872 879 sancto
928 823 1111 877 fuisse
1144 822 1465 877 conditum.
1500 820 1658 879 Orth.
1692 820 2005 875 Sufﬁciunt

357 916 593 988 quidem
617 931 683 969 ea
706 914 860 970 456
891 929 1016 982 quas
1035 911 1290 966 diximus
1314 910 1677 965 auditoribus
1705 910 2002 978 omnibus,

359 1004 457 1077 qui
491 1004 714 1058 sincere
766 1001 843 1057 rei
879 1000 1292 1072 cognoscendis
1348 1000 1609 1054 studium
1654 997 1999 1053 attulerint:

358 1094 635 1166 quoniam
672 1096 865 1146 autem
902 1090 1068 1143 nobis
1120 1089 1479 1161 propositum
1512 1095 1600 1143 est
1630 1105 1799 1143 secus
1832 1088 2004 1143 etiam

359 1182 582 1240 affectis
603 1180 878 1253 prodesse
904 1197 915 1233 :
943 1178 1079 1233 audi
1118 1178 1291 1232 etiam
1327 1178 1611 1249 Spiritum
1644 1178 1726 1234 sic
1762 1176 2006 1248 loquen-

366 1278 480 1327 tem
513 1288 525 1325 :
562 1292 589 1319 ι(
622 1270 865 1324 Paratus
894 1272 1036 1331 esto,
1072 1266 1267 1331 Israel,
1303 1268 1372 1322 ad
1408 1267 1793 1323 invocandum
1828 1271 2007 1321 Deum

363 1367 555 1417 tuum.
591 1359 731 1414 Ecce
780 1357 935 1413 enim
969 1374 1098 1428 ego,
1130 1355 1228 1428 qui
1280 1356 1447 1411 firmo
1499 1356 1737 1423 tonitru,
1771 1361 1827 1411 et
1879 1372 2009 1410 creo

370 1450 731 1521 spiritum,et
750 1446 1087 1503 hominibus
1110 1448 1394 1503 annuntio
1417 1446 1713 1503 Christum
1744 1449 1872 1518 ejus
1894 1448 1957 1504 ⁵⁸.
1982 1469 2008 1496 ››

366 1539 570 1595 Maced.
626 1538 789 1594 Pater
833 1536 881 1591 is
933 1541 1040 1604 est,
1092 1535 1193 1608 qui
1240 1536 1516 1608 loquitur.
1570 1536 1718 1591 Orth.
1755 1536 1813 1593 Si
1845 1537 2015 1594 Pater

368 1628 729 1699 loqueretur,
764 1624 1073 1679 dicendum
1108 1623 1157 1679 ei
1197 1624 1421 1695 fuisset,
1455 1626 1561 1689 Qui
1593 1625 1878 1681 annuntio
1909 1626 2011 1683 h0-

367 1716 629 1772 minibus
659 1714 954 1769 Christum
1008 1730 1243 1782 mcum;
1296 1731 1484 1785 neque
1538 1714 1798 1782 dixisset,
1850 1714 2010 1770 Chri-

363 1809 522 1862 stum
555 1806 703 1874 ejus.
742 1803 840 1859 Dic
861 1803 1018 1858 enim
1053 1802 1193 1857 mihi
1222 1820 1293 1857 an
1317 1804 1387 1857 ab
1413 1802 1525 1857 alio
1556 1802 1671 1858 Deo
1699 1820 1874 1873 quam
1909 1803 2013 1857 Pa-

2112 640 2287 715 ἀγίου.
2327 667 2348 693 ι

2182 733 2277 788 26.
2338 730 2539 789 Μακεδ.
2586 733 2736 808 Αὖτῇ
2780 738 2847 809 τῇ
2901 732 3040 806 λέξει
3092 734 3208 791 εἰπὲ
3255 756 3370 807 μοι,
3415 738 3523 789 ποῦ
3566 733 3779 811 γέγρα-

2113 840 2263 888 πται,
2295 820 2376 875 δτι
2404 844 2456 877 τι
2489 820 2661 877 ἔκτισε
2702 824 2765 878 τὸ
2814 829 3053 897 Πνεῦμα.
3107 826 3256 899 Ὀρθ.
3292 825 3477 900 Ἀρκεῖ
3527 826 3621 896 μὶν
3652 830 3783 884 τοῖς

2115 909 2473 985 εὐγνωμόνως
2521 911 2777 967 ἀκούουσι
2836 914 2926 968 καὶ
2986 914 3054 969 τὰ
3110 915 3519 989 προειρημέναο
3573 910 3779 981 ἐπειδὴ

2117 994 2174 1052 δὲ
2205 1000 2404 1062 σκοπὸς
2434 1002 2568 1074 ἡμῖν
2618 1001 2758 1056 ἐστιν
2813 1002 3096 1081 ὠφελῆσαι
3147 1006 3259 1078 (49)
3308 1003 3398 1057 καὶ
3436 1002 3564 1064 τοὺς
3595 1004 3787 1077 ἀγνώ-

2120 1108 2311 1159 μονας,
2348 1085 2506 1146 ἄκουε
2553 1092 2642 1145 καὶ
2690 1097 2786 1146 τοῦ
2838 1092 3150 1165 [Ινεῦματος
3201 1092 3474 1166 λέγοντος·
3511 1118 3539 1143 ‹‹
3591 1093 3785 1149 Ἑτοι-

2122 1174 2293 1248 μαζου
2347 1183 2443 1232 τοῦ
2500 1178 2872 1244 ἐπικαλεῖσθαι
2928 1181 3020 1235 τὸν
3072 1181 3201 1237 Θεόν
3258 1202 3353 1235 σου
3387 1180 3635 1255 Ἰσραήλ,
3686 1179 3786 1233 ὅτι

2122 1262 2239 1320 ἰδοὺ
2292 1265 2400 1341 ἐγὼ
2449 1274 2678 1343 στερεῶν
2735 1270 2989 1344 βροντήν,
3042 1270 3129 1325 καὶ
3162 1271 3357 1339 κτίζων
3412 1275 3649 1342 πνεῦμα,
3681 1268 3787 1323 καὶ

2119 1354 2483 1430 ἀπαγγέλλων
2542 1357 2615 1419 εἰς
2672 1357 2989 1434 ἀνθρώπους
3056 1359 3146 1414 τὸν
3204 1360 3433 1435 Χριστὸν
3490 1358 3680 1415 αὑτοῦ.
3758 1384 3783 1408 ι

2120 1441 2327 1500 Μακεδ.
2360 1446 2415 1505 '0
2473 1449 2658 1520 Πατήρ
2712 1446 2850 1503 ἐστιν
2903 1449 2931 1503 ὁ
2980 1446 3174 1524 λέγων.
3210 1449 3353 1523 ὐρθ.
3406 1447 3466 1502 Εἰ
3518 1449 3547 1501 6
3586 1449 3789 1521 Πατὴρ

2123 1530 2325 1609 ἔλεγεν,
2379 1535 2521 1610 εἶχεν
2572 1534 2631 1590 ἂν
2666 1536 2854 1608 εἰπεῖν,
2906 1535 3303 1613 Ἀπαγγέλλων
3339 1536 3414 1599 εἷς
3448 1537 3788 1611 ἀνθρώπους

2120 1623 2209 1678 τὸν
2246 1623 2476 1699 Χριστόν
2509 1643 2633 1697 μον
2668 1625 2758 1680 καὶ
2790 1625 2890 1681 οὐκ
2921 1625 2978 1680 ἂν
3014 1626 3178 1697 εἶπεν,
3202 1626 3291 1681 τὸν
3328 1626 3556 1700 Χριστὸν
3585 1625 3791 1681 αὐτοῦ.

2123 1711 2273 1769 Ἐπεὶ
2331 1711 2447 1767 είπὲ
2507 1735 2622 1785 μοι,
2682 1714 2726 1768 εἰ
2788 1712 2961 1770 ἄλλου
3020 1719 3154 1770 Θεοῦ
3203 1715 3311 1770 ἐστι
3363 1714 3507 1787 παρὰ
3535 1715 3628 1769 τὸν
3666 1721 3793 1769 lla-

2122 1802 2250 1878 τέρα
2281 1802 2308 1855 ὁ
2340 1803 2589 1877 Χριστός.
2641 1800 2842 1860 Μακεδ.
2897 1802 3104 1866 ’Ἀλλος
3157 1804 3250 1876 μὲν
3305 1804 3431 1865 Θεὸς
3479 1805 3628 1879 παρὰ
3684 1804 3788 1857 τὸν

362 1898 448 1950 tre
497 1893 573 1948 sit
602 1891 892 1947 Christus.
928 1891 1125 1946 Maced.
1162 1890 1327 1946 Alius
1379 1891 1613 1963 quidem
1664 1908 1851 1962 neque
1884 1891 2010 1958 fuit,

2133 1894 2358 1966 Χριστοῦ
2402 1891 2612 1967 Πατέρα
2659 1890 2781 1947 οὔτε
2827 1894 2916 1962 ἦν,
2968 1890 3090 1947 οὔτε
3141 1892 3307 1963 ἐστὶν,
3356 1888 3476 1948 οὔτε
3527 1890 3713 1947 ἔσται·
3755 1894 3787 1945 ὁ

2296 1981 2307 1993 ,
2467 1976 2512 1993 ρ..
2570 1980 2584 1993 .
2762 1981 2774 1993 .
2835 1979 2888 1993 ..
3146 1983 3201 1993 ...
3356 1980 3404 1993 ._
3586 1985 3612 1993 -
3670 1980 3683 1993 .

366 1998 473 2037 nec
504 1985 610 2046 est,
645 1997 747 2035 nec
779 1981 885 2035 erit
920 1979 1071 2035 Deus
1104 1985 1310 2051 praeter
1349 1978 1560 2034 Christi
1596 1979 1826 2035 Patrem
1861 1998 1873 2036 :
1907 1980 2011 2035 sed

368 2071 653 2143 propheta
684 2070 734 2125 is
763 2069 977 2141 est,qui
1012 2069 1186 2124 dicit:
1224 2092 1248 2117 ‹‹
1282 2069 1527 2123 Paratus
1556 2073 1702 2136 esto,
1736 2068 2013 2135 Israel,ad

368 2160 762 2215 invocandum
808 2158 990 2214 Deum
1041 2164 1248 2214 tuum:
1301 2180 1328 2208 ››
1367 2176 1554 2230 neque
1584 2158 1869 2231 scriptum
1902 2164 2013 2230 est,

370 2271 399 2299 «
433 2250 578 2305 Ecce
617 2265 744 2321 ego,
780 2270 807 2297 ››
857 2249 959 2304 sed
992 2265 1004 2303 :
1042 2271 1067 2300 ιι
1103 2248 1244 2303 Ecce
1295 2247 1393 2319 qui
1446 2249 1641 2303 ﬁrmat
1689 2249 1928 2317 tonitru,
1960 2254 2017 2305 et

369 2342 526 2393 creat
554 2336 853 2410 spiritum,
887 2342 945 2393 et
975 2336 1284 2392 annuntiat
1331 2337 1672 2393 hominibus
1716 2337 2013 2393 Christum

368 2428 498 2497 ejus
532 2445 544 2481 :
583 2451 603 2479 ι
643 2425 769 2498 ipse
818 2425 1088 2482 videlicet
1119 2426 1290 2483 Deus.
1346 2427 1499 2482 Orlh.
1534 2427 1745 2482 Omnia
1776 2427 2016 2499 quidem

367 2515 754 2583 vobislicent,
790 2516 891 2571 sed
926 2531 1039 2570 non
1062 2516 1258 2571 omnia
1283 2516 1618 2586 expediunt.
1654 2516 1763 2571 Vos
1795 2516 1948 2571 enim
1978 2516 2017 2571 ii

371 2605 513 2662 estis
546 2604 642 2676 qui
676 2604 862 2660 sancti
913 2603 1072 2659 Pauli
1106 2604 1177 2659 ad
1210 2604 1478 2660 Hebraos
1526 2603 1845 2677 Epistolam
1879 2604 2016 2676 reji-

374 2694 528 2760 citis,
557 2697 613 2748 et
647 2691 912 2765 Epistolas
945 2693 1014 2747 ad
1049 2692 1343 2748 Romanos
1373 2698 1704 2749 contextum
1740 2693 2017 2764 deprava-

376 2782 504 2853 stis,
525 2799 657 2837 cum
691 2780 888 2837 dicitis
921 2781 1208 2854 scriptum
1238 2799 1349 2838 non
1382 2799 1508 2838 esse
1532 2801 1578 2838 :u
1606 2786 1713 2838 Per
1734 2781 2017 2854 Spiritum

376 2873 503 2943 ejus
538 2869 962 2926 inhabitantem
994 2869 1049 2925 in
1087 2870 1285 2938 vobis;
1311 2871 1485 2937 nsed,
1511 2895 1536 2922 ‹‹
1571 2876 1806 2944 propter
1836 2871 2019 2943 Spiri-

376 2966 501 3016 tum
534 2960 664 3031 ejus
686 2959 1107 3015 inhabitantem
1130 2961 1229 3015 ‘7.»
1256 2960 1402 3024 Quin
1428 2961 1601 3015 etiam
1625 2977 1756 3016 ecce
1777 2960 2022 3032 prephc-

374 3053 443 3103 tae
477 3065 703 3120 quoque
726 3048 900 3103 verba
921 3049 1151 3104 conaris
1191 3049 1526 3120 depravare.
1565 3049 1674 3105 Sed
1720 3048 1829 3105 hoc
1854 3066 2021 3105 nemo

374 3137 481 3191 tibi
507 3137 800 3192 concedet.
835 3138 1056 3208 Itaque,
1089 3138 1136 3192 si
1160 3138 1564 3209 propheticum
1597 3137 1739 3192 illud
1768 3137 2023 3209 protule-

374 3226 647 3291 rimus,ct
668 3225 1097 3282 ostenderimus
1120 3227 1406 3298 scriptum
1432 3243 1561 3282 esse
1585 3243 1599 3283 :
1624 3251 1650 3277 ‹‹
1678 3227 1819 3282 Ecce
1843 3244 1970 3299 ego,
1998 3250 2018 3275 ι

2124 1981 2412 2053 προφήτης
2464 1976 2520 2034 δέ
2567 1980 2706 2034 ἐστιν
2756 1981 2783 2034 6
2835 1979 3033 2056 λέγων⁹
3070 2006 3095 2031 ‹‹
3146 1980 3470 2053 Ἑτοιμάζου
3517 1985 3617 2035 τοῦ
3666 1980 3791 2035 ἐπιο

2120 2066 2403 2132 καλεῖσθαι
2453 2069 2542 2123 τὸν
2590 2070 2718 2124 Θεὸν
2779 2091 2897 2137 σου,
2948 2067 3189 2146 Ἰσραήλ’
3228 2095 3249 2120 ι
3285 2069 3347 2124 οὐ
3395 2076 3572 2124 κεῖται
3605 2067 3665 2125 δὲ
3693 2070 3787 2141 τὸ,

2124 2182 2152 2210 ‹‹
2186 2156 2326 2214 Ἰδοὺ
2359 2156 2490 2233 ἐγὼ,
2508 2182 2532 2208 )›
2558 2157 2683 2214 ἀλλ’
2710 2184 2736 2210 ‹‹
2762 2157 2904 2213 Ἰδοὺ
2930 2164 3157 2235 στερεῶν
3188 2159 3550 2235 βροντὴν,καὶ
3573 2158 3784 2228 κτίζων

2124 2251 2361 2320 πνεῦμα,
2394 2246 2755 2322 ἀπαγγέλλων
2809 2246 2883 2309 εἷς
2932 2247 3254 2323 ἀνθρώπους
3282 2249 3375 2303 τὸν
3422 2249 3651 2322 Χριστὸν
3684 2249 3785 2302 αὖ-

2123 2340 2238 2390 τοῦ·
2277 2362 2303 2387 ››
2337 2335 2495 2398 αὐτὸς
2530 2338 2557 2390 ὁ
2589 2336 2736 2398 Θεός.
2771 2338 2921 2411 Ὀρθ.
2976 2338 3156 2391 Πάντα
3211 2336 3338 2409 ὑμῖν
3384 2332 3608 2407 ἔξεστιν,
3654 2334 3789 2391 ἀλλ’

2127 2424 2189 2480 οὐ
2246 2426 2416 2479 πάντα
2472 2425 2732 2503 συμφέρει
2768 2468 2780 2481 .
2840 2426 3019 2498 Ὑμεῖς
3075 2426 3175 2501 γάρ
3247 2424 3364 2480 ἐστε
3424 2425 3475 2480 οἳ
3532 2426 3622 2480 καὶ
3679 2426 3785 2493 τὴν

2126 2512 2264 2588 πρὸς
2294 2508 2579 2588 Ἑϐραίους
2630 2518 2724 2568 τοῦ
2786 2516 2943 2588 ἁγίου
3002 2513 3226 2569 Παῦλου
3273 2515 3793 2591 παραγραφὸμενοι,

2126 2602 2216 2657 καὶ
2273 2603 2372 2671 τὴν
2432 2603 2569 2677 πρὸς
2625 2602 2926 2675 Ῥωμαίους
2986 2604 3531 2678 παραχαράττοντες,
3592 2601 3645 2656 ἐν
3707 2608 3793 2673 τῷ

2128 2689 2332 2766 λέγειν,
2380 2690 2440 2746 οὐ
2493 2692 2811 2768 γέγραπται,
2844 2717 2870 2744 ‹‹
2925 2694 3022 2747 Διὰ
3065 2696 3163 2747 τοῦ
3220 2691 3561 2753 ἐνοικοῦντος
3624 2690 3795 2745 ΙΙνεῦ-

2134 2802 2300 2854 ματος
2349 2780 2399 2835 ἐν
2432 2782 2555 2854 ὑμῖν
2607 2783 2740 2855 (50),
2778 2806 2805 2833 ››
2838 2780 3005 2850 ἀλλὰ,
3040 2806 3065 2832 ι(
3100 2778 3189 2835 διὰ
3237 2780 3296 2834 τὸ
3339 2780 3584 2835 ἐνοικοῦν
3617 2778 3791 2833 αὐτοῦ

2132 2874 2368 2942 Πνεῦμα,
2403 2895 2431 2921 ››
2466 2866 2605 2927 Ἰδοὺ
2638 2868 2703 2938 δὴ
2739 2870 2829 2924 καὶ
2876 2870 2965 2924 τὸν
3016 2871 3304 2948 προφήτην
3349 2866 3648 2943 ἐπιχειρεῖς
3680 2888 3787 2921 παρ

2132 2960 2509 3035 ραχαράττειν.
2559 2957 2716 3013 Ἀλλ’
2773 2956 2949 3020 οὐδεὶς
3009 2980 3091 3013 σοι
3146 2962 3448 3033 συγχωρεῖ.
3509 2958 3633 3012 Ἐὰν
3689 2954 3787 3010 οὗν

2129 3048 2553 3122 προκομίσωμεν
2602 3048 2665 3103 τὸ
2713 3048 3077 3125 προφητικὸν,
3123 3045 3212 3101 καὶ
3263 3043 3546 3118 δείξωμεν,
3596 3043 3682 3099 ὅτι
3722 3045 3791 3098 τὸ

2133 3164 2162 3191 ‹‹
2192 3134 2328 3195 Ἰδοὺ
2362 3136 2471 3213 ἐγὼ
2506 3162 2532 3189 υ
2563 3136 2885 3213 γέγραπται,
2936 3136 3122 3211 πείθῃ,
3154 3134 3237 3190 ὅτι
3285 3135 3451 3203 κτίζει
3502 3134 3565 3188 τὸ
3612 3137 3790 3191 ΙΙνεῦ-

2139 3248 2213 3300 μα
2245 3246 2257 3296 ;
2292 3224 2492 3283 Μακεδ.
2527 3224 2680 3294 Οἶδα,
2713 3224 2795 3281 ὅτι
2848 3226 2897 3280 ἐν
2948 3224 3109 3287 ἐνίοις
3156 3229 3265 3278 τῶν
3318 3220 3661 3299 ἆντιγράιρων
3694 3222 3791 3298 γὲ-

381 3331 454 3370 an
487 3313 592 3367 tibi
623 3314 963 3386 persuaderi
994 3316 1149 3370 sines
1172 3320 1493 3371 creatorem
1527 3333 1655 3371 esse
1692 3316 2019 3387 Spiritum?

2134 3289 2365 3393 'ypa‘lt'cat
2387 3316 2471 3387 τὸ,
2509 3341 2530 3366 .
2569 3289 2710 3372 ’[δόδ
2742 3313 2870 3390 ἐγώ.
2912 3339 2939 3366 »
2971 3311 3123 3371 Ἀλλ’
3152 3313 3262 3389 ἐγὼ
3294 3289 3793 3390 λέγωὲσςραλμένα

385 3402 583 3459 Maced.
615 3403 742 3459 Scio
791 3404 851 3458 in
901 3403 1203 3460 nonnullis
1256 3404 1689 3477 exemplaribus
1738 3406 2023 3477 scriptum

381 3508 510 3549 esse
544 3509 556 3547 :
598 3514 618 3541 ι
654 3491 794 3548 Ecce
826 3508 990 3565 ego.»
1019 3492 1129 3548 Sed
1162 3491 1219 3546 in
1252 3492 1685 3564 exemplaribus
1716 3491 1831 3549 illis
1863 3510 2025 3549 erra-

380 3586 507 3638 tum
551 3599 680 3639 esse
730 3584 878 3639 dico.
912 3582 1025 3639 Nec
1077 3582 1232 3639 enim
1284 3595 1738 3641 consentaneum
1787 3591 1843 3641 et
1888 3603 2023 3640 con-

378 3689 599 3744 gruens
628 3677 719 3728 est
766 3672 979 3740 dicere,
1012 3672 1297 3746 Sipritum
1349 3690 1480 3730 eum
1511 3691 1640 3731 esse
1669 3676 1769 3747 qui
1820 3674 1974 3730 dicat
2007 3691 2021 3729 :

373 3783 394 3809 σι
436 3762 577 3817 Ecce
608 3779 712 3833 ego
765 3761 865 3834 qui
899 3762 1068 3817 firmo
1118 3762 1358 3833 tonitru,
1390 3768 1448 3818 et
1479 3780 1609 3819 creo
1660 3763 1957 3836 spiritum.
1994 3783 2018 3814 ο

378 3850 529 3906 Orth.
562 3852 682 3907 Imo
730 3849 850 3907 haec
884 3851 1139 3907 maxima
1167 3856 1257 3907 est
1306 3851 1515 3908 horum
1547 3853 1854 3908 verborum
1889 3868 2024 3909 con-

375 3939 663 4013 gruentia,
697 3945 897 4012 utpote
949 3958 1077 4013 quae
1109 3940 1279 3997 aliter
1325 3958 1503 4014 quam
1535 3942 1642 3997 hoc
1687 3942 1858 3997 modo
1889 3957 2024 3997 con-

381 4036 655 4103 grdenter
702 4032 961 4087 construi
1014 4050 1128 4089 non
1173 4032 1415 4104 possint.
1461 4032 1713 4105 Spiritus
1767 4032 1926 4089 enim
1976 4033 2026 4087 is

384 4126 491 4186 est,
526 4119 624 4192 qui
654 4119 796 4176 dicit
828 4139 840 4177 :
875 4143 903 4172 (ι
936 4125 1184 4177 Paratus
1213 4128 1356 4189 esto,
1404 4122 1603 4190 Israel,
1636 4124 1708 4178 ad
1755 4122 2027 4178 invocan-

386 4209 527 4263 dum
559 4209 739 4264 Deum
773 4214 963 4265 tuum.
996 4211 1140 4265 Ecce
1169 4212 1326 4266 enim
1357 4228 1461 4284 ego
1497 4236 1523 4262 ››
1557 4212 1831 4284 (Spiritus
1872 4211 2028 4266 vide-

387 4296 540 4367 licet)
575 4320 601 4346 «
631 4297 730 4369 qui
776 4299 944 4353 firmo
976 4299 1218 4367 tonitru,
1252 4306 1308 4355 et
1347 4317 1475 4356 creo
1508 4300 1803 4373 spiritum,
1835 4305 1892 4355 et
1920 4318 2029 4356 an-

388 4386 594 4440 nuntio
628 4386 969 4442 hominibus
1019 4387 1315 4443 Christum
1361 4390 1510 4460 ejus,
1547 4412 1573 4438 »
1605 4390 1872 4445 videlicet
1904 4389 2028 4445 Dei.

383 4475 583 4529 Maced.
637 4476 819 4541 Quem
880 4475 1154 4547 spiritum
1213 4477 1417 4533 creat?
1462 4477 1613 4533 Orth.
1663 4478 1720 4533 Si
1771 4477 2027 4532 litteram

383 4564 620 4635 quidem
644 4568 700 4619 et
722 4565 895 4620 verba
917 4565 1046 4637 ipsa
1076 4572 1324 4638 spectes,
1350 4566 1621 4638 spiritum
1645 4584 1745 4622 seu
1769 4572 2029 4637 ventum,

388 4654 483 4723 qui
518 4653 733 4708 tonitru
760 4656 1166 4726 consequitur:
1209 4658 1300 4710 sin
1323 4673 1456 4712 vero
1475 4656 1825 4711 sententiam
1847 4655 2019 4726 ipsan

2151 4649 2432 4727 βάπτισμα
2489 4645 2571 4703 δεῖ
2625 4651 2761 4702 νοεῖν
2795 4690 2809 4715 ,

390 4742 745 4808 consideres,
778 4760 910 4799 eum
946 4745 1243 4816 spiritum,
1279 4761 1452 4815 quem
1486 4744 1565 4800 ait
1596 4748 1836 4800 sanctus
1883 4747 2031 4800 Pau-

390 4830 522 4885 lus:
559 4854 585 4881 ‹‹
614 4832 900 4888 Custodiri
926 4832 1289 4904 inculpatum
1313 4849 1444 4888 cum
1470 4832 1667 4888 anima
1686 4838 1743 4887 et
1772 4849 2032 4904 corpore,

391 4922 461 4975 ad
501 4920 729 4976 Domini
762 4923 943 4977 nostri
974 4921 1114 4977 Jesu
1151 4920 1365 4977 Christi
1396 4922 1708 4977 adventum
1739 4922 1801 4976 ‘3.
1828 4945 1857 4972 »
1888 4922 2034 4978 Nam

387 5026 487 5080 per
523 5030 547 5057 ‹‹
572 5009 944 5065 obfirmatum
978 5010 1248 5067 tonitru»
1277 5010 1697 5082 intelligendus
1727 5016 1817 5068 est
1846 5011 2033 5083 bapti-

385 5115 551 5153 smus
581 5097 677 5154 ille
709 5098 866 5171 prior
894 5099 1048 5172 apud
1082 5098 1320 5155 Judaaos
1353 5104 1697 5172 usurpatos,
1730 5116 1949 5156 vacuus
1980 5102 2037 5155 et

383 5204 608 5259 aqueus
641 5204 654 5243 :
688 5188 832 5244 adeo
866 5194 931 5244 ut
975 5189 1185 5244 dixerit
1230 5193 1470 5244 sanctus
1519 5188 1775 5245 Joannes
1810 5206 1822 5243 :
1858 5211 1885 5239 ‹‹
1920 5189 2035 5260 Ego

386 5278 623 5350 quidem
676 5278 906 5352 baptizo
938 5295 1039 5335 vos
1093 5295 1246 5351 aqua
1274 5279 1343 5334 ad
1395 5278 1796 5351 paenitentiam
1832 5294 1845 5332 :
1879 5277 2037 5333 venit

2134 3408 2268 3461 εἶναι
2320 3406 2387 3459 τὰ
2432 3403 2741 3481 ἀντίγραφα.
2794 3403 2869 3460 Οὐ
2918 3402 3018 3479 γὰρ
3052 3401 3169 3477 ἔχει
3217 3400 3540 3465 ἀκολουθίαν
3586 3399 3792 3477 λέγειν,

2131 3494 2193 3549 τὸ
2245 3492 2466 3566 Πνεῦμα
2514 3493 2624 3548 ἐστι
2672 3494 2734 3548 τὸ
2784 3491 2971 3567 λέγον,
3026 3489 3109 3545 δτι
3141 3515 3169 3542 ‹‹
3207 3487 3347 3544 Ἰδοὺ
3397 3488 3507 3563 ἐγὼ
3556 3492 3791 3565 στερεῶν

2138 3582 2394 3657 βροντὴν,
2453 3580 2541 3636 καὶ
2600 3580 2796 3650 κτίζων
2857 3584 3090 3652 πνεῦμα.
3152 3603 3180 3630 ››
3226 3579 3373 3654 Ὀρθ.
3438 3576 3694 3651 Καίτοιγε
3754 3580 3793 3645 ἡ

2138 3668 2359 3746 μεγίστη
2409 3668 2706 3735 ἀκολουθία
2753 3673 2850 3724 τοῦ
2898 3667 3066 3743 ῥητοῦ
3117 3666 3278 3737 αὕτη,
3331 3665 3420 3722 καὶ
3470 3664 3657 3726 ἄλλως
3706 3663 3791 3735 ἒξ-

2135 3759 2497 3832 ομαλισθῆναι
2530 3759 2592 3814 οὐ
2627 3756 2844 3813 δύναται
2878 3756 2911 3825 ἣ
2947 3752 3140 3817 οὕτως.
3172 3757 3243 3809 Τὸ
3288 3755 3389 3831 γὰρ
3425 3752 3647 3826 Πνεῦμά
3676 3753 3792 3807 ἐστι

2134 3849 2194 3903 τὸ
2227 3848 2411 3923 λὲγον·
2444 3873 2471 3901 (ι
2505 3846 2831 3922 Ἐτοιμάζου
2860 3849 2957 3900 τοῦ
2984 3842 3354 3900 ἐπικαλεῖσθαι
3383 3843 3473 3898 τὸν
3505 3843 3633 3897 Θεὸν
3668 3863 3792 3905 σου,

2135 3936 2513 4010 Ἰσραήλ.Ὀτι
2536 3934 2655 3992 ἰδοὺ
2679 3935 2787 4009 ἐγὼ
2807 3935 2869 3990 τὸ
2894 3937 3130 4007 Πνεῦμα,
3152 3936 3381 4006 στερεῶν
3411 3932 3666 4008 βροντήν,
3698 3931 3795 3985 καὶ

2136 4024 2331 4095 κτίζων
2365 4028 2475 4100 (51)
2507 4025 2739 4098 πνεῦμα,
2790 4023 2883 4078 καὶ
2939 4020 3299 4098 ἀπαγγέλλων
3349 4020 3423 4082 εἰς
3467 4020 3793 4096 ἀνθρώπους

2134 4115 2223 4168 τὸν
2256 4116 2484 4190 Χριστὸν
2514 4113 2703 4183 αὐτοῦ,
2731 4140 2752 4167 ι)
2791 4109 3051 4181 δηλονότι
3082 4114 3179 4166 τοῦ
3209 4106 3582 4166 Θεοῦ.Μακιδ.
3618 4109 3792 4165 [Ιοῖον

2137 4208 2348 4277 πνεῦμα
2378 4203 2543 4273 κτίζει
2579 4230 2593 4272 ;
2626 4203 2775 4278 ὈρΘ.
2811 4200 2873 4258 El
2906 4201 2999 4273 μὶν
3033 4199 3168 4255 κατὰ
3195 4198 3256 4253 τὸ
3288 4197 3542 4276 ρητὸν,τὸ
3583 4197 3796 4271 ἑπόμε-

2136 4314 2225 4349 νον
2255 4296 2323 4366 τῇ
2359 4293 2581 4369 βροντῇ·
2616 4290 2665 4346 εἴ
2701 4288 2758 4345 δὲ
2806 4290 2943 4345 κατά
2991 4287 3253 4358 διάνοιαν,
3304 4288 3333 4343 ὃ
3380 4289 3523 4342 εἶπεν
3558 4287 3586 4340 6
3634 4288 3795 4362 ἅγιος

2142 4381 2361 4443 Παῦλος
2397 4407 2423 4433 ‹‹
2455 4386 2763 4456 τηρηθῆναι
2814 4379 3098 4452 ἄμεμπτον
3156 4375 3290 4450 μετὰ
3328 4383 3428 4445 τῆς
3458 4377 3666 4451 ψυχῆς,
3703 4375 3796 4429 καὶ

2137 4477 2235 4527 τοῦ
2266 4472 2540 4544 σώματος,
2574 4469 2625 4524 ἐν
2656 4473 2725 4543 τῇ
2757 4466 3022 4544 παρουσίᾳ
3049 4470 3146 4521 τοῦ
3176 4465 3378 4541 Κυρίου
3416 4467 3575 4538 ἡμῶν
3611 4465 3798 4532 Ἰησοῦ

2142 4562 2397 4635 Χριστοῦ.
2459 4583 2485 4609 ››
2544 4558 2647 4614 Καὶ
2690 4558 2794 4633 γὰρ
2842 4557 2938 4625 τὴν
2993 4553 3394 4627 ἐστερεωμένγ,ν
3447 4553 3680 4628 βροντὴν
3732 4554 3796 4607 τὸ

2867 4644 3128 4721 πρότερον
3187 4644 3245 4698 ’ὀν
3310 4643 3449 4718 παρὰ
3504 4638 3795 4704 Ἰουδαίοις

2143 4743 2344 4815 χαῦνον
2376 4737 2465 4791 καὶ
2515 4732 2802 4795 ὑδατῶδες·
2850 4731 2988 4787 ὥστε
3037 4731 3214 4807 λέγειν
3264 4731 3354 4787 τὸν
3405 4731 3556 4807 ἅγιον
3605 4730 3795 4785 Ἰωάν-

2142 4848 2261 4900 νην·
2300 4853 2327 4879 ι(
2362 4826 2505 4901 Ἐγὼ
2559 4826 2653 4898 μὶν
2709 4822 2951 4900 βαπτίζω
3002 4822 3140 4895 ὑμᾶς
3192 4820 3244 4876 ἰν
3293 4817 3444 4875 ὕδατι
3496 4818 3573 4881 εἲς
3628 4820 3793 4892 μετά-

2142 4933 2311 4972 νοιαν·
2370 4914 2587 4991 ἔρχεται
2622 4912 2679 4969 δὲ
2732 4914 2759 4967 6
2803 4911 3152 4989 ἰσχυρότερός
3211 4931 3337 4983 μου,
3395 4910 3452 4970 ὃς
3501 4908 3642 4981 ὑμᾶς
3699 4910 3797 4985 βαι-

2142 5007 2317 5063 πτίσει
2378 5006 2428 5060 ἐν
2490 5005 2765 5077 ιΙνεύματι
2823 5002 2965 5077 ἁγίῳ
3021 5000 3111 5055 καὶ
3158 4998 3311 5073 πυρί.
3364 5022 3392 5051 ι»
3427 4995 3649 5068 Ἐπειδὴ
3704 4998 3794 5053 οὖν

2143 5095 2271 5151 αὐτὸ
2314 5096 2376 5150 τὸ
2429 5094 2706 5170 βάπτισμα
2750 5094 2820 5165 τῇ
2867 5094 2964 5146 τοῦ
3014 5088 3329 5161 ΙΙνεύματος
3376 5087 3648 5163 παρουσίᾳ
3678 5108 3796 5143 στε-

2146 5189 2383 5263 ρεοῦται,
2434 5181 2618 5245 καλῶς
2670 5178 2904 5257 εἷ’ρηται,
2935 5177 3018 5234 ὅτι
3052 5201 3080 5230 ››
3112 5174 3252 5235 Ἰδοὺ
3280 5175 3384 5253 ἐγὼ
3421 5199 3448 5227 ››
3476 5177 3541 5231 τὸ
3573 5179 3799 5249 Πνεῦμα

2151 5299 2172 5328 ι
2234 5276 2461 5349 στερεῶν
2520 5270 2771 5347 βροντὴν,
2830 5267 2919 5325 καὶ
2972 5264 3169 5337 κτίζων
3228 5269 3472 5338 πνεῦμα,
3532 5289 3561 5317 ››
3622 5264 3687 5320 τὸ
3744 5263 3794 5318 ἒν

462 5451 505 5483 ⁵⁸³
537 5456 717 5507 Amos
748 5467 820 5520 ιν,
858 5453 943 5516 12,
977 5452 1060 5505 13.
1137 5451 1181 5485 ‘7
1213 5451 1379 5505 Rom.
1409 5465 1531 5517 vm,
1561 5448 1616 5504 9.
1692 5448 1735 5483 ‘3
1765 5453 1787 5501 1
1816 5447 2022 5506 Thess.
2051 5463 2107 5518 v,
2136 5447 2228 5503 23.

483 5612 571 5699 222
602 5610 803 5699 Palat»
838 5609 1154 5699 «rem.
1177 5605 1298 5699 ῖδρὺ
1330 5605 1437 5680 ἐγὼ
1731 5607 1817 5699 re:

603 5674 811 5747 Palat,
843 5674 933 5738 διᾶ
960 5674 1056 5736 τοῦ
1104 5674 1423 5751 ΙΙνεύματὸς
1460 5677 1510 5732 ἐν
1563 5674 1899 5751 ὗμῖν.”Ᾱλλ⁹
1949 5676 2036 5732 οὖα

391 5746 500 5811 δεῖς
536 5746 629 5807 σου
658 5746 822 5828 συγχ.

2219 5606 2332 5679 (51)
2365 5604 2570 5673 Palat,
2601 5600 2804 5671 κτίζον,
2836 5599 2932 5657 hic
2963 5602 3019 5657 et
3071 5596 3244 5656 infra.
3272 5599 3400 5653 Mox
3427 5594 3516 5651 καί
3565 5597 3734 5654 abest
3762 5614 3795 5653 a

2146 5695 2290 5737 11188.
2506 5704 2509 5707 ‘
