2046 3109
150 225 232 256 1245
621 227 673 257 DE
695 226 850 258 SANCTA
871 227 982 258 TRlNl'

1038 228 1082 257 I‘E
1105 228 1296 260 DlALOGUS
1318 229 1371 259 IIl.
1781 230 1859 260 1246

150 291 258 327 ἑκάστῳ
274 292 364 328 ὴμῶν,
383 291 398 319 ’ὀ
415 290 460 319 καὶ
474 291 584 329 καρδίαν
599 291 722 320 ἐκάλεσεν
739 293 753 320 ὁ
769 290 864 327 Δαϐἱδ,
875 292 975 331 λὲγών·

1038 295 1144 328 autem,
1160 295 1209 331 qui
1234 294 1335 323 fortior
1357 303 1404 323 me
1427 297 1481 328 est,
1498 294 1549 331 qui
1574 303 1623 323 vos
1648 294 1807 331 baptizabit
1830 296 1860 323 in

150 348 166 361 (ι
186 334 302 373 Καρδίαν
317 336 434 374 καθαρὰν
450 337 540 364 κτίσον
558 336 582 364 ἰν
600 336 676 373 ἐμοὶ,
693 338 706 364 ὁ
722 337 798 368 Θεός.
817 349 830 363 n

1038 338 1146 374 Spiritu
1168 341 1269 367 sancto
1295 342 1323 367 et
1352 340 1418 376 igne
1434 340 1493 367 ".n
1510 339 1651 372 Quoniam
1681 339 1772 376 igitur
1799 340 1861 376 ipse

152 381 321 418 baptismus
337 382 472 410 ﬁrmatur
489 382 615 418 Spiritus
640 383 806 419 prementia,
823 384 899 410 recte
915 382 1026 411 dictum
1041 385 1086 412 est
1102 392 1108 412 :
1126 395 1139 408 α
1157 384 1228 412 Ecce
1243 392 1295 420 ego
1312 395 1323 409 ι
1341 385 1482 421 (Spiritus
1506 384 1660 418 videlicet),
1678 395 1692 410 «
1709 384 1759 420 qui
1776 385 1859 412 firmo

150 426 276 460 tonitru,
293 427 322 453 et
337 433 403 453 creo
418 426 566 462 spiritum,
584 437 597 452 η
615 426 698 454 illum
712 426 845 454 videlicet
865 426 914 463 qui
940 427 1066 464 singulis
1081 428 1166 456 nobis
1180 428 1267 464 inest,
1284 437 1370 464 quem
1388 429 1474 457 etiam
1492 437 1541 457 cor
1555 428 1682 464 appellat
1698 429 1796 462 David,
1812 428 1859 456 in-

151 470 259 506 quiens
275 478 283 497 :
301 480 315 495 «ι
330 472 385 498 Cor
399 471 542 498 mundum
558 478 624 499 crea
638 470 667 498 in
684 479 742 505 me,
758 471 836 499 Deus
849 471 881 498 ⁸ο.
900 482 914 495 n

188 515 234 542 27.
262 512 365 542 Musa.
404 513 454 541 Καὶ
493 514 608 552 βροντὴν
647 513 737 552 λὲγεις
766 515 798 542 τὸ
830 515 979 552 βάπτισμα.

151 560 227 598 Ὀρθ.
261 557 445 597 Συμϐολικῶς
469 560 513 587 καὶ
539 560 619 589 πάνυ.
648 563 690 591 Ὡς
719 560 771 599 γὰρ
796 559 857 588 ὅταν
878 560 979 596 ἀκούω,

150 617 165 631 α
193 603 332 641 Ἀμπελον
361 604 387 640 ἐξ
411 604 550 642 Δῗγῦπου
576 609 707 643 μετῆρας,
738 618 748 632 ι
781 605 830 633 οὐκ
858 605 979 642 ἄμπελον

150 650 315 686 σωματικὴν
344 647 558 688 περιϐλέπομαι.
582 649 655 678 ἀλλᾶ
674 650 719 677 τὸν
737 650 798 678 ναὸν
814 653 878 677 νοῦν
894 649 982 681 οὕτως

149 694 200 722 καὶ
219 694 335 732 βροντήν
348 694 379 722 τὸ
396 695 535 732 βάπτισμα
549 697 613 723 νοῶ.
632 695 681 722 Καὶ
694 695 744 733 γὰρ
769 695 832 726 τοὺς
860 695 980 732 μαθητὰς

150 739 238 766 αὐτοῦ
263 738 339 770 υἱοὺς
370 739 485 777 βροντῆς
514 739 637 767 ἐκάλεσεν
668 739 682 766 ὁ
707 739 836 778 Χριπὸς,
858 739 982 767 τουτέστι

152 782 346 822 βαπτίσματος
372 783 458 815 υἱούς.
476 782 586 818 Ἐπειδή
600 784 651 822 γὰρ
667 785 685 819 ἠ
704 785 804 822 βροντὴ
831 784 981 812 συνίσταται

151 828 176 865 ὲξ
192 827 292 859 ὕδατος
319 828 364 855 καὶ
385 828 548 866 πνεύματος,
572 831 653 856 τοῦτο
670 827 699 856 δέ
716 828 786 856 ἐστιν
802 830 819 864 ἡ
835 831 883 856 τοῦ
904 828 981 867 ἁγίου

153 872 346 910 βαπτίσματος
364 873 548 912 μυσταγωγία,
574 871 751 910 συμϐολικῶς
780 874 810 901 τὸ
842 872 982 911 βάπτισμα

153 917 309 954 βαπτιστήν
339 915 418 944 καλεῖ
446 916 646 956 ἐστερεωμένην
673 917 725 945 ὑπὸ
754 920 802 946 τοῦ
823 918 901 955 ἁγίου
926 919 981 955 (5‘2)

150 960 328 997 Πνεῦματος.
359 961 472 998 Ἀμέλει
496 962 510 989 ὁ
535 961 714 999 Ἀπόστολος,
740 963 777 993 ὡς
795 962 820 990 ἐν
835 965 894 993 ταῖς
910 962 984 999 Ηρά-

152 1007 229 1042 ξεσιν
246 1005 364 1044 εἷ’ρηται,
389 1005 475 1038 ἐλθὼν
504 1006 549 1033 καὶ
575 1007 661 1042 εὑρών
687 1017 761 1038 τινας
779 1007 982 1044 βαπτισθέντας,

150 1050 300 1088 ἠρώτησεν
316 1050 413 1082 αὐτοὺς
430 1050 529 1088 λέγων·
550 1062 563 1078 α
579 1051 610 1078 Εἰ
629 1053 741 1088 [Ινεῦμα
766 1051 843 1089 ἅγιον
874 1049 985 1079 ἐλάϐετε

148 1094 347 1126 πιστεύσαντες
363 1105 370 1128 ;
388 1106 403 1121 )›
419 1095 544 1123 Ἐκείνων
562 1094 591 1123 δὲ
606 1093 767 1133 εἷρηκὸτων,
785 1107 796 1123 ι
819 1095 899 1124 ’Δλλ’
922 1094 985 1123 οὐδὲ

150 1138 174 1165 εἴ
197 1139 310 1175 ΙΙνεῦμα
338 1138 415 1176 ἅγιόν
445 1138 516 1166 ἐστιν
545 1138 712 1176 ἠκούσαμεν,
746 1151 755 1163 ι
783 1139 868 1166 εἶπεν·
886 1139 935 1169 Εἲς
958 1138 985 1166 τί

152 1182 205 1210 οὖν
232 1180 427 1218 ἐϐαπτίσοηνες
458 1184 495 1215 ὡς
532 1185 580 1211 τοῦ
618 1184 805 1222 στερςώματος
835 1183 885 1211 οὐκ
907 1181 983 1214 ἱέντος

154 1227 181 1256 ὲν
216 1230 256 1263 τῷ
284 1228 461 1265 βαπτίσματι,
493 1229 530 1265 μὴ
564 1227 697 1265 παρόντος
735 1230 785 1255 τοῦ
815 1227 983 1265 Ιίνεύματος.

155 1274 274 1309 Στερεοῖ
303 1271 348 1299 οὖν
379 1272 494 1309 βροντὴν
521 1272 552 1300 τὸ
592 1272 742 1310 βάπτισμα,
771 1271 816 1300 καὶ
843 1272 926 1307 κτίζει
952 1271 984 1300 τὸ

156 1318 280 1353 πνεῦμα,
308 1317 430 1344 τουτέστι
459 1317 506 1348 τὰς
528 1315 639 1355 καρδίας
662 1318 754 1353 ἡμῶν,
784 1316 848 1344 αὐτῆ
862 1317 893 1344 τὸ
910 1317 985 1355 ἅγιον

156 1362 275 1397 Πνεῦμα
288 1361 319 1388 τὸ
334 1360 411 1398 λεγον
428 1360 472 1389 διδ.
483 1360 531 1389 τοῖ’)
554 1362 707 1400 προφήτου³
734 1374 744 1387 ι
758 1362 919 1398 Ἑτοιμάζου
933 1363 984 1389 τοῦ

156 1405 346 1433 ἐπικαλεῖσθαι
374 1405 419 1433 τὸν
443 1405 507 1433 Θεόν
533 1416 591 1440 σου,
617 1405 736 1442 Ἰσραήλ’
763 1404 831 1433 διότι
857 1404 916 1433 ἰδοὺ
931 1405 984 1444 ἐγὼ

154 1452 274 1488 στερεῶν
306 1451 433 1488 βροντὴν⁷
458 1449 503 1478 καὶ
527 1450 625 1485 κτίζων
650 1453 757 1487 πνεῦμα
779 1451 824 1478 καὶ
846 1450 984 1488 ἀπαγγέλ-

155 1494 216 1523 λων
231 1495 270 1525 εἱς
293 1494 451 1531 ἀνθρώπους
475 1495 530 1531 (53)
549 1495 596 1522 τὸν
612 1495 726 1532 Χριστὸν
742 1495 835 1524 αὐτοῦ.
851 1507 866 1521 ι)
881 1493 982 1523 Μακεδ.

153 1538 211 1566 Καὶ
247 1539 279 1566 τὸ
317 1539 378 1574 ἑξῆς
415 1539 591 1577 ἑρμήνευσον,
625 1539 670 1567 καὶ
697 1539 783 1571 οὕτως
812 1538 982 1576 ἐξομαλισον.

154 1583 237 1621 Ὀρθ.
256 1595 270 1609 ‹‹
287 1585 378 1611 Ιίοιῶν
393 1581 490 1621 ὄρθρον
505 1583 550 1610 καὶ
565 1583 700 1621 ὀμίχλην,
717 1581 861 1612 ἐπιϐαίνων
878 1583 921 1611 ἐπὶ
949 1584 984 1611 τὰ

1069 518 1113 544 27.
1130 516 1229 545 Maced.
1244 518 1316 553 Ergo
1333 518 1518 554 baptismum
1534 526 1620 546 vocas
1637 518 1758 545 tonitru.
1777 518 1859 545 ΟνιΙι.

1035 563 1108 590 Sane
1120 562 1238 598 quidem
1253 562 1684 599 symbolice.0uemadmodum
1701 563 1778 589 enim
1792 571 1857 590 cum

1036 605 1106 634 illud
1123 607 1220 635 audio.
1233 618 1246 631 ‹‹
1264 607 1386 635 Vineam
1406 607 1441 635 de
1463 609 1583 644 Egypto
1609 607 1831 640 transtulisti“,
1846 619 1859 631 ν

1036 659 1093 679 non
1108 651 1260 679 considero
1272 651 1359 679 vitem
1372 651 1462 680 ullam
1474 659 1641 687 corpoream
1656 651 1705 678 sed
1719 652 1859 686 templum

1035 694 1232 731 intelligozita
1243 696 1331 723 etiam
1343 704 1394 732 per
1406 696 1514 724 tonitru
1526 695 1657 731 intelligo
1669 694 1861 730 baptismum.

1035 739 1109 767 Nam
1126 748 1195 768 suos
1211 740 1298 768 etiam
1323 740 1484 776 discipulos
1500 739 1633 768 Christus
1659 739 1772 766 vocavit
1787 739 1862 766 lilio»;

1036 783 1169 818 tonitrui,
1185 784 1213 812 id
1238 787 1286 813 est
1309 784 1459 821 baptismi.
1476 784 1619 817 Quoniam
1645 784 1722 810 enim
1751 784 1861 811 tonitru

1036 830 1151 856 constat
1166 837 1200 856 ex
1215 837 1292 865 aqua
1307 831 1335 857 et
1354 828 1471 864 spiritu,
1484 837 1536 857 seu
1551 831 1645 863 vento,
1660 828 1686 855 id
1705 830 1802 855 autem
1819 830 1864 855 est

1037 872 1158 908 mystica
1173 873 1307 908 quaedam
1329 872 1422 900 sancti
1438 872 1575 908 baptismi
1600 871 1795 906 adumbratio,
1808 873 1861 900 ba-

1037 916 1181 952 ptismum
1201 916 1359 953 symbolice
1375 920 1456 946 vocat
1476 917 1585 944 tonitru
1603 917 1751 944 ﬁrmatum
1769 925 1785 943 ει
1799 916 1861 952 Spi-

1038 961 1094 988 ritu
1111 963 1222 989 sancto.
1239 961 1392 998 Siquidem
1407 961 1564 998 Apostolus
1580 962 1623 996 (ut
1648 962 1675 988 in
1698 960 1777 988 Actis
1792 960 1863 987 dici-

1038 1007 1096 1042 tur)
1112 1014 1179 1034 cum
1195 1006 1317 1035 veniens
1337 1006 1497 1035 invenisset
1520 1006 1677 1034 nonnullos
1704 1005 1865 1041 baptizatos

1039 1050 1228 1087 interrogavit
1243 1059 1292 1079 eos
1313 1051 1414 1079 dicens
1431 1060 1463 1079 :u
1478 1052 1520 1078 An
1546 1050 1699 1085 accepistis
1723 1050 1864 1085 Spiritum

1039 1097 1174 1123 sanctum
1199 1095 1373 1123 credentes?
1384 1106 1398 1120 ››
1412 1095 1484 1123 Cum
1513 1096 1610 1123 autem
1642 1094 1681 1121 illi
1709 1095 1863 1122 dixissent.

1042 1150 1052 1164 α
1066 1139 1130 1175 Sed,
1143 1147 1237 1175 neque
1252 1139 1276 1167 si
1292 1139 1420 1175 Spiritus
1442 1141 1562 1167 sanctus
1586 1141 1629 1166 est
1655 1139 1833 1173 audivimus,
1849 1149 1862 1162 »

1039 1183 1081 1211 ait
1092 1191 1117 1211 ια
1133 1184 1163 1211 In
1179 1192 1235 1218 quo
1251 1192 1319 1220 ergo
1331 1183 1468 1219 baptizati
1479 1183 1551 1212 estis
1561 1183 1583 1201 ⁵2
1595 1183 1607 1210 ‘2
1621 1196 1633 1207 ιι
1646 1183 1731 1214 Quasi
1744 1186 1864 1210 absente

1039 1228 1161 1264 Spiritu,
1178 1227 1259 1256 nulla
1273 1228 1312 1256 sit
1327 1228 1356 1257 in
1371 1227 1517 1265 baptismo
1533 1228 1668 1255 firmitas.
1686 1227 1795 1255 Firmat
1810 1227 1864 1263 igi-

1040 1275 1088 1300 tur
1103 1273 1224 1308 tonitru,
1240 1272 1268 1301 id
1285 1275 1330 1301 est
1352 1273 1544 1310 baptismum,
1557 1275 1585 1300 et
1609 1274 1687 1299 creat
1703 1272 1777 1300 457
1806 1272 1865 1307 spi-

1040 1317 1141 1352 ritum,
1157 1317 1212 1346 hoc
1225 1320 1270 1346 est
1286 1318 1375 1346 corda
1398 1319 1509 1352 nostra,
1524 1316 1587 1354 ipse
1603 1317 1729 1352 Spiritus
1745 1318 1866 1344 sanctus

1039 1362 1090 1396 qui
1114 1362 1184 1390 dicit
1207 1371 1259 1398 per
1282 1361 1454 1399 prophetam
1472 1370 1478 1389 :
1493 1373 1507 1387 ις
1528 1361 1649 1389 Paratus
1673 1363 1745 1393 esto,
1763 1360 1861 1394 Israel,

1038 1407 1074 1434 ad
1094 1406 1289 1434 invocandum
1314 1407 1405 1434 Deum
1431 1409 1525 1434 tuum.
1545 1406 1615 1433 Ecce
1630 1405 1706 1432 cnim
1733 1413 1784 1440 ego
1810 1404 1861 1439 qui

1039 1451 1124 1479 ﬁrmo
1138 1451 1259 1486 tonitru,
1272 1454 1301 1479 et
1315 1459 1380 1479 creo
1403 1451 1552 1487 spiritum,
1563 1453 1591 1478 et
1606 1449 1748 1477 annuntio
1763 1448 1859 1476 homi-

1039 1495 1126 1524 nibus
1141 1496 1291 1523 Christum
1316 1496 1389 1532 ejus.
1404 1507 1417 1520 »ι
1433 1495 1533 1523 Maced.
1551 1495 1743 1530 Interpretare
1769 1493 1858 1520 etiam

1038 1541 1115 1577 quod
1130 1540 1330 1576 consequitur,
1346 1542 1374 1568 et
1397 1540 1453 1568 ista
1475 1540 1552 1568 inter
1565 1548 1596 1567 se
1613 1542 1644 1567 ut
1668 1538 1859 1574 congruentia

1038 1593 1175 1613 connexe.
1188 1585 1264 1613 Orth.
1276 1596 1290 1610 «
1303 1585 1357 1618 Qui
1379 1585 1472 1620 efﬁcio
1488 1583 1650 1612 diluculum
1666 1585 1694 1611 et
1710 1582 1858 1617 nebulam,

154 1627 254 1664 ὕψηλά
279 1630 329 1661 τῆς
353 1630 415 1665 γῆς.
441 1639 455 1652 ››
478 1625 579 1655 Μακεδ.
596 1627 630 1656 Τί
651 1627 697 1655 οὗν
713 1627 800 1666 λὲγεις
813 1629 859 1656 τὸν
872 1626 981 1667 ὄρθρον,

1038 1632 1065 1658 et
1092 1630 1195 1658 incedo
1218 1637 1308 1666 super
1335 1629 1449 1658 excelsa
1477 1631 1559 1657 terrae
1575 1629 1606 1655 ⁵³.
1621 1640 1631 1652 ι)
1650 1628 1757 1656 Maced.
1785 1626 1859 1660 Quid

153 1671 203 1699 καί
218 1671 269 1706 τήν
289 1671 423 1709 ὀμίχλην,
440 1671 483 1698 καὶ
498 1671 531 1699 τὰ
548 1671 640 1709 ὑψηλὰ
650 1675 701 1707 τῆς
715 1674 781 1710 γῆς;
809 1673 885 1711 Ὀρθ.
910 1673 982 1700 Κατὰ

154 1715 278 1744 διάνοιαν
294 1713 392 1754 ὄρθρον
407 1715 481 1754 λέγω
495 1716 546 1750 τὴν
571 1716 725 1745 ἀνάστασιν.
748 1719 801 1744 Τοῦ
824 1717 874 1755 γὰρ
900 1716 982 1752 ἡλίου

154 1763 211 1795 τῆς
236 1759 408 1795 δικαιοσύνης
431 1759 563 1795 ἀνατολὴ,
587 1763 687 1788 νοεῖται
703 1762 720 1796 ἡ
736 1760 886 1792 ἀνάστασις.
903 1761 981 1798 Ὁμί-

155 1804 219 1843 χλη
237 1803 265 1832 δὲ
279 1806 296 1840 ἡ
314 1805 353 1841 μὴ
369 1803 551 1843 συγχωροῦσα
565 1807 629 1832 πᾶσι
645 1804 793 1842 τηλαυγῶς
812 1805 891 1833 αὐτὸν
906 1806 982 1843 ὁρᾷν.

156 1849 268 1887 Ηὺρὲθη
297 1849 347 1887 γὰρ
375 1849 402 1876 ἐν
430 1849 528 1886 γαστρὶ
552 1847 654 1887 ἔχουσα
676 1849 707 1877 ἐκ
721 1849 878 1886 Πνεύματος
893 1850 982 1888 ἁγίου.

154 1894 197 1921 Τὰ
212 1892 241 1921 δὲ
256 1893 349 1929 ὑψηλὰ
371 1895 421 1926 τῆς
446 1894 498 1931 γῆς
522 1894 547 1921 οὶ
572 1893 615 1920 ἐπὶ
638 1895 689 1932 γῆς
704 1897 922 1931 περιπατοῦντες,
938 1894 983 1922 καὶ

155 1938 185 1966 ἐν
203 1938 329 1975 οὐρανοῖς
357 1938 388 1965 τὸ
402 1936 557 1974 πολίτευμα
585 1937 706 1976 ἔχοντες.
732 1939 855 1977 Ἐπὶγέιρ
870 1939 982 1971 τούτους

156 1980 292 2011 ἐπιϐαίνει
308 1983 325 2017 ἠ
340 1984 389 2010 τοῦ
407 1982 564 2019 Ιῐνεύματος
580 1983 672 2020 χάρις.

193 2116 240 2143 28.
257 2113 357 2143 Μακεδ.
381 2115 418 2143 Τὸ
442 2118 551 2152 Πνευμα
573 2114 619 2143 οὖν
644 2116 676 2142 τὸ
702 2116 779 2152 ἅγιον
803 2114 912 2153 ἤγειρεν
936 2116 981 2143 τὸν

157 2159 296 2197 Χριστόν;
313 2160 387 2197 Ὀρθ.
402 2161 490 2187 Ταῦτα
508 2160 597 2197 Αὲγειν
623 2159 685 2196 ἐμοὶ
710 2159 757 2196 μὲν
782 2160 832 2187 οὐκ
855 2160 982 2198 ὀκνηρὸν,

158 2205 225 2241 ὑμῖν
242 2203 270 2232 δὲ
286 2203 415 2242 ἀσφαλές.
439 2205 540 2240 Ὥσπερ
564 2203 615 2242 γὰρ
638 2205 669 2231 τὸ
693 2206 772 2240 σῶμα
795 2204 826 2232 τὸ
849 2205 981 2243 Κυριακὸν

159 2248 266 2287 λέγεται
311 2248 488 2284 πεποιηκέναι
528 2249 542 2275 ὁ
588 2249 681 2287 Πατὴρ
723 2249 885 2286 (γέγραπται
921 2249 981 2288 γάρ·

160 2306 176 2320 ι(
193 2294 249 2331 Πρὸ
276 2296 325 2320 τοῦ
352 2304 385 2330 με
406 2292 506 2321 πλάσαι
537 2303 565 2320 σε
590 2293 615 2321 ἐν
643 2293 746 2328 κοιΛίᾷ,
773 2293 918 2330 ἐπίσταμαί
942 2303 980 2321 σε’

159 2338 205 2366 καὶ
220 2338 273 2375 πρὸ
288 2340 336 2365 τοῦ
361 2348 390 2365 σε
414 2337 528 2373 ἐξελθεῖν
554 2338 584 2365 ἐκ
609 2339 715 2376 μήτρας
734 2337 833 2375 ἡγίακά
848 2347 886 2365 σε·
909 2350 923 2365 ››
940 2339 984 2366 καὶ

158 2385 240 2410 τοῦτο
270 2382 335 2410 αὐτὸ
363 2382 394 2409 τὸ
419 2384 498 2418 σῶμα
522 2383 536 2409 ὁ
563 2381 698 2419 Σολομὼν
725 2382 797 2420 λέγει
820 2382 870 2416 τήν
892 2383 984 2422 σοφίαν

160 2426 379 2464 ᾤκοδομηκὲναυ
406 2439 417 2454 ι
446 2426 520 2464 λέγει
544 2426 604 2465 γάρ·
632 2439 646 2453 ‹‹
661 2428 691 2455 Ἠ
708 2427 790 2465 σοφία
805 2426 982 2463 ᾠκοδόμησεν

159 2473 242 2509 ἑαυτῇ
267 2471 354 2507 οἶκον,
378 2470 422 2498 καὶ
448 2472 479 2498 τὸ
505 2471 669 2509 Εὐαγγὲλιω
695 2470 769 2509 λέγει
785 2471 814 2499 ἐκ
829 2471 982 2508 Πνεύματος

158 2516 236 2555 ἁγίου
250 2516 315 2544 αὐτὸ
333 2516 422 2553 εἶναι),
448 2515 520 2543 οὕτω
542 2515 586 2543 καὶ
609 2516 659 2550 τήν
680 2515 822 2543 ἀνάστασιν
838 2516 920 2544 αὐτοῦ
934 2518 982 2544 τοῦ

159 2561 285 2598 σώματος
311 2561 360 2597 μὲν
383 2560 397 2587 ὁ
421 2560 482 2591 Υἱὸς
506 2559 590 2598 λέγει·
617 2572 628 2586 α
656 2560 759 2588 Λύσατε
779 2560 825 2588 τὸν
840 2560 902 2589 ναὸν
917 2563 983 2589 τοῦ-

158 2616 215 2642 τον,
242 2606 287 2632 καὶ
312 2605 365 2642 ἐγὼ
389 2604 415 2632 ἂν
441 2604 527 2639 τρισὶν
555 2605 673 2642 ἡμέραις
698 2604 784 2643 ἐγερῶ
811 2604 900 2632 αὐτόν·
928 2616 942 2631 ι»
968 2606 982 2633 ὁ

160 2649 188 2678 δὲ
213 2649 393 2685 Ἀπόστολος,
416 2649 459 2677 ὃτι
475 2661 489 2675 ι(
515 2650 547 2678 '0
572 2650 637 2681 Θεὸς
661 2649 740 2677 αὑτὸν
760 2648 881 2687 ἤγειρεν,
898 2649 981 2681 λύσας

159 2695 205 2727 τὰς
220 2693 320 2725 ὠδῖνας
334 2696 383 2722 τοῦ
399 2694 524 2726 θανάτου·
543 2706 557 2720 n
574 2693 686 2727 ἐνταῦθα
702 2692 740 2729 δὲ,
756 2693 798 2722 ὅτι
810 2694 842 2721 τὸ
859 2696 978 2731 Πνεῦμα.

195 2781 218 2798 ⁸⁸
234 2780 326 2808 Marc.
343 2788 362 2813 ι,
377 2779 405 2807 7,
457 2779 479 2797 ⁵ο
492 2779 570 2807 Psal.
586 2788 610 2815 L,
627 2780 669 2808 12.
721 2780 743 2798 ⁵¹
761 2779 836 2808 Psal.
854 2788 946 2815 Lxxix,
960 2781 988 2808 9.

162 2816 183 2834 ⁸³
198 2816 281 2844 Prov.
298 2824 336 2850 ix,
356 2816 380 2843 1.
418 2815 441 2836 υ
453 2815 537 2844 Joan.
554 2824 585 2851 ιι,
603 2816 646 2844 19.
684 2816 705 2833 ⁸⁷
719 2816 781 2844 Act.
799 2824 830 2850 XI,
846 2817 890 2844 24.

199 2896 257 2941 (52)
271 2897 352 2931 Msa,
368 2894 421 2924 ἀπό
436 2895 485 2924 τοῦ
500 2895 543 2934 ἀγ.
559 2896 624 2925 Mox
639 2895 675 2928 ὡς
692 2896 774 2926 abest
787 2905 805 2927 ο
820 2896 912 2927 Palat.

1037 1674 1127 1710 igitur
1140 1682 1226 1702 vocas
1242 1673 1417 1707 diluculum,
1433 1675 1461 1702 et
1481 1672 1617 1701 nebulam
1634 1675 1661 1700 et
1675 1671 1789 1699 excelsa
1805 1673 1861 1698 ter-

1037 1719 1189 1748 re70rth.
1215 1719 1255 1747 Ex
1279 1718 1517 1755 interpretatione
1541 1720 1569 1746 et
1595 1716 1739 1745 sententia
1768 1715 1862 1751 ipsius

1037 1763 1117 1798 dicti,
1135 1763 1299 1791 diluculum
1323 1763 1387 1791 dico
1413 1762 1665 1791 resurrectionem.
1692 1761 1765 1788 Nam
1790 1760 1862 1788 solis

1033 1808 1157 1844 justitiaa
1173 1810 1255 1836 ortus
1270 1807 1444 1844 intelligitur
1463 1815 1527 1835 esse
1550 1806 1733 1834 resurrectio.
1751 1804 1862 1832 Nebula

1038 1857 1135 1881 autem
1151 1861 1183 1881 ea
1201 1853 1265 1887 fuit,
1278 1861 1343 1888 quae
1366 1860 1422 1879 non
1439 1851 1507 1879 sivit
1528 1854 1560 1878 ut
1587 1858 1687 1877 omnes
1713 1857 1779 1876 eum
1797 1856 1861 1883 per-

1037 1897 1138 1933 spicue
1153 1899 1314 1925 cernerent.
1327 1897 1445 1924 Inventa
1459 1898 1504 1923 est
1517 1894 1594 1923 enim
1612 1894 1639 1920 in
1654 1897 1734 1920 utero
1751 1893 1862 1919 habens

1037 1942 1074 1969 de
1089 1941 1197 1977 Spiritu
1215 1943 1326 1968 sancto.
1339 1940 1457 1968 Excelsa
1472 1942 1554 1967 terrea
1570 1947 1635 1965 vero
1652 1940 1722 1964 sunt
1737 1936 1785 1972 qui
1802 1944 1862 1963 am-

1037 1986 1141 2013 bulant
1164 1985 1284 2021 quidem
1314 1985 1343 2012 in
1371 1984 1468 2018 terris,
1484 1983 1733 2011 conversationem
1762 1982 1861 2008 autem

1037 2029 1147 2058 habent
1161 2030 1191 2057 in
1208 2029 1300 2062 ctelis,
1317 2028 1486 2057 Istiusmodi
1503 2027 1581 2056 enim
1598 2026 1731 2054 homines
1748 2026 1861 2053 inscen-

1037 2074 1080 2102 dit
1093 2074 1221 2110 Spiritus
1236 2073 1340 2110 gratia.

1071 2119 1116 2146 28.
1134 2118 1231 2146 Maced.
1248 2118 1323 2145 Num
1340 2117 1429 2154 igitur
1443 2116 1570 2153 Spiritus
1586 2118 1705 2143 sanctus
1721 2113 1856 2142 excitavit

1036 2163 1185 2191 Christum
1201 2171 1217 2190 a
1234 2162 1379 2190 mortuis?
1394 2162 1468 2190 Orth.
1482 2161 1539 2197 Ego
1555 2162 1672 2196 quidem
1695 2160 1747 2186 hoc
1764 2159 1860 2186 dicere

1037 2215 1095 2235 non
1111 2207 1255 2241 dubitem,
1266 2215 1317 2234 vos
1329 2209 1427 2234 autem
1439 2208 1501 2233 tuto
1515 2205 1655 2233 dixeritis.
1666 2203 1862 2236 Quemadmo-

1036 2251 1107 2280 dum
1118 2252 1196 2279 enim
1208 2251 1315 2279 dicitur
1325 2251 1410 2285 Pater
1421 2250 1522 2279 fecisse
1533 2258 1640 2285 corpus
1653 2248 1763 2275 Domini
1777 2247 1861 2282 (scri-

1000 2315 1022 2347 Β
1038 2298 1120 2332 ptum
1135 2298 1180 2324 est
1195 2296 1273 2324 enim
1291 2304 1297 2324 :
1312 2306 1325 2320 α
1342 2298 1505 2331 Antequam
1522 2297 1550 2322 te
1565 2294 1719 2321 formarem
1736 2293 1764 2319 in
1780 2294 1862 2319 utero

1039 2340 1104 2368 novi
1120 2343 1149 2368 te
1166 2343 1213 2368 :et
1227 2342 1384 2375 antequam
1402 2347 1434 2366 ex
1452 2342 1534 2366 utero
1551 2337 1738 2374 egrodcreris,
1750 2336 1862 2363 sancti-

1039 2385 1120 2412 ﬁcavi
1138 2387 1166 2412 te
1175 2384 1216 2411 "z
1233 2396 1246 2409 n
1261 2386 1290 2411 et
1306 2384 1360 2411 hoc
1376 2383 1471 2419 ipsum
1488 2391 1593 2418 corpus
1609 2381 1780 2417 sapientiam
1797 2380 1864 2407 aedi-

1039 2430 1153 2463 ﬁcasse,
1171 2429 1212 2456 ait
1238 2428 1387 2458 Salomon.
1412 2436 1480 2455 nam
1507 2435 1543 2454 :«
1560 2425 1732 2456 Ediiicavit,
1758 2424 1861 2459 inquit,

1039 2474 1159 2501 domum
1188 2473 1245 2500 sibi
1273 2472 1463 2508 sapientia“;
1486 2482 1500 2496 »
1523 2473 1552 2498 et
1579 2469 1765 2505 Evangelinm
1794 2468 1865 2496 dicit

1037 2518 1136 2555 ipsum
1152 2526 1217 2546 esse
1231 2526 1248 2545 ει
1264 2517 1374 2552 Spiritu
1391 2516 1517 2551 sancto);
1535 2515 1576 2543 ita
1590 2515 1676 2542 etiam
1689 2515 1724 2541 de
1734 2513 1864 2548 corporis

1037 2562 1251 2591 resurrectione
1262 2561 1324 2597 ipse
1334 2561 1450 2597 quidem
1462 2560 1553 2588 Filius
1562 2560 1631 2587 dicit
1642 2568 1664 2585 zu
1676 2558 1782 2586 Solvite
1792 2560 1864 2585 tem-

1037 2609 1118 2643 plum
1137 2607 1245 2641 hoc,'et
1259 2614 1312 2642 ego
1334 2605 1428 2633 tribus
1443 2605 1548 2633 diebus
1562 2605 1693 2632 excitabo
1710 2603 1783 2629 illud
1794 2603 1834 2629 56:
1850 2613 1863 2625 ››

1035 2651 1193 2688 Apostolus
1208 2658 1276 2679 vero
1293 2658 1299 2678 :
1314 2661 1328 2675 «
1344 2652 1420 2678 Deus
1443 2649 1578 2678 excitavit
1595 2657 1673 2679 cum,
1690 2647 1794 2674 solutis
1811 2647 1863 2672 de.

1036 2696 1150 2725 toribus
1178 2695 1282 2724 mortis
1304 2695 1325 2712 ⁵⁷
1342 2703 1375 2722 z»
1397 2694 1445 2723 hic
1473 2697 1570 2722 autem
1601 2694 1708 2721 dicitur
1736 2690 1862 2726 Spiritus

1638 2777 1659 2793 ⁵⁸
1675 2777 1780 2803 Jercm.
1798 2774 1859 2807 1,5.

1037 2781 1060 2799 ⁸³
1075 2782 1137 2810 Act.
1154 2790 1211 2814 xxx,
1226 2781 1254 2814 2,
1270 2780 1296 2808 3.
1348 2780 1370 2797 ⁸³
1384 2779 1473 2807 Amos
1488 2788 1526 2813 xv,
1544 2779 1587 2806 13.

1073 2897 1128 2934 (53)
1144 2897 1226 2932 Mss.,
1241 2895 1355 2932 Πνεῦμα
1369 2891 1541 2931 ἁπαγγὲλλον
1556 2892 1594 2923 εἰς
1613 2892 1669 2918 ἀνθ.
