4092 6218
336 330 492 391 1247

1503 333 1568 393 S.
1614 330 2139 392 ATHANASIUS.
2167 363 2246 375 —
2274 330 2583 395 SPURIA.

3604 334 3765 397 I248

335 463 533 534 ipsum
567 464 867 521 excitasse.
897 467 1039 522 Cum
1074 467 1245 522 audio
1276 466 1454 534 enim,
1481 488 1508 516 ‹‹
1542 465 1647 529 Qui
1681 463 1860 520 efficit
1897 463 1985 517 di-

2113 486 2131 513 ;‹
2165 468 2345 520 Ποιῶν
2380 489 2407 517 ‹‹
2440 466 2544 541 γὰρ
2600 488 2621 517 ι
2678 460 2894 541 ὄρθρον,
2931 490 2959 518 ››
3001 466 3085 522 ἐὰν
3122 465 3357 539 ἀκούσω,
3384 468 3483 537 τὴν
3520 466 3761 521 ἂνάστα-

335 553 623 621 luculum,
655 576 682 603 ι)
724 557 1204 612 resurrectionem
1253 561 1450 613 mente
1503 555 1786 628 concipio.
1843 558 1987 608 Nam

340 659 467 715 quae
500 644 635 698 facit
662 645 847 710 Pater,
870 663 937 700 ea
976 645 1105 719 ipsa
1156 647 1291 701 facit
1340 647 1516 701 etiam
1547 644 1749 716 Filius,
1774 647 1830 699 et
1858 660 1989 714 quae

339 732 476 789 facit
508 733 676 788 Pater
702 739 753 789 et
781 734 980 801 Filius,
1007 752 1073 790 ea
1104 735 1230 807 ipsa
1262 736 1399 791 facit
1419 735 1692 806 Spiritus,
1716 737 1781 789 ut
1810 748 1990 804 supra

335 837 570 892 quoque
619 823 1173 879 demonstravimus.
1215 824 1411 879 Maced.
1447 828 1530 879 An
1582 839 1715 877 vero
1747 826 1808 875 tu
1843 821 1988 876 mihi

336 911 683 978 ostenderis,
732 912 1029 967 Christum
1080 914 1395 968 excitatum
1450 913 1631 967 fuisse
1681 929 1713 966 a
1765 910 1986 982 Spiritu

337 999 582 1055 sancto?
611 1002 773 1058 Orlh.
804 1001 928 1056 Non
978 1004 1109 1057 dico
1142 1003 1337 1074 ipsum
1369 1002 1669 1057 Christum
1705 1018 1737 1054 a
1767 998 1985 1070 Spiritu

336 1091 617 1159 tanquam
679 1089 997 1158 potentiore
1054 1089 1235 1144 fuisse
1294 1089 1634 1149 excitatum.
1680 1088 1779 1142 sed
1832 1085 1988 1157 quod

338 1177 624 1247 templum
658 1178 920 1249 corporis
963 1178 1295 1232 excitaverit
1339 1178 1524 1245 Pater,
1559 1175 1741 1231 Filius
1772 1180 1829 1230 et
1859 1174 1988 1246 Spi-

343 1266 493 1319 ritus
526 1271 787 1321 sanctus.
814 1267 1011 1321 Mared.
1042 1268 1097 1321 Id
1133 1272 1324 1322 autem
1360 1266 1651 1337 quomodo
1685 1264 1823 1319 mihi
1859 1279 1987 1335 per-

340 1354 642 1409 suaseris?
672 1373 743 1409 an
779 1356 997 1412 auxilio
1028 1357 1231 1429 egebat
1264 1356 1466 1424 Filius,
1494 1373 1524 1410 a
1556 1371 1671 1427 quo
1700 1352 1988 1427 templum

337 1443 527 1515 ipsius
583 1444 979 1500 excitaretur?
1037 1445 1194 1500 Orth.
1256 1445 1561 1500 Enimvero
1635 1460 1777 1499 num
1834 1442 1989 1514 quod

340 1533 554 1588 auxilio
595 1538 788 1606 egeret
838 1532 1117 1605 impletus
1167 1540 1257 1590 est
1304 1536 1431 1607 ipso
1483 1533 1749 1606 Spiritu?
1782 1531 1986 1589 Maced.

341 1624 443 1681 Ubi
479 1622 760 1694 scriptum
816 1628 906 1679 est
957 1624 1262 1696 impletum
1318 1624 1499 1679 fuisse
1530 1622 1795 1695 Spiritu?
1838 1621 1987 1676 Orth.

336 1712 715 1783 Evangelium
759 1715 1082 1768 secundum
1134 1715 1369 1783 Lucam,
1402 1717 1467 1767 ut
1511 1713 1791 1775 audias,«
1820 1710 1991 1766 Jesus

338 1801 519 1873 igitur
549 1802 757 1874 plenus
786 1803 1001 1874 Spiritu
1036 1811 1256 1868 sancto,
1286 1818 1551 1857 reversus
1581 1806 1669 1856 est
1706 1800 1763 1854 in
1794 1800 1991 1855 deser-

341 1898 462 1945 tum
487 1891 551 1945 ⁵⁸.
583 1913 610 1939 ››
644 1890 765 1946 Imo
812 1892 966 1963 quod
1016 1893 1231 1946 mirum
1265 1896 1378 1961 est,
1411 1889 1696 1962 scripturn
1744 1893 1833 1945 est
1878 1906 1994 1943 non

343 1981 515 2033 modo
545 1978 985 2052 impletum,sed
1002 1980 1176 2037 etiam
1210 1981 1448 2036 ductum
1487 1979 1666 2034 fuisse
1698 1978 1992 2050 aSpiritu.

341 2068 647 2139 Caeterum,
681 2069 835 2125 sicut
878 2069 1157 2141 impletus
1199 2074 1309 2137 est,
1342 2074 1399 2124 et
1438 2069 1671 2136 ductus,
1705 2068 1785 2122 ita
1818 2067 1995 2122 etiam

342 2158 677 2213 resurrexit.
721 2160 789 2214 Et
845 2163 910 2214 ut
965 2159 1126 2215 noris
1186 2159 1331 2213 nihil
1392 2159 1625 2213 obstare
1679 2157 1996 2229 quominus

343 2248 511 2302 Patre
541 2247 738 2319 ipsum
769 2248 1077 2316 excitante,
1110 2248 1366 2320 Spiritus
1396 2247 1569 2303 etiam
1609 2262 1743 2301 eum
1784 2244 1995 2301 excita-

348 2336 441 2405 rit,
476 2337 633 2403 audi,
665 2337 834 2393 Patre
892 2337 1067 2392 etiam
1130 2336 1188 2392 in
1243 2336 1370 2409 ipso
1429 2339 1722 2400 manente,
1757 2334 1909 2390 sicut
1936 2334 1997 2389 in

352 2425 679 2497 Evangeliis
709 2427 852 2481 dicit
881 2426 1005 2499 ipse
1036 2426 1216 2481 Filius
1247 2444 1259 2481 :
1286 2449 1314 2477 «
1339 2426 1506 2481 Pater
1534 2425 1594 2481 in
1628 2441 1719 2480 me
1752 2440 1999 2479 manens

348 2514 473 2587 ipse
504 2515 640 2570 facit
667 2531 843 2587 opera
862 2517 924 2585 5°,
950 2538 976 2564 »
1015 2532 1248 2571 manere
1278 2515 1452 2570 etiam
1484 2514 1543 2569 in
1577 2532 1643 2571 eo
1670 2513 1952 2586 Spiritum
1982 2530 1995 2568 :

347 2626 375 2652 «
411 2604 725 2659 Descendit
754 2626 781 2653 »
813 2604 967 2660 enim
1003 2626 1031 2653 ‹‹
1065 2602 1320 2677 Spiritus
1365 2602 1650 2676 corporali
1697 2601 1888 2674 specie
1918 2600 2000 2656 si-

346 2698 449 2747 cut
479 2692 779 2761 columba;
815 2700 869 2749 et
902 2695 1117 2750 mansit
1162 2711 1339 2766 super
1368 2710 1500 2747 cum
1529 2692 1631 2746 ⁸ο.»
1653 2694 1815 2746 Sicut
1862 2706 1998 2763 ergo

348 2781 491 2836 nihil
526 2787 678 2838 vetat
707 2783 871 2856 quin,
899 2788 1168 2839 manente
1196 2788 1384 2854 Patre,
1410 2785 1646 2837 maneat
1670 2783 1845 2836 etiam
1877 2778 2003 2852 Spi-

352 2871 501 2927 ritus
537 2888 549 2927 :
585 2871 666 2927 ita
721 2872 864 2927 nihil
917 2873 1187 2945 prohibet
1218 2872 1556 2944 quominus,
1585 2875 1755 2926 Patre
1803 2870 2000 2941 ipsum

350 2962 659 3029 excitante,
686 2961 939 3034 Spiritus
966 2979 1200 3034 quoque
1229 2961 1509 3030 excitarit,
1536 2966 1592 3015 et
1613 2960 1721 3015 hoc
1742 2958 1886 3014 illud
1914 2962 2004 3014 est

353 3050 507 3121 quod
544 3050 757 3105 dicitur
779 3068 830 3105 :«
862 3050 1131 3106 Efficiens
1164 3050 1568 3119 diluculum,»
1602 3049 1657 3103 id
1698 3053 1788 3103 est
1816 3065 2004 3102 resur-

352 3138 692 3201 rectionem.
718 3160 745 3187 ‹‹
779 3145 835 3194 et
895 3140 1241 3207 nebulam,»
1280 3141 1336 3195 id
1395 3144 1483 3195 est
1534 3156 1766 3211 corpus.
1804 3137 1999 3192 Μαρια.

352 3187 692 3201 ------.--_.
782 3187 833 3194 ν-
895 3187 1223 3207 ηη--η...,,
1284 3187 1336 3195 ,η
1397 3187 1482 3195 ν..-
1536 3187 1999 3211 "1."-

352 3227 663 3283 Enimvero
695 3245 887 3283 annon
940 3230 1065 3301 ipse
1110 3229 1298 3301 potuit
1345 3244 1472 3284 sese
1503 3228 1799 3284 excitare?
1847 3228 2001 3282 (Μὴ.
2034 3187 2076 3255 C

353 3316 476 3370 Imo
509 3332 575 3371 ex
607 3316 738 3371 istis
768 3318 1207 3373 demonstratur
1235 3323 1457 3373 naturae
1488 3318 1791 3385 identitas;
1826 3316 2003 3388 siqui-

358 3405 489 3460 dem
522 3422 649 3477 quae
682 3406 816 3461 facit
844 3407 1028 3476 Pater,
1056 3407 1191 3463 facit
1214 3407 1384 3463 etiam
1411 3407 1612 3474 Filius,
1639 3412 1695 3461 et
1719 3423 1846 3478 quae
1871 3406 2009 3461 facit

357 3495 562 3567 Filius,
584 3495 859 3551 similiter
909 3496 1047 3553 facit
1082 3496 1355 3569 Spiritus.
1390 3496 1591 3552 Maced.
1616 3496 1915 3561 Quomodo
1946 3494 2003 3549 id

357 3586 481 3642 fieri
513 3588 746 3659 potest?
778 3587 933 3644 Orlh.
970 3589 1056 3644 Ita
1102 3592 1164 3643 ut
1204 3592 1505 3644 ostensum
1539 3591 1643 3643 est.
1672 3586 1868 3642 Maced.
1901 3585 2006 3641 Ubi

355 3692 492 3732 vero
526 3682 831 3733 ostensum
863 3677 995 3733 cst?
1023 3676 1172 3733 Orth.
1206 3677 1351 3743 Quia
1377 3681 1442 3731 ut
1461 3677 1630 3732 Pater
1658 3675 2006 3741 sanctificat,

357 3766 440 3821 ita
470 3771 527 3821 et
552 3765 757 3834 Filius,
792 3767 945 3823 sicut
988 3766 1165 3823 etiam
1201 3766 1482 3839 scriptum
1533 3770 1622 3821 est
1671 3766 1821 3837 apud
1855 3772 2008 3837 Apo-

359 3855 580 3911 stolum
617 3874 629 3913 :
662 3879 689 3906 «
720 3856 826 3912 Sed
890 3855 1074 3912 abluti
1132 3855 1290 3923 estis,
1327 3856 1426 3911 sed
1475 3856 1784 3927 justificati
1842 3855 2008 3925 estis,

361 3947 462 4001 sed
494 3945 841 4002 sanctificati
876 3945 1019 4002 estis
1051 3946 1107 4001 in
1140 3947 1376 4002 nomine
1399 3945 1627 4001 Domini
1660 3943 1843 4001 nostri
1874 3944 2010 3999 Jesu

366 4036 602 4103 Christi,
635 4040 692 4091 et
722 4035 779 4091 in
811 4036 1027 4108 Spiritu
1062 4035 1161 4091 Dei
1195 4036 1377 4091 nostri
1398 4036 1461 4089 θί.
1490 4058 1515 4084 ››

440 4125 593 4181 458
614 4126 701 4180 29.
731 4124 927 4180 Maced.
961 4124 1297 4180 Imbecillus
1350 4141 1455 4196 ego
1504 4141 1633 4180 sum
1672 4142 1683 4178 :
1718 4122 2011 4178 inveniam

368 4218 563 4268 autem
592 4213 691 4284 qui
723 4213 793 4267 ad
824 4213 944 4269 haec
965 4213 1350 4284 habeatquod
1378 4213 1552 4268 dicat.
1574 4213 1701 4267 Haec
1725 4213 2014 4284 persuade

369 4301 706 4357 doctoribus
738 4303 905 4369 meis,
940 4306 994 4356 et
1041 4318 1361 4373 persuasus
1415 4302 1591 4357 fuero.
1628 4301 1777 4357 Orth.
1810 4300 1868 4356 Si
1899 4306 2011 4355 tum

369 4390 671 4447 sententiae
708 4391 910 4447 fuisset
946 4392 1156 4447 beatus
1195 4390 1291 4445 ille
1322 4395 1379 4447 et
1408 4395 1648 4447 sanctus
1676 4389 2011 4462 Apostolus,

370 4498 501 4535 cum
527 4478 687 4535 visus
718 4485 809 4536 est
837 4481 887 4535 ei
910 4479 1494 4547 Christus,dixisset:
1521 4480 1727 4534 Adduc
1757 4479 1923 4552 prius
1952 4479 2010 4534 in

2100 574 2180 607 σιν
2236 558 2360 610 νοῶ.
2418 556 2491 611 Ἀ
2548 554 2649 630 γὰρ
2699 561 2846 610 ποιεῖ
2896 558 2924 611 ὁ
2979 558 3189 634 Πατήρ,
3227 561 3393 612 ταῦτα
3438 556 3753 617 xai61‘i6c

2098 649 2264 698 ποιεῖ·
2315 644 2403 698 καὶ
2460 644 2491 699 ἃ
2537 650 2685 699 ποιεῖ
2733 646 2761 698 6
2813 647 2999 722 Πατὴρ
3050 646 3140 701 καὶ
3172 647 3374 715 ὁΥἱὸς,
3404 645 3574 700 ταυτᾶ
3604 652 3759 700 ποιεῖ

2097 734 2159 787 τὸ
2230 737 2467 805 Πνεῦμα,
2546 734 2620 796 ὡς
2692 735 2783 788 καὶ
2864 734 2914 789 ἐν
2973 740 3088 798 τοῖς
3151 734 3405 810 ἀνωτέρω
3460 733 3755 790 δέδεικται.

2099 822 2300 880 Μακεδ.
2355 825 2451 879 Καὶ
2498 820 2642 900 ἔχεις
2695 847 2787 898 μοι
2837 823 3025 897 δεῖξαι,
3076 826 3255 881 ὅτιτὸ
3291 830 3507 898 Πνεῦμα
3534 823 3758 902 ἤγειρεν

2097 914 2187 968 τὸν
2246 914 2519 992 Χριστόν;
2582 916 2727 991 Ὀρθ.
2789 916 2861 969 O6
2922 914 3088 992 λέγω,
3156 914 3346 971 ὅτιτὸ
3396 920 3618 988 Πνεῦμα
3676 914 3758 977 ὡς

2101 998 2460 1079 δυνατώτερον
2512 1002 2608 1057 τοῦ
2659 1004 2915 1077 Χριστοῦ,
2961 1000 3175 1079 ἤγειρεν
3207 1002 3365 1057 αὐτὸν
3396 1003 3488 1058 τὸν
3522 1004 3761 1079 Χριστὸν

2100 1090 2227 1146 ἀλλ’
2274 1089 2355 1145 ὅτι
2407 1090 2566 1146 αὐτὸν
2615 1091 2708 1146 τὸν
2757 1092 2882 1145 ναὸν
2911 1095 3009 1144 τοῦ
3040 1091 3293 1164 σώματος
3321 1090 3538 1166 ἤγειρεν
3574 1090 3605 1144 6
3636 1092 3760 1147 Παο

2096 1179 2221 1255 τήρ,
2283 1178 2372 1233 καὶ
2432 1180 2460 1234 6
2505 1180 2650 1247 Υἱὸς,
2697 1179 2787 1233 καὶ
2834 1177 2895 1234 τὸ
2937 1184 3155 1254 Πνεῦμα
3200 1179 3262 1234 τὸ
3313 1180 3487 1253 ἅγιον.
3541 1175 3756 1233 Μακεδ.

2099 1267 2197 1322 Καὶ
2248 1272 2366 1329 πῶς
2428 1288 2495 1341 με
2542 1266 2687 1343 ἔχεις
2728 1273 2931 1337 πεῖσαι,
2987 1270 3087 1344 ἄρα
3142 1266 3400 1343 βοηθείας
3457 1266 3695 1343 ἔχρῃζεν
3735 1268 3764 1321 ὁ

2099 1356 2242 1429 Υἱὸς,
2268 1354 2359 1411 ’ἱνα
2388 1357 2479 1411 τὸν
2511 1357 2635 1411 ναὸν
2667 1357 2830 1412 αὐτοῦ
2880 1357 3063 1432 ἐγείρῃ
3091 1377 3105 1427 ς
3160 1358 3308 1432 Ὀρθ.
3359 1356 3626 1427 Βοηθείας
3654 1356 3764 1431 γὰρ

2100 1445 2324 1522 χρῂζων
2378 1445 2689 1523 ἐπληροῦτο
2722 1446 2867 1520 αὐτῷ
2896 1451 2977 1519 τῷ
3008 1446 3283 1520 Πνεῦματι
3330 1449 3434 1518 (54)
3462 1464 3477 1515 ;
3538 1443 3762 1502 Μακεδ.

2101 1540 2213 1591 Ποῦ
2242 1534 2556 1611 γέγραπται,
2603 1534 2683 1590 ὅτι
2735 1534 3045 1613 ἐπληροῦτο
3095 1540 3175 1609 τῷ
3226 1534 3538 1608 Πνε·5ματι;
3602 1536 3763 1607 Ὀρθ.

2099 1622 2397 1701 Ἀνάγνωθι
2426 1626 2489 1679 τὸ
2521 1624 2655 1679 κατᾶ
2697 1630 2907 1679 Λουκᾶν
2960 1623 3314 1701 Εὐαγγὲλιον,
3354 1621 3445 1679 ’ἱνα
3492 1623 3764 1697 ἀκούσῃς’

2103 1739 2131 1765 υ
2162 1715 2219 1767 '0
2250 1714 2342 1768 οὗν
2388 1718 2597 1784 Ἰησοῦς
2644 1713 2867 1785 πλήρης
2913 1718 3010 1769 τοῦ
3060 1713 3398 1787 ΙΙνεῦματος,
3440 1712 3599 1789 ἁγίου
3658 1714 3762 1768 611-

2024 1831 2073 1896 B
2104 1802 2350 1879 έστρεψεν
2387 1802 2461 1865 εἷς
2493 1804 2593 1872 τὴν
2625 1800 2851 1877 ἔρημον.
2886 1827 2913 1857 ››
2950 1802 3053 1860 Καὶ
3100 1804 3161 1858 τὸ
3193 1801 3520 1879 παράδοξον,
3569 1803 3657 1858 ὅτι
3692 1802 3760 1856 o6

2108 1892 2268 1966 μόνον
2317 1891 2650 1968 ἐπληροῦτο,
2710 1891 2853 1948 ἀλλὰ
2886 1893 2975 1947 καὶ
3029 1890 3193 1968 ἤγετο
3240 1892 3293 1947 ἐν
3342 1896 3420 1963 τῷ
3454 1890 3766 1964 Πνεῦματι,

2103 1982 2437 2059 γέγραπται.
2496 1986 2698 2057 ’Ὠσπερ
2758 1978 2815 2037 δῖε
2874 1979 3184 2058 ἐπληροῦτο
3242 1982 3332 2036 καὶ
3387 1979 3551 2057 ἤγετο
3612 1980 3764 2035 οὕτω

2104 2070 2191 2127 καὶ
2232 2069 2448 2141 ἀνέστη.
2508 2071 2606 2125 Καὶ
2663 2071 2752 2125 ’ἱνα
2808 2075 2973 2146 γνῷς,
3024 2070 3107 2126 ὅτι
3170 2067 3323 2126 οὐδὲν
3378 2068 3608 2137 κωλύει,
3664 2074 3764 2124 τοῦ

2107 2160 2317 2236 Πατρὸς
2375 2159 2534 2215 αὐτὸν
2596 2159 2911 2236 ἐγείροντος,
2961 2160 3051 2215 καὶ
3107 2161 3171 2215 τὸ
3228 2164 3445 2232 Πνεῦμα
3507 2158 3764 2232 ἐγείρειν,

2108 2250 2357 2317 ἄκουσον,
2429 2249 2512 2305 ὅτι
2587 2249 2676 2303 καὶ
2732 2254 2830 2305 τοῦ
2888 2251 3095 2325 Πατρὸς
3156 2249 3207 2304 ἐν
3269 2248 3413 2321 αὖτῷ
3474 2250 3765 2321 μένοντος,

2107 2340 2180 2401 ὠς
2216 2338 2265 2393 ἐν
2315 2344 2430 2400 τοῖς
2479 2337 2824 2413 Εὐαγγελζοις
2875 2338 3032 2401 αὐτὸς
3082 2339 3109 2392 6
3158 2338 3281 2401 Υἱὸς
3328 2336 3492 2414 λέγει·
3529 2336 3616 2393 ὅτι
3646 2362 3673 2388 (ι
3706 2338 3769 2389 '0

2108 2429 2294 2503 Πατὴρ
2344 2429 2372 2482 6
2420 2428 2471 2482 ἐν
2528 2426 2651 2500 ἐμοὶ
2707 2430 2880 2501 μένων
2912 2434 3059 2483 ποιεῖ
3086 2428 3153 2483 τὰ
3173 2424 3306 2502 ἔργα
3336 2426 3517 2489 αὐτός·
3552 2452 3580 2477 ι)
3617 2426 3769 2481 οὕτω

2106 2518 2287 2571 καὶτὸ
2319 2519 2541 2590 Πνεῦμα
2570 2517 2715 2590 μένει
2749 2515 2800 2572 ἐν
2850 2516 3013 2589 αὐτῷ·
3050 2541 3080 2569 ‹‹
3125 2515 3375 2586 Κατ-ἦλθε
3428 2541 3452 2564 υ
3500 2517 3607 2592 γὰρ
3647 2542 3666 2565 ι
3702 2518 3769 2571 1'6

2109 2611 2328 2679 Πνεῦμα
2358 2611 2654 2680 σωματικῷ
2700 2604 2828 2661 εἴδει
2878 2606 3004 2661 ὡσεὶ
3056 2607 3363 2682 περιστερὰ,
3417 2607 3509 2660 καὶ
3556 2603 3773 2678 ἔμεινεν

2109 2696 2159 2752 ἐν
2195 2696 2410 2753 αὐτόν.»
2443 2699 2646 2773 Ὥσπερ
2679 2693 2770 2751 οὖν
2800 2694 2953 2751 οὐδὲν
2987 2694 3314 2764 κωλύει,τοῦ
3336 2696 3545 2770 [ἰατρὸς
3568 2693 3769 2766 μενον-

2108 2807 2220 2856 τος,
2251 2786 2339 2839 καὶ
2368 2788 2428 2840 τὸ
2462 2787 2682 2859 Πνεῦμα
2715 2787 2912 2858 μένειν·
2947 2784 3120 2848 οὕτως
3153 2782 3305 2841 οὐδὲν
3340 2783 3501 2838 αὐτὸν
3530 2783 3768 2851 κωλύει,

2109 2880 2206 2931 τοῦ
2282 2877 2490 2949 Πατρὸς
2563 2875 2883 2953 ἐγεέροντος,
2961 2874 3050 2929 καὶ
3116 2876 3176 2929 τὸ
3236 2879 3455 2946 Πνεῦμα
3513 2872 3768 2950 ὲγείρειν’

2110 2963 2203 3019 καὶ
2255 2964 2417 3019 τοῦτό
2466 2963 2575 3020 ἐστι
2623 2967 2684 3020 τὸ
2731 2965 3034 3040 εἰρημένον·
3083 2990 3102 3014 α
3141 2968 3321 3018 Ποιῶν
3351 2961 3569 3039 ὄρθρον,
3609 2987 3636 3012 υ
3668 2962 3772 3029 τήν

2111 3052 2412 3109 ἀνάστασιν·
2473 3054 2561 3108 καὶ
2618 3079 2645 3107 ‹‹
2697 3051 2965 3130 ὀμίχλην,
3017 3078 3037 3103 1
3090 3053 3151 3108 τὸ
3200 3056 3377 3126 σῶμα.
3412 3048 3621 3108 Μακεδ.
3657 3049 3774 3104 06x

2115 3140 2332 3199 ἐδύνατο
2392 3142 2495 3220 γὰρ
2554 3144 2738 3199 ἑαυτὸν
2800 3142 3042 3219 ἐγεῖραι;
3104 3144 3247 3219 Ὀρθ.
3312 3140 3465 3198 Ἀλλ’
3524 3140 3583 3195 ἐκ
3638 3138 3773 3194 10-3-

2113 3235 2219 3289 τῶν
2256 3235 2362 3307 (55)
2412 3230 2678 3289 δείκνυται
2729 3234 2791 3287 τὸ
2820 3233 3013 3287 ταυτὸν
3045 3239 3144 3301 τῆς
3178 3230 3408 3309 φύσεως⁶
3444 3230 3475 3284 ἃ
3505 3230 3610 3306 γὰρ
3646 3229 3705 3284 ἂν
3740 3230 3772 3283 6

2115 3323 2304 3398 ΙΙατὴρ
2363 3326 2518 3397 ποιῇ,
2567 3326 2734 3378 ταῦτα
2779 3321 2868 3376 καὶ
2922 3323 2949 3376 6
2999 3321 3145 3383 Υἱός·
3196 3319 3289 3375 καὶ
3322 3320 3530 3375 ἃποιεῖ
3559 3320 3586 3373 6
3622 3319 3774 3391 ι’ἳὸς,

2114 3411 2203 3467 καὶ
2234 3410 2295 3466 τὸ
2344 3414 2569 3485 Πνεῦμα
2619 3410 2825 3485 ὁμοίως
2863 3414 3030 3465 ταῦτα
3062 3414 3227 3466 ποιεῖ.
3281 3405 3481 3465 Μακεδ.
3516 3408 3615 3462 Καὶ
3650 3408 3772 3469 πῶς

2117 3500 2380 3571 δυνατόν,
2439 3502 2583 3576 Ὀρθ.
2637 3501 2724 3562 Ὡς
2775 3497 3057 3556 δέδεικται.
3111 3496 3319 3555 Μακεδ.
3371 3499 3471 3555 Καὶ
3525 3502 3635 3552 ποῦ
3685 3494 3776 3550 δέο

2118 3588 2353 3659 Sumat;
2414 3590 2565 3665 Ὀρθ.
2615 3592 2733 3643 Ὅτι
2784 3586 2993 3663 ἁγιάζει
3044 3587 3118 3649 ὡς
3171 3588 3198 3641 6
3250 3588 3441 3660 Πατὴρ
3618 3587 3709 3640 καὶ
3743 3585 3775 3639 6

2117 3678 2265 3745 Υἱὸς,
2299 3678 2372 3739 ὡς
2404 3677 2493 3733 καὶ
2525 3676 2820 3753 γέγραπται
2851 3677 2995 3751 παρὰ
3023 3680 3101 3748 τῷ
3131 3674 3473 3747 Ἀποστολῳ·
3504 3699 3534 3724 ‹‹
3592 3672 3778 3729 Ἀλλὰ

2118 3765 2512 3839 ἀπελούσασθε,
2562 3765 2707 3823 ἀλλά
2759 3763 3134 3835 ἐδικαιώθητε,
3194 3763 3319 3821 ἀλλ’
3376 3764 3679 3839 ἡγιάσθητε
3721 3760 3779 3816 ἐν

2117 3861 2197 3929 τῷ
2246 3855 2473 3930 ὀνόματι
2528 3860 2626 3911 τοῦ
2675 3855 2873 3933 Κυρίου
2922 3856 3084 3927 ἡμῶν
3132 3855 3313 3925 Ἰησοῦ
3362 3850 3622 3929 Χριστοῦ,
3684 3850 3777 3905 καὶ

2121 3945 2172 4000 ἐν
2207 3945 2481 4019 Ιῐνεῦματι
2511 3949 2609 4000 τοῦ
2635 3949 2769 4000 Θεοῦ
2799 3947 2980 4018 ἡμῶν.
3018 3967 3045 3995 ››

2188 4124 2279 4179 29.
2314 4118 2520 4179 Μακεδ.
2579 4120 2797 4197 Ὀλίγος
2846 4118 2979 4191 εἶμί·
3029 4118 3258 4194 εὑρίσκω
3310 4115 3365 4173 δὲ
3414 4119 3505 4173 τὸν
3541 4115 3783 4191 δυνάμε-

2120 4233 2207 4267 νον
2238 4211 2371 4287 πρὸς
2402 4214 2569 4265 ταῦτα
2599 4209 2791 4267 εἰπεῖν.
2830 4211 3024 4266 ΙΙεῖσον
3056 4207 3186 4271 τοῦς
3219 4205 3580 4270 διδασκάλους
3646 4230 3782 4281 μου,

2122 4300 2209 4356 καὶ
2268 4299 2547 4371 πείθομαι.
2608 4300 2754 4374 Ὀρθ.
2803 4298 2946 4352 Κατά
2995 4299 3095 4367 τὴν
3157 4298 3254 4365 σὴν
3297 4297 3527 4372 γνώμην
3573 4298 3617 4351 εἰ
3652 4300 3717 4366 ἧν
3753 4299 3784 4352 ὁ

2127 4391 2389 4466 μακάριος
2427 4388 2515 4443 καὶ
2548 4388 2704 4464 ἅγιος
2733 4386 3092 4453 Ἀπόστολος,
3126 4387 3215 4442 ὅτε
3245 4385 3392 4458 αὐτῷ
3437 4384 3595 4464 ὤφθη
3659 4392 3791 4461 X9:-

2124 4482 2270 4549 στὸς,
2305 4480 2444 4533 εἶπεν
2502 4476 2584 4532 ἃνθ
2647 4480 2846 4535 ῐῐεῖσον
2884 4475 3012 4537 τοὺς
3058 4476 3334 4552 ἀρχιερεῖς
3386 4475 3479 4530 καὶ
3519 4496 3785 4552 γραμμα-

371 4575 534 4625 tuam
569 4570 917 4625 sententiam
952 4570 1256 4641 pontifices
1287 4574 1342 4623 et
1372 4568 1625 4636 Scribas,
1656 4573 1712 4624 et
1742 4573 1880 4623 tunc
1912 4569 2001 4623 de-

2122 4573 2231 4631 τεῖς
2262 4571 2501 4644 πρῶτον,
2533 4567 2621 4621 καὶ
2650 4568 2773 4622 τότε
2806 4564 3062 4638 πείθομαί
3103 4586 3209 4620 σοι.
3264 4561 3473 4621 Μακεδ.
3522 4568 3787 4642 Ξενοφω-

374 4675 535 4713 mum
570 4658 674 4714 tibi
700 4659 990 4731 obsequar
1032 4658 1227 4713 Maced.
1253 4658 1426 4713 Novis
1451 4662 1510 4713 et
1533 4656 2018 4713 insolentibusis-

370 4751 445 4804 tis
477 4748 717 4805 vocibus
749 4750 1059 4804 deterreor.
1084 4748 1283 4803 Patres
1312 4748 1495 4803 nostri
1531 4765 1833 4820 nunquam
1865 4749 2019 4820 apud

2126 4661 2319 4731 νοῦμαι
2380 4655 2430 4711 ἐν
2475 4654 2709 4716 τούτοις.
2766 4655 2829 4708 Oi
2886 4655 3111 4730 πατέρες
3162 4655 3321 4727 ἡμῶν
3356 4650 3618 4709 οὐδέποτε
3647 4657 3787 4727 ἡμῖν

2129 4748 2474 4823 ἡρμήνευσαν
2536 4743 2731 4806 οὕτως.
2780 4745 3016 4819 Ἀνάγκη
3079 4741 3171 4797 οῦν
3227 4744 3375 4815 ἡμᾶς
3426 4741 3516 4797 ἐπὶ
3568 4745 3791 4805 ὀὕτως

372 4856 478 4895 nos
510 4839 637 4896 istis
668 4837 1251 4910 interpretationibus
1278 4836 1368 4893 usi
1397 4842 1554 4893 sunt.
1574 4837 1819 4894 Necesse
1842 4844 1931 4893 est
1961 4855 1997 4893 u

2133 4836 2443 4910 σκέψασθαι,
2507 4833 2742 4907 μάλιστα
2797 4832 2878 4887 ὅτι
2939 4833 3082 4903 ξενον
3140 4828 3350 4901 ἤκουσα
3395 4832 3458 4886 16
3505 4831 3795 4908 βάπτισμα

374 4946 483 4984 nos
516 4928 639 4984 baac
670 4928 1129 4994 consideremus,
1151 4943 1216 4983 ac
1251 4927 1571 5000 praesertim
1617 4943 1833 4983 novum
1880 4926 2025 4983 illud

377 5019 600 5074 dictum
635 5018 790 5091 quod
822 5017 1415 5089 audivi,baptismum
1444 5015 1713 5072 videlicet
1734 5034 1862 5073 esse
1887 5017 2028 5073 toni-

375 5112 490 5162 tru.
526 5108 683 5164 Orth.
710 5106 933 5163 Fateris
962 5104 1260 5177 apostolos
1281 5109 1516 5160 vocatos
1548 5105 1731 5162 fuisse
1760 5106 1912 5161 filios
1945 5110 2030 5161 to-

2140 4926 2395 5003 βροντήν.
2452 4924 2601 4999 Ὀρθ.
2661 4919 3019 4997 ⁸ομολογεῖς,
3078 4917 3161 4976 ὅτι
3222 4921 3274 4975 οἱ
3319 4921 3617 4976 ἀπόστολοι
3680 4922 3793 4977 υἱοὶ

2143 5015 2374 5089 βροντῆς
2408 5010 2714 5083 ἐκλήθησαν
2748 5012 2893 5087 παρά
2931 5014 3033 5066 τοῦ
3067 5011 3346 5084 Σωτῆρος,
3377 5009 3411 5079 ἢ
3445 5007 3546 5082 06';
3581 5009 3793 5068 Μακεδ.

2142 5104 2208 5161 Οἱ
2268 5100 2362 5157 δύο
2416 5096 2571 5176 μὸνοι
2630 5099 2873 5172 αδελφοί.
2928 5101 3078 5176 Ὀρθ.
3126 5100 3317 5173 Ἡμεῖς
3365 5097 3395 5153 6'
3440 5098 3536 5153 κᾶν
3569 5100 3647 5155 ἐνὶ
3680 5102 3798 5173 (57)

377 5200 529 5253 nitru
565 5214 597 5251 a
626 5195 942 5267 Salvatore,
993 5197 1230 5249 annon?
1276 5195 1478 5250 Maced.
1513 5195 1609 5250 Sic
1659 5195 1844 5252 vocati
1895 5213 2001 5252 sun

2145 5184 2380 5269 ei'pinai,
2411 5196 2539 5246 πᾶσι
2568 5189 2813 5266 λέγωμεν
2848 5188 3103 5265 ἁρμόζειν
3128 5192 3246 5251 τοῖς
3276 5188 3337 5243 τὸ
3383 5187 3513 5244 αὐτὸ
3573 5192 3799 5262 Πνεῦμα

379 5287 487 5345 soli
521 5285 605 5343 illi
636 5286 751 5342 duo
782 5284 1014 5340 fratres.
1041 5281 1198 5339 Orth.
1223 5281 1339 5337 Nos
1372 5282 1525 5353 quod
1557 5281 1645 5337 vel
1678 5282 1778 5338 uni
1813 5281 2036 5339 dictum

2147 5278 2387 5357 ἔχουσιν.
2448 5280 2547 5336 Καὶ
2595 5280 2699 5356 γὰρ
2748 5278 2968 5341 Παῦλος
3025 5278 3053 5333 6
3111 5279 3265 5354 ἅγιος
3310 5276 3618 5342 ἀπόστολος
3660 5280 3801 5342 εἷπε,

450 5415 491 5450 ⁸⁸
523 5415 658 5470 Luc.
693 5430 773 5481 ιν,
806 5413 856 5467 1.
934 5410 979 5447 ⁵ο
1006 5407 1174 5465 Joan.
1209 5425 1326 5480 xw,
1362 5409 1446 5465 10.
1523 5408 1567 5443 ⁶⁰
1595 5408 1764 5465 Joan.
1798 5425 1838 5477 ι,
1870 5408 1959 5464 32.

2113 5410 2132 5465 Ι
2165 5410 2294 5466 Cor.
2328 5425 2404 5480 vx,
2442 5408 2525 5463 11.

601 5547 765 5635 Mss,
799 5543 857 5635 ἐξ
885 5542 1031 5635 αὗτῖρ
1058 5542 1138 5614 τῷ
1172 5542 1273 5599 ΙΙν.

601 5615 781 5693 Palat.
793 5660 806 5686 ,
839 5615 913 5693 ἐκ⁸
925 5615 1142 5693 τούτου.

456 5681 569 5765 (se)
604 5681 815 5762 Palat,
852 5689 976 5747 Ὅτι
1029 5688 1236 5763 ἁγιάζει
1269 5684 1297 5739 ὁ
1327 5683 1541 5759 Πατήρ,
1596 5681 1869 5759 Felckm.,
1900 5683 1973 5749 ὠς
2005 5684 2033 5739 δ

2143 5543 2355 5612 Πατήρ.

2214 5561 2296 5612 ιτη
2344 5584 2355 5597 .

2214 5561 2334 5688 (ετξ
2357 5612 2564 5683 Palat.,
2596 5614 2642 5684 ᾦ
2671 5609 2767 5666 κᾶν
2800 5608 2900 5666 ενι.
