4092 6218
548 30 551 37 ν

402 148 409 155 ι

334 282 490 344 1251

339 498 872 558 Animatum.0rth.
911 502 1135 568 Nempe
1170 497 1323 553 459
1366 495 1521 567 quod
1570 493 1768 548 anima
1799 490 2004 563 praedi-

341 594 466 647 tum
494 587 697 645 esset?
728 588 902 657 Apoll.
926 586 1332 656 Nequaquam.
1368 582 1844 648 OrthQuomodo
1870 594 2002 636 vero

338 680 517 736 fuerit
552 677 1062 745 animatum.qnort
1101 691 1212 727 non
1251 673 1425 728 fuerit
1457 673 1659 728 anima
1691 671 2003 742 prmditum

340 768 521 841 Apoll.
578 765 789 821 Divina
837 763 1196 818 animatione
1262 763 1373 815 fuit
1439 762 1789 816 animatum.
1852 758 2002 815 0rlh.

343 856 653 913 Enimvero
687 870 758 908 an
793 858 853 907 tu
889 867 973 919 es,
1013 854 1121 907 Deo
1158 869 1269 905 non
1304 850 1742 911 interveniente,
1780 848 2005 903 anima-

345 951 444 1003 tus
467 945 495 1000 ‘l
523 943 702 1015 Apoll.
733 940 1090 997 Naturaliter
1120 957 1248 996 sum
1283 938 1602 994 animatus.
1640 938 1798 994 Orth.
1856 937 2007 992 Num

346 1037 571 1105 absque
602 1032 698 1087 Dei
735 1031 993 1103 potentia
1020 1031 1048 1085 ‘l
1078 1030 1253 1101 Apoll.
1312 1034 1384 1083 At
1432 1028 1510 1082 ita
1550 1027 1856 1082 Dominus.
1893 1023 1995 1079 Hic

350 1123 510 1182 enim
544 1123 742 1177 anima
774 1120 1022 1175 rationis
1054 1117 1599 1191 particeps,corpori
1634 1133 1699 1171 ex
1732 1114 1829 1170 Dei
1855 1130 2013 1168 mun-

352 1215 490 1269 dato
523 1210 708 1275 unita,
744 1209 1039 1263 hominem
1081 1208 1415 1263 constituit.
1469 1208 1528 1261 In
1588 1204 1827 1259 Domino
1874 1217 2010 1258 vero

356 1316 473 1357 non
506 1300 588 1353 ita
618 1302 726 1364 est,
761 1298 860 1351 sed
901 1298 1048 1351 Deus
1082 1295 1336 1351 Verbum
1369 1294 1527 1350 carni
1564 1294 1792 1348 unitum
1827 1291 2012 1347 homi-

355 1404 493 1446 nem
525 1385 832 1442 constituit
866 1389 1066 1440 Deum.
1103 1384 1255 1440 Orlh.
1282 1383 1531 1438 Hoccine
1561 1387 1650 1438 est
1680 1382 1831 1452 quod
1866 1379 2011 1435 divi-

351 1492 491 1533 nam
522 1473 938 1529 animationem
973 1471 1184 1528 vocas?
1216 1473 1553 1543 Apoll.Sane
1585 1468 2007 1542 quidem.0rth.

353 1564 612 1622 Verbum
645 1562 829 1634 igitur
858 1561 1033 1617 tuerit
1064 1562 1270 1616 animo:
1292 1561 1434 1615 vice.
1461 1558 2010 1631 Apoll.etiam.0rfh.

351 1657 633 1722 Quisnam
665 1652 841 1725 igitur
872 1652 1023 1706 dixit
1058 1668 1071 1705 :
1109 1651 1326 1708 «Nemo
1349 1650 1501 1705 tollit
1532 1650 1787 1705 animam
1823 1664 2008 1703 meam

1505 272 1567 336 S.
1615 270 2135 333 A'I‘HANASIUS.
2167 303 2243 315 —
2274 270 2585 333 SPURIA.

330 414 553 485 Corpus
586 410 736 464 illud
774 414 973 464 eratne
1005 408 1436 473 animatum,an
1473 402 1786 461 exanime?
1819 403 1997 474 Apoll.
2030 412 2085 477 Α
2117 401 2325 475 ἄψυχον

3618 264 3779 326 1252

2388 420 2401 467 ἱ
2462 400 2694 457 Ἀπολλ.
2755 402 3072 477 Ἒμψυχον.
3135 402 3259 475 Ὀρο
3295 443 3307 456 .
3368 400 3571 472 Ψυχὴν
3635 393 3774 470 ἕχον

2111 486 2370 558 δηλονότι
2405 507 2417 558 ;
2453 488 2686 547 Ἀπολλ.
2721 488 2818 548 Οῦ,
2855 492 2999 566 Ὀρθ.
3034 490 3130 546 Καὶ
3164 493 3281 551 πῶς
3312 486 3563 562 ἔμψυχον
3596 486 3659 540 τὸ
3696 485 3777 558 μή

2112 572 2240 652 ἔχον
2299 580 2483 654 ψυχήν
2517 598 2530 645 ;
2565 578 2814 635 Ἀπολλ.
2874 579 3000 651 Θείᾳ
3058 583 3124 648 ἦν
3188 578 3433 652 ἐμψυχίᾳ
3488 575 3775 649 ψ’)χωθὲν.

2114 667 2267 743 Ὀρθ·
2328 668 2402 721 Σὺ
2455 668 2557 742 γὰρ
2612 668 2753 732 ἀθεεῖ
2812 668 3152 744 ἐψυχώθης;
3217 664 3455 722 Ἀπολλ.
3515 667 3777 723 Φυσικῶς

2116 754 2432 831 ἐψυχώθην.
2501 757 2649 829 Ὀρθ.
2712 761 2871 813 ’Ἄνευ
2927 765 3025 827 τῆς
3083 754 3177 812 τοῦ
3229 760 3363 811 Θεοῦ
3424 752 3710 825 δυνάμεως
3760 771 3774 817 ;

2116 844 2352 902 Ἀπολλ.
2390 844 2543 902 Ἀλλ’
2601 845 2707 922 οὔχ
2764 846 2938 908 οὕτως
2996 848 3023 901 6
3072 847 3288 924 Κύριος.
3346 840 3614 901 Ἐνταῦθα
3667 842 3776 914 γὰρ

2117 936 2270 1010 ψυχῆ
2321 933 2539 1011 λογικὴ,
2591 936 2801 1008 σώματι
2860 937 3114 1009 ἡνωμᾶνη
3176 935 3550 1009 προστάγματι
3614 934 3781 1000 Θεοῦ,

2119 1021 2398 1100 ἄνθρωπον
2450 1024 2721 1080 ἀποτελεῖ.
2756 1025 2876 1081 Ἐπῖ
2928 1024 2985 1080 δὲ
3028 1030 3124 1080 τοῦ
3176 1023 3374 1099 Κυρίου
3427 1022 3537 1097 οὐχ
3576 1020 3777 1079 οῦτως·

2119 1112 2264 1168 ἀλλᾶ
2293 1114 2420 1175 Θεὸς
2463 1114 2637 1189 Λόγος
2667 1115 2823 1187 σαρκὶ
2871 1114 3084 1179 ὲνωθιῖς
3134 1113 3417 1191 ἄνθρωπον
3454 1108 3780 1166 ἀπετέλεσεν

2119 1202 2265 1259 Θεόν.
2305 1204 2449 1280 Ὀρθ,
2485 1206 2660 1260 Τοῦτο
2686 1205 2781 1259 οῦν
2812 1202 2989 1281 λέγεις
3020 1204 3160 1260 θείαν
3186 1203 3460 1279 ἐμψυχίαν
3486 1221 3498 1271 ;
3536 1197 3783 1256 Ἀπολλο

2119 1294 2216 1348 Καὶ
2247 1294 2407 1350 πάνυ.
2464 1295 2608 1371 Ὀρθ.
2664 1292 2809 1349 Ἀντῖ
2856 1298 3041 1371 ψυχῆς
3092 1293 3181 1349 οῦν
3217 1296 3243 1348 6
3278 1293 3450 1369 Λόγος
3485 1311 3499 1360 ;
3536 1287 3783 1347 Ἀπολλ.

2120 1383 2241 1439 Ναί.
2301 1385 2449 1458 Ὀρθ.
2483 1384 2573 1446 Τίς
2630 1382 2718 1439 οὖν
2751 1386 2815 1453 ἦν
2867 1386 2894 1439 6
2946 1382 3123 1459 λέγων
3355 1408 3381 1433 ι(
3412 1382 3520 1450 Τὴν
3588 1381 3784 1453 ψυχήν

2125 1494 2228 1545 μου
2262 1470 2438 1534 οὐδεὶς
2469 1470 2606 1548 alios:
2658 1474 2748 1527 απ⁹
2797 1471 2953 1527 ἐαοῦ’
2984 1472 3073 1528 ὅτε
3121 1471 3285 1541 θέλω,
3336 1470 3532 1543 τίθημι
3582 1468 3786 1534 ori-civ,

2120 1562 2209 1616 καὶ
2241 1560 2328 1615 ὅτε
2357 1560 2520 1633 θέλω,
2556 1557 2821 1634 λαμϐάνω
2870 1561 3056 1633 αὐτήν·
3104 1587 3124 1613 ι
3160 1564 3195 1631 ἡ
3236 1561 3384 1637 σὰρξ,
3416 1559 3450 1628 ἧ
3486 1559 3514 1613 6
3546 1557 3730 1631 Λόγος
3767 1574 3781 1623 ;

2124 1649 2357 1707 Ἀπολλ.
2413 1657 2467 1703 Ὀ
2518 1651 2709 1726 Λόγος.
2769 1652 2920 1726 Ὀρθ.
2972 1651 3139 1708 Ποίαν
3196 1647 3375 1726 ἔλεγεν
3422 1648 3662 1723 ψυχῆνς
3718 1647 3782 1713 ἦν

354 1760 390 1799 a
419 1760 533 1809 me,
567 1757 701 1797 cum
733 1739 859 1795 volo
892 1756 1041 1810 pono
1073 1755 1226 1803 eam,
1251 1744 1309 1795 et
1344 1755 1479 1794 cum
1515 1738 1640 1793 volo
1671 1753 1843 1792 sumo
1883 1738 2008 1791 “:s

617 1830 684 1846 τι.
738 1830 748 1846 I
838 1845 863 1846 η
902 1829 929 1846 n
978 1829 1124 1846 .,,,ll
1179 1828 1249 1846 τῖε
1297 1828 1310 1846 ι
1394 1845 1421 1846 η
1492 1829 1605 1846 Λνιι
1650 1830 1824 1846 Λνεεμ-
1863 1825 1998 1846 ,12-424

2124 1740 2286 1815 εἶχεν,
2344 1742 2378 1809 ἢ
2438 1741 2497 1809 ἦν
2557 1740 2656 1794 οὐκ
2710 1740 2853 1815 εἶχίν
2892 1760 2905 1810 ;
2945 1740 3189 1798 Ἀπολλ.
3254 1741 3362 1808 Τὴν
3422 1734 3777 1813 ἀνθρωπίνην

2124 1824 2164 1846 κς
2355 1834 2382 1846 η
2454 1830 2465 1846 ,
2557 1831 2612 1846 ,Λ
2657 1831 2681 1846 Α
2778 1837 2788 1846 _
2944 1830 2957 1845 λ
3101 1829 3115 1846 ‘
3226 1829 3239 1845 ’
3282 1830 3306 1846 Λ
3445 1826 3457 1846 θ
3628 1829 3655 1846 ν
3723 1823 3776 1846 ,ν

347 1847 483 1889 caro
511 1847 587 1888 an
617 1830 875 1884 Verbum
902 1829 929 1883 ‘I
961 1829 1146 1895 Apoll.
1179 1828 1453 1884 Verbum.
1487 1829 1831 1893 0rth.Quam
1856 1825 2002 1880 dixit

349 1921 610 1978 animam
640 1922 663 1975 Ρ
692 1935 868 1990 quam
904 1918 1165 1984 haberet,
1198 1916 1284 1972 vel
1338 1934 1513 1988 quam
1558 1933 1671 1972 non
1722 1916 2010 1971 haberet?

345 2008 541 2082 Apoll.
574 2008 765 2063 Vitam
792 2007 1112 2062 humanam
1138 2005 1507 2078 significavit.
1539 2005 1771 2062 0rth.At
1809 2004 2008 2058 ﬁerine

349 2104 541 2173 potest
572 2102 635 2152 ut
662 2097 926 2168 quaedam
959 2096 1037 2150 sit
1070 2096 1332 2151 humana
1361 2096 1500 2164 vita,
1523 2095 1571 2151 si
1606 2112 1722 2150 non
1759 2092 2010 2148 adfuerit

350 2188 551 2245 anima
579 2186 798 2258 PApoll.
833 2186 1102 2241 Maxime.
1142 2208 1162 2235 ι
1201 2189 1353 2240 Deus
1384 2185 1538 2240 enim
1575 2186 1634 2239 in
1664 2189 1818 2239 terra
1846 2184 2007 2237 visus

350 2280 459 2346 est,
494 2281 551 2332 et
580 2291 711 2331 cum
744 2273 1089 2329 hominibus
1116 2277 1499 2330 conversatus
1530 2278 1619 2329 est
1647 2273 1711 2328 ⁸⁷.
1744 2295 1771 2323 »ι

419 2385 472 2438 2.
509 2383 667 2440 Orth.
701 2382 1001 2448 Quomodo
1031 2397 1166 2437 vero
1212 2382 1372 2437 visus
1423 2386 1511 2437 est
1554 2381 1613 2436 in
1666 2380 2005 2450 natura,in-

356 2470 736 2546 aspectabilis
766 2488 898 2527 cum
923 2471 1046 2527 sit?
1076 2471 1463 2543 Apoll.Carne.
1500 2471 1652 2527 Ortli.
1687 2472 1850 2526 Sicut
1871 2484 2006 2540 ergo

351 2561 544 2619 carnis
567 2565 658 2617 est
674 2561 1057 2633 conspicuum
1074 2577 1224 2621 esse;
1248 2561 1330 2615 ita
1344 2568 1397 2616 et
1432 2561 1639 2614 animo:
1654 2565 1740 2614 est
1767 2573 2006 2613 conver-

351 2650 649 2709 sari.Pieri
683 2666 816 2705 vero
836 2666 948 2705 non
984 2655 1174 2721 potest
1194 2655 1255 2703 ut
1287 2649 1384 2721 qui
1420 2655 1631 2704 nalura
1660 2654 1749 2703 est
1773 2648 2005 2717 inaspe—

350 2739 573 2805 ctabili,
606 2744 898 2806 cernatur,
933 2738 1045 2793 nisi
1077 2739 1305 2811 corpori
1363 2739 1605 2793 uniatur
1636 2737 1790 2809 quod
1824 2735 2005 2791 videri

352 2829 539 2902 possit
570 2847 583 2884 :
617 2834 674 2884 et
706 2828 827 2883 ﬁeri
862 2844 977 2883 non
1012 2831 1221 2899 potest,
1257 2832 1319 2881 ut
1350 2827 1450 2899 qui
1483 2831 1694 2882 natura
1715 2824 2005 2898 passionis

352 2935 559 2991 expers
591 2916 964 2988 est,patiatur
992 2921 1049 2971 et
1081 2933 1197 2971 una
1228 2933 1362 2971 cum
1397 2916 1734 2970 hominibus
1768 2930 2005 2969 conver-

349 3013 528 3076 setur,
566 3006 676 3062 nisi
706 3006 785 3061 sit
813 3005 1047 3077 corpori
1081 3005 1339 3060 animato
1371 3009 1591 3070 unitus,
1612 3005 1764 3076 quod
1799 3008 2007 3075 sponte

2118 1824 2294 1904 ἔλεγεν
2355 1830 2520 1899 ζωήν.
2556 1831 2705 1901 Ὀρθ.
2765 1830 2993 1883 Δυνατὸν
3053 1829 3157 1905 γὰρ
3215 1826 3559 1900 ἀνθρωπίνην
3627 1823 3779 1893 ζωῆν

2119 1920 2274 1988 εῖναι,
2338 1920 2413 1992 μή
2475 1919 2753 1994 παρούσης
2812 1922 2998 1995 ψυχῆς
3042 1939 3055 1989 ;
3092 1916 3303 1976 ’Δπολλ
3338 1962 3350 1975 .
3412 1915 3509 1970 Καὶ
3569 1916 3709 1968 πάνυ
3755 1956 3768 1970 .

2119 2032 2146 2060 ι(
2182 2009 2242 2065 Ὀ
2270 2008 2370 2084 γὰρ
2404 2008 2529 2070 θεὸς
2564 2008 2649 2062 ἐπὶ
2680 2015 2781 2079 τῆς
2823 2010 2921 2082 γῆς
2973 2003 3155 2086 ὤφθη,
3188 2007 3278 2063 καὶ
3328 2006 3379 2061 ἐν
3411 2011 3528 2067 τοῖς
3565 2003 3779 2077 ἀνθρώ-

2118 2119 2240 2161 ποις
2273 2096 2666 2175 σονανεστράφη
2679 2144 2690 2155 .
2731 2121 2758 2149 ››

2186 2387 2239 2440 2,
2301 2386 2476 2457 Ὀρθ,
2538 2384 2712 2459 ’Ὀιρθη
2774 2379 2830 2437 δὲ
2888 2382 2916 2436 6
2972 2385 3041 2455 τῇ
3102 2380 3252 2460 φύσει
3317 2381 3547 2457 ἀόρατος
3609 2388 3778 2453 min;

2118 2471 2376 2529 ’Δπολλ.
2440 2472 2608 2547 Σαρκί
2644 2515 2657 2527 .
2711 2472 2837 2546 Ὀρθ
2873 2513 2885 2525 .
2946 2473 3149 2546 Ὠσπερ
3229 2468 3320 2524 οὖν
3397 2472 3595 2546 σαρκός
3662 2472 3779 2526 ἐστι

2114 2562 2175 2616 τὸ
2237 2562 2550 2640 φαίνεσθαι,
2611 2560 2753 2614 οὕτω
2807 2561 2896 2614 καὶ
2951 2563 3138 2635 ψυχῆς
3197 2561 3721 2637 συναναστρέφεσθαι
3760 2605 3775 2616 .

2118 2648 2407 2707 ’Δδῦνατον
2470 2647 2526 2704 δὲ
2582 2649 2673 2703 τὸν
2729 2653 2798 2723 τῇ
2858 2648 3009 2726 φύσει
3072 2648 3301 2725 ἀόρατον
3348 2650 3636 2723 ὁραθῆναι,
3696 2652 3776 2721 μή

2117 2738 2379 2803 ἐνωθὲντα
2421 2740 2635 2811 σώματι
2675 2742 2753 2809 τῷ
2801 2735 3085 2811 δυναμένῳ
3136 2739 3437 2814 ὁραθίναι·
3494 2738 3585 2793 καὶ
3642 2736 3779 2792 ἀδύ-

2113 2851 2268 2883 νατον
2324 2828 2415 2883 τὸν
2473 2832 2541 2893 τῇ
2595 2827 2747 2905 φύσει
2797 2827 2974 2897 ἀπαθῆ
3030 2829 3218 2882 παθεῖν
3269 2826 3357 2882 καὶ
3408 2847 3773 2899 συναναστρα-

2116 2923 2277 2994 φῆναι
2308 2916 2639 2992 ἀνθρώποις,
2694 2917 2770 2989 μὴ
2814 2917 3075 2980 ἑνωθέντα
3125 2917 3336 2989 σώματι
3389 2915 3655 2991 ἐμψύχῳ,
3696 2921 3781 2987 τῷ

2114 3002 2394 3080 δυναμένῳ
2442 3009 2629 3070 παθεῖν
2684 3005 2944 3067 ἑκουσίως
2993 3005 3084 3060 καὶ
3141 3008 3637 3082 συναναστραφῆναι
3686 3005 3783 3058 ἀν-

354 3098 471 3168 pati
506 3100 565 3151 et
599 3112 713 3149 una
746 3110 877 3150 cum
913 3094 1261 3149 hominibus
1291 3094 1506 3149 versari
1540 3094 1745 3165 possit.
1772 3092 2006 3148 Anima-

2124 3094 2381 3171 θρώποις.
2431 3098 2601 3167 Σῶμα
2652 3091 2708 3148 δὲ
2753 3090 3001 3169 ἔμψυχον
3032 3137 3046 3162 ,
3077 3095 3262 3169 ψυχὴν
3309 3092 3461 3169 ἔχον,
3514 3091 3775 3169 ἔμψυχόν

352 3190 479 3239 tum
504 3188 697 3239 autem
724 3199 1015 3254 corpuseo
1039 3182 1165 3254 ipso
1189 3184 1339 3253 quod
1369 3182 1563 3237 anima
1586 3182 2006 3253 sitprznditum,

2124 3155 2249 3256 ἐστι,
2282 3155 2376 3237 κᾶν
2410 3155 2591 3257 θέλῖξς,
2641 3181 2739 3237 κᾶν
2784 3155 2872 3256 pi",
3157 3155 3393 3238 ἔλπολλ.
3447 3155 3781 3256 ῖΑνθίοωπος

358 3271 683 3329 animatum
710 3277 818 3337 est,
852 3271 1583 3342 velis.nolis.Apoll.IIomo
1615 3271 1793 3343 igitur
1814 3271 2008 3325 nudus

359 3377 601 3433 passum
636 3364 723 3414 est
754 3376 857 3431 pro
890 3360 1079 3414 nobis.
1116 3360 1266 3415 0rllz.
1305 3360 1501 3416 Absit!
1539 3362 1647 3415 Sed
1699 3366 1847 3415 Deus
1875 3376 2009 3415 cum

361 3448 536 3505 vellet
580 3449 862 3519 conspici,
907 3448 1093 3503 univit
1137 3448 1246 3503 sibi
1297 3466 1509 3519 corpus
1568 3450 1719 3520 quod
1754 3446 2012 3520 conspici

366 3542 563 3611 posset
599 3554 611 3592 :
646 3541 702 3591 et
737 3536 853 3608 pati
886 3535 1105 3603 volens,
1156 3537 1343 3591 univit
1395 3537 1505 3591 sibi
1556 3554 1764 3608 corpus
1794 3536 2014 3593 anima-

363 3631 493 3682 tum
526 3626 680 3696 quod
714 3628 924 3696 sponte
957 3625 1075 3696 pati
1108 3612 1332 3697 posset,
1368 3641 1551 3695 neque
1585 3627 1737 3697 quod
1774 3626 2009 3697 quidem

364 3717 529 3788 prius
556 3713 861 3779 exstiterit,
894 3718 1091 3785 postea
1121 3730 1256 3770 vero
1286 3715 1499 3769 virtute
1532 3715 1761 3769 unitum
1798 3714 1967 3770 fuerit
1997 3732 2009 3770 :

363 3821 549 3877 neque
583 3802 927 3876 simpliciter
953 3820 1023 3857 ex
1048 3802 1285 3857 homine
1320 3802 1523 3873 Maria,
1567 3804 1664 3858 sed
1701 3803 1828 3875 ipsa
1852 3802 2015 3875 prius

363 3895 824 3963 sanctificata,ut
854 3894 1007 3949 Deus
1028 3893 1282 3948 Verbum
1317 3894 1687 3964 desumptam
1720 3911 1786 3948 ex
1817 3912 1882 3948 ea
1907 3893 2012 3948 bu-

364 3984 865 4050 manitatem,tum
899 3982 1135 4037 demum
1170 3981 1617 4054 participans,et
1643 3981 1752 4038 sibi
1780 3981 1888 4053 ipsi
1917 3999 2017 4054 per

366 4071 749 4128 ceconomiam
776 4070 987 4125 uniens
1011 4086 1222 4140 corpus
1253 4069 1763 4138 animatum,unus
1785 4077 1839 4126 et
1860 4072 2015 4126 idem

368 4166 527 4216 esset
557 4162 778 4215 Deuset
807 4159 1004 4214 homo.
1040 4159 1213 4230 Apoll.
1240 4158 1782 4214 Nonneanimatum
1808 4177 2016 4232 corpus

367 4250 544 4305 homo
575 4252 665 4305 est
700 4250 721 4302 Ρ
752 4247 1036 4305 0rlh.Non
1070 4248 1316 4319 quodvis
1345 4247 1670 4303 animatum
1703 4266 1915 4321 corpus
1931 4254 2021 4305 est

368 4338 566 4402 homo,
600 4338 701 4391 sed
734 4335 1061 4391 humanum
1095 4352 1307 4407 corpus
1338 4336 1664 4392 animatum
1698 4343 1788 4393 est
1821 4337 2015 4394 homo.

371 4426 739 4497 Apoll.Homo
772 4426 879 4479 iste
909 4441 1101 4480 annos
1125 4428 1215 4480 est
1245 4425 1418 4480 Jesus
1445 4428 1467 4480 Ρ
1496 4425 1867 4482 Orth.Unitus
1891 4427 2022 4483 Ver-

371 4517 465 4570 bo.
500 4514 690 4586 Appoll
742 4514 916 4568 Jesus
949 4513 1127 4585 igitur
1156 4531 1348 4569 annon
1384 4520 1473 4569 est
1526 4514 1743 4571 homo?
1775 4515 1925 4572 Orlh.
1949 4516 2012 4571 Nl

2138 4519 2374 4577 Ἀπολλ.
2435 4520 2550 4577 Οὐκ
2607 4517 2748 4575 ἔστιν
2805 4518 2895 4575 οῦν
2960 4518 3166 4591 Ἰησοῦς
3226 4520 3507 4593 ἅνθρωπος

371 4604 676 4659 hominem
709 4602 945 4673 quidem
983 4603 1175 4675 ipsum
1213 4603 1433 4674 absque
1464 4602 1649 4658 Verbo
1691 4606 2027 4662 substitisse

382 4708 659 4765 agnosco.
698 4692 882 4762 Ipsius
915 4692 1069 4745 enim
1103 4692 1479 4746 existentiam
1510 4691 1566 4746 in
1610 4694 1734 4765 ipsa
1770 4694 2029 4752 unitione

373 4779 549 4835 Verbi
584 4780 847 4851 designo.
884 4779 1066 4850 Apoll.
1100 4780 1221 4835 Non
1259 4780 1365 4835 fuit
1395 4779 1575 4851 igitur
1628 4782 1872 4837 Verbum
1908 4784 2030 4840 vice

378 4870 561 4941 partis
595 4867 900 4924 rationalis
933 4872 954 4923 Ρ
983 4869 1135 4924 ΟνίΙι.
1171 4869 1316 4934 Non,
1352 4870 1450 4925 sed
1487 4870 1541 4924 in
1577 4878 1739 4942 parte
1762 4872 2029 4928 rationali

375 4957 485 5012 fuit
515 4956 911 5022 Verbum,sibi
950 4958 1058 5029 ipsi
1086 4975 1188 5029 per
1221 4958 1380 5012 illam
1408 4959 1615 5013 uniens
1649 4966 2030 5031 spontaneum

379 5045 637 5119 patiendi
686 5045 1043 5101 facultatem.
1098 5046 1273 5118 Apoll.
1327 5047 1535 5102 Habuit
1567 5048 1746 5120 igitur
1777 5056 2032 5107 mentem

378 5134 636 5191 hominis
669 5133 940 5190 Christus
974 5138 995 5190 Ρ
1025 5135 1178 5191 Orth.
1212 5135 1357 5191 Cave
1399 5136 1484 5191 sic
1529 5137 1690 5193 dicas
1737 5137 2033 5196 Christum

451 5314 671 5372 “Joan.
694 5330 751 5385 χ,
787 5314 875 5369 18.
952 5313 995 5349 ⁶⁷
1019 5313 1270 5369 Barucb.
1304 5330 1389 5384 ni,
1421 5314 1511 5370 38.

462 5512 576 5584 (60)
608 5510 817 5591 Palat,
847 5507 939 5572 Τίς
968 5470 1058 5564 ουν
1092 5506 1120 5564 ὁ
1151 5505 1265 5584 λεγ.
1296 5509 1470 5567 Paulo
1516 5514 1649 5584 post
1676 5510 1859 5585 idem,
1895 5512 2037 5591 λαμ-

393 5575 569 5639 ϐάνειν
598 5581 764 5655 αὑτήν
778 5624 790 5640 .

2120 3271 2209 3328 οῦν
2270 3272 2432 3347 ψιλὸς
2491 3276 2607 3346 (61)
2665 3270 2853 3337 ἔπαθεν
2919 3273 3047 3346 ὑπὲρ
3348 3274 3497 3346 Ὀρθ.
3550 3273 3640 3339 Μή
3694 3274 3784 3348 γε·

2118 3363 2305 3418 vet-.0!
2341 3360 2517 3417 Ἀλλά
2547 3362 2696 3430 Θεὸς,
2734 3359 3024 3437 βουληθεὶς
3059 3361 3315 3439 ὀφθῆναι,
3347 3362 3552 3429 ἥνωσεν
3602 3361 3783 3433 ἑαυτῷ

2121 3456 2280 3523 σῶμα
2323 3451 2385 3504 τὸ
2444 3447 2735 3522 δυνάμενον
2788 3448 3040 3524 ὀφθῆναι*
3075 3450 3163 3503 καὶ
3219 3448 3506 3525 βουληθεὶς
3559 3455 3777 3521 παθεῖν,

2120 3540 2326 3609 ἥνωσεν
2360 3540 2534 3611 ἑαυτῷ
2592 3544 2749 3611 σῶμα
2805 3537 3055 3614 ἔμψυχον
3114 3540 3176 3593 τὸ
3237 3536 3530 3610 δυνάμενον
3580 3544 3777 3601 παθεῖν

2123 3628 2407 3700 ἑκουσίως,
2458 3628 2520 3682 οὐ
2560 3627 2825 3704 πρότερον
2874 3628 3130 3700 ὑπάρξαν,
3176 3628 3263 3682 ναὶ
3313 3626 3437 3682 τότε
3478 3629 3592 3681 κατ’
3644 3629 3776 3701 ἀρε-

2120 3719 2219 3787 τὴν
2267 3718 2457 3772 ἑνωθέν
2537 3715 2658 3771 οὔτε
2714 3716 2765 3787 ἐξ
2823 3716 3107 3792 ἀνθρώπου
3159 3716 3349 3779 ἁπλῶς
3396 3724 3493 3785 τῆς
3538 3716 3775 3790 Μαρίας,

2122 3806 2268 3862 ἀλλὰ
2324 3805 2587 3883 πρότερον
2629 3806 2796 3874 αὐτῆς
2847 3806 3224 3882 ἀγιασθείσης,
3270 3808 3359 3861 καὶ
3406 3805 3528 3860 τότε
3578 3809 3629 3875 ἐξ
3684 3807 3781 3859 αὐο

2122 3903 2221 3965 τῆς
2257 3897 2621 3971 μετασχόντος
2651 3899 2745 3950 τοῦ
2796 3899 2928 3949 Θεοῦ
2973 3896 3149 3971 Λόγου
3178 3897 3276 3964 τῆς
3327 3894 3783 3970 ἀνθρωπὸτητος,

2123 3985 2211 4040 καὶ
2247 3984 2540 4046 ἐνώσιντος
2572 3985 2744 4056 ἑαυτῷ
2787 3990 2900 4038 κατ’
2949 3983 3262 4057 οἰκονομίαν
3312 3983 3563 4059 ἔμψυχον
3599 3988 3786 4056 σῶμα,

2126 4074 2198 4136 ὡς
2257 4073 2387 4128 εἶναι
2435 4069 2528 4127 ἕνα
2569 4074 2661 4127 τὸν
2706 4073 2865 4127 αὐτὸν
2903 4073 3030 4128 Θεὸν
3061 4073 3150 4128 καὶ
3196 4073 3503 4147 ἄνθρωπον.
3539 4070 3784 4129 Ἀπολλ.

2124 4164 2195 4217 Τὸ
2228 4160 2474 4238 ἔμψυχον
2509 4167 2670 4235 σῶμα
2702 4159 2985 4237 ἄνθρωπός
3018 4160 3156 4217 ἐστιν
3194 4182 3207 4232 ;
3245 4162 3392 4237 Ὀρθ.
3428 4161 3555 4236 Οὐχ
3597 4160 3795 4223 ἁπλῶς

2123 4252 2188 4308 τὸ
2220 4248 2468 4328 ἔμψυχον
2520 4257 2679 4324 σῶμα
2730 4251 3014 4326 ἄνθρωπός
3062 4249 3219 4323 ἐστιν,
3275 4249 3422 4306 ἀλλὰ
3469 4251 3531 4305 τὸ
3583 4252 3797 4327 ἀνθρὼ-

2127 4363 2281 4398 πινον
2336 4347 2497 4415 σῶμα
2544 4340 2791 4418 ἔμψυχον
2841 4341 3121 4419 ἄνθρωπός
3170 4341 3333 4397 ἐστιν,
3387 4339 3622 4398 Ἀπολλ.
3666 4346 3795 4397 ’Ἂν-

2134 4443 2350 4505 θρωπος
2402 4432 2558 4493 οὗτος
2608 4433 2817 4500 Ἰησοῦς
2870 4429 3009 4486 ἐστιν
3045 4450 3060 4500 ',
3102 4433 3249 4507 Ὀρθ.
3300 4430 3548 4491 Ἑνωθεῗς
3603 4430 3792 4503 Λόγῳ.

3568 4538 3583 4585 ;
3642 4519 3796 4590 Ὀ,;θ.

2137 4611 2291 4665 ’Λνευ
2321 4614 2417 4664 τοῦ
2448 4609 2623 4686 Λόγου
2655 4607 2778 4664 οῦτε
2807 4608 3089 4685 ἄνθρωπον
3114 4609 3273 4664 αὐτὸν
3308 4606 3430 4663 οἶδα
3463 4609 3796 4665 ὑποστάντα.

2138 4699 2253 4766 Τὴν
2284 4698 2384 4774 γὰρ
2417 4697 2637 4771 ὕπαρξιν
2674 4699 2838 4753 αὐτοῦ
2887 4697 2936 4754 ἐν
2982 4702 3051 4772 τῇ
3099 4698 3285 4753 ἑνώσει
3326 4702 3421 4753 τοῦ
3452 4698 3635 4772 Λόγου
3665 4720 3803 4773 γνω-

2142 4788 2296 4861 ρίζω.
2330 4786 2568 4844 ’Δπολὶη
2597 4787 2710 4843 Οὐκ
2741 4786 2831 4842 οῦν
2864 4787 2978 4842 ἀντὶ
3027 4792 3123 4842 τοῦ
3176 4786 3407 4862 λογικοῦ
3437 4786 3503 4861 ᾖν
3538 4788 3566 4840 6
3600 4787 3801 4859 Λόγος,

2144 4877 2293 4953 Ὀρθ.
2354 4873 2451 4933 Οὕ⁹
2511 4874 2637 4931 ἀλλ’
2692 4876 2742 4929 ἐν
2799 4882 2876 4949 τῷ
2937 4875 3143 4951 λογικῷ
3193 4876 3257 4949 ᾖν
3289 4877 3317 4929 ὁ
3351 4875 3545 4949 Λόγος,
3596 4876 3803 4935 ἓνώσας

2144 4965 2302 5027 αὐτὸς
2359 4967 2531 5038 ἑαυτῷ
2589 4962 2677 5019 διὰ
2733 4969 2828 5019 τοῦ
2893 4963 3116 5039 λογικοῦ
3175 4965 3238 5019 τὸ
3295 4965 3543 5019 ἑκούσιον
3606 4965 3801 5023 πάθος.

2146 5056 2380 5111 ’Δπολλ.
2414 5060 2551 5111 Νοῦν
2604 5056 2894 5131 ἀνθρώπου
2945 5055 3089 5130 εἶχεν
3124 5057 3151 5110 6
3203 5052 3441 5131 Χριστός
3476 5074 3490 5124 ;
3523 5055 3675 5127 Ὀρθ.
3717 5052 3805 5121 Μὴ

2147 5143 2290 5222 λὲγε,
2325 5147 2352 5201 ὁ
2384 5147 2643 5216 Χριστὸς,
2697 5141 2939 5221 διαιρῶν,
2962 5148 3086 5199 νοῦν
3136 5144 3300 5220 είὲχε.
3332 5145 3404 5198 Τὸ
3451 5144 3556 5219 γὰρ
3591 5163 3798 5214 συναμ-

2220 5522 2333 5595 (61)
2364 5516 2548 5583 Ψιλός
2576 5520 2743 5577 deest
2772 5520 2833 5575 in
2861 5492 3006 5577 mss.

3548 6120 4079 6147 ‘51——
