  <div class='ocr_page' id='page_1' title='image "/cluster/home/n/w/nwhite01/storage/ocr_20150623/28/hvd.32044052794351/632.png"; bbox 0 0 2046 3109; ppageno 0'>
   <div class='ocr_carea' id='block_1_1' title="bbox 170 142 248 175">
    <p class='ocr_par' dir='ltr' id='par_1_1' title="bbox 170 142 248 175">
     <span class='ocr_line' id='line_1_1' title="bbox 170 142 248 175; baseline 0 0"><span class='ocrx_word' id='word_1_1' title='bbox 170 142 248 175; x_wconf 70' lang='grc'><strong>1353</strong></span> 
     </span>
    </p>
   </div>
   <div class='ocr_carea' id='block_1_2' title="bbox 648 141 1398 176">
    <p class='ocr_par' dir='ltr' id='par_1_2' title="bbox 648 141 1398 176">
     <span class='ocr_line' id='line_1_2' title="bbox 648 141 1398 176; baseline 0.003 -2"><span class='ocrx_word' id='word_1_2' title='bbox 648 141 700 174; x_wconf 86' lang='lat' dir='ltr'><strong>DE</strong></span> <span class='ocrx_word' id='word_1_3' title='bbox 722 141 875 175; x_wconf 81' lang='lat' dir='ltr'><strong>SANCTA</strong></span> <span class='ocrx_word' id='word_1_4' title='bbox 898 142 1109 175; x_wconf 83' lang='lat' dir='ltr'><strong>TRINI&#39;I‘A&#39;I‘E</strong></span> <span class='ocrx_word' id='word_1_5' title='bbox 1132 143 1325 176; x_wconf 83' lang='lat' dir='ltr'><strong>DlALOGUS</strong></span> <span class='ocrx_word' id='word_1_6' title='bbox 1348 142 1398 176; x_wconf 80' lang='grc' dir='ltr'>ιν.</span> 
     </span>
    </p>
   </div>
   <div class='ocr_carea' id='block_1_3' title="bbox 1798 149 1875 181">
    <p class='ocr_par' dir='ltr' id='par_1_3' title="bbox 1798 149 1875 181">
     <span class='ocr_line' id='line_1_3' title="bbox 1798 149 1875 181; baseline 0 0"><span class='ocrx_word' id='word_1_7' title='bbox 1798 149 1875 181; x_wconf 74' lang='grc'><strong>1254</strong></span> 
     </span>
    </p>
   </div>
   <div class='ocr_carea' id='block_1_4' title="bbox 168 205 994 251">
    <p class='ocr_par' dir='ltr' id='par_1_4' title="bbox 168 205 994 248">
     <span class='ocr_line' id='line_1_4' title="bbox 168 205 994 248; baseline -0.004 -10"><span class='ocrx_word' id='word_1_8' title='bbox 168 210 294 248; x_wconf 77' lang='grc' dir='ltr'>φότερον,</span> <span class='ocrx_word' id='word_1_9' title='bbox 321 212 391 240; x_wconf 81' lang='grc' dir='ltr'>Νοῦς</span> <span class='ocrx_word' id='word_1_10' title='bbox 413 210 457 237; x_wconf 71' lang='grc' dir='ltr'><strong>καὶ</strong></span> <span class='ocrx_word' id='word_1_11' title='bbox 483 205 577 247; x_wconf 82' lang='grc' dir='ltr'>Λὸγος,</span> <span class='ocrx_word' id='word_1_12' title='bbox 603 207 708 246; x_wconf 69' lang='grc' dir='ltr'>λέγεται</span> <span class='ocrx_word' id='word_1_13' title='bbox 728 209 742 236; x_wconf 88' lang='grc' dir='ltr'><strong>ὁ</strong></span> <span class='ocrx_word' id='word_1_14' title='bbox 767 209 892 247; x_wconf 79' lang='grc' dir='ltr'>Χριστός.</span> <span class='ocrx_word' id='word_1_15' title='bbox 916 208 994 237; x_wconf 68' lang='grc' dir='ltr'>Οὕτω</span> 
     </span>
    </p>
   </div>
   <div class='ocr_carea' id='block_1_5' title="bbox 1050 205 1874 251">
    <p class='ocr_par' dir='ltr' id='par_1_5' title="bbox 1053 210 1874 251">
     <span class='ocr_line' id='line_1_5' title="bbox 1053 210 1874 251; baseline 0.009 -14"><span class='ocrx_word' id='word_1_16' title='bbox 1053 210 1192 238; x_wconf 85' lang='lat' dir='ltr'><strong>habuisse</strong></span> <span class='ocrx_word' id='word_1_17' title='bbox 1207 213 1345 246; x_wconf 83' lang='lat' dir='ltr'><strong>mentem,</strong></span> <span class='ocrx_word' id='word_1_18' title='bbox 1359 214 1391 238; x_wconf 90' lang='lat' dir='ltr'><strong>ut</strong></span> <span class='ocrx_word' id='word_1_19' title='bbox 1403 219 1468 239; x_wconf 86' lang='lat' dir='ltr'><strong>eum</strong></span> <span class='ocrx_word' id='word_1_20' title='bbox 1487 212 1610 241; x_wconf 81' lang='lat' dir='ltr'><strong>dividas.</strong></span> <span class='ocrx_word' id='word_1_21' title='bbox 1623 212 1785 251; x_wconf 81' lang='lat' dir='ltr'><strong>Utrumque</strong></span> <span class='ocrx_word' id='word_1_22' title='bbox 1795 216 1874 244; x_wconf 84' lang='lat' dir='ltr'><strong>enim</strong></span> 
     </span>
    </p>
   </div>
   <div class='ocr_carea' id='block_1_6' title="bbox 167 252 992 293">
    <p class='ocr_par' dir='ltr' id='par_1_6' title="bbox 167 252 992 293">
     <span class='ocr_line' id='line_1_6' title="bbox 167 252 992 293; baseline -0.002 -11"><span class='ocrx_word' id='word_1_23' title='bbox 167 254 195 283; x_wconf 77' lang='grc' dir='ltr'><strong>δὲ</strong></span> <span class='ocrx_word' id='word_1_24' title='bbox 209 257 272 282; x_wconf 81' lang='grc' dir='ltr'>νοῦν</span> <span class='ocrx_word' id='word_1_25' title='bbox 289 254 457 293; x_wconf 75' lang='grc' dir='ltr'>ἀνθρώπινον</span> <span class='ocrx_word' id='word_1_26' title='bbox 473 253 545 292; x_wconf 71' lang='grc' dir='ltr'>λέγω</span> <span class='ocrx_word' id='word_1_27' title='bbox 560 254 585 281; x_wconf 80' lang='grc' dir='ltr'>ἒν</span> <span class='ocrx_word' id='word_1_28' title='bbox 602 254 626 290; x_wconf 82' lang='grc' dir='ltr'>ᾧ</span> <span class='ocrx_word' id='word_1_29' title='bbox 640 255 673 288; x_wconf 80' lang='grc' dir='ltr'>ἧν</span> <span class='ocrx_word' id='word_1_30' title='bbox 689 254 703 281; x_wconf 82' lang='grc' dir='ltr'><strong>ὁ</strong></span> <span class='ocrx_word' id='word_1_31' title='bbox 721 253 818 291; x_wconf 84' lang='grc' dir='ltr'>Λόγος,</span> <span class='ocrx_word' id='word_1_32' title='bbox 844 253 880 284; x_wconf 87' lang='grc' dir='ltr'>ὡς</span> <span class='ocrx_word' id='word_1_33' title='bbox 905 252 930 280; x_wconf 82' lang='grc' dir='ltr'>ἐν</span> <span class='ocrx_word' id='word_1_34' title='bbox 956 255 992 290; x_wconf 82' lang='grc' dir='ltr'><strong>τῇ</strong></span> 
     </span>
    </p>
   </div>
   <div class='ocr_carea' id='block_1_7' title="bbox 169 297 994 337">
    <p class='ocr_par' dir='ltr' id='par_1_7' title="bbox 169 297 994 337">
     <span class='ocr_line' id='line_1_7' title="bbox 169 297 994 337; baseline -0.002 -10"><span class='ocrx_word' id='word_1_35' title='bbox 169 300 243 337; x_wconf 80' lang='grc' dir='ltr'>ἀρχῇ</span> <span class='ocrx_word' id='word_1_36' title='bbox 258 301 307 327; x_wconf 85' lang='grc' dir='ltr'>τοῦ</span> <span class='ocrx_word' id='word_1_37' title='bbox 323 298 410 337; x_wconf 88' lang='grc' dir='ltr'>λόγου</span> <span class='ocrx_word' id='word_1_38' title='bbox 430 298 542 335; x_wconf 71' lang='grc' dir='ltr'>εἴπομεν</span> <span class='ocrx_word' id='word_1_39' title='bbox 567 300 647 335; x_wconf 72' lang='grc' dir='ltr'>σῶμα</span> <span class='ocrx_word' id='word_1_40' title='bbox 662 297 830 335; x_wconf 83' lang='grc' dir='ltr'>ἀνθρώπινον</span> <span class='ocrx_word' id='word_1_41' title='bbox 855 299 890 334; x_wconf 77' lang='grc' dir='ltr'><strong>τῇ</strong></span> <span class='ocrx_word' id='word_1_42' title='bbox 906 297 994 337; x_wconf 66' lang='grc' dir='ltr'>φύσει,</span> 
     </span>
    </p>
   </div>
   <div class='ocr_carea' id='block_1_8' title="bbox 165 342 994 382">
    <p class='ocr_par' dir='ltr' id='par_1_8' title="bbox 165 342 994 382">
     <span class='ocr_line' id='line_1_8' title="bbox 165 342 994 382; baseline -0.002 -11"><span class='ocrx_word' id='word_1_43' title='bbox 165 345 200 382; x_wconf 78' lang='grc' dir='ltr'><strong>τῇ</strong></span> <span class='ocrx_word' id='word_1_44' title='bbox 227 342 256 371; x_wconf 68' lang='grc' dir='ltr'><strong>δὲ</strong></span> <span class='ocrx_word' id='word_1_45' title='bbox 271 342 417 381; x_wconf 69' lang='grc' dir='ltr'>οἶκονομίᾳ</span> <span class='ocrx_word' id='word_1_46' title='bbox 431 345 508 371; x_wconf 80' lang='grc' dir='ltr'>Θεοῦ.</span> <span class='ocrx_word' id='word_1_47' title='bbox 526 342 604 371; x_wconf 68' lang='grc' dir='ltr'>Οὕτω</span> <span class='ocrx_word' id='word_1_48' title='bbox 627 342 671 370; x_wconf 82' lang='grc' dir='ltr'><strong>καὶ</strong></span> <span class='ocrx_word' id='word_1_49' title='bbox 692 343 786 380; x_wconf 74' lang='grc' dir='ltr'>ψυχὴν</span> <span class='ocrx_word' id='word_1_50' title='bbox 805 344 839 379; x_wconf 82' lang='grc' dir='ltr'><strong>τῇ</strong></span> <span class='ocrx_word' id='word_1_51' title='bbox 855 342 932 381; x_wconf 75' lang='grc' dir='ltr'>φύσει</span> <span class='ocrx_word' id='word_1_52' title='bbox 948 342 994 370; x_wconf 71' lang='grc' dir='ltr'><strong>ἀνα</strong></span> 
     </span>
    </p>
   </div>
   <div class='ocr_carea' id='block_1_9' title="bbox 167 386 994 427">
    <p class='ocr_par' dir='ltr' id='par_1_9' title="bbox 167 386 994 427">
     <span class='ocr_line' id='line_1_9' title="bbox 167 386 994 427; baseline -0.002 -11"><span class='ocrx_word' id='word_1_53' title='bbox 167 388 306 427; x_wconf 84' lang='grc' dir='ltr'>θρωπίνην</span> <span class='ocrx_word' id='word_1_54' title='bbox 322 390 390 425; x_wconf 79' lang='lat'><strong>(62),</strong></span> <span class='ocrx_word' id='word_1_55' title='bbox 419 390 453 425; x_wconf 81' lang='grc' dir='ltr'><strong>τῇ</strong></span> <span class='ocrx_word' id='word_1_56' title='bbox 478 386 507 415; x_wconf 68' lang='grc' dir='ltr'><strong>δὲ</strong></span> <span class='ocrx_word' id='word_1_57' title='bbox 530 386 675 424; x_wconf 72' lang='grc' dir='ltr'>οἰκονομίᾳ</span> <span class='ocrx_word' id='word_1_58' title='bbox 700 389 776 415; x_wconf 89' lang='grc' dir='ltr'>Θεοῦ·</span> <span class='ocrx_word' id='word_1_59' title='bbox 802 386 846 414; x_wconf 84' lang='grc' dir='ltr'><strong>καὶ</strong></span> <span class='ocrx_word' id='word_1_60' title='bbox 871 389 933 414; x_wconf 88' lang='grc' dir='ltr'>νοῦν</span> <span class='ocrx_word' id='word_1_61' title='bbox 949 388 994 415; x_wconf 84' lang='grc' dir='ltr'><strong>ἀν-</strong></span> 
     </span>
    </p>
   </div>
   <div class='ocr_carea' id='block_1_10' title="bbox 166 431 993 472">
    <p class='ocr_par' dir='ltr' id='par_1_10' title="bbox 166 431 993 472">
     <span class='ocr_line' id='line_1_10' title="bbox 166 431 993 472; baseline -0.002 -11"><span class='ocrx_word' id='word_1_62' title='bbox 166 434 301 472; x_wconf 85' lang='grc' dir='ltr'>θρωπινον</span> <span class='ocrx_word' id='word_1_63' title='bbox 321 435 356 465; x_wconf 80' lang='grc' dir='ltr'><strong>τῆ</strong></span> <span class='ocrx_word' id='word_1_64' title='bbox 379 432 467 471; x_wconf 71' lang='grc' dir='ltr'>φύσει,</span> <span class='ocrx_word' id='word_1_65' title='bbox 489 434 523 468; x_wconf 86' lang='grc' dir='ltr'><strong>τῇ</strong></span> <span class='ocrx_word' id='word_1_66' title='bbox 540 431 569 459; x_wconf 66' lang='grc' dir='ltr'><strong>δὲ</strong></span> <span class='ocrx_word' id='word_1_67' title='bbox 584 431 726 469; x_wconf 76' lang='grc' dir='ltr'>οἰκονομίᾳ</span> <span class='ocrx_word' id='word_1_68' title='bbox 741 431 817 459; x_wconf 81' lang='grc' dir='ltr'>Θεοῦ.</span> <span class='ocrx_word' id='word_1_69' title='bbox 836 432 886 460; x_wconf 74' lang='grc' dir='ltr'>Καὶ</span> <span class='ocrx_word' id='word_1_70' title='bbox 903 431 993 470; x_wconf 83' lang='grc' dir='ltr'>ὥσπερ</span> 
     </span>
    </p>
   </div>
   <div class='ocr_carea' id='block_1_11' title="bbox 165 474 993 516">
    <p class='ocr_par' dir='ltr' id='par_1_11' title="bbox 165 474 993 516">
     <span class='ocr_line' id='line_1_11' title="bbox 165 474 993 516; baseline -0.002 -11"><span class='ocrx_word' id='word_1_71' title='bbox 165 479 183 513; x_wconf 79' lang='grc' dir='ltr'>ὴ</span> <span class='ocrx_word' id='word_1_72' title='bbox 210 478 273 515; x_wconf 76' lang='grc' dir='ltr'>σὰρξ</span> <span class='ocrx_word' id='word_1_73' title='bbox 303 476 385 505; x_wconf 75' lang='grc' dir='ltr'>αὐτοῦ</span> <span class='ocrx_word' id='word_1_74' title='bbox 414 477 463 504; x_wconf 84' lang='grc' dir='ltr'>οὐκ</span> <span class='ocrx_word' id='word_1_75' title='bbox 505 475 558 504; x_wconf 75' lang='grc' dir='ltr'>εἶδε</span> <span class='ocrx_word' id='word_1_76' title='bbox 587 476 745 516; x_wconf 75' lang='grc' dir='ltr'>διαφθορὰν,</span> <span class='ocrx_word' id='word_1_77' title='bbox 776 475 862 507; x_wconf 78' lang='grc' dir='ltr'>οὕτως</span> <span class='ocrx_word' id='word_1_78' title='bbox 889 474 951 503; x_wconf 71' lang='grc' dir='ltr'><strong>οὐδὲ</strong></span> <span class='ocrx_word' id='word_1_79' title='bbox 979 477 993 504; x_wconf 82' lang='grc' dir='ltr'>ὁ</span> 
     </span>
    </p>
   </div>
   <div class='ocr_carea' id='block_1_12' title="bbox 164 518 991 559">
    <p class='ocr_par' dir='ltr' id='par_1_12' title="bbox 164 518 991 559">
     <span class='ocr_line' id='line_1_12' title="bbox 164 518 991 559; baseline -0.002 -9"><span class='ocrx_word' id='word_1_80' title='bbox 164 525 226 554; x_wconf 80' lang='grc' dir='ltr'>νοῦς</span> <span class='ocrx_word' id='word_1_81' title='bbox 256 522 338 549; x_wconf 76' lang='grc' dir='ltr'>αὐτοῦ</span> <span class='ocrx_word' id='word_1_82' title='bbox 367 521 493 557; x_wconf 73' lang='grc' dir='ltr'>ἐποίησεν</span> <span class='ocrx_word' id='word_1_83' title='bbox 519 521 663 559; x_wconf 84' lang='grc' dir='ltr'>ἁμαρτίαν.</span> <span class='ocrx_word' id='word_1_84' title='bbox 693 521 742 548; x_wconf 85' lang='grc' dir='ltr'>Καὶ</span> <span class='ocrx_word' id='word_1_85' title='bbox 767 518 858 558; x_wconf 74' lang='grc' dir='ltr'>ὥσπερ</span> <span class='ocrx_word' id='word_1_86' title='bbox 888 521 991 557; x_wconf 79' lang='grc' dir='ltr'>ἀνάγκη</span> 
     </span>
    </p>
   </div>
   <div class='ocr_carea' id='block_1_13' title="bbox 163 564 992 606">
    <p class='ocr_par' dir='ltr' id='par_1_13' title="bbox 163 564 992 606">
     <span class='ocr_line' id='line_1_13' title="bbox 163 564 992 606; baseline -0.004 -11"><span class='ocrx_word' id='word_1_87' title='bbox 163 568 245 603; x_wconf 79' lang='grc' dir='ltr'><strong>τὸτῇ</strong></span> <span class='ocrx_word' id='word_1_88' title='bbox 272 566 348 606; x_wconf 76' lang='grc' dir='ltr'>φύσει</span> <span class='ocrx_word' id='word_1_89' title='bbox 378 567 548 605; x_wconf 81' lang='grc' dir='ltr'>ἀνθρώπινον</span> <span class='ocrx_word' id='word_1_90' title='bbox 577 568 667 602; x_wconf 81' lang='grc' dir='ltr'>σῶμα,</span> <span class='ocrx_word' id='word_1_91' title='bbox 697 565 742 593; x_wconf 70' lang='grc' dir='ltr'><strong>καὶ</strong></span> <span class='ocrx_word' id='word_1_92' title='bbox 771 565 802 593; x_wconf 80' lang='grc' dir='ltr'>ἐκ</span> <span class='ocrx_word' id='word_1_93' title='bbox 823 567 872 592; x_wconf 85' lang='grc' dir='ltr'>τοῦ</span> <span class='ocrx_word' id='word_1_94' title='bbox 894 564 992 602; x_wconf 70' lang='grc' dir='ltr'>Ἀδὰμ,</span> 
     </span>
    </p>
   </div>
   <div class='ocr_carea' id='block_1_14' title="bbox 165 608 993 650">
    <p class='ocr_par' dir='ltr' id='par_1_14' title="bbox 165 608 993 650">
     <span class='ocr_line' id='line_1_14' title="bbox 165 608 993 650; baseline -0.004 -10"><span class='ocrx_word' id='word_1_95' title='bbox 165 612 195 640; x_wconf 71' lang='grc' dir='ltr'>ἐκ</span> <span class='ocrx_word' id='word_1_96' title='bbox 224 611 322 650; x_wconf 78' lang='grc' dir='ltr'>σαρκὸς</span> <span class='ocrx_word' id='word_1_97' title='bbox 348 611 392 639; x_wconf 70' lang='grc' dir='ltr'><strong>καὶ</strong></span> <span class='ocrx_word' id='word_1_98' title='bbox 422 609 538 647; x_wconf 84' lang='grc' dir='ltr'>α’ίματος</span> <span class='ocrx_word' id='word_1_99' title='bbox 571 608 644 648; x_wconf 75' lang='grc' dir='ltr'>ἔχειν</span> <span class='ocrx_word' id='word_1_100' title='bbox 672 610 721 644; x_wconf 76' lang='grc' dir='ltr'>τήν</span> <span class='ocrx_word' id='word_1_101' title='bbox 741 609 876 637; x_wconf 85' lang='grc' dir='ltr'>σύστασιν·</span> <span class='ocrx_word' id='word_1_102' title='bbox 906 609 993 641; x_wconf 74' lang='grc' dir='ltr'>οὕτως</span> 
     </span>
    </p>
   </div>
   <div class='ocr_carea' id='block_1_15' title="bbox 161 653 992 693">
    <p class='ocr_par' dir='ltr' id='par_1_15' title="bbox 161 653 992 693">
     <span class='ocr_line' id='line_1_15' title="bbox 161 653 992 693; baseline -0.002 -10"><span class='ocrx_word' id='word_1_103' title='bbox 161 656 265 693; x_wconf 73' lang='grc' dir='ltr'>ἀνάγκη</span> <span class='ocrx_word' id='word_1_104' title='bbox 294 655 344 690; x_wconf 78' lang='grc' dir='ltr'><strong>τὴν</strong></span> <span class='ocrx_word' id='word_1_105' title='bbox 370 654 542 692; x_wconf 79' lang='grc' dir='ltr'>ἀνθρωπίνην</span> <span class='ocrx_word' id='word_1_106' title='bbox 572 654 664 692; x_wconf 76' lang='grc' dir='ltr'>ψυχὴν</span> <span class='ocrx_word' id='word_1_107' title='bbox 696 653 812 691; x_wconf 78' lang='grc' dir='ltr'>λογικὴν</span> <span class='ocrx_word' id='word_1_108' title='bbox 834 654 911 682; x_wconf 71' lang='grc' dir='ltr'>εἶναι.</span> <span class='ocrx_word' id='word_1_109' title='bbox 941 654 992 681; x_wconf 73' lang='grc' dir='ltr'>Καὶ</span> 
     </span>
    </p>
   </div>
   <div class='ocr_carea' id='block_1_16' title="bbox 161 697 990 737">
    <p class='ocr_par' dir='ltr' id='par_1_16' title="bbox 161 697 990 737">
     <span class='ocr_line' id='line_1_16' title="bbox 161 697 990 737; baseline -0.002 -10"><span class='ocrx_word' id='word_1_110' title='bbox 161 699 245 727; x_wconf 79' lang='grc' dir='ltr'>πάλιν</span> <span class='ocrx_word' id='word_1_111' title='bbox 276 699 322 727; x_wconf 74' lang='grc' dir='ltr'>οὖν</span> <span class='ocrx_word' id='word_1_112' title='bbox 352 699 435 737; x_wconf 74' lang='grc' dir='ltr'>λέγω·</span> <span class='ocrx_word' id='word_1_113' title='bbox 465 700 567 737; x_wconf 84' lang='grc' dir='ltr'>’Ὠσπερ</span> <span class='ocrx_word' id='word_1_114' title='bbox 595 698 627 726; x_wconf 84' lang='grc' dir='ltr'><strong>τὸ</strong></span> <span class='ocrx_word' id='word_1_115' title='bbox 651 699 731 735; x_wconf 84' lang='grc' dir='ltr'>σῶμα</span> <span class='ocrx_word' id='word_1_116' title='bbox 754 697 833 732; x_wconf 82' lang='grc' dir='ltr'>φύσει</span> <span class='ocrx_word' id='word_1_117' title='bbox 857 698 904 734; x_wconf 72' lang='grc' dir='ltr'>μὲν</span> <span class='ocrx_word' id='word_1_118' title='bbox 921 698 990 726; x_wconf 85' lang='grc' dir='ltr'>ἐστιν</span> 
     </span>
    </p>
   </div>
   <div class='ocr_carea' id='block_1_17' title="bbox 161 741 991 781">
    <p class='ocr_par' dir='ltr' id='par_1_17' title="bbox 161 741 991 781">
     <span class='ocr_line' id='line_1_17' title="bbox 161 741 991 781; baseline -0.004 -9"><span class='ocrx_word' id='word_1_119' title='bbox 161 745 343 780; x_wconf 72' lang='grc' dir='ltr'>ἀνθρώπινον,</span> <span class='ocrx_word' id='word_1_120' title='bbox 359 745 394 781; x_wconf 82' lang='grc' dir='ltr'><strong>τῇ</strong></span> <span class='ocrx_word' id='word_1_121' title='bbox 411 742 439 771; x_wconf 80' lang='grc' dir='ltr'>δὶ</span> <span class='ocrx_word' id='word_1_122' title='bbox 451 742 546 771; x_wconf 75' lang='grc' dir='ltr'>ὶνώσει</span> <span class='ocrx_word' id='word_1_123' title='bbox 562 746 612 778; x_wconf 84' lang='grc' dir='ltr'><strong>τῆς</strong></span> <span class='ocrx_word' id='word_1_124' title='bbox 630 742 792 779; x_wconf 77' lang='grc' dir='ltr'>οἰκονομίας</span> <span class='ocrx_word' id='word_1_125' title='bbox 813 742 917 770; x_wconf 69' lang='grc' dir='ltr'>Θεϊκόν*</span> <span class='ocrx_word' id='word_1_126' title='bbox 945 741 991 770; x_wconf 77' lang='grc' dir='ltr'>οὕ-</span> 
     </span>
    </p>
   </div>
   <div class='ocr_carea' id='block_1_18' title="bbox 165 785 993 827">
    <p class='ocr_par' dir='ltr' id='par_1_18' title="bbox 165 785 993 827">
     <span class='ocr_line' id='line_1_18' title="bbox 165 785 993 827; baseline -0.004 -10"><span class='ocrx_word' id='word_1_127' title='bbox 165 799 219 820; x_wconf 86' lang='grc' dir='ltr'><strong>τως</strong></span> <span class='ocrx_word' id='word_1_128' title='bbox 235 790 249 816; x_wconf 76' lang='grc' dir='ltr'>δ</span> <span class='ocrx_word' id='word_1_129' title='bbox 269 791 330 819; x_wconf 79' lang='grc' dir='ltr'>νοῦς</span> <span class='ocrx_word' id='word_1_130' title='bbox 354 788 431 827; x_wconf 79' lang='grc' dir='ltr'>φύσει</span> <span class='ocrx_word' id='word_1_131' title='bbox 456 788 503 825; x_wconf 78' lang='grc' dir='ltr'>μὶν</span> <span class='ocrx_word' id='word_1_132' title='bbox 533 787 714 825; x_wconf 77' lang='grc' dir='ltr'>ἀνθρώπινος,</span> <span class='ocrx_word' id='word_1_133' title='bbox 738 789 772 824; x_wconf 78' lang='grc' dir='ltr'><strong>τῇ</strong></span> <span class='ocrx_word' id='word_1_134' title='bbox 789 785 818 814; x_wconf 71' lang='grc' dir='ltr'><strong>δὲ</strong></span> <span class='ocrx_word' id='word_1_135' title='bbox 833 787 924 814; x_wconf 76' lang='grc' dir='ltr'>ὲνώσει</span> <span class='ocrx_word' id='word_1_136' title='bbox 941 790 993 822; x_wconf 81' lang='grc' dir='ltr'>τῆς</span> 
     </span>
    </p>
   </div>
   <div class='ocr_carea' id='block_1_19' title="bbox 167 833 496 870">
    <p class='ocr_par' dir='ltr' id='par_1_19' title="bbox 167 833 496 870">
     <span class='ocr_line' id='line_1_19' title="bbox 167 833 496 870; baseline -0.006 -9"><span class='ocrx_word' id='word_1_137' title='bbox 167 833 328 870; x_wconf 64' lang='grc' dir='ltr'>οἰκονομίας</span> <span class='ocrx_word' id='word_1_138' title='bbox 342 834 409 860; x_wconf 86' lang='grc' dir='ltr'>Θεοῦ</span> <span class='ocrx_word' id='word_1_139' title='bbox 424 834 496 862; x_wconf 78' lang='grc' dir='ltr'>νοῦς.</span> 
     </span>
    </p>
   </div>
   <div class='ocr_carea' id='block_1_20' title="bbox 1051 253 1875 291">
    <p class='ocr_par' dir='ltr' id='par_1_20' title="bbox 1051 253 1875 291">
     <span class='ocr_line' id='line_1_20' title="bbox 1051 253 1875 291; baseline 0.008 -10"><span class='ocrx_word' id='word_1_140' title='bbox 1051 253 1139 282; x_wconf 83' lang='lat' dir='ltr'>simul</span> <span class='ocrx_word' id='word_1_141' title='bbox 1157 257 1185 282; x_wconf 84' lang='lat' dir='ltr'><strong>et</strong></span> <span class='ocrx_word' id='word_1_142' title='bbox 1200 255 1377 291; x_wconf 87' lang='lat' dir='ltr'><strong>conjunctim</strong></span> <span class='ocrx_word' id='word_1_143' title='bbox 1393 257 1621 290; x_wconf 74' lang='lat' dir='ltr'><strong>consider-stum,</strong></span> <span class='ocrx_word' id='word_1_144' title='bbox 1638 258 1719 286; x_wconf 88' lang='lat' dir='ltr'><strong>Mens</strong></span> <span class='ocrx_word' id='word_1_145' title='bbox 1744 259 1875 288; x_wconf 85' lang='lat' dir='ltr'><strong>videlicet</strong></span> 
     </span>
    </p>
   </div>
   <div class='ocr_carea' id='block_1_21' title="bbox 1051 299 1876 334">
    <p class='ocr_par' dir='ltr' id='par_1_21' title="bbox 1051 299 1876 334">
     <span class='ocr_line' id='line_1_21' title="bbox 1051 299 1876 334; baseline 0.007 -8"><span class='ocrx_word' id='word_1_146' title='bbox 1051 301 1080 326; x_wconf 86' lang='lat' dir='ltr'><strong>et</strong></span> <span class='ocrx_word' id='word_1_147' title='bbox 1094 299 1227 334; x_wconf 84' lang='lat' dir='ltr'><strong>Verbum,</strong></span> <span class='ocrx_word' id='word_1_148' title='bbox 1240 299 1347 327; x_wconf 83' lang='lat' dir='ltr'><strong>dicitur</strong></span> <span class='ocrx_word' id='word_1_149' title='bbox 1362 300 1505 329; x_wconf 83' lang='lat' dir='ltr'><strong>Christus.</strong></span> <span class='ocrx_word' id='word_1_150' title='bbox 1517 302 1564 329; x_wconf 90' lang='lat' dir='ltr'><strong>Sic</strong></span> <span class='ocrx_word' id='word_1_151' title='bbox 1575 304 1670 330; x_wconf 86' lang='lat' dir='ltr'><strong>autem</strong></span> <span class='ocrx_word' id='word_1_152' title='bbox 1684 307 1810 332; x_wconf 84' lang='lat' dir='ltr'><strong>mentem</strong></span> <span class='ocrx_word' id='word_1_153' title='bbox 1829 305 1876 332; x_wconf 89' lang='lat' dir='ltr'><strong>cui</strong></span> 
     </span>
    </p>
   </div>
   <div class='ocr_carea' id='block_1_22' title="bbox 1049 343 1876 380">
    <p class='ocr_par' dir='ltr' id='par_1_22' title="bbox 1049 343 1876 380">
     <span class='ocr_line' id='line_1_22' title="bbox 1049 343 1876 380; baseline 0.006 -9"><span class='ocrx_word' id='word_1_154' title='bbox 1049 343 1159 372; x_wconf 80' lang='lat' dir='ltr'><strong>inesset</strong></span> <span class='ocrx_word' id='word_1_155' title='bbox 1173 345 1314 379; x_wconf 85' lang='lat' dir='ltr'><strong>Verbum,</strong></span> <span class='ocrx_word' id='word_1_156' title='bbox 1327 345 1486 373; x_wconf 85' lang='lat' dir='ltr'><strong>humanam</strong></span> <span class='ocrx_word' id='word_1_157' title='bbox 1501 346 1574 380; x_wconf 86' lang='lat' dir='ltr'><strong>dico,</strong></span> <span class='ocrx_word' id='word_1_158' title='bbox 1587 351 1616 374; x_wconf 82' lang='lat' dir='ltr'><strong>ut</strong></span> <span class='ocrx_word' id='word_1_159' title='bbox 1634 347 1716 374; x_wconf 83' lang='lat' dir='ltr'><strong>initio</strong></span> <span class='ocrx_word' id='word_1_160' title='bbox 1733 349 1876 376; x_wconf 83' lang='lat' dir='ltr'><strong>sermonis</strong></span> 
     </span>
    </p>
   </div>
   <div class='ocr_carea' id='block_1_23' title="bbox 1048 387 1874 429">
    <p class='ocr_par' dir='ltr' id='par_1_23' title="bbox 1048 387 1874 429">
     <span class='ocr_line' id='line_1_23' title="bbox 1048 387 1874 429; baseline 0.007 -14"><span class='ocrx_word' id='word_1_161' title='bbox 1048 387 1177 416; x_wconf 81' lang='lat' dir='ltr'><strong>diximus</strong></span> <span class='ocrx_word' id='word_1_162' title='bbox 1193 397 1298 424; x_wconf 85' lang='lat' dir='ltr'><strong>corpus</strong></span> <span class='ocrx_word' id='word_1_163' title='bbox 1313 391 1417 417; x_wconf 84' lang='lat' dir='ltr'><strong>natura</strong></span> <span class='ocrx_word' id='word_1_164' title='bbox 1434 390 1607 425; x_wconf 73' lang='lat' dir='ltr'><strong>imumnum,</strong></span> <span class='ocrx_word' id='word_1_165' title='bbox 1624 392 1670 419; x_wconf 89' lang='lat' dir='ltr'><strong>Dei</strong></span> <span class='ocrx_word' id='word_1_166' title='bbox 1687 400 1753 420; x_wconf 81' lang='lat' dir='ltr'><strong>vero</strong></span> <span class='ocrx_word' id='word_1_167' title='bbox 1769 401 1874 429; x_wconf 82' lang='lat' dir='ltr'><strong>corpus</strong></span> 
     </span>
    </p>
   </div>
   <div class='ocr_carea' id='block_1_24' title="bbox 1048 432 1873 469">
    <p class='ocr_par' dir='ltr' id='par_1_24' title="bbox 1048 432 1873 469">
     <span class='ocr_line' id='line_1_24' title="bbox 1048 432 1873 469; baseline 0.005 -9"><span class='ocrx_word' id='word_1_168' title='bbox 1048 432 1149 467; x_wconf 81' lang='lat' dir='ltr'><strong>fuisse,</strong></span> <span class='ocrx_word' id='word_1_169' title='bbox 1166 433 1190 461; x_wconf 90' lang='lat' dir='ltr'><strong>si</strong></span> <span class='ocrx_word' id='word_1_170' title='bbox 1217 434 1408 461; x_wconf 72' lang='lat' dir='ltr'><strong>mconomiam</strong></span> <span class='ocrx_word' id='word_1_171' title='bbox 1432 438 1555 469; x_wconf 73' lang='lat' dir='ltr'><strong>spectes.</strong></span> <span class='ocrx_word' id='word_1_172' title='bbox 1580 436 1626 463; x_wconf 86' lang='lat' dir='ltr'><strong>Sic</strong></span> <span class='ocrx_word' id='word_1_173' title='bbox 1643 436 1728 464; x_wconf 70' lang='lat' dir='ltr'><strong>etiam</strong></span> <span class='ocrx_word' id='word_1_174' title='bbox 1746 437 1873 464; x_wconf 76' lang='lat' dir='ltr'><strong>animam</strong></span> 
     </span>
    </p>
   </div>
   <div class='ocr_carea' id='block_1_25' title="bbox 1048 477 1871 517">
    <p class='ocr_par' dir='ltr' id='par_1_25' title="bbox 1048 477 1871 517">
     <span class='ocr_line' id='line_1_25' title="bbox 1048 477 1871 517; baseline 0.006 -13"><span class='ocrx_word' id='word_1_175' title='bbox 1048 478 1113 505; x_wconf 87' lang='lat' dir='ltr'><strong>dico</strong></span> <span class='ocrx_word' id='word_1_176' title='bbox 1129 480 1237 505; x_wconf 81' lang='lat' dir='ltr'><strong>natura</strong></span> <span class='ocrx_word' id='word_1_177' title='bbox 1262 477 1432 511; x_wconf 80' lang='lat' dir='ltr'><strong>humanam,</strong></span> <span class='ocrx_word' id='word_1_178' title='bbox 1453 480 1497 506; x_wconf 78' lang='lat' dir='ltr'><strong>Dei</strong></span> <span class='ocrx_word' id='word_1_179' title='bbox 1516 489 1581 507; x_wconf 77' lang='lat' dir='ltr'><strong>vero</strong></span> <span class='ocrx_word' id='word_1_180' title='bbox 1598 480 1725 508; x_wconf 83' lang='lat' dir='ltr'><strong>animam</strong></span> <span class='ocrx_word' id='word_1_181' title='bbox 1743 483 1819 517; x_wconf 85' lang='lat' dir='ltr'><strong>quod</strong></span> <span class='ocrx_word' id='word_1_182' title='bbox 1838 483 1871 509; x_wconf 76' lang='lat' dir='ltr'><strong>ad</strong></span> 
     </span>
    </p>
   </div>
   <div class='ocr_carea' id='block_1_26' title="bbox 1048 522 1872 561">
    <p class='ocr_par' dir='ltr' id='par_1_26' title="bbox 1048 522 1872 561">
     <span class='ocr_line' id='line_1_26' title="bbox 1048 522 1872 561; baseline 0.006 -12"><span class='ocrx_word' id='word_1_183' title='bbox 1048 522 1237 549; x_wconf 71' lang='lat' dir='ltr'><strong>moonomiam</strong></span> <span class='ocrx_word' id='word_1_184' title='bbox 1255 523 1358 550; x_wconf 82' lang='lat' dir='ltr'><strong>attinet</strong></span> <span class='ocrx_word' id='word_1_185' title='bbox 1374 532 1379 550; x_wconf 92' lang='lat'>:</span> <span class='ocrx_word' id='word_1_186' title='bbox 1398 526 1425 550; x_wconf 75' lang='lat' dir='ltr'><strong>et</strong></span> <span class='ocrx_word' id='word_1_187' title='bbox 1442 527 1566 551; x_wconf 68' lang='lat' dir='ltr'><strong>mentem</strong></span> <span class='ocrx_word' id='word_1_188' title='bbox 1583 528 1686 552; x_wconf 86' lang='lat' dir='ltr'><strong>natura</strong></span> <span class='ocrx_word' id='word_1_189' title='bbox 1703 527 1872 561; x_wconf 79' lang='lat' dir='ltr'><strong>humanam,</strong></span> 
     </span>
    </p>
   </div>
   <div class='ocr_carea' id='block_1_27' title="bbox 1050 566 1873 603">
    <p class='ocr_par' dir='ltr' id='par_1_27' title="bbox 1050 566 1873 603">
     <span class='ocr_line' id='line_1_27' title="bbox 1050 566 1873 603; baseline 0.006 -10"><span class='ocrx_word' id='word_1_190' title='bbox 1050 566 1097 594; x_wconf 88' lang='lat' dir='ltr'><strong>Dei</strong></span> <span class='ocrx_word' id='word_1_191' title='bbox 1114 575 1180 594; x_wconf 86' lang='lat' dir='ltr'><strong>vero</strong></span> <span class='ocrx_word' id='word_1_192' title='bbox 1196 569 1323 595; x_wconf 82' lang='lat' dir='ltr'><strong>mentem</strong></span> <span class='ocrx_word' id='word_1_193' title='bbox 1342 576 1392 603; x_wconf 87' lang='lat' dir='ltr'><strong>per</strong></span> <span class='ocrx_word' id='word_1_194' title='bbox 1407 569 1608 596; x_wconf 65' lang='lat' dir='ltr'><strong>oeconomiam.</strong></span> <span class='ocrx_word' id='word_1_195' title='bbox 1628 571 1697 597; x_wconf 75' lang='lat' dir='ltr'><strong>Item</strong></span> <span class='ocrx_word' id='word_1_196' title='bbox 1717 571 1791 598; x_wconf 77' lang='lat' dir='ltr'><strong>sicut</strong></span> <span class='ocrx_word' id='word_1_197' title='bbox 1807 579 1873 598; x_wconf 81' lang='lat' dir='ltr'><strong>caro</strong></span> 
     </span>
    </p>
   </div>
   <div class='ocr_carea' id='block_1_28' title="bbox 1048 610 1874 650">
    <p class='ocr_par' dir='ltr' id='par_1_28' title="bbox 1048 610 1874 650">
     <span class='ocr_line' id='line_1_28' title="bbox 1048 610 1874 650; baseline 0.005 -12"><span class='ocrx_word' id='word_1_198' title='bbox 1048 611 1112 646; x_wconf 84' lang='lat' dir='ltr'><strong>ejus</strong></span> <span class='ocrx_word' id='word_1_199' title='bbox 1127 619 1185 638; x_wconf 91' lang='lat' dir='ltr'><strong>non</strong></span> <span class='ocrx_word' id='word_1_200' title='bbox 1194 610 1550 648; x_wconf 72' lang='lat' dir='ltr'><strong>viditcorruptioncm,ita</strong></span> <span class='ocrx_word' id='word_1_201' title='bbox 1562 622 1676 649; x_wconf 81' lang='lat' dir='ltr'><strong>quoque</strong></span> <span class='ocrx_word' id='word_1_202' title='bbox 1690 623 1771 642; x_wconf 85' lang='lat' dir='ltr'><strong>mens</strong></span> <span class='ocrx_word' id='word_1_203' title='bbox 1782 615 1874 650; x_wconf 82' lang='lat' dir='ltr'><strong>ipsius</strong></span> 
     </span>
    </p>
   </div>
   <div class='ocr_carea' id='block_1_29' title="bbox 1048 655 1873 691">
    <p class='ocr_par' dir='ltr' id='par_1_29' title="bbox 1048 655 1873 691">
     <span class='ocr_line' id='line_1_29' title="bbox 1048 655 1873 691; baseline 0.006 -9"><span class='ocrx_word' id='word_1_204' title='bbox 1048 663 1104 683; x_wconf 89' lang='lat' dir='ltr'><strong>non</strong></span> <span class='ocrx_word' id='word_1_205' title='bbox 1121 655 1270 683; x_wconf 81' lang='lat' dir='ltr'><strong>commisit</strong></span> <span class='ocrx_word' id='word_1_206' title='bbox 1293 659 1455 691; x_wconf 75' lang='lat' dir='ltr'><strong>peccatum.</strong></span> <span class='ocrx_word' id='word_1_207' title='bbox 1475 658 1507 683; x_wconf 79' lang='lat' dir='ltr'><strong>Et</strong></span> <span class='ocrx_word' id='word_1_208' title='bbox 1523 658 1596 684; x_wconf 74' lang='lat' dir='ltr'><strong>sicut</strong></span> <span class='ocrx_word' id='word_1_209' title='bbox 1614 666 1732 686; x_wconf 78' lang='lat' dir='ltr'><strong>necesse</strong></span> <span class='ocrx_word' id='word_1_210' title='bbox 1752 662 1795 686; x_wconf 83' lang='lat' dir='ltr'><strong>est</strong></span> <span class='ocrx_word' id='word_1_211' title='bbox 1811 668 1873 687; x_wconf 87' lang='lat' dir='ltr'><strong>cor-</strong></span> 
     </span>
    </p>
   </div>
   <div class='ocr_carea' id='block_1_30' title="bbox 1047 700 1873 738">
    <p class='ocr_par' dir='ltr' id='par_1_30' title="bbox 1047 700 1873 738">
     <span class='ocr_line' id='line_1_30' title="bbox 1047 700 1873 738; baseline 0.005 -11"><span class='ocrx_word' id='word_1_212' title='bbox 1047 708 1114 735; x_wconf 71' lang='lat' dir='ltr'><strong>pus,</strong></span> <span class='ocrx_word' id='word_1_213' title='bbox 1127 700 1204 736; x_wconf 87' lang='lat' dir='ltr'><strong>quod</strong></span> <span class='ocrx_word' id='word_1_214' title='bbox 1222 700 1385 728; x_wconf 84' lang='lat' dir='ltr'><strong>humanum</strong></span> <span class='ocrx_word' id='word_1_215' title='bbox 1404 701 1451 732; x_wconf 77' lang='lat' dir='ltr'><strong>sit,</strong></span> <span class='ocrx_word' id='word_1_216' title='bbox 1476 705 1502 728; x_wconf 68' lang='lat' dir='ltr'><strong>et</strong></span> <span class='ocrx_word' id='word_1_217' title='bbox 1519 711 1551 729; x_wconf 78' lang='lat' dir='ltr'><strong>cx</strong></span> <span class='ocrx_word' id='word_1_218' title='bbox 1569 703 1679 730; x_wconf 79' lang='lat' dir='ltr'><strong>Artamo</strong></span> <span class='ocrx_word' id='word_1_219' title='bbox 1701 704 1873 738; x_wconf 85' lang='lat' dir='ltr'><strong>protectum,</strong></span> 
     </span>
    </p>
   </div>
   <div class='ocr_carea' id='block_1_31' title="bbox 1047 745 1874 781">
    <p class='ocr_par' dir='ltr' id='par_1_31' title="bbox 1047 745 1874 781">
     <span class='ocr_line' id='line_1_31' title="bbox 1047 745 1874 781; baseline 0.005 -10"><span class='ocrx_word' id='word_1_220' title='bbox 1047 752 1081 772; x_wconf 87' lang='lat' dir='ltr'><strong>ex</strong></span> <span class='ocrx_word' id='word_1_221' title='bbox 1097 751 1183 772; x_wconf 84' lang='lat' dir='ltr'><strong>carne</strong></span> <span class='ocrx_word' id='word_1_222' title='bbox 1198 746 1227 772; x_wconf 87' lang='lat' dir='ltr'><strong>et</strong></span> <span class='ocrx_word' id='word_1_223' title='bbox 1241 745 1385 781; x_wconf 69' lang='lat' dir='ltr'><strong>Sanguine</strong></span> <span class='ocrx_word' id='word_1_224' title='bbox 1401 746 1550 778; x_wconf 78' lang='lat' dir='ltr'><strong>constitui,</strong></span> <span class='ocrx_word' id='word_1_225' title='bbox 1566 748 1604 773; x_wconf 80' lang='lat' dir='ltr'><strong>ita</strong></span> <span class='ocrx_word' id='word_1_226' title='bbox 1622 756 1738 775; x_wconf 84' lang='lat' dir='ltr'><strong>necesse</strong></span> <span class='ocrx_word' id='word_1_227' title='bbox 1754 750 1798 775; x_wconf 84' lang='lat' dir='ltr'><strong>est</strong></span> <span class='ocrx_word' id='word_1_228' title='bbox 1813 748 1874 776; x_wconf 82' lang='lat' dir='ltr'><strong>ani-</strong></span> 
     </span>
    </p>
   </div>
   <div class='ocr_carea' id='block_1_32' title="bbox 1046 789 1874 828">
    <p class='ocr_par' dir='ltr' id='par_1_32' title="bbox 1046 789 1874 828">
     <span class='ocr_line' id='line_1_32' title="bbox 1046 789 1874 828; baseline 0.004 -11"><span class='ocrx_word' id='word_1_229' title='bbox 1046 797 1123 817; x_wconf 81' lang='lat' dir='ltr'><strong>mam</strong></span> <span class='ocrx_word' id='word_1_230' title='bbox 1141 789 1299 817; x_wconf 87' lang='lat' dir='ltr'><strong>humanam</strong></span> <span class='ocrx_word' id='word_1_231' title='bbox 1325 797 1389 818; x_wconf 87' lang='lat' dir='ltr'><strong>esse</strong></span> <span class='ocrx_word' id='word_1_232' title='bbox 1406 790 1617 818; x_wconf 67' lang='lat' dir='ltr'><strong>rationabilem.</strong></span> <span class='ocrx_word' id='word_1_233' title='bbox 1639 792 1766 819; x_wconf 76' lang='lat' dir='ltr'><strong>Rursum</strong></span> <span class='ocrx_word' id='word_1_234' title='bbox 1783 792 1874 828; x_wconf 81' lang='lat' dir='ltr'><strong>igitur</strong></span> 
     </span>
    </p>
   </div>
   <div class='ocr_carea' id='block_1_33' title="bbox 1047 833 1875 870">
    <p class='ocr_par' dir='ltr' id='par_1_33' title="bbox 1047 833 1875 870">
     <span class='ocr_line' id='line_1_33' title="bbox 1047 833 1875 870; baseline 0.004 -9"><span class='ocrx_word' id='word_1_235' title='bbox 1047 833 1112 861; x_wconf 90' lang='lat' dir='ltr'><strong>dico</strong></span> <span class='ocrx_word' id='word_1_236' title='bbox 1129 842 1135 861; x_wconf 93' lang='lat'><strong>:</strong></span> <span class='ocrx_word' id='word_1_237' title='bbox 1152 833 1234 861; x_wconf 81' lang='lat' dir='ltr'><strong>Sicut</strong></span> <span class='ocrx_word' id='word_1_238' title='bbox 1248 842 1355 869; x_wconf 89' lang='lat' dir='ltr'><strong>corpus</strong></span> <span class='ocrx_word' id='word_1_239' title='bbox 1371 836 1475 861; x_wconf 75' lang='lat' dir='ltr'><strong>natura</strong></span> <span class='ocrx_word' id='word_1_240' title='bbox 1491 835 1607 870; x_wconf 66' lang='lat' dir='ltr'><strong>quidem</strong></span> <span class='ocrx_word' id='word_1_241' title='bbox 1637 839 1681 863; x_wconf 85' lang='lat' dir='ltr'><strong>est</strong></span> <span class='ocrx_word' id='word_1_242' title='bbox 1698 836 1875 868; x_wconf 79' lang='lat' dir='ltr'><strong>humanum,</strong></span> 
     </span>
    </p>
   </div>
   <div class='ocr_carea' id='block_1_34' title="bbox 170 877 1872 915">
    <p class='ocr_par' dir='ltr' id='par_1_34' title="bbox 170 877 1872 915">
     <span class='ocr_line' id='line_1_34' title="bbox 170 877 1872 915; baseline 0.002 -9"><span class='ocrx_word' id='word_1_243' title='bbox 170 879 279 907; x_wconf 85' lang='lat' dir='ltr'><strong>unione</strong></span> <span class='ocrx_word' id='word_1_244' title='bbox 302 886 368 907; x_wconf 84' lang='lat' dir='ltr'><strong>vero</strong></span> <span class='ocrx_word' id='word_1_245' title='bbox 392 877 558 906; x_wconf 66' lang='lat' dir='ltr'><strong>oeconomia:</strong></span> <span class='ocrx_word' id='word_1_246' title='bbox 582 878 714 905; x_wconf 89' lang='lat' dir='ltr'><strong>divinum</strong></span> <span class='ocrx_word' id='word_1_247' title='bbox 733 885 739 905; x_wconf 87' lang='lat'><strong>:</strong></span> <span class='ocrx_word' id='word_1_248' title='bbox 757 877 796 905; x_wconf 84' lang='lat' dir='ltr'><strong>ita</strong></span> <span class='ocrx_word' id='word_1_249' title='bbox 819 879 847 905; x_wconf 87' lang='lat' dir='ltr'><strong>et</strong></span> <span class='ocrx_word' id='word_1_250' title='bbox 872 885 957 905; x_wconf 84' lang='lat' dir='ltr'><strong>mens</strong></span> <span class='ocrx_word' id='word_1_251' title='bbox 980 880 1087 906; x_wconf 80' lang='lat' dir='ltr'><strong>natura</strong></span> <span class='ocrx_word' id='word_1_252' title='bbox 1111 878 1231 914; x_wconf 81' lang='lat' dir='ltr'><strong>quidem</strong></span> <span class='ocrx_word' id='word_1_253' title='bbox 1256 880 1301 906; x_wconf 85' lang='lat' dir='ltr'><strong>est</strong></span> <span class='ocrx_word' id='word_1_254' title='bbox 1324 878 1464 911; x_wconf 84' lang='lat' dir='ltr'><strong>humana,</strong></span> <span class='ocrx_word' id='word_1_255' title='bbox 1480 880 1587 906; x_wconf 74' lang='lat' dir='ltr'><strong>unione</strong></span> <span class='ocrx_word' id='word_1_256' title='bbox 1613 889 1676 907; x_wconf 83' lang='lat' dir='ltr'><strong>vero</strong></span> <span class='ocrx_word' id='word_1_257' title='bbox 1693 882 1872 915; x_wconf 64' lang='lat' dir='ltr'><strong>(economie,</strong></span> 
     </span>
    </p>
   </div>
   <div class='ocr_carea' id='block_1_35' title="bbox 170 923 335 951">
    <p class='ocr_par' dir='ltr' id='par_1_35' title="bbox 170 923 335 951">
     <span class='ocr_line' id='line_1_35' title="bbox 170 923 335 951; baseline -0.006 0"><span class='ocrx_word' id='word_1_258' title='bbox 170 931 256 951; x_wconf 89' lang='lat' dir='ltr'><strong>mens</strong></span> <span class='ocrx_word' id='word_1_259' title='bbox 272 923 335 951; x_wconf 86' lang='lat' dir='ltr'><strong>Dei.</strong></span> 
     </span>
    </p>
   </div>
   <div class='ocr_carea' id='block_1_36' title="bbox 202 974 994 1014">
    <p class='ocr_par' dir='ltr' id='par_1_36' title="bbox 202 974 993 1012">
     <span class='ocr_line' id='line_1_36' title="bbox 202 974 993 1012; baseline -0.004 -7"><span class='ocrx_word' id='word_1_260' title='bbox 202 977 229 1005; x_wconf 86' lang='lat'><strong>3.</strong></span> <span class='ocrx_word' id='word_1_261' title='bbox 259 974 376 1004; x_wconf 88' lang='grc' dir='ltr'>Ἀπολλ.</span> <span class='ocrx_word' id='word_1_262' title='bbox 407 974 460 1003; x_wconf 61' lang='grc' dir='ltr'>Δνίιο</span> <span class='ocrx_word' id='word_1_263' title='bbox 491 975 537 1003; x_wconf 75' lang='grc' dir='ltr'>οὖν</span> <span class='ocrx_word' id='word_1_264' title='bbox 564 974 665 1004; x_wconf 70' lang='grc' dir='ltr'>τὶλεια.</span> <span class='ocrx_word' id='word_1_265' title='bbox 697 976 772 1012; x_wconf 76' lang='grc' dir='ltr'>Ὀρθ.</span> <span class='ocrx_word' id='word_1_266' title='bbox 806 974 857 1002; x_wconf 65' lang='grc' dir='ltr'>Δύο</span> <span class='ocrx_word' id='word_1_267' title='bbox 894 974 993 1003; x_wconf 81' lang='grc' dir='ltr'>οὐσιῶν</span> 
     </span>
    </p>
   </div>
   <div class='ocr_carea' id='block_1_37' title="bbox 1050 974 1876 1014">
    <p class='ocr_par' dir='ltr' id='par_1_37' title="bbox 1084 976 1876 1014">
     <span class='ocr_line' id='line_1_37' title="bbox 1084 976 1876 1014; baseline 0.006 -10"><span class='ocrx_word' id='word_1_268' title='bbox 1084 976 1110 1004; x_wconf 92' lang='grc'><strong>3.</strong></span> <span class='ocrx_word' id='word_1_269' title='bbox 1127 976 1214 1012; x_wconf 83' lang='lat' dir='ltr'><strong>Apoll.</strong></span> <span class='ocrx_word' id='word_1_270' title='bbox 1230 977 1288 1005; x_wconf 93' lang='lat' dir='ltr'><strong>Duo</strong></span> <span class='ocrx_word' id='word_1_271' title='bbox 1301 978 1370 1005; x_wconf 87' lang='lat' dir='ltr'><strong>sunt</strong></span> <span class='ocrx_word' id='word_1_272' title='bbox 1387 977 1475 1013; x_wconf 78' lang='lat' dir='ltr'><strong>igitur</strong></span> <span class='ocrx_word' id='word_1_273' title='bbox 1491 979 1626 1014; x_wconf 77' lang='lat' dir='ltr'><strong>perfecta.</strong></span> <span class='ocrx_word' id='word_1_274' title='bbox 1641 979 1715 1007; x_wconf 68' lang='lat' dir='ltr'><strong>Orta.</strong></span> <span class='ocrx_word' id='word_1_275' title='bbox 1730 979 1790 1007; x_wconf 88' lang='lat' dir='ltr'><strong>Imo</strong></span> <span class='ocrx_word' id='word_1_276' title='bbox 1802 980 1876 1009; x_wconf 81' lang='lat' dir='ltr'><strong>dua-</strong></span> 
     </span>
    </p>
   </div>
   <div class='ocr_carea' id='block_1_38' title="bbox 165 1018 993 1052">
    <p class='ocr_par' dir='ltr' id='par_1_38' title="bbox 165 1018 993 1052">
     <span class='ocr_line' id='line_1_38' title="bbox 165 1018 993 1052; baseline -0.001 -4"><span class='ocrx_word' id='word_1_277' title='bbox 165 1020 277 1049; x_wconf 82' lang='grc' dir='ltr'>τελείων</span> <span class='ocrx_word' id='word_1_278' title='bbox 301 1019 408 1052; x_wconf 67' lang='grc' dir='ltr'>ἓνωσις.</span> <span class='ocrx_word' id='word_1_279' title='bbox 436 1019 553 1048; x_wconf 79' lang='grc' dir='ltr'>Ἀπολλ.</span> <span class='ocrx_word' id='word_1_280' title='bbox 583 1019 635 1047; x_wconf 72' lang='grc' dir='ltr'><strong>Δύο</strong></span> <span class='ocrx_word' id='word_1_281' title='bbox 658 1018 770 1047; x_wconf 84' lang='grc' dir='ltr'><strong>τελείων</strong></span> <span class='ocrx_word' id='word_1_282' title='bbox 785 1018 812 1047; x_wconf 67' lang='grc' dir='ltr'><strong>ἓν</strong></span> <span class='ocrx_word' id='word_1_283' title='bbox 828 1019 935 1047; x_wconf 73' lang='grc' dir='ltr'>τέλειον</span> <span class='ocrx_word' id='word_1_284' title='bbox 961 1019 993 1047; x_wconf 80' lang='grc' dir='ltr'>οὐ</span> 
     </span>
    </p>
   </div>
   <div class='ocr_carea' id='block_1_39' title="bbox 165 1062 993 1102">
    <p class='ocr_par' dir='ltr' id='par_1_39' title="bbox 165 1062 993 1102">
     <span class='ocr_line' id='line_1_39' title="bbox 165 1062 993 1102; baseline -0.001 -10"><span class='ocrx_word' id='word_1_285' title='bbox 165 1064 277 1102; x_wconf 84' lang='grc' dir='ltr'>γίνεται.</span> <span class='ocrx_word' id='word_1_286' title='bbox 307 1065 381 1102; x_wconf 85' lang='grc' dir='ltr'><strong>Ὀρθ.</strong></span> <span class='ocrx_word' id='word_1_287' title='bbox 416 1064 482 1102; x_wconf 85' lang='grc' dir='ltr'>Παρ’</span> <span class='ocrx_word' id='word_1_288' title='bbox 514 1064 669 1102; x_wconf 83' lang='grc' dir='ltr'>ἀνθρώποις</span> <span class='ocrx_word' id='word_1_289' title='bbox 700 1062 765 1095; x_wconf 86' lang='grc' dir='ltr'>ἷ¹σως</span> <span class='ocrx_word' id='word_1_290' title='bbox 792 1062 922 1092; x_wconf 77' lang='grc' dir='ltr'>ἀδύνατον</span> <span class='ocrx_word' id='word_1_291' title='bbox 951 1074 993 1102; x_wconf 90' lang='grc' dir='ltr'>γε-</span> 
     </span>
    </p>
   </div>
   <div class='ocr_carea' id='block_1_40' title="bbox 165 1108 989 1148">
    <p class='ocr_par' dir='ltr' id='par_1_40' title="bbox 165 1108 989 1148">
     <span class='ocr_line' id='line_1_40' title="bbox 165 1108 989 1148; baseline 0 -11"><span class='ocrx_word' id='word_1_292' title='bbox 165 1109 267 1145; x_wconf 76' lang='grc' dir='ltr'>νέσθαι,</span> <span class='ocrx_word' id='word_1_293' title='bbox 292 1110 365 1148; x_wconf 79' lang='grc' dir='ltr'>παρὰ</span> <span class='ocrx_word' id='word_1_294' title='bbox 389 1108 418 1136; x_wconf 75' lang='grc' dir='ltr'><strong>δὲ</strong></span> <span class='ocrx_word' id='word_1_295' title='bbox 441 1111 499 1145; x_wconf 88' lang='grc' dir='ltr'>Θεῷ</span> <span class='ocrx_word' id='word_1_296' title='bbox 523 1108 645 1137; x_wconf 74' lang='grc' dir='ltr'>δυνατόν.</span> <span class='ocrx_word' id='word_1_297' title='bbox 671 1108 788 1137; x_wconf 85' lang='grc' dir='ltr'>Ἀπολλ.</span> <span class='ocrx_word' id='word_1_298' title='bbox 814 1111 877 1137; x_wconf 76' lang='grc' dir='ltr'>Πῶς</span> <span class='ocrx_word' id='word_1_299' title='bbox 892 1119 898 1143; x_wconf 92' lang='grc'>;</span> <span class='ocrx_word' id='word_1_300' title='bbox 916 1109 989 1146; x_wconf 72' lang='grc' dir='ltr'><strong>Ὀρθ.</strong></span> 
     </span>
    </p>
   </div>
   <div class='ocr_carea' id='block_1_41' title="bbox 165 1152 992 1192">
    <p class='ocr_par' dir='ltr' id='par_1_41' title="bbox 165 1152 992 1192">
     <span class='ocr_line' id='line_1_41' title="bbox 165 1152 992 1192; baseline -0.002 -10"><span class='ocrx_word' id='word_1_301' title='bbox 165 1155 210 1185; x_wconf 82' lang='grc' dir='ltr'>Ὠς</span> <span class='ocrx_word' id='word_1_302' title='bbox 230 1154 262 1182; x_wconf 80' lang='grc' dir='ltr'><strong>τὸ</strong></span> <span class='ocrx_word' id='word_1_303' title='bbox 286 1153 421 1192; x_wconf 68' lang='grc' dir='ltr'>Παρθένον</span> <span class='ocrx_word' id='word_1_304' title='bbox 449 1156 585 1191; x_wconf 83' lang='grc' dir='ltr'>γεννῆσαι,</span> <span class='ocrx_word' id='word_1_305' title='bbox 608 1153 646 1185; x_wconf 84' lang='grc' dir='ltr'><strong>ὡς</strong></span> <span class='ocrx_word' id='word_1_306' title='bbox 670 1153 701 1182; x_wconf 81' lang='grc' dir='ltr'><strong>τὸ</strong></span> <span class='ocrx_word' id='word_1_307' title='bbox 726 1155 812 1192; x_wconf 83' lang='grc' dir='ltr'>θυρῶν</span> <span class='ocrx_word' id='word_1_308' title='bbox 838 1152 992 1190; x_wconf 73' lang='grc' dir='ltr'>κεκλεισμέ-</span> 
     </span>
    </p>
   </div>
   <div class='ocr_carea' id='block_1_42' title="bbox 166 1197 991 1236">
    <p class='ocr_par' dir='ltr' id='par_1_42' title="bbox 166 1197 991 1236">
     <span class='ocr_line' id='line_1_42' title="bbox 166 1197 991 1236; baseline -0.001 -10"><span class='ocrx_word' id='word_1_309' title='bbox 166 1210 219 1226; x_wconf 85' lang='grc' dir='ltr'><strong>νων</strong></span> <span class='ocrx_word' id='word_1_310' title='bbox 253 1201 331 1235; x_wconf 85' lang='grc' dir='ltr'><strong>σῶμα</strong></span> <span class='ocrx_word' id='word_1_311' title='bbox 369 1198 526 1236; x_wconf 74' lang='grc' dir='ltr'>παχυμερὲς</span> <span class='ocrx_word' id='word_1_312' title='bbox 560 1197 700 1231; x_wconf 70' lang='grc' dir='ltr'>εἰσελθεῖν,</span> <span class='ocrx_word' id='word_1_313' title='bbox 741 1197 771 1225; x_wconf 64' lang='grc' dir='ltr'>ἑκ</span> <span class='ocrx_word' id='word_1_314' title='bbox 809 1200 914 1235; x_wconf 82' lang='grc' dir='ltr'>σαρκῶν</span> <span class='ocrx_word' id='word_1_315' title='bbox 946 1197 991 1225; x_wconf 77' lang='grc' dir='ltr'>καὶ</span> 
     </span>
    </p>
   </div>
   <div class='ocr_carea' id='block_1_43' title="bbox 167 1241 991 1280">
    <p class='ocr_par' dir='ltr' id='par_1_43' title="bbox 167 1241 991 1280">
     <span class='ocr_line' id='line_1_43' title="bbox 167 1241 991 1280; baseline -0.002 -9"><span class='ocrx_word' id='word_1_316' title='bbox 167 1243 266 1271; x_wconf 69' lang='grc' dir='ltr'>ὀστέων</span> <span class='ocrx_word' id='word_1_317' title='bbox 282 1243 432 1280; x_wconf 75' lang='grc' dir='ltr'>συμπαγὶν,</span> <span class='ocrx_word' id='word_1_318' title='bbox 462 1242 498 1273; x_wconf 86' lang='grc' dir='ltr'>ὡς</span> <span class='ocrx_word' id='word_1_319' title='bbox 522 1242 554 1270; x_wconf 85' lang='grc' dir='ltr'><strong>τὸ</strong></span> <span class='ocrx_word' id='word_1_320' title='bbox 578 1245 758 1280; x_wconf 75' lang='grc' dir='ltr'>περιπατῆσαι</span> <span class='ocrx_word' id='word_1_321' title='bbox 784 1241 829 1269; x_wconf 66' lang='grc' dir='ltr'><strong>ἐπῖ</strong></span> <span class='ocrx_word' id='word_1_322' title='bbox 844 1241 991 1278; x_wconf 81' lang='grc' dir='ltr'>θαλάσσης,</span> 
     </span>
    </p>
   </div>
   <div class='ocr_carea' id='block_1_44' title="bbox 168 1285 991 1325">
    <p class='ocr_par' dir='ltr' id='par_1_44' title="bbox 168 1285 991 1325">
     <span class='ocr_line' id='line_1_44' title="bbox 168 1285 991 1325; baseline 0 -10"><span class='ocrx_word' id='word_1_323' title='bbox 168 1288 212 1319; x_wconf 84' lang='grc' dir='ltr'>Ὠς</span> <span class='ocrx_word' id='word_1_324' title='bbox 227 1287 279 1325; x_wconf 73' lang='grc' dir='ltr'><strong>γὰρ</strong></span> <span class='ocrx_word' id='word_1_325' title='bbox 310 1289 395 1314; x_wconf 86' lang='grc' dir='ltr'>ταῦτα</span> <span class='ocrx_word' id='word_1_326' title='bbox 425 1285 524 1314; x_wconf 80' lang='grc' dir='ltr'>δυνατὰ</span> <span class='ocrx_word' id='word_1_327' title='bbox 549 1287 622 1324; x_wconf 71' lang='grc' dir='ltr'>παρὰ</span> <span class='ocrx_word' id='word_1_328' title='bbox 645 1288 714 1323; x_wconf 80' lang='grc' dir='ltr'>Θεῷ,</span> <span class='ocrx_word' id='word_1_329' title='bbox 729 1285 847 1314; x_wconf 76' lang='grc' dir='ltr'>κάκεῖνο.</span> <span class='ocrx_word' id='word_1_330' title='bbox 874 1286 991 1315; x_wconf 75' lang='grc' dir='ltr'>Ἄπολλ.</span> 
     </span>
    </p>
   </div>
   <div class='ocr_carea' id='block_1_45' title="bbox 170 1330 992 1369">
    <p class='ocr_par' dir='ltr' id='par_1_45' title="bbox 170 1330 992 1369">
     <span class='ocr_line' id='line_1_45' title="bbox 170 1330 992 1369; baseline 0.001 -10"><span class='ocrx_word' id='word_1_331' title='bbox 170 1333 328 1369; x_wconf 70' lang='grc' dir='ltr'>’Δνθρωπον</span> <span class='ocrx_word' id='word_1_332' title='bbox 345 1330 390 1359; x_wconf 77' lang='grc' dir='ltr'>οὖν</span> <span class='ocrx_word' id='word_1_333' title='bbox 407 1330 544 1369; x_wconf 65' lang='grc' dir='ltr'>ἐγέννησεν</span> <span class='ocrx_word' id='word_1_334' title='bbox 571 1330 680 1368; x_wconf 82' lang='grc' dir='ltr'>Μαρία;</span> <span class='ocrx_word' id='word_1_335' title='bbox 707 1332 783 1368; x_wconf 67' lang='grc' dir='ltr'>Ὀρθ.</span> <span class='ocrx_word' id='word_1_336' title='bbox 806 1330 895 1358; x_wconf 76' lang='grc' dir='ltr'>Ψιλὸν</span> <span class='ocrx_word' id='word_1_337' title='bbox 925 1332 992 1368; x_wconf 88' lang='grc'><strong>(63),</strong></span> 
     </span>
    </p>
   </div>
   <div class='ocr_carea' id='block_1_46' title="bbox 169 1375 990 1414">
    <p class='ocr_par' dir='ltr' id='par_1_46' title="bbox 169 1375 990 1414">
     <span class='ocr_line' id='line_1_46' title="bbox 169 1375 990 1414; baseline -0.002 -10"><span class='ocrx_word' id='word_1_338' title='bbox 169 1375 210 1404; x_wconf 72' lang='grc' dir='ltr'>οὔ·</span> <span class='ocrx_word' id='word_1_339' title='bbox 228 1375 300 1404; x_wconf 81' lang='grc' dir='ltr'><strong>ἀλλᾶ</strong></span> <span class='ocrx_word' id='word_1_340' title='bbox 324 1376 387 1403; x_wconf 87' lang='grc' dir='ltr'>Θεὸν</span> <span class='ocrx_word' id='word_1_341' title='bbox 413 1375 665 1413; x_wconf 73' lang='grc' dir='ltr'>ἐνανθρωπήσαντα.</span> <span class='ocrx_word' id='word_1_342' title='bbox 697 1377 808 1414; x_wconf 78' lang='grc' dir='ltr'>Πρῷτον</span> <span class='ocrx_word' id='word_1_343' title='bbox 822 1375 873 1414; x_wconf 73' lang='grc' dir='ltr'><strong>γὰρ</strong></span> <span class='ocrx_word' id='word_1_344' title='bbox 894 1376 909 1403; x_wconf 80' lang='grc' dir='ltr'><strong>ὁ</strong></span> <span class='ocrx_word' id='word_1_345' title='bbox 938 1375 990 1403; x_wconf 66' lang='lat' dir='ltr'><strong>K5-</strong></span> 
     </span>
    </p>
   </div>
   <div class='ocr_carea' id='block_1_47' title="bbox 169 1419 995 1459">
    <p class='ocr_par' dir='ltr' id='par_1_47' title="bbox 169 1419 995 1459">
     <span class='ocr_line' id='line_1_47' title="bbox 169 1419 995 1459; baseline -0.001 -11"><span class='ocrx_word' id='word_1_346' title='bbox 169 1431 227 1459; x_wconf 84' lang='grc' dir='ltr'>ριος</span> <span class='ocrx_word' id='word_1_347' title='bbox 250 1424 307 1457; x_wconf 73' lang='grc' dir='ltr'>μετ’</span> <span class='ocrx_word' id='word_1_348' title='bbox 319 1420 403 1455; x_wconf 76' lang='grc' dir='ltr'>αὐτῆς</span> <span class='ocrx_word' id='word_1_349' title='bbox 431 1421 540 1454; x_wconf 67' lang='grc' dir='ltr'>θεϊιῶς,</span> <span class='ocrx_word' id='word_1_350' title='bbox 564 1419 609 1447; x_wconf 84' lang='grc' dir='ltr'><strong>καὶ</strong></span> <span class='ocrx_word' id='word_1_351' title='bbox 633 1420 694 1448; x_wconf 78' lang='grc' dir='ltr'>τότε</span> <span class='ocrx_word' id='word_1_352' title='bbox 718 1419 742 1456; x_wconf 75' lang='grc' dir='ltr'><strong>ἐξ</strong></span> <span class='ocrx_word' id='word_1_353' title='bbox 758 1419 841 1453; x_wconf 73' lang='grc' dir='ltr'>αὐτῆς</span> <span class='ocrx_word' id='word_1_354' title='bbox 857 1419 995 1456; x_wconf 80' lang='grc' dir='ltr'>οἱκονομι·</span> 
     </span>
    </p>
   </div>
   <div class='ocr_carea' id='block_1_48' title="bbox 170 1463 992 1502">
    <p class='ocr_par' dir='ltr' id='par_1_48' title="bbox 170 1463 992 1502">
     <span class='ocr_line' id='line_1_48' title="bbox 170 1463 992 1502; baseline 0.001 -9"><span class='ocrx_word' id='word_1_355' title='bbox 170 1468 225 1496; x_wconf 80' lang='grc' dir='ltr'><strong>κῶς</strong></span> <span class='ocrx_word' id='word_1_356' title='bbox 254 1463 373 1492; x_wconf 78' lang='grc' dir='ltr'>παιδίον·</span> <span class='ocrx_word' id='word_1_357' title='bbox 405 1464 447 1492; x_wconf 84' lang='grc' dir='ltr'><strong>διὸ</strong></span> <span class='ocrx_word' id='word_1_358' title='bbox 475 1465 520 1492; x_wconf 82' lang='grc' dir='ltr'><strong>καὶ</strong></span> <span class='ocrx_word' id='word_1_359' title='bbox 544 1464 674 1496; x_wconf 84' lang='grc' dir='ltr'>Θεοτόκος</span> <span class='ocrx_word' id='word_1_360' title='bbox 702 1466 720 1500; x_wconf 82' lang='grc' dir='ltr'>ἠ</span> <span class='ocrx_word' id='word_1_361' title='bbox 751 1465 849 1502; x_wconf 78' lang='grc' dir='ltr'>Μαρία.</span> <span class='ocrx_word' id='word_1_362' title='bbox 875 1464 992 1494; x_wconf 86' lang='grc' dir='ltr'>Ἀπολλ.</span> 
     </span>
    </p>
   </div>
   <div class='ocr_carea' id='block_1_49' title="bbox 171 1508 995 1548">
    <p class='ocr_par' dir='ltr' id='par_1_49' title="bbox 171 1508 995 1548">
     <span class='ocr_line' id='line_1_49' title="bbox 171 1508 995 1548; baseline 0.001 -12"><span class='ocrx_word' id='word_1_363' title='bbox 171 1510 333 1548; x_wconf 63' lang='grc' dir='ltr'>Ἀλθρωπος</span> <span class='ocrx_word' id='word_1_364' title='bbox 349 1508 394 1537; x_wconf 78' lang='grc' dir='ltr'>οὖν</span> <span class='ocrx_word' id='word_1_365' title='bbox 422 1509 578 1547; x_wconf 75' lang='grc' dir='ltr'><strong>ἐσταυρώθη</strong></span> <span class='ocrx_word' id='word_1_366' title='bbox 605 1509 670 1548; x_wconf 77' lang='grc' dir='ltr'>ὑπὶρ</span> <span class='ocrx_word' id='word_1_367' title='bbox 686 1511 786 1546; x_wconf 80' lang='grc' dir='ltr'><strong>ὴμῶν;</strong></span> <span class='ocrx_word' id='word_1_368' title='bbox 803 1510 875 1547; x_wconf 86' lang='grc' dir='ltr'>Ὀρθ.</span> <span class='ocrx_word' id='word_1_369' title='bbox 893 1509 995 1545; x_wconf 79' lang='grc' dir='ltr'>Ψιλὸς,</span> 
     </span>
    </p>
   </div>
   <div class='ocr_carea' id='block_1_50' title="bbox 170 1553 995 1592">
    <p class='ocr_par' dir='ltr' id='par_1_50' title="bbox 170 1553 995 1592">
     <span class='ocr_line' id='line_1_50' title="bbox 170 1553 995 1592; baseline 0 -11"><span class='ocrx_word' id='word_1_370' title='bbox 170 1553 212 1582; x_wconf 73' lang='grc' dir='ltr'><strong>οὔ’</strong></span> <span class='ocrx_word' id='word_1_371' title='bbox 232 1553 306 1581; x_wconf 77' lang='grc' dir='ltr'>ἀλλὰ</span> <span class='ocrx_word' id='word_1_372' title='bbox 325 1554 388 1584; x_wconf 83' lang='grc' dir='ltr'>Θεὸς</span> <span class='ocrx_word' id='word_1_373' title='bbox 403 1553 439 1581; x_wconf 81' lang='grc' dir='ltr'>ὥν</span> <span class='ocrx_word' id='word_1_374' title='bbox 456 1555 470 1582; x_wconf 90' lang='grc' dir='ltr'>ὁ</span> <span class='ocrx_word' id='word_1_375' title='bbox 491 1556 539 1581; x_wconf 84' lang='grc' dir='ltr'>τοῦ</span> <span class='ocrx_word' id='word_1_376' title='bbox 555 1556 621 1582; x_wconf 82' lang='grc' dir='ltr'>Θεοῦ</span> <span class='ocrx_word' id='word_1_377' title='bbox 646 1554 718 1589; x_wconf 79' lang='grc' dir='ltr'>Υἱὸς,</span> <span class='ocrx_word' id='word_1_378' title='bbox 750 1553 894 1592; x_wconf 82' lang='grc' dir='ltr'>βουληθεὶς</span> <span class='ocrx_word' id='word_1_379' title='bbox 919 1564 995 1581; x_wconf 84' lang='grc' dir='ltr'>σταυ-</span> 
     </span>
    </p>
   </div>
   <div class='ocr_carea' id='block_1_51' title="bbox 171 1595 996 1637">
    <p class='ocr_par' dir='ltr' id='par_1_51' title="bbox 171 1595 996 1637">
     <span class='ocr_line' id='line_1_51' title="bbox 171 1595 996 1637; baseline 0.001 -12"><span class='ocrx_word' id='word_1_380' title='bbox 171 1602 294 1637; x_wconf 83' lang='grc' dir='ltr'>ρωθῆναι</span> <span class='ocrx_word' id='word_1_381' title='bbox 311 1599 376 1635; x_wconf 77' lang='grc' dir='ltr'>ὑπὲρ</span> <span class='ocrx_word' id='word_1_382' title='bbox 389 1599 481 1635; x_wconf 82' lang='grc' dir='ltr'>ἡμῶν,</span> <span class='ocrx_word' id='word_1_383' title='bbox 492 1597 597 1634; x_wconf 73' lang='grc' dir='ltr'>ἥνωσεν</span> <span class='ocrx_word' id='word_1_384' title='bbox 613 1599 699 1635; x_wconf 69' lang='grc' dir='ltr'>ἑαυτῷ</span> <span class='ocrx_word' id='word_1_385' title='bbox 715 1600 794 1635; x_wconf 78' lang='grc' dir='ltr'>σῶμα</span> <span class='ocrx_word' id='word_1_386' title='bbox 809 1595 933 1637; x_wconf 72' lang='grc' dir='ltr'>ἔμψυχον</span> <span class='ocrx_word' id='word_1_387' title='bbox 951 1598 996 1627; x_wconf 86' lang='grc' dir='ltr'>λο-</span> 
     </span>
    </p>
   </div>
   <div class='ocr_carea' id='block_1_52' title="bbox 172 1641 994 1681">
    <p class='ocr_par' dir='ltr' id='par_1_52' title="bbox 172 1641 994 1681">
     <span class='ocr_line' id='line_1_52' title="bbox 172 1641 994 1681; baseline 0 -11"><span class='ocrx_word' id='word_1_388' title='bbox 172 1643 263 1681; x_wconf 76' lang='grc' dir='ltr'>γικὸν,</span> <span class='ocrx_word' id='word_1_389' title='bbox 279 1643 310 1670; x_wconf 85' lang='grc' dir='ltr'><strong>τὸ</strong></span> <span class='ocrx_word' id='word_1_390' title='bbox 334 1641 479 1679; x_wconf 82' lang='grc' dir='ltr'>δυνάμενον</span> <span class='ocrx_word' id='word_1_391' title='bbox 505 1643 691 1680; x_wconf 75' lang='grc' dir='ltr'>σταυρωθῆναι</span> <span class='ocrx_word' id='word_1_392' title='bbox 711 1643 778 1679; x_wconf 81' lang='grc' dir='ltr'>μετᾶ</span> <span class='ocrx_word' id='word_1_393' title='bbox 792 1642 916 1670; x_wconf 70' lang='grc' dir='ltr'>ἑκουσίου</span> <span class='ocrx_word' id='word_1_394' title='bbox 943 1643 994 1670; x_wconf 85' lang='grc' dir='ltr'>πά-</span> 
     </span>
    </p>
   </div>
   <div class='ocr_carea' id='block_1_53' title="bbox 174 1686 994 1725">
    <p class='ocr_par' dir='ltr' id='par_1_53' title="bbox 174 1686 994 1725">
     <span class='ocr_line' id='line_1_53' title="bbox 174 1686 994 1725; baseline 0 -10"><span class='ocrx_word' id='word_1_395' title='bbox 174 1694 249 1720; x_wconf 82' lang='grc' dir='ltr'>θους.</span> <span class='ocrx_word' id='word_1_396' title='bbox 265 1686 384 1715; x_wconf 71' lang='grc' dir='ltr'>Ἄπολλ.</span> <span class='ocrx_word' id='word_1_397' title='bbox 415 1688 464 1715; x_wconf 81' lang='grc' dir='ltr'><strong>Διά</strong></span> <span class='ocrx_word' id='word_1_398' title='bbox 488 1687 514 1714; x_wconf 87' lang='grc' dir='ltr'>τί</span> <span class='ocrx_word' id='word_1_399' title='bbox 536 1686 637 1725; x_wconf 72' lang='grc' dir='ltr'>λὲγεις,</span> <span class='ocrx_word' id='word_1_400' title='bbox 658 1691 845 1725; x_wconf 74' lang='grc' dir='ltr'>σταυρωθῆναι</span> <span class='ocrx_word' id='word_1_401' title='bbox 864 1687 930 1724; x_wconf 74' lang='grc' dir='ltr'>μετὰ</span> <span class='ocrx_word' id='word_1_402' title='bbox 944 1686 994 1715; x_wconf 67' lang='grc' dir='ltr'><strong>πά-</strong></span> 
     </span>
    </p>
   </div>
   <div class='ocr_carea' id='block_1_54' title="bbox 174 1730 996 1769">
    <p class='ocr_par' dir='ltr' id='par_1_54' title="bbox 174 1730 996 1769">
     <span class='ocr_line' id='line_1_54' title="bbox 174 1730 996 1769; baseline 0 -10"><span class='ocrx_word' id='word_1_403' title='bbox 174 1738 260 1766; x_wconf 82' lang='grc' dir='ltr'>θους;</span> <span class='ocrx_word' id='word_1_404' title='bbox 278 1731 364 1760; x_wconf 87' lang='grc' dir='ltr'>Ἀλλο</span> <span class='ocrx_word' id='word_1_405' title='bbox 393 1731 449 1759; x_wconf 71' lang='grc' dir='ltr'>ἐστὶ</span> <span class='ocrx_word' id='word_1_406' title='bbox 479 1731 629 1769; x_wconf 75' lang='grc' dir='ltr'>σταύρωσιιτ</span> <span class='ocrx_word' id='word_1_407' title='bbox 657 1732 723 1768; x_wconf 77' lang='grc'>(64),</span> <span class='ocrx_word' id='word_1_408' title='bbox 744 1730 788 1759; x_wconf 80' lang='grc' dir='ltr'><strong>καὶ</strong></span> <span class='ocrx_word' id='word_1_409' title='bbox 804 1730 874 1759; x_wconf 68' lang='grc' dir='ltr'>ἄλλο</span> <span class='ocrx_word' id='word_1_410' title='bbox 889 1732 996 1768; x_wconf 79' lang='grc' dir='ltr'>πάθος;</span> 
     </span>
    </p>
   </div>
   <div class='ocr_carea' id='block_1_55' title="bbox 175 1774 997 1815">
    <p class='ocr_par' dir='ltr' id='par_1_55' title="bbox 175 1774 997 1815">
     <span class='ocr_line' id='line_1_55' title="bbox 175 1774 997 1815; baseline -0.002 -10"><span class='ocrx_word' id='word_1_411' title='bbox 175 1777 250 1815; x_wconf 80' lang='grc' dir='ltr'><strong>Ὀρθ.</strong></span> <span class='ocrx_word' id='word_1_412' title='bbox 267 1776 406 1804; x_wconf 76' lang='grc' dir='ltr'>Ἐκοῦσιον</span> <span class='ocrx_word' id='word_1_413' title='bbox 422 1776 466 1803; x_wconf 84' lang='grc' dir='ltr'><strong>καὶ</strong></span> <span class='ocrx_word' id='word_1_414' title='bbox 483 1776 563 1804; x_wconf 79' lang='grc' dir='ltr'>πάνυ.</span> <span class='ocrx_word' id='word_1_415' title='bbox 579 1774 694 1804; x_wconf 85' lang='grc' dir='ltr'>Ἀπολλ.</span> <span class='ocrx_word' id='word_1_416' title='bbox 722 1777 801 1810; x_wconf 88' lang='grc' dir='ltr'><strong>Πῶς;</strong></span> <span class='ocrx_word' id='word_1_417' title='bbox 831 1776 905 1813; x_wconf 84' lang='grc' dir='ltr'>Ὀρθ.</span> <span class='ocrx_word' id='word_1_418' title='bbox 935 1777 997 1805; x_wconf 84' lang='grc' dir='ltr'><strong>’Ὁτι</strong></span> 
     </span>
    </p>
   </div>
   <div class='ocr_carea' id='block_1_56' title="bbox 174 1819 998 1859">
    <p class='ocr_par' dir='ltr' id='par_1_56' title="bbox 174 1819 998 1859">
     <span class='ocr_line' id='line_1_56' title="bbox 174 1819 998 1859; baseline -0.002 -9"><span class='ocrx_word' id='word_1_419' title='bbox 174 1823 257 1858; x_wconf 82' lang='grc' dir='ltr'>σῶμα</span> <span class='ocrx_word' id='word_1_420' title='bbox 271 1819 395 1859; x_wconf 82' lang='grc' dir='ltr'>ἔμψυχον</span> <span class='ocrx_word' id='word_1_421' title='bbox 409 1821 597 1858; x_wconf 80' lang='grc' dir='ltr'>σταυρωθῆναι</span> <span class='ocrx_word' id='word_1_422' title='bbox 614 1819 734 1855; x_wconf 79' lang='grc' dir='ltr'>δύναται,</span> <span class='ocrx_word' id='word_1_423' title='bbox 758 1821 851 1848; x_wconf 82' lang='grc' dir='ltr'>παθεῖν</span> <span class='ocrx_word' id='word_1_424' title='bbox 874 1819 902 1848; x_wconf 77' lang='grc' dir='ltr'><strong>δὶ</strong></span> <span class='ocrx_word' id='word_1_425' title='bbox 924 1821 998 1849; x_wconf 60' lang='grc' dir='ltr'>ἣκου-</span> 
     </span>
    </p>
   </div>
   <div class='ocr_carea' id='block_1_57' title="bbox 176 1863 997 1903">
    <p class='ocr_par' dir='ltr' id='par_1_57' title="bbox 176 1863 997 1903">
     <span class='ocr_line' id='line_1_57' title="bbox 176 1863 997 1903; baseline 0.002 -11"><span class='ocrx_word' id='word_1_426' title='bbox 176 1865 243 1896; x_wconf 84' lang='grc' dir='ltr'>σίως</span> <span class='ocrx_word' id='word_1_427' title='bbox 258 1865 288 1893; x_wconf 85' lang='grc' dir='ltr'>οὐ</span> <span class='ocrx_word' id='word_1_428' title='bbox 305 1864 424 1902; x_wconf 74' lang='grc' dir='ltr'>δύναται,</span> <span class='ocrx_word' id='word_1_429' title='bbox 441 1866 479 1902; x_wconf 80' lang='grc' dir='ltr'>μὴ</span> <span class='ocrx_word' id='word_1_430' title='bbox 495 1864 523 1892; x_wconf 79' lang='grc' dir='ltr'><strong>ὃν</strong></span> <span class='ocrx_word' id='word_1_431' title='bbox 546 1863 670 1903; x_wconf 84' lang='grc' dir='ltr'>ἔμψυχον</span> <span class='ocrx_word' id='word_1_432' title='bbox 689 1865 809 1903; x_wconf 73' lang='grc' dir='ltr'>λογικόν.</span> <span class='ocrx_word' id='word_1_433' title='bbox 840 1866 889 1893; x_wconf 86' lang='grc' dir='ltr'>Καὶ</span> <span class='ocrx_word' id='word_1_434' title='bbox 917 1865 997 1894; x_wconf 77' lang='grc' dir='ltr'>τοῦτό</span> 
     </span>
    </p>
   </div>
   <div class='ocr_carea' id='block_1_58' title="bbox 175 1907 997 1949">
    <p class='ocr_par' dir='ltr' id='par_1_58' title="bbox 175 1907 997 1949">
     <span class='ocr_line' id='line_1_58' title="bbox 175 1907 997 1949; baseline 0.002 -12"><span class='ocrx_word' id='word_1_435' title='bbox 175 1910 232 1938; x_wconf 72' lang='grc' dir='ltr'>ἰστι</span> <span class='ocrx_word' id='word_1_436' title='bbox 246 1910 277 1937; x_wconf 85' lang='grc' dir='ltr'><strong>τὸ</strong></span> <span class='ocrx_word' id='word_1_437' title='bbox 292 1907 417 1947; x_wconf 67' lang='grc' dir='ltr'>ἀσέϐημα</span> <span class='ocrx_word' id='word_1_438' title='bbox 430 1910 483 1937; x_wconf 79' lang='grc' dir='ltr'>τῶν</span> <span class='ocrx_word' id='word_1_439' title='bbox 499 1909 646 1947; x_wconf 69' lang='grc' dir='ltr'>λέγοντων,</span> <span class='ocrx_word' id='word_1_440' title='bbox 662 1909 704 1937; x_wconf 82' lang='grc' dir='ltr'><strong>ὃτι</strong></span> <span class='ocrx_word' id='word_1_441' title='bbox 725 1910 817 1948; x_wconf 76' lang='grc' dir='ltr'>ψυχὴν</span> <span class='ocrx_word' id='word_1_442' title='bbox 841 1910 890 1938; x_wconf 69' lang='grc' dir='ltr'>οὐκ</span> <span class='ocrx_word' id='word_1_443' title='bbox 914 1910 997 1949; x_wconf 79' lang='grc' dir='ltr'>εἶχεν.</span> 
     </span>
    </p>
   </div>
   <div class='ocr_carea' id='block_1_59' title="bbox 174 1953 998 1993">
    <p class='ocr_par' dir='ltr' id='par_1_59' title="bbox 174 1953 998 1993">
     <span class='ocr_line' id='line_1_59' title="bbox 174 1953 998 1993; baseline 0.001 -11"><span class='ocrx_word' id='word_1_444' title='bbox 174 1957 229 1982; x_wconf 91' lang='grc' dir='ltr'>Τοῦ</span> <span class='ocrx_word' id='word_1_445' title='bbox 243 1955 293 1993; x_wconf 70' lang='grc' dir='ltr'><strong>γὰρ</strong></span> <span class='ocrx_word' id='word_1_446' title='bbox 308 1954 434 1991; x_wconf 78' lang='grc' dir='ltr'>σώματος</span> <span class='ocrx_word' id='word_1_447' title='bbox 450 1955 488 1991; x_wconf 88' lang='grc' dir='ltr'>μὴ</span> <span class='ocrx_word' id='word_1_448' title='bbox 518 1953 668 1991; x_wconf 71' lang='grc' dir='ltr'>δυναμένου</span> <span class='ocrx_word' id='word_1_449' title='bbox 692 1954 852 1990; x_wconf 80' lang='grc' dir='ltr'>αἱσθηθῆναι</span> <span class='ocrx_word' id='word_1_450' title='bbox 875 1955 998 1983; x_wconf 76' lang='grc' dir='ltr'>ἑκουσίου</span> 
     </span>
    </p>
   </div>
   <div class='ocr_carea' id='block_1_60' title="bbox 175 1998 998 2038">
    <p class='ocr_par' dir='ltr' id='par_1_60' title="bbox 175 1998 998 2038">
     <span class='ocr_line' id='line_1_60' title="bbox 175 1998 998 2038; baseline -0.001 -11"><span class='ocrx_word' id='word_1_451' title='bbox 175 1999 278 2030; x_wconf 68' lang='grc' dir='ltr'>πάθους</span> <span class='ocrx_word' id='word_1_452' title='bbox 307 1998 368 2026; x_wconf 78' lang='grc' dir='ltr'>ἃνευ</span> <span class='ocrx_word' id='word_1_453' title='bbox 393 2000 496 2036; x_wconf 82' lang='grc' dir='ltr'>ψυχῆς,</span> <span class='ocrx_word' id='word_1_454' title='bbox 520 1998 621 2037; x_wconf 76' lang='grc' dir='ltr'>ἀνάγκη</span> <span class='ocrx_word' id='word_1_455' title='bbox 647 1999 691 2026; x_wconf 84' lang='grc' dir='ltr'><strong>τὸν</strong></span> <span class='ocrx_word' id='word_1_456' title='bbox 716 1999 801 2037; x_wconf 82' lang='grc' dir='ltr'>Λόγον</span> <span class='ocrx_word' id='word_1_457' title='bbox 822 1999 879 2027; x_wconf 82' lang='grc' dir='ltr'>ἀντὶ</span> <span class='ocrx_word' id='word_1_458' title='bbox 905 2001 998 2038; x_wconf 82' lang='grc' dir='ltr'>ψυχῆς</span> 
     </span>
    </p>
   </div>
   <div class='ocr_carea' id='block_1_61' title="bbox 175 2041 999 2080">
    <p class='ocr_par' dir='ltr' id='par_1_61' title="bbox 175 2041 999 2080">
     <span class='ocr_line' id='line_1_61' title="bbox 175 2041 999 2080; baseline 0 -10"><span class='ocrx_word' id='word_1_459' title='bbox 175 2041 243 2071; x_wconf 75' lang='grc' dir='ltr'>ὄντα</span> <span class='ocrx_word' id='word_1_460' title='bbox 269 2043 373 2079; x_wconf 79' lang='grc' dir='ltr'>παθεῖν,</span> <span class='ocrx_word' id='word_1_461' title='bbox 402 2043 419 2078; x_wconf 76' lang='grc' dir='ltr'><strong>ἢ</strong></span> <span class='ocrx_word' id='word_1_462' title='bbox 451 2041 515 2080; x_wconf 84' lang='grc' dir='ltr'>μηδ’</span> <span class='ocrx_word' id='word_1_463' title='bbox 544 2042 617 2075; x_wconf 73' lang='grc' dir='ltr'>ὅλως</span> <span class='ocrx_word' id='word_1_464' title='bbox 646 2043 713 2070; x_wconf 78' lang='grc' dir='ltr'>εἶναι</span> <span class='ocrx_word' id='word_1_465' title='bbox 743 2042 868 2079; x_wconf 69' lang='grc' dir='ltr'>αἴσθησιν</span> <span class='ocrx_word' id='word_1_466' title='bbox 897 2043 999 2076; x_wconf 83' lang='grc' dir='ltr'>πάθους</span> 
     </span>
    </p>
   </div>
   <div class='ocr_carea' id='block_1_62' title="bbox 175 2088 311 2116">
    <p class='ocr_par' dir='ltr' id='par_1_62' title="bbox 175 2088 311 2116">
     <span class='ocr_line' id='line_1_62' title="bbox 175 2088 311 2116; baseline -0.007 0"><span class='ocrx_word' id='word_1_467' title='bbox 175 2088 311 2116; x_wconf 78' lang='grc' dir='ltr'>ἱκουσίου.</span> 
     </span>
    </p>
   </div>
   <div class='ocr_carea' id='block_1_63' title="bbox 1047 1022 1874 1061">
    <p class='ocr_par' dir='ltr' id='par_1_63' title="bbox 1047 1022 1874 1061">
     <span class='ocr_line' id='line_1_63' title="bbox 1047 1022 1874 1061; baseline 0.005 -12"><span class='ocrx_word' id='word_1_468' title='bbox 1047 1030 1113 1049; x_wconf 87' lang='lat' dir='ltr'><strong>rum</strong></span> <span class='ocrx_word' id='word_1_469' title='bbox 1130 1022 1325 1058; x_wconf 74' lang='lat' dir='ltr'><strong>perfecturum</strong></span> <span class='ocrx_word' id='word_1_470' title='bbox 1351 1023 1583 1051; x_wconf 80' lang='lat' dir='ltr'><strong>substantiarum</strong></span> <span class='ocrx_word' id='word_1_471' title='bbox 1610 1025 1702 1052; x_wconf 88' lang='lat' dir='ltr'><strong>unitio</strong></span> <span class='ocrx_word' id='word_1_472' title='bbox 1729 1026 1816 1061; x_wconf 82' lang='lat' dir='ltr'><strong>Apoll.</strong></span> <span class='ocrx_word' id='word_1_473' title='bbox 1834 1026 1874 1053; x_wconf 76' lang='lat' dir='ltr'><strong>Ex</strong></span> 
     </span>
    </p>
   </div>
   <div class='ocr_carea' id='block_1_64' title="bbox 1047 1066 1873 1103">
    <p class='ocr_par' dir='ltr' id='par_1_64' title="bbox 1047 1066 1873 1103">
     <span class='ocr_line' id='line_1_64' title="bbox 1047 1066 1873 1103; baseline 0.005 -9"><span class='ocrx_word' id='word_1_474' title='bbox 1047 1066 1163 1095; x_wconf 89' lang='lat' dir='ltr'><strong>duobus</strong></span> <span class='ocrx_word' id='word_1_475' title='bbox 1185 1067 1322 1103; x_wconf 77' lang='lat' dir='ltr'><strong>perfectis</strong></span> <span class='ocrx_word' id='word_1_476' title='bbox 1350 1076 1441 1095; x_wconf 89' lang='lat' dir='ltr'><strong>unum</strong></span> <span class='ocrx_word' id='word_1_477' title='bbox 1468 1069 1626 1103; x_wconf 70' lang='lat' dir='ltr'><strong>perfectum</strong></span> <span class='ocrx_word' id='word_1_478' title='bbox 1653 1078 1709 1097; x_wconf 90' lang='lat' dir='ltr'><strong>non</strong></span> <span class='ocrx_word' id='word_1_479' title='bbox 1735 1070 1873 1098; x_wconf 85' lang='lat' dir='ltr'><strong>efficitur.</strong></span> 
     </span>
    </p>
   </div>
   <div class='ocr_carea' id='block_1_65' title="bbox 1048 1111 1874 1147">
    <p class='ocr_par' dir='ltr' id='par_1_65' title="bbox 1048 1111 1874 1147">
     <span class='ocr_line' id='line_1_65' title="bbox 1048 1111 1874 1147; baseline 0.005 -9"><span class='ocrx_word' id='word_1_480' title='bbox 1048 1111 1124 1139; x_wconf 84' lang='lat' dir='ltr'><strong>Orth.</strong></span> <span class='ocrx_word' id='word_1_481' title='bbox 1147 1111 1233 1147; x_wconf 88' lang='lat' dir='ltr'><strong>Apud</strong></span> <span class='ocrx_word' id='word_1_482' title='bbox 1259 1111 1393 1140; x_wconf 86' lang='lat' dir='ltr'><strong>homines</strong></span> <span class='ocrx_word' id='word_1_483' title='bbox 1418 1113 1494 1140; x_wconf 67' lang='lat'><strong>460</strong></span> <span class='ocrx_word' id='word_1_484' title='bbox 1520 1113 1651 1141; x_wconf 76' lang='lat' dir='ltr'><strong>fortassis</strong></span> <span class='ocrx_word' id='word_1_485' title='bbox 1676 1113 1704 1140; x_wconf 91' lang='lat' dir='ltr'><strong>id</strong></span> <span class='ocrx_word' id='word_1_486' title='bbox 1731 1114 1790 1142; x_wconf 83' lang='lat' dir='ltr'><strong>fieri</strong></span> <span class='ocrx_word' id='word_1_487' title='bbox 1817 1123 1874 1142; x_wconf 93' lang='lat' dir='ltr'><strong>non</strong></span> 
     </span>
    </p>
   </div>
   <div class='ocr_carea' id='block_1_66' title="bbox 1046 1154 1874 1193">
    <p class='ocr_par' dir='ltr' id='par_1_66' title="bbox 1046 1154 1874 1193">
     <span class='ocr_line' id='line_1_66' title="bbox 1046 1154 1874 1193; baseline 0.005 -11"><span class='ocrx_word' id='word_1_488' title='bbox 1046 1156 1154 1190; x_wconf 84' lang='lat' dir='ltr'><strong>potest,</strong></span> <span class='ocrx_word' id='word_1_489' title='bbox 1170 1155 1219 1182; x_wconf 89' lang='lat' dir='ltr'><strong>sed</strong></span> <span class='ocrx_word' id='word_1_490' title='bbox 1237 1155 1314 1191; x_wconf 85' lang='lat' dir='ltr'><strong>apud</strong></span> <span class='ocrx_word' id='word_1_491' title='bbox 1331 1154 1422 1182; x_wconf 84' lang='lat' dir='ltr'><strong>Deum</strong></span> <span class='ocrx_word' id='word_1_492' title='bbox 1439 1156 1496 1183; x_wconf 78' lang='lat' dir='ltr'><strong>fieri</strong></span> <span class='ocrx_word' id='word_1_493' title='bbox 1521 1158 1623 1192; x_wconf 79' lang='lat' dir='ltr'><strong>potest.</strong></span> <span class='ocrx_word' id='word_1_494' title='bbox 1642 1158 1727 1193; x_wconf 81' lang='lat' dir='ltr'><strong>Apoll.</strong></span> <span class='ocrx_word' id='word_1_495' title='bbox 1745 1159 1874 1191; x_wconf 90' lang='lat' dir='ltr'><strong>Quomo-</strong></span> 
     </span>
    </p>
   </div>
   <div class='ocr_carea' id='block_1_67' title="bbox 1047 1198 1874 1239">
    <p class='ocr_par' dir='ltr' id='par_1_67' title="bbox 1047 1198 1874 1239">
     <span class='ocr_line' id='line_1_67' title="bbox 1047 1198 1874 1239; baseline 0.006 -13"><span class='ocrx_word' id='word_1_496' title='bbox 1047 1198 1107 1226; x_wconf 82' lang='lat' dir='ltr'><strong>do?</strong></span> <span class='ocrx_word' id='word_1_497' title='bbox 1122 1198 1200 1227; x_wconf 80' lang='lat' dir='ltr'><strong>Orth.</strong></span> <span class='ocrx_word' id='word_1_498' title='bbox 1225 1198 1262 1226; x_wconf 88' lang='lat' dir='ltr'><strong>Ut</strong></span> <span class='ocrx_word' id='word_1_499' title='bbox 1276 1199 1354 1235; x_wconf 89' lang='lat' dir='ltr'><strong>quod</strong></span> <span class='ocrx_word' id='word_1_500' title='bbox 1370 1200 1457 1236; x_wconf 81' lang='lat' dir='ltr'><strong>Vir-go</strong></span> <span class='ocrx_word' id='word_1_501' title='bbox 1474 1201 1617 1235; x_wconf 77' lang='lat' dir='ltr'><strong>genuerit,</strong></span> <span class='ocrx_word' id='word_1_502' title='bbox 1637 1205 1666 1229; x_wconf 88' lang='lat' dir='ltr'><strong>ut</strong></span> <span class='ocrx_word' id='word_1_503' title='bbox 1682 1203 1759 1239; x_wconf 80' lang='lat' dir='ltr'><strong>quod</strong></span> <span class='ocrx_word' id='word_1_504' title='bbox 1771 1203 1874 1238; x_wconf 83' lang='lat' dir='ltr'><strong>januis</strong></span> 
     </span>
    </p>
   </div>
   <div class='ocr_carea' id='block_1_68' title="bbox 1047 1242 1875 1279">
    <p class='ocr_par' dir='ltr' id='par_1_68' title="bbox 1047 1242 1875 1279">
     <span class='ocr_line' id='line_1_68' title="bbox 1047 1242 1875 1279; baseline 0.007 -9"><span class='ocrx_word' id='word_1_505' title='bbox 1047 1242 1153 1271; x_wconf 80' lang='lat' dir='ltr'><strong>clausis</strong></span> <span class='ocrx_word' id='word_1_506' title='bbox 1169 1251 1276 1279; x_wconf 87' lang='lat' dir='ltr'><strong>corpus</strong></span> <span class='ocrx_word' id='word_1_507' title='bbox 1300 1243 1438 1278; x_wconf 87' lang='lat' dir='ltr'><strong>solidum,</strong></span> <span class='ocrx_word' id='word_1_508' title='bbox 1457 1248 1484 1272; x_wconf 88' lang='lat' dir='ltr'><strong>ct</strong></span> <span class='ocrx_word' id='word_1_509' title='bbox 1501 1254 1533 1272; x_wconf 81' lang='lat' dir='ltr'><strong>ex</strong></span> <span class='ocrx_word' id='word_1_510' title='bbox 1561 1246 1698 1274; x_wconf 78' lang='lat' dir='ltr'><strong>carnibus</strong></span> <span class='ocrx_word' id='word_1_511' title='bbox 1715 1249 1743 1274; x_wconf 86' lang='lat' dir='ltr'><strong>et</strong></span> <span class='ocrx_word' id='word_1_512' title='bbox 1759 1248 1875 1276; x_wconf 87' lang='lat' dir='ltr'><strong>ossibus</strong></span> 
     </span>
    </p>
   </div>
   <div class='ocr_carea' id='block_1_69' title="bbox 1047 1287 1874 1325">
    <p class='ocr_par' dir='ltr' id='par_1_69' title="bbox 1047 1287 1874 1325">
     <span class='ocr_line' id='line_1_69' title="bbox 1047 1287 1874 1325; baseline 0.005 -10"><span class='ocrx_word' id='word_1_513' title='bbox 1047 1289 1245 1323; x_wconf 88' lang='lat' dir='ltr'><strong>compactum,</strong></span> <span class='ocrx_word' id='word_1_514' title='bbox 1259 1287 1414 1323; x_wconf 81' lang='lat' dir='ltr'><strong>introierit,</strong></span> <span class='ocrx_word' id='word_1_515' title='bbox 1433 1292 1462 1315; x_wconf 87' lang='lat' dir='ltr'><strong>ut</strong></span> <span class='ocrx_word' id='word_1_516' title='bbox 1479 1290 1554 1324; x_wconf 79' lang='lat' dir='ltr'><strong>quod</strong></span> <span class='ocrx_word' id='word_1_517' title='bbox 1574 1298 1661 1325; x_wconf 85' lang='lat' dir='ltr'><strong>supra</strong></span> <span class='ocrx_word' id='word_1_518' title='bbox 1679 1299 1757 1319; x_wconf 85' lang='lat' dir='ltr'><strong>mare</strong></span> <span class='ocrx_word' id='word_1_519' title='bbox 1773 1292 1874 1319; x_wconf 89' lang='lat' dir='ltr'><strong>ambu-</strong></span> 
     </span>
    </p>
   </div>
   <div class='ocr_carea' id='block_1_70' title="bbox 1046 1331 1874 1369">
    <p class='ocr_par' dir='ltr' id='par_1_70' title="bbox 1046 1331 1874 1369">
     <span class='ocr_line' id='line_1_70' title="bbox 1046 1331 1874 1369; baseline 0.005 -10"><span class='ocrx_word' id='word_1_520' title='bbox 1046 1331 1123 1360; x_wconf 83' lang='lat' dir='ltr'><strong>larit.</strong></span> <span class='ocrx_word' id='word_1_521' title='bbox 1141 1332 1212 1359; x_wconf 87' lang='lat' dir='ltr'><strong>Nam</strong></span> <span class='ocrx_word' id='word_1_522' title='bbox 1231 1334 1263 1360; x_wconf 91' lang='lat' dir='ltr'><strong>ut</strong></span> <span class='ocrx_word' id='word_1_523' title='bbox 1278 1332 1338 1360; x_wconf 70' lang='lat' dir='ltr'><strong>haec</strong></span> <span class='ocrx_word' id='word_1_524' title='bbox 1363 1333 1515 1369; x_wconf 77' lang='lat' dir='ltr'><strong>possibilia</strong></span> <span class='ocrx_word' id='word_1_525' title='bbox 1531 1334 1607 1369; x_wconf 80' lang='lat' dir='ltr'><strong>apud</strong></span> <span class='ocrx_word' id='word_1_526' title='bbox 1626 1335 1725 1367; x_wconf 76' lang='lat' dir='ltr'><strong>Deum,</strong></span> <span class='ocrx_word' id='word_1_527' title='bbox 1744 1336 1782 1363; x_wconf 90' lang='lat' dir='ltr'><strong>ita</strong></span> <span class='ocrx_word' id='word_1_528' title='bbox 1798 1338 1825 1363; x_wconf 82' lang='lat' dir='ltr'><strong>et</strong></span> <span class='ocrx_word' id='word_1_529' title='bbox 1840 1335 1874 1363; x_wconf 94' lang='lat' dir='ltr'><strong>il-</strong></span> 
     </span>
    </p>
   </div>
   <div class='ocr_carea' id='block_1_71' title="bbox 1048 1376 1871 1414">
    <p class='ocr_par' dir='ltr' id='par_1_71' title="bbox 1048 1376 1871 1414">
     <span class='ocr_line' id='line_1_71' title="bbox 1048 1376 1871 1414; baseline 0.004 -10"><span class='ocrx_word' id='word_1_530' title='bbox 1048 1376 1108 1404; x_wconf 90' lang='lat' dir='ltr'><strong>lud.</strong></span> <span class='ocrx_word' id='word_1_531' title='bbox 1125 1376 1212 1412; x_wconf 82' lang='lat' dir='ltr'><strong>Apoll.</strong></span> <span class='ocrx_word' id='word_1_532' title='bbox 1238 1376 1390 1405; x_wconf 85' lang='lat' dir='ltr'><strong>Hominem</strong></span> <span class='ocrx_word' id='word_1_533' title='bbox 1417 1378 1506 1413; x_wconf 74' lang='lat' dir='ltr'><strong>igitur</strong></span> <span class='ocrx_word' id='word_1_534' title='bbox 1529 1379 1630 1414; x_wconf 81' lang='lat' dir='ltr'><strong>genuit</strong></span> <span class='ocrx_word' id='word_1_535' title='bbox 1654 1379 1769 1407; x_wconf 79' lang='lat' dir='ltr'><strong>Maria?</strong></span> <span class='ocrx_word' id='word_1_536' title='bbox 1793 1381 1871 1409; x_wconf 73' lang='lat' dir='ltr'><strong>Orlli.</strong></span> 
     </span>
    </p>
   </div>
   <div class='ocr_carea' id='block_1_72' title="bbox 1049 1420 1869 1460">
    <p class='ocr_par' dir='ltr' id='par_1_72' title="bbox 1049 1420 1869 1460">
     <span class='ocr_line' id='line_1_72' title="bbox 1049 1420 1869 1460; baseline 0.004 -11"><span class='ocrx_word' id='word_1_537' title='bbox 1049 1420 1869 1460; x_wconf 71' lang='lat' dir='ltr'><strong>Nudumctduntaxathominem,ucquaquam,sedDeum,</strong></span> 
     </span>
    </p>
   </div>
   <div class='ocr_carea' id='block_1_73' title="bbox 1049 1464 1870 1496">
    <p class='ocr_par' dir='ltr' id='par_1_73' title="bbox 1049 1464 1870 1496">
     <span class='ocr_line' id='line_1_73' title="bbox 1049 1464 1870 1496; baseline 0.004 -3"><span class='ocrx_word' id='word_1_538' title='bbox 1049 1464 1197 1493; x_wconf 84' lang='lat' dir='ltr'><strong>hominem</strong></span> <span class='ocrx_word' id='word_1_539' title='bbox 1213 1465 1332 1494; x_wconf 85' lang='lat' dir='ltr'><strong>factum.</strong></span> <span class='ocrx_word' id='word_1_540' title='bbox 1347 1466 1474 1494; x_wconf 64' lang='lat' dir='ltr'><strong>Primum</strong></span> <span class='ocrx_word' id='word_1_541' title='bbox 1487 1467 1564 1494; x_wconf 85' lang='lat' dir='ltr'><strong>enim</strong></span> <span class='ocrx_word' id='word_1_542' title='bbox 1578 1467 1718 1495; x_wconf 88' lang='lat' dir='ltr'><strong>Dominus</strong></span> <span class='ocrx_word' id='word_1_543' title='bbox 1734 1468 1788 1496; x_wconf 88' lang='lat' dir='ltr'><strong>fuit</strong></span> <span class='ocrx_word' id='word_1_544' title='bbox 1804 1477 1870 1496; x_wconf 91' lang='lat' dir='ltr'><strong>cum</strong></span> 
     </span>
    </p>
   </div>
   <div class='ocr_carea' id='block_1_74' title="bbox 1049 1509 1871 1542">
    <p class='ocr_par' dir='ltr' id='par_1_74' title="bbox 1049 1509 1871 1542">
     <span class='ocr_line' id='line_1_74' title="bbox 1049 1509 1871 1542; baseline 0.005 -5"><span class='ocrx_word' id='word_1_545' title='bbox 1049 1517 1083 1537; x_wconf 82' lang='lat' dir='ltr'><strong>ea</strong></span> <span class='ocrx_word' id='word_1_546' title='bbox 1097 1509 1205 1542; x_wconf 83' lang='lat' dir='ltr'><strong>divine,</strong></span> <span class='ocrx_word' id='word_1_547' title='bbox 1221 1513 1250 1537; x_wconf 81' lang='lat' dir='ltr'><strong>et</strong></span> <span class='ocrx_word' id='word_1_548' title='bbox 1265 1512 1327 1537; x_wconf 87' lang='lat' dir='ltr'><strong>tum</strong></span> <span class='ocrx_word' id='word_1_549' title='bbox 1343 1510 1461 1538; x_wconf 84' lang='lat' dir='ltr'><strong>demum</strong></span> <span class='ocrx_word' id='word_1_550' title='bbox 1481 1511 1642 1538; x_wconf 75' lang='lat' dir='ltr'><strong>infantulus</strong></span> <span class='ocrx_word' id='word_1_551' title='bbox 1658 1520 1691 1539; x_wconf 78' lang='lat' dir='ltr'><strong>ex</strong></span> <span class='ocrx_word' id='word_1_552' title='bbox 1711 1520 1743 1539; x_wconf 82' lang='lat' dir='ltr'><strong>ea</strong></span> <span class='ocrx_word' id='word_1_553' title='bbox 1759 1521 1871 1541; x_wconf 86' lang='lat' dir='ltr'><strong>cecono-</strong></span> 
     </span>
    </p>
   </div>
   <div class='ocr_carea' id='block_1_75' title="bbox 1050 1554 1873 1593">
    <p class='ocr_par' dir='ltr' id='par_1_75' title="bbox 1050 1554 1873 1593">
     <span class='ocr_line' id='line_1_75' title="bbox 1050 1554 1873 1593; baseline 0.004 -11"><span class='ocrx_word' id='word_1_554' title='bbox 1050 1554 1125 1582; x_wconf 87' lang='lat' dir='ltr'><strong>micc</strong></span> <span class='ocrx_word' id='word_1_555' title='bbox 1141 1563 1148 1583; x_wconf 87' lang='lat'><strong>:</strong></span> <span class='ocrx_word' id='word_1_556' title='bbox 1164 1554 1354 1590; x_wconf 78' lang='lat' dir='ltr'><strong>quamobrem</strong></span> <span class='ocrx_word' id='word_1_557' title='bbox 1372 1555 1455 1582; x_wconf 67' lang='lat' dir='ltr'><strong>etiam</strong></span> <span class='ocrx_word' id='word_1_558' title='bbox 1477 1556 1596 1591; x_wconf 76' lang='lat' dir='ltr'><strong>Deipura</strong></span> <span class='ocrx_word' id='word_1_559' title='bbox 1613 1558 1655 1583; x_wconf 85' lang='lat' dir='ltr'><strong>est</strong></span> <span class='ocrx_word' id='word_1_560' title='bbox 1672 1556 1771 1583; x_wconf 76' lang='lat' dir='ltr'><strong>Maria.</strong></span> <span class='ocrx_word' id='word_1_561' title='bbox 1786 1557 1873 1593; x_wconf 77' lang='lat' dir='ltr'><strong>Apoll.</strong></span> 
     </span>
    </p>
   </div>
   <div class='ocr_carea' id='block_1_76' title="bbox 1050 1598 1874 1635">
    <p class='ocr_par' dir='ltr' id='par_1_76' title="bbox 1050 1598 1874 1635">
     <span class='ocr_line' id='line_1_76' title="bbox 1050 1598 1874 1635; baseline 0.004 -9"><span class='ocrx_word' id='word_1_562' title='bbox 1050 1599 1142 1626; x_wconf 82' lang='lat' dir='ltr'><strong>Homo</strong></span> <span class='ocrx_word' id='word_1_563' title='bbox 1157 1598 1247 1635; x_wconf 83' lang='lat' dir='ltr'><strong>igitur</strong></span> <span class='ocrx_word' id='word_1_564' title='bbox 1261 1598 1417 1627; x_wconf 78' lang='lat' dir='ltr'><strong>cruciﬁxus</strong></span> <span class='ocrx_word' id='word_1_565' title='bbox 1430 1603 1474 1627; x_wconf 81' lang='lat' dir='ltr'><strong>est</strong></span> <span class='ocrx_word' id='word_1_566' title='bbox 1491 1609 1541 1635; x_wconf 81' lang='lat' dir='ltr'><strong>pro</strong></span> <span class='ocrx_word' id='word_1_567' title='bbox 1560 1600 1642 1627; x_wconf 76' lang='lat' dir='ltr'><strong>nobis</strong></span> <span class='ocrx_word' id='word_1_568' title='bbox 1657 1603 1667 1628; x_wconf 70' lang='grc' dir='ltr'><em>Ρ</em></span> <span class='ocrx_word' id='word_1_569' title='bbox 1682 1602 1757 1629; x_wconf 86' lang='lat' dir='ltr'><strong>0rlh.</strong></span> <span class='ocrx_word' id='word_1_570' title='bbox 1773 1602 1874 1629; x_wconf 82' lang='lat' dir='ltr'><strong>Nudus</strong></span> 
     </span>
    </p>
   </div>
   <div class='ocr_carea' id='block_1_77' title="bbox 1052 1643 1873 1680">
    <p class='ocr_par' dir='ltr' id='par_1_77' title="bbox 1052 1643 1873 1680">
     <span class='ocr_line' id='line_1_77' title="bbox 1052 1643 1873 1680; baseline 0.002 -9"><span class='ocrx_word' id='word_1_571' title='bbox 1052 1643 1194 1671; x_wconf 82' lang='lat' dir='ltr'><strong>duntaxat</strong></span> <span class='ocrx_word' id='word_1_572' title='bbox 1216 1643 1315 1679; x_wconf 87' lang='lat' dir='ltr'><strong>homo,</strong></span> <span class='ocrx_word' id='word_1_573' title='bbox 1333 1652 1517 1680; x_wconf 81' lang='lat' dir='ltr'><strong>nequaquam</strong></span> <span class='ocrx_word' id='word_1_574' title='bbox 1537 1654 1542 1672; x_wconf 86' lang='lat'><strong>:</strong></span> <span class='ocrx_word' id='word_1_575' title='bbox 1560 1645 1608 1672; x_wconf 79' lang='lat' dir='ltr'><strong>sed</strong></span> <span class='ocrx_word' id='word_1_576' title='bbox 1628 1646 1674 1672; x_wconf 85' lang='lat' dir='ltr'><strong>Dei</strong></span> <span class='ocrx_word' id='word_1_577' title='bbox 1701 1645 1791 1674; x_wconf 84' lang='lat' dir='ltr'><strong>Filius</strong></span> <span class='ocrx_word' id='word_1_578' title='bbox 1806 1654 1873 1673; x_wconf 88' lang='lat' dir='ltr'><strong>cum</strong></span> 
     </span>
    </p>
   </div>
   <div class='ocr_carea' id='block_1_78' title="bbox 1051 1688 1877 1726">
    <p class='ocr_par' dir='ltr' id='par_1_78' title="bbox 1051 1688 1877 1726">
     <span class='ocr_line' id='line_1_78' title="bbox 1051 1688 1877 1726; baseline 0.002 -10"><span class='ocrx_word' id='word_1_579' title='bbox 1051 1688 1129 1716; x_wconf 85' lang='lat' dir='ltr'><strong>Deus</strong></span> <span class='ocrx_word' id='word_1_580' title='bbox 1152 1691 1239 1723; x_wconf 82' lang='lat' dir='ltr'><strong>esset,</strong></span> <span class='ocrx_word' id='word_1_581' title='bbox 1264 1688 1407 1725; x_wconf 83' lang='lat' dir='ltr'><strong>velletque</strong></span> <span class='ocrx_word' id='word_1_582' title='bbox 1432 1689 1562 1725; x_wconf 73' lang='lat' dir='ltr'><strong>Cl‘uclllgl</strong></span> <span class='ocrx_word' id='word_1_583' title='bbox 1589 1698 1639 1725; x_wconf 91' lang='lat' dir='ltr'><strong>pro</strong></span> <span class='ocrx_word' id='word_1_584' title='bbox 1665 1691 1759 1726; x_wconf 78' lang='lat' dir='ltr'><strong>nobis,</strong></span> <span class='ocrx_word' id='word_1_585' title='bbox 1785 1690 1877 1718; x_wconf 86' lang='lat' dir='ltr'><strong>univit</strong></span> 
     </span>
    </p>
   </div>
   <div class='ocr_carea' id='block_1_79' title="bbox 1052 1732 1874 1771">
    <p class='ocr_par' dir='ltr' id='par_1_79' title="bbox 1052 1732 1874 1771">
     <span class='ocr_line' id='line_1_79' title="bbox 1052 1732 1874 1771; baseline 0.004 -11"><span class='ocrx_word' id='word_1_586' title='bbox 1052 1732 1109 1760; x_wconf 87' lang='lat' dir='ltr'><strong>sibi</strong></span> <span class='ocrx_word' id='word_1_587' title='bbox 1124 1732 1180 1769; x_wconf 88' lang='lat' dir='ltr'><strong>ipsi</strong></span> <span class='ocrx_word' id='word_1_588' title='bbox 1197 1741 1302 1769; x_wconf 89' lang='lat' dir='ltr'><strong>corpus</strong></span> <span class='ocrx_word' id='word_1_589' title='bbox 1313 1733 1475 1761; x_wconf 82' lang='lat' dir='ltr'><strong>animalum</strong></span> <span class='ocrx_word' id='word_1_590' title='bbox 1493 1734 1614 1761; x_wconf 81' lang='lat' dir='ltr'><strong>rationis</strong></span> <span class='ocrx_word' id='word_1_591' title='bbox 1631 1735 1785 1771; x_wconf 81' lang='lat' dir='ltr'><strong>particeps,</strong></span> <span class='ocrx_word' id='word_1_592' title='bbox 1798 1735 1874 1771; x_wconf 92' lang='lat' dir='ltr'><strong>quod</strong></span> 
     </span>
    </p>
   </div>
   <div class='ocr_carea' id='block_1_80' title="bbox 1053 1777 1877 1815">
    <p class='ocr_par' dir='ltr' id='par_1_80' title="bbox 1053 1777 1877 1815">
     <span class='ocr_line' id='line_1_80' title="bbox 1053 1777 1877 1815; baseline 0.002 -10"><span class='ocrx_word' id='word_1_593' title='bbox 1053 1780 1152 1813; x_wconf 85' lang='lat' dir='ltr'><strong>posset</strong></span> <span class='ocrx_word' id='word_1_594' title='bbox 1167 1777 1297 1814; x_wconf 76' lang='lat' dir='ltr'><strong>crucifigi</strong></span> <span class='ocrx_word' id='word_1_595' title='bbox 1309 1787 1374 1806; x_wconf 89' lang='lat' dir='ltr'><strong>cum</strong></span> <span class='ocrx_word' id='word_1_596' title='bbox 1391 1779 1553 1806; x_wconf 83' lang='lat' dir='ltr'><strong>voluntaria</strong></span> <span class='ocrx_word' id='word_1_597' title='bbox 1565 1780 1708 1814; x_wconf 81' lang='lat' dir='ltr'><strong>passione.</strong></span> <span class='ocrx_word' id='word_1_598' title='bbox 1722 1780 1807 1815; x_wconf 82' lang='lat' dir='ltr'><strong>Apoll.</strong></span> <span class='ocrx_word' id='word_1_599' title='bbox 1821 1782 1877 1807; x_wconf 92' lang='lat' dir='ltr'><strong>Cur</strong></span> 
     </span>
    </p>
   </div>
   <div class='ocr_carea' id='block_1_81' title="bbox 1052 1821 1874 1858">
    <p class='ocr_par' dir='ltr' id='par_1_81' title="bbox 1052 1821 1874 1858">
     <span class='ocr_line' id='line_1_81' title="bbox 1052 1821 1874 1858; baseline 0.001 -9"><span class='ocrx_word' id='word_1_600' title='bbox 1052 1821 1126 1849; x_wconf 87' lang='lat' dir='ltr'><strong>dicis</strong></span> <span class='ocrx_word' id='word_1_601' title='bbox 1145 1822 1314 1850; x_wconf 80' lang='lat' dir='ltr'><strong>crucifixum</strong></span> <span class='ocrx_word' id='word_1_602' title='bbox 1341 1822 1430 1850; x_wconf 85' lang='lat' dir='ltr'><strong>fuisse</strong></span> <span class='ocrx_word' id='word_1_603' title='bbox 1447 1832 1511 1850; x_wconf 86' lang='lat' dir='ltr'><strong>cum</strong></span> <span class='ocrx_word' id='word_1_604' title='bbox 1531 1823 1688 1858; x_wconf 75' lang='lat' dir='ltr'><strong>passione?</strong></span> <span class='ocrx_word' id='word_1_605' title='bbox 1705 1824 1778 1850; x_wconf 89' lang='lat' dir='ltr'><strong>Num</strong></span> <span class='ocrx_word' id='word_1_606' title='bbox 1796 1824 1874 1850; x_wconf 80' lang='lat' dir='ltr'><strong>aliud</strong></span> 
     </span>
    </p>
   </div>
   <div class='ocr_carea' id='block_1_82' title="bbox 1052 1867 1877 1903">
    <p class='ocr_par' dir='ltr' id='par_1_82' title="bbox 1052 1867 1877 1903">
     <span class='ocr_line' id='line_1_82' title="bbox 1052 1867 1877 1903; baseline 0.001 -9"><span class='ocrx_word' id='word_1_607' title='bbox 1052 1869 1098 1894; x_wconf 85' lang='lat' dir='ltr'><strong>est</strong></span> <span class='ocrx_word' id='word_1_608' title='bbox 1122 1867 1282 1902; x_wconf 81' lang='lat' dir='ltr'><strong>cruciﬁxio,</strong></span> <span class='ocrx_word' id='word_1_609' title='bbox 1307 1875 1395 1903; x_wconf 85' lang='lat' dir='ltr'><strong>quam</strong></span> <span class='ocrx_word' id='word_1_610' title='bbox 1420 1868 1541 1902; x_wconf 81' lang='lat' dir='ltr'><strong>passio?</strong></span> <span class='ocrx_word' id='word_1_611' title='bbox 1566 1867 1639 1894; x_wconf 76' lang='lat' dir='ltr'><strong>Orth.</strong></span> <span class='ocrx_word' id='word_1_612' title='bbox 1667 1868 1740 1895; x_wconf 83' lang='lat' dir='ltr'><strong>Sane</strong></span> <span class='ocrx_word' id='word_1_613' title='bbox 1765 1876 1830 1895; x_wconf 86' lang='lat' dir='ltr'><strong>vero</strong></span> <span class='ocrx_word' id='word_1_614' title='bbox 1852 1868 1877 1895; x_wconf 87' lang='lat' dir='ltr'><strong>si</strong></span> 
     </span>
    </p>
   </div>
   <div class='ocr_carea' id='block_1_83' title="bbox 1051 1910 1875 1945">
    <p class='ocr_par' dir='ltr' id='par_1_83' title="bbox 1051 1910 1875 1945">
     <span class='ocr_line' id='line_1_83' title="bbox 1051 1910 1875 1945; baseline 0.001 -7"><span class='ocrx_word' id='word_1_615' title='bbox 1051 1910 1217 1939; x_wconf 85' lang='lat' dir='ltr'><strong>voluntaria</strong></span> <span class='ocrx_word' id='word_1_616' title='bbox 1241 1911 1289 1939; x_wconf 88' lang='lat' dir='ltr'><strong>sit.</strong></span> <span class='ocrx_word' id='word_1_617' title='bbox 1318 1912 1405 1945; x_wconf 88' lang='lat' dir='ltr'><strong>Apoll.</strong></span> <span class='ocrx_word' id='word_1_618' title='bbox 1433 1913 1604 1944; x_wconf 79' lang='lat' dir='ltr'><strong>Quomodo?</strong></span> <span class='ocrx_word' id='word_1_619' title='bbox 1628 1912 1696 1940; x_wconf 70' lang='lat' dir='ltr'><strong>Orth</strong></span> <span class='ocrx_word' id='word_1_620' title='bbox 1734 1912 1875 1944; x_wconf 75' lang='lat' dir='ltr'><strong>Quoniam</strong></span> 
     </span>
    </p>
   </div>
   <div class='ocr_carea' id='block_1_84' title="bbox 1052 1955 1875 1991">
    <p class='ocr_par' dir='ltr' id='par_1_84' title="bbox 1052 1955 1875 1991">
     <span class='ocr_line' id='line_1_84' title="bbox 1052 1955 1875 1991; baseline -0.001 -7"><span class='ocrx_word' id='word_1_621' title='bbox 1052 1963 1159 1991; x_wconf 81' lang='lat' dir='ltr'><strong>corpus</strong></span> <span class='ocrx_word' id='word_1_622' title='bbox 1174 1955 1336 1983; x_wconf 85' lang='lat' dir='ltr'><strong>animatum</strong></span> <span class='ocrx_word' id='word_1_623' title='bbox 1346 1958 1440 1990; x_wconf 84' lang='lat' dir='ltr'><strong>potest</strong></span> <span class='ocrx_word' id='word_1_624' title='bbox 1454 1957 1594 1991; x_wconf 77' lang='lat' dir='ltr'><strong>crucitigi,</strong></span> <span class='ocrx_word' id='word_1_625' title='bbox 1605 1956 1767 1983; x_wconf 75' lang='lat' dir='ltr'><strong>voluntarie</strong></span> <span class='ocrx_word' id='word_1_626' title='bbox 1778 1959 1875 1984; x_wconf 86' lang='lat' dir='ltr'><strong>autem</strong></span> 
     </span>
    </p>
   </div>
   <div class='ocr_carea' id='block_1_85' title="bbox 1053 2000 1876 2037">
    <p class='ocr_par' dir='ltr' id='par_1_85' title="bbox 1053 2000 1876 2037">
     <span class='ocr_line' id='line_1_85' title="bbox 1053 2000 1876 2037; baseline 0.001 -10"><span class='ocrx_word' id='word_1_627' title='bbox 1053 2000 1114 2037; x_wconf 87' lang='lat' dir='ltr'><strong>pati</strong></span> <span class='ocrx_word' id='word_1_628' title='bbox 1130 2008 1187 2027; x_wconf 90' lang='lat' dir='ltr'><strong>non</strong></span> <span class='ocrx_word' id='word_1_629' title='bbox 1204 2002 1300 2035; x_wconf 80' lang='lat' dir='ltr'><strong>potest</strong></span> <span class='ocrx_word' id='word_1_630' title='bbox 1314 2007 1420 2035; x_wconf 83' lang='lat' dir='ltr'><strong>corpus</strong></span> <span class='ocrx_word' id='word_1_631' title='bbox 1445 2000 1520 2034; x_wconf 83' lang='lat' dir='ltr'><strong>quod</strong></span> <span class='ocrx_word' id='word_1_632' title='bbox 1539 2009 1594 2026; x_wconf 92' lang='lat' dir='ltr'><strong>non</strong></span> <span class='ocrx_word' id='word_1_633' title='bbox 1612 2000 1698 2027; x_wconf 81' lang='lat' dir='ltr'><strong>fuerit</strong></span> <span class='ocrx_word' id='word_1_634' title='bbox 1713 2000 1876 2028; x_wconf 84' lang='lat' dir='ltr'><strong>animatum</strong></span> 
     </span>
    </p>
   </div>
   <div class='ocr_carea' id='block_1_86' title="bbox 1054 2043 1878 2080">
    <p class='ocr_par' dir='ltr' id='par_1_86' title="bbox 1054 2043 1878 2080">
     <span class='ocr_line' id='line_1_86' title="bbox 1054 2043 1878 2080; baseline 0 -8"><span class='ocrx_word' id='word_1_635' title='bbox 1054 2043 1142 2072; x_wconf 88' lang='lat' dir='ltr'><strong>simul</strong></span> <span class='ocrx_word' id='word_1_636' title='bbox 1159 2046 1187 2072; x_wconf 87' lang='lat' dir='ltr'><strong>et</strong></span> <span class='ocrx_word' id='word_1_637' title='bbox 1202 2043 1324 2071; x_wconf 87' lang='lat' dir='ltr'><strong>rationis</strong></span> <span class='ocrx_word' id='word_1_638' title='bbox 1340 2044 1493 2080; x_wconf 60' lang='lat' dir='ltr'><strong>particeps.</strong></span> <span class='ocrx_word' id='word_1_639' title='bbox 1508 2044 1540 2070; x_wconf 76' lang='lat' dir='ltr'><strong>Et</strong></span> <span class='ocrx_word' id='word_1_640' title='bbox 1553 2044 1612 2071; x_wconf 77' lang='lat' dir='ltr'><strong>haec</strong></span> <span class='ocrx_word' id='word_1_641' title='bbox 1629 2044 1677 2071; x_wconf 88' lang='lat' dir='ltr'><strong>illa</strong></span> <span class='ocrx_word' id='word_1_642' title='bbox 1686 2047 1730 2071; x_wconf 86' lang='lat' dir='ltr'><strong>est</strong></span> <span class='ocrx_word' id='word_1_643' title='bbox 1741 2045 1878 2080; x_wconf 86' lang='lat' dir='ltr'><strong>impietas</strong></span> 
     </span>
    </p>
   </div>
   <div class='ocr_carea' id='block_1_87' title="bbox 1053 2087 1877 2124">
    <p class='ocr_par' dir='ltr' id='par_1_87' title="bbox 1053 2087 1877 2124">
     <span class='ocr_line' id='line_1_87' title="bbox 1053 2087 1877 2124; baseline 0.001 -8"><span class='ocrx_word' id='word_1_644' title='bbox 1053 2096 1154 2117; x_wconf 83' lang='lat' dir='ltr'><strong>eorum</strong></span> <span class='ocrx_word' id='word_1_645' title='bbox 1163 2087 1213 2124; x_wconf 87' lang='lat' dir='ltr'><strong>qui</strong></span> <span class='ocrx_word' id='word_1_646' title='bbox 1225 2088 1373 2115; x_wconf 82' lang='lat' dir='ltr'><strong>Christum</strong></span> <span class='ocrx_word' id='word_1_647' title='bbox 1384 2091 1491 2123; x_wconf 74' lang='lat' dir='ltr'><strong>negant</strong></span> <span class='ocrx_word' id='word_1_648' title='bbox 1500 2088 1598 2115; x_wconf 83' lang='lat' dir='ltr'><strong>anima</strong></span> <span class='ocrx_word' id='word_1_649' title='bbox 1610 2089 1763 2124; x_wconf 64' lang='lat' dir='ltr'><strong>praeditum</strong></span> <span class='ocrx_word' id='word_1_650' title='bbox 1776 2089 1877 2117; x_wconf 88' lang='lat' dir='ltr'><strong>fuisse.</strong></span> 
     </span>
    </p>
   </div>
   <div class='ocr_carea' id='block_1_88' title="bbox 174 2132 1878 2170">
    <p class='ocr_par' dir='ltr' id='par_1_88' title="bbox 174 2132 1878 2170">
     <span class='ocr_line' id='line_1_88' title="bbox 174 2132 1878 2170; baseline -0.001 -8"><span class='ocrx_word' id='word_1_651' title='bbox 174 2135 250 2162; x_wconf 87' lang='lat' dir='ltr'><strong>Cum</strong></span> <span class='ocrx_word' id='word_1_652' title='bbox 266 2134 344 2162; x_wconf 86' lang='lat' dir='ltr'><strong>enim</strong></span> <span class='ocrx_word' id='word_1_653' title='bbox 360 2141 467 2170; x_wconf 84' lang='lat' dir='ltr'><strong>corpus</strong></span> <span class='ocrx_word' id='word_1_654' title='bbox 481 2133 592 2169; x_wconf 79' lang='lat' dir='ltr'><strong>absque</strong></span> <span class='ocrx_word' id='word_1_655' title='bbox 608 2133 707 2161; x_wconf 83' lang='lat' dir='ltr'><strong>anima</strong></span> <span class='ocrx_word' id='word_1_656' title='bbox 721 2142 779 2161; x_wconf 91' lang='lat' dir='ltr'><strong>non</strong></span> <span class='ocrx_word' id='word_1_657' title='bbox 796 2134 921 2169; x_wconf 85' lang='lat' dir='ltr'><strong>potuerit</strong></span> <span class='ocrx_word' id='word_1_658' title='bbox 932 2133 1125 2161; x_wconf 77' lang='lat' dir='ltr'><strong>voluntariam</strong></span> <span class='ocrx_word' id='word_1_659' title='bbox 1142 2132 1307 2169; x_wconf 86' lang='lat' dir='ltr'><strong>passionem</strong></span> <span class='ocrx_word' id='word_1_660' title='bbox 1323 2132 1440 2166; x_wconf 75' lang='lat' dir='ltr'><strong>sentire,</strong></span> <span class='ocrx_word' id='word_1_661' title='bbox 1455 2141 1571 2160; x_wconf 84' lang='lat' dir='ltr'><strong>necesse</strong></span> <span class='ocrx_word' id='word_1_662' title='bbox 1587 2135 1630 2160; x_wconf 74' lang='lat' dir='ltr'><strong>est</strong></span> <span class='ocrx_word' id='word_1_663' title='bbox 1645 2133 1782 2168; x_wconf 84' lang='lat' dir='ltr'><strong>Verbum,</strong></span> <span class='ocrx_word' id='word_1_664' title='bbox 1800 2133 1878 2169; x_wconf 88' lang='lat' dir='ltr'><strong>quod</strong></span> 
     </span>
    </p>
   </div>
   <div class='ocr_carea' id='block_1_89' title="bbox 175 2176 1621 2215">
    <p class='ocr_par' dir='ltr' id='par_1_89' title="bbox 175 2176 1621 2215">
     <span class='ocr_line' id='line_1_89' title="bbox 175 2176 1621 2215; baseline -0.002 -9"><span class='ocrx_word' id='word_1_665' title='bbox 175 2178 281 2207; x_wconf 67' lang='lat' dir='ltr'><strong>anima:</strong></span> <span class='ocrx_word' id='word_1_666' title='bbox 298 2177 360 2206; x_wconf 90' lang='lat' dir='ltr'><strong>loco</strong></span> <span class='ocrx_word' id='word_1_667' title='bbox 377 2178 473 2213; x_wconf 87' lang='lat' dir='ltr'><strong>fuerit,</strong></span> <span class='ocrx_word' id='word_1_668' title='bbox 489 2186 608 2214; x_wconf 81' lang='lat' dir='ltr'><strong>passum</strong></span> <span class='ocrx_word' id='word_1_669' title='bbox 625 2186 689 2206; x_wconf 83' lang='lat' dir='ltr'><strong>esse</strong></span> <span class='ocrx_word' id='word_1_670' title='bbox 704 2180 754 2206; x_wconf 83' lang='lat' dir='ltr'><strong>aut</strong></span> <span class='ocrx_word' id='word_1_671' title='bbox 770 2177 884 2206; x_wconf 90' lang='lat' dir='ltr'><strong>nullum</strong></span> <span class='ocrx_word' id='word_1_672' title='bbox 901 2186 1022 2215; x_wconf 85' lang='lat' dir='ltr'><strong>prorsus</strong></span> <span class='ocrx_word' id='word_1_673' title='bbox 1039 2178 1129 2206; x_wconf 85' lang='lat' dir='ltr'><strong>fuisse</strong></span> <span class='ocrx_word' id='word_1_674' title='bbox 1143 2176 1314 2205; x_wconf 78' lang='lat' dir='ltr'><strong>voluntariae</strong></span> <span class='ocrx_word' id='word_1_675' title='bbox 1330 2177 1474 2213; x_wconf 73' lang='lat' dir='ltr'><strong>passionis</strong></span> <span class='ocrx_word' id='word_1_676' title='bbox 1491 2186 1621 2204; x_wconf 79' lang='lat' dir='ltr'><strong>sensum.</strong></span> 
     </span>
    </p>
   </div>
   <div class='ocr_carea' id='block_1_90' title="bbox 213 2229 994 2269">
    <p class='ocr_par' dir='ltr' id='par_1_90' title="bbox 213 2229 994 2269">
     <span class='ocr_line' id='line_1_90' title="bbox 213 2229 994 2269; baseline -0.003 -9"><span class='ocrx_word' id='word_1_677' title='bbox 213 2232 239 2260; x_wconf 78' lang='grc'><strong>4.</strong></span> <span class='ocrx_word' id='word_1_678' title='bbox 257 2229 375 2260; x_wconf 77' lang='grc' dir='ltr'>Ἀπολλ.</span> <span class='ocrx_word' id='word_1_679' title='bbox 405 2230 462 2260; x_wconf 79' lang='grc' dir='ltr'>Οὐκ</span> <span class='ocrx_word' id='word_1_680' title='bbox 489 2230 584 2258; x_wconf 80' lang='grc' dir='ltr'>ἔπαθεν</span> <span class='ocrx_word' id='word_1_681' title='bbox 609 2229 655 2258; x_wconf 74' lang='grc' dir='ltr'><strong>οὖν</strong></span> <span class='ocrx_word' id='word_1_682' title='bbox 679 2232 697 2268; x_wconf 82' lang='grc' dir='ltr'><strong>ᾖ</strong></span> <span class='ocrx_word' id='word_1_683' title='bbox 724 2230 828 2269; x_wconf 84' lang='grc' dir='ltr'>Λόγος;</span> <span class='ocrx_word' id='word_1_684' title='bbox 854 2231 925 2269; x_wconf 84' lang='grc' dir='ltr'>Ὀρθ.</span> <span class='ocrx_word' id='word_1_685' title='bbox 942 2234 994 2258; x_wconf 87' lang='grc' dir='ltr'>Φυ-</span> 
     </span>
    </p>
   </div>
   <div class='ocr_carea' id='block_1_91' title="bbox 1050 2229 1878 2269">
    <p class='ocr_par' dir='ltr' id='par_1_91' title="bbox 1088 2231 1878 2267">
     <span class='ocr_line' id='line_1_91' title="bbox 1088 2231 1878 2267; baseline -0.001 -8"><span class='ocrx_word' id='word_1_686' title='bbox 1088 2231 1114 2258; x_wconf 73' lang='grc' dir='ltr'><strong>Ιι.</strong></span> <span class='ocrx_word' id='word_1_687' title='bbox 1128 2231 1215 2267; x_wconf 82' lang='lat' dir='ltr'><strong>Apoll.</strong></span> <span class='ocrx_word' id='word_1_688' title='bbox 1234 2231 1308 2267; x_wconf 79' lang='lat' dir='ltr'><strong>Ergo</strong></span> <span class='ocrx_word' id='word_1_689' title='bbox 1320 2239 1376 2258; x_wconf 94' lang='lat' dir='ltr'><strong>non</strong></span> <span class='ocrx_word' id='word_1_690' title='bbox 1393 2239 1511 2266; x_wconf 61' lang='lat' dir='ltr'><strong>passum</strong></span> <span class='ocrx_word' id='word_1_691' title='bbox 1530 2231 1616 2258; x_wconf 87' lang='lat' dir='ltr'><strong>fuerit</strong></span> <span class='ocrx_word' id='word_1_692' title='bbox 1633 2231 1784 2258; x_wconf 85' lang='lat' dir='ltr'><strong>Verbum?</strong></span> <span class='ocrx_word' id='word_1_693' title='bbox 1800 2231 1878 2259; x_wconf 78' lang='lat' dir='ltr'><strong>Orllz.</strong></span> 
     </span>
    </p>
   </div>
   <div class='ocr_carea' id='block_1_92' title="bbox 175 2273 997 2313">
    <p class='ocr_par' dir='ltr' id='par_1_92' title="bbox 175 2273 997 2313">
     <span class='ocr_line' id='line_1_92' title="bbox 175 2273 997 2313; baseline 0.001 -10"><span class='ocrx_word' id='word_1_694' title='bbox 175 2277 261 2306; x_wconf 84' lang='grc' dir='ltr'>σικῶς</span> <span class='ocrx_word' id='word_1_695' title='bbox 288 2276 326 2312; x_wconf 79' lang='grc' dir='ltr'>μὴ</span> <span class='ocrx_word' id='word_1_696' title='bbox 356 2275 482 2313; x_wconf 67' lang='grc' dir='ltr'>γένοιτοι</span> <span class='ocrx_word' id='word_1_697' title='bbox 514 2274 631 2304; x_wconf 82' lang='grc' dir='ltr'>Ἀπολλ.</span> <span class='ocrx_word' id='word_1_698' title='bbox 664 2274 756 2307; x_wconf 73' lang='grc' dir='ltr'>’Όλως</span> <span class='ocrx_word' id='word_1_699' title='bbox 787 2273 892 2304; x_wconf 75' lang='grc' dir='ltr'>ἔπαθεν.</span> <span class='ocrx_word' id='word_1_700' title='bbox 922 2276 997 2313; x_wconf 82' lang='grc' dir='ltr'>Ὀρθ.</span> 
     </span>
    </p>
   </div>
   <div class='ocr_carea' id='block_1_93' title="bbox 173 2318 999 2356">
    <p class='ocr_par' dir='ltr' id='par_1_93' title="bbox 173 2318 999 2356">
     <span class='ocr_line' id='line_1_93' title="bbox 173 2318 999 2356; baseline 0 -9"><span class='ocrx_word' id='word_1_701' title='bbox 173 2320 294 2351; x_wconf 80' lang='grc' dir='ltr'>Ἐνώσας</span> <span class='ocrx_word' id='word_1_702' title='bbox 311 2319 397 2356; x_wconf 72' lang='grc' dir='ltr'>ἑαυτῷ</span> <span class='ocrx_word' id='word_1_703' title='bbox 412 2321 491 2356; x_wconf 83' lang='grc' dir='ltr'>σῶμα</span> <span class='ocrx_word' id='word_1_704' title='bbox 514 2319 546 2347; x_wconf 84' lang='grc' dir='ltr'><strong>τὸ</strong></span> <span class='ocrx_word' id='word_1_705' title='bbox 568 2318 714 2356; x_wconf 78' lang='grc' dir='ltr'>δυνάμενον</span> <span class='ocrx_word' id='word_1_706' title='bbox 737 2321 842 2348; x_wconf 82' lang='grc' dir='ltr'>παθεῖν·</span> <span class='ocrx_word' id='word_1_707' title='bbox 869 2320 905 2351; x_wconf 88' lang='grc' dir='ltr'><strong>ὡς</strong></span> <span class='ocrx_word' id='word_1_708' title='bbox 935 2320 999 2347; x_wconf 73' lang='grc' dir='ltr'>εἶναι.</span> 
     </span>
    </p>
   </div>
   <div class='ocr_carea' id='block_1_94' title="bbox 174 2363 999 2403">
    <p class='ocr_par' dir='ltr' id='par_1_94' title="bbox 174 2363 999 2403">
     <span class='ocr_line' id='line_1_94' title="bbox 174 2363 999 2403; baseline 0 -11"><span class='ocrx_word' id='word_1_709' title='bbox 174 2363 206 2392; x_wconf 80' lang='grc' dir='ltr'><strong><em>τό</em></strong></span> <span class='ocrx_word' id='word_1_710' title='bbox 232 2364 316 2396; x_wconf 83' lang='grc' dir='ltr'>πάθος</span> <span class='ocrx_word' id='word_1_711' title='bbox 343 2367 393 2399; x_wconf 80' lang='grc' dir='ltr'><strong>τῆς</strong></span> <span class='ocrx_word' id='word_1_712' title='bbox 422 2364 593 2400; x_wconf 79' lang='grc' dir='ltr'>οἰκονομίας,</span> <span class='ocrx_word' id='word_1_713' title='bbox 618 2363 663 2392; x_wconf 77' lang='grc' dir='ltr'>καί</span> <span class='ocrx_word' id='word_1_714' title='bbox 678 2364 742 2402; x_wconf 78' lang='grc' dir='ltr'>οὐχὶ</span> <span class='ocrx_word' id='word_1_715' title='bbox 756 2366 806 2399; x_wconf 75' lang='grc' dir='ltr'><strong>τῆς</strong></span> <span class='ocrx_word' id='word_1_716' title='bbox 821 2365 926 2403; x_wconf 79' lang='grc' dir='ltr'>φύσεως</span> <span class='ocrx_word' id='word_1_717' title='bbox 950 2366 999 2392; x_wconf 81' lang='grc' dir='ltr'>τοῦ</span> 
     </span>
    </p>
   </div>
   <div class='ocr_carea' id='block_1_95' title="bbox 176 2407 1000 2448">
    <p class='ocr_par' dir='ltr' id='par_1_95' title="bbox 176 2407 1000 2448">
     <span class='ocr_line' id='line_1_95' title="bbox 176 2407 1000 2448; baseline 0 -12"><span class='ocrx_word' id='word_1_718' title='bbox 176 2408 278 2446; x_wconf 85' lang='grc' dir='ltr'>Λόγου.</span> <span class='ocrx_word' id='word_1_719' title='bbox 304 2409 347 2440; x_wconf 85' lang='grc' dir='ltr'>Ὠς</span> <span class='ocrx_word' id='word_1_720' title='bbox 375 2408 425 2446; x_wconf 76' lang='grc' dir='ltr'><strong>γὰρ</strong></span> <span class='ocrx_word' id='word_1_721' title='bbox 450 2407 589 2436; x_wconf 75' lang='grc' dir='ltr'>ἐκοπίασεν</span> <span class='ocrx_word' id='word_1_722' title='bbox 608 2408 637 2436; x_wconf 78' lang='grc' dir='ltr'>ἐκ</span> <span class='ocrx_word' id='word_1_723' title='bbox 651 2412 700 2443; x_wconf 86' lang='grc' dir='ltr'><strong>τῆς</strong></span> <span class='ocrx_word' id='word_1_724' title='bbox 717 2408 885 2447; x_wconf 79' lang='grc' dir='ltr'>ὁδοιπορίας,</span> <span class='ocrx_word' id='word_1_725' title='bbox 902 2409 934 2436; x_wconf 85' lang='grc' dir='ltr'><strong>οὑ</strong></span> <span class='ocrx_word' id='word_1_726' title='bbox 949 2408 1000 2448; x_wconf 76' lang='grc' dir='ltr'><strong>φύ-</strong></span> 
     </span>
    </p>
   </div>
   <div class='ocr_carea' id='block_1_96' title="bbox 174 2451 998 2490">
    <p class='ocr_par' dir='ltr' id='par_1_96' title="bbox 174 2451 998 2490">
     <span class='ocr_line' id='line_1_96' title="bbox 174 2451 998 2490; baseline 0 -10"><span class='ocrx_word' id='word_1_727' title='bbox 174 2464 216 2481; x_wconf 83' lang='grc' dir='ltr'><strong>σει</strong></span> <span class='ocrx_word' id='word_1_728' title='bbox 232 2453 371 2489; x_wconf 75' lang='grc' dir='ltr'>θεότητος,</span> <span class='ocrx_word' id='word_1_729' title='bbox 386 2452 450 2481; x_wconf 84' lang='grc' dir='ltr'>ἀλλ’</span> <span class='ocrx_word' id='word_1_730' title='bbox 465 2453 586 2484; x_wconf 81' lang='grc' dir='ltr'>ὲνώσεως</span> <span class='ocrx_word' id='word_1_731' title='bbox 601 2452 755 2490; x_wconf 75' lang='grc' dir='ltr'>οίκονομίᾳ’</span> <span class='ocrx_word' id='word_1_732' title='bbox 782 2453 867 2484; x_wconf 76' lang='grc' dir='ltr'>οὕτως</span> <span class='ocrx_word' id='word_1_733' title='bbox 891 2451 998 2489; x_wconf 77' lang='grc' dir='ltr'>ἔπαθεν,</span> 
     </span>
    </p>
   </div>
   <div class='ocr_carea' id='block_1_97' title="bbox 175 2496 1000 2537">
    <p class='ocr_par' dir='ltr' id='par_1_97' title="bbox 175 2496 1000 2537">
     <span class='ocr_line' id='line_1_97' title="bbox 175 2496 1000 2537; baseline 0 -12"><span class='ocrx_word' id='word_1_734' title='bbox 175 2498 210 2525; x_wconf 83' lang='grc' dir='ltr'>οὐ</span> <span class='ocrx_word' id='word_1_735' title='bbox 226 2497 302 2537; x_wconf 80' lang='grc' dir='ltr'>φύσει</span> <span class='ocrx_word' id='word_1_736' title='bbox 327 2498 466 2533; x_wconf 83' lang='grc' dir='ltr'>θεότητος,</span> <span class='ocrx_word' id='word_1_737' title='bbox 496 2497 562 2525; x_wconf 77' lang='grc' dir='ltr'>ἀλΛ¹</span> <span class='ocrx_word' id='word_1_738' title='bbox 590 2497 711 2529; x_wconf 76' lang='grc' dir='ltr'>ὲνώσεως</span> <span class='ocrx_word' id='word_1_739' title='bbox 735 2497 888 2534; x_wconf 76' lang='grc' dir='ltr'>οἰκονομίᾳ.</span> <span class='ocrx_word' id='word_1_740' title='bbox 914 2497 948 2527; x_wconf 76' lang='lat' dir='ltr'><strong>Ei’</strong></span> <span class='ocrx_word' id='word_1_741' title='bbox 971 2496 1000 2525; x_wconf 77' lang='grc' dir='ltr'><strong>δὶ</strong></span> 
     </span>
    </p>
   </div>
   <div class='ocr_carea' id='block_1_98' title="bbox 176 2541 999 2580">
    <p class='ocr_par' dir='ltr' id='par_1_98' title="bbox 176 2541 999 2580">
     <span class='ocr_line' id='line_1_98' title="bbox 176 2541 999 2580; baseline 0 -10"><span class='ocrx_word' id='word_1_742' title='bbox 176 2542 229 2579; x_wconf 77' lang='grc' dir='ltr'>μὴ,</span> <span class='ocrx_word' id='word_1_743' title='bbox 254 2543 268 2570; x_wconf 85' lang='grc' dir='ltr'><strong><em>ὸ</em></strong></span> <span class='ocrx_word' id='word_1_744' title='bbox 291 2543 408 2578; x_wconf 70' lang='grc' dir='ltr'>ποιήσας</span> <span class='ocrx_word' id='word_1_745' title='bbox 429 2542 475 2569; x_wconf 82' lang='grc' dir='ltr'><strong>τὸν</strong></span> <span class='ocrx_word' id='word_1_746' title='bbox 492 2541 604 2579; x_wconf 74' lang='grc' dir='ltr'>οὐρανὸν</span> <span class='ocrx_word' id='word_1_747' title='bbox 621 2542 665 2569; x_wconf 86' lang='grc' dir='ltr'><strong>καὶ</strong></span> <span class='ocrx_word' id='word_1_748' title='bbox 680 2542 729 2577; x_wconf 84' lang='grc' dir='ltr'><strong>τὴν</strong></span> <span class='ocrx_word' id='word_1_749' title='bbox 745 2546 796 2580; x_wconf 85' lang='grc' dir='ltr'><strong>γῆν</strong></span> <span class='ocrx_word' id='word_1_750' title='bbox 825 2541 886 2570; x_wconf 82' lang='grc' dir='ltr'>ἄνευ</span> <span class='ocrx_word' id='word_1_751' title='bbox 900 2541 999 2578; x_wconf 80' lang='grc' dir='ltr'>κόπου,</span> 
     </span>
    </p>
   </div>
   <div class='ocr_carea' id='block_1_99' title="bbox 174 2586 998 2625">
    <p class='ocr_par' dir='ltr' id='par_1_99' title="bbox 174 2586 998 2625">
     <span class='ocr_line' id='line_1_99' title="bbox 174 2586 998 2625; baseline 0.001 -11"><span class='ocrx_word' id='word_1_752' title='bbox 174 2587 220 2614; x_wconf 67' lang='grc' dir='ltr'><strong>καὶ</strong></span> <span class='ocrx_word' id='word_1_753' title='bbox 251 2587 436 2625; x_wconf 78' lang='grc' dir='ltr'>περιπατήσας</span> <span class='ocrx_word' id='word_1_754' title='bbox 465 2586 532 2624; x_wconf 64' lang='grc' dir='ltr'>ὑπὲρ</span> <span class='ocrx_word' id='word_1_755' title='bbox 560 2586 698 2625; x_wconf 74' lang='grc' dir='ltr'>πτερύγων</span> <span class='ocrx_word' id='word_1_756' title='bbox 732 2587 850 2623; x_wconf 72' lang='grc' dir='ltr'>ἀνεμων,</span> <span class='ocrx_word' id='word_1_757' title='bbox 879 2589 939 2619; x_wconf 85' lang='grc' dir='ltr'>πῶς</span> <span class='ocrx_word' id='word_1_758' title='bbox 968 2586 998 2614; x_wconf 81' lang='grc' dir='ltr'><strong>ἃν</strong></span> 
     </span>
    </p>
   </div>
   <div class='ocr_carea' id='block_1_100' title="bbox 174 2630 998 2668">
    <p class='ocr_par' dir='ltr' id='par_1_100' title="bbox 174 2630 998 2668">
     <span class='ocr_line' id='line_1_100' title="bbox 174 2630 998 2668; baseline 0 -9"><span class='ocrx_word' id='word_1_759' title='bbox 174 2630 328 2666; x_wconf 65' lang='grc' dir='ltr'>ἐκοπίασεν,</span> <span class='ocrx_word' id='word_1_760' title='bbox 344 2631 368 2659; x_wconf 79' lang='grc' dir='ltr'><strong>εί</strong></span> <span class='ocrx_word' id='word_1_761' title='bbox 385 2632 424 2668; x_wconf 83' lang='grc' dir='ltr'>μὴ</span> <span class='ocrx_word' id='word_1_762' title='bbox 439 2630 543 2666; x_wconf 75' lang='grc' dir='ltr'>ἥνωσεν</span> <span class='ocrx_word' id='word_1_763' title='bbox 560 2631 645 2668; x_wconf 70' lang='grc' dir='ltr'>ἑαυτῷ</span> <span class='ocrx_word' id='word_1_764' title='bbox 671 2632 702 2659; x_wconf 87' lang='grc' dir='ltr'><strong>τὸ</strong></span> <span class='ocrx_word' id='word_1_765' title='bbox 727 2630 873 2668; x_wconf 83' lang='grc' dir='ltr'>δυνάμενον</span> <span class='ocrx_word' id='word_1_766' title='bbox 901 2630 998 2659; x_wconf 88' lang='grc' dir='ltr'>κοπιά-</span> 
     </span>
    </p>
   </div>
   <div class='ocr_carea' id='block_1_101' title="bbox 175 2674 999 2714">
    <p class='ocr_par' dir='ltr' id='par_1_101' title="bbox 175 2674 999 2714">
     <span class='ocr_line' id='line_1_101' title="bbox 175 2674 999 2714; baseline 0 -10"><span class='ocrx_word' id='word_1_767' title='bbox 175 2686 219 2704; x_wconf 82' lang='grc' dir='ltr'><strong>σαι</strong></span> <span class='ocrx_word' id='word_1_768' title='bbox 232 2685 240 2710; x_wconf 85' lang='lat'><strong>;</strong></span> <span class='ocrx_word' id='word_1_769' title='bbox 257 2678 344 2713; x_wconf 81' lang='grc' dir='ltr'>Σῶμα</span> <span class='ocrx_word' id='word_1_770' title='bbox 358 2675 388 2704; x_wconf 75' lang='grc' dir='ltr'><strong>δὲ</strong></span> <span class='ocrx_word' id='word_1_771' title='bbox 403 2676 508 2713; x_wconf 77' lang='grc' dir='ltr'>ἄψυχον</span> <span class='ocrx_word' id='word_1_772' title='bbox 525 2675 556 2703; x_wconf 78' lang='grc' dir='ltr'>οὗ</span> <span class='ocrx_word' id='word_1_773' title='bbox 571 2678 664 2712; x_wconf 80' lang='grc' dir='ltr'>κοπιᾷ,</span> <span class='ocrx_word' id='word_1_774' title='bbox 680 2674 744 2704; x_wconf 79' lang='grc' dir='ltr'><strong>οὖδὶ</strong></span> <span class='ocrx_word' id='word_1_775' title='bbox 757 2675 897 2712; x_wconf 55' lang='lat' dir='ltr'><strong>Masulis!</strong></span> <span class='ocrx_word' id='word_1_776' title='bbox 908 2675 999 2714; x_wconf 68' lang='grc' dir='ltr'>ὥσπερ</span> 
     </span>
    </p>
   </div>
   <div class='ocr_carea' id='block_1_102' title="bbox 211 2774 858 2814">
    <p class='ocr_par' dir='ltr' id='par_1_102' title="bbox 211 2774 858 2814">
     <span class='ocr_line' id='line_1_102' title="bbox 211 2774 858 2814; baseline 0 -10"><span class='ocrx_word' id='word_1_777' title='bbox 211 2776 266 2814; x_wconf 61' lang='grc' dir='ltr'><strong>(ῥξ)</strong></span> <span class='ocrx_word' id='word_1_778' title='bbox 282 2775 387 2814; x_wconf 81' lang='lat' dir='ltr'><strong>Palat.,</strong></span> <span class='ocrx_word' id='word_1_779' title='bbox 403 2774 587 2814; x_wconf 59' lang='grc' dir='ltr'>ἀνθρωπίνην,</span> <span class='ocrx_word' id='word_1_780' title='bbox 600 2774 645 2803; x_wconf 77' lang='grc' dir='ltr'><strong>καὶ</strong></span> <span class='ocrx_word' id='word_1_781' title='bbox 659 2777 722 2804; x_wconf 75' lang='grc' dir='ltr'>νοῦν</span> <span class='ocrx_word' id='word_1_782' title='bbox 737 2775 858 2814; x_wconf 77' lang='grc' dir='ltr'>ἁνθρώπ.</span> 
     </span>
    </p>
   </div>
   <div class='ocr_carea' id='block_1_103' title="bbox 212 2811 660 2852">
    <p class='ocr_par' dir='ltr' id='par_1_103' title="bbox 212 2811 660 2852">
     <span class='ocr_line' id='line_1_103' title="bbox 212 2811 660 2852; baseline -0.002 -11"><span class='ocrx_word' id='word_1_783' title='bbox 212 2812 270 2852; x_wconf 82' lang='grc'><strong>(63)</strong></span> <span class='ocrx_word' id='word_1_784' title='bbox 285 2811 389 2848; x_wconf 58' lang='lat' dir='ltr'><strong>Palat,</strong></span> <span class='ocrx_word' id='word_1_785' title='bbox 403 2811 492 2840; x_wconf 74' lang='grc' dir='ltr'>Ψιλὸν</span> <span class='ocrx_word' id='word_1_786' title='bbox 507 2812 660 2852; x_wconf 80' lang='grc' dir='ltr'>ἄνθρωπον.</span> 
     </span>
    </p>
   </div>
   <div class='ocr_carea' id='block_1_104' title="bbox 1053 2274 1879 2310">
    <p class='ocr_par' dir='ltr' id='par_1_104' title="bbox 1053 2274 1879 2310">
     <span class='ocr_line' id='line_1_104' title="bbox 1053 2274 1879 2310; baseline 0 -7"><span class='ocrx_word' id='word_1_787' title='bbox 1053 2275 1147 2310; x_wconf 78' lang='lat' dir='ltr'><strong>Absit,</strong></span> <span class='ocrx_word' id='word_1_788' title='bbox 1165 2278 1196 2303; x_wconf 87' lang='lat' dir='ltr'><strong>ut</strong></span> <span class='ocrx_word' id='word_1_789' title='bbox 1211 2274 1384 2302; x_wconf 83' lang='lat' dir='ltr'><strong>naturaliter</strong></span> <span class='ocrx_word' id='word_1_790' title='bbox 1396 2283 1511 2309; x_wconf 55' lang='lat' dir='ltr'><strong>passum</strong></span> <span class='ocrx_word' id='word_1_791' title='bbox 1525 2275 1629 2301; x_wconf 81' lang='lat' dir='ltr'><strong>fuerit!</strong></span> <span class='ocrx_word' id='word_1_792' title='bbox 1648 2275 1733 2310; x_wconf 86' lang='lat' dir='ltr'><strong>Apoll.</strong></span> <span class='ocrx_word' id='word_1_793' title='bbox 1752 2275 1879 2303; x_wconf 88' lang='lat' dir='ltr'><strong>Omnino</strong></span> 
     </span>
    </p>
   </div>
   <div class='ocr_carea' id='block_1_105' title="bbox 1052 2319 1879 2356">
    <p class='ocr_par' dir='ltr' id='par_1_105' title="bbox 1052 2319 1879 2356">
     <span class='ocr_line' id='line_1_105' title="bbox 1052 2319 1879 2356; baseline 0 -9"><span class='ocrx_word' id='word_1_794' title='bbox 1052 2322 1151 2348; x_wconf 84' lang='lat' dir='ltr'><strong>tamen</strong></span> <span class='ocrx_word' id='word_1_795' title='bbox 1168 2328 1288 2356; x_wconf 80' lang='lat' dir='ltr'><strong>passum</strong></span> <span class='ocrx_word' id='word_1_796' title='bbox 1306 2321 1359 2347; x_wconf 87' lang='lat' dir='ltr'><strong>est.</strong></span> <span class='ocrx_word' id='word_1_797' title='bbox 1376 2320 1452 2348; x_wconf 82' lang='lat' dir='ltr'><strong>Orlh.</strong></span> <span class='ocrx_word' id='word_1_798' title='bbox 1471 2319 1578 2354; x_wconf 79' lang='lat' dir='ltr'><strong>Nempe</strong></span> <span class='ocrx_word' id='word_1_799' title='bbox 1594 2320 1675 2346; x_wconf 89' lang='lat' dir='ltr'><strong>unito</strong></span> <span class='ocrx_word' id='word_1_800' title='bbox 1691 2320 1745 2346; x_wconf 89' lang='lat' dir='ltr'><strong>sibi</strong></span> <span class='ocrx_word' id='word_1_801' title='bbox 1760 2328 1879 2355; x_wconf 85' lang='lat' dir='ltr'><strong>corpore</strong></span> 
     </span>
    </p>
   </div>
   <div class='ocr_carea' id='block_1_106' title="bbox 1054 2363 1878 2401">
    <p class='ocr_par' dir='ltr' id='par_1_106' title="bbox 1054 2363 1878 2401">
     <span class='ocr_line' id='line_1_106' title="bbox 1054 2363 1878 2401; baseline -0.001 -9"><span class='ocrx_word' id='word_1_802' title='bbox 1054 2365 1132 2401; x_wconf 88' lang='lat' dir='ltr'><strong>quod</strong></span> <span class='ocrx_word' id='word_1_803' title='bbox 1158 2365 1217 2400; x_wconf 76' lang='lat' dir='ltr'><strong>pati</strong></span> <span class='ocrx_word' id='word_1_804' title='bbox 1245 2365 1366 2399; x_wconf 89' lang='lat' dir='ltr'><strong>posset:</strong></span> <span class='ocrx_word' id='word_1_805' title='bbox 1388 2367 1418 2390; x_wconf 91' lang='lat' dir='ltr'><strong>ut</strong></span> <span class='ocrx_word' id='word_1_806' title='bbox 1445 2364 1540 2398; x_wconf 71' lang='lat' dir='ltr'><strong>passio</strong></span> <span class='ocrx_word' id='word_1_807' title='bbox 1565 2364 1603 2390; x_wconf 86' lang='lat' dir='ltr'><strong>sit</strong></span> <span class='ocrx_word' id='word_1_808' title='bbox 1628 2363 1804 2399; x_wconf 68' lang='lat' dir='ltr'><strong>mconomias,</strong></span> <span class='ocrx_word' id='word_1_809' title='bbox 1821 2372 1878 2392; x_wconf 92' lang='lat' dir='ltr'><strong>non</strong></span> 
     </span>
    </p>
   </div>
   <div class='ocr_carea' id='block_1_107' title="bbox 1055 2407 1880 2444">
    <p class='ocr_par' dir='ltr' id='par_1_107' title="bbox 1055 2407 1880 2444">
     <span class='ocr_line' id='line_1_107' title="bbox 1055 2407 1880 2444; baseline -0.001 -8"><span class='ocrx_word' id='word_1_810' title='bbox 1055 2411 1151 2437; x_wconf 84' lang='lat' dir='ltr'><strong>autem</strong></span> <span class='ocrx_word' id='word_1_811' title='bbox 1167 2408 1262 2444; x_wconf 84' lang='lat' dir='ltr'><strong>ipsius</strong></span> <span class='ocrx_word' id='word_1_812' title='bbox 1277 2411 1387 2435; x_wconf 70' lang='lat' dir='ltr'><strong>naturae</strong></span> <span class='ocrx_word' id='word_1_813' title='bbox 1406 2408 1502 2434; x_wconf 75' lang='lat' dir='ltr'><strong>\‘crbi.</strong></span> <span class='ocrx_word' id='word_1_814' title='bbox 1520 2408 1600 2434; x_wconf 86' lang='lat' dir='ltr'><strong>Sicut</strong></span> <span class='ocrx_word' id='word_1_815' title='bbox 1617 2408 1693 2435; x_wconf 67' lang='lat' dir='ltr'><strong>enim</strong></span> <span class='ocrx_word' id='word_1_816' title='bbox 1711 2407 1808 2436; x_wconf 82' lang='lat' dir='ltr'><strong>lassus</strong></span> <span class='ocrx_word' id='word_1_817' title='bbox 1825 2408 1880 2436; x_wconf 80' lang='lat' dir='ltr'><strong>fuit</strong></span> 
     </span>
    </p>
   </div>
   <div class='ocr_carea' id='block_1_108' title="bbox 1054 2452 1879 2488">
    <p class='ocr_par' dir='ltr' id='par_1_108' title="bbox 1054 2452 1879 2488">
     <span class='ocr_line' id='line_1_108' title="bbox 1054 2452 1879 2488; baseline 0 -8"><span class='ocrx_word' id='word_1_818' title='bbox 1054 2453 1090 2480; x_wconf 86' lang='lat' dir='ltr'><strong>de</strong></span> <span class='ocrx_word' id='word_1_819' title='bbox 1104 2453 1160 2485; x_wconf 81' lang='lat' dir='ltr'><strong>via,</strong></span> <span class='ocrx_word' id='word_1_820' title='bbox 1178 2461 1234 2480; x_wconf 92' lang='lat' dir='ltr'><strong>non</strong></span> <span class='ocrx_word' id='word_1_821' title='bbox 1255 2453 1283 2480; x_wconf 94' lang='lat' dir='ltr'><strong>in</strong></span> <span class='ocrx_word' id='word_1_822' title='bbox 1309 2452 1374 2488; x_wconf 85' lang='lat' dir='ltr'><strong>ipsa</strong></span> <span class='ocrx_word' id='word_1_823' title='bbox 1389 2452 1505 2479; x_wconf 77' lang='lat' dir='ltr'><strong>deitatis</strong></span> <span class='ocrx_word' id='word_1_824' title='bbox 1532 2456 1645 2483; x_wconf 81' lang='lat' dir='ltr'><strong>natura,</strong></span> <span class='ocrx_word' id='word_1_825' title='bbox 1662 2452 1710 2479; x_wconf 70' lang='lat' dir='ltr'><strong>sed</strong></span> <span class='ocrx_word' id='word_1_826' title='bbox 1737 2452 1879 2480; x_wconf 90' lang='lat' dir='ltr'><strong>unitionis</strong></span> 
     </span>
    </p>
   </div>
   <div class='ocr_carea' id='block_1_109' title="bbox 1054 2497 1880 2533">
    <p class='ocr_par' dir='ltr' id='par_1_109' title="bbox 1054 2497 1880 2533">
     <span class='ocr_line' id='line_1_109' title="bbox 1054 2497 1880 2533; baseline -0.001 -7"><span class='ocrx_word' id='word_1_827' title='bbox 1054 2497 1215 2526; x_wconf 79' lang='lat' dir='ltr'><strong>ceconomia</strong></span> <span class='ocrx_word' id='word_1_828' title='bbox 1231 2505 1237 2524; x_wconf 75' lang='grc' dir='ltr'>ε</span> <span class='ocrx_word' id='word_1_829' title='bbox 1255 2497 1296 2525; x_wconf 85' lang='lat' dir='ltr'><strong>ita</strong></span> <span class='ocrx_word' id='word_1_830' title='bbox 1312 2505 1417 2533; x_wconf 87' lang='lat' dir='ltr'><strong>passus</strong></span> <span class='ocrx_word' id='word_1_831' title='bbox 1432 2499 1486 2530; x_wconf 83' lang='lat' dir='ltr'><strong>est,</strong></span> <span class='ocrx_word' id='word_1_832' title='bbox 1504 2505 1561 2524; x_wconf 89' lang='lat' dir='ltr'><strong>non</strong></span> <span class='ocrx_word' id='word_1_833' title='bbox 1578 2497 1606 2523; x_wconf 91' lang='lat' dir='ltr'><strong>in</strong></span> <span class='ocrx_word' id='word_1_834' title='bbox 1623 2497 1687 2532; x_wconf 85' lang='lat' dir='ltr'><strong>ipsa</strong></span> <span class='ocrx_word' id='word_1_835' title='bbox 1698 2497 1814 2524; x_wconf 82' lang='lat' dir='ltr'><strong>deitatis</strong></span> <span class='ocrx_word' id='word_1_836' title='bbox 1831 2506 1880 2525; x_wconf 83' lang='lat' dir='ltr'><strong>na-</strong></span> 
     </span>
    </p>
   </div>
   <div class='ocr_carea' id='block_1_110' title="bbox 1054 2540 1879 2578">
    <p class='ocr_par' dir='ltr' id='par_1_110' title="bbox 1054 2540 1879 2578">
     <span class='ocr_line' id='line_1_110' title="bbox 1054 2540 1879 2578; baseline 0 -8"><span class='ocrx_word' id='word_1_837' title='bbox 1054 2545 1130 2575; x_wconf 85' lang='lat' dir='ltr'><strong>tura,</strong></span> <span class='ocrx_word' id='word_1_838' title='bbox 1138 2542 1188 2570; x_wconf 84' lang='lat' dir='ltr'><strong>sed</strong></span> <span class='ocrx_word' id='word_1_839' title='bbox 1201 2541 1341 2569; x_wconf 87' lang='lat' dir='ltr'><strong>unitionis</strong></span> <span class='ocrx_word' id='word_1_840' title='bbox 1354 2541 1523 2569; x_wconf 63' lang='lat' dir='ltr'><strong>oeconomia.</strong></span> <span class='ocrx_word' id='word_1_841' title='bbox 1535 2540 1817 2577; x_wconf 86' lang='lat' dir='ltr'><strong>Alioqui,quomodo</strong></span> <span class='ocrx_word' id='word_1_842' title='bbox 1828 2542 1879 2578; x_wconf 88' lang='lat' dir='ltr'><strong>qui</strong></span> 
     </span>
    </p>
   </div>
   <div class='ocr_carea' id='block_1_111' title="bbox 1054 2584 1881 2622">
    <p class='ocr_par' dir='ltr' id='par_1_111' title="bbox 1054 2584 1881 2622">
     <span class='ocr_line' id='line_1_111' title="bbox 1054 2584 1881 2622; baseline -0.001 -8"><span class='ocrx_word' id='word_1_843' title='bbox 1054 2586 1164 2622; x_wconf 84' lang='lat' dir='ltr'><strong>absque</strong></span> <span class='ocrx_word' id='word_1_844' title='bbox 1179 2584 1278 2614; x_wconf 82' lang='lat' dir='ltr'><strong>labore</strong></span> <span class='ocrx_word' id='word_1_845' title='bbox 1303 2585 1370 2613; x_wconf 88' lang='lat' dir='ltr'><strong>fecit</strong></span> <span class='ocrx_word' id='word_1_846' title='bbox 1388 2585 1492 2613; x_wconf 77' lang='lat' dir='ltr'><strong>coelum</strong></span> <span class='ocrx_word' id='word_1_847' title='bbox 1520 2588 1547 2612; x_wconf 86' lang='lat' dir='ltr'><strong>et</strong></span> <span class='ocrx_word' id='word_1_848' title='bbox 1563 2587 1680 2617; x_wconf 76' lang='lat' dir='ltr'><strong>terram,</strong></span> <span class='ocrx_word' id='word_1_849' title='bbox 1697 2588 1726 2613; x_wconf 87' lang='lat' dir='ltr'><strong>et</strong></span> <span class='ocrx_word' id='word_1_850' title='bbox 1749 2586 1881 2613; x_wconf 87' lang='lat' dir='ltr'><strong>ambulat</strong></span> 
     </span>
    </p>
   </div>
   <div class='ocr_carea' id='block_1_112' title="bbox 1054 2630 1879 2667">
    <p class='ocr_par' dir='ltr' id='par_1_112' title="bbox 1054 2630 1879 2667">
     <span class='ocr_line' id='line_1_112' title="bbox 1054 2630 1879 2667; baseline -0.004 -8"><span class='ocrx_word' id='word_1_851' title='bbox 1054 2639 1143 2667; x_wconf 81' lang='lat' dir='ltr'><strong>super</strong></span> <span class='ocrx_word' id='word_1_852' title='bbox 1158 2639 1268 2667; x_wconf 87' lang='lat' dir='ltr'><strong>pennas</strong></span> <span class='ocrx_word' id='word_1_853' title='bbox 1291 2632 1454 2662; x_wconf 86' lang='lat' dir='ltr'><strong>ventorum,</strong></span> <span class='ocrx_word' id='word_1_854' title='bbox 1472 2630 1603 2657; x_wconf 82' lang='lat' dir='ltr'><strong>defessus</strong></span> <span class='ocrx_word' id='word_1_855' title='bbox 1621 2631 1734 2665; x_wconf 84' lang='lat' dir='ltr'><strong>fuisset,</strong></span> <span class='ocrx_word' id='word_1_856' title='bbox 1751 2631 1806 2658; x_wconf 89' lang='lat' dir='ltr'><strong>nisi</strong></span> <span class='ocrx_word' id='word_1_857' title='bbox 1823 2630 1879 2660; x_wconf 81' lang='lat' dir='ltr'><strong>sibi</strong></span> 
     </span>
    </p>
   </div>
   <div class='ocr_carea' id='block_1_113' title="bbox 1054 2674 1880 2712">
    <p class='ocr_par' dir='ltr' id='par_1_113' title="bbox 1054 2674 1880 2712">
     <span class='ocr_line' id='line_1_113' title="bbox 1054 2674 1880 2712; baseline -0.001 -8"><span class='ocrx_word' id='word_1_858' title='bbox 1054 2675 1110 2712; x_wconf 88' lang='lat' dir='ltr'><strong>ipsi</strong></span> <span class='ocrx_word' id='word_1_859' title='bbox 1127 2674 1268 2704; x_wconf 85' lang='lat' dir='ltr'><strong>univisset</strong></span> <span class='ocrx_word' id='word_1_860' title='bbox 1287 2675 1365 2711; x_wconf 87' lang='lat' dir='ltr'><strong>quod</strong></span> <span class='ocrx_word' id='word_1_861' title='bbox 1389 2675 1504 2710; x_wconf 84' lang='lat' dir='ltr'><strong>fatigari</strong></span> <span class='ocrx_word' id='word_1_862' title='bbox 1521 2675 1645 2710; x_wconf 77' lang='lat' dir='ltr'><strong>posset?</strong></span> <span class='ocrx_word' id='word_1_863' title='bbox 1659 2675 1801 2703; x_wconf 67' lang='lat' dir='ltr'><strong>Caeterum</strong></span> <span class='ocrx_word' id='word_1_864' title='bbox 1816 2682 1880 2703; x_wconf 75' lang='lat' dir='ltr'><strong>cor-</strong></span> 
     </span>
    </p>
   </div>
   <div class='ocr_carea' id='block_1_114' title="bbox 1087 2772 1385 2814">
    <p class='ocr_par' dir='ltr' id='par_1_114' title="bbox 1087 2772 1385 2814">
     <span class='ocr_line' id='line_1_114' title="bbox 1087 2772 1385 2814; baseline -0.01 -10"><span class='ocrx_word' id='word_1_865' title='bbox 1087 2776 1143 2812; x_wconf 75' lang='grc'><strong>(64)</strong></span> <span class='ocrx_word' id='word_1_866' title='bbox 1160 2776 1241 2810; x_wconf 81' lang='lat' dir='ltr'><strong>Mss.,</strong></span> <span class='ocrx_word' id='word_1_867' title='bbox 1258 2772 1385 2814; x_wconf 80' lang='grc' dir='ltr'>σταυρός.</span> 
     </span>
    </p>
   </div>
  </div>
