  <div class='ocr_page' id='page_1' title='image "/cluster/home/n/w/nwhite01/storage/ocr_20150623/28/hvd.32044052794351/633.png"; bbox 0 0 4092 6218; ppageno 0'>
   <div class='ocr_carea' id='block_1_1' title="bbox 428 321 587 382">
    <p class='ocr_par' dir='ltr' id='par_1_1' title="bbox 428 321 587 382">
     <span class='ocr_line' id='line_1_1' title="bbox 428 321 587 382; baseline -0.019 0"><span class='ocrx_word' id='word_1_1' title='bbox 428 321 587 382; x_wconf 71' lang='grc'>1255</span> 
     </span>
    </p>
   </div>
   <div class='ocr_carea' id='block_1_2' title="bbox 425 536 2077 612">
    <p class='ocr_par' dir='ltr' id='par_1_2' title="bbox 425 536 2077 612">
     <span class='ocr_line' id='line_1_2' title="bbox 425 536 2077 612; baseline -0.004 -12"><span class='ocrx_word' id='word_1_2' title='bbox 425 550 621 600; x_wconf 89' lang='lat' dir='ltr'>autem</span> <span class='ocrx_word' id='word_1_3' title='bbox 662 557 873 612; x_wconf 90' lang='lat' dir='ltr'>corpus</span> <span class='ocrx_word' id='word_1_4' title='bbox 904 537 1050 593; x_wconf 83' lang='lat' dir='ltr'>illud</span> <span class='ocrx_word' id='word_1_5' title='bbox 1091 537 1440 605; x_wconf 88' lang='lat' dir='ltr'>animatum,</span> <span class='ocrx_word' id='word_1_6' title='bbox 1473 537 1625 607; x_wconf 90' lang='lat' dir='ltr'>quod</span> <span class='ocrx_word' id='word_1_7' title='bbox 1682 536 1929 592; x_wconf 82' lang='lat' dir='ltr'>Verbum</span> <span class='ocrx_word' id='word_1_8' title='bbox 1965 538 2077 593; x_wconf 82' lang='lat' dir='ltr'>sibi</span> 
     </span>
    </p>
   </div>
   <div class='ocr_carea' id='block_1_3' title="bbox 424 626 2073 700">
    <p class='ocr_par' dir='ltr' id='par_1_3' title="bbox 424 626 2073 700">
     <span class='ocr_line' id='line_1_3' title="bbox 424 626 2073 700; baseline -0.004 -13"><span class='ocrx_word' id='word_1_9' title='bbox 424 627 931 700; x_wconf 86' lang='lat' dir='ltr'>univit,estipsius</span> <span class='ocrx_word' id='word_1_10' title='bbox 953 644 1165 697; x_wconf 90' lang='lat' dir='ltr'>corpus</span> <span class='ocrx_word' id='word_1_11' title='bbox 1190 643 1302 681; x_wconf 87' lang='lat' dir='ltr'>non</span> <span class='ocrx_word' id='word_1_12' title='bbox 1324 631 1551 689; x_wconf 81' lang='lat' dir='ltr'>natura,</span> <span class='ocrx_word' id='word_1_13' title='bbox 1581 626 1681 680; x_wconf 91' lang='lat' dir='ltr'>sed</span> <span class='ocrx_word' id='word_1_14' title='bbox 1712 628 2073 695; x_wconf 70' lang='lat' dir='ltr'>mcenomia;</span> 
     </span>
    </p>
   </div>
   <div class='ocr_carea' id='block_1_4' title="bbox 420 715 2075 787">
    <p class='ocr_par' dir='ltr' id='par_1_4' title="bbox 420 715 2075 787">
     <span class='ocr_line' id='line_1_4' title="bbox 420 715 2075 787; baseline -0.003 -11"><span class='ocrx_word' id='word_1_15' title='bbox 420 722 501 777; x_wconf 88' lang='lat' dir='ltr'>ita</span> <span class='ocrx_word' id='word_1_16' title='bbox 532 721 695 776; x_wconf 90' lang='lat' dir='ltr'>labor</span> <span class='ocrx_word' id='word_1_17' title='bbox 716 724 803 774; x_wconf 83' lang='lat' dir='ltr'>est</span> <span class='ocrx_word' id='word_1_18' title='bbox 825 717 1011 787; x_wconf 85' lang='lat' dir='ltr'>ipsius</span> <span class='ocrx_word' id='word_1_19' title='bbox 1045 716 1224 783; x_wconf 81' lang='lat' dir='ltr'>labor,</span> <span class='ocrx_word' id='word_1_20' title='bbox 1255 733 1365 769; x_wconf 86' lang='lat' dir='ltr'>non</span> <span class='ocrx_word' id='word_1_21' title='bbox 1402 720 1630 781; x_wconf 89' lang='lat' dir='ltr'>natura,</span> <span class='ocrx_word' id='word_1_22' title='bbox 1658 716 1755 770; x_wconf 86' lang='lat' dir='ltr'>sed</span> <span class='ocrx_word' id='word_1_23' title='bbox 1793 715 2075 772; x_wconf 84' lang='lat' dir='ltr'>unitionis</span> 
     </span>
    </p>
   </div>
   <div class='ocr_carea' id='block_1_5' title="bbox 424 803 2071 878">
    <p class='ocr_par' dir='ltr' id='par_1_5' title="bbox 424 803 2071 878">
     <span class='ocr_line' id='line_1_5' title="bbox 424 803 2071 878; baseline -0.004 -12"><span class='ocrx_word' id='word_1_24' title='bbox 424 808 744 867; x_wconf 64' lang='lat' dir='ltr'>oeconomia</span> <span class='ocrx_word' id='word_1_25' title='bbox 776 824 788 861; x_wconf 89' lang='lat'>:</span> <span class='ocrx_word' id='word_1_26' title='bbox 822 812 879 862; x_wconf 87' lang='lat' dir='ltr'>et</span> <span class='ocrx_word' id='word_1_27' title='bbox 910 804 1102 878; x_wconf 90' lang='lat' dir='ltr'>passio</span> <span class='ocrx_word' id='word_1_28' title='bbox 1130 810 1218 860; x_wconf 89' lang='lat' dir='ltr'>est</span> <span class='ocrx_word' id='word_1_29' title='bbox 1250 805 1436 875; x_wconf 86' lang='lat' dir='ltr'>ipsius</span> <span class='ocrx_word' id='word_1_30' title='bbox 1460 803 1675 875; x_wconf 85' lang='lat' dir='ltr'>passio,</span> <span class='ocrx_word' id='word_1_31' title='bbox 1704 822 1815 859; x_wconf 93' lang='lat' dir='ltr'>non</span> <span class='ocrx_word' id='word_1_32' title='bbox 1844 810 2071 877; x_wconf 87' lang='lat' dir='ltr'>natura,</span> 
     </span>
    </p>
   </div>
   <div class='ocr_carea' id='block_1_6' title="bbox 424 894 2073 966">
    <p class='ocr_par' dir='ltr' id='par_1_6' title="bbox 424 894 2073 966">
     <span class='ocr_line' id='line_1_6' title="bbox 424 894 2073 966; baseline -0.003 -11"><span class='ocrx_word' id='word_1_33' title='bbox 424 906 636 956; x_wconf 89' lang='lat' dir='ltr'>natura</span> <span class='ocrx_word' id='word_1_34' title='bbox 665 897 822 953; x_wconf 89' lang='lat' dir='ltr'>enim</span> <span class='ocrx_word' id='word_1_35' title='bbox 854 895 1025 950; x_wconf 85' lang='lat' dir='ltr'>Verbi</span> <span class='ocrx_word' id='word_1_36' title='bbox 1061 894 1351 966; x_wconf 78' lang='lat' dir='ltr'>passionis</span> <span class='ocrx_word' id='word_1_37' title='bbox 1383 910 1608 964; x_wconf 78' lang='lat' dir='ltr'>expers,</span> <span class='ocrx_word' id='word_1_38' title='bbox 1643 894 1741 948; x_wconf 92' lang='lat' dir='ltr'>sed</span> <span class='ocrx_word' id='word_1_39' title='bbox 1792 894 2073 950; x_wconf 88' lang='lat' dir='ltr'>unitionis</span> 
     </span>
    </p>
   </div>
   <div class='ocr_carea' id='block_1_7' title="bbox 424 982 2071 1054">
    <p class='ocr_par' dir='ltr' id='par_1_7' title="bbox 424 982 2071 1054">
     <span class='ocr_line' id='line_1_7' title="bbox 424 982 2071 1054; baseline -0.004 -9"><span class='ocrx_word' id='word_1_40' title='bbox 424 987 764 1045; x_wconf 84' lang='lat' dir='ltr'>oeconomia.</span> <span class='ocrx_word' id='word_1_41' title='bbox 790 986 934 1041; x_wconf 85' lang='lat' dir='ltr'>Nam</span> <span class='ocrx_word' id='word_1_42' title='bbox 968 990 1023 1039; x_wconf 89' lang='lat' dir='ltr'>et</span> <span class='ocrx_word' id='word_1_43' title='bbox 1047 989 1110 1038; x_wconf 90' lang='lat' dir='ltr'>ut</span> <span class='ocrx_word' id='word_1_44' title='bbox 1138 986 1435 1054; x_wconf 89' lang='lat' dir='ltr'>pateretur</span> <span class='ocrx_word' id='word_1_45' title='bbox 1456 982 1655 1036; x_wconf 90' lang='lat' dir='ltr'>unitus</span> <span class='ocrx_word' id='word_1_46' title='bbox 1679 988 1787 1047; x_wconf 89' lang='lat' dir='ltr'>est,</span> <span class='ocrx_word' id='word_1_47' title='bbox 1811 987 1868 1038; x_wconf 90' lang='lat' dir='ltr'>et</span> <span class='ocrx_word' id='word_1_48' title='bbox 1885 987 1947 1037; x_wconf 91' lang='lat' dir='ltr'>ut</span> <span class='ocrx_word' id='word_1_49' title='bbox 1966 1001 2071 1039; x_wconf 91' lang='lat' dir='ltr'>nos</span> 
     </span>
    </p>
   </div>
   <div class='ocr_carea' id='block_1_8' title="bbox 421 1070 2072 1148">
    <p class='ocr_par' dir='ltr' id='par_1_8' title="bbox 421 1070 2072 1148">
     <span class='ocr_line' id='line_1_8' title="bbox 421 1070 2072 1148; baseline -0.004 -13"><span class='ocrx_word' id='word_1_50' title='bbox 421 1083 696 1141; x_wconf 81' lang='lat' dir='ltr'>servaret,</span> <span class='ocrx_word' id='word_1_51' title='bbox 731 1091 941 1148; x_wconf 88' lang='lat' dir='ltr'>passus</span> <span class='ocrx_word' id='word_1_52' title='bbox 990 1078 1097 1129; x_wconf 91' lang='lat' dir='ltr'>est.</span> <span class='ocrx_word' id='word_1_53' title='bbox 1142 1070 1356 1127; x_wconf 82' lang='lat' dir='ltr'>Volens</span> <span class='ocrx_word' id='word_1_54' title='bbox 1387 1071 1543 1126; x_wconf 88' lang='lat' dir='ltr'>enim</span> <span class='ocrx_word' id='word_1_55' title='bbox 1577 1088 1825 1138; x_wconf 83' lang='lat' dir='ltr'>servare,</span> <span class='ocrx_word' id='word_1_56' title='bbox 1859 1089 2072 1144; x_wconf 84' lang='lat' dir='ltr'>passus</span> 
     </span>
    </p>
   </div>
   <div class='ocr_carea' id='block_1_9' title="bbox 420 1160 2068 1237">
    <p class='ocr_par' dir='ltr' id='par_1_9' title="bbox 420 1160 2068 1237">
     <span class='ocr_line' id='line_1_9' title="bbox 420 1160 2068 1237; baseline -0.005 -12"><span class='ocrx_word' id='word_1_57' title='bbox 420 1176 546 1237; x_wconf 86' lang='lat' dir='ltr'>est;</span> <span class='ocrx_word' id='word_1_58' title='bbox 580 1174 637 1222; x_wconf 88' lang='lat' dir='ltr'>et</span> <span class='ocrx_word' id='word_1_59' title='bbox 666 1166 865 1220; x_wconf 87' lang='lat' dir='ltr'>volens</span> <span class='ocrx_word' id='word_1_60' title='bbox 898 1164 1040 1235; x_wconf 88' lang='lat' dir='ltr'>pati,</span> <span class='ocrx_word' id='word_1_61' title='bbox 1081 1161 1265 1216; x_wconf 81' lang='lat' dir='ltr'>univit</span> <span class='ocrx_word' id='word_1_62' title='bbox 1297 1160 1403 1215; x_wconf 85' lang='lat' dir='ltr'>sibi</span> <span class='ocrx_word' id='word_1_63' title='bbox 1440 1161 1592 1232; x_wconf 92' lang='lat' dir='ltr'>quod</span> <span class='ocrx_word' id='word_1_64' title='bbox 1630 1161 1807 1216; x_wconf 82' lang='lat' dir='ltr'>semel</span> <span class='ocrx_word' id='word_1_65' title='bbox 1842 1161 2068 1217; x_wconf 89' lang='lat' dir='ltr'>unitum</span> 
     </span>
    </p>
   </div>
   <div class='ocr_carea' id='block_1_10' title="bbox 421 1249 2070 1329">
    <p class='ocr_par' dir='ltr' id='par_1_10' title="bbox 421 1249 2070 1329">
     <span class='ocr_line' id='line_1_10' title="bbox 421 1249 2070 1329; baseline -0.004 -15"><span class='ocrx_word' id='word_1_66' title='bbox 421 1272 726 1329; x_wconf 78' lang='lat' dir='ltr'>nunquam</span> <span class='ocrx_word' id='word_1_67' title='bbox 742 1253 984 1308; x_wconf 85' lang='lat' dir='ltr'>dimisit.</span> <span class='ocrx_word' id='word_1_68' title='bbox 1015 1275 1040 1301; x_wconf 87' lang='grc'><strong>‹‹</strong></span> <span class='ocrx_word' id='word_1_69' title='bbox 1060 1252 1153 1307; x_wconf 88' lang='lat' dir='ltr'>Sic</span> <span class='ocrx_word' id='word_1_70' title='bbox 1174 1251 1329 1305; x_wconf 91' lang='lat' dir='ltr'>enim</span> <span class='ocrx_word' id='word_1_71' title='bbox 1355 1249 2070 1322; x_wconf 89' lang='lat' dir='ltr'>veniet,quemadmodum</span> 
     </span>
    </p>
   </div>
   <div class='ocr_carea' id='block_1_11' title="bbox 422 1339 2075 1410">
    <p class='ocr_par' dir='ltr' id='par_1_11' title="bbox 422 1339 2075 1410">
     <span class='ocr_line' id='line_1_11' title="bbox 422 1339 2075 1410; baseline -0.005 -7"><span class='ocrx_word' id='word_1_72' title='bbox 422 1347 654 1403; x_wconf 81' lang='lat' dir='ltr'>vidistis</span> <span class='ocrx_word' id='word_1_73' title='bbox 676 1360 809 1400; x_wconf 91' lang='lat' dir='ltr'>eum</span> <span class='ocrx_word' id='word_1_74' title='bbox 841 1347 1078 1398; x_wconf 89' lang='lat' dir='ltr'>euntem</span> <span class='ocrx_word' id='word_1_75' title='bbox 1110 1341 1167 1395; x_wconf 93' lang='lat' dir='ltr'>in</span> <span class='ocrx_word' id='word_1_76' title='bbox 1200 1339 1409 1395; x_wconf 78' lang='lat' dir='ltr'>coelum</span> <span class='ocrx_word' id='word_1_77' title='bbox 1431 1340 1510 1395; x_wconf 83' lang='grc'>⁶⁸;</span> <span class='ocrx_word' id='word_1_78' title='bbox 1550 1362 1575 1387; x_wconf 91' lang='grc'><strong>››</strong></span> <span class='ocrx_word' id='word_1_79' title='bbox 1609 1344 1684 1410; x_wconf 89' lang='lat' dir='ltr'>et,</span> <span class='ocrx_word' id='word_1_80' title='bbox 1719 1364 1745 1389; x_wconf 93' lang='grc'>‹‹</span> <span class='ocrx_word' id='word_1_81' title='bbox 1779 1339 2075 1397; x_wconf 82' lang='lat' dir='ltr'>Videbunt</span> 
     </span>
    </p>
   </div>
   <div class='ocr_carea' id='block_1_12' title="bbox 420 1429 2068 1505">
    <p class='ocr_par' dir='ltr' id='par_1_12' title="bbox 420 1429 2068 1505">
     <span class='ocr_line' id='line_1_12' title="bbox 420 1429 2068 1505; baseline -0.003 -13"><span class='ocrx_word' id='word_1_82' title='bbox 420 1453 556 1492; x_wconf 90' lang='lat' dir='ltr'>eum</span> <span class='ocrx_word' id='word_1_83' title='bbox 587 1436 647 1489; x_wconf 93' lang='lat' dir='ltr'>in</span> <span class='ocrx_word' id='word_1_84' title='bbox 694 1449 869 1505; x_wconf 87' lang='lat' dir='ltr'>quem</span> <span class='ocrx_word' id='word_1_85' title='bbox 921 1431 1343 1485; x_wconf 82' lang='lat' dir='ltr'>transtixerunt</span> <span class='ocrx_word' id='word_1_86' title='bbox 1366 1429 1432 1486; x_wconf 68' lang='lat'>‘9.</span> <span class='ocrx_word' id='word_1_87' title='bbox 1466 1451 1493 1477; x_wconf 88' lang='grc'><strong>››</strong></span> <span class='ocrx_word' id='word_1_88' title='bbox 1545 1430 1720 1500; x_wconf 81' lang='lat' dir='ltr'>Apoll.</span> <span class='ocrx_word' id='word_1_89' title='bbox 1767 1430 2068 1487; x_wconf 82' lang='lat' dir='ltr'>Enimvero</span> 
     </span>
    </p>
   </div>
   <div class='ocr_carea' id='block_1_13' title="bbox 419 1517 2065 1591">
    <p class='ocr_par' dir='ltr' id='par_1_13' title="bbox 419 1517 2065 1591">
     <span class='ocr_line' id='line_1_13' title="bbox 419 1517 2065 1591; baseline -0.003 -11"><span class='ocrx_word' id='word_1_90' title='bbox 419 1541 613 1580; x_wconf 88' lang='lat' dir='ltr'>annon</span> <span class='ocrx_word' id='word_1_91' title='bbox 668 1522 836 1578; x_wconf 78' lang='lat' dir='ltr'>aliter</span> <span class='ocrx_word' id='word_1_92' title='bbox 864 1524 1087 1591; x_wconf 78' lang='lat' dir='ltr'>poterat</span> <span class='ocrx_word' id='word_1_93' title='bbox 1134 1535 1239 1573; x_wconf 89' lang='lat' dir='ltr'>nos</span> <span class='ocrx_word' id='word_1_94' title='bbox 1273 1518 1463 1573; x_wconf 88' lang='lat' dir='ltr'>salvos</span> <span class='ocrx_word' id='word_1_95' title='bbox 1514 1517 1741 1573; x_wconf 81' lang='lat' dir='ltr'>facere?</span> <span class='ocrx_word' id='word_1_96' title='bbox 1772 1519 1922 1575; x_wconf 84' lang='lat' dir='ltr'>Orlh.</span> <span class='ocrx_word' id='word_1_97' title='bbox 1956 1520 2065 1575; x_wconf 86' lang='lat' dir='ltr'>Sed</span> 
     </span>
    </p>
   </div>
   <div class='ocr_carea' id='block_1_14' title="bbox 416 1606 2065 1680">
    <p class='ocr_par' dir='ltr' id='par_1_14' title="bbox 416 1606 2065 1680">
     <span class='ocr_line' id='line_1_14' title="bbox 416 1606 2065 1680; baseline -0.002 -12"><span class='ocrx_word' id='word_1_98' title='bbox 416 1614 497 1669; x_wconf 90' lang='lat' dir='ltr'>ita</span> <span class='ocrx_word' id='word_1_99' title='bbox 520 1629 747 1669; x_wconf 84' lang='lat' dir='ltr'>servare</span> <span class='ocrx_word' id='word_1_100' title='bbox 769 1609 949 1665; x_wconf 92' lang='lat' dir='ltr'>voluit</span> <span class='ocrx_word' id='word_1_101' title='bbox 973 1625 1073 1679; x_wconf 89' lang='lat' dir='ltr'>per</span> <span class='ocrx_word' id='word_1_102' title='bbox 1089 1606 1395 1662; x_wconf 79' lang='lat' dir='ltr'>stultitiam</span> <span class='ocrx_word' id='word_1_103' title='bbox 1423 1606 1870 1678; x_wconf 66' lang='lat' dir='ltr'>prmdicationis.</span> <span class='ocrx_word' id='word_1_104' title='bbox 1892 1609 2065 1680; x_wconf 83' lang='lat' dir='ltr'>Apoll.</span> 
     </span>
    </p>
   </div>
   <div class='ocr_carea' id='block_1_15' title="bbox 418 1696 2064 1767">
    <p class='ocr_par' dir='ltr' id='par_1_15' title="bbox 418 1696 2064 1767">
     <span class='ocr_line' id='line_1_15' title="bbox 418 1696 2064 1767; baseline -0.002 -10"><span class='ocrx_word' id='word_1_105' title='bbox 418 1702 477 1758; x_wconf 91' lang='lat' dir='ltr'>Si</span> <span class='ocrx_word' id='word_1_106' title='bbox 523 1705 776 1756; x_wconf 81' lang='lat' dir='ltr'>mentem</span> <span class='ocrx_word' id='word_1_107' title='bbox 811 1697 1066 1753; x_wconf 64' lang='lat' dir='ltr'>hominis</span> <span class='ocrx_word' id='word_1_108' title='bbox 1115 1696 1341 1763; x_wconf 83' lang='lat' dir='ltr'>habuit,</span> <span class='ocrx_word' id='word_1_109' title='bbox 1379 1696 1569 1766; x_wconf 85' lang='lat' dir='ltr'>potuit</span> <span class='ocrx_word' id='word_1_110' title='bbox 1600 1696 1771 1750; x_wconf 86' lang='lat' dir='ltr'>etiam</span> <span class='ocrx_word' id='word_1_111' title='bbox 1804 1714 2064 1767; x_wconf 78' lang='lat' dir='ltr'>peccare.</span> 
     </span>
    </p>
   </div>
   <div class='ocr_carea' id='block_1_16' title="bbox 418 1782 2064 1858">
    <p class='ocr_par' dir='ltr' id='par_1_16' title="bbox 418 1782 2064 1858">
     <span class='ocr_line' id='line_1_16' title="bbox 418 1782 2064 1858; baseline -0.004 -11"><span class='ocrx_word' id='word_1_112' title='bbox 418 1790 566 1848; x_wconf 85' lang='lat' dir='ltr'>Orlh.</span> <span class='ocrx_word' id='word_1_113' title='bbox 601 1790 772 1858; x_wconf 87' lang='lat' dir='ltr'>Sane,</span> <span class='ocrx_word' id='word_1_114' title='bbox 823 1786 935 1841; x_wconf 89' lang='lat' dir='ltr'>nisi</span> <span class='ocrx_word' id='word_1_115' title='bbox 984 1786 1105 1841; x_wconf 66' lang='lat' dir='ltr'>haec</span> <span class='ocrx_word' id='word_1_116' title='bbox 1156 1800 1324 1838; x_wconf 89' lang='lat' dir='ltr'>mens</span> <span class='ocrx_word' id='word_1_117' title='bbox 1374 1782 1584 1838; x_wconf 77' lang='lat' dir='ltr'>fuisset</span> <span class='ocrx_word' id='word_1_118' title='bbox 1627 1783 1827 1839; x_wconf 89' lang='lat' dir='ltr'>deitati</span> <span class='ocrx_word' id='word_1_119' title='bbox 1880 1787 2064 1841; x_wconf 85' lang='lat' dir='ltr'>unita.</span> 
     </span>
    </p>
   </div>
   <div class='ocr_carea' id='block_1_17' title="bbox 412 1870 2063 1951">
    <p class='ocr_par' dir='ltr' id='par_1_17' title="bbox 412 1870 2063 1951">
     <span class='ocr_line' id='line_1_17' title="bbox 412 1870 2063 1951; baseline -0.004 -15"><span class='ocrx_word' id='word_1_120' title='bbox 412 1882 587 1951; x_wconf 82' lang='lat' dir='ltr'>Apoll.</span> <span class='ocrx_word' id='word_1_121' title='bbox 637 1876 936 1932; x_wconf 82' lang='lat' dir='ltr'>Mutabilis</span> <span class='ocrx_word' id='word_1_122' title='bbox 986 1890 1122 1946; x_wconf 84' lang='lat' dir='ltr'>ergo</span> <span class='ocrx_word' id='word_1_123' title='bbox 1159 1872 1265 1928; x_wconf 76' lang='lat' dir='ltr'>fuit</span> <span class='ocrx_word' id='word_1_124' title='bbox 1313 1870 1625 1927; x_wconf 79' lang='lat' dir='ltr'>Christus?</span> <span class='ocrx_word' id='word_1_125' title='bbox 1674 1872 1823 1927; x_wconf 82' lang='lat' dir='ltr'>Orth.</span> <span class='ocrx_word' id='word_1_126' title='bbox 1859 1874 2063 1929; x_wconf 79' lang='lat' dir='ltr'>Absit!</span> 
     </span>
    </p>
   </div>
   <div class='ocr_carea' id='block_1_18' title="bbox 410 1960 2064 2039">
    <p class='ocr_par' dir='ltr' id='par_1_18' title="bbox 410 1960 2064 2039">
     <span class='ocr_line' id='line_1_18' title="bbox 410 1960 2064 2039; baseline -0.004 -14"><span class='ocrx_word' id='word_1_127' title='bbox 410 1970 587 2039; x_wconf 82' lang='lat' dir='ltr'>Apoll.</span> <span class='ocrx_word' id='word_1_128' title='bbox 623 1966 681 2023; x_wconf 92' lang='lat' dir='ltr'>Si</span> <span class='ocrx_word' id='word_1_129' title='bbox 736 1965 923 2038; x_wconf 88' lang='lat' dir='ltr'>potuit</span> <span class='ocrx_word' id='word_1_130' title='bbox 955 1979 1211 2036; x_wconf 86' lang='lat' dir='ltr'>peccare,</span> <span class='ocrx_word' id='word_1_131' title='bbox 1246 1960 1545 2016; x_wconf 79' lang='lat' dir='ltr'>mutabilis</span> <span class='ocrx_word' id='word_1_132' title='bbox 1576 1966 1714 2017; x_wconf 83' lang='lat' dir='ltr'>erat.</span> <span class='ocrx_word' id='word_1_133' title='bbox 1751 1963 1904 2020; x_wconf 78' lang='lat' dir='ltr'>Orth.</span> <span class='ocrx_word' id='word_1_134' title='bbox 1947 1964 2064 2019; x_wconf 88' lang='lat' dir='ltr'>Me-</span> 
     </span>
    </p>
   </div>
   <div class='ocr_carea' id='block_1_19' title="bbox 414 2051 2062 2124">
    <p class='ocr_par' dir='ltr' id='par_1_19' title="bbox 414 2051 2062 2124">
     <span class='ocr_line' id='line_1_19' title="bbox 414 2051 2062 2124; baseline -0.003 -11"><span class='ocrx_word' id='word_1_135' title='bbox 414 2056 657 2113; x_wconf 91' lang='lat' dir='ltr'>mineris</span> <span class='ocrx_word' id='word_1_136' title='bbox 716 2071 913 2110; x_wconf 89' lang='lat' dir='ltr'>eorum</span> <span class='ocrx_word' id='word_1_137' title='bbox 974 2069 1100 2124; x_wconf 65' lang='lat' dir='ltr'>quae</span> <span class='ocrx_word' id='word_1_138' title='bbox 1159 2051 1434 2106; x_wconf 87' lang='lat' dir='ltr'>diximus.</span> <span class='ocrx_word' id='word_1_139' title='bbox 1493 2051 1617 2106; x_wconf 83' lang='lat' dir='ltr'>Dixi</span> <span class='ocrx_word' id='word_1_140' title='bbox 1672 2052 1827 2107; x_wconf 90' lang='lat' dir='ltr'>enim</span> <span class='ocrx_word' id='word_1_141' title='bbox 1880 2070 1893 2108; x_wconf 91' lang='lat'><strong>:</strong></span> <span class='ocrx_word' id='word_1_142' title='bbox 1940 2053 2062 2109; x_wconf 90' lang='lat' dir='ltr'>Nisi</span> 
     </span>
    </p>
   </div>
   <div class='ocr_carea' id='block_1_20' title="bbox 412 2140 2062 2201">
    <p class='ocr_par' dir='ltr' id='par_1_20' title="bbox 412 2140 2062 2201">
     <span class='ocr_line' id='line_1_20' title="bbox 412 2140 2062 2201; baseline -0.002 1"><span class='ocrx_word' id='word_1_143' title='bbox 412 2147 621 2201; x_wconf 78' lang='lat' dir='ltr'>fuisset</span> <span class='ocrx_word' id='word_1_144' title='bbox 664 2143 864 2200; x_wconf 88' lang='lat' dir='ltr'>deitati</span> <span class='ocrx_word' id='word_1_145' title='bbox 917 2143 1136 2197; x_wconf 87' lang='lat' dir='ltr'>unitus.</span> <span class='ocrx_word' id='word_1_146' title='bbox 1188 2142 1358 2195; x_wconf 84' lang='lat' dir='ltr'>Jesus</span> <span class='ocrx_word' id='word_1_147' title='bbox 1406 2140 1670 2196; x_wconf 89' lang='lat' dir='ltr'>Christus</span> <span class='ocrx_word' id='word_1_148' title='bbox 1719 2146 1913 2197; x_wconf 84' lang='lat' dir='ltr'>autem</span> <span class='ocrx_word' id='word_1_149' title='bbox 1950 2160 2062 2198; x_wconf 91' lang='lat' dir='ltr'>non</span> 
     </span>
    </p>
   </div>
   <div class='ocr_carea' id='block_1_21' title="bbox 411 2229 2061 2306">
    <p class='ocr_par' dir='ltr' id='par_1_21' title="bbox 411 2229 2061 2306">
     <span class='ocr_line' id='line_1_21' title="bbox 411 2229 2061 2306; baseline -0.001 -17"><span class='ocrx_word' id='word_1_150' title='bbox 411 2234 762 2306; x_wconf 84' lang='lat' dir='ltr'>intelligitur</span> <span class='ocrx_word' id='word_1_151' title='bbox 792 2231 918 2287; x_wconf 88' lang='lat' dir='ltr'>sine</span> <span class='ocrx_word' id='word_1_152' title='bbox 949 2230 1212 2285; x_wconf 81' lang='lat' dir='ltr'>unitione</span> <span class='ocrx_word' id='word_1_153' title='bbox 1241 2233 1414 2285; x_wconf 85' lang='lat' dir='ltr'>Jesus</span> <span class='ocrx_word' id='word_1_154' title='bbox 1448 2229 1738 2294; x_wconf 86' lang='lat' dir='ltr'>Christus,</span> <span class='ocrx_word' id='word_1_155' title='bbox 1774 2232 1873 2286; x_wconf 91' lang='lat' dir='ltr'>sed</span> <span class='ocrx_word' id='word_1_156' title='bbox 1909 2231 2061 2287; x_wconf 90' lang='lat' dir='ltr'>Deus</span> 
     </span>
    </p>
   </div>
   <div class='ocr_carea' id='block_1_22' title="bbox 408 2320 2057 2391">
    <p class='ocr_par' dir='ltr' id='par_1_22' title="bbox 408 2320 2057 2391">
     <span class='ocr_line' id='line_1_22' title="bbox 408 2320 2057 2391; baseline -0.001 -14"><span class='ocrx_word' id='word_1_157' title='bbox 408 2324 688 2389; x_wconf 87' lang='lat' dir='ltr'>Verbum,</span> <span class='ocrx_word' id='word_1_158' title='bbox 714 2321 893 2376; x_wconf 85' lang='lat' dir='ltr'>Filius</span> <span class='ocrx_word' id='word_1_159' title='bbox 920 2320 1012 2374; x_wconf 77' lang='lat' dir='ltr'>Dei</span> <span class='ocrx_word' id='word_1_160' title='bbox 1039 2320 1389 2375; x_wconf 84' lang='lat' dir='ltr'>subsistens.</span> <span class='ocrx_word' id='word_1_161' title='bbox 1413 2320 1467 2373; x_wconf 88' lang='lat' dir='ltr'>Si</span> <span class='ocrx_word' id='word_1_162' title='bbox 1492 2336 1705 2391; x_wconf 87' lang='lat' dir='ltr'>corpus</span> <span class='ocrx_word' id='word_1_163' title='bbox 1731 2321 2057 2376; x_wconf 88' lang='lat' dir='ltr'>animatum</span> 
     </span>
    </p>
   </div>
   <div class='ocr_carea' id='block_1_23' title="bbox 409 2406 2054 2484">
    <p class='ocr_par' dir='ltr' id='par_1_23' title="bbox 409 2406 2054 2484">
     <span class='ocr_line' id='line_1_23' title="bbox 409 2406 2054 2484; baseline -0.003 -16"><span class='ocrx_word' id='word_1_164' title='bbox 409 2416 573 2484; x_wconf 89' lang='lat' dir='ltr'>potes</span> <span class='ocrx_word' id='word_1_165' title='bbox 596 2411 816 2481; x_wconf 82' lang='lat' dir='ltr'>absque</span> <span class='ocrx_word' id='word_1_166' title='bbox 840 2407 1101 2464; x_wconf 89' lang='lat' dir='ltr'>unitione</span> <span class='ocrx_word' id='word_1_167' title='bbox 1124 2407 1401 2473; x_wconf 81' lang='lat' dir='ltr'>invenire,</span> <span class='ocrx_word' id='word_1_168' title='bbox 1420 2406 1804 2462; x_wconf 87' lang='lat' dir='ltr'>mutationem</span> <span class='ocrx_word' id='word_1_169' title='bbox 1827 2407 2017 2480; x_wconf 81' lang='lat' dir='ltr'>cogita</span> <span class='ocrx_word' id='word_1_170' title='bbox 2042 2424 2054 2463; x_wconf 93' lang='lat'>:</span> 
     </span>
    </p>
   </div>
   <div class='ocr_carea' id='block_1_24' title="bbox 410 2495 2055 2570">
    <p class='ocr_par' dir='ltr' id='par_1_24' title="bbox 410 2495 2055 2570">
     <span class='ocr_line' id='line_1_24' title="bbox 410 2495 2055 2570; baseline -0.003 -13"><span class='ocrx_word' id='word_1_171' title='bbox 410 2502 499 2558; x_wconf 91' lang='lat' dir='ltr'>sin</span> <span class='ocrx_word' id='word_1_172' title='bbox 533 2505 726 2556; x_wconf 88' lang='lat' dir='ltr'>autem</span> <span class='ocrx_word' id='word_1_173' title='bbox 761 2496 939 2553; x_wconf 90' lang='lat' dir='ltr'>simul</span> <span class='ocrx_word' id='word_1_174' title='bbox 988 2497 1095 2551; x_wconf 83' lang='lat' dir='ltr'>fuit</span> <span class='ocrx_word' id='word_1_175' title='bbox 1128 2513 1361 2567; x_wconf 86' lang='lat' dir='ltr'>corpus,</span> <span class='ocrx_word' id='word_1_176' title='bbox 1395 2499 1451 2551; x_wconf 91' lang='lat' dir='ltr'>et</span> <span class='ocrx_word' id='word_1_177' title='bbox 1484 2496 1579 2550; x_wconf 86' lang='lat' dir='ltr'>Dei</span> <span class='ocrx_word' id='word_1_178' title='bbox 1614 2495 1786 2550; x_wconf 89' lang='lat' dir='ltr'>Verbi</span> <span class='ocrx_word' id='word_1_179' title='bbox 1821 2512 2055 2570; x_wconf 83' lang='lat' dir='ltr'>corpus,</span> 
     </span>
    </p>
   </div>
   <div class='ocr_carea' id='block_1_25' title="bbox 408 2584 2055 2657">
    <p class='ocr_par' dir='ltr' id='par_1_25' title="bbox 408 2584 2055 2657">
     <span class='ocr_line' id='line_1_25' title="bbox 408 2584 2055 2657; baseline -0.001 -14"><span class='ocrx_word' id='word_1_180' title='bbox 408 2596 464 2644; x_wconf 87' lang='lat' dir='ltr'>et</span> <span class='ocrx_word' id='word_1_181' title='bbox 496 2587 672 2645; x_wconf 90' lang='lat' dir='ltr'>simul</span> <span class='ocrx_word' id='word_1_182' title='bbox 719 2588 827 2642; x_wconf 80' lang='lat' dir='ltr'>fuit</span> <span class='ocrx_word' id='word_1_183' title='bbox 869 2586 1187 2641; x_wconf 88' lang='lat' dir='ltr'>animatum</span> <span class='ocrx_word' id='word_1_184' title='bbox 1237 2584 1479 2640; x_wconf 89' lang='lat' dir='ltr'>rationis</span> <span class='ocrx_word' id='word_1_185' title='bbox 1528 2586 1841 2657; x_wconf 87' lang='lat' dir='ltr'>particeps,</span> <span class='ocrx_word' id='word_1_186' title='bbox 1879 2586 2055 2642; x_wconf 89' lang='lat' dir='ltr'>simul</span> 
     </span>
    </p>
   </div>
   <div class='ocr_carea' id='block_1_26' title="bbox 406 2675 2054 2749">
    <p class='ocr_par' dir='ltr' id='par_1_26' title="bbox 406 2675 2054 2749">
     <span class='ocr_line' id='line_1_26' title="bbox 406 2675 2054 2749; baseline -0.002 -14"><span class='ocrx_word' id='word_1_187' title='bbox 406 2679 508 2735; x_wconf 85' lang='lat' dir='ltr'>Dei</span> <span class='ocrx_word' id='word_1_188' title='bbox 540 2679 713 2735; x_wconf 85' lang='lat' dir='ltr'>Verbi</span> <span class='ocrx_word' id='word_1_189' title='bbox 746 2694 957 2749; x_wconf 88' lang='lat' dir='ltr'>corpus</span> <span class='ocrx_word' id='word_1_190' title='bbox 986 2677 1335 2743; x_wconf 85' lang='lat' dir='ltr'>animatum,</span> <span class='ocrx_word' id='word_1_191' title='bbox 1371 2691 1435 2729; x_wconf 89' lang='lat' dir='ltr'>ac</span> <span class='ocrx_word' id='word_1_192' title='bbox 1467 2675 1708 2729; x_wconf 83' lang='lat' dir='ltr'>rationis</span> <span class='ocrx_word' id='word_1_193' title='bbox 1743 2676 2054 2748; x_wconf 81' lang='lat' dir='ltr'>particeps,</span> 
     </span>
    </p>
   </div>
   <div class='ocr_carea' id='block_1_27' title="bbox 404 2764 2055 2841">
    <p class='ocr_par' dir='ltr' id='par_1_27' title="bbox 404 2764 2055 2841">
     <span class='ocr_line' id='line_1_27' title="bbox 404 2764 2055 2841; baseline -0.003 -16"><span class='ocrx_word' id='word_1_194' title='bbox 404 2769 691 2841; x_wconf 67' lang='lat' dir='ltr'>quaerisne</span> <span class='ocrx_word' id='word_1_195' title='bbox 726 2765 1157 2822; x_wconf 83' lang='lat' dir='ltr'>mutationem?</span> <span class='ocrx_word' id='word_1_196' title='bbox 1207 2765 1376 2831; x_wconf 81' lang='lat' dir='ltr'>Apoll.</span> <span class='ocrx_word' id='word_1_197' title='bbox 1410 2764 1467 2819; x_wconf 91' lang='lat' dir='ltr'>Si</span> <span class='ocrx_word' id='word_1_198' title='bbox 1505 2768 1755 2818; x_wconf 86' lang='lat' dir='ltr'>mentem</span> <span class='ocrx_word' id='word_1_199' title='bbox 1798 2764 2055 2820; x_wconf 90' lang='lat' dir='ltr'>hominis</span> 
     </span>
    </p>
   </div>
   <div class='ocr_carea' id='block_1_28' title="bbox 407 2852 2053 2925">
    <p class='ocr_par' dir='ltr' id='par_1_28' title="bbox 407 2852 2053 2925">
     <span class='ocr_line' id='line_1_28' title="bbox 407 2852 2053 2925; baseline -0.004 -11"><span class='ocrx_word' id='word_1_200' title='bbox 407 2859 610 2914; x_wconf 87' lang='lat' dir='ltr'>habuit</span> <span class='ocrx_word' id='word_1_201' title='bbox 629 2857 917 2923; x_wconf 86' lang='lat' dir='ltr'>Christus,</span> <span class='ocrx_word' id='word_1_202' title='bbox 939 2854 1046 2909; x_wconf 88' lang='lat' dir='ltr'>fuit</span> <span class='ocrx_word' id='word_1_203' title='bbox 1070 2869 1303 2925; x_wconf 91' lang='lat' dir='ltr'>quoque</span> <span class='ocrx_word' id='word_1_204' title='bbox 1329 2852 1602 2907; x_wconf 89' lang='lat' dir='ltr'>oblivioni</span> <span class='ocrx_word' id='word_1_205' title='bbox 1627 2858 1682 2906; x_wconf 91' lang='lat' dir='ltr'>et</span> <span class='ocrx_word' id='word_1_206' title='bbox 1714 2852 2053 2925; x_wconf 63' lang='lat' dir='ltr'>ignorantia</span> 
     </span>
    </p>
   </div>
   <div class='ocr_carea' id='block_1_29' title="bbox 404 2941 2053 3016">
    <p class='ocr_par' dir='ltr' id='par_1_29' title="bbox 404 2941 2053 3016">
     <span class='ocr_line' id='line_1_29' title="bbox 404 2941 2053 3016; baseline -0.004 -13"><span class='ocrx_word' id='word_1_207' title='bbox 404 2946 711 3013; x_wconf 80' lang='lat' dir='ltr'>obnoxius,</span> <span class='ocrx_word' id='word_1_208' title='bbox 744 2950 802 3000; x_wconf 92' lang='lat' dir='ltr'>et</span> <span class='ocrx_word' id='word_1_209' title='bbox 850 2960 1088 3016; x_wconf 87' lang='lat' dir='ltr'>peccare</span> <span class='ocrx_word' id='word_1_210' title='bbox 1138 2941 1345 3014; x_wconf 87' lang='lat' dir='ltr'>potuit.</span> <span class='ocrx_word' id='word_1_211' title='bbox 1384 2941 1535 2996; x_wconf 80' lang='lat' dir='ltr'>Orlh.</span> <span class='ocrx_word' id='word_1_212' title='bbox 1568 2942 1739 3005; x_wconf 86' lang='lat' dir='ltr'>Sane,</span> <span class='ocrx_word' id='word_1_213' title='bbox 1782 2941 1892 2997; x_wconf 89' lang='lat' dir='ltr'>nisi</span> <span class='ocrx_word' id='word_1_214' title='bbox 1927 2943 2053 2998; x_wconf 88' lang='lat' dir='ltr'>dei-</span> 
     </span>
    </p>
   </div>
   <div class='ocr_carea' id='block_1_30' title="bbox 1598 310 2672 378">
    <p class='ocr_par' dir='ltr' id='par_1_30' title="bbox 1598 310 2672 378">
     <span class='ocr_line' id='line_1_30' title="bbox 1598 310 2672 378; baseline -0.006 0"><span class='ocrx_word' id='word_1_215' title='bbox 1598 316 1662 378; x_wconf 91' lang='lat' dir='ltr'>S.</span> <span class='ocrx_word' id='word_1_216' title='bbox 1710 310 2236 376; x_wconf 82' lang='lat' dir='ltr'>A&#39;I‘HANASIUS.</span> <span class='ocrx_word' id='word_1_217' title='bbox 2256 343 2333 358; x_wconf 90' lang='lat'>—</span> <span class='ocrx_word' id='word_1_218' title='bbox 2363 312 2672 376; x_wconf 78' lang='lat' dir='ltr'>SPURIA.</span> 
     </span>
    </p>
   </div>
   <div class='ocr_carea' id='block_1_31' title="bbox 3693 318 3848 383">
    <p class='ocr_par' dir='ltr' id='par_1_31' title="bbox 3693 318 3848 383">
     <span class='ocr_line' id='line_1_31' title="bbox 3693 318 3848 383; baseline 0.006 -3"><span class='ocrx_word' id='word_1_219' title='bbox 3693 320 3714 380; x_wconf 80' lang='grc' dir='ltr'><strong>Ι</strong></span> <span class='ocrx_word' id='word_1_220' title='bbox 3734 318 3848 383; x_wconf 73' lang='grc'>256</span> 
     </span>
    </p>
   </div>
   <div class='ocr_carea' id='block_1_32' title="bbox 340 441 2049 526">
    <p class='ocr_par' dir='ltr' id='par_1_32' title="bbox 340 444 2049 526">
     <span class='ocr_line' id='line_1_32' title="bbox 340 444 2049 526; baseline -0.004 -17"><span class='ocrx_word' id='word_1_221' title='bbox 340 498 345 503; x_wconf 82' lang='lat'>.</span> <span class='ocrx_word' id='word_1_222' title='bbox 427 472 534 526; x_wconf 91' lang='lat' dir='ltr'>pus</span> <span class='ocrx_word' id='word_1_223' title='bbox 560 469 673 509; x_wconf 90' lang='lat' dir='ltr'>non</span> <span class='ocrx_word' id='word_1_224' title='bbox 706 454 1029 507; x_wconf 82' lang='lat' dir='ltr'>animatum</span> <span class='ocrx_word' id='word_1_225' title='bbox 1066 465 1251 519; x_wconf 88' lang='lat' dir='ltr'>neque</span> <span class='ocrx_word' id='word_1_226' title='bbox 1280 444 1525 517; x_wconf 85' lang='lat' dir='ltr'>laborat,</span> <span class='ocrx_word' id='word_1_227' title='bbox 1550 464 1740 519; x_wconf 88' lang='lat' dir='ltr'>neque</span> <span class='ocrx_word' id='word_1_228' title='bbox 1772 448 1889 501; x_wconf 88' lang='lat' dir='ltr'>det.</span> <span class='ocrx_word' id='word_1_229' title='bbox 1915 448 2049 503; x_wconf 90' lang='lat' dir='ltr'>Sicu</span> 
     </span>
    </p>
   </div>
   <div class='ocr_carea' id='block_1_33' title="bbox 2161 441 3844 526">
    <p class='ocr_par' dir='ltr' id='par_1_33' title="bbox 2194 441 3844 523">
     <span class='ocr_line' id='line_1_33' title="bbox 2194 441 3844 523; baseline 0.006 -28"><span class='ocrx_word' id='word_1_230' title='bbox 2194 441 2355 496; x_wconf 72' lang='grc' dir='ltr'>αὑτοῦ</span> <span class='ocrx_word' id='word_1_231' title='bbox 2412 443 2569 515; x_wconf 73' lang='grc' dir='ltr'>σῶμά</span> <span class='ocrx_word' id='word_1_232' title='bbox 2628 442 2789 512; x_wconf 81' lang='grc' dir='ltr'>ἐστιν,</span> <span class='ocrx_word' id='word_1_233' title='bbox 2850 442 3116 512; x_wconf 73' lang='grc' dir='ltr'>ὅῆνωσεν</span> <span class='ocrx_word' id='word_1_234' title='bbox 3150 444 3320 519; x_wconf 70' lang='grc' dir='ltr'>ἑαυτῷ</span> <span class='ocrx_word' id='word_1_235' title='bbox 3351 444 3601 523; x_wconf 63' lang='grc' dir='ltr'>ἔμψυχον</span> <span class='ocrx_word' id='word_1_236' title='bbox 3660 457 3844 523; x_wconf 75' lang='grc' dir='ltr'>σῶμα,</span> 
     </span>
    </p>
   </div>
   <div class='ocr_carea' id='block_1_34' title="bbox 2192 531 3845 607">
    <p class='ocr_par' dir='ltr' id='par_1_34' title="bbox 2192 531 3845 607">
     <span class='ocr_line' id='line_1_34' title="bbox 2192 531 3845 607; baseline 0.006 -22"><span class='ocrx_word' id='word_1_237' title='bbox 2192 532 2252 585; x_wconf 73' lang='grc' dir='ltr'>οὗ</span> <span class='ocrx_word' id='word_1_238' title='bbox 2282 535 2351 605; x_wconf 81' lang='grc' dir='ltr'>τῇ</span> <span class='ocrx_word' id='word_1_239' title='bbox 2385 532 2560 607; x_wconf 64' lang='grc' dir='ltr'>φύσει,</span> <span class='ocrx_word' id='word_1_240' title='bbox 2596 531 2733 587; x_wconf 70' lang='grc' dir='ltr'>ἀλκὰ</span> <span class='ocrx_word' id='word_1_241' title='bbox 2763 536 2830 606; x_wconf 80' lang='grc' dir='ltr'>τῇ</span> <span class='ocrx_word' id='word_1_242' title='bbox 2871 532 3178 607; x_wconf 71' lang='grc' dir='ltr'>οἷκονομίᾳ²</span> <span class='ocrx_word' id='word_1_243' title='bbox 3235 536 3406 599; x_wconf 75' lang='grc' dir='ltr'>οὕτως</span> <span class='ocrx_word' id='word_1_244' title='bbox 3454 538 3619 592; x_wconf 70' lang='grc' dir='ltr'>αὐτοῦ</span> <span class='ocrx_word' id='word_1_245' title='bbox 3672 542 3845 603; x_wconf 84' lang='grc' dir='ltr'>κόπος</span> 
     </span>
    </p>
   </div>
   <div class='ocr_carea' id='block_1_35' title="bbox 2190 620 3840 699">
    <p class='ocr_par' dir='ltr' id='par_1_35' title="bbox 2190 620 3840 699">
     <span class='ocr_line' id='line_1_35' title="bbox 2190 620 3840 699; baseline 0.005 -24"><span class='ocrx_word' id='word_1_246' title='bbox 2190 622 2217 675; x_wconf 87' lang='lat'>6</span> <span class='ocrx_word' id='word_1_247' title='bbox 2250 620 2418 683; x_wconf 88' lang='grc' dir='ltr'>κόπος</span> <span class='ocrx_word' id='word_1_248' title='bbox 2454 621 2515 675; x_wconf 76' lang='grc' dir='ltr'>οὖ</span> <span class='ocrx_word' id='word_1_249' title='bbox 2547 625 2613 696; x_wconf 83' lang='grc' dir='ltr'>τῇ</span> <span class='ocrx_word' id='word_1_250' title='bbox 2647 622 2822 699; x_wconf 68' lang='grc' dir='ltr'>φύσει,</span> <span class='ocrx_word' id='word_1_251' title='bbox 2847 621 2994 678; x_wconf 74' lang='grc' dir='ltr'>ἀλλὰ</span> <span class='ocrx_word' id='word_1_252' title='bbox 3021 628 3089 697; x_wconf 72' lang='grc' dir='ltr'>τῇ</span> <span class='ocrx_word' id='word_1_253' title='bbox 3123 624 3410 698; x_wconf 70' lang='grc' dir='ltr'>οἰκονομίᾳ</span> <span class='ocrx_word' id='word_1_254' title='bbox 3438 634 3537 696; x_wconf 76' lang='grc' dir='ltr'>τῆς</span> <span class='ocrx_word' id='word_1_255' title='bbox 3575 629 3840 691; x_wconf 68' lang='grc' dir='ltr'>ὲνώσεωςο</span> 
     </span>
    </p>
   </div>
   <div class='ocr_carea' id='block_1_36' title="bbox 2188 710 3839 790">
    <p class='ocr_par' dir='ltr' id='par_1_36' title="bbox 2188 710 3839 790">
     <span class='ocr_line' id='line_1_36' title="bbox 2188 710 3839 790; baseline 0.005 -27"><span class='ocrx_word' id='word_1_256' title='bbox 2188 710 2276 764; x_wconf 75' lang='grc' dir='ltr'>καὶ</span> <span class='ocrx_word' id='word_1_257' title='bbox 2311 710 2473 764; x_wconf 77' lang='grc' dir='ltr'>αὐτοῦ</span> <span class='ocrx_word' id='word_1_258' title='bbox 2503 710 2674 772; x_wconf 83' lang='grc' dir='ltr'>πάθος</span> <span class='ocrx_word' id='word_1_259' title='bbox 2703 712 2765 765; x_wconf 82' lang='grc' dir='ltr'>τὸ</span> <span class='ocrx_word' id='word_1_260' title='bbox 2797 711 2968 773; x_wconf 87' lang='grc' dir='ltr'>πάθος</span> <span class='ocrx_word' id='word_1_261' title='bbox 3000 712 3060 766; x_wconf 75' lang='grc' dir='ltr'>οὐ</span> <span class='ocrx_word' id='word_1_262' title='bbox 3094 718 3160 787; x_wconf 80' lang='grc' dir='ltr'>τῇ</span> <span class='ocrx_word' id='word_1_263' title='bbox 3201 714 3354 790; x_wconf 66' lang='grc' dir='ltr'>φύσει</span> <span class='ocrx_word' id='word_1_264' title='bbox 3408 719 3523 789; x_wconf 82' lang='grc'>(65)</span> <span class='ocrx_word' id='word_1_265' title='bbox 3587 718 3839 789; x_wconf 68' lang='grc' dir='ltr'>(ἀπαθής,</span> 
     </span>
    </p>
   </div>
   <div class='ocr_carea' id='block_1_37' title="bbox 2187 798 3839 878">
    <p class='ocr_par' dir='ltr' id='par_1_37' title="bbox 2187 798 3839 878">
     <span class='ocr_line' id='line_1_37' title="bbox 2187 798 3839 878; baseline 0.007 -27"><span class='ocrx_word' id='word_1_266' title='bbox 2187 799 2287 876; x_wconf 73' lang='grc' dir='ltr'>γὰρ</span> <span class='ocrx_word' id='word_1_267' title='bbox 2318 802 2352 868; x_wconf 78' lang='grc' dir='ltr'>ἡ</span> <span class='ocrx_word' id='word_1_268' title='bbox 2385 800 2586 878; x_wconf 62' lang='grc' dir='ltr'>φύσις),</span> <span class='ocrx_word' id='word_1_269' title='bbox 2620 798 2763 855; x_wconf 73' lang='grc' dir='ltr'>ἄλλά</span> <span class='ocrx_word' id='word_1_270' title='bbox 2811 806 2878 875; x_wconf 78' lang='grc' dir='ltr'>τῇ</span> <span class='ocrx_word' id='word_1_271' title='bbox 2931 801 3218 876; x_wconf 76' lang='grc' dir='ltr'>οἰκονομίᾳ</span> <span class='ocrx_word' id='word_1_272' title='bbox 3262 811 3361 873; x_wconf 79' lang='grc' dir='ltr'>τῆς</span> <span class='ocrx_word' id='word_1_273' title='bbox 3425 806 3693 868; x_wconf 72' lang='grc' dir='ltr'>ἑνωσεως.</span> <span class='ocrx_word' id='word_1_274' title='bbox 3748 811 3839 863; x_wconf 62' lang='grc' dir='ltr'>Δία</span> 
     </span>
    </p>
   </div>
   <div class='ocr_carea' id='block_1_38' title="bbox 2186 886 3841 973">
    <p class='ocr_par' dir='ltr' id='par_1_38' title="bbox 2186 886 3841 973">
     <span class='ocr_line' id='line_1_38' title="bbox 2186 886 3841 973; baseline 0.007 -31"><span class='ocrx_word' id='word_1_275' title='bbox 2186 889 2287 964; x_wconf 73' lang='grc' dir='ltr'>γάρ</span> <span class='ocrx_word' id='word_1_276' title='bbox 2316 889 2378 944; x_wconf 82' lang='grc' dir='ltr'>τὸ</span> <span class='ocrx_word' id='word_1_277' title='bbox 2407 890 2573 950; x_wconf 86' lang='grc' dir='ltr'>πάθος</span> <span class='ocrx_word' id='word_1_278' title='bbox 2602 890 2690 942; x_wconf 76' lang='grc' dir='ltr'>καὶ</span> <span class='ocrx_word' id='word_1_279' title='bbox 2723 892 2757 959; x_wconf 80' lang='grc' dir='ltr'>ἡ</span> <span class='ocrx_word' id='word_1_280' title='bbox 2789 886 3003 953; x_wconf 74' lang='grc' dir='ltr'>ἓνωσις·</span> <span class='ocrx_word' id='word_1_281' title='bbox 3035 891 3127 946; x_wconf 74' lang='grc' dir='ltr'>καὶ</span> <span class='ocrx_word' id='word_1_282' title='bbox 3161 889 3249 947; x_wconf 77' lang='grc' dir='ltr'>διὰ</span> <span class='ocrx_word' id='word_1_283' title='bbox 3297 896 3397 962; x_wconf 72' lang='grc' dir='ltr'>τήν</span> <span class='ocrx_word' id='word_1_284' title='bbox 3451 899 3727 973; x_wconf 70' lang='grc' dir='ltr'>σωτηριὰν</span> <span class='ocrx_word' id='word_1_285' title='bbox 3780 901 3841 953; x_wconf 70' lang='grc' dir='ltr'>τὸ</span> 
     </span>
    </p>
   </div>
   <div class='ocr_carea' id='block_1_39' title="bbox 2187 977 3842 1057">
    <p class='ocr_par' dir='ltr' id='par_1_39' title="bbox 2187 977 3842 1057">
     <span class='ocr_line' id='line_1_39' title="bbox 2187 977 3842 1057; baseline 0.006 -26"><span class='ocrx_word' id='word_1_286' title='bbox 2187 980 2380 1041; x_wconf 86' lang='grc' dir='ltr'>πάθος.</span> <span class='ocrx_word' id='word_1_287' title='bbox 2413 983 2593 1033; x_wconf 82' lang='grc' dir='ltr'>Σῶσαι</span> <span class='ocrx_word' id='word_1_288' title='bbox 2649 979 2753 1055; x_wconf 76' lang='grc' dir='ltr'>γὰρ</span> <span class='ocrx_word' id='word_1_289' title='bbox 2807 979 3002 1049; x_wconf 70' lang='grc' dir='ltr'>θέλων,</span> <span class='ocrx_word' id='word_1_290' title='bbox 3065 977 3274 1045; x_wconf 77' lang='grc' dir='ltr'>ἔπαθεν·</span> <span class='ocrx_word' id='word_1_291' title='bbox 3327 986 3513 1038; x_wconf 78' lang='grc' dir='ltr'>παθεῖν</span> <span class='ocrx_word' id='word_1_292' title='bbox 3555 983 3611 1039; x_wconf 68' lang='grc' dir='ltr'>δὲ</span> <span class='ocrx_word' id='word_1_293' title='bbox 3646 984 3842 1057; x_wconf 71' lang='grc' dir='ltr'>θέλων,</span> 
     </span>
    </p>
   </div>
   <div class='ocr_carea' id='block_1_40' title="bbox 2184 1067 3841 1150">
    <p class='ocr_par' dir='ltr' id='par_1_40' title="bbox 2184 1067 3841 1150">
     <span class='ocr_line' id='line_1_40' title="bbox 2184 1067 3841 1150; baseline 0.005 -28"><span class='ocrx_word' id='word_1_294' title='bbox 2184 1067 2413 1140; x_wconf 81' lang='grc' dir='ltr'>ἥνωσεν,</span> <span class='ocrx_word' id='word_1_295' title='bbox 2446 1069 2706 1132; x_wconf 74' lang='grc' dir='ltr'>ὅένώσας</span> <span class='ocrx_word' id='word_1_296' title='bbox 2758 1068 2855 1124; x_wconf 77' lang='grc' dir='ltr'>οὐκ</span> <span class='ocrx_word' id='word_1_297' title='bbox 2884 1070 3109 1148; x_wconf 68' lang='grc' dir='ltr'>ἀφῆκεν.</span> <span class='ocrx_word' id='word_1_298' title='bbox 3168 1097 3193 1123; x_wconf 87' lang='grc'>‹‹</span> <span class='ocrx_word' id='word_1_299' title='bbox 3254 1072 3413 1129; x_wconf 64' lang='grc' dir='ltr'>Οὕτω</span> <span class='ocrx_word' id='word_1_300' title='bbox 3470 1075 3573 1150; x_wconf 69' lang='grc' dir='ltr'>γάρ</span> <span class='ocrx_word' id='word_1_301' title='bbox 3634 1074 3841 1131; x_wconf 47' lang='lat' dir='ltr'>Elaba-</span> 
     </span>
    </p>
   </div>
   <div class='ocr_carea' id='block_1_41' title="bbox 2184 1158 3841 1238">
    <p class='ocr_par' dir='ltr' id='par_1_41' title="bbox 2184 1158 3841 1238">
     <span class='ocr_line' id='line_1_41' title="bbox 2184 1158 3841 1238; baseline 0.005 -26"><span class='ocrx_word' id='word_1_302' title='bbox 2184 1179 2293 1228; x_wconf 85' lang='grc' dir='ltr'>ται,</span> <span class='ocrx_word' id='word_1_303' title='bbox 2328 1158 2385 1212; x_wconf 77' lang='grc' dir='ltr'>δν</span> <span class='ocrx_word' id='word_1_304' title='bbox 2416 1159 2617 1234; x_wconf 78' lang='grc' dir='ltr'>τρόπον</span> <span class='ocrx_word' id='word_1_305' title='bbox 2678 1158 2956 1214; x_wconf 77' lang='grc' dir='ltr'>ἐθεάσασθε</span> <span class='ocrx_word' id='word_1_306' title='bbox 3015 1160 3174 1215; x_wconf 76' lang='grc' dir='ltr'>αὐτὸν</span> <span class='ocrx_word' id='word_1_307' title='bbox 3224 1162 3594 1238; x_wconf 74' lang='grc' dir='ltr'>πορευόμενον</span> <span class='ocrx_word' id='word_1_308' title='bbox 3648 1164 3723 1226; x_wconf 84' lang='grc' dir='ltr'>εἷς</span> <span class='ocrx_word' id='word_1_309' title='bbox 3753 1168 3841 1220; x_wconf 77' lang='grc' dir='ltr'>τὸν</span> 
     </span>
    </p>
   </div>
   <div class='ocr_carea' id='block_1_42' title="bbox 2186 1245 3843 1323">
    <p class='ocr_par' dir='ltr' id='par_1_42' title="bbox 2186 1245 3843 1323">
     <span class='ocr_line' id='line_1_42' title="bbox 2186 1245 3843 1323; baseline 0.005 -23"><span class='ocrx_word' id='word_1_310' title='bbox 2186 1245 2433 1323; x_wconf 79' lang='grc' dir='ltr'>οὖρανόν’</span> <span class='ocrx_word' id='word_1_311' title='bbox 2472 1271 2497 1297; x_wconf 84' lang='grc'><strong>››</strong></span> <span class='ocrx_word' id='word_1_312' title='bbox 2528 1248 2640 1320; x_wconf 75' lang='grc' dir='ltr'>καὶ,</span> <span class='ocrx_word' id='word_1_313' title='bbox 2674 1272 2703 1301; x_wconf 88' lang='grc'>‹‹</span> <span class='ocrx_word' id='word_1_314' title='bbox 2743 1249 2998 1323; x_wconf 81' lang='grc' dir='ltr'>Ὄψονται</span> <span class='ocrx_word' id='word_1_315' title='bbox 3030 1251 3145 1323; x_wconf 85' lang='grc'>(66)</span> <span class='ocrx_word' id='word_1_316' title='bbox 3178 1249 3255 1312; x_wconf 83' lang='grc' dir='ltr'>εἰς</span> <span class='ocrx_word' id='word_1_317' title='bbox 3304 1251 3360 1305; x_wconf 79' lang='grc' dir='ltr'>ὅν</span> <span class='ocrx_word' id='word_1_318' title='bbox 3415 1251 3780 1323; x_wconf 65' lang='grc' dir='ltr'>ἐξεκέντησαν.</span> <span class='ocrx_word' id='word_1_319' title='bbox 3818 1282 3843 1303; x_wconf 76' lang='lat' dir='ltr'>n</span> 
     </span>
    </p>
   </div>
   <div class='ocr_carea' id='block_1_43' title="bbox 2182 1336 3841 1417">
    <p class='ocr_par' dir='ltr' id='par_1_43' title="bbox 2182 1336 3841 1417">
     <span class='ocr_line' id='line_1_43' title="bbox 2182 1336 3841 1417; baseline 0.002 -24"><span class='ocrx_word' id='word_1_320' title='bbox 2182 1336 2415 1393; x_wconf 78' lang='grc' dir='ltr'>Ἀπολλ.</span> <span class='ocrx_word' id='word_1_321' title='bbox 2450 1336 2673 1399; x_wconf 77' lang='grc' dir='ltr'>Ἄλλως</span> <span class='ocrx_word' id='word_1_322' title='bbox 2722 1338 2821 1414; x_wconf 67' lang='grc' dir='ltr'>γάρ</span> <span class='ocrx_word' id='word_1_323' title='bbox 2854 1337 2953 1392; x_wconf 77' lang='grc' dir='ltr'>οὐκ</span> <span class='ocrx_word' id='word_1_324' title='bbox 2983 1336 3203 1394; x_wconf 68' lang='grc' dir='ltr'>ἐδύνατο</span> <span class='ocrx_word' id='word_1_325' title='bbox 3238 1345 3439 1409; x_wconf 75' lang='grc' dir='ltr'>σῶσαις</span> <span class='ocrx_word' id='word_1_326' title='bbox 3494 1342 3646 1417; x_wconf 82' lang='grc' dir='ltr'>Ὀρθ.</span> <span class='ocrx_word' id='word_1_327' title='bbox 3685 1342 3841 1399; x_wconf 83' lang='grc' dir='ltr'>Ἀλλ’</span> 
     </span>
    </p>
   </div>
   <div class='ocr_carea' id='block_1_44' title="bbox 2183 1425 3836 1508">
    <p class='ocr_par' dir='ltr' id='par_1_44' title="bbox 2183 1425 3836 1508">
     <span class='ocr_line' id='line_1_44' title="bbox 2183 1425 3836 1508; baseline -0.003 -28"><span class='ocrx_word' id='word_1_328' title='bbox 2183 1426 2355 1488; x_wconf 66' lang='grc' dir='ltr'>οὕτως</span> <span class='ocrx_word' id='word_1_329' title='bbox 2384 1425 2625 1498; x_wconf 73' lang='grc' dir='ltr'>ῆθὲλησε</span> <span class='ocrx_word' id='word_1_330' title='bbox 2654 1432 2821 1481; x_wconf 79' lang='grc' dir='ltr'>σῶσαι</span> <span class='ocrx_word' id='word_1_331' title='bbox 2852 1425 2941 1482; x_wconf 70' lang='grc' dir='ltr'>διὰ</span> <span class='ocrx_word' id='word_1_332' title='bbox 2971 1432 3068 1493; x_wconf 78' lang='grc' dir='ltr'>τῆς</span> <span class='ocrx_word' id='word_1_333' title='bbox 3132 1429 3341 1505; x_wconf 80' lang='grc' dir='ltr'>μωρίας</span> <span class='ocrx_word' id='word_1_334' title='bbox 3398 1435 3493 1485; x_wconf 88' lang='grc' dir='ltr'>τοῦ</span> <span class='ocrx_word' id='word_1_335' title='bbox 3544 1431 3836 1508; x_wconf 67' lang='grc' dir='ltr'>κηρύγμα-</span> 
     </span>
    </p>
   </div>
   <div class='ocr_carea' id='block_1_45' title="bbox 2178 1515 3836 1597">
    <p class='ocr_par' dir='ltr' id='par_1_45' title="bbox 2178 1515 3836 1597">
     <span class='ocr_line' id='line_1_45' title="bbox 2178 1515 3836 1597; baseline 0.004 -27"><span class='ocrx_word' id='word_1_336' title='bbox 2178 1537 2291 1577; x_wconf 86' lang='grc' dir='ltr'>τος.</span> <span class='ocrx_word' id='word_1_337' title='bbox 2328 1515 2561 1574; x_wconf 80' lang='grc' dir='ltr'>’Δπολλ.</span> <span class='ocrx_word' id='word_1_338' title='bbox 2596 1516 2657 1571; x_wconf 80' lang='grc' dir='ltr'>Εἰ</span> <span class='ocrx_word' id='word_1_339' title='bbox 2714 1521 2838 1571; x_wconf 85' lang='grc' dir='ltr'>νοῦν</span> <span class='ocrx_word' id='word_1_340' title='bbox 2892 1518 3178 1593; x_wconf 80' lang='grc' dir='ltr'>ἀνθρώπου</span> <span class='ocrx_word' id='word_1_341' title='bbox 3239 1522 3352 1593; x_wconf 87' lang='grc'>(67)</span> <span class='ocrx_word' id='word_1_342' title='bbox 3407 1520 3576 1597; x_wconf 75' lang='grc' dir='ltr'>εἶχεν,</span> <span class='ocrx_word' id='word_1_343' title='bbox 3610 1519 3836 1576; x_wconf 70' lang='grc' dir='ltr'>ἐδύνατο</span> 
     </span>
    </p>
   </div>
   <div class='ocr_carea' id='block_1_46' title="bbox 2181 1604 3833 1683">
    <p class='ocr_par' dir='ltr' id='par_1_46' title="bbox 2181 1604 3833 1683">
     <span class='ocr_line' id='line_1_46' title="bbox 2181 1604 3833 1683; baseline 0.004 -25"><span class='ocrx_word' id='word_1_344' title='bbox 2181 1604 2271 1659; x_wconf 80' lang='grc' dir='ltr'>καὶ</span> <span class='ocrx_word' id='word_1_345' title='bbox 2334 1607 2661 1680; x_wconf 74' lang='grc' dir='ltr'>άμαρτῆσαι.</span> <span class='ocrx_word' id='word_1_346' title='bbox 2726 1607 2874 1682; x_wconf 86' lang='grc' dir='ltr'>Ὀρθ.</span> <span class='ocrx_word' id='word_1_347' title='bbox 2934 1607 2994 1661; x_wconf 78' lang='lat' dir='ltr'>El</span> <span class='ocrx_word' id='word_1_348' title='bbox 3060 1609 3136 1680; x_wconf 72' lang='grc' dir='ltr'>μὴ</span> <span class='ocrx_word' id='word_1_349' title='bbox 3189 1607 3365 1678; x_wconf 74' lang='grc' dir='ltr'>ἥνωτο</span> <span class='ocrx_word' id='word_1_350' title='bbox 3416 1613 3481 1683; x_wconf 75' lang='grc' dir='ltr'>τῇ</span> <span class='ocrx_word' id='word_1_351' title='bbox 3533 1610 3755 1680; x_wconf 77' lang='grc' dir='ltr'>θεότητι</span> <span class='ocrx_word' id='word_1_352' title='bbox 3807 1614 3833 1666; x_wconf 97' lang='lat'>6</span> 
     </span>
    </p>
   </div>
   <div class='ocr_carea' id='block_1_47' title="bbox 2179 1694 3835 1775">
    <p class='ocr_par' dir='ltr' id='par_1_47' title="bbox 2179 1694 3835 1775">
     <span class='ocr_line' id='line_1_47' title="bbox 2179 1694 3835 1775; baseline 0.005 -28"><span class='ocrx_word' id='word_1_353' title='bbox 2179 1699 2323 1765; x_wconf 83' lang='grc' dir='ltr'>νοῦς,</span> <span class='ocrx_word' id='word_1_354' title='bbox 2355 1694 2461 1753; x_wconf 78' lang='grc' dir='ltr'>ναί.</span> <span class='ocrx_word' id='word_1_355' title='bbox 2495 1694 2730 1752; x_wconf 85' lang='grc' dir='ltr'>Ἀπολλ.</span> <span class='ocrx_word' id='word_1_356' title='bbox 2762 1698 2997 1772; x_wconf 77' lang='grc' dir='ltr'>Τρεπτός</span> <span class='ocrx_word' id='word_1_357' title='bbox 3031 1696 3120 1751; x_wconf 76' lang='grc' dir='ltr'>οὖν</span> <span class='ocrx_word' id='word_1_358' title='bbox 3169 1700 3234 1766; x_wconf 66' lang='grc' dir='ltr'>ἦν</span> <span class='ocrx_word' id='word_1_359' title='bbox 3286 1700 3313 1752; x_wconf 88' lang='lat'>6</span> <span class='ocrx_word' id='word_1_360' title='bbox 3358 1700 3632 1773; x_wconf 75' lang='grc' dir='ltr'>Χριστός;</span> <span class='ocrx_word' id='word_1_361' title='bbox 3682 1702 3835 1775; x_wconf 71' lang='grc' dir='ltr'>Ὀρθ.</span> 
     </span>
    </p>
   </div>
   <div class='ocr_carea' id='block_1_48' title="bbox 2179 1782 3833 1865">
    <p class='ocr_par' dir='ltr' id='par_1_48' title="bbox 2179 1782 3833 1865">
     <span class='ocr_line' id='line_1_48' title="bbox 2179 1782 3833 1865; baseline 0.009 -27"><span class='ocrx_word' id='word_1_362' title='bbox 2179 1785 2266 1853; x_wconf 70' lang='grc' dir='ltr'>Μὴ</span> <span class='ocrx_word' id='word_1_363' title='bbox 2299 1786 2553 1860; x_wconf 68' lang='grc' dir='ltr'>γὲνοιτοί</span> <span class='ocrx_word' id='word_1_364' title='bbox 2590 1783 2828 1841; x_wconf 86' lang='grc' dir='ltr'>ἈπολΛ.</span> <span class='ocrx_word' id='word_1_365' title='bbox 2862 1785 2925 1839; x_wconf 77' lang='lat' dir='ltr'>Ei’</span> <span class='ocrx_word' id='word_1_366' title='bbox 2956 1782 3172 1841; x_wconf 74' lang='grc' dir='ltr'>ἔδῦνατο</span> <span class='ocrx_word' id='word_1_367' title='bbox 3218 1788 3548 1860; x_wconf 76' lang='grc' dir='ltr'>άμαρτῆσαι,</span> <span class='ocrx_word' id='word_1_368' title='bbox 3597 1791 3833 1865; x_wconf 77' lang='grc' dir='ltr'>τρεπτὸς</span> 
     </span>
    </p>
   </div>
   <div class='ocr_carea' id='block_1_49' title="bbox 2174 1873 3826 1955">
    <p class='ocr_par' dir='ltr' id='par_1_49' title="bbox 2174 1873 3826 1955">
     <span class='ocr_line' id='line_1_49' title="bbox 2174 1873 3826 1955; baseline 0.004 -29"><span class='ocrx_word' id='word_1_369' title='bbox 2174 1876 2261 1941; x_wconf 68' lang='grc' dir='ltr'>ἦν.</span> <span class='ocrx_word' id='word_1_370' title='bbox 2325 1874 2469 1945; x_wconf 78' lang='grc' dir='ltr'>Ὀρθ.</span> <span class='ocrx_word' id='word_1_371' title='bbox 2532 1873 2855 1946; x_wconf 76' lang='grc' dir='ltr'>Μνημόνευε</span> <span class='ocrx_word' id='word_1_372' title='bbox 2910 1880 3016 1928; x_wconf 79' lang='grc' dir='ltr'>τῶν</span> <span class='ocrx_word' id='word_1_373' title='bbox 3083 1874 3407 1950; x_wconf 69' lang='grc' dir='ltr'>εἰρημένων.</span> <span class='ocrx_word' id='word_1_374' title='bbox 3471 1877 3641 1932; x_wconf 77' lang='grc' dir='ltr'>Εἶπον</span> <span class='ocrx_word' id='word_1_375' title='bbox 3700 1881 3826 1955; x_wconf 63' lang='grc' dir='ltr'>γάρ·</span> 
     </span>
    </p>
   </div>
   <div class='ocr_carea' id='block_1_50' title="bbox 2175 1960 3829 2040">
    <p class='ocr_par' dir='ltr' id='par_1_50' title="bbox 2175 1960 3829 2040">
     <span class='ocr_line' id='line_1_50' title="bbox 2220 1960 3454 1985; baseline 0 -6"><span class='ocrx_word' id='word_1_376' title='bbox 2220 1960 2237 1979; x_wconf 62' lang='grc' dir='ltr'>α</span> <span class='ocrx_word' id='word_1_377' title='bbox 2325 1962 2339 1979; x_wconf 63' lang='grc' dir='ltr'>ς</span> <span class='ocrx_word' id='word_1_378' title='bbox 2804 1964 2823 1982; x_wconf 79' lang='lat'><strong><em>,</em></strong></span> <span class='ocrx_word' id='word_1_379' title='bbox 2956 1968 2983 1978; x_wconf 59' lang='grc' dir='ltr'><em>η</em></span> <span class='ocrx_word' id='word_1_380' title='bbox 3103 1965 3117 1981; x_wconf 84' lang='lat'>.</span> <span class='ocrx_word' id='word_1_381' title='bbox 3190 1966 3203 1977; x_wconf 89' lang='lat'>.</span> <span class='ocrx_word' id='word_1_382' title='bbox 3339 1966 3353 1983; x_wconf 51' lang='grc' dir='ltr'>κ</span> <span class='ocrx_word' id='word_1_383' title='bbox 3430 1964 3454 1985; x_wconf 66' lang='grc' dir='ltr'>,ν</span> 
     </span>
     <span class='ocr_line' id='line_1_51' title="bbox 2175 1960 3829 2040; baseline 0.006 -26"><span class='ocrx_word' id='word_1_384' title='bbox 2175 1964 2230 2018; x_wconf 71' lang='grc' dir='ltr'>Ει</span> <span class='ocrx_word' id='word_1_385' title='bbox 2273 1982 2346 2034; x_wconf 81' lang='grc' dir='ltr'>μη</span> <span class='ocrx_word' id='word_1_386' title='bbox 2397 1961 2599 2033; x_wconf 77' lang='grc' dir='ltr'>ἥνωτο,</span> <span class='ocrx_word' id='word_1_387' title='bbox 2645 1962 2750 2018; x_wconf 88' lang='grc' dir='ltr'>ναί.</span> <span class='ocrx_word' id='word_1_388' title='bbox 2823 1969 3016 2032; x_wconf 63' lang='grc' dir='ltr'>Ιησοῦς</span> <span class='ocrx_word' id='word_1_389' title='bbox 3072 1960 3128 2018; x_wconf 84' lang='grc' dir='ltr'>δε</span> <span class='ocrx_word' id='word_1_390' title='bbox 3161 1965 3391 2040; x_wconf 75' lang='grc' dir='ltr'>λριστος</span> <span class='ocrx_word' id='word_1_391' title='bbox 3426 1986 3549 2021; x_wconf 75' lang='grc' dir='ltr'>ανευ</span> <span class='ocrx_word' id='word_1_392' title='bbox 3581 1968 3829 2030; x_wconf 73' lang='grc' dir='ltr'>ὲνώσεως</span> 
     </span>
    </p>
   </div>
   <div class='ocr_carea' id='block_1_51' title="bbox 2173 2049 3829 2131">
    <p class='ocr_par' dir='ltr' id='par_1_51' title="bbox 2173 2049 3829 2131">
     <span class='ocr_line' id='line_1_52' title="bbox 2173 2049 3829 2131; baseline 0.005 -28"><span class='ocrx_word' id='word_1_393' title='bbox 2173 2049 2232 2104; x_wconf 82' lang='grc' dir='ltr'>οὐ</span> <span class='ocrx_word' id='word_1_394' title='bbox 2264 2056 2464 2104; x_wconf 75' lang='grc' dir='ltr'>νοεῖται</span> <span class='ocrx_word' id='word_1_395' title='bbox 2522 2052 2750 2126; x_wconf 79' lang='grc' dir='ltr'>Χριστὸς</span> <span class='ocrx_word' id='word_1_396' title='bbox 2811 2052 3043 2122; x_wconf 77' lang='grc' dir='ltr'>Ἰησοῦς,</span> <span class='ocrx_word' id='word_1_397' title='bbox 3106 2051 3251 2108; x_wconf 78' lang='grc' dir='ltr'>ἀλλᾶ</span> <span class='ocrx_word' id='word_1_398' title='bbox 3302 2055 3432 2117; x_wconf 86' lang='grc' dir='ltr'>Θεὸς</span> <span class='ocrx_word' id='word_1_399' title='bbox 3464 2055 3668 2131; x_wconf 85' lang='grc' dir='ltr'>Λόγος,</span> <span class='ocrx_word' id='word_1_400' title='bbox 3704 2059 3829 2120; x_wconf 72' lang='grc' dir='ltr'>Υἱὸς</span> 
     </span>
    </p>
   </div>
   <div class='ocr_carea' id='block_1_52' title="bbox 2171 2138 3829 2221">
    <p class='ocr_par' dir='ltr' id='par_1_52' title="bbox 2171 2138 3829 2221">
     <span class='ocr_line' id='line_1_53' title="bbox 2171 2138 3829 2221; baseline 0.005 -27"><span class='ocrx_word' id='word_1_401' title='bbox 2171 2143 2304 2194; x_wconf 90' lang='grc' dir='ltr'>Θεοῦ</span> <span class='ocrx_word' id='word_1_402' title='bbox 2338 2138 2716 2202; x_wconf 75' lang='grc' dir='ltr'>ἐνυπόστατος.</span> <span class='ocrx_word' id='word_1_403' title='bbox 2751 2140 2811 2196; x_wconf 73' lang='grc' dir='ltr'>Εἴ</span> <span class='ocrx_word' id='word_1_404' title='bbox 2846 2138 2973 2214; x_wconf 80' lang='grc' dir='ltr'>δόνῃ</span> <span class='ocrx_word' id='word_1_405' title='bbox 3014 2142 3188 2218; x_wconf 80' lang='grc' dir='ltr'>εὑρεῖν</span> <span class='ocrx_word' id='word_1_406' title='bbox 3236 2143 3299 2196; x_wconf 86' lang='grc' dir='ltr'>τὸ</span> <span class='ocrx_word' id='word_1_407' title='bbox 3351 2141 3603 2221; x_wconf 71' lang='grc' dir='ltr'>ἔμψυχον</span> <span class='ocrx_word' id='word_1_408' title='bbox 3669 2152 3829 2220; x_wconf 77' lang='grc' dir='ltr'>σῶμα</span> 
     </span>
    </p>
   </div>
   <div class='ocr_carea' id='block_1_53' title="bbox 2172 2228 3828 2309">
    <p class='ocr_par' dir='ltr' id='par_1_53' title="bbox 2172 2228 3828 2309">
     <span class='ocr_line' id='line_1_54' title="bbox 2172 2228 3828 2309; baseline 0.005 -27"><span class='ocrx_word' id='word_1_409' title='bbox 2172 2229 2293 2284; x_wconf 75' lang='grc' dir='ltr'>ἄνευ</span> <span class='ocrx_word' id='word_1_410' title='bbox 2343 2229 2604 2301; x_wconf 68' lang='grc' dir='ltr'>ἔνώσεως,</span> <span class='ocrx_word' id='word_1_411' title='bbox 2653 2228 2815 2284; x_wconf 76' lang='grc' dir='ltr'>ἐννόει</span> <span class='ocrx_word' id='word_1_412' title='bbox 2873 2233 3102 2306; x_wconf 66' lang='grc' dir='ltr'>τροπήν·</span> <span class='ocrx_word' id='word_1_413' title='bbox 3153 2231 3197 2285; x_wconf 78' lang='grc' dir='ltr'>εί</span> <span class='ocrx_word' id='word_1_414' title='bbox 3231 2229 3287 2286; x_wconf 74' lang='grc' dir='ltr'>δὲ</span> <span class='ocrx_word' id='word_1_415' title='bbox 3318 2233 3430 2306; x_wconf 80' lang='grc' dir='ltr'>ἅμα</span> <span class='ocrx_word' id='word_1_416' title='bbox 3464 2239 3649 2308; x_wconf 67' lang='grc' dir='ltr'>σῶμα,</span> <span class='ocrx_word' id='word_1_417' title='bbox 3712 2238 3828 2309; x_wconf 73' lang='grc' dir='ltr'>ἅμα</span> 
     </span>
    </p>
   </div>
   <div class='ocr_carea' id='block_1_54' title="bbox 2169 2317 3819 2399">
    <p class='ocr_par' dir='ltr' id='par_1_54' title="bbox 2169 2317 3819 2399">
     <span class='ocr_line' id='line_1_55' title="bbox 2169 2317 3819 2399; baseline 0.004 -27"><span class='ocrx_word' id='word_1_418' title='bbox 2169 2322 2303 2373; x_wconf 81' lang='grc' dir='ltr'>Θεοῦ</span> <span class='ocrx_word' id='word_1_419' title='bbox 2332 2318 2509 2393; x_wconf 85' lang='grc' dir='ltr'>Λόγου</span> <span class='ocrx_word' id='word_1_420' title='bbox 2562 2324 2740 2391; x_wconf 81' lang='grc' dir='ltr'>σῶμα,</span> <span class='ocrx_word' id='word_1_421' title='bbox 2799 2319 2887 2374; x_wconf 80' lang='grc' dir='ltr'>καὶ</span> <span class='ocrx_word' id='word_1_422' title='bbox 2947 2320 3059 2392; x_wconf 78' lang='grc' dir='ltr'>ἅμα</span> <span class='ocrx_word' id='word_1_423' title='bbox 3115 2317 3363 2397; x_wconf 75' lang='grc' dir='ltr'>ἔμψυχον</span> <span class='ocrx_word' id='word_1_424' title='bbox 3398 2322 3645 2399; x_wconf 83' lang='grc' dir='ltr'>λογικὸν,</span> <span class='ocrx_word' id='word_1_425' title='bbox 3706 2328 3819 2397; x_wconf 77' lang='grc' dir='ltr'>ἅμα</span> 
     </span>
    </p>
   </div>
   <div class='ocr_carea' id='block_1_55' title="bbox 2169 2403 3823 2490">
    <p class='ocr_par' dir='ltr' id='par_1_55' title="bbox 2169 2403 3823 2490">
     <span class='ocr_line' id='line_1_56' title="bbox 2169 2403 3823 2490; baseline 0.004 -27"><span class='ocrx_word' id='word_1_426' title='bbox 2169 2411 2302 2463; x_wconf 86' lang='grc' dir='ltr'>Θεοῦ</span> <span class='ocrx_word' id='word_1_427' title='bbox 2336 2403 2513 2483; x_wconf 74' lang='grc' dir='ltr'>Λόγου</span> <span class='ocrx_word' id='word_1_428' title='bbox 2544 2410 2654 2483; x_wconf 74' lang='grc'>(68)</span> <span class='ocrx_word' id='word_1_429' title='bbox 2690 2413 2847 2481; x_wconf 78' lang='grc' dir='ltr'>σῶμα</span> <span class='ocrx_word' id='word_1_430' title='bbox 2879 2407 3127 2485; x_wconf 73' lang='grc' dir='ltr'>ἔμψυχον</span> <span class='ocrx_word' id='word_1_431' title='bbox 3164 2410 3406 2487; x_wconf 83' lang='grc' dir='ltr'>λογικὸν,</span> <span class='ocrx_word' id='word_1_432' title='bbox 3461 2417 3646 2483; x_wconf 78' lang='grc' dir='ltr'>ζητεῖς</span> <span class='ocrx_word' id='word_1_433' title='bbox 3696 2436 3823 2490; x_wconf 78' lang='grc' dir='ltr'>τρο-</span> 
     </span>
    </p>
   </div>
   <div class='ocr_carea' id='block_1_56' title="bbox 2167 2496 3822 2577">
    <p class='ocr_par' dir='ltr' id='par_1_56' title="bbox 2167 2496 3822 2577">
     <span class='ocr_line' id='line_1_57' title="bbox 2167 2496 3822 2577; baseline 0.004 -27"><span class='ocrx_word' id='word_1_434' title='bbox 2167 2499 2316 2567; x_wconf 73' lang='grc' dir='ltr'>πήν;</span> <span class='ocrx_word' id='word_1_435' title='bbox 2352 2496 2585 2552; x_wconf 81' lang='grc' dir='ltr'>Ἀπολλ.</span> <span class='ocrx_word' id='word_1_436' title='bbox 2627 2498 2686 2551; x_wconf 85' lang='grc' dir='ltr'>Εἰ</span> <span class='ocrx_word' id='word_1_437' title='bbox 2718 2502 2841 2551; x_wconf 89' lang='grc' dir='ltr'>νοῦν</span> <span class='ocrx_word' id='word_1_438' title='bbox 2871 2499 3158 2574; x_wconf 76' lang='grc' dir='ltr'>ἀνθρώπου</span> <span class='ocrx_word' id='word_1_439' title='bbox 3187 2501 3333 2575; x_wconf 75' lang='grc' dir='ltr'>εἶχεν</span> <span class='ocrx_word' id='word_1_440' title='bbox 3365 2502 3392 2555; x_wconf 84' lang='lat'>6</span> <span class='ocrx_word' id='word_1_441' title='bbox 3436 2504 3698 2577; x_wconf 78' lang='grc' dir='ltr'>Χριστὸς,</span> <span class='ocrx_word' id='word_1_442' title='bbox 3732 2505 3822 2557; x_wconf 73' lang='grc' dir='ltr'>καὶ</span> 
     </span>
    </p>
   </div>
   <div class='ocr_carea' id='block_1_57' title="bbox 2167 2586 3819 2666">
    <p class='ocr_par' dir='ltr' id='par_1_57' title="bbox 2167 2586 3819 2666">
     <span class='ocr_line' id='line_1_58' title="bbox 2167 2586 3819 2666; baseline 0.004 -25"><span class='ocrx_word' id='word_1_443' title='bbox 2167 2586 2341 2656; x_wconf 72' lang='grc' dir='ltr'>λήθην</span> <span class='ocrx_word' id='word_1_444' title='bbox 2400 2588 2489 2639; x_wconf 78' lang='grc' dir='ltr'>καὶ</span> <span class='ocrx_word' id='word_1_445' title='bbox 2551 2587 2770 2660; x_wconf 75' lang='grc' dir='ltr'>ἄγνοιαν</span> <span class='ocrx_word' id='word_1_446' title='bbox 2831 2588 2997 2662; x_wconf 60' lang='grc' dir='ltr'>εἶχεν,</span> <span class='ocrx_word' id='word_1_447' title='bbox 3049 2590 3137 2643; x_wconf 82' lang='grc' dir='ltr'>καὶ</span> <span class='ocrx_word' id='word_1_448' title='bbox 3198 2591 3521 2666; x_wconf 83' lang='grc' dir='ltr'>ἁμαρτάνειν</span> <span class='ocrx_word' id='word_1_449' title='bbox 3570 2590 3819 2649; x_wconf 75' lang='grc' dir='ltr'>ἐδύνατο.</span> 
     </span>
    </p>
   </div>
   <div class='ocr_carea' id='block_1_58' title="bbox 2166 2674 3827 2757">
    <p class='ocr_par' dir='ltr' id='par_1_58' title="bbox 2166 2674 3827 2757">
     <span class='ocr_line' id='line_1_59' title="bbox 2166 2674 3827 2757; baseline 0.004 -27"><span class='ocrx_word' id='word_1_450' title='bbox 2166 2677 2312 2751; x_wconf 88' lang='grc' dir='ltr'>Ὀρθ.</span> <span class='ocrx_word' id='word_1_451' title='bbox 2346 2675 2409 2729; x_wconf 82' lang='grc' dir='ltr'>Εἰ</span> <span class='ocrx_word' id='word_1_452' title='bbox 2475 2676 2548 2748; x_wconf 77' lang='grc' dir='ltr'>μή</span> <span class='ocrx_word' id='word_1_453' title='bbox 2608 2674 2790 2744; x_wconf 69' lang='grc' dir='ltr'>ἤνωτο</span> <span class='ocrx_word' id='word_1_454' title='bbox 2836 2680 2904 2749; x_wconf 80' lang='grc' dir='ltr'>τῇ</span> <span class='ocrx_word' id='word_1_455' title='bbox 2936 2677 3175 2749; x_wconf 84' lang='grc' dir='ltr'>θεότητι,</span> <span class='ocrx_word' id='word_1_456' title='bbox 3203 2678 3310 2734; x_wconf 89' lang='grc' dir='ltr'>ναί.</span> <span class='ocrx_word' id='word_1_457' title='bbox 3349 2680 3443 2733; x_wconf 80' lang='grc' dir='ltr'>Καὶ</span> <span class='ocrx_word' id='word_1_458' title='bbox 3479 2681 3555 2751; x_wconf 71' lang='grc' dir='ltr'>μὴ</span> <span class='ocrx_word' id='word_1_459' title='bbox 3593 2679 3741 2757; x_wconf 70' lang='grc' dir='ltr'>λέγε,</span> <span class='ocrx_word' id='word_1_460' title='bbox 3775 2684 3827 2736; x_wconf 57' lang='grc' dir='ltr'>εἴ</span> 
     </span>
    </p>
   </div>
   <div class='ocr_carea' id='block_1_59' title="bbox 2161 2762 3814 2843">
    <p class='ocr_par' dir='ltr' id='par_1_59' title="bbox 2161 2762 3814 2843">
     <span class='ocr_line' id='line_1_60' title="bbox 2161 2762 3814 2843; baseline 0.005 -25"><span class='ocrx_word' id='word_1_461' title='bbox 2161 2769 2285 2819; x_wconf 90' lang='grc' dir='ltr'>νοῦν</span> <span class='ocrx_word' id='word_1_462' title='bbox 2337 2765 2644 2840; x_wconf 67' lang='grc' dir='ltr'>ἀνθρώπων</span> <span class='ocrx_word' id='word_1_463' title='bbox 2681 2763 2741 2819; x_wconf 81' lang='grc' dir='ltr'>οὐ</span> <span class='ocrx_word' id='word_1_464' title='bbox 2771 2765 2871 2841; x_wconf 79' lang='grc' dir='ltr'>γάρ</span> <span class='ocrx_word' id='word_1_465' title='bbox 2904 2762 3079 2819; x_wconf 76' lang='grc' dir='ltr'>ἄλλου</span> <span class='ocrx_word' id='word_1_466' title='bbox 3100 2767 3243 2828; x_wconf 82' lang='grc' dir='ltr'>τινὸς</span> <span class='ocrx_word' id='word_1_467' title='bbox 3278 2766 3334 2820; x_wconf 65' lang='grc' dir='ltr'>ἂν</span> <span class='ocrx_word' id='word_1_468' title='bbox 3370 2769 3486 2843; x_wconf 82' lang='grc' dir='ltr'>εἶχε</span> <span class='ocrx_word' id='word_1_469' title='bbox 3515 2773 3644 2823; x_wconf 84' lang='grc' dir='ltr'>νοῦν</span> <span class='ocrx_word' id='word_1_470' title='bbox 3681 2774 3814 2841; x_wconf 82' lang='grc'>(69)’</span> 
     </span>
    </p>
   </div>
   <div class='ocr_carea' id='block_1_60' title="bbox 2162 2851 3813 2934">
    <p class='ocr_par' dir='ltr' id='par_1_60' title="bbox 2162 2851 3813 2934">
     <span class='ocr_line' id='line_1_61' title="bbox 2162 2851 3813 2934; baseline 0.004 -27"><span class='ocrx_word' id='word_1_471' title='bbox 2162 2852 2308 2921; x_wconf 82' lang='grc' dir='ltr'>ἀλλ’,</span> <span class='ocrx_word' id='word_1_472' title='bbox 2343 2854 2407 2909; x_wconf 81' lang='grc' dir='ltr'>Εἰ</span> <span class='ocrx_word' id='word_1_473' title='bbox 2442 2852 2560 2924; x_wconf 66' lang='grc' dir='ltr'>ἄρα,</span> <span class='ocrx_word' id='word_1_474' title='bbox 2597 2853 2734 2921; x_wconf 72' lang='grc' dir='ltr'>εἷ’πὲ,</span> <span class='ocrx_word' id='word_1_475' title='bbox 2768 2851 3102 2928; x_wconf 78' lang='grc' dir='ltr'>ἄνθρωπίνου</span> <span class='ocrx_word' id='word_1_476' title='bbox 3140 2860 3235 2910; x_wconf 89' lang='grc' dir='ltr'>νοῦ</span> <span class='ocrx_word' id='word_1_477' title='bbox 3271 2862 3517 2934; x_wconf 79' lang='grc' dir='ltr'>μετεῖχεν</span> <span class='ocrx_word' id='word_1_478' title='bbox 3555 2860 3583 2913; x_wconf 88' lang='lat'>6</span> <span class='ocrx_word' id='word_1_479' title='bbox 3620 2859 3813 2934; x_wconf 75' lang='grc' dir='ltr'>Λόγος,</span> 
     </span>
    </p>
   </div>
   <div class='ocr_carea' id='block_1_61' title="bbox 2162 2942 2858 3019">
    <p class='ocr_par' dir='ltr' id='par_1_61' title="bbox 2162 2942 2858 3019">
     <span class='ocr_line' id='line_1_62' title="bbox 2162 2942 2858 3019; baseline 0.006 -24"><span class='ocrx_word' id='word_1_480' title='bbox 2162 2942 2235 3005; x_wconf 82' lang='grc' dir='ltr'>ὡς</span> <span class='ocrx_word' id='word_1_481' title='bbox 2267 2942 2609 3016; x_wconf 79' lang='grc' dir='ltr'>ἅνθρωπίνης</span> <span class='ocrx_word' id='word_1_482' title='bbox 2640 2943 2858 3019; x_wconf 89' lang='grc' dir='ltr'>σαρκός.</span> 
     </span>
    </p>
   </div>
   <div class='ocr_carea' id='block_1_62' title="bbox 405 3030 3810 3115">
    <p class='ocr_par' dir='ltr' id='par_1_62' title="bbox 405 3030 3810 3115">
     <span class='ocr_line' id='line_1_63' title="bbox 405 3030 3810 3115; baseline 0.001 -24"><span class='ocrx_word' id='word_1_483' title='bbox 405 3039 503 3092; x_wconf 84' lang='lat' dir='ltr'>tati</span> <span class='ocrx_word' id='word_1_484' title='bbox 535 3037 743 3092; x_wconf 82' lang='lat' dir='ltr'>fuisset</span> <span class='ocrx_word' id='word_1_485' title='bbox 774 3035 993 3090; x_wconf 90' lang='lat' dir='ltr'>unitus.</span> <span class='ocrx_word' id='word_1_486' title='bbox 1044 3032 1124 3089; x_wconf 90' lang='lat' dir='ltr'>Ne</span> <span class='ocrx_word' id='word_1_487' title='bbox 1154 3048 1284 3087; x_wconf 87' lang='lat' dir='ltr'>vero</span> <span class='ocrx_word' id='word_1_488' title='bbox 1315 3030 1511 3101; x_wconf 84' lang='lat' dir='ltr'>dicito,</span> <span class='ocrx_word' id='word_1_489' title='bbox 1544 3031 1590 3086; x_wconf 89' lang='lat' dir='ltr'>si</span> <span class='ocrx_word' id='word_1_490' title='bbox 1644 3036 1896 3086; x_wconf 89' lang='lat' dir='ltr'>mentem</span> <span class='ocrx_word' id='word_1_491' title='bbox 1934 3032 2226 3101; x_wconf 89' lang='lat' dir='ltr'>hominis;</span> <span class='ocrx_word' id='word_1_492' title='bbox 2274 3034 2494 3088; x_wconf 89' lang='lat' dir='ltr'>nullius</span> <span class='ocrx_word' id='word_1_493' title='bbox 2542 3033 2698 3089; x_wconf 85' lang='lat' dir='ltr'>enim</span> <span class='ocrx_word' id='word_1_494' title='bbox 2740 3034 3001 3115; x_wconf 89' lang='lat' dir='ltr'>alterius</span> <span class='ocrx_word' id='word_1_495' title='bbox 3031 3041 3285 3091; x_wconf 88' lang='lat' dir='ltr'>mentem</span> <span class='ocrx_word' id='word_1_496' title='bbox 3336 3037 3549 3093; x_wconf 86' lang='lat' dir='ltr'>habere</span> <span class='ocrx_word' id='word_1_497' title='bbox 3583 3042 3810 3111; x_wconf 82' lang='lat' dir='ltr'>potuit;</span> 
     </span>
    </p>
   </div>
   <div class='ocr_carea' id='block_1_63' title="bbox 396 3120 3129 3195">
    <p class='ocr_par' dir='ltr' id='par_1_63' title="bbox 396 3120 3129 3195">
     <span class='ocr_line' id='line_1_64' title="bbox 396 3120 3129 3195; baseline -0 -15"><span class='ocrx_word' id='word_1_498' title='bbox 396 3128 497 3181; x_wconf 89' lang='lat' dir='ltr'>sed</span> <span class='ocrx_word' id='word_1_499' title='bbox 529 3126 726 3195; x_wconf 90' lang='lat' dir='ltr'>dicito,</span> <span class='ocrx_word' id='word_1_500' title='bbox 759 3124 818 3179; x_wconf 92' lang='lat' dir='ltr'>Si</span> <span class='ocrx_word' id='word_1_501' title='bbox 851 3122 1061 3178; x_wconf 87' lang='lat' dir='ltr'>mentis</span> <span class='ocrx_word' id='word_1_502' title='bbox 1093 3122 1362 3177; x_wconf 75' lang='lat' dir='ltr'>humanis</span> <span class='ocrx_word' id='word_1_503' title='bbox 1395 3120 1687 3192; x_wconf 87' lang='lat' dir='ltr'>particeps</span> <span class='ocrx_word' id='word_1_504' title='bbox 1721 3121 1937 3175; x_wconf 83' lang='lat' dir='ltr'>factum</span> <span class='ocrx_word' id='word_1_505' title='bbox 1974 3120 2081 3177; x_wconf 84' lang='lat' dir='ltr'>fuit</span> <span class='ocrx_word' id='word_1_506' title='bbox 2110 3122 2387 3193; x_wconf 77' lang='lat' dir='ltr'>Verbum,</span> <span class='ocrx_word' id='word_1_507' title='bbox 2422 3123 2576 3177; x_wconf 82' lang='lat' dir='ltr'>sicut</span> <span class='ocrx_word' id='word_1_508' title='bbox 2607 3122 2878 3178; x_wconf 67' lang='lat' dir='ltr'>humanae</span> <span class='ocrx_word' id='word_1_509' title='bbox 2912 3124 3129 3180; x_wconf 89' lang='lat' dir='ltr'>carnis.</span> 
     </span>
    </p>
   </div>
   <div class='ocr_carea' id='block_1_64' title="bbox 467 3208 2049 3290">
    <p class='ocr_par' dir='ltr' id='par_1_64' title="bbox 467 3209 2043 3285">
     <span class='ocr_line' id='line_1_65' title="bbox 467 3209 2043 3285; baseline -0.003 -15"><span class='ocrx_word' id='word_1_510' title='bbox 467 3216 611 3270; x_wconf 73' lang='grc'>461</span> <span class='ocrx_word' id='word_1_511' title='bbox 669 3216 723 3269; x_wconf 91' lang='grc'>5.</span> <span class='ocrx_word' id='word_1_512' title='bbox 759 3213 930 3285; x_wconf 82' lang='lat' dir='ltr'>Apoll.</span> <span class='ocrx_word' id='word_1_513' title='bbox 981 3211 1280 3276; x_wconf 86' lang='lat' dir='ltr'>Quomodo</span> <span class='ocrx_word' id='word_1_514' title='bbox 1331 3214 1521 3282; x_wconf 85' lang='lat' dir='ltr'>potest</span> <span class='ocrx_word' id='word_1_515' title='bbox 1570 3226 1733 3265; x_wconf 86' lang='lat' dir='ltr'>mens</span> <span class='ocrx_word' id='word_1_516' title='bbox 1781 3209 2043 3266; x_wconf 87' lang='lat' dir='ltr'>humana</span> 
     </span>
    </p>
   </div>
   <div class='ocr_carea' id='block_1_65' title="bbox 2161 3208 3810 3290">
    <p class='ocr_par' dir='ltr' id='par_1_65' title="bbox 2225 3208 3810 3290">
     <span class='ocr_line' id='line_1_66' title="bbox 2225 3208 3810 3290; baseline 0.003 -23"><span class='ocrx_word' id='word_1_517' title='bbox 2225 3212 2280 3267; x_wconf 85' lang='lat'>5.</span> <span class='ocrx_word' id='word_1_518' title='bbox 2307 3211 2545 3266; x_wconf 72' lang='grc' dir='ltr'>Ἀπολλ.</span> <span class='ocrx_word' id='word_1_519' title='bbox 2583 3215 2702 3271; x_wconf 84' lang='grc' dir='ltr'>Πῶς</span> <span class='ocrx_word' id='word_1_520' title='bbox 2733 3208 2949 3265; x_wconf 67' lang='grc' dir='ltr'>δύναται</span> <span class='ocrx_word' id='word_1_521' title='bbox 2983 3212 3321 3286; x_wconf 78' lang='grc' dir='ltr'>άνθρωπινος</span> <span class='ocrx_word' id='word_1_522' title='bbox 3367 3218 3492 3276; x_wconf 87' lang='grc' dir='ltr'>νοῦς</span> <span class='ocrx_word' id='word_1_523' title='bbox 3555 3217 3633 3287; x_wconf 73' lang='grc' dir='ltr'>μὴ</span> <span class='ocrx_word' id='word_1_524' title='bbox 3682 3218 3810 3290; x_wconf 73' lang='grc' dir='ltr'>τρε-</span> 
     </span>
    </p>
   </div>
   <div class='ocr_carea' id='block_1_66' title="bbox 393 3297 2047 3367">
    <p class='ocr_par' dir='ltr' id='par_1_66' title="bbox 393 3297 2047 3367">
     <span class='ocr_line' id='line_1_67' title="bbox 393 3297 2047 3367; baseline -0.004 -6"><span class='ocrx_word' id='word_1_525' title='bbox 393 3322 508 3361; x_wconf 88' lang='lat' dir='ltr'>non</span> <span class='ocrx_word' id='word_1_526' title='bbox 561 3301 822 3359; x_wconf 81' lang='lat' dir='ltr'>mutari?</span> <span class='ocrx_word' id='word_1_527' title='bbox 874 3300 1028 3358; x_wconf 82' lang='lat' dir='ltr'>Orth.</span> <span class='ocrx_word' id='word_1_528' title='bbox 1082 3302 1382 3367; x_wconf 89' lang='lat' dir='ltr'>Quomodo</span> <span class='ocrx_word' id='word_1_529' title='bbox 1436 3297 1675 3354; x_wconf 87' lang='lat' dir='ltr'>mortale</span> <span class='ocrx_word' id='word_1_530' title='bbox 1729 3298 1881 3353; x_wconf 89' lang='lat' dir='ltr'>istud</span> <span class='ocrx_word' id='word_1_531' title='bbox 1934 3300 2047 3355; x_wconf 90' lang='lat' dir='ltr'>im-</span> 
     </span>
    </p>
   </div>
   <div class='ocr_carea' id='block_1_67' title="bbox 391 3387 2045 3459">
    <p class='ocr_par' dir='ltr' id='par_1_67' title="bbox 391 3387 2045 3459">
     <span class='ocr_line' id='line_1_68' title="bbox 391 3387 2045 3459; baseline -0.004 -11"><span class='ocrx_word' id='word_1_532' title='bbox 391 3393 746 3448; x_wconf 87' lang='lat' dir='ltr'>mortalitate</span> <span class='ocrx_word' id='word_1_533' title='bbox 806 3390 1079 3445; x_wconf 91' lang='lat' dir='ltr'>indutum</span> <span class='ocrx_word' id='word_1_534' title='bbox 1138 3405 1253 3443; x_wconf 92' lang='lat' dir='ltr'>non</span> <span class='ocrx_word' id='word_1_535' title='bbox 1313 3387 1582 3457; x_wconf 85' lang='lat' dir='ltr'>moritur,</span> <span class='ocrx_word' id='word_1_536' title='bbox 1642 3390 1698 3442; x_wconf 89' lang='lat' dir='ltr'>et</span> <span class='ocrx_word' id='word_1_537' title='bbox 1754 3388 2045 3459; x_wconf 90' lang='lat' dir='ltr'>corrupti-</span> 
     </span>
    </p>
   </div>
   <div class='ocr_carea' id='block_1_68' title="bbox 388 3476 2044 3550">
    <p class='ocr_par' dir='ltr' id='par_1_68' title="bbox 388 3476 2044 3550">
     <span class='ocr_line' id='line_1_69' title="bbox 388 3476 2044 3550; baseline -0.004 -13"><span class='ocrx_word' id='word_1_538' title='bbox 388 3482 500 3537; x_wconf 90' lang='lat' dir='ltr'>bile</span> <span class='ocrx_word' id='word_1_539' title='bbox 530 3480 662 3550; x_wconf 90' lang='lat' dir='ltr'>hoc,</span> <span class='ocrx_word' id='word_1_540' title='bbox 695 3476 1244 3549; x_wconf 88' lang='lat' dir='ltr'>incorruptibilitate</span> <span class='ocrx_word' id='word_1_541' title='bbox 1286 3477 1584 3544; x_wconf 87' lang='lat' dir='ltr'>indutum,</span> <span class='ocrx_word' id='word_1_542' title='bbox 1640 3492 1754 3531; x_wconf 87' lang='lat' dir='ltr'>non</span> <span class='ocrx_word' id='word_1_543' title='bbox 1790 3476 2044 3548; x_wconf 90' lang='lat' dir='ltr'>amplius</span> 
     </span>
    </p>
   </div>
   <div class='ocr_carea' id='block_1_69' title="bbox 388 3564 2041 3642">
    <p class='ocr_par' dir='ltr' id='par_1_69' title="bbox 388 3564 2041 3642">
     <span class='ocr_line' id='line_1_70' title="bbox 388 3564 2041 3642; baseline -0.002 -16"><span class='ocrx_word' id='word_1_544' title='bbox 388 3571 790 3642; x_wconf 88' lang='lat' dir='ltr'>corrumpitur</span> <span class='ocrx_word' id='word_1_545' title='bbox 821 3587 833 3624; x_wconf 91' lang='lat'>:</span> <span class='ocrx_word' id='word_1_546' title='bbox 868 3567 947 3622; x_wconf 89' lang='lat' dir='ltr'>ita</span> <span class='ocrx_word' id='word_1_547' title='bbox 978 3573 1033 3623; x_wconf 88' lang='lat' dir='ltr'>et</span> <span class='ocrx_word' id='word_1_548' title='bbox 1065 3582 1234 3621; x_wconf 88' lang='lat' dir='ltr'>mens</span> <span class='ocrx_word' id='word_1_549' title='bbox 1268 3581 1369 3637; x_wconf 91' lang='lat' dir='ltr'>per</span> <span class='ocrx_word' id='word_1_550' title='bbox 1401 3564 1722 3620; x_wconf 88' lang='lat' dir='ltr'>unitionem</span> <span class='ocrx_word' id='word_1_551' title='bbox 1757 3582 1890 3620; x_wconf 91' lang='lat' dir='ltr'>cum</span> <span class='ocrx_word' id='word_1_552' title='bbox 1926 3565 2041 3623; x_wconf 90' lang='lat' dir='ltr'>Deo</span> 
     </span>
    </p>
   </div>
   <div class='ocr_carea' id='block_1_70' title="bbox 386 3653 2037 3725">
    <p class='ocr_par' dir='ltr' id='par_1_70' title="bbox 386 3653 2037 3725">
     <span class='ocr_line' id='line_1_71' title="bbox 386 3653 2037 3725; baseline -0.003 -11"><span class='ocrx_word' id='word_1_553' title='bbox 386 3660 574 3716; x_wconf 92' lang='lat' dir='ltr'>Verbo</span> <span class='ocrx_word' id='word_1_554' title='bbox 607 3657 875 3715; x_wconf 81' lang='lat' dir='ltr'>deiﬁcata</span> <span class='ocrx_word' id='word_1_555' title='bbox 906 3672 1020 3711; x_wconf 90' lang='lat' dir='ltr'>non</span> <span class='ocrx_word' id='word_1_556' title='bbox 1055 3659 1335 3709; x_wconf 89' lang='lat' dir='ltr'>mutatur.</span> <span class='ocrx_word' id='word_1_557' title='bbox 1370 3653 1543 3724; x_wconf 84' lang='lat' dir='ltr'>Apoll.</span> <span class='ocrx_word' id='word_1_558' title='bbox 1578 3653 1723 3725; x_wconf 85' lang='lat' dir='ltr'>Ergo</span> <span class='ocrx_word' id='word_1_559' title='bbox 1754 3658 1810 3709; x_wconf 88' lang='lat' dir='ltr'>et</span> <span class='ocrx_word' id='word_1_560' title='bbox 1848 3654 2037 3709; x_wconf 88' lang='lat' dir='ltr'>sancti</span> 
     </span>
    </p>
   </div>
   <div class='ocr_carea' id='block_1_71' title="bbox 383 3742 2033 3815">
    <p class='ocr_par' dir='ltr' id='par_1_71' title="bbox 383 3742 2033 3815">
     <span class='ocr_line' id='line_1_72' title="bbox 383 3742 2033 3815; baseline -0.004 -10"><span class='ocrx_word' id='word_1_561' title='bbox 383 3754 637 3805; x_wconf 89' lang='lat' dir='ltr'>mentem</span> <span class='ocrx_word' id='word_1_562' title='bbox 659 3748 992 3804; x_wconf 90' lang='lat' dir='ltr'>habuerunt</span> <span class='ocrx_word' id='word_1_563' title='bbox 1012 3742 1487 3799; x_wconf 85' lang='lat' dir='ltr'>immutabilem?</span> <span class='ocrx_word' id='word_1_564' title='bbox 1510 3742 1662 3799; x_wconf 84' lang='lat' dir='ltr'>Orth.</span> <span class='ocrx_word' id='word_1_565' title='bbox 1688 3743 1835 3798; x_wconf 91' lang='lat' dir='ltr'>Non.</span> <span class='ocrx_word' id='word_1_566' title='bbox 1856 3745 2033 3815; x_wconf 78' lang='lat' dir='ltr'>Apoll.</span> 
     </span>
    </p>
   </div>
   <div class='ocr_carea' id='block_1_72' title="bbox 382 3832 2036 3906">
    <p class='ocr_par' dir='ltr' id='par_1_72' title="bbox 382 3832 2036 3906">
     <span class='ocr_line' id='line_1_73' title="bbox 382 3832 2036 3906; baseline -0.003 -13"><span class='ocrx_word' id='word_1_567' title='bbox 382 3838 796 3906; x_wconf 87' lang='lat' dir='ltr'>Quamobrem,</span> <span class='ocrx_word' id='word_1_568' title='bbox 829 3852 1022 3892; x_wconf 88' lang='lat' dir='ltr'>nonne</span> <span class='ocrx_word' id='word_1_569' title='bbox 1054 3834 1110 3889; x_wconf 91' lang='lat' dir='ltr'>in</span> <span class='ocrx_word' id='word_1_570' title='bbox 1164 3832 1282 3888; x_wconf 89' lang='lat' dir='ltr'>illis</span> <span class='ocrx_word' id='word_1_571' title='bbox 1331 3848 1563 3904; x_wconf 89' lang='lat' dir='ltr'>quoque</span> <span class='ocrx_word' id='word_1_572' title='bbox 1595 3832 1703 3887; x_wconf 75' lang='lat' dir='ltr'>fuit</span> <span class='ocrx_word' id='word_1_573' title='bbox 1733 3832 2036 3888; x_wconf 82' lang='lat' dir='ltr'>Verbum?</span> 
     </span>
    </p>
   </div>
   <div class='ocr_carea' id='block_1_73' title="bbox 382 3921 2032 3993">
    <p class='ocr_par' dir='ltr' id='par_1_73' title="bbox 382 3921 2032 3993">
     <span class='ocr_line' id='line_1_74' title="bbox 382 3921 2032 3993; baseline -0.004 -9"><span class='ocrx_word' id='word_1_574' title='bbox 382 3932 537 3984; x_wconf 79' lang='lat' dir='ltr'>()rlh.</span> <span class='ocrx_word' id='word_1_575' title='bbox 571 3928 683 3984; x_wconf 90' lang='lat' dir='ltr'>Sed</span> <span class='ocrx_word' id='word_1_576' title='bbox 740 3927 851 3982; x_wconf 83' lang='lat' dir='ltr'>fuit</span> <span class='ocrx_word' id='word_1_577' title='bbox 904 3926 962 3982; x_wconf 92' lang='lat' dir='ltr'>in</span> <span class='ocrx_word' id='word_1_578' title='bbox 1012 3923 1231 3980; x_wconf 87' lang='lat' dir='ltr'>sanctis</span> <span class='ocrx_word' id='word_1_579' title='bbox 1284 3940 1396 3977; x_wconf 90' lang='lat' dir='ltr'>non</span> <span class='ocrx_word' id='word_1_580' title='bbox 1446 3921 1731 3991; x_wconf 89' lang='lat' dir='ltr'>unitione,</span> <span class='ocrx_word' id='word_1_581' title='bbox 1778 3924 1874 3977; x_wconf 80' lang='lat' dir='ltr'>sed</span> <span class='ocrx_word' id='word_1_582' title='bbox 1929 3940 2032 3993; x_wconf 90' lang='lat' dir='ltr'>pro</span> 
     </span>
    </p>
   </div>
   <div class='ocr_carea' id='block_1_74' title="bbox 377 4009 2029 4089">
    <p class='ocr_par' dir='ltr' id='par_1_74' title="bbox 377 4009 2029 4089">
     <span class='ocr_line' id='line_1_75' title="bbox 377 4009 2029 4089; baseline -0.003 -18"><span class='ocrx_word' id='word_1_583' title='bbox 377 4019 567 4089; x_wconf 83' lang='lat' dir='ltr'>gratia</span> <span class='ocrx_word' id='word_1_584' title='bbox 592 4016 868 4088; x_wconf 88' lang='lat' dir='ltr'>Spiritus,</span> <span class='ocrx_word' id='word_1_585' title='bbox 888 4013 1188 4070; x_wconf 85' lang='lat' dir='ltr'>diversein</span> <span class='ocrx_word' id='word_1_586' title='bbox 1210 4011 1356 4083; x_wconf 89' lang='lat' dir='ltr'>ipsis</span> <span class='ocrx_word' id='word_1_587' title='bbox 1390 4009 1685 4082; x_wconf 90' lang='lat' dir='ltr'>operantis</span> <span class='ocrx_word' id='word_1_588' title='bbox 1711 4028 1723 4065; x_wconf 89' lang='lat'>:</span> <span class='ocrx_word' id='word_1_589' title='bbox 1753 4009 1844 4065; x_wconf 88' lang='lat' dir='ltr'>hic</span> <span class='ocrx_word' id='word_1_590' title='bbox 1876 4028 2029 4083; x_wconf 84' lang='lat' dir='ltr'>vero,</span> 
     </span>
    </p>
   </div>
   <div class='ocr_carea' id='block_1_75' title="bbox 377 4099 2029 4172">
    <p class='ocr_par' dir='ltr' id='par_1_75' title="bbox 377 4099 2029 4172">
     <span class='ocr_line' id='line_1_76' title="bbox 377 4099 2029 4172; baseline -0.005 -10"><span class='ocrx_word' id='word_1_591' title='bbox 377 4104 436 4162; x_wconf 91' lang='lat' dir='ltr'>id</span> <span class='ocrx_word' id='word_1_592' title='bbox 485 4110 574 4161; x_wconf 91' lang='lat' dir='ltr'>esl.</span> <span class='ocrx_word' id='word_1_593' title='bbox 622 4106 679 4159; x_wconf 90' lang='lat' dir='ltr'>in</span> <span class='ocrx_word' id='word_1_594' title='bbox 730 4105 845 4160; x_wconf 90' lang='lat' dir='ltr'>Deo</span> <span class='ocrx_word' id='word_1_595' title='bbox 893 4102 1102 4172; x_wconf 91' lang='lat' dir='ltr'>Verbo,</span> <span class='ocrx_word' id='word_1_596' title='bbox 1158 4100 1270 4156; x_wconf 82' lang='lat' dir='ltr'>fuit</span> <span class='ocrx_word' id='word_1_597' title='bbox 1318 4100 1511 4155; x_wconf 92' lang='lat' dir='ltr'>omnis</span> <span class='ocrx_word' id='word_1_598' title='bbox 1569 4099 1869 4171; x_wconf 86' lang='lat' dir='ltr'>plenitudo</span> <span class='ocrx_word' id='word_1_599' title='bbox 1910 4100 2029 4155; x_wconf 91' lang='lat' dir='ltr'>dei-</span> 
     </span>
    </p>
   </div>
   <div class='ocr_carea' id='block_1_76' title="bbox 377 4188 2029 4261">
    <p class='ocr_par' dir='ltr' id='par_1_76' title="bbox 377 4188 2029 4261">
     <span class='ocr_line' id='line_1_77' title="bbox 377 4188 2029 4261; baseline -0.004 -11"><span class='ocrx_word' id='word_1_600' title='bbox 377 4197 536 4251; x_wconf 88' lang='lat' dir='ltr'>tatis.</span> <span class='ocrx_word' id='word_1_601' title='bbox 598 4192 813 4249; x_wconf 91' lang='lat' dir='ltr'>Deinde</span> <span class='ocrx_word' id='word_1_602' title='bbox 870 4191 1057 4248; x_wconf 87' lang='lat' dir='ltr'>sancti</span> <span class='ocrx_word' id='word_1_603' title='bbox 1117 4190 1355 4261; x_wconf 92' lang='lat' dir='ltr'>quidem</span> <span class='ocrx_word' id='word_1_604' title='bbox 1424 4189 1658 4244; x_wconf 83' lang='lat' dir='ltr'>fuerunt</span> <span class='ocrx_word' id='word_1_605' title='bbox 1719 4188 2029 4260; x_wconf 87' lang='lat' dir='ltr'>participes</span> 
     </span>
    </p>
   </div>
   <div class='ocr_carea' id='block_1_77' title="bbox 378 4278 2029 4351">
    <p class='ocr_par' dir='ltr' id='par_1_77' title="bbox 378 4278 2029 4351">
     <span class='ocr_line' id='line_1_78' title="bbox 378 4278 2029 4351; baseline -0.003 -12"><span class='ocrx_word' id='word_1_606' title='bbox 378 4283 567 4349; x_wconf 90' lang='lat' dir='ltr'>Verbi,</span> <span class='ocrx_word' id='word_1_607' title='bbox 602 4281 695 4337; x_wconf 91' lang='lat' dir='ltr'>hic</span> <span class='ocrx_word' id='word_1_608' title='bbox 726 4298 857 4337; x_wconf 85' lang='lat' dir='ltr'>vero</span> <span class='ocrx_word' id='word_1_609' title='bbox 893 4280 1142 4335; x_wconf 89' lang='lat' dir='ltr'>Verbum</span> <span class='ocrx_word' id='word_1_610' title='bbox 1178 4278 1545 4351; x_wconf 87' lang='lat' dir='ltr'>participavit</span> <span class='ocrx_word' id='word_1_611' title='bbox 1580 4278 1894 4333; x_wconf 83' lang='lat' dir='ltr'>humanam</span> <span class='ocrx_word' id='word_1_612' title='bbox 1929 4296 2029 4334; x_wconf 89' lang='lat' dir='ltr'>na-</span> 
     </span>
    </p>
   </div>
   <div class='ocr_carea' id='block_1_78' title="bbox 375 4366 2031 4441">
    <p class='ocr_par' dir='ltr' id='par_1_78' title="bbox 375 4366 2031 4441">
     <span class='ocr_line' id='line_1_79' title="bbox 375 4366 2031 4441; baseline -0.004 -14"><span class='ocrx_word' id='word_1_613' title='bbox 375 4377 591 4427; x_wconf 82' lang='lat' dir='ltr'>turam.</span> <span class='ocrx_word' id='word_1_614' title='bbox 644 4370 818 4441; x_wconf 85' lang='lat' dir='ltr'>Apoll.</span> <span class='ocrx_word' id='word_1_615' title='bbox 871 4368 988 4438; x_wconf 92' lang='lat' dir='ltr'>Dic,</span> <span class='ocrx_word' id='word_1_616' title='bbox 1021 4382 1254 4422; x_wconf 89' lang='lat' dir='ltr'>carnem</span> <span class='ocrx_word' id='word_1_617' title='bbox 1302 4369 1359 4421; x_wconf 89' lang='lat' dir='ltr'>et</span> <span class='ocrx_word' id='word_1_618' title='bbox 1389 4366 1757 4437; x_wconf 82' lang='lat' dir='ltr'>sanguinem,</span> <span class='ocrx_word' id='word_1_619' title='bbox 1792 4370 1857 4420; x_wconf 92' lang='lat' dir='ltr'>ut</span> <span class='ocrx_word' id='word_1_620' title='bbox 1888 4366 2031 4421; x_wconf 88' lang='lat' dir='ltr'>scri-</span> 
     </span>
    </p>
   </div>
   <div class='ocr_carea' id='block_1_79' title="bbox 372 4454 2029 4533">
    <p class='ocr_par' dir='ltr' id='par_1_79' title="bbox 372 4454 2029 4533">
     <span class='ocr_line' id='line_1_80' title="bbox 372 4454 2029 4533; baseline -0.002 -18"><span class='ocrx_word' id='word_1_621' title='bbox 372 4466 539 4533; x_wconf 88' lang='lat' dir='ltr'>ptum</span> <span class='ocrx_word' id='word_1_622' title='bbox 572 4464 680 4516; x_wconf 89' lang='lat' dir='ltr'>est.</span> <span class='ocrx_word' id='word_1_623' title='bbox 716 4458 868 4515; x_wconf 79' lang='lat' dir='ltr'>Orth.</span> <span class='ocrx_word' id='word_1_624' title='bbox 901 4456 1213 4528; x_wconf 66' lang='lat' dir='ltr'>Scriptura:</span> <span class='ocrx_word' id='word_1_625' title='bbox 1241 4471 1369 4510; x_wconf 87' lang='lat' dir='ltr'>mos</span> <span class='ocrx_word' id='word_1_626' title='bbox 1393 4460 1481 4510; x_wconf 88' lang='lat' dir='ltr'>est</span> <span class='ocrx_word' id='word_1_627' title='bbox 1513 4459 1701 4509; x_wconf 91' lang='lat' dir='ltr'>totum</span> <span class='ocrx_word' id='word_1_628' title='bbox 1733 4454 2029 4511; x_wconf 86' lang='lat' dir='ltr'>hominem</span> 
     </span>
    </p>
   </div>
   <div class='ocr_carea' id='block_1_80' title="bbox 2156 3300 3807 3377">
    <p class='ocr_par' dir='ltr' id='par_1_80' title="bbox 2156 3300 3807 3377">
     <span class='ocr_line' id='line_1_81' title="bbox 2156 3300 3807 3377; baseline 0.004 -24"><span class='ocrx_word' id='word_1_629' title='bbox 2156 3302 2381 3369; x_wconf 83' lang='grc' dir='ltr'>πεσθαι;</span> <span class='ocrx_word' id='word_1_630' title='bbox 2417 3301 2561 3375; x_wconf 89' lang='grc' dir='ltr'>Ὀρθ.</span> <span class='ocrx_word' id='word_1_631' title='bbox 2600 3304 2721 3360; x_wconf 79' lang='grc' dir='ltr'>Πῶς</span> <span class='ocrx_word' id='word_1_632' title='bbox 2750 3300 2811 3355; x_wconf 87' lang='grc' dir='ltr'>τὸ</span> <span class='ocrx_word' id='word_1_633' title='bbox 2845 3302 3037 3370; x_wconf 79' lang='grc' dir='ltr'>θνητὸν</span> <span class='ocrx_word' id='word_1_634' title='bbox 3070 3300 3471 3369; x_wconf 72' lang='grc' dir='ltr'>τοῦτο,ἐνδυθὲν</span> <span class='ocrx_word' id='word_1_635' title='bbox 3494 3304 3807 3377; x_wconf 72' lang='grc' dir='ltr'>ἀθανασίαν,</span> 
     </span>
    </p>
   </div>
   <div class='ocr_carea' id='block_1_81' title="bbox 2155 3388 3807 3467">
    <p class='ocr_par' dir='ltr' id='par_1_81' title="bbox 2155 3388 3807 3467">
     <span class='ocr_line' id='line_1_82' title="bbox 2155 3388 3807 3467; baseline 0.004 -26"><span class='ocrx_word' id='word_1_636' title='bbox 2155 3388 2340 3443; x_wconf 72' lang='grc' dir='ltr'>οὖκὲτν</span> <span class='ocrx_word' id='word_1_637' title='bbox 2398 3390 2744 3459; x_wconf 79' lang='grc' dir='ltr'>ἀποθνήσκει,</span> <span class='ocrx_word' id='word_1_638' title='bbox 2801 3389 2889 3444; x_wconf 83' lang='grc' dir='ltr'>καὶ</span> <span class='ocrx_word' id='word_1_639' title='bbox 2944 3390 3006 3444; x_wconf 83' lang='grc' dir='ltr'>τὸ</span> <span class='ocrx_word' id='word_1_640' title='bbox 3063 3392 3295 3467; x_wconf 80' lang='grc' dir='ltr'>φθαρτὸν</span> <span class='ocrx_word' id='word_1_641' title='bbox 3351 3397 3534 3463; x_wconf 82' lang='grc' dir='ltr'>τοῦτο,</span> <span class='ocrx_word' id='word_1_642' title='bbox 3595 3392 3807 3450; x_wconf 68' lang='grc' dir='ltr'>ἔνδοθὲν</span> 
     </span>
    </p>
   </div>
   <div class='ocr_carea' id='block_1_82' title="bbox 2153 3477 3865 3556">
    <p class='ocr_par' dir='ltr' id='par_1_82' title="bbox 2153 3477 3865 3556">
     <span class='ocr_line' id='line_1_83' title="bbox 2153 3477 3865 3556; baseline 0.002 -24"><span class='ocrx_word' id='word_1_643' title='bbox 2153 3477 2471 3555; x_wconf 69' lang='grc' dir='ltr'>ἀφθαρσίαν,</span> <span class='ocrx_word' id='word_1_644' title='bbox 2506 3477 2683 3533; x_wconf 71' lang='grc' dir='ltr'>οὐκέτι</span> <span class='ocrx_word' id='word_1_645' title='bbox 2715 3479 3002 3556; x_wconf 63' lang='grc' dir='ltr'>φθείρεταν</span> <span class='ocrx_word' id='word_1_646' title='bbox 3055 3480 3234 3543; x_wconf 77' lang='grc' dir='ltr'>οὕτως</span> <span class='ocrx_word' id='word_1_647' title='bbox 3293 3482 3321 3536; x_wconf 90' lang='lat'>6</span> <span class='ocrx_word' id='word_1_648' title='bbox 3381 3486 3527 3546; x_wconf 80' lang='grc' dir='ltr'>νοῦς,</span> <span class='ocrx_word' id='word_1_649' title='bbox 3583 3486 3808 3547; x_wconf 79' lang='grc' dir='ltr'>θεωθεὲς</span> <span class='ocrx_word' id='word_1_650' title='bbox 3862 3540 3865 3541; x_wconf 23' lang='grc' dir='ltr'>ν</span> 
     </span>
    </p>
   </div>
   <div class='ocr_carea' id='block_1_83' title="bbox 2151 3565 3805 3643">
    <p class='ocr_par' dir='ltr' id='par_1_83' title="bbox 2151 3565 3805 3643">
     <span class='ocr_line' id='line_1_84' title="bbox 2151 3565 3805 3643; baseline 0.004 -24"><span class='ocrx_word' id='word_1_651' title='bbox 2151 3565 2335 3621; x_wconf 80' lang='grc' dir='ltr'>ἐνώσει</span> <span class='ocrx_word' id='word_1_652' title='bbox 2368 3571 2500 3622; x_wconf 84' lang='grc' dir='ltr'>Θεοῦ</span> <span class='ocrx_word' id='word_1_653' title='bbox 2538 3567 2739 3643; x_wconf 75' lang='grc' dir='ltr'>Λόγου,</span> <span class='ocrx_word' id='word_1_654' title='bbox 2771 3566 2831 3621; x_wconf 80' lang='grc' dir='ltr'>οὗ</span> <span class='ocrx_word' id='word_1_655' title='bbox 2854 3567 3125 3638; x_wconf 69' lang='grc' dir='ltr'>τρέπεται.</span> <span class='ocrx_word' id='word_1_656' title='bbox 3162 3568 3396 3625; x_wconf 87' lang='grc' dir='ltr'>Ἀπολλ.</span> <span class='ocrx_word' id='word_1_657' title='bbox 3450 3570 3663 3628; x_wconf 77' lang='grc' dir='ltr'>Οὐκοῦν</span> <span class='ocrx_word' id='word_1_658' title='bbox 3716 3576 3805 3627; x_wconf 76' lang='grc' dir='ltr'>καὶ</span> 
     </span>
    </p>
   </div>
   <div class='ocr_carea' id='block_1_84' title="bbox 2149 3656 3802 3733">
    <p class='ocr_par' dir='ltr' id='par_1_84' title="bbox 2149 3656 3802 3733">
     <span class='ocr_line' id='line_1_85' title="bbox 2149 3656 3802 3733; baseline 0.004 -24"><span class='ocrx_word' id='word_1_659' title='bbox 2149 3656 2199 3709; x_wconf 74' lang='grc' dir='ltr'>οἱ</span> <span class='ocrx_word' id='word_1_660' title='bbox 2226 3656 2365 3729; x_wconf 73' lang='grc' dir='ltr'>ἅγιοι</span> <span class='ocrx_word' id='word_1_661' title='bbox 2399 3656 2657 3730; x_wconf 79' lang='grc' dir='ltr'>ἄτρεπτον</span> <span class='ocrx_word' id='word_1_662' title='bbox 2692 3658 2841 3731; x_wconf 79' lang='grc' dir='ltr'>εῖχον</span> <span class='ocrx_word' id='word_1_663' title='bbox 2875 3660 3036 3725; x_wconf 85' lang='grc' dir='ltr'>νοῦν;</span> <span class='ocrx_word' id='word_1_664' title='bbox 3089 3658 3236 3733; x_wconf 76' lang='grc' dir='ltr'>Ὀρθ.</span> <span class='ocrx_word' id='word_1_665' title='bbox 3271 3658 3369 3716; x_wconf 76' lang='grc' dir='ltr'>Οὕ.</span> <span class='ocrx_word' id='word_1_666' title='bbox 3424 3659 3666 3715; x_wconf 80' lang='grc' dir='ltr'>Ἀπολλ.</span> <span class='ocrx_word' id='word_1_667' title='bbox 3705 3660 3802 3715; x_wconf 68' lang='grc' dir='ltr'>Διὰ</span> 
     </span>
    </p>
   </div>
   <div class='ocr_carea' id='block_1_85' title="bbox 2144 3743 3798 3821">
    <p class='ocr_par' dir='ltr' id='par_1_85' title="bbox 2144 3743 3798 3821">
     <span class='ocr_line' id='line_1_86' title="bbox 2144 3743 3798 3821; baseline 0.004 -23"><span class='ocrx_word' id='word_1_668' title='bbox 2144 3743 2195 3798; x_wconf 79' lang='grc' dir='ltr'>τί</span> <span class='ocrx_word' id='word_1_669' title='bbox 2226 3763 2239 3814; x_wconf 84' lang='grc'>;</span> <span class='ocrx_word' id='word_1_670' title='bbox 2273 3744 2371 3799; x_wconf 77' lang='grc' dir='ltr'>οὐκ</span> <span class='ocrx_word' id='word_1_671' title='bbox 2398 3748 2462 3813; x_wconf 67' lang='grc' dir='ltr'>ἦν</span> <span class='ocrx_word' id='word_1_672' title='bbox 2493 3745 2581 3799; x_wconf 77' lang='grc' dir='ltr'>καὶ</span> <span class='ocrx_word' id='word_1_673' title='bbox 2617 3744 2667 3799; x_wconf 81' lang='grc' dir='ltr'>ἐν</span> <span class='ocrx_word' id='word_1_674' title='bbox 2700 3745 2879 3807; x_wconf 84' lang='grc' dir='ltr'>αὐτοῖς</span> <span class='ocrx_word' id='word_1_675' title='bbox 2913 3747 2940 3799; x_wconf 84' lang='lat'>6</span> <span class='ocrx_word' id='word_1_676' title='bbox 2973 3746 3181 3821; x_wconf 85' lang='grc' dir='ltr'>Λόγος;</span> <span class='ocrx_word' id='word_1_677' title='bbox 3216 3749 3365 3821; x_wconf 89' lang='grc' dir='ltr'>Ὀρθ.</span> <span class='ocrx_word' id='word_1_678' title='bbox 3401 3747 3561 3804; x_wconf 62' lang='grc' dir='ltr'>Ἀρι),⁸</span> <span class='ocrx_word' id='word_1_679' title='bbox 3594 3749 3648 3804; x_wconf 81' lang='grc' dir='ltr'>ἐν</span> <span class='ocrx_word' id='word_1_680' title='bbox 3681 3756 3798 3812; x_wconf 85' lang='grc' dir='ltr'>τοῖς</span> 
     </span>
    </p>
   </div>
   <div class='ocr_carea' id='block_1_86' title="bbox 2146 3831 3798 3907">
    <p class='ocr_par' dir='ltr' id='par_1_86' title="bbox 2146 3831 3798 3907">
     <span class='ocr_line' id='line_1_87' title="bbox 2146 3831 3798 3907; baseline 0.004 -21"><span class='ocrx_word' id='word_1_681' title='bbox 2146 3833 2317 3907; x_wconf 70' lang='grc' dir='ltr'>ἁγίοις</span> <span class='ocrx_word' id='word_1_682' title='bbox 2347 3833 2408 3887; x_wconf 72' lang='grc' dir='ltr'>οὗ</span> <span class='ocrx_word' id='word_1_683' title='bbox 2434 3834 2552 3897; x_wconf 81' lang='grc' dir='ltr'>καθ’</span> <span class='ocrx_word' id='word_1_684' title='bbox 2579 3831 2770 3889; x_wconf 74' lang='grc' dir='ltr'>ἕνωσιν</span> <span class='ocrx_word' id='word_1_685' title='bbox 2808 3835 2888 3903; x_wconf 74' lang='grc' dir='ltr'>ἦν,</span> <span class='ocrx_word' id='word_1_686' title='bbox 2936 3833 3081 3889; x_wconf 81' lang='grc' dir='ltr'>ἀλλά</span> <span class='ocrx_word' id='word_1_687' title='bbox 3134 3839 3269 3891; x_wconf 82' lang='grc' dir='ltr'>κατὰ</span> <span class='ocrx_word' id='word_1_688' title='bbox 3328 3839 3426 3906; x_wconf 78' lang='grc' dir='ltr'>τήν</span> <span class='ocrx_word' id='word_1_689' title='bbox 3477 3842 3576 3892; x_wconf 82' lang='grc' dir='ltr'>τοῦ</span> <span class='ocrx_word' id='word_1_690' title='bbox 3630 3840 3798 3895; x_wconf 56' lang='lat' dir='ltr'>lived-</span> 
     </span>
    </p>
   </div>
   <div class='ocr_carea' id='block_1_87' title="bbox 2148 3921 3798 4001">
    <p class='ocr_par' dir='ltr' id='par_1_87' title="bbox 2148 3921 3798 4001">
     <span class='ocr_line' id='line_1_88' title="bbox 2148 3921 3798 4001; baseline 0.004 -25"><span class='ocrx_word' id='word_1_691' title='bbox 2148 3943 2315 3995; x_wconf 78' lang='grc' dir='ltr'>ματος</span> <span class='ocrx_word' id='word_1_692' title='bbox 2346 3925 2529 3998; x_wconf 79' lang='grc' dir='ltr'>χάριν,</span> <span class='ocrx_word' id='word_1_693' title='bbox 2585 3921 2859 4001; x_wconf 76' lang='grc' dir='ltr'>διαφόρως</span> <span class='ocrx_word' id='word_1_694' title='bbox 2911 3923 2963 3977; x_wconf 84' lang='grc' dir='ltr'>ἐν</span> <span class='ocrx_word' id='word_1_695' title='bbox 3026 3925 3213 3987; x_wconf 78' lang='grc' dir='ltr'>αὑτοῖς</span> <span class='ocrx_word' id='word_1_696' title='bbox 3271 3924 3643 4001; x_wconf 74' lang='grc' dir='ltr'>ἐνεργοῦντος’</span> <span class='ocrx_word' id='word_1_697' title='bbox 3712 3927 3798 3983; x_wconf 77' lang='grc' dir='ltr'>ἐν·</span> 
     </span>
    </p>
   </div>
   <div class='ocr_carea' id='block_1_88' title="bbox 2139 4010 3792 4089">
    <p class='ocr_par' dir='ltr' id='par_1_88' title="bbox 2139 4010 3792 4089">
     <span class='ocr_line' id='line_1_89' title="bbox 2139 4010 3792 4089; baseline 0.005 -26"><span class='ocrx_word' id='word_1_698' title='bbox 2139 4015 2308 4075; x_wconf 85' lang='grc' dir='ltr'>ταῦθα</span> <span class='ocrx_word' id='word_1_699' title='bbox 2339 4010 2395 4066; x_wconf 73' lang='grc' dir='ltr'>δὲ</span> <span class='ocrx_word' id='word_1_700' title='bbox 2426 4019 2527 4066; x_wconf 77' lang='grc' dir='ltr'>πᾶν</span> <span class='ocrx_word' id='word_1_701' title='bbox 2560 4013 2622 4067; x_wconf 73' lang='grc' dir='ltr'>τὸ</span> <span class='ocrx_word' id='word_1_702' title='bbox 2667 4012 2949 4087; x_wconf 71' lang='grc' dir='ltr'>πλήρωμα</span> <span class='ocrx_word' id='word_1_703' title='bbox 2997 4021 3097 4081; x_wconf 79' lang='grc' dir='ltr'>τῆς</span> <span class='ocrx_word' id='word_1_704' title='bbox 3141 4014 3420 4084; x_wconf 75' lang='grc' dir='ltr'>θεότητος.</span> <span class='ocrx_word' id='word_1_705' title='bbox 3456 4015 3556 4069; x_wconf 66' lang='grc' dir='ltr'>Καὶ</span> <span class='ocrx_word' id='word_1_706' title='bbox 3584 4017 3636 4070; x_wconf 74' lang='grc' dir='ltr'>οἱ</span> <span class='ocrx_word' id='word_1_707' title='bbox 3699 4020 3792 4089; x_wconf 70' lang='grc' dir='ltr'>μὲι</span> 
     </span>
    </p>
   </div>
   <div class='ocr_carea' id='block_1_89' title="bbox 2141 4101 3798 4180">
    <p class='ocr_par' dir='ltr' id='par_1_89' title="bbox 2141 4101 3798 4180">
     <span class='ocr_line' id='line_1_90' title="bbox 2141 4101 3798 4180; baseline 0.004 -26"><span class='ocrx_word' id='word_1_708' title='bbox 2141 4101 2287 4175; x_wconf 80' lang='grc' dir='ltr'>ἅγιοι</span> <span class='ocrx_word' id='word_1_709' title='bbox 2326 4101 2553 4176; x_wconf 73' lang='grc' dir='ltr'>μέτοχοι</span> <span class='ocrx_word' id='word_1_710' title='bbox 2583 4106 2680 4155; x_wconf 86' lang='grc' dir='ltr'>τοῦ</span> <span class='ocrx_word' id='word_1_711' title='bbox 2740 4102 2915 4177; x_wconf 80' lang='grc' dir='ltr'>Λόγου</span> <span class='ocrx_word' id='word_1_712' title='bbox 2970 4106 3124 4171; x_wconf 68' lang='grc' dir='ltr'>ἦσαν’</span> <span class='ocrx_word' id='word_1_713' title='bbox 3187 4102 3406 4158; x_wconf 83' lang='grc' dir='ltr'>ἐνταῦθα</span> <span class='ocrx_word' id='word_1_714' title='bbox 3460 4103 3516 4159; x_wconf 75' lang='grc' dir='ltr'>δὶ</span> <span class='ocrx_word' id='word_1_715' title='bbox 3559 4106 3588 4159; x_wconf 78' lang='lat'>6</span> <span class='ocrx_word' id='word_1_716' title='bbox 3624 4107 3798 4180; x_wconf 82' lang='grc' dir='ltr'>Λόγος</span> 
     </span>
    </p>
   </div>
   <div class='ocr_carea' id='block_1_90' title="bbox 2145 4189 3798 4264">
    <p class='ocr_par' dir='ltr' id='par_1_90' title="bbox 2145 4189 3798 4264">
     <span class='ocr_line' id='line_1_91' title="bbox 2145 4189 3798 4264; baseline 0.004 -22"><span class='ocrx_word' id='word_1_717' title='bbox 2145 4190 2373 4263; x_wconf 71' lang='grc' dir='ltr'>μετέσχε</span> <span class='ocrx_word' id='word_1_718' title='bbox 2399 4196 2499 4259; x_wconf 74' lang='grc' dir='ltr'>τῆς</span> <span class='ocrx_word' id='word_1_719' title='bbox 2550 4189 2994 4263; x_wconf 76' lang='grc' dir='ltr'>ἂνθρωπότητος,</span> <span class='ocrx_word' id='word_1_720' title='bbox 3057 4190 3293 4248; x_wconf 86' lang='grc' dir='ltr'>Ἀπολλ.</span> <span class='ocrx_word' id='word_1_721' title='bbox 3358 4193 3512 4259; x_wconf 53' lang='lat' dir='ltr'>Eia},</span> <span class='ocrx_word' id='word_1_722' title='bbox 3564 4192 3798 4264; x_wconf 65' lang='grc' dir='ltr'>αἳματος</span> 
     </span>
    </p>
   </div>
   <div class='ocr_carea' id='block_1_91' title="bbox 2139 4277 3798 4361">
    <p class='ocr_par' dir='ltr' id='par_1_91' title="bbox 2139 4277 3798 4361">
     <span class='ocr_line' id='line_1_92' title="bbox 2139 4277 3798 4361; baseline 0.005 -31"><span class='ocrx_word' id='word_1_723' title='bbox 2139 4277 2227 4331; x_wconf 82' lang='grc' dir='ltr'>καὶ</span> <span class='ocrx_word' id='word_1_724' title='bbox 2281 4279 2496 4353; x_wconf 83' lang='grc' dir='ltr'>σαρκὸς,</span> <span class='ocrx_word' id='word_1_725' title='bbox 2548 4278 2622 4341; x_wconf 85' lang='grc' dir='ltr'>ὡς</span> <span class='ocrx_word' id='word_1_726' title='bbox 2680 4279 3000 4355; x_wconf 75' lang='grc' dir='ltr'>γέγραπται.</span> <span class='ocrx_word' id='word_1_727' title='bbox 3058 4281 3205 4355; x_wconf 85' lang='grc' dir='ltr'>Ὀρθ.</span> <span class='ocrx_word' id='word_1_728' title='bbox 3264 4282 3424 4342; x_wconf 78' lang='grc' dir='ltr'>Ἐθος</span> <span class='ocrx_word' id='word_1_729' title='bbox 3482 4285 3551 4355; x_wconf 78' lang='grc' dir='ltr'>τῇ</span> <span class='ocrx_word' id='word_1_730' title='bbox 3611 4288 3798 4361; x_wconf 74' lang='grc' dir='ltr'>Γραφῇ</span> 
     </span>
    </p>
   </div>
   <div class='ocr_carea' id='block_1_92' title="bbox 2140 4365 3800 4443">
    <p class='ocr_par' dir='ltr' id='par_1_92' title="bbox 2140 4365 3800 4443">
     <span class='ocr_line' id='line_1_93' title="bbox 2140 4365 3800 4443; baseline 0.003 -23"><span class='ocrx_word' id='word_1_731' title='bbox 2140 4365 2230 4421; x_wconf 75' lang='grc' dir='ltr'>τὸν</span> <span class='ocrx_word' id='word_1_732' title='bbox 2264 4365 2391 4421; x_wconf 78' lang='grc' dir='ltr'>ὅλον</span> <span class='ocrx_word' id='word_1_733' title='bbox 2427 4365 2708 4442; x_wconf 79' lang='grc' dir='ltr'>ἄνθρωπον</span> <span class='ocrx_word' id='word_1_734' title='bbox 2771 4369 2940 4443; x_wconf 84' lang='grc' dir='ltr'>σάρκα</span> <span class='ocrx_word' id='word_1_735' title='bbox 2997 4368 3086 4423; x_wconf 82' lang='grc' dir='ltr'>καὶ</span> <span class='ocrx_word' id='word_1_736' title='bbox 3144 4370 3281 4442; x_wconf 81' lang='grc' dir='ltr'>αἷμα</span> <span class='ocrx_word' id='word_1_737' title='bbox 3319 4368 3528 4437; x_wconf 78' lang='grc' dir='ltr'>καλεῖν,</span> <span class='ocrx_word' id='word_1_738' title='bbox 3562 4372 3639 4433; x_wconf 82' lang='grc' dir='ltr'>ὡς</span> <span class='ocrx_word' id='word_1_739' title='bbox 3671 4372 3800 4427; x_wconf 73' lang='grc' dir='ltr'>ὅταν</span> 
     </span>
    </p>
   </div>
   <div class='ocr_carea' id='block_1_93' title="bbox 2143 4453 3795 4533">
    <p class='ocr_par' dir='ltr' id='par_1_93' title="bbox 2143 4453 3795 4533">
     <span class='ocr_line' id='line_1_94' title="bbox 2143 4453 3795 4533; baseline 0.004 -23"><span class='ocrx_word' id='word_1_740' title='bbox 2143 4453 2300 4531; x_wconf 71' lang='grc' dir='ltr'>λέγῃ·</span> <span class='ocrx_word' id='word_1_741' title='bbox 2336 4480 2363 4506; x_wconf 87' lang='grc'>‹‹</span> <span class='ocrx_word' id='word_1_742' title='bbox 2423 4455 2499 4512; x_wconf 74' lang='grc' dir='ltr'>Οὐ</span> <span class='ocrx_word' id='word_1_743' title='bbox 2526 4457 2937 4530; x_wconf 72' lang='grc' dir='ltr'>προσανεθέμην</span> <span class='ocrx_word' id='word_1_744' title='bbox 3001 4458 3157 4533; x_wconf 81' lang='grc' dir='ltr'>σαρκὶ</span> <span class='ocrx_word' id='word_1_745' title='bbox 3216 4458 3305 4512; x_wconf 73' lang='grc' dir='ltr'>καὶ</span> <span class='ocrx_word' id='word_1_746' title='bbox 3366 4456 3579 4532; x_wconf 52' lang='grc' dir='ltr'>αἵματι·</span> <span class='ocrx_word' id='word_1_747' title='bbox 3618 4462 3795 4533; x_wconf 68' lang='lat' dir='ltr'>mai,</span> 
     </span>
    </p>
   </div>
   <div class='ocr_carea' id='block_1_94' title="bbox 375 4544 2049 4645">
    <p class='ocr_par' dir='ltr' id='par_1_94' title="bbox 375 4544 2029 4617">
     <span class='ocr_line' id='line_1_95' title="bbox 375 4544 2029 4617; baseline -0.004 -12"><span class='ocrx_word' id='word_1_748' title='bbox 375 4567 582 4605; x_wconf 90' lang='lat' dir='ltr'>vocare</span> <span class='ocrx_word' id='word_1_749' title='bbox 613 4565 843 4604; x_wconf 89' lang='lat' dir='ltr'>carnem</span> <span class='ocrx_word' id='word_1_750' title='bbox 878 4552 935 4603; x_wconf 90' lang='lat' dir='ltr'>et</span> <span class='ocrx_word' id='word_1_751' title='bbox 964 4545 1332 4617; x_wconf 84' lang='lat' dir='ltr'>sanguinem,</span> <span class='ocrx_word' id='word_1_752' title='bbox 1369 4549 1431 4599; x_wconf 93' lang='lat' dir='ltr'>ut</span> <span class='ocrx_word' id='word_1_753' title='bbox 1460 4560 1591 4598; x_wconf 92' lang='lat' dir='ltr'>cum</span> <span class='ocrx_word' id='word_1_754' title='bbox 1624 4544 1764 4598; x_wconf 87' lang='lat' dir='ltr'>dicit</span> <span class='ocrx_word' id='word_1_755' title='bbox 1797 4560 1808 4599; x_wconf 92' lang='lat'>:</span> <span class='ocrx_word' id='word_1_756' title='bbox 1844 4568 1869 4593; x_wconf 83' lang='lat'><strong>«</strong></span> <span class='ocrx_word' id='word_1_757' title='bbox 1904 4545 2029 4599; x_wconf 90' lang='lat' dir='ltr'>Non</span> 
     </span>
    </p>
   </div>
   <div class='ocr_carea' id='block_1_95' title="bbox 2161 4544 3804 4645">
    <p class='ocr_par' dir='ltr' id='par_1_95' title="bbox 2161 4545 3804 4623">
     <span class='ocr_line' id='line_1_96' title="bbox 2161 4545 3804 4623; baseline 0.007 -29"><span class='ocrx_word' id='word_1_758' title='bbox 2161 4570 2168 4594; x_wconf 82' lang='grc' dir='ltr'>ι</span> <span class='ocrx_word' id='word_1_759' title='bbox 2206 4546 2291 4601; x_wconf 86' lang='grc' dir='ltr'>Ἐν</span> <span class='ocrx_word' id='word_1_760' title='bbox 2319 4550 2435 4605; x_wconf 81' lang='grc' dir='ltr'>ταῖς</span> <span class='ocrx_word' id='word_1_761' title='bbox 2467 4545 2719 4619; x_wconf 78' lang='grc' dir='ltr'>ἐσχάταις</span> <span class='ocrx_word' id='word_1_762' title='bbox 2751 4545 2984 4620; x_wconf 70' lang='grc' dir='ltr'>ἡμέραις</span> <span class='ocrx_word' id='word_1_763' title='bbox 3012 4545 3189 4621; x_wconf 81' lang='grc' dir='ltr'>ἐκχεῶ</span> <span class='ocrx_word' id='word_1_764' title='bbox 3241 4548 3347 4602; x_wconf 82' lang='grc' dir='ltr'>ἀπὸ</span> <span class='ocrx_word' id='word_1_765' title='bbox 3399 4553 3494 4602; x_wconf 84' lang='grc' dir='ltr'>τοῦ</span> <span class='ocrx_word' id='word_1_766' title='bbox 3554 4550 3804 4623; x_wconf 68' lang='grc' dir='ltr'>Πνεῦμα-</span> 
     </span>
    </p>
   </div>
   <div class='ocr_carea' id='block_1_96' title="bbox 374 4634 2026 4711">
    <p class='ocr_par' dir='ltr' id='par_1_96' title="bbox 374 4634 2026 4711">
     <span class='ocr_line' id='line_1_97' title="bbox 374 4634 2026 4711; baseline -0.003 -18"><span class='ocrx_word' id='word_1_767' title='bbox 374 4640 527 4694; x_wconf 89' lang='lat' dir='ltr'>ultra</span> <span class='ocrx_word' id='word_1_768' title='bbox 559 4637 819 4711; x_wconf 87' lang='lat' dir='ltr'>acquievi</span> <span class='ocrx_word' id='word_1_769' title='bbox 862 4636 1021 4692; x_wconf 89' lang='lat' dir='ltr'>carni</span> <span class='ocrx_word' id='word_1_770' title='bbox 1055 4642 1112 4690; x_wconf 90' lang='lat' dir='ltr'>et</span> <span class='ocrx_word' id='word_1_771' title='bbox 1159 4634 1432 4705; x_wconf 83' lang='lat' dir='ltr'>sanguini</span> <span class='ocrx_word' id='word_1_772' title='bbox 1457 4634 1519 4687; x_wconf 75' lang='grc' dir='ltr'>⁷ο.</span> <span class='ocrx_word' id='word_1_773' title='bbox 1558 4655 1583 4680; x_wconf 85' lang='grc'>››</span> <span class='ocrx_word' id='word_1_774' title='bbox 1618 4634 1686 4687; x_wconf 88' lang='lat' dir='ltr'>Et</span> <span class='ocrx_word' id='word_1_775' title='bbox 1718 4650 1730 4687; x_wconf 88' lang='lat'><strong>:</strong></span> <span class='ocrx_word' id='word_1_776' title='bbox 1767 4656 1793 4682; x_wconf 75' lang='grc' dir='ltr'><strong>(ί</strong></span> <span class='ocrx_word' id='word_1_777' title='bbox 1829 4637 1889 4687; x_wconf 92' lang='lat' dir='ltr'>In</span> <span class='ocrx_word' id='word_1_778' title='bbox 1925 4651 2026 4688; x_wconf 85' lang='lat' dir='ltr'>no-</span> 
     </span>
    </p>
   </div>
   <div class='ocr_carea' id='block_1_97' title="bbox 370 4721 2026 4794">
    <p class='ocr_par' dir='ltr' id='par_1_97' title="bbox 370 4721 2026 4794">
     <span class='ocr_line' id='line_1_98' title="bbox 370 4721 2026 4794; baseline -0.004 -10"><span class='ocrx_word' id='word_1_779' title='bbox 370 4728 627 4784; x_wconf 86' lang='lat' dir='ltr'>vissimis</span> <span class='ocrx_word' id='word_1_780' title='bbox 684 4726 891 4782; x_wconf 86' lang='lat' dir='ltr'>diebus</span> <span class='ocrx_word' id='word_1_781' title='bbox 942 4725 1237 4781; x_wconf 76' lang='lat' dir='ltr'>eﬂ&#39;undam</span> <span class='ocrx_word' id='word_1_782' title='bbox 1290 4723 1359 4777; x_wconf 89' lang='lat' dir='ltr'>de</span> <span class='ocrx_word' id='word_1_783' title='bbox 1403 4721 1620 4793; x_wconf 89' lang='lat' dir='ltr'>Spiritu</span> <span class='ocrx_word' id='word_1_784' title='bbox 1673 4738 1800 4777; x_wconf 88' lang='lat' dir='ltr'>meo</span> <span class='ocrx_word' id='word_1_785' title='bbox 1849 4739 2026 4794; x_wconf 89' lang='lat' dir='ltr'>super</span> 
     </span>
    </p>
   </div>
   <div class='ocr_carea' id='block_1_98' title="bbox 370 4810 2021 4881">
    <p class='ocr_par' dir='ltr' id='par_1_98' title="bbox 370 4810 2021 4881">
     <span class='ocr_line' id='line_1_99' title="bbox 370 4810 2021 4881; baseline -0.005 -8"><span class='ocrx_word' id='word_1_786' title='bbox 370 4834 599 4873; x_wconf 89' lang='lat' dir='ltr'>omnem</span> <span class='ocrx_word' id='word_1_787' title='bbox 635 4816 957 4872; x_wconf 76' lang='lat' dir='ltr'>carnem“.</span> <span class='ocrx_word' id='word_1_788' title='bbox 995 4838 1021 4863; x_wconf 89' lang='grc'>››</span> <span class='ocrx_word' id='word_1_789' title='bbox 1072 4814 1140 4868; x_wconf 88' lang='lat' dir='ltr'>Et</span> <span class='ocrx_word' id='word_1_790' title='bbox 1172 4829 1406 4867; x_wconf 88' lang='lat' dir='ltr'>rursum</span> <span class='ocrx_word' id='word_1_791' title='bbox 1444 4827 1455 4863; x_wconf 91' lang='lat'><strong>:</strong></span> <span class='ocrx_word' id='word_1_792' title='bbox 1492 4834 1516 4859; x_wconf 85' lang='grc'><strong>‹‹</strong></span> <span class='ocrx_word' id='word_1_793' title='bbox 1550 4810 1672 4865; x_wconf 83' lang='grc' dir='ltr'>Νοη</span> <span class='ocrx_word' id='word_1_794' title='bbox 1719 4825 2021 4881; x_wconf 90' lang='lat' dir='ltr'>permane-</span> 
     </span>
    </p>
   </div>
   <div class='ocr_carea' id='block_1_99' title="bbox 370 4899 2021 4978">
    <p class='ocr_par' dir='ltr' id='par_1_99' title="bbox 370 4899 2021 4978">
     <span class='ocr_line' id='line_1_100' title="bbox 370 4899 2021 4978; baseline -0.003 -17"><span class='ocrx_word' id='word_1_795' title='bbox 370 4907 455 4961; x_wconf 90' lang='lat' dir='ltr'>bit</span> <span class='ocrx_word' id='word_1_796' title='bbox 502 4905 755 4978; x_wconf 89' lang='lat' dir='ltr'>Spiritus</span> <span class='ocrx_word' id='word_1_797' title='bbox 808 4921 972 4959; x_wconf 92' lang='lat' dir='ltr'>meus</span> <span class='ocrx_word' id='word_1_798' title='bbox 1021 4903 1075 4958; x_wconf 92' lang='lat' dir='ltr'>in</span> <span class='ocrx_word' id='word_1_799' title='bbox 1128 4901 1467 4957; x_wconf 88' lang='lat' dir='ltr'>hominibus</span> <span class='ocrx_word' id='word_1_800' title='bbox 1519 4899 1670 4969; x_wconf 89' lang='lat' dir='ltr'>istis,</span> <span class='ocrx_word' id='word_1_801' title='bbox 1704 4900 1840 4971; x_wconf 90' lang='lat' dir='ltr'>quia</span> <span class='ocrx_word' id='word_1_802' title='bbox 1889 4916 2021 4956; x_wconf 90' lang='lat' dir='ltr'>caro</span> 
     </span>
    </p>
   </div>
   <div class='ocr_carea' id='block_1_100' title="bbox 368 4990 2017 5064">
    <p class='ocr_par' dir='ltr' id='par_1_100' title="bbox 368 4990 2017 5064">
     <span class='ocr_line' id='line_1_101' title="bbox 368 4990 2017 5064; baseline -0.005 -13"><span class='ocrx_word' id='word_1_803' title='bbox 368 4996 592 5051; x_wconf 60' lang='lat' dir='ltr'>sunt”.</span> <span class='ocrx_word' id='word_1_804' title='bbox 650 5018 668 5041; x_wconf 81' lang='grc' dir='ltr'><strong>ο</strong></span> <span class='ocrx_word' id='word_1_805' title='bbox 722 4994 791 5049; x_wconf 85' lang='lat' dir='ltr'>Et</span> <span class='ocrx_word' id='word_1_806' title='bbox 838 5006 1200 5064; x_wconf 69' lang='lat' dir='ltr'>quaecunque</span> <span class='ocrx_word' id='word_1_807' title='bbox 1250 4994 1389 5045; x_wconf 90' lang='lat' dir='ltr'>sunt</span> <span class='ocrx_word' id='word_1_808' title='bbox 1436 4990 1795 5060; x_wconf 80' lang='lat' dir='ltr'>huiusmodi.</span> <span class='ocrx_word' id='word_1_809' title='bbox 1842 4990 2017 5061; x_wconf 86' lang='lat' dir='ltr'>Apoll.</span> 
     </span>
    </p>
   </div>
   <div class='ocr_carea' id='block_1_101' title="bbox 366 5078 2015 5152">
    <p class='ocr_par' dir='ltr' id='par_1_101' title="bbox 366 5078 2015 5152">
     <span class='ocr_line' id='line_1_102' title="bbox 366 5078 2015 5152; baseline -0.003 -14"><span class='ocrx_word' id='word_1_810' title='bbox 366 5084 510 5148; x_wconf 90' lang='lat' dir='ltr'>Quid</span> <span class='ocrx_word' id='word_1_811' title='bbox 537 5083 681 5138; x_wconf 88' lang='lat' dir='ltr'>illud</span> <span class='ocrx_word' id='word_1_812' title='bbox 702 5088 809 5150; x_wconf 87' lang='lat' dir='ltr'>est,</span> <span class='ocrx_word' id='word_1_813' title='bbox 832 5081 1031 5137; x_wconf 87' lang='lat' dir='ltr'>Sancti</span> <span class='ocrx_word' id='word_1_814' title='bbox 1057 5080 1503 5152; x_wconf 88' lang='lat' dir='ltr'>participarunt,</span> <span class='ocrx_word' id='word_1_815' title='bbox 1520 5084 1575 5133; x_wconf 89' lang='lat' dir='ltr'>et</span> <span class='ocrx_word' id='word_1_816' title='bbox 1592 5078 1743 5134; x_wconf 90' lang='lat' dir='ltr'>Deus</span> <span class='ocrx_word' id='word_1_817' title='bbox 1761 5078 2015 5134; x_wconf 90' lang='lat' dir='ltr'>Verbum</span> 
     </span>
    </p>
   </div>
   <div class='ocr_carea' id='block_1_102' title="bbox 365 5165 2015 5245">
    <p class='ocr_par' dir='ltr' id='par_1_102' title="bbox 365 5165 2015 5245">
     <span class='ocr_line' id='line_1_103' title="bbox 365 5165 2015 5245; baseline -0.004 -17"><span class='ocrx_word' id='word_1_818' title='bbox 365 5169 768 5245; x_wconf 83' lang='lat' dir='ltr'>participavit?</span> <span class='ocrx_word' id='word_1_819' title='bbox 782 5169 1073 5240; x_wconf 87' lang='lat' dir='ltr'>quodnam</span> <span class='ocrx_word' id='word_1_820' title='bbox 1086 5172 1173 5223; x_wconf 89' lang='lat' dir='ltr'>est</span> <span class='ocrx_word' id='word_1_821' title='bbox 1191 5166 1298 5222; x_wconf 89' lang='lat' dir='ltr'>hoc</span> <span class='ocrx_word' id='word_1_822' title='bbox 1314 5165 1669 5222; x_wconf 84' lang='lat' dir='ltr'>discrimen?</span> <span class='ocrx_word' id='word_1_823' title='bbox 1684 5165 1838 5222; x_wconf 82' lang='lat' dir='ltr'>Orth.</span> <span class='ocrx_word' id='word_1_824' title='bbox 1855 5167 2015 5231; x_wconf 88' lang='lat' dir='ltr'>Quod</span> 
     </span>
    </p>
   </div>
   <div class='ocr_carea' id='block_1_103' title="bbox 906 5335 1946 5408">
    <p class='ocr_par' dir='ltr' id='par_1_103' title="bbox 906 5335 1946 5408">
     <span class='ocr_line' id='line_1_104' title="bbox 906 5335 1946 5408; baseline -0.002 -13"><span class='ocrx_word' id='word_1_825' title='bbox 906 5340 951 5375; x_wconf 77' lang='grc'>⁶⁰</span> <span class='ocrx_word' id='word_1_826' title='bbox 977 5339 1145 5395; x_wconf 86' lang='lat' dir='ltr'>Joan.</span> <span class='ocrx_word' id='word_1_827' title='bbox 1179 5353 1293 5405; x_wconf 78' lang='lat' dir='ltr'>xxx,</span> <span class='ocrx_word' id='word_1_828' title='bbox 1324 5337 1413 5391; x_wconf 71' lang='lat'>3’7.</span> <span class='ocrx_word' id='word_1_829' title='bbox 1491 5336 1534 5371; x_wconf 76' lang='lat'>7°</span> <span class='ocrx_word' id='word_1_830' title='bbox 1566 5335 1752 5392; x_wconf 86' lang='lat' dir='ltr'>Galat.</span> <span class='ocrx_word' id='word_1_831' title='bbox 1786 5354 1825 5408; x_wconf 81' lang='grc' dir='ltr'>ι,</span> <span class='ocrx_word' id='word_1_832' title='bbox 1859 5338 1946 5393; x_wconf 83' lang='grc'>16.</span> 
     </span>
    </p>
   </div>
   <div class='ocr_carea' id='block_1_104' title="bbox 432 5343 829 5412">
    <p class='ocr_par' dir='ltr' id='par_1_104' title="bbox 432 5343 829 5412">
     <span class='ocr_line' id='line_1_105' title="bbox 432 5343 829 5412; baseline -0.005 -14"><span class='ocrx_word' id='word_1_833' title='bbox 432 5346 476 5380; x_wconf 76' lang='grc' dir='ltr'>σε</span> <span class='ocrx_word' id='word_1_834' title='bbox 508 5348 633 5400; x_wconf 77' lang='lat' dir='ltr'>Act.</span> <span class='ocrx_word' id='word_1_835' title='bbox 668 5360 708 5412; x_wconf 87' lang='grc' dir='ltr'>ι,</span> <span class='ocrx_word' id='word_1_836' title='bbox 748 5343 829 5397; x_wconf 82' lang='grc'>11.</span> 
     </span>
    </p>
   </div>
   <div class='ocr_carea' id='block_1_105' title="bbox 434 5507 1433 5590">
    <p class='ocr_par' dir='ltr' id='par_1_105' title="bbox 434 5507 1433 5590">
     <span class='ocr_line' id='line_1_106' title="bbox 434 5507 1433 5590; baseline -0.01 -15"><span class='ocrx_word' id='word_1_837' title='bbox 434 5518 547 5589; x_wconf 85' lang='grc'>(65)</span> <span class='ocrx_word' id='word_1_838' title='bbox 578 5513 752 5590; x_wconf 11' lang='grc' dir='ltr'>Ο-ὖγτῇ</span> <span class='ocrx_word' id='word_1_839' title='bbox 784 5510 938 5590; x_wconf 64' lang='grc' dir='ltr'>φύσει</span> <span class='ocrx_word' id='word_1_840' title='bbox 971 5508 1223 5590; x_wconf 69' lang='lat' dir='ltr'>deest__in</span> <span class='ocrx_word' id='word_1_841' title='bbox 1254 5507 1433 5590; x_wconf 64' lang='lat' dir='ltr'>Palat.</span> 
     </span>
    </p>
   </div>
   <div class='ocr_carea' id='block_1_106' title="bbox 433 5581 1310 5738">
    <p class='ocr_par' dir='ltr' id='par_1_106' title="bbox 433 5581 1310 5738">
     <span class='ocr_line' id='line_1_107' title="bbox 439 5581 1310 5718; baseline -0.009 -74"><span class='ocrx_word' id='word_1_842' title='bbox 576 5581 838 5718; x_wconf 53' lang='grc' dir='ltr'>’Όιῒοντὰι</span> <span class='ocrx_word' id='word_1_843' title='bbox 873 5584 1037 5641; x_wconf 86' lang='lat' dir='ltr'>abest</span> <span class='ocrx_word' id='word_1_844' title='bbox 1066 5600 1100 5638; x_wconf 88' lang='lat' dir='ltr'>a</span> <span class='ocrx_word' id='word_1_845' title='bbox 1132 5581 1310 5638; x_wconf 84' lang='lat' dir='ltr'>Palat.</span> 
     </span>
     <span class='ocr_line' id='line_1_108' title="bbox 433 5590 1301 5738; baseline -0.015 -20"><span class='ocrx_word' id='word_1_846' title='bbox 433 5590 547 5738; x_wconf 58' lang='lat' dir='ltr'>E67)</span> <span class='ocrx_word' id='word_1_847' title='bbox 576 5660 655 5719; x_wconf 75' lang='lat' dir='ltr'>Pa</span> <span class='ocrx_word' id='word_1_848' title='bbox 682 5664 785 5733; x_wconf 69' lang='grc' dir='ltr'>ατη,</span> <span class='ocrx_word' id='word_1_849' title='bbox 816 5659 937 5713; x_wconf 83' lang='grc' dir='ltr'>νοῦν</span> <span class='ocrx_word' id='word_1_850' title='bbox 966 5651 1301 5729; x_wconf 76' lang='grc' dir='ltr'>ἀνθρώπινον</span> 
     </span>
    </p>
   </div>
   <div class='ocr_carea' id='block_1_107' title="bbox 453 5660 1325 5733">
    <p class='ocr_par' dir='ltr' id='par_1_107' title="bbox 453 5660 1325 5733">
     <span class='ocr_line' id='line_1_109' title="bbox 453 5660 1325 5733; baseline -0.008 -16"><span class='ocrx_word' id='word_1_851' title='bbox 453 5660 543 5733; x_wconf 85' lang='grc'>67)</span> <span class='ocrx_word' id='word_1_852' title='bbox 576 5660 785 5733; x_wconf 82' lang='lat' dir='ltr'>Palat.,</span> <span class='ocrx_word' id='word_1_853' title='bbox 816 5660 937 5713; x_wconf 83' lang='grc' dir='ltr'>νοῦν</span> <span class='ocrx_word' id='word_1_854' title='bbox 966 5660 1325 5729; x_wconf 76' lang='grc' dir='ltr'>ἀνθρώπινον.</span> 
     </span>
    </p>
   </div>
   <div class='ocr_carea' id='block_1_108' title="bbox 2023 5338 2437 5409">
    <p class='ocr_par' dir='ltr' id='par_1_108' title="bbox 2023 5338 2437 5409">
     <span class='ocr_line' id='line_1_110' title="bbox 2023 5338 2437 5409; baseline -0.005 -13"><span class='ocrx_word' id='word_1_855' title='bbox 2023 5338 2065 5373; x_wconf 70' lang='grc' dir='ltr'>’τί</span> <span class='ocrx_word' id='word_1_856' title='bbox 2097 5338 2224 5395; x_wconf 87' lang='lat' dir='ltr'>Joel</span> <span class='ocrx_word' id='word_1_857' title='bbox 2254 5356 2316 5409; x_wconf 80' lang='grc' dir='ltr'>ιι,</span> <span class='ocrx_word' id='word_1_858' title='bbox 2346 5340 2437 5394; x_wconf 87' lang='grc'>28.</span> 
     </span>
    </p>
   </div>
   <div class='ocr_carea' id='block_1_109' title="bbox 2134 4631 3792 4709">
    <p class='ocr_par' dir='ltr' id='par_1_109' title="bbox 2134 4631 3792 4709">
     <span class='ocr_line' id='line_1_111' title="bbox 2134 4631 3792 4709; baseline 0.004 -23"><span class='ocrx_word' id='word_1_859' title='bbox 2134 4631 2226 4694; x_wconf 82' lang='grc' dir='ltr'>τός</span> <span class='ocrx_word' id='word_1_860' title='bbox 2264 4654 2368 4706; x_wconf 76' lang='grc' dir='ltr'>μου</span> <span class='ocrx_word' id='word_1_861' title='bbox 2402 4632 2486 4686; x_wconf 79' lang='grc' dir='ltr'>ἐπὶ</span> <span class='ocrx_word' id='word_1_862' title='bbox 2520 4639 2693 4688; x_wconf 74' lang='grc' dir='ltr'>πᾶσαν</span> <span class='ocrx_word' id='word_1_863' title='bbox 2726 4635 2916 4708; x_wconf 74' lang='grc' dir='ltr'>σάρκα⁸</span> <span class='ocrx_word' id='word_1_864' title='bbox 2945 4659 2969 4685; x_wconf 85' lang='grc'><strong>››</strong></span> <span class='ocrx_word' id='word_1_865' title='bbox 3000 4636 3089 4689; x_wconf 82' lang='grc' dir='ltr'>καὶ</span> <span class='ocrx_word' id='word_1_866' title='bbox 3120 4634 3308 4689; x_wconf 63' lang='grc' dir='ltr'>πάλιν</span> <span class='ocrx_word' id='word_1_867' title='bbox 3345 4660 3372 4688; x_wconf 90' lang='grc'>‹‹</span> <span class='ocrx_word' id='word_1_868' title='bbox 3407 4635 3483 4693; x_wconf 75' lang='grc' dir='ltr'>Οὐ</span> <span class='ocrx_word' id='word_1_869' title='bbox 3518 4639 3597 4709; x_wconf 74' lang='grc' dir='ltr'>μὴ</span> <span class='ocrx_word' id='word_1_870' title='bbox 3628 4659 3792 4693; x_wconf 83' lang='grc' dir='ltr'>κατα-</span> 
     </span>
    </p>
   </div>
   <div class='ocr_carea' id='block_1_110' title="bbox 2138 4720 3797 4798">
    <p class='ocr_par' dir='ltr' id='par_1_110' title="bbox 2138 4720 3797 4798">
     <span class='ocr_line' id='line_1_112' title="bbox 2138 4720 3797 4798; baseline 0.002 -23"><span class='ocrx_word' id='word_1_871' title='bbox 2138 4721 2291 4796; x_wconf 79' lang='grc' dir='ltr'>μείνῃ</span> <span class='ocrx_word' id='word_1_872' title='bbox 2324 4722 2385 4775; x_wconf 80' lang='grc' dir='ltr'>τὸ</span> <span class='ocrx_word' id='word_1_873' title='bbox 2418 4720 2638 4794; x_wconf 80' lang='grc' dir='ltr'>Πνεῦμά</span> <span class='ocrx_word' id='word_1_874' title='bbox 2668 4744 2771 4795; x_wconf 75' lang='grc' dir='ltr'>μου</span> <span class='ocrx_word' id='word_1_875' title='bbox 2802 4722 2886 4777; x_wconf 80' lang='grc' dir='ltr'>ἐπὶ</span> <span class='ocrx_word' id='word_1_876' title='bbox 2921 4723 3046 4784; x_wconf 73' lang='grc' dir='ltr'>τοὺς</span> <span class='ocrx_word' id='word_1_877' title='bbox 3077 4722 3418 4798; x_wconf 76' lang='grc' dir='ltr'>ἀνθρώπους,</span> <span class='ocrx_word' id='word_1_878' title='bbox 3470 4723 3560 4779; x_wconf 74' lang='grc' dir='ltr'>διὰ</span> <span class='ocrx_word' id='word_1_879' title='bbox 3608 4728 3673 4781; x_wconf 82' lang='grc' dir='ltr'>τὸ</span> <span class='ocrx_word' id='word_1_880' title='bbox 3728 4727 3797 4781; x_wconf 64' lang='grc' dir='ltr'>εἴ.</span> 
     </span>
    </p>
   </div>
   <div class='ocr_carea' id='block_1_111' title="bbox 2133 4809 3793 4886">
    <p class='ocr_par' dir='ltr' id='par_1_111' title="bbox 2133 4809 3793 4886">
     <span class='ocr_line' id='line_1_113' title="bbox 2133 4809 3793 4886; baseline 0.002 -22"><span class='ocrx_word' id='word_1_881' title='bbox 2133 4831 2217 4864; x_wconf 88' lang='grc' dir='ltr'>ναι</span> <span class='ocrx_word' id='word_1_882' title='bbox 2252 4809 2444 4872; x_wconf 79' lang='grc' dir='ltr'>αὐτοὺς</span> <span class='ocrx_word' id='word_1_883' title='bbox 2501 4809 2689 4886; x_wconf 72' lang='grc' dir='ltr'>σάρκαο</span> <span class='ocrx_word' id='word_1_884' title='bbox 2754 4836 2780 4861; x_wconf 81' lang='grc'><strong>››</strong></span> <span class='ocrx_word' id='word_1_885' title='bbox 2820 4813 2909 4866; x_wconf 77' lang='grc' dir='ltr'>καὶ</span> <span class='ocrx_word' id='word_1_886' title='bbox 2968 4812 3065 4867; x_wconf 77' lang='grc' dir='ltr'>ὅσα</span> <span class='ocrx_word' id='word_1_887' title='bbox 3117 4818 3358 4868; x_wconf 70' lang='grc' dir='ltr'>τοιαῦτα.</span> <span class='ocrx_word' id='word_1_888' title='bbox 3422 4814 3667 4871; x_wconf 78' lang='grc' dir='ltr'>Ἀπολλ.</span> <span class='ocrx_word' id='word_1_889' title='bbox 3726 4817 3793 4873; x_wconf 79' lang='grc' dir='ltr'>Τί</span> 
     </span>
    </p>
   </div>
   <div class='ocr_carea' id='block_1_112' title="bbox 2134 4897 3791 4980">
    <p class='ocr_par' dir='ltr' id='par_1_112' title="bbox 2134 4897 3791 4980">
     <span class='ocr_line' id='line_1_114' title="bbox 2134 4897 3791 4980; baseline 0.004 -28"><span class='ocrx_word' id='word_1_890' title='bbox 2134 4897 2296 4965; x_wconf 77' lang='grc' dir='ltr'>ἐστιν,</span> <span class='ocrx_word' id='word_1_891' title='bbox 2332 4901 2397 4956; x_wconf 72' lang='grc' dir='ltr'>Οἳ</span> <span class='ocrx_word' id='word_1_892' title='bbox 2432 4902 2571 4973; x_wconf 76' lang='grc' dir='ltr'>ἅγιοι</span> <span class='ocrx_word' id='word_1_893' title='bbox 2610 4900 2891 4976; x_wconf 65' lang='grc' dir='ltr'>μετέσχον,</span> <span class='ocrx_word' id='word_1_894' title='bbox 2938 4901 3025 4956; x_wconf 80' lang='grc' dir='ltr'>καὶ</span> <span class='ocrx_word' id='word_1_895' title='bbox 3059 4904 3086 4955; x_wconf 91' lang='lat'>6</span> <span class='ocrx_word' id='word_1_896' title='bbox 3120 4904 3247 4964; x_wconf 87' lang='grc' dir='ltr'>Θεὸς</span> <span class='ocrx_word' id='word_1_897' title='bbox 3305 4902 3479 4978; x_wconf 86' lang='grc' dir='ltr'>Λόγος</span> <span class='ocrx_word' id='word_1_898' title='bbox 3514 4904 3791 4980; x_wconf 76' lang='grc' dir='ltr'>μετέσχες</span> 
     </span>
    </p>
   </div>
   <div class='ocr_carea' id='block_1_113' title="bbox 2129 4985 3788 5068">
    <p class='ocr_par' dir='ltr' id='par_1_113' title="bbox 2129 4985 3788 5068">
     <span class='ocr_line' id='line_1_115' title="bbox 2129 4985 3788 5068; baseline 0.004 -27"><span class='ocrx_word' id='word_1_899' title='bbox 2129 4989 2211 5050; x_wconf 79' lang='grc' dir='ltr'>τίς</span> <span class='ocrx_word' id='word_1_900' title='bbox 2244 4991 2277 5056; x_wconf 82' lang='grc' dir='ltr'>ἡ</span> <span class='ocrx_word' id='word_1_901' title='bbox 2312 4985 2582 5062; x_wconf 73' lang='grc' dir='ltr'>διαφοράς</span> <span class='ocrx_word' id='word_1_902' title='bbox 2618 4991 2766 5063; x_wconf 83' lang='grc' dir='ltr'>Ὀρθ.</span> <span class='ocrx_word' id='word_1_903' title='bbox 2796 4992 2917 5045; x_wconf 82' lang='grc' dir='ltr'>’Ότι</span> <span class='ocrx_word' id='word_1_904' title='bbox 2952 4992 3001 5044; x_wconf 82' lang='lat' dir='ltr'>o&#39;t</span> <span class='ocrx_word' id='word_1_905' title='bbox 3036 4992 3178 5066; x_wconf 76' lang='grc' dir='ltr'>ἅγιοι</span> <span class='ocrx_word' id='word_1_906' title='bbox 3213 4991 3477 5068; x_wconf 84' lang='grc' dir='ltr'>πρότερον</span> <span class='ocrx_word' id='word_1_907' title='bbox 3521 4994 3788 5064; x_wconf 65' lang='grc' dir='ltr'>ὑπῆρξαν,</span> 
     </span>
    </p>
   </div>
   <div class='ocr_carea' id='block_1_114' title="bbox 2128 5077 3785 5156">
    <p class='ocr_par' dir='ltr' id='par_1_114' title="bbox 2128 5077 3785 5156">
     <span class='ocr_line' id='line_1_116' title="bbox 2128 5077 3785 5156; baseline 0.004 -25"><span class='ocrx_word' id='word_1_908' title='bbox 2128 5078 2216 5131; x_wconf 83' lang='grc' dir='ltr'>καὶ</span> <span class='ocrx_word' id='word_1_909' title='bbox 2247 5077 2368 5132; x_wconf 88' lang='grc' dir='ltr'>τότε</span> <span class='ocrx_word' id='word_1_910' title='bbox 2403 5079 2667 5154; x_wconf 72' lang='grc' dir='ltr'>μετέσχον</span> <span class='ocrx_word' id='word_1_911' title='bbox 2696 5083 2827 5133; x_wconf 84' lang='grc' dir='ltr'>Θεοῦ</span> <span class='ocrx_word' id='word_1_912' title='bbox 2862 5080 3057 5154; x_wconf 82' lang='grc' dir='ltr'>Λόγου·</span> <span class='ocrx_word' id='word_1_913' title='bbox 3092 5080 3315 5135; x_wconf 78' lang='grc' dir='ltr'>ἐνταῦθα</span> <span class='ocrx_word' id='word_1_914' title='bbox 3347 5079 3404 5135; x_wconf 74' lang='grc' dir='ltr'>δὲ</span> <span class='ocrx_word' id='word_1_915' title='bbox 3442 5081 3551 5156; x_wconf 77' lang='grc' dir='ltr'>οὐχ</span> <span class='ocrx_word' id='word_1_916' title='bbox 3585 5083 3785 5153; x_wconf 68' lang='grc' dir='ltr'>οὕτως,</span> 
     </span>
    </p>
   </div>
   <div class='ocr_carea' id='block_1_115' title="bbox 2126 5165 3789 5245">
    <p class='ocr_par' dir='ltr' id='par_1_115' title="bbox 2126 5165 3789 5245">
     <span class='ocr_line' id='line_1_117' title="bbox 2126 5165 3789 5245; baseline 0.004 -24"><span class='ocrx_word' id='word_1_917' title='bbox 2126 5165 2268 5222; x_wconf 82' lang='grc' dir='ltr'>ἀλλὸ</span> <span class='ocrx_word' id='word_1_918' title='bbox 2301 5168 2329 5222; x_wconf 86' lang='lat'>6</span> <span class='ocrx_word' id='word_1_919' title='bbox 2362 5166 2433 5222; x_wconf 81' lang='grc' dir='ltr'>ὥν</span> <span class='ocrx_word' id='word_1_920' title='bbox 2466 5169 2573 5243; x_wconf 87' lang='grc' dir='ltr'>πρὸ</span> <span class='ocrx_word' id='word_1_921' title='bbox 2601 5172 2707 5222; x_wconf 81' lang='grc' dir='ltr'>τῶν</span> <span class='ocrx_word' id='word_1_922' title='bbox 2742 5168 2949 5224; x_wconf 77' lang='grc' dir='ltr'>αῗώνων</span> <span class='ocrx_word' id='word_1_923' title='bbox 2979 5170 3108 5232; x_wconf 88' lang='grc' dir='ltr'>Θεὸς</span> <span class='ocrx_word' id='word_1_924' title='bbox 3139 5170 3330 5245; x_wconf 87' lang='grc' dir='ltr'>Λόγος,</span> <span class='ocrx_word' id='word_1_925' title='bbox 3369 5169 3668 5245; x_wconf 78' lang='grc' dir='ltr'>βουληθεὶς</span> <span class='ocrx_word' id='word_1_926' title='bbox 3704 5171 3789 5227; x_wconf 76' lang='grc' dir='ltr'>ἐνο</span> 
     </span>
    </p>
   </div>
   <div class='ocr_carea' id='block_1_116' title="bbox 2513 5341 2925 5411">
    <p class='ocr_par' dir='ltr' id='par_1_116' title="bbox 2513 5341 2925 5411">
     <span class='ocr_line' id='line_1_118' title="bbox 2513 5341 2925 5411; baseline 0.005 -15"><span class='ocrx_word' id='word_1_927' title='bbox 2513 5341 2559 5376; x_wconf 74' lang='lat'><em>&quot;</em></span> <span class='ocrx_word' id='word_1_928' title='bbox 2589 5344 2729 5397; x_wconf 89' lang='lat' dir='ltr'>Gen.</span> <span class='ocrx_word' id='word_1_929' title='bbox 2763 5358 2840 5411; x_wconf 86' lang='lat' dir='ltr'>v1,</span> <span class='ocrx_word' id='word_1_930' title='bbox 2872 5343 2925 5398; x_wconf 90' lang='lat'>3.</span> 
     </span>
    </p>
   </div>
   <div class='ocr_carea' id='block_1_117' title="bbox 2185 5509 3009 5659">
    <p class='ocr_par' dir='ltr' id='par_1_117' title="bbox 2185 5509 3009 5659">
     <span class='ocr_line' id='line_1_119' title="bbox 2185 5509 3009 5659; baseline 0.004 -93"><span class='ocrx_word' id='word_1_931' title='bbox 2185 5512 2303 5659; x_wconf 47' lang='lat'>£68)</span> <span class='ocrx_word' id='word_1_932' title='bbox 2334 5509 2511 5587; x_wconf 84' lang='grc' dir='ltr'>Λόγου</span> <span class='ocrx_word' id='word_1_933' title='bbox 2544 5512 2708 5571; x_wconf 81' lang='lat' dir='ltr'>deest</span> <span class='ocrx_word' id='word_1_934' title='bbox 2732 5513 2796 5571; x_wconf 87' lang='lat' dir='ltr'>in</span> <span class='ocrx_word' id='word_1_935' title='bbox 2825 5512 3009 5573; x_wconf 85' lang='lat' dir='ltr'>Palat.</span> 
     </span>
     <span class='ocr_line' id='line_1_120' title="bbox 2206 5582 3009 5659; baseline 0.004 -21"><span class='ocrx_word' id='word_1_936' title='bbox 2206 5584 2296 5658; x_wconf 85' lang='lat'>69)</span> <span class='ocrx_word' id='word_1_937' title='bbox 2318 5582 2471 5645; x_wconf 81' lang='grc' dir='ltr'>Τίνος</span> <span class='ocrx_word' id='word_1_938' title='bbox 2501 5582 2786 5659; x_wconf 83' lang='grc' dir='ltr'>ἀνθρώπου</span> <span class='ocrx_word' id='word_1_939' title='bbox 2818 5584 2935 5659; x_wconf 78' lang='grc' dir='ltr'>εἶχε</span> <span class='ocrx_word' id='word_1_940' title='bbox 2965 5606 3009 5641; x_wconf 75' lang='lat' dir='ltr'>vc</span> 
     </span>
    </p>
   </div>
   <div class='ocr_carea' id='block_1_118' title="bbox 2206 5582 3263 5663">
    <p class='ocr_par' dir='ltr' id='par_1_118' title="bbox 2206 5582 3263 5663">
     <span class='ocr_line' id='line_1_121' title="bbox 2206 5582 3263 5663; baseline 0.005 -25"><span class='ocrx_word' id='word_1_941' title='bbox 2206 5584 2296 5658; x_wconf 85' lang='lat'>69)</span> <span class='ocrx_word' id='word_1_942' title='bbox 2318 5582 2471 5645; x_wconf 79' lang='grc' dir='ltr'>Τίνος</span> <span class='ocrx_word' id='word_1_943' title='bbox 2501 5582 2786 5663; x_wconf 83' lang='grc' dir='ltr'>ἀνθρώπου</span> <span class='ocrx_word' id='word_1_944' title='bbox 2818 5584 2935 5663; x_wconf 77' lang='grc' dir='ltr'>εἶχε</span> <span class='ocrx_word' id='word_1_945' title='bbox 2965 5588 3085 5641; x_wconf 85' lang='grc' dir='ltr'>νοῦν</span> <span class='ocrx_word' id='word_1_946' title='bbox 3119 5603 3263 5645; x_wconf 83' lang='lat' dir='ltr'>mss.</span> 
     </span>
    </p>
   </div>
  </div>
