4086 6214
40 0 54 148 ξ

38 155 58 332 ἓ

38 331 48 424 ι

38 467 60 584 ἰ.

36 611 48 662 i

36 675 48 818 ἕ

87 899 96 908 ο

415 383 572 443 1259
1592 373 1655 438 S.
1703 375 2045 438 ΑἸἹῘᾹΝΛΕ

2161 379 2222 434 S.
2263 408 2335 422 —-—
2368 373 2676 438 SPUlllA.
3669 377 3828 440 1260

3770 377 3828 440 ΞΟ
4023 11 4064 510 I

415 525 523 574 est.
560 519 713 575 Orth.
745 518 916 584 Sane,
951 517 999 572 si
1029 513 1498 571 eonsideraretur
1529 515 1774 569 seorsim
1835 530 1868 568 a
1927 512 2038 565 Ver

2178 509 2239 562 οὗ
2269 510 2334 562 τὰ
2366 511 2555 566 πάντα.
2592 514 2740 586 Ὀρθ.
2775 513 2836 569 Ὀ
2866 511 3144 588 γεννηθεὶς
3185 509 3244 566 ly.
3287 511 3500 587 Μαρίας
3554 513 3616 566 οὖ
3671 513 3826 574 κενὸς

415 609 504 664 bo.
541 608 702 671 Quod
736 608 783 662 si
818 622 1118 677 nunquam
1156 609 1217 660 ut
1249 605 1489 659 aVerbo
1522 603 1851 674 sejunctum
1885 601 2068 654 consi-

414 698 669 761 deratur,
703 711 910 768 nempe
943 712 1056 750 non
1091 701 1178 749 est
1209 695 1381 748 homo
1414 693 1628 756 nudus,
1663 691 1760 746 sed
1808 691 1960 744 Deus
1992 689 2063 743 ob

413 785 582 840 Verbi
620 784 962 838 unitionem.
998 783 1177 854 Apoll.
1211 781 1516 853 Templum
1550 797 1618 834 ex
1662 779 1841 834 Maria
1898 777 2061 850 geni-

412 881 560 944 tum,
595 878 682 930 est
711 875 902 944 Jesus,
929 891 1029 946 per
1055 889 1226 944 quem
1261 871 1478 927 omnia.
1515 870 1666 926 Orlh.
1695 868 1800 934 Qui
1832 867 2063 939 genitus

415 968 503 1020 est
535 979 602 1018 ex
636 963 841 1028 Maria,
873 979 984 1018 non
1020 967 1108 1015 est
1165 959 1397 1031 genitus
1442 975 1662 1013 vacuus
1721 973 1821 1012 seu
1872 955 2064 1026 scopis

419 1053 756 1118 mundatus,
779 1052 878 1107 sed
916 1068 1032 1106 una
1063 1067 1195 1105 curn
1228 1047 1470 1120 templo,
1491 1047 1734 1118 ideoque
1753 1048 1842 1101 est
1869 1044 2061 1108 Jesus.

413 1157 516 1214 per
547 1157 719 1213 quem
754 1141 968 1196 omnia.
1002 1140 1196 1210 Neque
1227 1154 1359 1193 vero
1389 1135 1675 1208 templum
1696 1151 1835 1190 voco
1855 1133 2057 1190 Jesum

412 1232 634 1303 absque
658 1229 867 1300 Verbo,
902 1245 1090 1300 neque
1121 1228 1375 1283 Verbum
1407 1242 1547 1282 voco
1575 1225 1778 1280 Jesum
1840 1223 2062 1294 absque

412 1320 630 1392 templo
664 1337 676 1374 :
715 1321 811 1374 sed
847 1335 912 1374 ex
944 1334 1009 1373 eo
1034 1322 1293 1389 tempore
1312 1315 1566 1370 Verbum
1602 1312 1823 1386 accepit
1847 1325 2058 1367 nomen

407 1413 568 1475 Jesu,
603 1426 670 1465 ex
699 1426 810 1480 quo
843 1408 1067 1463 sanavit
1097 1405 1474 1461 contritiones
1504 1403 1702 1476 pepuli
1751 1402 1862 1457 sui.
1897 1402 2060 1457 Tunc

410 1503 607 1556 autem
640 1497 886 1562 sanavit,
921 1495 1155 1569 quando
1184 1494 1460 1566 dignatus
1491 1497 1575 1548 est
1608 1491 1756 1547 servi
1808 1491 2056 1544 formam

405 1587 688 1659 accipere.
745 1590 862 1642 Hoc
923 1585 1101 1658 igitur
1147 1583 1416 1654 Verbum,
1452 1582 1603 1654 quod
1639 1597 1794 1636 nunc
1827 1583 2062 1653 propter

409 1675 788 1732 oeconomiam
823 1675 1042 1729 dictum
1076 1676 1163 1728 est
1191 1673 1387 1740 Jesus,
1432 1671 1483 1726 is
1543 1678 1648 1737 est,
1720 1685 1822 1741 per
1883 1685 2056 1741 quem

409 1766 608 1821 omnia
642 1783 653 1820 :
689 1770 745 1818 et
778 1763 1274 1836 quemadmodum
1308 1760 1629 1816 cauterium
1663 1759 2058 1814 animadverto

2177 598 2438 674 ἐγεννήθη
2469 600 2557 654 καὶ
2591 603 2963 677 σεσαριομὲνος
2999 605 3108 676 (74)
3139 600 3284 659 ἀλλὰ
3334 603 3468 675 μετᾶ
3520 607 3620 657 τοῦ
3668 605 3822 658 ναοῦ·

2177 685 2260 742 διὸ
2290 689 2378 742 καὶ
2407 690 2568 751 αὑτός
2601 688 2738 744 ἐστιν
2775 691 3000 758 Ἰησοῦς,
3035 688 3102 745 δι’
3163 690 3224 746 οὗ
3274 691 3338 746 τὰ
3368 693 3559 747 πάντα.
3593 691 3734 750 Οῧτε
3768 692 3824 746 vi}

2173 777 2262 831 τὸν
2295 779 2419 831 ναὸν
2469 776 2622 832 καλῶ
2679 780 2886 849 Ἰησοῦν
2937 779 3111 854 χωρίς
3162 785 3256 835 τοῦ
3307 783 3503 856 Λόγου,
3559 777 3680 835 οὗτε
3730 781 3820 835 τὸν

2174 865 2350 940 Λόγον
2381 867 2555 941 χωρὶς
2600 872 2696 922 τοῦ
2726 873 2856 922 ναοῦ
2910 869 3139 938 ’[ησοῦν·
3175 868 3302 924 ἀλλ’
3331 867 3515 924 ἔκτοτε
3545 871 3760 940 Ἰησοῦς
3794 872 3820 925 ὁ

2173 953 2348 1028 Λόγος
2397 956 2678 1026 κέκληται,
2734 955 2786 1026 ἐξ
2845 955 2906 1010 οὗ
2963 956 3051 1011 καὶ
3107 956 3291 1012 ἰάσατο
3335 958 3400 1012 τὰ
3443 958 3822 1034 συντρίμματα

2170 1047 2267 1097 τοῦ
2299 1040 2434 1098 λαοῦ
2463 1043 2646 1101 αὐτοῦ.
2679 1044 2809 1100 Τότε
2840 1042 2897 1100 δὲ
2929 1045 3135 1119 ἰάσατο,
3191 1045 3281 1101 ὃτι
3327 1046 3630 1117 κατηξίωσε
3683 1068 3818 1124 μορ-

2171 1133 2274 1208 φὴν
2310 1130 2510 1188 δούλου
2543 1129 2748 1191 λαϐεῖν.
2781 1135 2952 1197 Οὗτος
2984 1138 3096 1210 (75)
3129 1134 3218 1190 οῦν
3251 1136 3280 1190 ὁ
3313 1135 3511 1212 Λόγος,
3545 1137 3684 1192 ὀνῦν
3709 1138 3821 1206 Ἰη-

2171 1227 2296 1283 σοῦς
2322 1220 2409 1276 διὰ
2439 1225 2536 1293 τὴν
2564 1223 2882 1296 ὀἰκονομίαν
2917 1223 3162 1295 κληθεὶς,
3212 1224 3374 1288 αὐτός
3419 1224 3586 1296 ἐστιν,
3639 1223 3709 1281 δι’
3759 1223 3823 1281 οὗ

2168 1310 2234 1366 τὰ
2291 1313 2480 1366 πάντα·
2527 1312 2616 1366 καὶ
2661 1308 2840 1387 ὥσπερ
2890 1314 2980 1368 τὸν
3030 1321 3274 1390 καυτῆρα
3323 1319 3429 1392 πῦρ
3469 1315 3559 1370 καὶ
3592 1313 3823 1391 σίδηρον

2169 1405 2300 1469 νοῶ,
2360 1400 2532 1463 οὕτως
2584 1402 2795 1472 Ἰησοῦν
2855 1405 2982 1457 Θεὸν
3061 1398 3236 1478 Λόγον
3311 1403 3823 1480 ὲνανθρωπήσαντα.

2172 1488 2406 1544 Ἀπολλ.
2467 1491 2528 1545 Ὀ
2576 1490 2727 1561 ναὸς,
2779 1488 2846 1544 δι’
2897 1490 2960 1545 οὗ
3004 1493 3071 1546 τὰ
3120 1493 3313 1562 πάντ²ν
3355 1495 3392 1562 ἧ
3421 1493 3449 1547 δ
3479 1492 3532 1548 ἐν
3561 1498 3643 1566 τῷ
3672 1494 3824 1567 “up;

2166 1579 2318 1652 ’Optl.
2382 1579 2468 1647 Μὴ
2531 1576 2722 1653 διαίρει
2773 1581 2859 1634 τὸν
2910 1581 3035 1635 ναὸν
3067 1585 3164 1636 τοῦ
3191 1580 3555 1645 ἐνοικοῦντος.
3621 1582 3686 1638 Εἴ
3714 1584 3826 1659 γὰρ

2174 1687 2202 1720 ιι
2231 1667 2259 1722 ὁ
2289 1666 2643 1741 κολλώμενος
2673 1667 2753 1742 τῷ
2801 1669 2988 1745 Κυρίῳ
3014 1666 3068 1724 ἓν
3103 1672 3314 1744 πνεῦμά
3356 1670 3488 1743 ἐστι,
3542 1695 3571 1723 ››
3619 1671 3824 1745 πολλῷ

2170 1756 2383 1824 πλεῖον,
2461 1756 2583 1812 ὅταν
2663 1760 2690 1813 ὁ
2766 1758 2963 1833 Κύριος
3034 1758 3256 1836 λέγηται
3332 1763 3422 1816 καὶ
3497 1761 3823 1833 πιστεύηται

407 1854 602 1926 ignem
636 1852 810 1909 simul
844 1857 901 1906 et
936 1853 1149 1906 ferrum
1183 1850 1425 1918 esse;ita
1455 1850 1629 1904 etiam
1660 1851 1860 1902 Jesum
1887 1845 2045 1901 intel-

407 1942 443 1958 1*
710 1942 780 1958 n,
927 1940 994 1958 1’,
1040 1940 1056 1958 ι
1085 1957 1092 1958 ,
1143 1957 1170 1958 γε
1248 1939 1538 1958 l,-,._!;___
1577 1937 1787 1958 0,,AA_-__
1894 1934 2039 1958 1..-"

2168 1847 2405 1915 ἡνῶσθαι
2459 1851 2644 1925 μορφῇ
2679 1845 2900 1919 δούλου,
2936 1848 3008 1911 εἶς
3043 1847 3181 1904 ἐστιν
3212 1849 3370 1913 αὐτὸς
3419 1851 3549 1913 Θεὸς
3593 1852 3688 1906 καὶ
3737 1853 3824 1907 ἂν·

2170 1937 2225 1958 η-

407 1942 521 2014 ligo
553 1959 680 1998 esse
710 1942 896 1997 Deum
927 1940 1204 2006 Verbum,
1248 1939 1542 1994 hominem
1577 1937 1815 1992 factum.
1877 1934 2056 2007 Apoll.

2170 1937 2406 2009 θρωπος.

409 2034 683 2104 lpsumne
739 2030 1048 2104 templum,
1109 2048 1182 2084 an
1241 2028 1340 2100 qui
1395 2027 1456 2082 in
1512 2025 1730 2098 templo
1788 2030 1896 2092 est,
1939 2025 1988 2079 is
2018 2029 2126 2093 est,
2159 2043 2262 2099 per
2293 2044 2465 2100 quem
2498 2028 2736 2084 omnia?
2768 2029 2920 2085 Orth.
2954 2028 3035 2085 Ne
3066 2045 3274 2103 separa
3302 2029 3589 2102 templum
3625 2031 3701 2086 ab
3730 2047 3819 2100 eo,

406 2121 597 2194 quiin
629 2121 846 2194 templo
877 2121 1121 2175 habitat.
1188 2118 1334 2173 Nam
1364 2117 1411 2172 si
1449 2117 1842 2188 «quicunque
1908 2115 2307 2187 agglutinatus
2374 2122 2463 2173 est
2529 2117 2794 2190 Domino,
2864 2136 3020 2175 unus
3081 2143 3109 2169 »
3168 2136 3302 2176 eum
3359 2136 3426 2176 eo
3482 2142 3511 2172 ι»
3573 2120 3828 2192 spiritus

403 2215 493 2267 est
520 2213 587 2279 π,
621 2234 648 2262 »
684 2210 873 2266 multo
908 2209 1092 2282 magis
1123 2225 1257 2263 cum
1291 2207 1508 2262 dicitur
1537 2211 1594 2261 et
1625 2205 1882 2261 creditur
1917 2205 2195 2261 Dominus
2226 2207 2428 2262 unitus
2459 2224 2586 2263 esse
2619 2209 2814 2263 formae
2846 2209 3018 2277 servi,
3049 2226 3205 2265 unus
3236 2213 3325 2265 est
3375 2209 3498 2282 ipse
3552 2208 3712 2268 Deus
3767 2217 3827 2267 et

401 2301 735 2461 mxima.
771 2388 949 2442 llomo
980 2387 1161 2459 igitur
1194 2402 1306 2440 non
1342 2387 1449 2454 est,
1485 2384 1582 2456 qui
1615 2399 1682 2438 ex
1713 2381 1896 2438 Maria
1951 2397 2050 2455 ge-

398 2479 558 2534 nitus
615 2477 746 2534 est?
803 2475 957 2532 Orth.
1021 2474 1398 2530 Solummodo
1457 2473 1695 2544 quidem
1729 2472 1922 2537 homo,
1958 2488 2053 2526 ne-

400 2582 719 2640 quaquam.
776 2566 949 2638 Apoll.
1010 2564 1118 2620 Sed
1168 2564 1451 2636 quirlnam
1512 2560 1838 2634 praaterea?
1889 2561 2046 2619 Orlh.

397 2657 508 2713 Sed
543 2657 719 2712 etiam
751 2655 1091 2711 Deus.Sicut
1123 2653 1278 2709 enim
1314 2654 1473 2708 Isaac
1505 2652 1738 2724 genitus
1767 2666 1835 2706 ex
1866 2651 2049 2705 Abra-

399 2747 713 2812 hamo,nec
744 2744 894 2801 alius
927 2743 1241 2817 quisquam
1273 2741 1600 2804 hominum,
1627 2743 1713 2795 est
1739 2756 1872 2795 caro
1903 2739 2047 2794 dun-

396 2838 573 2903 taxat,
609 2834 708 2890 sed
743 2833 1149 2906 unusquisque
1183 2835 1449 2888 nostrum
1479 2830 1712 2902 genitus
1738 2833 1828 2884 est
1869 2827 2043 2884 homo

394 2941 461 2980 ex
495 2924 752 2986 homine.
802 2941 916 2979 non
975 2923 1126 2995 quod
1190 2922 1385 2976 anima
1442 2919 1743 2975 rationalis
1799 2917 2038 2973 alteram

395 3013 651 3068 animam
709 3010 1052 3067 rationalem
1114 3009 1410 3082 genuerit;
1466 3008 1732 3080 quamvis
1765 3007 1936 3062 homo
1967 3006 2043 3061 sit

392 3115 460 3155 ex
491 3099 685 3155 anima
717 3098 978 3154 rationali
1010 3103 1065 3153 et
1092 3114 1330 3170 corpore
1376 3097 1769 3169 compositus;
1830 3096 1910 3150 ita
1964 3096 2037 3150 il-

391 3187 642 3259 lum,qui
675 3205 741 3244 ex
773 3189 955 3244 Maria
985 3189 1218 3258 genitus
1248 3186 1591 3258 est,appello
1621 3185 2037 3256 Deum,anima

385 3276 653 3334 videlicet
681 3282 736 3332 et
763 3275 986 3350 corpori
1023 3276 1272 3331 unitum.
1325 3275 1829 3342 Quemadmodum
1880 3272 2035 3328 enim

387 3365 438 3422 si
493 3366 690 3422 anima
746 3365 971 3438 corpori
1024 3364 1188 3420 unita
1219 3363 1412 3432 fuerit,
1445 3363 1707 3436 gignitur
1738 3363 1908 3419 homo
1935 3379 2038 3434 per

2233 2385 2287 2440 6.
2325 2381 2559 2439 Ἀπολλ.
2593 2382 2797 2438 Οὐκοῦν
2831 2383 2929 2438 οὐκ
2952 2380 3091 2439 ἔστιν
3145 2383 3428 2460 ἅνθρωπος
3479 2386 3508 2441 ὃ
3564 2405 3812 2461 γεγεννη-

2166 2466 2325 2542 μένος
2359 2470 2416 2525 ἐκ
2450 2471 2702 2548 Μαρίας;
2738 2474 2885 2544 Ὀρθ.
2916 2474 3096 2530 Μόνον
3123 2472 3427 2549 ἄνθρωπος,
3451 2471 3534 2532 οὔ.
3568 2473 3818 2533 Ἀπολλ.

2162 2557 2339 2614 Ἀλλὰ
2367 2561 2455 2614 καὶ
2486 2560 2576 2629 τί;
2610 2562 2756 2636 Ὀρθ.
2795 2561 2967 2618 Ἀλλὰ
2998 2563 3084 2617 καὶ
3117 2563 3266 2626 Θεός·
3303 2564 3377 2625 ὡς
3407 2563 3506 2639 γὰρ
3549 2562 3651 2618 οὐκ
3701 2562 3815 2620 ἔστι

2163 2646 2326 2720 μόνον
2389 2650 2516 2724 σὰρξ
2576 2651 2745 2706 Ἰσαάν
2771 2653 3193 2727 ,γεγεννημένος
3242 2651 3300 2707 ἐκ
3380 2656 3480 2706 τοῦ
3534 2647 3810 2728 Ἀϐραᾶμ,

2155 2734 2280 2791 οὐδὲ
2339 2735 2507 2800 ἄλλος
2563 2760 2642 2801 τις
2699 2745 2805 2795 τῶν
2852 2740 3172 2816 ἀνθρώπων,
3222 2741 3367 2798 ἀλλᾶ
3413 2737 3700 2816 ἅνθρωπος
3759 2742 3810 2812 ἐξ

2154 2823 2437 2902 ἀνθρώπου
2495 2826 2805 2903 γεγὲννηται
2863 2826 3086 2891 ἕκαστος
3137 2832 3318 2901 ἡμῶν,
3354 2831 3416 2884 οὐ
3453 2831 3806 2903 γεννωμένης

2152 2917 2336 2990 ψυχῆς
2371 2915 2596 2992 λογικῆς
2631 2917 2688 2972 ἐκ
2726 2921 2912 2993 ψυχῆς
2963 2916 3216 2993 λογικῆς·
3261 2919 3503 2994 καίτοιγε
3559 2924 3660 2974 τοῦ
3719 2919 3809 2974 ἆν-
3873 2938 3876 2941 ·

2150 3005 2371 3080 Θρώπου
2406 3005 2466 3060 ἐκ
2494 3009 2676 3083 ψυχῆς
2707 3005 2936 3082 λογικῆς
2981 3007 3070 3062 καὶ
3123 3007 3373 3081 σώματος
3417 3009 3795 3083 συγκειμένου·

2149 3093 2288 3149 οὕνω
2319 3095 2446 3150 Θεὸν
2478 3094 2625 3171 λέγω
2667 3096 2758 3151 τὸν
2806 3095 2866 3151 ἐκ
2910 3097 3120 3170 Μαρίας
3170 3097 3588 3173 γεγεννημένον,
3640 3101 3798 3174 ψυχῇ

2147 3183 2233 3239 καὶ
2295 3184 2505 3256 σώματι
2567 3185 2847 3241 ἓνωθὲντα.
2897 3185 3139 3259 Καθάπερ
3189 3187 3291 3263 γὰρ
3324 3186 3580 3251 ἰνωοεῖσα
3638 3190 3796 3263 ψυχή

2147 3275 2381 3347 σώματι,
2415 3280 2662 3349 γεννᾶται
2695 3272 2974 3348 ἄνθρωπος
3006 3272 3094 3330 διὰ
3122 3277 3398 3351 γυναικὸς,
3454 3275 3629 3338 οὕτως
3665 3279 3798 3332 ἑνω-

2145 3362 2252 3424 Θεὶς
2293 3363 2420 3425 Θεὸς
2478 3363 2655 3438 Λόγος
2713 3367 2867 3439 ψυχῇ
2929 3364 3018 3419 καὶ
3078 3364 3314 3437 σώματι,
3368 3365 3629 3440 ἰγεννήθη
3666 3369 3800 3430 Θεὸς

387 3455 716 3520 mulierem,
749 3455 830 3507 ita
861 3458 1011 3508 Deus
1035 3451 1412 3520 Verbum,ubi
1445 3453 1672 3507 unitum
1709 3455 1796 3507 est
1827 3451 2035 3507 anima:

2160 3451 2236 3505 ιιαῖ
2287 3448 2568 3528 ἄνθρωπος
2617 3451 2702 3506 διὰ
2752 3451 3024 3527 γυναικός.
3077 3451 3309 3510 Ἀπολλ.
3358 3454 3608 3531 Καίτοιγε
3674 3481 3694 3506 ι
3744 3455 3804 3510 ἐκ

387 3549 446 3602 et
477 3543 963 3616 corpori,genitus
986 3548 1073 3597 est
1103 3543 1258 3598 Deus
1287 3545 1344 3596 et
1375 3542 1547 3597 homo
1579 3558 1680 3614 per
1711 3540 2037 3596 mulierem.

387 3635 563 3707 Apoll.
597 3632 765 3704 Atqui
801 3652 828 3685 α
858 3649 926 3688 ex
958 3632 1201 3687 muliere
1234 3654 1260 3678 »
1294 3631 1576 3702 scriptum
1611 3636 1700 3686 est
1746 3631 1809 3684 ⁷⁸.
1876 3631 2036 3687 Orlh.

388 3723 469 3780 Ex
511 3721 772 3794 muliere,
802 3721 1125 3777 secundum
1160 3735 1394 3776 carnem
1427 3735 1440 3773 :
1478 3736 1580 3790 per
1611 3718 1914 3773 mulierem
1949 3736 2038 3775 se-

389 3814 648 3870 cundum
683 3811 988 3885 Spiritum.
1029 3809 1218 3882 .4poll.
1255 3809 1530 3881 Proprius
1563 3808 1658 3864 ille
1691 3809 1785 3863 Dei
1835 3807 2035 3878 Filius,

391 3921 563 3977 quem
625 3920 727 3976 pro
781 3901 948 3957 nobis
1005 3898 1265 3966 tradidit,
1317 3898 1588 3970 quisnam
1618 3906 1723 3965 est,
1755 3897 2036 3965 Verbum,

393 4012 464 4050 an
502 3992 715 4050 homo?
747 3989 896 4048 Orlh.
933 3987 1205 4060 Proprius
1236 3986 1334 4041 Dei
1394 3987 1573 4041 Filius
1625 3985 1718 4041 ille
1777 3990 1884 4056 est,
1937 3986 2036 4057 qui

393 4108 421 4134 α
490 4081 824 4138 humiliavit
882 4079 1290 4148 semetipsum,
1359 4075 1602 4130 formam
1671 4075 1816 4129 servi
1886 4076 2036 4129 acci-

389 4171 556 4244 piens
611 4171 677 4238 7",
742 4192 762 4218 ι
824 4166 987 4224 etin
1045 4165 1147 4220 illa
1205 4163 1398 4220 servili
1433 4165 1616 4218 forma
1646 4164 1896 4218 traditus
1927 4169 2034 4218 est.

389 4261 564 4332 Apoll.
597 4259 723 4314 Non
754 4257 933 4330 igitur
959 4255 1134 4312 Jesus
1165 4271 1233 4310 ex
1265 4252 1447 4308 Maria
1476 4252 1735 4324 genitus,
1786 4253 1883 4307 sed
1937 4271 2040 4324 per

389 4367 516 4408 eam
549 4347 812 4421 genitum
844 4344 1120 4408 Verbum,
1154 4343 1204 4398 is
1234 4347 1344 4410 est,
1378 4342 1476 4414 qui
1510 4341 1892 4412 semetipsum
1931 4342 2035 4396 hu.

389 4438 638 4496 miliavit
668 4452 854 4508 usque
885 4435 953 4489 ad
990 4437 1256 4488 mortem.
1295 4431 1452 4488 Orth.
1487 4429 1566 4484 Ne
1615 4447 1819 4502 separa
1867 4430 2035 4485 unio-

388 4545 526 4585 nam
555 4525 735 4584 semel
767 4525 1014 4581 unitam.
1051 4521 1168 4577 Dixi
1203 4519 1381 4588 enim,
1414 4536 1544 4574 eum
1579 4535 1706 4574 esse
1737 4520 2034 4591 proprium

388 4616 624 4684 Filium,
657 4615 755 4687 qui
782 4626 944 4669 ex'ea
989 4612 1064 4667 sit
1122 4609 1442 4666 secundum
1500 4624 1757 4672 carnem,
1822 4612 1878 4662 et
1937 4625 2038 4680 per

389 4723 514 4764 eam
570 4705 892 4761 secundum
925 4699 1228 4773 Spiritum.
1265 4697 1437 4768 Apoll.
1475 4697 1621 4766 Ergo
1651 4695 1903 4750 Verbum
1935 4714 2038 4768 per

388 4811 516 4853 eam
540 4793 801 4868 genitum
826 4788 1160 4846 humiliavit
1186 4786 1565 4856 semetipsum
1591 4801 1776 4855 usque
1798 4785 1864 4838 ad
1890 4801 2035 4840 mor-

387 4891 528 4942 tem.
560 4884 717 4942 Orl-h.
755 4886 902 4936 Deus
933 4878 1186 4934 Verbum
1223 4876 1404 4947 igitur
1463 4892 1562 4945 per
1617 4874 1806 4945 ipsam
1867 4875 2022 4945 geni-

383 4980 532 5044 tum,
557 4991 688 5030 cum
723 4989 834 5027 non
869 4973 1068 5042 posset
1097 4968 1155 5022 in
1187 4967 1314 5038 ipsa
1347 4964 1575 5019 deitatis
1609 4970 1816 5019 natura
1847 4964 2035 5019 humi-

2148 3541 2400 3614 γυναικὸς
2478 3564 2506 3591 ››
2573 3539 2886 3617 γέγραπται.
2961 3542 3112 3615 Ὀρθ.
3185 3543 3277 3597 Ἐκ
3348 3543 3599 3619 γυναικὸς
3667 3545 3804 3600 κατᾶ

2149 3630 2338 3705 σάρκα,
2399 3627 2487 3684 διὰ
2542 3635 2641 3699 τῆς
2702 3630 2953 3704 γυναικὸς
3012 3629 3145 3686 κατὰ
3192 3636 3421 3704 πνεῦμα.
3474 3632 3803 3690 Ἀπολλ.’0

2151 3715 2287 3780 ἴδιος
2347 3719 2466 3781 Υἱὸς
2528 3724 2624 3774 τοῦ
2681 3723 2834 3791 Θεοῦ,
2897 3719 2952 3775 ὅν
3020 3715 3329 3795 παρέδωκεν
3408 3720 3542 3797 ὑπὲρ
3611 3725 3800 3794 ἡμῶν,

2146 3807 2229 3868 τίς
2265 3807 2446 3877 ἐστιν;
2511 3808 2537 3862 ὂ
2603 3808 2798 3883 Λόγος,
2857 3809 2890 3878 ἢ
2944 3807 2972 3862 6
3005 3807 3324 3884 ἅνθρωπος
3385 3813 3533 3884 Ὀρθ.
3566 3811 3628 3868 Ὀ
3663 3809 3802 3873 ἴδιος

2150 3898 2272 3959 Υἱὸς
2298 3903 2393 3952 τοῦ
2450 3903 2603 3970 Θεοῦ,
2666 3898 2824 3960 αὐτός
2877 3897 3014 3953 ἐστιν
3072 3924 3091 3948 ι
3149 3897 3543 3961 ὀταπεινώσας
3579 3901 3796 3969 ἑαυτὸν,

2152 3992 2366 4063 μορφὴν
2393 3985 2598 4041 δούλου
2623 3983 2828 4053 λαϐὼν,
2857 4011 2883 4038 ››
2909 3988 2996 4042 καὶ
3017 3987 3066 4042 ἐν
3086 3985 3220 4060 αὐτῇ
3251 3991 3318 4062 τῇ
3354 3985 3582 4062 δουλικῇ
3609 3994 3799 4068 μορφῇ

2147 4073 2485 4151 παραδοθείς.
2545 4075 2776 4132 ’Δπολλ.
2824 4076 2944 4152 Οὐχ
2995 4075 3022 4130 6
3061 4075 3334 4152 γεννηθεὶς
3365 4076 3457 4131 οὗν
3487 4076 3549 4132 ἐκ
3579 4079 3799 4154 Μαρίας

2151 4166 2377 4234 Ἰησοῦς,
2414 4163 2539 4220 ἀλλ’
2583 4165 2608 4218 ό
2643 4165 2920 4240 γεννηθεὶς
2952 4162 3022 4218 δι’
3052 4164 3217 4234 αὐτῆς
3255 4165 3445 4242 Λόγος,
3476 4165 3641 4229 αὐτὸς
3675 4169 3798 4223 εαυ-

2146 4255 2236 4308 τὸν
2271 4253 2590 4308 ἐταπείνωσε
2644 4255 2809 4329 μέχρι
2861 4253 3107 4317 θανάτου.
3162 4255 3305 4328 Ὀρθ.
3367 4256 3458 4324 Μὴ
3491 4252 3671 4330 δίαιρε
3701 4257 3797 4326 τήν

2149 4343 2284 4413 ἅπαξ
2329 4341 2612 4405 ἐνωθεῖσαν
2661 4338 2870 4398 ἕνωσιν.
2925 4343 3088 4400 Εἶπον
3122 4343 3248 4418 γὰρ,
3279 4342 3362 4397 ὅτι
3394 4343 3558 4405 αὐτός
3591 4343 3734 4399 ἐστιν
3772 4344 3798 4398 6

2143 4429 2286 4493 'l8:o:
2321 4433 2464 4499 Υἱὸς,
2496 4431 2522 4485 6
2557 4431 2605 4501 ἐξ
2636 4431 2802 4500 αὐτῆς
2835 4433 2968 4486 κατὰ
3017 4433 3208 4508 σάρκα,
3242 4431 3329 4486 καὶ
3362 4429 3430 4486 δι’
3461 4432 3634 4502 αὐτῆς
3667 4433 3802 4488 κατᾶ

2149 4525 2376 4592 πνεῦμα.
2426 4518 2660 4576 Ἀπολλ.
2709 4525 2763 4574 Ὀ
2808 4517 2875 4574 δι’
2915 4520 3082 4590 αὐτῆς
3115 4520 3204 4575 οῦν
3237 4521 3412 4595 Λόγος
3442 4519 3800 4577 ἐταπείνωσεν

2149 4610 2333 4664 ἑαυτὸν
2387 4610 2550 4685 μέχρι
2609 4609 2854 4663 θανάτου.
2919 4610 3065 4683 ὈρΘ.
3125 4610 3185 4666 Ὁ
3232 4606 3302 4663 δι’
3333 4609 3501 4679 αὐτῆς
3532 4611 3628 4665 οὗν
3672 4613 3800 4674 Θεὸς

2147 4698 2346 4772 Λόγος,
2382 4697 2442 4752 οὐ
2470 4696 2763 4770 δυνάμενος
2789 4701 2856 4771 τῇ
2890 4697 3042 4775 φύσει
3074 4704 3172 4765 τῆς
3223 4697 3480 4767 θεότητος
3529 4721 3794 4755 ταπείνω’

2148 4790 2302 4856 θῆναι
2337 4787 2500 4862 μέχρι
2544 4789 2791 4857 θανάτου,
2825 4783 3015 4841 ἔλαϐεν
3049 4787 3221 4858 ἑαυτῷ
3263 4785 3314 4857 ἐξ
3345 4787 3512 4857 αὐτῆς
3545 4785 3801 4864 ἔμψυχον

2146 4880 2324 4947 σῶμα,
2361 4876 2419 4929 τὸ
2454 4872 2749 4947 δυνάμενον
2797 4883 3198 4945 ταπεινωθῆναι
3252 4875 3417 4952 μέχρι
3460 4876 3718 4950 Θανάτου,
3773 4878 3803 4932 5

2146 4963 2256 5018 ἔστι
2292 4965 2475 5041 μορφή
2508 4959 2730 5018 δούλου.

384 5064 527 5120 liare
558 5079 618 5119 se
654 5078 838 5133 usque
869 5059 938 5116 ad
973 5061 1241 5124 mortem,
1274 5071 1486 5126 corpus
1517 5070 1580 5108 ex
1612 5071 1676 5109 ea
1710 5053 1820 5109 sibi
1847 5055 2182 5126 absumpsit
2211 5054 2561 5124 animatum,
2611 5054 2762 5126 quod
2814 5055 2884 5111 ad
2945 5059 3189 5111 mortem
3249 5070 3438 5126 usque
3493 5054 3802 5113 humiliari

379 5157 600 5225 posset,
631 5151 688 5206 id
721 5153 811 5205 est
840 5148 1088 5204 formam
1119 5143 1288 5198 servi.

450 5245 504 5297 7.
539 5241 694 5314 Apoll
748 5238 900 5294 Deus
929 5251 1065 5308 ergo
1096 5249 1305 5306 passus
1341 5236 1428 5286 est
1458 5249 1559 5303 pro
1617 5231 1804 5286 nobis.
1863 5232 2030 5287 Orth.

379 5332 556 5405 Deus,
584 5329 743 5386 unite
776 5327 886 5384 sibi
918 5338 1156 5397 corpore
1189 5321 1383 5378 anima
1414 5319 1849 5393 praedito,quod
1887 5319 2033 5376 mori

449 5526 494 5563 ⁷⁵
526 5527 547 5583 Ι
578 5529 706 5582 Cor.
737 5541 816 5590 vx,
853 5523 936 5576 17.
1013 5519 1057 5554 ⁷⁸
1088 5515 1273 5574 Galat.
1308 5532 1384 5587 xv,
1419 5516 1469 5570 4.
1546 5515 1588 5550 ⁷⁷
1620 5512 1870 5586 Philipp.
1906 5531 1966 5582 ιι,
1998 5514 2052 5568 8.

446 5728 563 5799 (74)
595 5723 776 5781 Palat.
808 5715 1231 5792 σεσαρκωμένος,
1267 5713 1435 5770 male.

2214 5233 2270 5285 7.
2303 5225 2538 5285 Ἀπολλ.
2575 5229 2706 5291 Θεὸς
2738 5227 2828 5283 οὖν
2862 5225 3051 5293 ἔπαθεν
3090 5229 3220 5305 ὑπὶρ
3252 5231 3437 5300 ἡμῶν.
3480 5229 3633 5305 Ὀρθ.
3669 5233 3801 5293 Θεὸς

2146 5319 2348 5380 ὲνώσας
2405 5319 2576 5390 ἑαυτῷ
2635 5319 2797 5391 σῶμα
2851 5315 3124 5395 ἔμψυχον,
3181 5317 3244 5373 τὸ
3303 5315 3601 5390 δυνάμενον
3664 5318 3798 5374 ἀπο·

2179 5713 2290 5786 (75)
2323 5712 2410 5770 Sic
2444 5729 2588 5769 ms.
2622 5728 2846 5770 omnes.
2881 5711 3034 5770 Editi
3066 5728 3220 5782 vero,
3253 5708 3449 5775 οὕτως.
