4086 6214
325 391 464 458 1261

1267 395 1369 459 DE
1413 396 1712 462 SANCTA
1756 396 2178 461 TRINITATE
2228 397 2617 462 DIALOGUS
2663 398 2768 464 IV.

3564 410 3720 473 1262

318 533 512 591 θανεῖν.
547 528 618 582 Οὐ
652 528 752 602 γὰρ
783 528 932 606 φύσει
985 529 1241 599 θεότητος
1300 530 1430 605 ὑπὲρ
1480 532 1640 602 ἡμῶν
1688 529 1961 602 ἀπέθανεν,

2077 536 2290 601 posset.
2325 532 2522 603 Neque
2555 533 2708 588 enim
2740 534 2795 588 in
2833 535 2961 607 ipsa
2992 537 3223 592 deitatis
3258 544 3465 596 natura
3496 560 3599 612 pro
3622 561 3716 599 uo-

318 615 441 671 ἀλλ’
483 616 725 678 ὲνώσεως
774 616 1074 689 οἰκονομίᾳ,
1109 616 1342 673 Ἀπολλ.
1382 617 1441 673 Εἰ
1493 620 1676 694 ψυχὴν
1734 617 1965 691 λογικὴν

318 704 433 778 εἶχε
463 704 525 757 τὸ
556 708 732 776 σῶμα,
768 703 874 780 οὐχ
904 706 931 758 6
961 705 1112 775 θεὸς,
1143 704 1270 761 ἀλλ’
1301 707 1328 759 6
1361 704 1640 777 ἅνθρωπος
1683 706 1962 770 ἀπέθανεν.

320 795 465 864 Ὀρθ.
496 799 551 845 '0
597 792 705 846 ἀπὸ
750 798 847 847 τοῦ
897 794 1150 865 σώματος
1197 801 1295 864 τῆς
1328 798 1513 871 ψυχῆς
1545 795 1834 870 χωρισμὸς
1867 794 1965 849 θά-

316 902 475 944 νατος
526 879 766 956 λέγεται,
795 882 830 950 ἢ
865 877 966 951 οὕ;
999 882 1233 940 Ἀπολλ.
1270 882 1391 940 Ναί.
1445 885 1585 959 Ὀρθ.
1620 887 1820 958 Ὥσπερ
1871 884 1962 938 οὗν

317 969 419 1025 οὐκ
447 968 684 1039 ἠδύνατο
716 971 745 1024 6
775 971 903 1032 Θεὸς
934 970 984 1025 ὲν
1019 973 1259 1044 μνήματι
1292 972 1380 1025 καὶ
1412 976 1463 1027 ὲν
1504 976 1647 1050 ταφῇ
1697 974 1963 1047 γενέσθαι,

312 1058 361 1112 εἰ
396 1059 472 1131 μή
506 1057 708 1133 εἷχεητὸ
736 1060 1016 1131 τιθέμενον
1057 1064 1239 1128 σῶμα,
1273 1060 1445 1122 οὕτως
1497 1060 1596 1114 οὐκ
1653 1060 1711 1115 ἃν
1764 1060 1965 1135 ἐλέχθη

309 1146 642 1223 κεχωρίσθαι
673 1150 769 1201 τοῦ
800 1148 1077 1219 σώματος,
1110 1153 1386 1224 πανταχοῦ
1419 1146 1516 1215 ὢν,
1548 1148 1638 1203 καὶ
1687 1149 1753 1203 τὰ
1794 1148 1967 1203 πάντα

311 1236 615 1311 περιέχων,
674 1235 719 1290 εἰ
795 1238 869 1308 μὴ
951 1237 1066 1312 εἶχε
1133 1238 1232 1305 τὴν
1312 1238 1695 1312 χωριζομένην
1758 1239 1963 1312 ψυχὴν,

318 1326 441 1397 μεθ’
470 1326 538 1393 ἧς
569 1326 657 1378 καί
684 1330 801 1386 τοῖς
831 1324 885 1379 ἐν
918 1320 1048 1394 ᾅδου
1081 1324 1490 1402 εὐηγγελίσατο.
1526 1326 1623 1380 Διὰ
1665 1327 1766 1401 γὰρ
1798 1325 1962 1393 αὐτὴν

312 1413 408 1466 καὶ
441 1414 744 1488 ἀναχωρεῖν
774 1417 872 1467 τοῦ
903 1414 1154 1486 σώματος
1206 1413 1443 1488 λέγεται,
1473 1416 1560 1468 καὶ
1609 1414 1660 1468 ἐν
1693 1408 1824 1483 ᾅδου
1871 1434 1965 1487 γε·

309 1503 591 1575 γενῆσθαι.
623 1503 720 1555 Καὶ
761 1500 922 1555 τοῦτό
972 1500 1080 1555 ἐστι
1128 1502 1190 1556 τὸ
1240 1502 1370 1577 ὑπὲρ
1420 1504 1582 1574 ἡμῶν
1615 1501 1666 1555 ἐν
1701 1497 1830 1571 ᾅδου
1876 1522 1964 1577 γε-

307 1589 498 1652 νέσθαι
533 1587 622 1643 διὰ
650 1590 748 1657 τὴν
783 1590 994 1664 ψυχὴν,
1026 1591 1116 1644 καὶ
1148 1589 1199 1644 ἐν
1233 1591 1477 1663 μνήματι
1504 1592 1721 1658 τεθῆναι
1770 1586 1859 1643 διὰ
1903 1589 1966 1644 τὸ

309 1684 496 1750 σῶμα.
532 1676 766 1733 ἈπολΛ.
803 1679 943 1755 Ἐγὼ
973 1678 1321 1749 πεπίστευκα,
1356 1677 1438 1732 ὅτι
1470 1678 1497 1732 6
1529 1679 1655 1739 Θεὸς
1692 1678 1866 1752 Λόγος
1896 1680 1964 1750 τῇ

310 1769 513 1822 ἑαυτοῦ
566 1765 835 1841 παρουσίᾳ
883 1767 1127 1842 ἐμψυχοῖ
1173 1768 1233 1820 τὸ
1278 1771 1455 1839 σῶμα,
1501 1767 1589 1821 καὶ
1636 1765 1821 1841 χρείαν
1869 1765 1967 1819 οὐκ

311 1857 437 1931 εἶχε
467 1860 672 1931 ψυχῆς.
710 1857 859 1931 Ὀρθ.
892 1857 978 1917 Ὠς
1010 1855 1087 1917 εἰς
1117 1856 1179 1911 τὸ
1209 1857 1540 1930 κρατηθῆναι
1580 1854 1669 1909 καὶ
1722 1874 1961 1928 σταυρω-

314 1953 502 2014 θῆναι,
535 1947 624 1999 καὶ
652 1951 911 2021 ταφῆναι,
936 1942 1029 1997 ’ἱνα
1080 1945 1156 2015 μή
1209 1942 1427 2015 δοκήσει
1471 1944 1497 1997 6
1542 1943 1766 2019 σταυρὸς
1802 1941 1959 2017 γένη-

306 2056 428 2102 ται,
461 2031 588 2088 ἀλλ’
617 2032 868 2104 ἀληθείᾳ*
904 2033 1075 2094 οὕτως
1102 2031 1193 2086 καὶ
1225 2032 1299 2093 εἷς
1331 2033 1393 2087 τὸ
1423 2031 1731 2103 ἀποθανεῖν,
1771 2030 1861 2085 καὶ
1911 2029 1961 2086 ἐν

309 2119 452 2193 ᾅδου
505 2123 768 2196 γενέσθαι,
822 2120 1011 2197 χρείαν
1064 2120 1180 2195 εἶχε
1227 2123 1434 2195 ψυχῆς.
1490 2120 1618 2195 Περὶ
1664 2120 1810 2181 τίνος
1859 2121 1963 2195 γὰρ

309 2212 551 2285 εἴρηται.
588 2205 672 2264 ὅτι
708 2234 736 2261 ‹‹
768 2208 970 2285 ἤρξατο
1002 2207 1285 2272 λυπεῖσθαι
1317 2209 1406 2263 καὶ
1448 2209 1678 2284 ἀγωνιᾷν
1727 2205 1830 2270 ἕως
1873 2220 1966 2272 θα-

305 2301 517 2370 νάτου;
554 2324 580 2351 ››
628 2299 757 2374 Περὶ
804 2303 901 2353 τοῦ
947 2300 1199 2371 σώματος
1241 2302 1340 2352 τοῦ
1388 2297 1739 2367 ἀναισθήτου,
1786 2297 1822 2366 ἢ
1870 2294 1967 2351 τοῦ

311 2393 464 2445 Θεοῦ
511 2388 726 2464 Λόγου;
759 2385 996 2443 Ἀπολλ.
1030 2386 1128 2441 Καὶ
1159 2389 1322 2456 ἡμεῖς
1374 2384 1627 2461 λέγομεν,
1659 2384 1740 2440 ὅτι
1776 2383 1962 2455 αἶ’σθη-

310 2501 404 2534 σιν
438 2480 556 2553 εἶχε
583 2479 645 2533 τὸ
676 2482 855 2549 σῶμα,
888 2475 939 2529 ἐν
1036 2476 1124 2530 καὶ
1173 2470 1369 2548 ᾔσθετο
1416 2479 1512 2529 τοῦ
1559 2474 1783 2536 πάθους.
1817 2475 1967 2548 Ὀρθ,

312 2572 495 2640 Σῶμα
525 2563 581 2621 δὲ
611 2564 857 2636 αἴσθησιν
895 2561 1021 2640 ἔχον
1066 2557 1316 2637 ἔμψυχόν
1366 2562 1529 2617 ἐστιν.
1560 2563 1632 2617 Τὸ
1679 2563 1784 2638 γὰρ
1834 2560 1969 2635 ἄψυ-

311 2677 426 2733 χον
458 2655 546 2710 καὶ
586 2652 904 2724 ἀναίσθητόν
951 2652 1113 2709 ἐστιν.
1148 2656 1309 2706 Ὥστε
1342 2652 1370 2705 6
1399 2650 1735 2713 ταπεινώσας
1782 2651 1967 2706 ἑαυτὸν

316 2747 496 2821 μέχρι
554 2742 780 2798 Θανάτου
827 2742 915 2796 καὶ
964 2740 1271 2808 ἀποθανὼν,
1318 2740 1452 2802 Θεός
1502 2738 1664 2809 ἐστιν,
1705 2739 1767 2793 οὖ
1818 2737 1967 2817 φύσει

310 2834 578 2903 θεότητος
628 2832 998 2899 ἀποθνήσκων,
1048 2827 1175 2885 ἀλλ’
1218 2829 1455 2890 ἑνώσεως
1507 2828 1810 2900 οἰκονομίᾳ.
1861 2834 1971 2897 Τῆς

313 2922 429 2997 γὰρ
463 2919 881 2995 ἀνθρωπότητος
926 2919 992 2973 τὰ
1041 2916 1186 2987 πάθη
1240 2918 1430 2972 ἑαυτοῦ
1479 2916 1621 2987 πάθη
1675 2915 1968 2991 ἐλογίζετο.

316 3011 423 3066 Καὶ
477 3010 654 3085 ὥσπερ
703 3006 961 3063 ἀδύνατον
1011 3008 1073 3076 ἦν
1122 3004 1551 3079 προσηλωθῆναι
1604 3010 1838 3080 σταυρῷ,
1881 3005 1969 3059 καὶ

307 3102 553 3177 ταφῆναι
584 3095 809 3165 σινδόνι,
842 3096 931 3151 καὶ
961 3097 1179 3165 τεθῆναι
1214 3095 1266 3150 ἐν
1319 3098 1561 3168 μνήματι
1616 3091 1735 3149 ἄνευ
1780 3094 1970 3166 σώμα-

311 3208 438 3250 τος·
473 3187 645 3248 οὕτως
679 3183 934 3240 ἀδύνατον
984 3184 1052 3254 ἦν
1102 3183 1261 3239 αὐτὸν
1313 3183 1606 3259 ἀγωνιᾶσαι
1636 3180 1758 3236 ἄνευ
1788 3184 1971 3257 ψυχῆς

1994 1900 2042 1965 Β

2076 622 2163 674 bis
2197 626 2460 676 mortuus
2510 626 2620 686 est,
2668 624 2766 678 sed
2820 626 3101 681 unitionis
3148 628 3489 685 oeconomia.
3542 632 3716 702 Apoll.

2073 708 2132 762 Si
2164 708 2421 763 animam
2453 712 2695 764 rationis
2724 714 3064 783 participem
3101 714 3305 770 habuit
3334 732 3569 789 corpus,
3603 736 3718 775 non

2074 796 2365 861 Deus,sed
2399 797 2573 852 homo
2607 805 2874 856 mortuus
2904 808 3012 857 est.
3048 802 3198 858 Orth.
3233 805 3531 863 Diciturne
3562 823 3720 865 mors

2075 886 2366 955 separatio
2415 887 2623 940 animo:
2655 905 2686 941 a
2716 905 2973 959 corpore,
3010 908 3198 946 annon
3220 893 3247 947 ?
3280 895 3455 965 Apoll.
3508 896 3715 952 Etiam.

2076 969 2233 1024 Orth.
2283 972 2443 1025 Sicut
2471 988 2607 1043 ergo
2640 990 2753 1028 non
2808 977 2996 1045 potuit
3040 977 3194 1033 Deus
3226 979 3285 1033 in
3336 987 3718 1039 monumento

2073 1061 2130 1111 et
2158 1056 2462 1127 sepultura
2488 1060 2730 1130 versari,
2766 1060 2877 1116 nisi
2909 1062 3241 1135 depositum
3278 1082 3343 1122 eo
3373 1084 3585 1140 corpus
3612 1070 3715 1125 ba-

2074 1144 2299 1199 buisset
2330 1161 2343 1199 :
2380 1147 2461 1200 ita
2509 1146 2684 1202 etiam
2720 1166 2836 1203 non
2871 1149 3162 1207 diceretur
3190 1161 3496 1227 separatus
3535 1158 3718 1215 fuisse

2075 1249 2109 1286 a
2156 1249 2415 1304 corpore,
2448 1235 2549 1306 qui
2579 1236 2657 1290 sit
2705 1237 2921 1309 ubique
2951 1243 3008 1294 et
3037 1243 3235 1297 omnia
3274 1244 3716 1316 complectatur,

2075 1320 2188 1376 nisi
2220 1321 2526 1377 habuisset
2553 1330 2879 1395 separatam
2912 1330 3193 1395 animam,
3228 1348 3359 1386 cum
3394 1349 3512 1405 qua
3541 1335 3715 1391 etiam

2075 1409 2273 1478 iis,qui
2304 1412 2458 1481 apud
2492 1413 2707 1467 inferos
2738 1419 2923 1479 erant,
2958 1417 3333 1490 Evangelium
3369 1421 3718 1492 praedicavit.

2076 1500 2319 1568 Pr0pter
2364 1498 2512 1553 hanc
2564 1502 2717 1555 enim
2769 1507 2824 1557 et
2874 1504 3217 1562 discessisse
3265 1523 3333 1563 ex
3376 1525 3635 1581 corpore,
3665 1515 3722 1566 et

2073 1588 2227 1656 apud
2264 1586 2481 1641 inferos
2514 1589 2695 1644 fuisse
2722 1591 2875 1645 468
2910 1594 3271 1663 perhibetur.
3306 1600 3422 1653 Hoc
3451 1597 3598 1653 illud
3630 1604 3721 1655 est

2076 1674 2275 1745 igitur,
2309 1692 2412 1746 pro
2445 1677 2614 1731 nobis
2665 1678 2844 1734 fuisse
2877 1682 3030 1751 apud
3080 1682 3299 1740 inferos
3332 1691 3567 1757 propter
3593 1688 3719 1743 ani-

2077 1778 2255 1831 mam,
2296 1768 2355 1818 et
2403 1764 2460 1818 in
2511 1772 2891 1822 monumento
2942 1769 3145 1839 fuisse,
3196 1778 3435 1844 propter
3483 1790 3716 1847 corpus.

2075 1852 2251 1919 Apoll.
2278 1852 2460 1907 Credo
2490 1868 2597 1924 ego
2623 1855 2798 1909 Deum
2834 1856 3090 1913 Verbum
3124 1877 3231 1915 sua
3256 1863 3560 1929 praesentia
3592 1881 3718 1919 cor-

2074 1959 2183 2012 pus
2232 1942 2375 1997 illud
2428 1944 2742 2009 animasse,
2788 1962 2891 2001 nec
2944 1965 3091 2019 opus
3140 1950 3222 2004 illi
3272 1951 3451 2008 fuisse
3499 1953 3718 2010 anima.

2075 2030 2224 2085 Orth.
2275 2030 2438 2085 Sicut
2467 2032 2537 2086 ad
2576 2032 2682 2087 hoc
2714 2038 2777 2087 ut
2806 2042 3129 2107 caperetur,
3162 2043 3219 2094 et
3258 2040 3716 2113 cruciﬁgeretur,

2074 2122 2129 2173 et
2160 2118 2518 2189 sepeliretur,
2555 2137 2659 2176 nec
2689 2123 2959 2191 opinione
3009 2129 3261 2198 tantum,
3294 2130 3394 2185 sed
3428 2133 3493 2184 ut
3523 2146 3719 2186 revera

2074 2224 2214 2262 crux
2245 2213 2399 2263 esset
2424 2225 2437 2269 ;
2471 2208 2556 2264 ita
2584 2225 2818 2280 quoque
2848 2213 2918 2266 ad
2952 2213 3061 2269 hoc
3095 2220 3158 2270 ut
3187 2221 3530 2284 moreretur,
3556 2224 3614 2275 et
3644 2221 3712 2274 ad

2073 2294 2290 2350 inferos
2320 2296 2561 2361 veniret,
2595 2314 2741 2367 opus
2780 2299 2864 2354 illi
2899 2300 3007 2355 fuit
3036 2304 3252 2359 anima.
3287 2310 3364 2361 De
3412 2322 3528 2379 quo
3558 2306 3713 2363 enim

2076 2384 2296 2438 dictum
2326 2391 2451 2439 est:
2488 2406 2517 2435 «
2547 2387 2726 2457 Cmpit
2755 2389 3106 2459 contristari,
3140 2397 3196 2447 et
3235 2394 3292 2447 in
3325 2409 3541 2467 angore
3588 2412 3718 2453 esse

2079 2489 2264 2543 usque
2293 2474 2364 2527 ad
2402 2478 2645 2529 mortem
2679 2475 2812 2530 73?»
2842 2476 2920 2532 De
2951 2494 3190 2550 corpore
3218 2498 3432 2539 sensus
3462 2488 3719 2556 experte,

2077 2578 2149 2616 an
2200 2562 2270 2616 de
2319 2561 2433 2617 Deo
2484 2562 2722 2619 Verbo?
2768 2565 2943 2636 Apoll.
2994 2566 3110 2622 Nos
3159 2584 3390 2640 quoque
3440 2571 3719 2639 dicimus,

2078 2665 2289 2721 corpus
2340 2649 2482 2705 illud
2538 2651 2717 2707 fuisse
2763 2668 2938 2709 sensu
2988 2657 3319 2725 praeditum,
3379 2674 3493 2729 quo
3542 2661 3717 2715 etiam

2079 2737 2405 2810 passionem
2458 2740 2722 2794 senserit.
2770 2742 2926 2799 Orth.
2975 2743 3151 2815 Atqui
3202 2761 3413 2816 corpus
3461 2748 3721 2804 sentiens

2078 2831 2168 2882 est
2196 2827 2711 2891 animatum.Quod
2735 2829 2890 2884 enim
2922 2835 3012 2886 est
3042 2831 3455 2900 inanimatum,
3486 2836 3540 2890 id
3575 2852 3721 2906 quo-

2081 2933 2191 2986 que
2222 2916 2365 2970 nihil
2399 2917 2593 2971 sentit.
2617 2918 2815 2988 itaque
2840 2919 2991 2975 Deus
3013 2927 3121 2986 est,
3156 2922 3253 2993 qui
3288 2939 3417 2979 sese
3447 2925 3723 2982 humilia-

2081 3006 2160 3057 vit
2194 3021 2377 3075 usque
2410 3005 2477 3059 ad
2532 3012 2776 3061 mortem
2811 3012 2867 3061 et
2916 3015 3186 3066 mortuus
3216 3016 3322 3078 est,
3356 3030 3471 3068 non
3522 3017 3720 3070 tamen

2081 3094 2531 3164 mortuus,quod
2566 3095 2635 3149 ad
2671 3100 2938 3151 naturam
2973 3098 3207 3154 deitatis
3238 3099 3466 3170 attinet,
3498 3103 3597 3157 sed
3632 3118 3723 3158 so-

2080 3182 2332 3238 cundum
2368 3182 2650 3239 unitionis
2680 3186 3086 3240 mconomiam.
3118 3187 3513 3245 Humanitatis
3567 3190 3725 3246 enim

316 3278 580 3351 λογικῆςο
633 3274 831 3350 ἄλογος
876 3273 976 3349 γὰρ
1026 3273 1178 3347 ψυχὴ
1247 3271 1350 3327 οὐκ
1416 3272 1635 3348 ἀγωνιᾷ,
1688 3271 1964 3346 προγινώ-

2083 3271 2407 3343 passiones,
2441 3288 2578 3327 suas
2626 3288 2753 3327 esse
2785 3273 2967 3328 duxit.
3002 3275 3069 3328 Et
3110 3275 3262 3330 sicut
3300 3276 3425 3331 ﬁeri
3475 3295 3589 3333 non
3625 3295 3724 3351 po-

316 3386 522 3421 σκθυσα
567 3366 808 3418 θάνατον·
861 3359 989 3417 ἀλλ’
1020 3361 1093 3423 ὡς
1144 3362 1277 3437 βοῦς
1326 3359 1412 3415 ἐπὶ
1463 3362 1667 3438 σφαγὴν
1702 3360 1966 3435 divinandi

315 3454 416 3509 καὶ
448 3453 520 3514 ὡς
549 3446 729 3526 ἕτερόν
760 3473 812 3505 τι
841 3454 949 3505 τῶν
978 3444 1218 3524 ἀλόγων.

2081 3360 2213 3425 tuit,
2251 3364 2314 3414 ut
2343 3361 2499 3415 cruci
2534 3360 2886 3433 affigeretur,
2918 3367 2974 3418 et
3004 3363 3251 3419 sindone
3298 3365 3599 3422 involutus
3631 3383 3722 3423 se-

2080 3448 2380 3521 peliretur,
2413 3465 2479 3505 ac
2526 3450 2583 3503 in
2635 3466 3015 3507 monumento
3063 3452 3443 3510 collocaretur
3500 3455 3723 3528 absque

301 3560 594 3616 corpore;
630 3544 710 3598 ita
740 3540 863 3597 ﬁeri
898 3557 1014 3595 non
1047 3540 1257 3612 potuit,
1290 3544 1354 3594 ut
1384 3539 1607 3609 absque
1657 3538 1853 3593 anima
1885 3536 2153 3593 rationali
2186 3537 2245 3592 in
2294 3554 2509 3610 angore
2547 3545 2896 3595 versaretur.
2930 3541 3075 3596 Nam
3129 3542 3326 3597 anima
3357 3543 3600 3599 rationis
3631 3560 3725 3600 ex-

304 3650 470 3707 pers,
504 3649 617 3687 non
652 3632 888 3703 angitur
920 3633 1104 3685 morte
1135 3629 1417 3700 praavisa;
1450 3628 1549 3682 sed
1582 3632 1647 3682 ut
1678 3627 1801 3696 bos,
1837 3630 1938 3681 aut
1967 3624 2124 3681 aliud
2157 3627 2403 3698 quodvis
2436 3627 2673 3682 brutum
2707 3630 2777 3683 ad
2806 3629 3215 3686 mactationem
3246 3631 3498 3686 ducitur.

384 3737 437 3791 8.
489 3732 723 3789 ’Δπολλ.
775 3731 983 3789 Οὐκοῦν
1034 3729 1133 3785 οὐκ
1180 3732 1291 3805 (76)
1342 3728 1550 3805 ἐγένετο
1598 3727 1882 3801 ἄνθρωπος
1933 3729 1961 3783 6

315 3824 450 3886 Θὶὸς
506 3827 603 3876 τοῦ
646 3819 793 3888 Υεοῧ,
829 3820 956 3876 ἀλλ’
1006 3820 1056 3874 ἐν
1106 3820 1399 3895 ἀνθρώπῳ.
1433 3816 1723 3873 Ἀδύνατον
1770 3815 1827 3872 δὲ
1872 3816 1963 3871 τὸν

306 3914 368 3969 ἐν
398 3913 667 3984 ἀνθρώπῳ
712 3910 1023 3986 γενόμενον,
1053 3912 1243 3963 τοῦτον
1296 3913 1425 3963 εἶναι
1476 3905 1781 3983 ἄνθρωπον.
1812 3908 1960 3979 Ὀρθ.

308 4000 500 4077 Λὲγεις
552 3999 823 4076 γεγονέναι
872 3998 963 4053 τὸν
1018 3996 1192 4071 Λόγον
1240 3995 1438 4072 σάρκα,
1489 3996 1524 4065 ἢ
1574 3992 1673 4065 οὔ;
1727 3994 1959 4052 Ἀπολλ.

312 4116 342 4144 α
395 4091 455 4147 ’0
506 4089 681 4164 Λόγος
732 4088 858 4161 σὰρξ
907 4086 1133 4162 ἐγένετο,
1186 4110 1214 4137 ››
1263 4085 1579 4161 γέγραπται.
1633 4086 1778 4158 Ὀρθ.
1828 4089 1961 4159 Τρα-

312 4179 439 4240 πεὶς
489 4179 564 4240 εἷς
610 4179 799 4253 σάρκα,
828 4178 864 4245 ἢ
908 4175 960 4229 ἐν
1008 4174 1163 4251 σαρκὶ
1209 4173 1540 4249 γενόμενος;
1588 4170 1821 4229 Ἀπολλ.
1874 4174 1960 4226 Ἐν

315 4269 475 4343 σαρκὶ
532 4266 844 4343 γενόμενος.
902 4266 1052 4341 Ὀρθ.
1232 4260 1489 4318 ἀδύνατον
1548 4262 1613 4329 ἦν
1667 4260 1825 4314 αὐτὸν
1871 4257 1961 4314 ἅν-

317 4368 537 4432 θρωπον
588 4354 855 4430 γενέσθαι,
890 4353 1180 4429 γενόμενον
1237 4350 1286 4405 ἐν
1340 4351 1631 4426 ἀνθρώπῳ’
1691 4349 1780 4404 καὶ
1832 4346 1963 4403 ἀδό-

315 4465 472 4499 νατον
534 4447 599 4513 ἦν
659 4442 815 4498 αὐτὸν
874 4442 1042 4515 σάρκα
1093 4438 1358 4516 γενέσθαι,
1387 4438 1676 4515 γενόμενον
1704 4436 1754 4492 ἐν
1788 4435 1962 4512 σαρκί.

320 4533 390 4589 Εἴ
418 4530 497 4601 δὲ,
530 4532 581 4586 ἐν
642 4532 796 4605 σαρκὶ
849 4529 1160 4606 γενόμενος,
1195 4526 1481 4602 ἄνθρωπος
1539 4526 1754 4602 λέγεται
1816 4546 1963 4602 γεγε-

314 4624 530 4693 νῆσθαι,
556 4620 616 4675 οὐ
645 4620 870 4697 τραπεὶς
902 4619 977 4681 εἷς
1010 4615 1665 4693 ἄνθρωπον.Ἀπολλ.Τίς
1695 4619 1759 4685 ἦν
1794 4616 1821 4670 6
1853 4617 1966 4689 (77)

316 4710 513 4786 λᾶγων·
552 4734 575 4762 ι
624 4708 719 4765 Θεὲ
753 4730 879 4781 μου,
912 4708 1006 4763 Θεέ
1042 4704 1279 4780 μου,“ίνα
1301 4705 1353 4761 τί
1404 4726 1470 4778 με
1514 4704 1898 4781 ἐγκατέλιπες;
1934 4729 1962 4755 ››

2143 3730 2196 3784 8.
2226 3730 2416 3801 Apoll.
2452 3731 2601 3802 Ergo
2635 3731 2818 3787 Filius
2871 3732 2964 3787 Dei
2998 3750 3112 3789 non
3155 3734 3342 3790 factus
3389 3738 3479 3790 est
3525 3733 3725 3803 homo,

2074 3819 2173 3874 sed
2207 3818 2265 3873 in
2289 3818 2544 3875 homine.
2579 3818 2726 3874 Fieri
2757 3836 2891 3875 vero
2924 3837 3038 3875 non
3070 3824 3285 3892 potest,
3318 3825 3382 3876 ut
3414 3821 3489 3877 sit
3520 3821 3720 3894 homo,

2073 3907 2173 3978 qui
2208 3908 2272 3961 ﬁt
2302 3908 2359 3962 in
2392 3907 2649 3963 homine.
2685 3907 2834 3964 Orth.
2866 3908 2965 3964 Ais
2987 3908 3240 3964 Verbum
3285 3910 3503 3965 factum
3539 3909 3723 3966 fuisse

2072 4012 2330 4065 carnem,
2386 3995 2627 4051 annon?
2666 3997 2840 4067 Apoll.
2890 3996 3184 4069 Scriptum
3232 4001 3367 4054 est:
3407 4020 3428 4047 α
3464 3997 3719 4054 Verbum

2073 4102 2205 4139 caro
2257 4085 2472 4139 factum
2512 4089 2600 4140 est
2628 4086 2693 4140 7’.
2728 4106 2755 4134 »
2790 4087 2951 4142 Orlh.
2995 4086 3155 4150 Quod
3207 4087 3285 4142 sit
3334 4090 3627 4142 mutatum
3660 4087 3719 4143 in

2074 4188 2329 4240 carnem,
2363 4190 2435 4227 an
2485 4173 2639 4244 quod
2674 4174 2731 4228 in
2762 4189 2935 4230 carne
2984 4174 3205 4231 fuerit?
3230 4175 3405 4247 Apoll.
3452 4175 3615 4239 Quod
3658 4176 3717 4233 in

2074 4276 2246 4316 carne
2305 4259 2496 4315 fuerit.
2549 4259 2699 4316 Orth.
2746 4261 2803 4317 Si
2865 4262 2987 4317 ﬁeri
3047 4278 3161 4319 non
3220 4264 3430 4336 potuit,
3464 4268 3530 4320 ut
3583 4281 3716 4321 cum

2076 4350 2237 4403 ﬁeret
2268 4348 2326 4402 in
2361 4348 2615 4417 homine,
2648 4349 2812 4405 ﬁeret
2841 4350 3053 4413 homo;
3089 4351 3173 4406 ita
3202 4352 3324 4408 fieri
3358 4368 3472 4408 non
3504 4352 3717 4425 potuit,

2076 4442 2139 4492 ut
2171 4453 2301 4493 cum
2335 4437 2498 4493 ﬁeret
2527 4438 2584 4492 in
2637 4455 2829 4509 carne,
2864 4440 3027 4495 fieret
3061 4456 3214 4496 caro.
3251 4441 3324 4496 At
3371 4440 3420 4496 si
3453 4457 3520 4496 eo
3560 4441 3716 4513 quod

2074 4526 2293 4581 factum
2324 4530 2413 4581 est
2440 4526 2500 4581 in
2532 4543 2724 4593 carne,
2758 4527 2972 4582 dicitur
3001 4529 3217 4583 factum
3248 4529 3447 4596 homo,
3477 4546 3592 4584 non
3625 4528 3713 4584 di-

2076 4614 2227 4669 citur
2256 4615 2314 4668 in
2347 4631 2579 4670 carnem
2611 4632 2978 4672 conversum.
3012 4616 3333 4689 Apoll.Quis
3361 4633 3497 4690 ergo
3528 4618 3711 4673 dixit:

2077 4725 2104 4753 «
2141 4704 2289 4759 Deus
2347 4720 2533 4771 meus,
2590 4704 2738 4760 Deus
2795 4720 2983 4774 meus,
3036 4709 3103 4761 ut
3159 4706 3299 4776 quid
3362 4722 3454 4761 me
3512 4706 3718 4763 dereli-

316 4800 345 4853 6
393 4799 521 4860 Θεὸς
562 4794 735 4875 Λόγος
784 4799 818 4867 ἦ
865 4797 892 4849 6
939 4793 1267 4872 ἅνθρωπος
1316 4796 1461 4870 Ὀρθ.
1509 4795 1596 4855 Ὠς
1642 4794 1741 4862 τήν
1790 4794 1964 4872 ταφὴν

2077 4792 2253 4863 quisti
2282 4793 2327 4827 ⁸ο
2354 4792 2381 4847 ?
2414 4815 2442 4842 »
2484 4792 2635 4848 Deus
2683 4793 2931 4849 Verbum
2979 4810 3052 4849 an
3097 4793 3320 4850 homo?
3351 4794 3505 4852 Orlh.
3558 4796 3723 4852 Sicut

312 4891 412 4942 τοῦ
444 4887 696 4960 σώματος
724 4886 814 4941 καὶ
841 4887 909 4940 τὰ
939 4884 1207 4958 ἐνδύματα
1239 4884 1403 4938 αὖτοῦ
1436 4886 1547 4957 (78)
1566 4882 1709 4958 λέγω
1739 4887 1834 4937 τοῦ
1867 4882 1966 4937 Λό-

317 4998 442 5051 γου,
492 4976 555 5031 οὐ
616 4976 768 5054 φύσει
828 4974 1109 5044 θεότητος,
1169 4971 1296 5029 ἀλλ’
1353 4973 1594 5033 ἒνώσεως
1654 4969 1962 5043 οἰκονομίᾳ·

323 5064 465 5119 οὕτω
495 5064 586 5119 καὶ
615 5065 710 5125 τὰς
737 5064 919 5141 ςρωνὰς
948 5063 1043 5123 τὰς
1074 5062 1315 5136 ψυχικὰς
1361 5060 1451 5115 καὶ
1478 5058 1545 5113 τὰ
1573 5058 1714 5129 πάθη
1758 5058 1822 5113 τὰ
1866 5061 1968 5131 ψυ-

319 5153 454 5230 χικᾶ
485 5153 745 5228 ἀγωνιᾷν,
764 5152 854 5206 καὶ
886 5151 985 5206 ὅσα
1008 5154 1231 5205 τοιαῦτα
1261 5151 1375 5224 (79)
1407 5146 1616 5223 λέγεται
1647 5148 1769 5223 περὶ
1801 5146 1969 5201 αὐτοῦ

384 5358 430 5393 ⁷⁸
465 5357 665 5415 Matth.
697 5373 851 5428 xxvr,
884 5357 970 5415 37.

384 5538 497 5634 (ίὸ)
531 5559 646 5617 Οὐκ
690 5563 855 5634 abest
904 5576 938 5615 a
996 5558 1195 5634 Palat.
1246 5557 1421 5634 Paulo
1479 5560 1612 5630 post
1670 5572 1966 5613 manusor.

324 5628 553 5699 omnes,
584 5634 674 5686 τὸν
699 5630 1011 5706 γενόμενον.
1047 5628 1338 5706 Editi,_jco'.

389 5705 503 5780 (77)
536 5695 619 5762 Ita
652 5695 795 5762 mss.
830 5695 979 5761 Editi
1011 5718 1168 5775 vero,
1200 5695 1294 5762 Τίς
1328 5695 1418 5753 οὖν
1451 5699 1499 5753 ὁ.

2077 4882 2336 4954 corporis
2368 4880 2725 4953 sepulturam
2758 4898 2825 4937 ac
2878 4881 3224 4938 indumenta
3252 4884 3380 4940 dico
3425 4884 3604 4939 fuisse
3635 4885 3723 4956 ip-

2077 4971 2202 5026 sius
2238 4970 2421 5038 Verbi,
2459 4987 2570 5025 non
2604 4969 2730 5041 ipsa
2777 4970 3013 5026 deitatis
3045 4976 3272 5041 natura,
3302 4973 3403 5028 sed
3437 4973 3724 5030 unitionis

2079 5058 2435 5125 mconomia;
2474 5058 2552 5112 ita
2603 5057 2777 5112 etiam
2809 5074 2978 5114 voces
3030 5060 3241 5116 animos
3288 5061 3721 5131 convenientes,

2078 5152 2134 5202 et
2166 5146 2374 5202 animis
2423 5145 2728 5217 passiones
2776 5163 2992 5218 angore
3045 5147 3217 5215 afﬁci,
3252 5156 3309 5205 et
3351 5165 3718 5222 quaecunque

1049 5356 1094 5391 7’
1122 5354 1289 5413 Joan.
1323 5371 1364 5421 ι,
1396 5354 1483 5409 14.
1557 5353 1603 5391 ⁸ο
1631 5352 1839 5410 Matth.
1871 5367 2053 5421 xxvn,
2082 5350 2171 5406 46.

2150 5554 2265 5623 (78)
2292 5551 2469 5611 Αὐτοῦ
2496 5552 2661 5609 abest
2690 5571 2724 5609 a
2753 5552 2937 5611 Palat.

2152 5555 2242 5623 (78
2292 5555 2469 5611 Αὐτοῦ
2496 5555 2661 5609 abest
2690 5571 2724 5609 a
2753 5555 2937 5611 Palat.

2152 5555 2265 5699 (79g
2292 5628 2519 5679 Τοιαῦτα
2548 5626 2712 5683 deest
2744 5625 2797 5679 in
2834 5641 2977 5684 mss.
