4086 6214
402 407 556 469 1263

1557 400 1622 460 S.
1668 394 2184 458 ATHANASIUS.
2218 427 2293 439 ---
2330 394 2633 454 SPUlllA.

3639 394 3797 455 1264

399 539 740 611 bujusmodi
790 539 851 593 in
904 535 1232 608 Evangeliis
1277 535 1348 589 de
1397 549 1462 589 eo
1512 533 1813 596 dicuntur,
1846 529 2039 582 tribuo

2155 524 2205 577 ἐν
2239 522 2614 598 Εὐαγγελίοις,
2646 528 2743 577 τοῦ
2774 530 2906 579 Θεοῦ
2938 526 3114 600 Λόγου
3165 524 3331 600 λέγω,
3366 524 3427 580 οὐ
3479 525 3632 602 φύσει
3683 528 3803 590 Θεό⁹

399 630 513 686 Deo
571 628 783 693 Verbo,
815 643 930 681 non
990 631 1203 680 natura
1258 621 1513 687 deitatis,
1560 621 1661 675 sed
1721 616 2041 673 oeconomia

401 718 703 773 unitionis.
739 718 901 771 Sicut
949 730 1085 785 ergo
1122 713 1420 785 proprium
1474 709 1585 765 sibi
1637 723 1848 778 corpus
1894 704 2039 759 illud

396 807 677 872 vindicat,
729 821 861 859 cum
913 803 1124 873 inquit,
1168 823 1196 849 ‹‹
1240 800 1368 854 Nisi
1417 796 1785 854 comederitis
1831 807 2043 863 corpus

404 911 598 950 meum
631 894 694 963 ⁸³,
722 915 748 942 ››
780 894 863 947 ita
894 906 1125 963 quoque
1157 887 1452 960 propriam
1486 886 1745 940 animam
1778 882 1888 937 sibi
1922 882 2044 934 vin-

403 984 728 1049 dicat,cum
764 981 951 1050 inquit
983 996 995 1033 :
1038 999 1064 1030 α
1099 978 1371 1031 Animam
1404 990 1592 1029 meam
1628 988 1798 1027 nemo
1828 970 1981 1025 tollit
2011 986 2045 1025 a

405 1088 498 1127 me
527 1072 593 1124 ⁸².
630 1092 657 1120 ››
691 1068 894 1123 Itidem
944 1067 1119 1121 etiam
1169 1065 1479 1134 utriusque
1525 1062 1701 1117 simul
1750 1058 2046 1130 conjuncti

401 1159 707 1232 passiones
756 1156 868 1211 sibi
901 1154 1166 1226 proprias
1218 1151 1412 1208 efﬁcit.
1446 1151 1608 1206 Sicut
1646 1150 1804 1205 enim
1836 1147 2041 1218 ipsius,

400 1247 574 1304 Verbi
605 1250 695 1301 est
738 1261 949 1316 corpus
997 1241 1371 1309 oeconomice,
1406 1241 1487 1295 ita
1535 1238 1797 1310 corporis
1843 1234 2043 1308 sepul-

399 1342 555 1403 tura,
585 1338 673 1390 est
698 1333 887 1405 ipsius
942 1332 1107 1388 Verbi
1156 1330 1481 1403 sepultura.
1513 1328 1581 1383 Et
1627 1331 1691 1382 ut
1737 1325 1926 1397 ipsius
1956 1327 2047 1379 est

397 1427 596 1482 anima
644 1423 1019 1487 oeconomica,
1052 1422 1135 1476 ita
1179 1426 1236 1477 et
1274 1436 1383 1477 vox
1438 1420 1626 1492 ipsius
1672 1434 1782 1473 vox
1833 1416 2044 1472 animae

394 1520 529 1570 est:
582 1518 648 1567 ut
704 1516 760 1567 et
802 1511 990 1583 ipsius
1044 1510 1305 1582 corporis
1356 1507 1678 1579 sepultura,
1732 1506 1808 1561 sit
1854 1504 2043 1577 ipsius

2149 632 2333 683 τητος,
2370 610 2496 666 ἀλλ’
2528 612 2769 674 ὲνώσεως
2801 613 3109 686 οἷκονομίᾳ.
3140 617 3343 689 ’Ὠσπερ
3388 612 3477 668 οὖν
3526 616 3590 669 τὸ
3640 621 3803 688 σῶμα

2153 699 2520 771 ίδιοποιεῖται,
2554 700 2751 775 λέγων,
2774 726 2802 753 ‹‹
2836 703 2956 757 Ἐὰν
2992 704 3067 775 μή
3101 704 3309 778 φάγητὲ
3344 724 3450 776 μου
3477 705 3541 758 τὸ
3572 708 3754 776 σῶμα,
3774 729 3802 755 »ι

2152 789 2294 845 οὕτω
2337 790 2425 844 καὶ
2476 792 2659 865 ψυχὴν
2712 787 3079 863 ἷδιοποιεῖται,
3131 789 3327 866 λέγων·
3385 818 3411 842 ‹‹
3462 795 3570 860 Τὴν
3616 796 3805 868 ψυχήν

2156 900 2259 951 μου
2302 876 2477 939 οὐδεὶς
2525 878 2662 950 αἴρει
2720 880 2808 932 ἀπ’
2838 878 2994 952 ἐμοῦ.
3032 904 3059 929 ››
3090 880 3250 937 Οὕτω
3274 881 3363 935 καὶ
3393 882 3460 935 rei
3507 882 3656 951 πάθη
3704 886 3804 935 τοῦ

2152 966 2559 1043 συναμφοτέρου
2589 966 2903 1023 οἰκειοῦται.
2937 969 3022 1029 Ὠς
3050 969 3152 1043 γὰρ
3183 968 3350 1023 αὐτοῦ
3378 973 3539 1041 σῶμα
3585 968 3801 1024 οἰκονο-

2155 1060 2350 1128 μικῶς,
2382 1054 2554 1116 οὕτως
2601 1056 2765 1110 αὐτοῦ
2809 1058 2953 1131 ταφή
2984 1059 3019 1126 ἡ
3050 1058 3194 1135 ταφὴ
3230 1062 3327 1112 τοῦ
3375 1058 3653 1143 σώματος.
3694 1059 3803 1114 Καὶ

2152 1144 2226 1205 ὡς
2255 1143 2419 1198 αὐτοῦ
2467 1145 2619 1220 ψυχὴ
2678 1144 3067 1217 οἰκονομικῶς,
3100 1145 3273 1207 οὕτως
3303 1145 3467 1202 αὐτοῦ
3499 1149 3654 1224 φωνή

2151 1236 2186 1303 ἡ
2220 1234 2369 1310 φωνὴ
2420 1239 2519 1302 τῆς
2570 1236 2775 1308 ψυχῆς·
2805 1232 2898 1288 ’ίνα
2990 1235 3082 1289 καὶ
3132 1237 3167 1304 ἡ
3206 1236 3350 1311 ταφὴ
3399 1240 3494 1291 τοῦ
3544 1238 3805 1309 σώματος

2152 1320 2315 1376 αὐτοῦ
2362 1326 2461 1376 τοῦ
2508 1322 2689 1396 Λόγου
2730 1322 3117 1397 οἰκονομικῶς,
3148 1324 3237 1379 καὶ
3270 1327 3305 1394 ἡ
3355 1328 3507 1403 φωνή
3558 1328 3662 1394 τῆς
3703 1328 3803 1399 quu-

2152 1418 2264 1486 χῆς
2294 1410 2458 1465 αὐτοῦ
2485 1415 2583 1465 τοῦ
2613 1411 2799 1487 Λόγου
2847 1414 3002 1490 φωνή
3054 1412 3439 1487 οἰκονομικῶς.
3468 1414 3647 1476 Αὐτὸς
3696 1414 3803 1490 γὰρ

2152 1503 2215 1569 ἦν
2250 1502 2277 1555 ὁ
2310 1498 2486 1575 Λόγος
2518 1505 2710 1578 φωνῶν
2740 1500 2808 1555 τά
2832 1508 2932 1571 τῆς
2963 1505 3148 1577 ψυχῆς
3180 1500 3309 1561 ἴδια.

396 1602 567 1658 Verbi
600 1600 907 1673 sepultura
957 1598 1330 1665 oeconomice,
1365 1602 1422 1653 et
1450 1614 1558 1652 vox
1607 1596 1816 1652 anima:
1866 1595 2015 1665 ejus,
2046 1592 2220 1647 Verbi
2249 1608 2354 1647 vox
2384 1591 2462 1647 sit
2512 1592 2885 1649 oeconomica.
2920 1592 3171 1649 Verbum
3218 1594 3375 1651 enim
3425 1594 3625 1668 ipsum
3656 1600 3806 1668 erat,

398 1692 551 1764 quod
582 1690 954 1761 loquebatur,
987 1705 1113 1759 qua
1146 1688 1354 1742 animae
1385 1685 1618 1757 proprie
1650 1683 2026 1740 conveniunt.

466 1780 520 1833 9.
553 1779 726 1850 Apoll.
759 1777 874 1832 Nos
923 1777 1174 1832 dicimus
1221 1774 1320 1829 Dei
1368 1773 1625 1829 Verbum
1674 1789 1880 1827 amans
1933 1772 2039 1825 ho-

2216 1769 2275 1823 9.
2309 1765 2542 1825 Ἀπολλ.
2572 1769 2765 1840 Ἡμεῖς
2797 1766 3055 1843 λὲγομεν,
3087 1766 3169 1823 ὅτι
3202 1769 3231 1823 ὁ
3264 1768 3657 1847 φιλάνθρωπος
3708 1776 3812 1827 τοῦ

400 1870 578 1926 minis
608 1869 912 1938 dignatum
943 1881 1071 1921 esse
1103 1864 1396 1920 hominem
1432 1862 1580 1929 ﬁeri,
1608 1865 1845 1933 accepta
1875 1875 2048 1915 carne

399 1976 467 2014 ex
497 1960 698 2013 sancta
745 1955 967 2026 virgine
998 1953 1197 2018 Maria,
1233 1956 1292 2007 et
1334 1951 1517 2007 fuisse
1547 1950 1730 2006 Deum
1778 1951 2047 2004 incarna-

398 2053 547 2112 tum,
598 2061 664 2100 eo
717 2044 869 2115 quod
923 2043 1223 2098 inventum
1276 2041 1353 2096 sit
1404 2044 1469 2095 ut
1517 2039 1711 2094 homo.
1766 2038 1920 2094 Orth.
1967 2038 2049 2093 Ne

398 2136 575 2192 dicito
612 2135 709 2189 Dei
738 2132 997 2187 Verbum
1055 2147 1261 2185 amans
1291 2128 1568 2194 hominis,
1603 2128 1702 2183 sed
1735 2127 1826 2182 dic
1855 2126 2048 2199 potius

395 2242 604 2281 amans
658 2221 873 2278 carnis.
914 2221 1057 2275 Nam
1112 2220 1160 2275 si
1192 2235 1307 2274 non
1339 2218 1645 2289 dignatum
1695 2221 1784 2272 est
1825 2215 2051 2288 homini

397 2313 577 2383 uniri,
610 2310 904 2383 quomodo
938 2308 1193 2364 hominis
1224 2312 1314 2362 est
1338 2322 1545 2361 amans
1568 2305 1596 2361 ?
1620 2303 1803 2377 Apoll.
1840 2310 2052 2360 Amore

396 2400 657 2457 hominis
689 2399 917 2453 unitum
951 2401 1043 2451 est
1073 2396 1345 2451 humanae
1395 2394 1578 2463 carni,
1613 2398 1680 2447 ut
1710 2392 1863 2448 idem
1896 2397 2051 2449 esset

400 2491 555 2546 Deus
586 2492 642 2544 et
671 2488 866 2542 homo.
889 2485 1046 2543 Orth.
1080 2484 1205 2540 Non
1233 2487 1322 2539 est
1352 2488 1503 2538 Deus
1533 2485 1590 2537 et
1619 2481 1826 2537 homo:
1861 2498 2049 2553 neque

401 2595 535 2634 caro
566 2581 656 2633 est
686 2575 965 2640 humana,
992 2590 1120 2645 quze
1154 2589 1267 2627 non
1300 2571 1378 2626 sit
1406 2571 1605 2626 anima
1635 2570 1881 2625 rationis
1911 2587 2047 2641 par-

406 2668 580 2738 ticipe
632 2663 893 2737 praedita.
928 2661 1225 2728 Quomodo
1277 2660 1434 2715 enim
1495 2676 1627 2714 caro
1678 2659 1865 2729 possit
1920 2675 2049 2715 esse

408 2758 689 2826 humana,
723 2769 899 2825 quam
954 2751 1151 2806 anima
1179 2750 1421 2806 rationis
1452 2747 1741 2821 particeps
1776 2764 1887 2803 non
1923 2749 2045 2803 ani-

410 2842 697 2901 maverit?
728 2842 875 2897 Nam
904 2856 1037 2896 caro
1086 2842 1176 2895 est
1204 2855 1356 2906 caro,
1390 2842 1445 2893 et
1474 2836 1672 2892 anima
1701 2841 1789 2892 est
1828 2837 2045 2893 anima.

408 2935 575 2989 Tunc
602 2947 737 2988 vero
786 2929 999 2985 dicitur
1044 2929 1199 2984 464
1231 2928 1422 2996 homo,
1456 2943 1587 2981 cum
1641 2926 1839 2981 anima
1870 2927 2047 2982 ratio-

409 3023 559 3078 nalis
590 3022 1016 3091 incorporatur,
1050 3024 1105 3073 et
1150 3033 1361 3089 corpus
1391 3015 1704 3071 animatur.
1739 3015 1819 3070 Ea
1871 3016 2052 3087 igitur

406 3126 539 3164 caro
571 3125 685 3162 non
716 3111 804 3161 est
840 3106 1122 3174 humana,
1160 3121 1286 3176 quae
1316 3103 1606 3176 particeps
1651 3120 1765 3158 non
1796 3108 1886 3158 est
1917 3104 2045 3159 ani-

405 3214 511 3252 mae
564 3194 889 3251 rationalis.
920 3193 1101 3265 Apoll.
1153 3195 1297 3248 Cum
1322 3197 1616 3248 terrenum
1649 3192 1885 3264 aliquod
1920 3209 2045 3248 cor-

402 3301 514 3357 pus
564 3283 775 3355 accipit
804 3283 1060 3337 animam
1096 3281 1636 3349 rationalem,homo
1658 3281 1876 3337 dicitur
1905 3297 1917 3335 :
1952 3282 2045 3337 sin

399 3389 533 3427 vero
565 3376 831 3427 assumat
861 3371 1119 3425 animam
1151 3370 1396 3424 rationis
1442 3374 1757 3441 expertem,
1792 3370 1856 3425 ﬁt
1883 3369 2041 3426 aliud

399 3460 643 3527 animal,
678 3476 853 3533 quam
904 3460 1096 3514 homo.
1135 3458 1417 3513 Caeterum
1467 3458 1751 3514 Dominus
1805 3476 2043 3531 corpore

396 3551 508 3606 sibi
541 3566 608 3605 ex
640 3550 750 3604 hac
781 3548 1024 3603 materia
1053 3546 1541 3617 efficto,illudque
1571 3564 1678 3601 sua
1708 3547 2043 3604 substantia

392 3639 691 3693 viviﬁcans
744 3636 917 3708 (quod
971 3635 1207 3706 quidem
1265 3652 1374 3690 sua
1426 3641 1636 3691 natura
1681 3653 1813 3691 cum
1866 3637 2041 3693 habet

390 3728 673 3794 animam,
705 3740 1021 3781 commune
1070 3724 1319 3793 complet
1367 3724 1630 3795 animal),
1682 3731 1851 3796 atque
1902 3726 2038 3783 huic

387 3834 528 3874 suas
558 3815 825 3888 proprias
858 3813 1068 3885 agendi
1096 3812 1401 3868 facultates
1432 3813 1782 3884 impcrtitus,
1812 3814 1946 3870 fecit
1974 3832 2009 3871 u

386 3912 541 3961 Deus
572 3909 729 3961 esset
759 3901 1164 3969 animal,Deus
1194 3903 1430 3973 quidem
1465 3903 1671 3969 forma,
1698 3903 1870 3958 homo
1903 3919 2034 3960 vero

384 3994 649 4050 materia.
684 3993 833 4049 Orlh.
887 3992 1070 4061 Istud,
1128 3991 1335 4058 forma,
1386 4006 1498 4044 non
1548 3990 1809 4063 intelligo
1843 4009 1856 4047 :
1890 4009 2031 4048 num

380 4084 468 4138 vis
496 4083 707 4149 dicere,
739 4081 951 4136 deitate
972 4080 999 4135 ’ἰ
1030 4080 1208 4151 Apoll.
1258 4079 1480 4149 Corpus
1510 4079 1888 4134 informatum
1940 4082 2030 4136 in-

379 4171 598 4243 telligo,
632 4170 846 4225 divinis
867 4168 1075 4240 agendi
1105 4168 1483 4223 facultatibus
1506 4185 1839 4225 coruscans.
1874 4172 2024 4226 Orlh.

2155 1852 2290 1909 Θεοῦ
2346 1856 2523 1930 Λόγος
2599 1854 2884 1931 ἄνθρωπος
2938 1857 3182 1932 γενέσθαι
3261 1859 3581 1930 κατηξίωσε,
3638 1860 3813 1937 σάρκα

2157 1940 2341 1998 λαϐὼν
2392 1942 2451 1997 ἐκ
2499 1946 2597 2013 τῆς
2647 1944 2795 2020 ἁγίας
2850 1945 3120 2020 Παρθένου
3160 1945 3390 2022 Μαρίας·
3423 1947 3512 2002 καὶ
3562 1949 3630 2017 ἧν
3681 1950 3814 2011 Θεὸς

2157 2033 2473 2107 σαρκωθεὶς,
2519 2033 2593 2094 ὡς
2654 2030 2930 2109 ἄνθρωκος
2990 2035 3247 2110 εὑρεθείς.
3299 2036 3447 2112 Ὀρθ.
3502 2038 3593 2106 Μὴ
3657 2037 3812 2113 λέγε,

2157 2122 2186 2176 ὁ
2216 2119 2603 2198 φιλάνθρωπος
2632 2126 2729 2177 τοῦ
2759 2126 2892 2177 Θεοῦ
2923 2122 3117 2199 Λόγος,
3152 2123 3298 2180 ἀλλὰ
3349 2124 3565 2198 μᾶλλον
3608 2126 3748 2195 siut,
3783 2128 3812 2182 ὁ

2158 2208 2509 2287 φιλόσαρκος·
2574 2211 2619 2265 εἰ
2689 2211 2793 2286 γὰρ
2860 2210 2923 2265 οὗ
2991 2212 3324 2283 κατηξίωσεν
3392 2214 3660 2284 ἑνωθῆναι
3716 2215 3810 2270 ἀν-

2159 2299 2385 2374 θρώπῳ,
2417 2303 2534 2362 πῶς
2579 2299 2997 2377 φιλάνθρωπος;
3043 2299 3282 2360 Ἀπολλ.
3326 2301 3512 2358 Φιλῶν
3565 2306 3659 2359 τὸν
3712 2304 3810 2359 ἄν-

2156 2390 2373 2464 θρωπον
2429 2392 2497 2463 τῇ
2547 2388 2858 2463 ἀνθρωπίνῃ
2906 2391 3063 2466 σαρκὶ
3109 2390 3313 2460 ἤνωτο,
3342 2390 3433 2447 ’ίνα
3478 2392 3517 2467 ᾖ
3566 2394 3595 2447 ὁ
3648 2393 3811 2456 αὐτὸς

2157 2478 2281 2539 Θεὸς
2310 2479 2398 2532 καὶ
2430 2475 2734 2554 ἅνθρωπος.
2772 2480 2921 2554 Ὀρθ.
2955 2479 3065 2534 Οὐκ
3110 2476 3221 2535 ἔστι
3274 2484 3402 2544 Θεὸς
3451 2482 3542 2537 καὶ
3593 2480 3810 2556 ἅνθρωο

2156 2587 2279 2629 πος·
2316 2564 2441 2621 οὐδὲ
2485 2567 2797 2642 ἀνθρωπίνη
2848 2568 2973 2642 σάρξ
3006 2571 3121 2643 (81)
3152 2569 3291 2624 ἐστιν
3324 2573 3358 2640 ἡ
3395 2573 3470 2644 μὴ
3524 2570 3659 2627 οὖσα
3706 2569 3811 2646 ἔμ-

2157 2659 2334 2731 ψυχος
2364 2653 2583 2731 λογική.
2611 2662 2732 2718 Πῶς
2764 2657 2867 2732 γὰρ
2888 2660 2922 2727 ἡ
2961 2660 3035 2730 μή
3069 2662 3390 2735 ψυχωθεῖσα
3418 2663 3575 2737 ψυχῇ
3604 2660 3808 2737 λογικῇ

2158 2745 2285 2815 σὰρξ
2350 2744 2665 2821 ἀνθρωπίνη
2732 2742 2949 2800 δύναται
3019 2748 3187 2817 alvei;
3234 2749 3297 2804 Ἡ
3347 2750 3450 2825 γὰρ
3497 2751 3626 2825 σὰρξ
3681 2752 3810 2825 σάρξ

2159 2832 2290 2905 ἐστι,
2322 2834 2411 2888 καὶ
2442 2837 2476 2904 ἠ
2509 2836 2661 2910 ψυχὴ
2694 2837 2846 2910 ψυχή
2878 2833 3041 2892 ἐστιν.
3074 2835 3204 2891 Τότε
3234 2834 3291 2891 δὲ
3330 2834 3618 2913 ἄνθρωπος
3659 2839 3813 2914 λὲγε-

2156 2944 2265 2996 ται,
2297 2923 2386 2978 ὅτε
2415 2927 2448 2993 ἡ
2487 2921 2686 2999 λογικὴ
2717 2926 2869 2999 ψυχὴ
2902 2930 3269 2998 σωματοῦται,
3301 2926 3391 2981 καὶ
3421 2926 3484 2982 τὰ
3516 2932 3677 3001 σῶμα
3708 2932 3809 3003 ψυ-

2158 3017 2374 3088 χοῦται.
2407 3011 2517 3066 Οὐκ
2547 3014 2646 3089 ἄρα
2677 3012 2987 3088 ἀνθρωπίνη
3032 3014 3159 3089 σὰρξ
3212 3017 3246 3083 ἡ
3303 3016 3379 3088 μὴ
3430 3019 3811 3088 κοινωνήσασα

2158 3105 2311 3177 ψυχῇ
2362 3101 2583 3176 λογικῇ.
2625 3100 2879 3159 Ἀπολλ⁹.
2929 3107 3044 3157 Τῶν
3092 3101 3299 3178 γηίνων
3360 3104 3631 3170 σωμάτων
3682 3106 3807 3162 ὅταν

2153 3213 2205 3246 τι
2237 3185 2521 3264 προσλάϐῃ
2563 3192 2746 3265 ψυχήν
2799 3188 3051 3266 λογικὴν,
3103 3190 3385 3264 ἄνθρωπος
3442 3193 3682 3269 λέγεταιο
3718 3194 3805 3250 ἐὰν

2157 3277 2214 3335 δὲ
2268 3278 2466 3357 ἄλογον
2512 3280 2695 3355 ψυχὴν
2745 3274 3050 3354 προσλάϐῃ,
3084 3284 3220 3349 ζῶον
3269 3278 3453 3355 ἕτερον
3506 3285 3657 3359 παρὰ
3712 3286 3806 3338 τὸν

2154 3370 2436 3445 ἄνθρωπον
2489 3367 2751 3444 γίγνεται.
2786 3369 2879 3425 Ἐκ
2937 3366 2994 3423 δὲ
3047 3369 3249 3439 ταύτης
3293 3377 3394 3440 τῆς
3445 3369 3585 3441 ὕλης
3626 3373 3655 3425 ὁ
3704 3373 3807 3427 Κό-

2153 3478 2267 3534 ριος
2299 3458 2474 3529 ἑαυτῷ
2505 3455 2942 3529 διαπλασάμενος
2974 3462 3153 3531 σῶμα,
3174 3459 3263 3513 καὶ
3282 3463 3443 3513 τοῦτο
3477 3460 3702 3529 ζωώσας
3733 3464 3801 3535 τῇ

2153 3546 2261 3619 ἰδίᾳ
2291 3547 2442 3618 οὐσίᾳ
2465 3546 2620 3621 (ὅπερ
2651 3546 2854 3623 πέφυκε
2886 3547 3202 3622 μὶν,ψυχήν
3235 3544 3579 3623 ἔλονριοινὸν
3607 3549 3799 3605 ἀποτεο

2150 3634 2262 3690 λεῖν
2300 3638 2484 3708 ζῶον),
2513 3636 2692 3708 τούτῳ
2724 3632 2781 3689 δὲ
2803 3635 3015 3696 καὶτὰς
3066 3632 3203 3698 ἰδίας
3254 3635 3517 3713 ἐνεργείας
3569 3636 3795 3709 μεταδε-

2149 3722 2362 3796 δωκὼς,
2407 3725 2579 3780 ἐποίει
2633 3730 2769 3793 ζῶον
2816 3724 2967 3779 Θεὸψ
3009 3725 3137 3779 Θεὸν
3200 3725 3318 3796 μὶν,
3351 3726 3487 3780 κατά
3536 3728 3600 3780 τὸ
3631 3725 3791 3788 εἶδος

2147 3813 2430 3889 ἄνθρωπον
2477 3811 2536 3868 δὶ
2570 3813 2707 3867 κατά
2744 3813 2843 3881 τὴν
2892 3811 3052 3883 ὕλην.
3087 3815 3234 3890 Ὀρθ.
3266 3814 3337 3868 Τὸ
3364 3815 3499 3869 κατά
3540 3816 3605 3870 τὸ
3652 3814 3793 3877 εἶδος

2145 3904 2206 3958 οὐ
2254 3908 2381 3958 νοῶ·
2415 3902 2590 3967 θέλεις
2640 3902 2827 3973 εἰπεῖν,
2860 3903 2994 3955 κατᾶ
3041 3903 3309 3972 θεότητα;
3344 3902 3578 3959 ’Δπολλ.
3619 3910 3793 3977 Σῶμα

2147 3990 2601 4069 μεμορφωμένον,
2652 3996 2768 4052 ταῖς
2836 3996 3039 4054 θεῖκαῖς
3099 3990 3594 4065 καταλαμπόμενον
3647 3993 3788 4069 ἆνερ-

2139 4082 2329 4156 γείαις.
2363 4082 2504 4156 Ὀρο.
2538 4081 2640 4141 Τὰς
2698 4079 2879 4141 Οεϊκάς
2925 4077 3015 4134 οὖν
3058 4079 3319 4157 ἐνεργείας
3369 4078 3511 4142 εἶδος
3571 4080 3785 4157 λέγειςς

2141 4169 2369 4225 Ἀπολλ.
2406 4169 2525 4225 Ναί.
2579 4170 2730 4241 Ὀρθ.
2781 4168 2869 4236 Εἰ,
2901 4168 3024 4222 ὅταν
3073 4189 3124 4223 τί
3171 4173 3278 4223 τῶν
3331 4167 3537 4243 γηΐνων
3598 4172 3785 4241 σωμά-

382 4260 651 4316 Formam
712 4257 895 4329 igitur
937 4256 1083 4311 dicis
1133 4258 1364 4312 divinas
1417 4258 1625 4329 agendi
1678 4258 2029 4316 facultates?

2152 4279 2241 4313 των
2275 4253 2561 4333 προσλάϐῃ
2594 4258 2777 4333 ψυχὴν
2811 4255 3064 4330 λογικήν,
3098 4255 3382 4332 ἅνθρωπος
3413 4256 3641 4333 γίνεται,
3664 4259 3785 4314 τότε

375 4347 560 4420 Apoll.
595 4346 798 4401 Etiam.
836 4346 990 4400 Orta.
1024 4343 1083 4399 Si
1131 4349 1426 4399 terrenum
1462 4362 1674 4417 corpus
1705 4347 2023 4419 quodpiam

375 4442 516 4494 tunc
546 4437 612 4491 fit
640 4435 837 4501 homo,
868 4449 1001 4488 cum
1032 4434 1291 4489 animam
1322 4433 1665 4489 rationalem
1700 4435 1931 4506 accipit,
1965 4441 2023 4492 et

2134 4346 2225 4401 καὶ
2279 4347 2614 4422 ἀνθρώπινον
2669 4350 2827 4417 σῶμα
2873 4345 3055 4400 ἀκούει
3106 4344 3197 4400 καὶ
3244 4345 3470 4421 γίνεται*
3508 4349 3586 4418 μὴ
3616 4368 3783 4423 προσ-

2134 4430 2301 4490 λαϐὸν
2351 4436 2534 4511 ψυχὴν
2587 4434 2838 4509 λογικήν,
2870 4431 2996 4490 οὐδὲ
3047 4434 3385 4510 ἀνθρώπινόν
3438 4434 3554 4491 ἐστι
3602 4438 3780 4509 σῶμα.

372 4542 585 4597 corpus
616 4524 938 4580 humanum
972 4527 1212 4577 vocatur
1227 4528 1281 4577 et
1303 4528 1393 4577 est
1420 4540 1432 4576 :
1459 4540 1529 4577 ne
1552 4522 1877 4578 humanum
1897 4526 2021 4596 qui-

2152 4528 2196 4579 ‘o
2236 4523 2292 4579 δὲ
2327 4506 2402 4598 μὴ
2432 4506 2491 4579 ϐν
2525 4506 2859 4599 ἀνθρώπινον
2892 4528 3073 4597 σῶμα,
3106 4506 3224 4586 πῶς
3258 4523 3544 4598 ἄνθρωπον
3600 4506 3781 4602 λέγεις

370 4614 501 4669 dem
535 4629 747 4684 corpus
777 4611 1045 4682 est,quod
1089 4612 1342 4665 animam
1378 4609 1721 4666 rationalem
1772 4628 1885 4667 non
1919 4629 2011 4668 ac-

2152 4615 2256 4668 ,ατὰ
2282 4615 2381 4681 τὴν
2415 4612 2576 4684 ὕλην,
2607 4620 2706 4683 τῆς
2740 4612 2879 4682 ὕλης
2907 4613 3031 4667 τότε
3069 4613 3416 4689 ἀνθρωπίνης
3468 4611 3660 4686 οὔσης,
3694 4614 3784 4670 ὅτε

367 4703 841 4776 cipit.0uomodo
872 4702 1055 4773 igitur
1083 4717 1316 4770 corpus,
1350 4701 1502 4771 quod
1538 4701 1863 4757 humanum
1895 4719 2010 4758 non

2152 4709 2305 4778 νυχῆς
2340 4700 2572 4775 λογικῆς
2615 4696 3069 4777 προσλαμϐάνει;
3107 4702 3249 4777 Ἐγὼ
3298 4699 3354 4757 δὲ
3403 4702 3492 4757 καί
3536 4702 3778 4778 ἆνὲγνων

365 4793 774 4864 est,hominem
809 4790 1132 4845 secundum
1167 4794 1471 4844 materiam
1505 4805 1841 4855 vocas,cum
1870 4795 2010 4848 tunc

2153 4794 2214 4845 οὖ
2264 4789 2592 4846 διδασκάλου
2645 4790 2795 4863 ὑμῶν
2830 4790 3253 4867 Ἀπολλιναρίου
3294 4789 3628 4865 ὁμολογίαν,
3662 4792 3714 4847 ἐν

362 4884 599 4938 demum
652 4882 768 4935 haec
815 4880 1063 4934 materia
1115 4879 1192 4933 sit
1236 4877 1515 4947 humana,
1566 4894 1699 4934 cum
1748 4880 2007 4937 animam

2156 4879 2411 4952 μοούσιον
2446 4879 2589 4955 Λὲγει
2620 4880 2680 4933 νὸ
2710 4884 2867 4951 σῶμα
2896 4883 2992 4933 τοῦ
3026 4879 3223 4954 Κυρίου
3254 4882 3415 4952 ἡμῶν
3454 4878 3528 4953 τῇ
3570 4882 3772 4955 Μαρίᾳ.

359 4970 603 5026 rationis
633 4967 973 5041 participem
1006 4964 1263 5038 accipit?
1297 4966 1428 5038 Legi
1465 4972 1662 5023 autem
1695 4983 1800 5038 ego
1830 4970 2006 5023 vestri

2152 4968 2295 5042 Ιαρία
2356 4965 2412 5022 δὲ
2468 4972 2627 5041 ἡμῖν.
2660 4969 2823 5040 Ἡμῖν
2883 4966 2986 5041 ἄρα
3044 4967 3339 5041 ὁμοούσιον
3393 4968 3457 5023 τὸ
3505 4970 3774 5042 κυριακὸν

359 5075 593 5132 quoque
625 5057 891 5130 magistri
919 5055 1273 5128 Apollinaris
1314 5056 1764 5124 confessionem,
1797 5057 1855 5111 in
1891 5075 2008 5129 qua

2152 5062 2296 5130 ῶμα,
2330 5054 2517 5126 ἐπειδὴ
2550 5057 2639 5111 καὶ
2670 5056 3030 5133 ἀνθρώπινον.

356 5165 568 5221 corpus
595 5145 821 5203 Domini
858 5144 1043 5201 nostri
1073 5144 1215 5199 dicit
1245 5144 1742 5201 consubstantiale
1774 5146 1988 5202 Mariae.
2024 5152 2095 5203 At
2126 5147 2309 5202 Maria
2338 5148 2509 5203 nobis
2540 5147 3083 5204 consubstantialis.
3104 5148 3284 5205 Nobis
3311 5147 3609 5220 estigitur
3635 5166 3772 5206 con-

354 5237 745 5297 substantiale
773 5252 985 5308 corpus
1018 5233 1272 5298 Domini,
1306 5234 1580 5305 quoniam
1613 5240 1669 5290 et
1698 5236 1892 5307 ipsum
1929 5237 2251 5291 humanum
2284 5241 2393 5292 est.

424 5329 510 5383 10.
536 5325 723 5399 Apoll.
749 5323 1049 5390 Quomodo
1072 5338 1284 5393 corpus
1307 5321 1539 5376 Domini
1563 5322 1869 5389 dicis,cum
1893 5324 2000 5380 ho-

2183 5325 2272 5380 40.
2308 5321 2542 5380 ’Δπολλ.
2576 5327 2699 5379 Πῶς
2735 5322 2912 5400 λέγεις
2943 5323 3207 5399 Κυριακὸν
3256 5325 3433 5395 σῶμα,
3461 5321 3633 5379 ὁπότε
3679 5324 3766 5378 ἆν-

349 5415 528 5473 minis
576 5430 788 5487 corpus
838 5427 966 5470 esse
1013 5410 1272 5482 probes?
1304 5409 1460 5468 Orlh.
1521 5414 1638 5482 Ego
1684 5416 1741 5467 et
1788 5429 1999 5486 corpus

2152 5412 2332 5485 ρώπου
2380 5410 2827 5483 κατασκευάζεις;
2880 5412 3024 5486 Ὀρθ.
3077 5410 3222 5485 Ἐγὼ
3286 5408 3374 5465 καὶ
3446 5412 3609 5483 σῶμα
3668 5417 3767 5466 Ku-

418 5571 459 5605 ⁸¹
494 5568 660 5624 Joan.
694 5584 771 5637 v1,
800 5566 890 5619 54.
966 5564 1011 5599 ⁸³
1040 5565 1204 5619 Joan.
1237 5581 1294 5632 ι,
1327 5565 1413 5619 17.

415 5714 529 5785 (80)
562 5708 739 5765 Δίιτοῦ
766 5709 918 5788 φωνή
954 5708 1117 5767 deest
1145 5707 1205 5765 in
1239 5707 1417 5766 Palat.

2170 5711 2281 5783 (81)
2312 5710 2453 5767 M88.
2489 5709 2639 5786 Ὀρθ.
2673 5707 2866 5767 Οὐκέτι
2900 5706 3025 5765 οὖδὶ
3054 5707 3370 5786 ἀνθρωπίνη
3404 5712 3439 5780 ἡ
3473 5709 3623 5783 σάρξ.
