2043 3107
185 181 261 211 1265

663 183 713 213 DE
734 183 884 214 SANGTA
906 183 1120 215 TlthlTATE
1142 186 1334 218 DIALOGUS
1356 185 1392 216 V.

1803 186 1816 214 1
1823 186 1880 216 166

182 246 274 284 ριακὸν
292 246 377 283 λέγω,
402 246 446 274 καὶ
469 247 562 285 ψυχὴν
590 248 735 285 Κυριακήν,
749 247 795 275 καὶ
819 249 888 285 αἷμα
903 251 997 286 Κυρια-

1062 250 1175 279 Domini
1190 259 1257 279 cum
1274 260 1353 285 voco,
1368 253 1397 280 et
1412 252 1541 280 animam
1558 250 1750 285 Dominicam,
1766 252 1795 278 et
1812 259 1879 279 san-

180 290 239 326 κον,
254 290 299 318 καὶ
313 290 400 329 ταφὴν
424 292 572 329 Κυριακήν,
588 292 632 319 καὶ
648 291 787 329 ἄνθρωπον
811 292 930 325 καθόλου
951 297 1001 320 Κυ-

182 335 287 372 ριακὸν,
304 335 396 362 ἒνώσει
417 335 466 362 τοῖ’)
487 338 554 363 Θεοῦ
579 335 678 373 Λόγου·
695 336 781 367 οὕτως
805 337 842 368 ὡς
867 338 932 365 εἶναι
957 338 1001 365 καὶ

179 379 225 406 τὸν
251 378 330 406 αὐτὸν
354 379 419 407 Θεὸν
441 380 485 407 καὶ
506 379 658 417 ἄνθρωπον·
679 381 723 408 καὶ
747 392 812 408 ποτε
836 381 914 409 αὐτὸν
936 381 1000 409 ὅλον

179 423 244 451 Θεὸν
259 423 305 451 καὶ
324 424 422 461 Κύριον
447 424 566 461 ἀκούειν,
594 425 639 452 καί
666 436 731 453 ποτε
756 426 835 453 αὐτὸν
860 425 925 453 ὸλον
955 425 1001 453 ἄν·

178 468 299 505 θρωπον.
319 467 407 499 Αὐτὸς
432 469 482 506 γὰρ
506 467 579 507 λέγει
601 469 663 507 περὶ
690 470 795 497 ἑαυτοῦι
812 471 872 497 «Τί
899 481 932 507 με
953 473 1000 505 Cr,-

177 514 249 539 τεῖτε
274 512 431 540 ἀποκτεῖναι
459 512 617 551 ἄνθρωπον,
647 514 675 545 ὃς
704 515 752 549 τήν
779 514 908 549 ἀλήθειαν
936 515 1000 551 ὑμῖν

177 554 322 592 λελάληκα
337 565 344 591 ;
362 568 376 582 ››
391 557 435 584 καὶ
461 556 580 589 ΙΙαῦλος’
597 571 610 583 α
628 560 786 596 Ἄνθρωπος
809 559 914 594 Ἰησοῦς
936 562 1000 597 Χρι-

176 600 240 631 στὸς
255 601 320 638 χθὲς
334 601 379 628 καὶ
395 602 527 639 σήμερον,
543 602 557 629 ὁ
569 603 650 633 αὐτὸς
664 603 708 630 καὶ
725 603 762 634 εἱς
777 602 841 634 τοὺς
856 603 967 634 αἰῶνας.
984 616 999 630 ››

176 645 227 672 Καὶ
243 645 322 672 αὐτὸν
338 647 432 673 τοῦτον
449 646 494 673 τὸν
511 646 650 684 ἄνθρωπον
672 646 838 686 ψηλαφησας
858 648 872 674 ὁ
888 651 998 684 Θωμᾶς,

175 688 263 727 λέγει·
277 700 288 714 I
305 690 320 717 ὁ
330 689 432 728 Κύριός
446 701 499 726 μου
509 691 553 718 καὶ
565 691 579 718 ὁ
590 691 655 722 Θεός
667 702 729 727 μου,
743 703 756 717 ››
772 692 891 728 Ὁμοίως
903 692 917 719 ὁ
930 695 999 720 lla?)—

173 733 225 764 λος
240 735 307 771 (82)’
324 746 338 760 ‹(
363 738 409 762 Ὠν
433 736 459 762 οἱ
479 735 602 774 πατέρες.
618 736 662 763 καὶ
687 736 712 771 ἐξ
740 737 775 763 ὧν
792 737 806 764 ὁ
829 737 943 774 Χριστὸς
966 738 999 765 τὸ

172 779 245 806 κατὰ
265 779 361 816 σάρκα,
387 778 452 807 ὁῶν
481 779 524 807 ἐπὶ
553 781 660 807 πάντων
689 781 753 811 Θεὸς
779 780 930 818 εὐλογητὸς
961 781 998 813 εἷς

172 822 241 853 τοὺς
256 822 355 854 αἰῶνας
372 845 379 852 .
396 836 410 849 υ
426 824 492 855 Θεὸς
514 823 559 851 οὖν
584 824 628 851 καὶ
644 823 783 862 ἅνθρωπος
807 824 872 856 ὅλος
889 825 933 852 διὰ
947 826 996 860 τὴν

172 866 203 902 ἐξ
218 865 340 898 εὐδοκίας
364 866 470 896 ἕνωσιν.
487 868 520 895 Εῗ
545 868 623 906 γὰριι
639 869 653 895 ὁ
675 868 854 905 κολλώμενος
881 872 920 905 τῷ
946 873 996 897 Κυ-

1058 295 1177 330 guinem
1193 296 1387 329 Dominioum,
1405 298 1433 324 et
1448 296 1631 332 sepulturam
1645 294 1842 331 Duminicam,
1850 298 1880 323 et

1058 339 1087 366 in
1106 341 1275 367 universum
1300 340 1363 367 dico
1388 340 1538 368 hominem
1562 339 1758 374 Dominioum,
1775 339 1811 366 ob
1829 339 1878 367 Dei

1056 383 1141 411 Verbi
1160 383 1320 412 unitionem
1337 393 1344 414 :
1360 385 1400 412 ita
1416 387 1448 412 ut
1463 393 1540 412 unus
1557 387 1586 412 et
1609 384 1687 412 idem
1710 383 1748 411 sit
1761 386 1836 411 Deus
1851 386 1881 411 et

1057 427 1154 462 homo,
1170 430 1198 456 et
1213 429 1299 456 modo
1326 429 1444 464 quidem
1471 429 1534 464 ipse
1555 430 1632 457 lotus
1647 428 1724 456 Deus
1738 430 1768 456 et
1781 427 1879 455 Domi-

1055 481 1122 504 nus,
1145 472 1292 500 interdum
1317 481 1383 501 vero
1406 473 1468 509 ipse
1488 475 1569 501 totus
1588 472 1750 509 appelletur
1777 472 1877 500 homo.

1055 516 1130 544 Dicit
1144 516 1222 544 enim
1247 517 1310 552 ipse
1334 518 1369 545 de
1383 525 1415 545 se
1429 528 1443 542 «
1465 517 1539 550 Quid
1566 525 1614 544 me
1638 516 1767 553 quaeritis
1790 516 1879 544 inter-

1055 561 1150 595 ﬁcere,
1168 561 1316 589 hominem
1331 562 1381 596 qui
1398 570 1464 589 vera
1478 561 1594 589 locutus
1608 569 1674 589 sum
1697 560 1780 589 vobis
1791 561 1813 578 ³³
1824 561 1838 587 ?
1861 570 1876 586 »

1054 606 1088 632 Et
1105 605 1211 633 Paulus
1228 614 1234 633 :
1252 616 1266 630 «
1287 605 1380 633 Homo
1390 606 1477 634 Jesus
1500 605 1633 634 Christus
1645 605 1708 633 heri
1724 606 1751 632 et
1778 604 1875 638 hodie,

1054 648 1116 685 ipse
1131 652 1159 676 et
1173 649 1202 676 in
1218 649 1365 677 saecula“.
1379 661 1390 675 ιι
1404 650 1438 677 Et
1449 650 1526 677 hunc
1538 650 1636 685 ipsum
1647 649 1795 677 hominem
1808 657 1875 676 cum

1052 694 1179 722 Thomas
1205 696 1421 728 contrectasset,
1447 694 1566 729 inquit:
1583 705 1597 720 ι(
1614 693 1756 721 Dominus
1780 701 1875 727 meus,

1053 740 1081 766 et
1096 738 1172 765 Deus
1190 746 1273 766 meus
1297 739 1328 765 ⁸⁵.
1356 750 1366 763 1
1392 738 1533 766 Similiter
1557 738 1689 766 Paulus:
1711 748 1726 762 »
1746 739 1874 770 Quorum

1054 785 1161 818 patres,
1179 785 1207 809 et
1222 790 1256 810 ex
1271 783 1379 817 quibus
1401 782 1534 810 Christus
1558 783 1721 810 secundum
1744 789 1873 816 carnem,

1053 827 1102 862 qui
1119 829 1164 854 est
1179 835 1268 862 super
1282 826 1465 855 omniaDeus
1476 827 1647 854 benedictus
1659 826 1689 854 iu
1705 825 1811 854 saecula
1821 826 1874 853 ⁸⁸.»

1052 871 1143 899 Totus
1158 879 1225 905 ergo
1245 874 1362 906 propter
1385 871 1579 899 voluntariam
1604 870 1685 898 illam
1711 870 1873 898 unitionem

172 910 228 949 ρίῳ
249 911 277 938 ’ὲν
302 913 408 949 πνεῦμά
430 912 496 949 ἐστι,
511 923 524 939 ι
543 912 641 948 πολλῷ
665 912 772 947 πλεῖον,
792 913 854 941 ὅταν
871 915 884 941 ὁ
901 914 996 951 Κύριος

1056 915 1160 943 dicitur
1174 918 1202 943 et
1217 916 1303 949 Deus,
1331 918 1359 944 et
1383 916 1480 951 homo,
1496 916 1569 943 Nam
1595 915 1620 943 si
1646 926 1657 940 ι
1674 915 1725 950 qui
1746 914 1874 942 adhaeret

172 953 289 993 λέγηται
318 956 363 983 καὶ
386 956 544 992 πιστεύηται
574 955 715 994 ἅνθρωπος
742 958 918 995 γεγενῆσθαι,
950 959 999 986 οὐκ

172 998 311 1031 ἀπολέσας
333 1000 366 1027 τὸ
390 1000 455 1028 εἶναι
480 1001 553 1035 Θεὸς,
579 1000 635 1028 ἔστι
662 1002 726 1033 Θεὸς
752 1002 796 1029 καὶ
820 1003 959 1039 ἅνθρωπνς
982 1003 996 1029 ὁ

169 1043 264 1071 αὐτός·
281 1044 346 1075 Θεὸς
364 1045 412 1081 μὲν
428 1044 472 1072 διὰ
486 1046 535 1080 τὴν
564 1046 811 1085 φύσιν,-ἆνθρωπος
834 1047 862 1074 δὲ
887 1046 931 1074 διὰ
944 1048 994 1082 τὴν

169 1087 200 1123 ἐξ
214 1087 336 1121 εὐδοκίας
353 1090 475 1127 μετοχὴν
490 1091 539 1125 τῆς
558 1090 779 1128 ἀνθρωπότητος.

1053 960 1182 993 Domino,
1209 968 1286 987 unus
1302 959 1423 996 spiritus
1446 962 1502 995 est,
1525 960 1558 994 ⁸⁷,
1574 970 1589 984 ››
1615 959 1708 987 multo
1732 959 1827 995 magis
1848 959 1873 986 si

1052 1004 1194 1032 Dominus
1209 1004 1317 1032 dicitur
1338 1007 1366 1032 et
1385 1004 1514 1032 creditur
1537 1004 1632 1032 factus
1661 1003 1752 1032 fuisse
1775 1003 1873 1035 homo,

1052 1057 1108 1076 non
1140 1049 1277 1076 amittens
1302 1049 1379 1084 quod
1402 1049 1478 1076 Deus
1503 1049 1553 1082 sit,
1582 1049 1659 1076 idem
1684 1050 1729 1076 est
1751 1049 1826 1076 Deus
1846 1051 1873 1075 et

1050 1093 1159 1120 homo:
1184 1093 1261 1120 Deus
1283 1092 1401 1128 quidem
1427 1094 1541 1127 natura,
1568 1093 1656 1121 homo
1683 1100 1761 1126 vero,
1792 1093 1869 1128 quod

170 1136 311 1162 naturam
327 1134 502 1170 humanam,
518 1136 656 1172 quoniam
672 1136 698 1164 ei
714 1136 756 1165 sic
770 1137 890 1172 placuit,
909 1137 1133 1173 participaverit.

749 1287 813 1315 ΤΟΥ
832 1287 877 1315 ΕΝ
895 1288 1012 1315 ΑΓΙΟΙΣ
1033 1288 1169 1315 ΠΑΤΡΟΣ
1190 1287 1287 1315 ΗΜΩΝ

843 1375 1206 1423 ΑΘΑΝΑΣΙΟΥ

348 1463 469 1499 Διάλεξις
483 1464 512 1499 ε’,
525 1464 551 1492 ἐν
597 1467 645 1492 τοῦ
658 1465 739 1492 αὐτοῦ
755 1465 1018 1503 ’Δπολλιναριαστοῦ
1033 1464 1213 1504 κεφαλαίωσις
1229 1455 1274 1493 καὶ
1289 1466 1441 1503 Γρηγορίου
1458 1465 1605 1493 ἐπισκόπου
1621 1466 1687 1503 (83).

733 1618 779 1665 S.
807 1619 855 1665 P.
887 1619 942 1665 N.
974 1618 1313 1666 ATHANASII

278 1709 422 1739 DIALOGUB
435 1719 463 1745 v,
481 1711 510 1739 in
526 1719 584 1747 quo
600 1712 806 1748 compendium
823 1712 1044 1748 disceptationis
1057 1712 1189 1747 ejusdem
1206 1712 1419 1748 Apollinaristaa
1435 1715 1460 1739 et
1472 1711 1602 1748 Gregorii
1617 1711 1757 1748 episcopi.

404 1864 756 1892 ΑΙΙΟΛΛΙΝΔΡΙΑΣἸἮΣ.

209 1909 236 1936 1.
255 1910 322 1935 Θεοῦ
342 1907 530 1946 ἔνεργήσαντος
554 1908 691 1945 ἀνθρώπῳ
708 1929 715 1942 ,
733 1908 902 1935 ἀποτελεῖται
927 1917 995 1945 προ-

171 1953 274 1991 φήτης,
303 1951 387 1990 ἤγουν
417 1952 569 1984 ἀπόστολος
600 1954 667 1990 (84),
696 1952 727 1980 οὐ
753 1953 850 1990 Σωτὴρ
879 1952 994 1989 κόσμου·

171 1997 292 2034 Χριστὸς
322 1996 350 2024 δὲ
373 1998 470 2035 Σωτὴρ
494 1997 599 2034 κόσμου
616 2007 622 2014 ·
640 1997 690 2025 οὐκ
705 1997 754 2035 ἄρα
771 2020 778 2032 ,
793 1999 859 2025 Θεοῦ
883 1997 995 2034 ἐνεργή-

172 2051 266 2072 σαντος
283 2041 427 2079 ἀνθρώπῳ,
444 2041 608 2077 ἀπετελέσθη
625 2041 739 2079 Χριστός
755 2051 761 2077 ;
778 2043 996 2071 ΟΡΘΟΔΟΞΟΣ.

173 2088 242 2113 Θεοῦ
269 2086 316 2122 μὲν
346 2085 539 2123 ἐνεργήσαντος
568 2086 622 2124 οὐχ
650 2086 764 2121 ἁπλῶς,
793 2086 829 2117 ὡς
859 2085 995 2122 ἐνόμισας,

174 2128 249 2158 ἀλλὰ
268 2130 444 2169 προφητείαν,
469 2130 641 2159 ἀποτελεῖται
658 2131 812 2169 προφήτης,
835 2128 921 2167 ἤγουν
941 2130 997 2165 (85)

174 2174 342 2207 ἀπόστολος,
358 2175 402 2202 καὶ
427 2174 457 2202 οὗ
484 2176 582 2211 Σωτήρ
606 2175 721 2211 κόσμου.
739 2174 803 2205 Θεὸς
828 2173 867 2208 δὲ,
890 2175 997 2212 μορφὴν

176 2217 277 2247 δούλου
300 2217 392 2247 λαϐὼν
410 2242 418 2254 ,
438 2219 543 2257 ἐγένετο
564 2220 578 2246 ὁ
602 2219 680 2250 αὐτὸς
705 2219 750 2246 καὶ
770 2220 914 2258 προφήτης
930 2243 937 2253 ,
953 2219 996 2246 καὶ

174 2263 338 2298 ἀπόστολος,
356 2263 400 2291 καὶ
417 2263 573 2301 ἀρχιερεὺς,
597 2263 641 2291 καῖ
669 2263 780 2300 μεσίτης
803 2265 869 2291 Θεοῦ
888 2262 933 2290 καὶ
951 2262 997 2290 ἀν-

175 2308 292 2345 θρώπων
311 2330 318 2343 ,
335 2309 433 2346 Σωτὴρ
448 2308 564 2345 κόσμου,
583 2309 669 2345 μένων
685 2308 760 2344 Θεὸς,
776 2308 820 2335 καὶ
836 2307 866 2335 οὐ
886 2307 997 2345 τραπεὶς

176 2352 215 2384 εἰς
229 2355 262 2380 τὰ
278 2363 391 2390 προειρη
397 2353 472 2389 μὲνα.

211 2400 238 2425 2.
253 2396 360 2424 ’Δπολλ
379 2420 384 2426 .
402 2398 457 2428 Πᾶς
484 2396 623 2435 ἅνθρωπος
641 2398 721 2435 μέρος
747 2397 851 2434 κόσμου
868 2419 875 2431 ,
891 2396 935 2424 καὶ
952 2396 997 2424 οὗ·

176 2440 220 2469 δὲν
251 2442 332 2478 μέρος
360 2441 464 2478 κόσμου
493 2441 562 2480 α’ρει
578 2443 626 2477 τήν
654 2442 786 2480 ἁμαρτίαν
803 2444 850 2469 τοῦ
865 2441 972 2478 κόσμου
989 2463 996 2476 ,

178 2487 222 2525 ὑφ’
280 2486 323 2513 καὶ
352 2486 433 2517 αὐτὸς
462 2490 559 2515 κεῖται.
576 2487 690 2524 Χριστὸς
720 2486 749 2514 δὲ
772 2486 852 2524 αἶ’ρειι
869 2486 919 2514 οὐκ
947 2486 997 2523 ἄρα

177 2531 318 2569 ἅνθρωπος
346 2531 360 2558 ὁ
388 2531 511 2568 Χριστός.
541 2532 612 2569 Ὀρο.
642 2532 690 2559 Διά
718 2531 769 2569 γὰρ
784 2533 875 2565 τοῦτο,
903 2529 996 2565 ἐπειδὴ

178 2575 255 2605 οὐδὲν
274 2576 353 2613 μέρος
373 2576 478 2612 κόσμου
494 2574 562 2614 αἷίρει
585 2577 633 2610 τὴν
658 2576 788 2613 ἁμαρτίαν
812 2578 860 2603 τοῦ
884 2576 998 2612 κόσμου,

1291 1862 1647 1898 APPOLLINARISTESJ

1089 1909 1114 1937 l.
1131 1910 1240 1945 Agente
1256 1911 1312 1937 Deo
1327 1908 1355 1935 in
1372 1908 1500 1942 homine,
1518 1908 1551 1934 ﬁt
1570 1907 1716 1943 quispiam
1731 1906 1874 1942 propheta

1051 1954 1094 1981 vel
1120 1953 1282 1990 apostolus,
1308 1954 1338 1979 at
1363 1960 1419 1980 non
1445 1951 1577 1979 Salvator
1597 1950 1710 1978 mundi.
1739 1950 1872 1978 Christus

1052 2000 1148 2026 autem
1164 2000 1208 2026 est
1231 1997 1363 2026 Salvator
1379 1996 1481 2024 mundi
1497 2005 1503 2024 :
1520 2004 1578 2023 non
1593 1995 1684 2032 igitur
1698 1995 1755 2023 Deo
1771 1997 1874 2030 agente

1052 2043 1082 2071 in
1107 2043 1237 2075 homine,
1262 2043 1355 2069 factus
1379 2043 1423 2069 est
1451 2040 1595 2068 Christus.
1621 2039 1871 2068 ORTHODOXUS.

1051 2087 1114 2114 Non
1131 2086 1312 2122 simpliciter,
1330 2088 1363 2113 ut
1378 2088 1407 2112 tu
1425 2084 1585 2120 existimas,
1611 2086 1712 2120 agente
1733 2084 1801 2116 Deo,
1822 2085 1871 2111 sed

1052 2130 1235 2167 prophetiam
1259 2130 1413 2164 efﬁciente,
1438 2130 1471 2156 ﬁt
1495 2128 1643 2165 quispiam
1665 2128 1806 2164 propheta
1830 2129 1873 2156 vel

1052 2175 1214 2211 apostolus,
1240 2178 1267 2202 at
1293 2183 1350 2202 non
1375 2174 1507 2201 Salvator
1531 2173 1641 2201 mundi.
1668 2173 1745 2201 Deus
1765 2175 1873 2206 autem,

1052 2222 1170 2255 accepta
1193 2219 1269 2247 465
1296 2219 1369 2246 servi
1387 2219 1480 2246 forma
1495 2218 1588 2245 factus
1604 2219 1647 2245 est
1662 2217 1738 2245 idem
1762 2220 1791 2245 et
1806 2226 1874 2253 pro-

1052 2264 1150 2300 pheta,
1167 2266 1195 2291 et
1209 2263 1371 2300 apostolus,
1388 2266 1416 2290 et
1432 2262 1569 2299 pontifex,
1579 2265 1608 2290 et
1623 2262 1766 2290 mediator
1780 2262 1829 2290 Dei
1847 2265 1876 2290 et

1052 2308 1218 2341 hominum,
1230 2307 1363 2336 Salvator
1377 2307 1491 2341 mundi,
1504 2307 1581 2334 Deus
1593 2315 1876 2343 permanens.neque

1052 2352 1081 2380 in
1098 2352 1259 2388 quidquam
1275 2352 1411 2386 istorum,
1428 2360 1492 2388 quae
1508 2351 1648 2385 diximus,
1660 2352 1803 2379 mutatus.

1086 2397 1114 2424 2.
1130 2397 1218 2432 Apoll.
1235 2397 1337 2425 Omnis
1352 2397 1440 2424 homo
1456 2400 1499 2423 est
1516 2403 1583 2431 pars
1604 2395 1718 2431 mundi,
1743 2397 1771 2423 et
1796 2396 1877 2423 nulla

1052 2441 1155 2469 mundi
1173 2450 1238 2476 pars
1253 2440 1329 2469 tollit
1344 2442 1495 2476 peccatum
1511 2438 1626 2474 mundi,
1651 2439 1697 2467 cui
1713 2442 1830 2476 peccato
1850 2443 1877 2467 et

1052 2485 1117 2522 ipsa
1141 2488 1252 2514 subest.
1285 2486 1322 2513 At
1346 2484 1478 2512 Christus
1499 2483 1576 2512 tollit
1602 2493 1608 2512 :
1634 2492 1692 2512 non
1721 2486 1765 2512 est
1788 2484 1879 2521 igitur

1052 2531 1140 2559 homo
1157 2530 1301 2558 Christus.
1319 2530 1395 2558 0rlh.
1412 2529 1564 2557 Enimvero
1581 2529 1658 2565 quod
1677 2528 1759 2556 nulla
1775 2524 1877 2557 mundi

1055 2583 1123 2611 pars
1139 2574 1222 2603 tollat
1237 2574 1338 2602 mundi
1355 2576 1518 2610 peccatum,
1533 2573 1641 2601 idcirco
1666 2573 1768 2601 mundi
1784 2574 1878 2610 opifex

178 2623 192 2650 ό
208 2621 377 2658 δημιουργὸς
391 2623 440 2648 τοῦ
462 2621 567 2657 κόσμου
593 2622 700 2660 μορφὴν
724 2618 805 2649 ἔλαϐε
829 2621 928 2658 μὲρους
951 2619 997 2647 κό-

1056 2620 1178 2647 formam
1206 2618 1316 2654 accepit
1340 2618 1431 2655 partis
1456 2618 1571 2652 mundi,
1594 2620 1627 2646 ut
1650 2620 1796 2654 quatenus
1810 2626 1878 2654 pars

214 2701 238 2719 ⁸³
251 2700 335 2729 Joan.
351 2708 412 2732 vm,
430 2700 473 2728 40.
511 2699 535 2717 ⁸⁸
550 2699 636 2727 Hebr.
652 2707 713 2732 xm,
729 2699 755 2726 8.
794 2699 816 2717 ³⁸
830 2700 914 2726 Joan.
930 2706 977 2732 xx,
992 2699 997 2724 l

1076 2697 1098 2715 ⁸⁸
1113 2697 1197 2724 Rom.
1213 2705 1252 2729 1x,
1268 2697 1295 2723 5.
1333 2696 1355 2713 ⁸⁷
1370 2696 1378 2724 Ι
1394 2696 1458 2724 Cor.
1474 2704 1512 2728 v1,
1526 2696 1571 2723 17.

218 2772 276 2808 (82)
292 2771 383 2808 Palat.
400 2770 504 2808 ὁμοίως
519 2770 564 2798 καὶ
580 2770 594 2797 ὁ
611 2769 717 2808 Παᾷλος
733 2769 815 2808 λέγειΞ

1093 2769 1149 2805 (84)
1165 2768 1268 2805 Palat,
1284 2768 1427 2805 προφήτης
1444 2767 1461 2801 ἢ
1477 2765 1639 2796 ἀπόστολος.
1650 2765 1758 2800 Felck.,
1773 2765 1879 2802 προφή-

291 2807 380 2844 Τὶῐυῖ.
465 2815 537 2835 mss.
551 2808 614 2844 ξΓοῦΔ
632 2805 714 2844 αὐτοῦ
739 2802 997 2844 Ἀπολλιναριαστοῖ

1057 2802 1284 2844 τηεέῖτιὲῑτολος-

182 2840 365 2884 κιῴαλγαίωσις
380 2842 426 2871 καὶ
439 2842 590 2882 Γρηγορίου
606 2840 754 2870 ιπισκόπου
776 2840 931 2879 ὀρθοὸόξου.

1094 2841 1150 2877 (85)
1165 2840 1312 2869 Manusor.
1328 2838 1422 2873 ἤτουν.
