4086 6214
339 348 489 409 1267
1496 349 1559 409 S.

1609 350 2125 411 A'l‘llANASlUS.
2160 387 2231 395 —-
2262 353 2569 414 SPUltlA.

3590 353 3748 415 1268

333 486 459 539 erat
491 479 715 546 mundi,
744 479 972 538 occisus
998 484 1278 553 tanquam
1313 498 1448 552 pars
1480 480 1708 549 mundi,
1746 481 1982 536 tolleret

2107 482 2376 553 τμου,⁹ίνα
2418 489 2495 556 τῷ
2548 486 2696 562 μέρει
2754 489 2851 537 τοῦ
2899 484 3130 556 κόσμου,
3183 481 3402 560 σφαγεὶς
3454 483 3529 545 ὡς
3580 484 3749 558 μέρος

336 570 542 628 mundi
575 573 898 643 peccatum,
933 573 994 624 ut
1025 569 1215 640 opifex
1245 570 1471 624 mundi.

405 750 457 803 2.
492 748 667 819 Apoll.
717 746 917 803 Omnis
963 746 1138 802 homo
1172 746 1373 803 subest
1404 747 1574 803 morti
1610 763 1622 803 ;
1674 752 1730 802 et
1761 746 1979 811 nullus,

340 837 440 910 qui
475 835 645 891 morti
675 835 885 905 subsit,
917 836 1109 891 abolet
1142 840 1409 891 mortem.
1455 838 1525 890 At
1563 835 1832 891 Christus
1882 836 1981 891 ab-

340 927 453 982 olet
484 942 496 980 :
532 941 647 981 non
677 929 766 979 est
794 925 971 996 igitur
993 924 1167 980 homo
1197 924 1481 980 Christus.
1516 924 1665 980 Orlh.
1698 924 1982 987 Quoniam

344 1014 542 1071 nullus
600 1012 928 1078 hominum,
983 1018 1046 1067 ut
1093 1014 1192 1083 qui
1240 1013 1412 1068 morti
1480 1013 1693 1079 subsit,
1740 1018 1981 1070 mortem

345 1102 536 1158 abolet
579 1119 594 1168 ;
652 1100 866 1157 idcirco
915 1101 1265 1156 immortalis
1325 1101 1509 1157 Filius
1566 1102 1681 1158 Dei.
1730 1101 1985 1158 Verbum

346 1190 521 1246 simul
555 1195 611 1245 et
640 1191 814 1257 Deus,
847 1189 961 1245 sibi
987 1189 1095 1261 ipsi
1132 1190 1317 1245 univit
1348 1190 1404 1245 id
1456 1191 1609 1261 quod
1645 1192 1816 1245 morti
1847 1190 1985 1246 sub-

346 1286 453 1347 est,
493 1305 511 1330 υ
550 1284 613 1335 ut
643 1279 701 1333 in
734 1283 918 1334 morte
959 1278 1216 1333 aboleret
1245 1296 1402 1345 eum,
1436 1279 1532 1349 qui
1567 1280 1771 1334 mortis
1804 1280 1987 1351 impe-

348 1370 496 1423 rium
526 1369 701 1423 habet
723 1368 786 1421 ⁸⁸.
823 1391 848 1415 ››
880 1367 1043 1423 Sicut
1074 1368 1228 1422 enim
1264 1366 1573 1423 invisibilis
1600 1384 1731 1423 cum
1765 1368 1860 1434 sit,
1906 1368 1987 1423 vi-

347 1459 465 1512 deri
502 1473 613 1512 non
650 1456 854 1527 potuit,
888 1454 1001 1511 nisi
1033 1472 1097 1511 eo
1118 1459 1441 1527 assumpto,
1468 1457 1619 1528 quod
1654 1456 1831 1512 videri
1863 1473 1991 1529 pos-

347 1550 432 1601 set
467 1562 479 1600 :
511 1546 594 1601 ita
623 1561 756 1599 cum
789 1544 868 1599 sit
898 1543 1267 1613 immortalis,
1293 1561 1408 1600 non
1456 1544 1648 1617 potuit
1706 1545 1873 1613 mori,
1906 1545 1990 1600 ni-

346 1636 395 1690 si
426 1653 490 1689 eo
520 1637 845 1705 assumpto,
880 1632 1032 1704 quod
1065 1636 1221 1688 esset
1252 1634 1515 1689 mortale.

417 1725 468 1777 4.
503 1722 682 1794 Apoll.
712 1722 916 1777 Omnis
946 1720 1120 1776 homo
1149 1726 1238 1777 est
1276 1725 1563 1777 terrenus.
1611 1727 1685 1777 At
1726 1722 1989 1779 Christus

2088 570 2319 642 κόσμου,
2350 571 2453 647 ἄρῃ
2499 575 2597 642 τὴν
2645 574 2903 647 ἀμαρτῖαν
2948 577 3045 627 τοῦ
3093 571 3327 644 κόσμου,
3358 572 3432 633 ὡς
3484 569 3753 647 δημιουρ-

2089 660 2185 728 γὸς
2216 665 2314 715 τοῦ
2343 662 2573 733 κόσμου.

2161 752 2213 806 3.
2245 749 2480 806 Ἀπολλ.
2516 757 2625 812 Πᾶς
2685 749 2968 827 ἅνθρωπος
3030 750 3132 804 ὑπὸ
3188 751 3449 804 Θάνατον·
3512 749 3603 804 καὶ
3663 749 3755 804 οὐ·

2093 834 2221 907 δεὶς,
2256 838 2359 893 ὑπὸ
2404 840 2626 902 θάνατον
2674 838 2770 911 ὢν,
2801 845 3059 914 καταργεῖ
3106 838 3352 903 θάνατον.
3404 840 3638 912 Χριστὸς
3691 836 3751 894 δὲ

2091 932 2366 1001 καταργεῖ·
2424 927 2523 983 οὐκ
2578 927 2678 1003 ἄρα
2727 925 3009 1002 ἄνθρωπος
3062 928 3090 981 ὁ
3136 927 3388 1003 Χριστός.
3449 929 3599 1000 Όρθ,
3646 929 3757 982 Διὰ

2092 1016 2192 1089 γὰρ
2240 1020 2422 1086 τοῦτο,
2473 1014 2658 1086 ἐπειδὴ
2711 1014 2889 1079 οὐδεὶς
2941 1015 3238 1092 ἀνθρώπων
3287 1022 3547 1089 καταργεῖ
3594 1015 3756 1069 θάνα-

2094 1124 2208 1171 τον,
2237 1102 2339 1159 ὑπὸ
2372 1106 2592 1168 θάνατον
2639 1104 2732 1175 ὢν,
2784 1107 2811 1159 6
2841 1104 3095 1166 ἀθάνατος
3142 1110 3238 1159 τοῦ
3290 1109 3424 1160 Θεοῦ
3463 1106 3612 1175 Υἱὸς,
3644 1104 3757 1159 Λό-

2093 1214 2188 1267 γος
2220 1189 2293 1247 ὢν
2324 1193 2413 1248 καὶ
2445 1194 2597 1265 Θεὸς,
2629 1190 2836 1263 ἥνωσεν
2870 1194 3043 1263 ἑαυτῷ
3069 1194 3133 1247 τὸ
3167 1193 3270 1247 ὑπὸ
3321 1192 3569 1262 θάνατον,
3603 1219 3631 1244 ‹‹
3660 1191 3762 1247 ’ἕνα

2097 1280 2148 1335 ἐν
2173 1286 2252 1353 τῷ
2279 1283 2489 1354 Θανάτῳ
2519 1283 2609 1337 τὸν
2639 1283 2701 1337 τὸ
2731 1281 2925 1357 κράτος
2960 1278 3155 1357 ἔχοντα
3204 1287 3299 1335 τοῦ
3345 1283 3574 1344 θανάτου
3624 1303 3756 1335 xur-

2097 1372 2335 1445 αργήσῃ.
2369 1392 2397 1422 η
2447 1372 2534 1432 Ὦς
2582 1372 2682 1447 γὰρ
2731 1370 2829 1426 οὐκ
2875 1369 3110 1440 ἠδύνατο
3160 1368 3386 1445 ἀόρατος
3429 1368 3503 1424 ὣν
3550 1371 3756 1445 ὁραθῆ-

2096 1479 2203 1530 ναι,
2239 1459 2315 1531 μή
2348 1453 2531 1513 λαϐὼν
2584 1457 2647 1513 τὸ
2697 1458 2910 1533 ὁρατόν·
2945 1459 3123 1520 οὕτως
3172 1456 3296 1512 οὐδὲ
3328 1456 3564 1527 ἠδύνατο
3616 1458 3752 1521 ἀθά-

2097 1568 2255 1610 νατος
2287 1545 2359 1602 ὢν
2393 1546 2699 1621 ἀποθανεῖν,
2737 1549 2813 1621 μή
2846 1542 3029 1602 λαϐὼν
3056 1548 3118 1602 τὸ
3149 1547 3364 1618 θνητόν.

2171 1728 2225 1781 4.
2259 1724 2492 1783 Ἀπολλ.
2540 1731 2648 1784 Πᾶς
2694 1726 2978 1801 ἄνθρωπος
3031 1724 3247 1799 χοϊκός.
3301 1725 3532 1799 Χριστὸς
3583 1722 3643 1779 δὲ
3694 1726 3759 1779 οὐ

347 1830 461 1868 non
494 1816 582 1866 est
605 1815 892 1878 terrenus,
918 1811 1018 1865 sed
1041 1809 1312 1866 ccelestis.
1335 1810 1456 1867 Non
1486 1815 1576 1866 est
1605 1811 1785 1882 igitur
1814 1810 1986 1866 homo

2107 1815 2317 1889 χοῖκὸς,
2350 1813 2474 1869 ἀλλ’
2518 1812 2865 1889 ἐπουράνιος’
2918 1813 3017 1868 οὐκ
3063 1812 3164 1888 ἄρα
3212 1814 3494 1889 ἄνθρωπος
3543 1814 3571 1867 ὁ
3623 1815 3759 1887 Χρι-

344 1900 609 1956 Christus
640 1916 655 1955 :
690 1899 802 1955 nisi
835 1898 1007 1954 homo
1043 1900 1120 1954 sit
1152 1898 1259 1954 hoc
1308 1898 1501 1970 ipsum
1544 1899 1798 1954 nominis
1829 1916 1984 1955 com-

347 1990 626 2045 munione
654 1991 902 2043 tantum.
935 1988 1092 2045 Orth.
1124 1987 1344 2042 Erratis
1394 2005 1406 2042 :
1460 2002 1566 2043 nec
1606 1988 1762 2043 enim
1794 1987 1987 2044 omnis

351 2078 525 2132 homo
556 2081 645 2132 est
674 2079 962 2140 terrenus,
994 2092 1127 2131 cum
1160 2076 1362 2131 doceat
1393 2092 1497 2132 nos
1526 2076 1849 2146 Scriptura,
1886 2077 1983 2131 ho-

349 2168 537 2223 mines
570 2164 743 2220 etiam
775 2163 1022 2234 aliquos,
1055 2162 1163 2219 etsi
1195 2180 1308 2219 non
1342 2168 1570 2231 natura,
1594 2168 1654 2219 at
1683 2170 1837 2220 certe
1870 2181 1987 2218 mo-

346 2255 511 2309 ribus
560 2251 791 2308 caeleste
857 2267 1006 2320 esse,
1066 2251 1387 2323 inquiens:
1433 2275 1460 2301 «
1514 2250 1710 2319 Qualis
1750 2251 1844 2306 ille
1877 2268 1987 2307 cm-

346 2343 533 2412 lestis,
562 2340 709 2396 tales
756 2343 812 2395 et
855 2339 1119 2395 scelestos
1149 2340 1212 2395 ⁸⁵.
1265 2363 1294 2392 κ
1350 2344 1465 2395 Nos
1512 2357 1645 2395 vero
1689 2340 1984 2396 Christum

344 2431 588 2485 univoce
618 2428 917 2484 hominem
949 2427 1202 2483 dicimus
1235 2428 1505 2484 humanae
1538 2434 1759 2484 natura:
1790 2446 1983 2501 respe-

344 2525 461 2575 ctu.
497 2521 640 2573 ltem
684 2517 1179 2589 quemadmodum
1230 2534 1364 2573 eum
1414 2517 1637 2573 homini
1668 2518 1987 2573 tribuimus

345 2606 621 2663 animalis
653 2622 885 2672 nomen,
934 2606 1136 2661 eadem
1184 2606 1406 2661 utimur
1444 2623 1599 2671 voce,
1632 2611 1807 2678 atque
1838 2607 1886 2662 si
1919 2607 1989 2662 de

345 2712 495 2767 equo
555 2694 642 2749 vel
691 2694 965 2766 quopiam
1017 2693 1128 2750 alio
1179 2694 1419 2750 animali
1453 2712 1644 2751 sermo
1676 2702 1851 2764 esset,
1888 2712 1988 2752 nec

344 2792 536 2841 tamen
577 2782 844 2855 protinus
892 2781 1141 2854 quodvis
1190 2782 1407 2838 animal
1456 2788 1546 2839 est
1596 2783 1771 2839 etiam
1816 2783 1989 2839 ratio-

347 2873 475 2929 nale
510 2890 523 2928 :
559 2872 641 2928 ita
670 2872 845 2928 etiam
876 2871 1170 2927 Christum
1217 2872 1458 2928 univoce
1498 2872 1862 2943 appellamus
1894 2873 1992 2928 ho-

351 2963 590 3030 minem,
620 2977 734 3017 non
765 2963 961 3017 tamen
995 2960 1262 3032 protinus
1294 2960 1484 3031 quivis
1514 2961 1688 3017 homo
1719 2966 1807 3017 est
1835 2962 1993 3019 Chri-

350 3056 495 3105 stus.
524 3052 665 3105 ltem
698 3049 850 3104 sicut
881 3048 1161 3103 rationale
1187 3066 1320 3103 cum
1342 3049 1582 3105 animali
1614 3051 1992 3120 conjunctum

346 3138 520 3192 homo
551 3136 799 3204 exsistit,
848 3154 950 3192 nec
1006 3136 1250 3207 tollitur,
1283 3139 1436 3209 quod
1498 3139 1575 3194 sit
1616 3140 1831 3195 animal
1868 3158 1880 3195 :
1914 3140 1994 3195 ita

2098 1904 2240 1965 στός·
2295 1903 2337 1958 εἰ
2404 1904 2480 1975 μὴ
2557 1904 2867 1976 ὁμωνύμως
2922 1903 2984 1957 τὸ
3039 1902 3173 1957 αὑτὸ
3229 1907 3390 1956 τοῦτο
3439 1899 3751 1977 ἄνθρωπος.

2097 1994 2244 2065 Ὀρθ.
2282 1991 2584 2055 ΙΙλανᾶσθε’
2620 1992 2682 2046 οὐ
2730 1991 2833 2066 γὰρ
2886 1997 2988 2053 πᾶς
3039 1990 3318 2066 ἄνθρωπος
3348 1990 3565 2065 χοϊκός.
3602 1990 3749 2045 Ἐδί-

2096 2079 2218 2151 δαξε
2245 2082 2348 2157 γὰρ
2395 2083 2544 2154 ἡμᾶς
2574 2083 2608 2149 ἡ
2642 2082 2825 2157 Γραφή
2875 2080 2966 2135 καὶ
3016 2080 3362 2154 ἐπουρανίους
3401 2080 3753 2155 ἀνθρώπους,

2096 2171 2140 2225 εἰ
2174 2170 2261 2224 καὶ
2298 2172 2370 2243 μή
2404 2174 2472 2243 τῇ
2504 2170 2678 2245 φύσει,
2729 2167 2873 2223 ἀλλά
2919 2173 2995 2240 τῷ
3023 2168 3233 2241 τρόπῳ,
3267 2167 3523 2243 λέγουσαν
3563 2194 3585 2219 ι
3621 2171 3756 2229 Dio:

2097 2260 2124 2313 6
2155 2258 2495 2331 ἐπουράνιος,
2525 2262 2769 2313 τοιοῦτοι
2818 2258 2907 2312 καὶ
2956 2258 3006 2312 οἱ
3057 2256 3391 2333 ἐπουράνιοι,
3421 2280 3450 2309 n
3506 2256 3761 2311 Συνωνύ-

2101 2366 2216 2418 μως
2264 2342 2320 2400 δὲ
2366 2347 2530 2416 ἡμεῖς
2574 2345 2664 2399 τὸν
2714 2345 2941 2421 Χριστὸν
2991 2341 3278 2419 ἄνθρωπον
3330 2344 3565 2419 λὲγομεν
3622 2345 3765 2399 κατᾶ

2092 2436 2192 2503 τὴν
2256 2433 2668 2509 ἂνιθρωπότητα.
2731 2434 2826 2488 Καὶ
2887 2432 3066 2508 ὥσπερ
3129 2439 3265 2502 ζῶον
3322 2435 3415 2488 τὸν
3468 2432 3759 2507 ἄνθρωπον

2098 2522 2369 2599 λέγοντες,
2403 2521 2731 2595 συνωνύμως
2778 2527 2856 2593 τῷ
2894 2521 3051 2595 ἵππῳ
3144 2523 3235 2576 καὶ
3288 2520 3454 2595 ἑτέρῳ
3494 2522 3602 2577 τινὶ
3654 2526 3765 2575 τῶν

2100 2612 2253 2681 ζώων
2287 2610 2536 2685 λὲγομεν,
2586 2611 2647 2665 οὐ
2696 2611 2909 2673 πάντως
2961 2608 3018 2666 δὲ
3065 2612 3152 2665 καὶ
3186 2610 3408 2687 λογικὸν
3441 2618 3545 2665 πᾶν
3598 2616 3760 2679 ζῶον·

2098 2699 2270 2761 οὕτως
2301 2699 2390 2754 καὶ
2439 2698 2525 2754 ἐὰν
2573 2696 2811 2772 εἶ’πωμεν
2862 2700 3193 2771 συνωνύμως
3242 2700 3334 2753 τὸν
3378 2699 3614 2774 Χριστὸν
3667 2696 3762 2752 ἄν·

2100 2790 2315 2863 Θρωπον
2351 2832 2364 2856 ,
2428 2787 2488 2842 οὐ
2544 2789 2757 2849 πάντως
2811 2794 2915 2850 πᾶς
2973 2789 3258 2863 ἅνθρωπος
3314 2787 3547 2863 Χριστός
3582 2830 3596 2845 .
3657 2786 3763 2844 Καὶ

2100 2876 2280 2951 ὥσπερ
2337 2876 2398 2931 τὸ
2457 2876 2875 2949 συνταττόμενον
2936 2879 3052 2949 (86)
3102 2874 3325 2949 λογικὸν
3382 2881 3461 2947 τῷ
3516 2876 3644 2945 ζώῳ
3674 2874 3763 2928 ἅν-

2099 2965 2315 3039 θρωπός
2350 2964 2512 3034 ἐστιν,
2564 2965 2663 3020 οὐκ
2708 2966 3001 3040 ἀναιρεῖται
3056 2969 3193 3033 ζῶον
3226 2967 3383 3019 εἶναι’
3429 2964 3607 3025 οὕτως
3638 2986 3763 3018 συν-

2099 3054 2423 3126 ταττόμενος
2466 3056 2619 3123 Θεὸς,
2659 3055 2748 3108 καὶ
2799 3052 3299 3125 συμπιστευὸμενος
3349 3053 3558 3127 λογικῷ
3612 3054 3761 3124 ζῴῳ,

2106 3144 2333 3215 Χριστὸς
2384 3144 2742 3216 ὁμολογεῖται
2791 3143 2879 3197 καὶ
2929 3142 3270 3197 πιστεύεταιυ
3326 3141 3413 3195 καὶ
3464 3141 3565 3196 οὐκ
3614 3142 3762 3196 ἀναι-

344 3231 495 3281 Deus
544 3224 891 3295 conjunctus
935 3231 990 3280 et
1041 3243 1157 3281 una
1186 3227 1446 3282 creditus
1478 3244 1609 3283 cum
1632 3228 1869 3284 animali
1905 3247 1991 3284 ra-

2107 3236 2275 3307 ρεῖται
2323 3231 2603 3305 ἄνθρωπος
2658 3231 2812 3299 εἶναι,
2861 3229 2986 3285 ἁλΛ’
3037 3228 3177 3284 ἔστιν
3226 3231 3253 3284 6
3305 3229 3466 3290 αὐτὸς
3510 3230 3643 3290 Θεὸς
3673 3230 3767 3282 καὶ

343 3313 541 3369 tionali
572 3313 910 3385 agnoscitur
939 3318 995 3368 et
1023 3314 1282 3369 creditur
1323 3332 1451 3371 esse
1484 3316 1768 3383 Christus,
1803 3336 1992 3391 neque

341 3402 585 3466 tollitur,
619 3401 772 3472 quod
799 3400 876 3456 sit
907 3401 1101 3471 homo,
1136 3403 1236 3457 sed
1272 3403 1423 3458 idem
1456 3409 1543 3459 est
1574 3406 1723 3460 Deus
1753 3413 1806 3462 et
1840 3407 2034 3464 homo.

413 3490 465 3543 5.
500 3489 675 3561 Apoll.
719 3489 827 3553 Qui
876 3490 977 3544 dat
1006 3494 1350 3560 potestatem
1384 3496 1447 3546 ut
1487 3493 1619 3563 quis
1668 3495 1770 3549 ﬁat
1812 3497 1992 3552 Filius

346 3578 445 3634 Dei
481 3592 845 3647 nequaquam
880 3581 937 3632 et
966 3577 1091 3649 ipse
1123 3578 1313 3633 factus
1344 3585 1434 3635 est
1462 3580 1664 3637 filius.
1699 3585 1765 3637 At
1793 3585 1993 3641 Chris-

345 3670 440 3721 tus
472 3666 592 3721 dat.
618 3658 744 3721 Non
776 3670 864 3721 est
892 3664 1075 3739 igitur
1106 3667 1294 3723 factus
1314 3667 1515 3735 Filius,
1540 3670 1639 3725 sed
1672 3675 1883 3729 natura
1910 3674 1993 3729 Fi-

346 3753 463 3807 lius
496 3756 602 3808 est.
637 3752 789 3808 Orlh.
825 3753 949 3809 Non
982 3757 1071 3809 est
1096 3770 1237 3809 sane
1267 3753 1479 3824 tactus,
1510 3756 1609 3811 sed
1635 3762 1844 3814 natura
1873 3765 1997 3814 erat

346 3841 528 3897 Filius
558 3841 679 3897 Dei.
716 3841 926 3898 Factus
966 3845 1055 3898 est
1096 3846 1290 3898 autem
1336 3842 1518 3899 Filius
1573 3844 1830 3901 hominis
1884 3849 1998 3906 Nec

347 3932 503 3987 enim
537 3930 590 3986 id
623 3935 766 3998 erat,
805 3935 863 3987 et
894 3931 1084 3987 factus
1114 3936 1202 3987 est
1230 3933 1381 4003 quod
1440 3950 1553 3989 non
1610 3939 1753 4003 erat,
1786 3941 1850 3991 ut
1897 3954 2000 4011 per

347 4038 479 4076 eum
514 4020 565 4073 id
602 4020 969 4076 efﬁceremur
993 4021 1278 4089 moribus,
1299 4022 1451 4093 quod
1475 4022 1601 4095 ipse
1630 4029 1718 4080 est
1748 4029 1993 4082 natura:

350 4114 554 4179 estque
586 4108 742 4164 idem
778 4110 925 4165 Deus
956 4115 1012 4165 et
1042 4117 1238 4165 homo.

417 4199 470 4250 6.
512 4197 696 4265 Apoll.
755 4197 963 4253 Nullus
1020 4199 1193 4254 homo
1250 4200 1478 4256 exsistit
1535 4208 1667 4257 ante
1720 4219 1839 4272 eos,
1898 4204 2000 4276 qui

349 4290 516 4341 astate
561 4284 754 4356 ipsum
806 4287 1141 4357 praecedunt
1176 4305 1187 4343 :
1220 4288 1486 4345 Christus
1536 4296 1730 4347 autem
1781 4292 2002 4348 exstitit

352 4379 485 4430 ante
516 4390 635 4444 cos,
655 4374 753 4444 qui
786 4376 1147 4431 seecunduin
1179 4394 1411 4433 carnem
1434 4377 1631 4452 ipsum
1662 4385 1829 4436 aztate
1859 4399 2001 4454 pras-

351 4466 673 4519 cesserunt.
715 4463 839 4517 Non
891 4468 980 4518 est
1026 4463 1206 4536 igitur
1262 4466 1457 4535 homo,
1513 4468 1621 4524 nisi
1672 4472 1996 4527 secundum

2101 3320 2400 3395 ἄνθρωπος.

2171 3501 2224 3555 5.
2280 3495 2518 3555 Ἀπολλ.
2568 3499 2629 3555 Ὀ
2679 3495 2862 3559 διδοὺς
2921 3495 3159 3567 ὲξουσῖαν
3220 3497 3373 3550 τέκνα
3431 3500 3565 3551 Θεοῦ
3615 3494 3769 3571 γενέ-

2105 3598 2245 3655 σθαι,
2278 3586 2410 3661 οὐχὶ
2441 3586 2528 3641 καὶ
2557 3586 2715 3649 αὐτὸς
2757 3586 2962 3660 γέγονε.
2995 3585 3226 3660 Χριστὸς
3276 3581 3334 3638 δὲ
3384 3581 3630 3638 δίδωσιν⁸
3666 3584 3770 3638 οὐκ

2110 3671 2212 3748 ἄρα
2262 3673 2472 3749 γέγονεν
2534 3675 2680 3741 Υἱὸς,
2723 3671 2846 3728 ἀλλ’
2906 3672 3016 3728 ἔστι
3074 3677 3142 3746 τῇ
3200 3672 3374 3749 φύσει.
3435 3674 3583 3745 Ὀρθ.
3646 3672 3769 3733 Υἱὸς

2111 3766 2244 3815 Θεοῦ
2275 3760 2336 3815 οὐ
2367 3763 2603 3838 γέγονεν,
2634 3760 2762 3816 ἀλλ’
2809 3763 2874 3831 ἦν
2932 3765 3001 3835 τῇ
3051 3760 3227 3839 φύσει.
3279 3761 3399 3822 Υἱὸς
3450 3757 3508 3815 δὶ
3551 3761 3763 3835 ἀνθρώ-

2106 3871 2211 3905 που
2252 3852 2486 3925 γὲγονεν.
2547 3851 2623 3908 Οὐ
2679 3850 2782 3927 γὰρ
2840 3851 2935 3919 ἦν,
2990 3851 3080 3904 καὶ
3140 3848 3370 3925 ἐγένετο,
3428 3850 3457 3903 ’ὀ
3515 3848 3617 3903 οὐκ
3674 3852 3764 3917 ἦν,

2100 3935 2192 3993 ’ἱνα
2241 3942 2389 4011 ἡμᾶς
2440 3943 2519 4010 τῷ
2573 3939 2762 4013 τρόπῳ
2817 3940 3025 4012 ποιήσῃ
3077 3938 3349 4014 γενέσθαι,
3395 3936 3423 3990 ὃ
3470 3935 3633 3998 αὐτὸς
3697 3938 3764 4006 ἦν

2108 4027 2197 4080 καὶ
2228 4023 2338 4080 ἔστι
2370 4031 2438 4101 τῇ
2502 4028 2674 4105 cpias?
2727 4027 2815 4082 καὶ
2876 4024 3016 4081 ἔστιν
3051 4027 3079 4079 ὁ
3129 4025 3289 4086 αὐτὸς
3350 4024 3477 4085 ε-εὸς
3526 4023 3618 4078 καὶ
3678 4025 3770 4077 ἄνα

2111 4126 2350 4186 θρωπος.

2177 4209 2213 4259 6
2292 4206 2393 4260 Ἀ-
2432 4203 2492 4260 λ)
2614 4200 2802 4261 οπδτρ
2871 4202 2883 4219 ’
2966 4204 3028 4239 μ’
3348 4214 3367 4219 γ·
3436 4204 3446 4219 '
3659 4206 3727 4234 -υ

2220 4248 2231 4260 .
2362 4226 2424 4258 ..ο
2492 4245 2502 4259 .
2540 4248 2553 4261 .
2665 4226 2689 4257 .)
2729 4225 2801 4265 ε...
2861 4216 3159 4274 ανομωπων
3232 4222 3580 4277 προυπαρχει
3670 4222 3768 4256 κων

2110 4288 2483 4368 πρεσϐυτέρων
2550 4291 2712 4347 αὑτοῦ
2750 4311 2760 4322 ·
2814 4292 3043 4367 Χριστὸς
3124 4289 3179 4345 δὲ
3255 4290 3600 4365 προυπάρχει
3661 4296 3769 4344 τὼν

2107 4382 2241 4436 κατά
2292 4383 2462 4455 σάρκα
2507 4376 2885 4456 πρεσϐυτέρων
2924 4400 2935 4412 ·
2972 4380 3071 4434 οὐκ
3119 4377 3222 4455 ἄρα
3269 4377 3575 4454 ἅνθρωπος,
3607 4378 3655 4433 εἶ
3693 4380 3771 4450 μή

2106 4471 2241 4526 κατὰ
2298 4470 2484 4546 σάρκα.
2538 4471 2689 4543 Ὀρθ.
2750 4470 2977 4545 Χριστὸς
3032 4470 3166 4524 κατὰ
3219 4470 3320 4537 τὴν
3372 4466 3773 4543 ἀνθρωπνίτητα

351 4568 606 4607 carnem.
640 4557 785 4607 Orth.
815 4550 1104 4620 Christus,
1131 4552 1178 4607 si
1211 4553 1527 4610 humanam
1563 4562 1831 4613 naturam
1866 4576 1991 4631 spe-

2107 4559 2167 4615 οὐ
2216 4561 2561 4635 προυπάρχει
2606 4563 2713 4613 τῶν
2760 4559 2895 4613 κατὰ
2937 4559 3033 4626 τὴν
3084 4557 3477 4633 ἁνΘρωπότ-ῃα
3528 4551 3773 4628 πρεσϐυο

350 4644 492 4707 ctes,
521 4658 631 4697 non
657 4640 885 4697 exsistit
905 4645 1037 4697 ante
1060 4658 1178 4710 eos,
1206 4643 1302 4714 qui
1326 4645 1651 4700 secundum
1675 4646 1995 4703 humanam

351 4735 625 4786 naturam
658 4730 895 4787 fuerunt
923 4730 1048 4802 ipso
1080 4731 1339 4789 seniores
1372 4750 1383 4788 :
1418 4734 1517 4789 sed
1552 4735 1705 4806 quod
1749 4736 1816 4790 ad
1873 4737 1992 4791 dei-

349 4824 529 4874 tatem
560 4819 786 4888 attinet,
839 4819 1058 4875 exstitit
1089 4838 1200 4877 non
1238 4822 1408 4877 modo
1439 4827 1573 4877 ante
1602 4840 1722 4889 eos,
1771 4824 1867 4896 qui
1899 4843 1991 4881 se-

349 4909 608 4963 cundum
670 4923 904 4964 carnem
965 4908 1201 4965 fuerunt
1256 4909 1382 4982 ipso
1441 4910 1719 4979 seniores,
1766 4930 1996 4969 verum-

350 4997 525 5053 etiam
574 5002 708 5053 ante
755 4997 952 5053 omnia
985 4998 1207 5067 saecula,
1245 5003 1308 5054 ut
1331 5000 1429 5073 qui
1464 5000 1541 5056 sit
1570 5017 1771 5057 eorum
1820 5002 1995 5059 Deus.

350 5087 498 5158 Ergo
531 5103 643 5142 non
679 5085 789 5143 luit
817 5086 1082 5143 Christus
1114 5093 1248 5144 ante
1279 5089 1542 5158 Mariam,
1576 5092 1730 5162 quod
1763 5092 1831 5146 ad
1874 5109 1998 5148 car-

347 5192 481 5232 nem
513 5174 739 5232 attinet.
770 5177 1070 5243 Quomodo
1101 5177 1260 5233 cuim
1290 5183 1424 5235 ante
1458 5179 1650 5250 ipsam
1693 5180 1999 5249 exstiterit,

419 5410 462 5445 ⁸⁸
497 5409 668 5466 Hebr.
703 5426 764 5480 ιι,
800 5409 884 5464 lli.
962 5409 1007 5444 ⁸⁸
1038 5412 1062 5463 Ι
1094 5408 1223 5465 Cor.
1254 5425 1347 5479 xv,
1381 5409 1469 5464 48.

423 5645 532 5713 (86)
567 5643 771 5712 Palat,
804 5640 865 5696 τὸ
896 5638 1075 5716 ὥσπερ
1107 5640 1552 5715 συνταττόμενον.

2106 4647 2274 4722 τέρων
2327 4647 2523 4701 αὐτοῦ’
2588 4646 2931 4722 προϋπάρχει
2993 4643 3049 4700 δὲ
3103 4646 3237 4699 κατὰ
3294 4646 3391 4712 τὴν
3446 4644 3678 4715 θεότητα
3710 4644 3771 4698 οὐ

2104 4741 2212 4791 τῶν
2248 4737 2384 4791 κατὰ
2439 4735 2607 4811 σάρκα
2660 4730 3034 4811 πρεσϐυτέρων
3249 4734 3437 4806 μόνον,
3484 4730 3630 4788 ἀλλὰ
3682 4737 3771 4789 καὶ

2105 4827 2323 4879 πάντων
2377 4829 2485 4878 τῶν
2546 4824 2779 4894 αἰώνων,
2814 4825 2943 4885 Θεὸς
2993 4820 3065 4877 ὢν
3115 4822 3309 4878 αὐτῶν.
3338 4821 3447 4876 Οὐκ
3496 4820 3598 4896 ἄρα
3639 4823 3772 4895 Χρι-

2109 4915 2232 4976 στὸς
2294 4914 2428 4968 κατᾶ
2486 4913 2656 4989 σάρκα
2710 4910 2815 4986 πρὸ
2861 4919 2959 4981 τῆς
3011 4911 3245 4987 Μαρίας.
3287 4915 3409 4973 Πῶς
3459 4911 3563 4984 γὰρ
3610 4909 3675 4964 τὸ
3728 4911 3776 4982 ἐξ

2110 5002 2278 5069 αὐτῆς
2311 5001 2391 5072 ὃν,
2426 5002 2529 5074 πρὸ
2574 5000 2738 5070 αὐτῆς
2794 5000 3023 5075 ὑπάρχει
3052 5020 3065 5070 ;
3097 5000 3443 5075 προυπαρχει
3494 4995 3553 5053 δὲ
3600 4999 3772 5066 αὐτῆς

2112 5096 2327 5160 θεϊκῶς,
2362 5092 2488 5151 Θεὸς
2541 5087 2614 5143 ὢν
2666 5090 2854 5158 αὐτῆς·
2888 5089 2978 5143 καὶ
3030 5087 3170 5143 ἔστιν
3223 5090 3251 5143 ὁ
3302 5087 3484 5156 αὐτὸς,
3516 5087 3594 5148 ὡς
3645 5088 3778 5148 Θεὸς

2113 5181 2508 5254 προυπαρχων,
2543 5178 2629 5233 καὶ
2664 5177 2737 5241 ὡς
2764 5174 3045 5254 ἅνθρωπος
3074 5176 3126 5248 ἐξ
3156 5176 3345 5247 αὐτῆς.

2183 5649 2293 5721 (87)
2328 5641 2712 5723 Πρεσευτὲρων
2743 5646 2909 5704 abest
2939 5662 2973 5705 a
3004 5663 3145 5703 mss.
